4106 6446
520 491 534 514 1

617 617 844 680 sitionum
869 629 934 667 ex
970 614 1174 680 Epistola
1207 612 1268 664 ad
1308 619 1391 664 lto-

624 692 793 729 manos
815 678 942 729 liber
964 678 1107 729 unus.

560 743 876 804 Expositionis
899 740 1120 804 Epistolas
1160 737 1290 791 Pauli
1326 737 1388 787 ad

616 803 800 852 Galatas
820 803 946 853 liber
966 817 1110 854 unus.

1447 673 1541 726 367

1450 799 1544 850 376

561 866 923 916 Adnotationuin
950 866 998 914 in
1021 867 1110 915 Job
1127 864 1255 914 liber
1271 875 1416 912 unus.
1449 862 1546 913 393

881 943 930 978 IN
951 943 1223 978 ΔΡΡΕΠΙΙΩΕ.

559 990 735 1098 Vifinti
774 990 920 1040 unius
963 992 1320 1040 sententiarum
1359 985 1420 1036 li-

639 1053 744 1098 iber
766 1065 908 1098 unus.

655 1053 744 1100 ber
766 1065 908 1102 unus.

555 1115 812 1178 Sexaginta
834 1115 1049 1178 quinque
1070 1119 1390 1175 Qtuestionum

615 1175 853 1237 dialogus.

555 1241 874 1298 Quaestionum
898 1239 1088 1289 veteris
1110 1246 1163 1290 et
1183 1242 1392 1292 sovi'l'e-

618 1303 818 1350 tamenti
842 1299 966 1350 liber
990 1314 1132 1352 unus.

554 1363 1017 1473 Dedmtjncarnatione
1078 1364 1224 1415 verbi
1276 1363 1389 1417 libri

651 1438 730 1474 110.

553 1491 623 1536 De
644 1487 874 1536 trinitate
889 1493 940 1536 et
959 1487 1145 1538 Unitate
1159 1488 1246 1537 Dei
1261 1487 1390 1540 liber

616 1561 758 1599 unus.

554 1617 622 1660 De
668 1612 882 1661 Essentia
935 1611 1200 1662 Divinitatis
1264 1610 1390 1663 liber

615 1686 757 1723 unus.
1211 1717 1219 1726 .

552 1739 620 1784 De
645 1736 756 1785 Fide
776 1747 943 1784 rerum
977 1734 1288 1786 invisibilium
1325 1735 1388 1788 li-

614 1797 868 1846 hermus.

551 1864 622 1909 De
645 1859 914 1908 Snbstantia
949 1857 1225 1910 Dilectionis
1261 1860 1388 1912 liber

615 1933 757 1970 unus.

552 1987 619 2031 De
641 1991 761 2031 Vera
785 1989 838 2032 et
867 1979 998 2032 Falsa
1031 1985 1314 2035 mentientia
1335 1983 1390 2035 li-

617 2045 707 2093 ber
729 2056 869 2093 unus.

551 2110 623 2168 De
663 2105 955 2157 salutaribus
983 2109 1292 2163 Documean
1309 2107 1388 2168 ,11-

611 2167 704 2217 ber
725 2181 866 2217 unus.

550 2235 622 2280 De
643 2231 856 2280 Amican
880 2231 1008 2280 liber
1030 2245 1174 2280 unus.

837 2298 984 2341 τοΜο
1019 2300 1230 2352 omam.

550 2353 844 2419 i)e__(_:iv7itate_
864 2354 950 2419 Dei
960 2361 1139 2419 contra
1172 2363 1388 2419 Paganos

613 2413 727 2466 libri
752 2416 921 2479 viginti
943 2416 1058 2466 duo.

867 2493 916 2528 IN
947 2493 1219 2528 Διιηιωιαι.

549 2540 912 2602 Castigationes.

550 2600 744 2651 Joannis
760 2600 977 2652 Ludovici
989 2601 1118 2652 Vivis
1135 2610 1386 2653 Commen-

611 2663 748 2713 mia.

859 2731 1007 2775 T0\l0
1027 2732 1214 2776 SEXTO.

549 2793 617 2837 De
639 2787 913 2836 Hieresibus
927 2787 987 2836 ad
1003 2787 1388 2847 Quodvultdeum

610 2847 738 2898 liber
760 2861 901 2898 unus.

548 2916 618 2961 De
639 2913 858 2974 quinque
881 2913 1156 2974 Hzeresihus
1175 2914 1349 2963 oratio.

552 2973 726 3023 Concio
747 2973 808 3022 ad
829 2973 1226 3025 catechumenos.

549 3035 710 3086 Oratio
732 3035 965 3084 adversus
981 3035 1190 3086 Judzeos.

546 3101 616 3147 De
637 3095 844 3147 Utilitate
866 3097 1104 3146 Credendi
1135 3098 1197 3149 ad
1226 3105 1385 3149 Hono-

608 3165 767 3209 ratum
789 3157 916 3208 liber
929 3171 1071 3208 unus.

547 3227 718 3270 Contra
737 3221 988 3283 Epistolam
1011 3222 1252 3283 Μειῃίὠωί
1269 3227 1386 3272 Fun-

609 3281 892 3332 demeritum
901 3282 1075 3332 dictaui
1097 3281 1225 3334 liber
1237 3296 1379 3332 unus.

549 3351 618 3396 De
640 3345 830 3393 Duabus
846 3346 1100 3395 Animabus
1109 3352 1278 3396 contra
1296 3351 1384 3395 Ila-

613 3405 824 3456 nichaeos
845 3403 972 3454 liber
989 3419 1132 3456 unus.

547 3475 718 3518 contra
737 3471 1047 3518 Fortunatum
1076 3468 1385 3520 Itanichaium

612 3529 739 3579 liber
760 3543 902 3579 unus.

548 3597 719 3642 Contra
735 3593 1032 3642 Adimantum
1048 3594 1292 3644 Μαιλίοὴωὶ
1313 3592 1385 3643 di-

609 3653 846 3715 scipulum
869 3653 997 3710 liber
1016 3667 1160 3705 unus.

547 3715 788 3766 Adversus
826 3723 1046 3766 Faustum
1082 3716 1388 3769 Manicheum

611 3777 720 3826 libri
739 3778 936 3840 triginta
955 3787 1076 3830 tres.

547 3845 618 3890 De
639 3841 766 3888 'Actis
787 3848 899 3889 Cum
925 3841 1089 3891 Felice
1132 3841 1386 3894 lianichteo

615 3899 725 3950 libri
749 3901 864 3950 duo.

637 3914 725 3950 ωτι
749 3914 864 3951 auo.

550 3961 754 4026 Epistola
777 3962 1031 4013 Secundini
1061 3965 1302 4019 Hanichtei
1324 3966 1384 4017 ad

613 4026 942 4087 Augustinum.

549 4094 720 4138 Contra
741 4087 1060 4137 Secundinum
1079 4088 1385 4140 Manicheum

611 4149 736 4198 liber
751 4162 894 4200 unus.

557 4219 623 4262 De
668 4218 839 4261 Natura
884 4212 998 4261 Doni
1035 4217 1204 4264 contra
1248 4214 1388 4264 mani-

615 4273 777 4324 clueos
799 4273 926 4324 liber
945 4287 1090 4324 unus.

551 4343 622 4387 De
642 4335 754 4386 Fide
777 4349 869 4386 seu
883 4335 949 4386 de
971 4337 1160 4388 Unitate
1181 4339 1387 4389 Trinita-

614 4399 678 4449 tis
697 4403 864 4449 oontra
883 4398 1180 4449 Manichaaos.

550 4467 747 4526 Contra_
769 4462 1104 4526 Adversarium
1135 4462 1294 4526 7Legis
1335 4467 1386 4512 et

614 4522 954 4584 Prolilietarum
987 4523 1097 4572 libri
1119 4521 1233 4573 duo;

551 4583 724 4649 Contra
745 4583 1123 4649 i'risciiliauistas
1142 4592 1198 4636 et
1217 4586 1386 4649 Orige-

615 4647 765 4696 nistas
788 4645 912 4695 liber
932 4659 1074 4696 unus.

551 4713 716 4757 Sermo
727 4709 1015 4781 .Arianorum
1030 4707 1282 4760 distinctus
1293 4721 1386 4760 nu-

615 4783 782 4820 meris.

553 4838 736 4899 contra.
783 4838 1067 4882 Sermonem
1108 4833 1386 4884 Arianorum

621 4893 744 4944 liber
765 4906 909 4944 unus.

554 4963 726 5008 Contra
765 4957 1068 5008 Maximinum
1111 4957 1387 5007 Arianorum

621 5018 896 5081 episcOpum
921 5018 1027 5067 libri
1052 5025 1170 5069 tres.

563 5087 632 5132 De
658 5081 842 5130 unitate
863 5081 1105 5131 Trinitatis
1123 5088 1290 5132 contra
1307 5088 1390 5132 Fe-

617 5143 838 5194 licianum
861 5141 987 5192 liber
1007 5156 1150 5194 unus.

554 5212 624 5257 De
645 5211 771 5254 Bono
793 5201 1031 5267 coniugali
1065 5212 1235 5256 Contra
1269 5207 1392 5256 Jovi-

579 5271 586 5280 ‘
618 5267 814 5316 nianum
833 5265 959 5316 liber
981 5279 1123 5316 unus.

555 5337 622 5380 De
633 5337 798 5380 Sancta
815 5329 1096 5390 virginitate
1106 5327 1234 5380 liber
1247 5341 1386 5380 unus.

553 5399 630 5456 De
646 5391 940 5456 Adulterinis
959 5392 1197 5456 Conjugiis
1211 5392 1269 5444 ad
1293 5391 1390 5443 Pol-

615 5453 817 5506 lentium
837 5453 944 5504 libri
965 5452 1080 5504 duo.

559 5523 629 5568 De
651 5517 896 5581 Epicureis
937 5522 994 5566 et
1029 5516 1194 5566 Stoicis
1216 5524 1390 5570 tracta-

616 5584 695 5628 tus
725 5591 867 5630 unus.

557 5646 612 5692 In
643 5639 780 5698 illud.
802 5650 898 5706 Ego
917 5653 1025 5692 sum
1045 5638 1128 5707 qui
1147 5654 1272 5705 smn,
1290 5651 1387 5694 tra-

617 5709 775 5754 ctatus
793 5716 937 5754 unus.

861 5781 910 5816 IN
941 5781 1088 5817 ΔΡΡΕΝ
1093 5783 1198 5818 DIC!
1205 5805 1214 5818 .

552 5832 624 5879 De
641 5825 962 5896 Altercatione
984 5828 1206 5881 Ecclesiae
1229 5836 1280 5881 et
1307 5835 1382 5896 Sy-

613 5887 967 5954 nagoaelibcr
997 5904 1142 5944 unus.

1447 1048 1540 1100 417
1562 1048 1573 1114 |
1595 1049 1812 1114 Append.

1449 1174 1545 1226 420

1450 1297 1574 1364 4261
1597 1297 1818 1364 Append.

1801 369 1860 431 8.
1895 370 2266 434 AUGUSTINI
2299 359 2580 432 01⁵1111011

793 487 947 542 [ditio
973 488 1301 542 laniem.
1427 487 1680 556 1³11841111.
1703 500 1848 541 nova.
1869 497 2004 541 Tom.
2028 498 2141 556 Pag.

1877 677 2149 730 mm

2021 802 2148 852 2105

2051 864 2150 915 825

1909 1056 1963 1098 v1
2055 1046 2150 1101 725

2056 1172 2152 1224 733

1910 1304 1966 1347 lli
2027 1296 2152 1347 2213

1450 1421 1573 1486 4921
1595 1422 1814 1486 Append.
1876 1427 1964 1471 Viti
2027 1421 2152 1472 1175

1449 1550 1540 1602 497
1561 1545 1572 1602 Ι
2029 1545 2153 1596 1195

1440 1675 1538 1726 504
1560 1669 1572 1726 Ι
2027 1669 2150 1721 1199

1441 1798 1535 1849 507
1559 1793 1572 1849 Ι
1915 1801 1967 1844 v1
2061 1793 2147 1845 171

1446 1917 1570 1984 5101
1593 1919 1808 1984 Append.
1909 1925 1966 1968 Vt
2058 1917 2154 1970 845

1445 2043 1570 2108 5111
2029 2043 2153 2108 1115

1443 2171 1538 2220 518
1560 2165 1819 2282 lAppend.
1907 2173 1960 2215 Vl
2024 2165 2148 2216 1017

1447 2233 1541 2282 528
2055 2228 2147 2280 851

1890 2421 1963 2464 γιι

1507 2843 1570 2900 5i
1873 2851 1959 2895 vni
2083 2843 2139 2894 9.1

1475 2907 1809 3024 i§l*°°°““°
2021 2907 2143 3021 iiii

1475 3035 1538 3086 50
1559 3031 1567 3086 Ι
1871 3037 1961 3083 Vill
2083 3031 2140 3082 51

1475 3155 1568 3209 541
2081 3155 2146 3206 65

1474 3281 1539 3334 45
1559 3279 1568 3334 Ι
2049 3279 2147 3330 175

1474 3403 1568 3456 581
2083 3403 2147 3454 95

1475 3526 1570 3579 651
2053 3526 2140 3578 111

1475 3651 1540 3702 72
1559 3650 1570 3702 1
2053 3650 2145 3702 129

1477 3775 1570 3854 891
1632 3847 1638 3854 7
2053 3775 2144 3827 207

1443 3905 1538 3958 eos
1559 3899 1570 3958 |
2052 3899 2146 3950 519

1447 4030 1538 4081 217
1560 4022 1571 4081 1
2051 4022 2140 4074 571

1451 4151 1542 4203 219
1563 4146 1571 4203 Ι
2053 4146 2143 4197 577

1447 4275 1542 4326 228
1563 4271 1571 4326 Ι
2053 4271 2141 4322 551

1447 4401 1542 4451 236
1563 4396 1570 4460 |
1595 4397 1806 4460 Append.
1875 4401 1962 4444 Vlll
2025 4396 2146 4446 1159

1444 4523 1537 4576 2-15
1562 4521 1571 4576 1
1870 4526 1960 4571 Vill
2053 4521 2148 4572 603

1447 4646 1570 4700 2681
2053 4646 2146 4696 669

1445 4772 1538 4822 272
1563 4771 1571 4822 Ι
2053 4771 2145 4822 677

1448 4893 1572 4946 2741
2053 4893 2148 4946 685

1447 5018 1573 5071 2851
2054 5018 2145 5069 709

1451 5142 1809 5224 52'5IAppend.
1872 5147 1958 5191 1³111
2021 5142 2142 5193 1157

1449 5455 1542 5506 550
1567 5455 1578 5506 1
1912 5455 1922 5460 ’
2051 5455 2136 5505 451

1447 5580 1540 5631 565

1445 5704 1538 5756 565

1926 5586 1954 5627 ν
2049 5579 2144 5629 808

1901 5663 2145 5754 ’62

1441 5889 1570 5954 5671
1592 5890 1805 5954 Αιηιεηιι.
1865 5897 1956 5940 Vill
2017 5889 2152 5942 usi.

2491 489 2646 542 ﬁnitio
2673 487 3000 541 Dormientis.

2532 621 2683 667 TOIO
2704 620 2944 666 SEPTIHO.

2434 679 2610 727 Prioris
2631 681 2780 742 partis
2791 677 3058 742 dispositio.

2256 737 2468 789 Psalmus
2488 737 2653 803 contra
2672 748 2856 803 partem
2869 737 3063 803 Donati.
3211 741 3242 789 5

2255 808 2426 851 Contra
2464 801 2716 864 Epistolain
2756 805 2920 852 Donati
2964 801 3090 854 liber

2319 877 2444 913 unus
2467 863 2588 926 (non
2610 867 2811 926 exstat).

2255 932 2428 976 Contra
2459 925 2646 988 partem
2667 925 2833 976 Donati
2865 925 2978 976 libri
2997 925 3094 977 duo

2321 988 2440 1048 (non
2461 989 2696 1052 exstant).

2256 1048 2674 1173 CougSHilarium
2695 1048 2822 1102 liber
2845 1051 2964 1114 (non
3003 1062 3095 1101 ex-

2321 1125 2346 1160 s
2443 1150 2454 1160 .

2321 1119 2454 1162 stat).

2257 1171 2428 1223 Contra
2445 1173 2699 1236 Epistolam
2720 1173 3020 1225 Parmeniani
3038 1171 3096 1224 li-

2320 1235 2398 1285 bri
2419 1242 2540 1285 tres.
3217 1235 3252 1285 6

2320 1236 2398 1286 bri
2419 1242 2540 1286 tres.
2774 1287 2781 1294 _
3217 1236 3251 1285 6

2258 1299 2587 1374 Debaptismo
2623 1307 2792 1351 contra
2827 1299 3096 1350 Donatistas

2320 1357 2433 1410 libri
2454 1368 2664 1410 sentem.
3187 1358 3251 1410 52

2321 1368 2433 1411 libri
2454 1368 2664 1424 septem.

2259 1427 2332 1486 De
2343 1429 2494 1486 Unico
2517 1425 2752 1486 Daptismo
2773 1430 2938 1473 contra
2971 1423 3095 1473 Peti-

2320 1483 2499 1534 lianum
2521 1483 2648 1536 liber
2668 1498 2810 1536 unus.
3188 1483 3251 1534 82

2258 1553 2427 1596 Contra
2467 1547 2597 1609 quod
2634 1547 2796 1598 attulit
2841 1547 3097 1598 centurias

2322 1609 2439 1670 (non
2464 1609 2668 1672 exstat).

2258 1677 2431 1782 Caius:
2470 1669 2673 1722 Litteras
2709 1669 2930 1722 Petiliani
2983 1670 3096 1722 libri
3185 1733 3246 1783 89

2341 1747 2365 1781 ι·
2428 1768 2441 1783 .

2320 1739 2441 1785 tres.

2259 1801 2328 1844 De
2347 1797 2534 1846 Unitate
2570 1795 2794 1846 Ecclesiae
2823 1803 2991 1846 contra
3009 1803 3096 1847 Pe-

2321 1857 2475 1908 tiliani
2499 1856 2752 1921 Epistolam
2775 1857 2900 1908 liber
2914 1870 3069 1921 unus.
3154 1857 3242 1906 141

2257 1925 2428 1969 Contra
2452 1920 2779 1983 7Gresconium
2819 1920 3094 1983 grammati-

2320 1994 2428 2045 cum
2452 1979 2564 2031 libri
2586 1979 2847 2045 quatuqr.’
2937 2043 2944 2045 7
3001 1992 3008 1996 ‘
3154 1980 3243 2031 161

2259 2043 2673 2096 Ποδαιίοιιιιωά
2701 2043 3092 2095 testimoniorum

2318 2113 2487 2156 contra
2504 2107 2779 2158 Donatistas
2813 2103 2943 2158 liber
2961 2115 3093 2156 unus

2321 2166 2437 2229 (non
2461 2169 2661 2226 exstat).
3055 2173 3064 2182 ’

2257 2236 2429 2296 contra
2451 2231 2780 2296 nescioquem
2789 2229 3086 2296 Donatistam

2317 2289 2448 2341 liber
2466 2303 2597 2342 unus
2621 2289 2738 2354 (non
2765 2291 2966 2353 exstat).

2258 2353 2525 2404 Admouitio
2597 2351 2949 2404 Donatistarum
3027 2351 3094 2403 de

2314 2417 2677 2466 maximianistis
2695 2455 2709 2477 ,
2778 2415 2904 2466 liber
2966 2426 3095 2465 unus

2319 2477 2437 2539 (non
2461 2480 2663 2540 exstat).
3031 2521 3052 2538 ,

2255 2543 2326 2590 De
2345 2539 2703 2590 Maximianistis
2723 2545 2889 2590 contra
2904 2539 3094 2588 Donati-

2317 2608 2433 2660 stas,
2457 2600 2584 2664 liber
2608 2615 2735 2664 unus
2754 2601 2871 2663 (non
2889 2602 3091 2664 exstat).

2255 2661 2535 2714 Breviculus
2553 2661 2864 2714 collationum
2880 2676 2992 2714 cum
3009 2661 3097 2713 Do-

2316 2725 2507 2776 natistis
2572 2738 2587 2774 :
2644 2724 2839 2776 Collatia
2900 2727 3092 2776 dierum

2318 2787 2479 2835 trium.
3154 2785 3248 2838 215

2253 2848 2463 2910 Epistola
2479 2850 2674 2901 nomine
2688 2850 2922 2900 Cirtensis
2935 2851 3096 2900 conci-

2315 2909 2367 2960 lii
2389 2911 2449 2960 ad
2467 2912 2735 2962 Donatistas
2752 2917 2860 2974 post
2875 2910 3095 2962 cenatio-

2315 2984 2447 3022 nem.
2849 2992 2854 3001 -
3154 2971 3246 3022 250

2253 3034 2692 3085 Postcollationem
2740 3035 2802 3086 ad
2827 3036 3095 3086 Donatistas

2317 3093 2448 3146 liber
2473 3111 2614 3147 unus.
2643 3157 2652 3158 7
2676 3151 2686 3158 _
3154 3095 3247 3158 252

2253 3157 2318 3208 Ad
2343 3160 2603 3223 Emeritnm
2640 3151 2770 3210 liber
2806 3171 2934 3212 unus
2973 3159 3092 3223 (non

2319 3227 2522 3271 exstat).
2851 3227 2856 3252 ⁵

2253 3288 2418 3332 Sermo
2458 3281 2522 3333 de
2559 3283 2772 3346 Emerito
2793 3282 2856 3333 ad
2891 3281 3093 3346 plebem

2314 3346 2638 3396 Caesareensis
2660 3341 2905 3396 Ecclesia:
3146 3341 3239 3394 247

2252 3413 2321 3456 De
2343 3409 2498 3457 Gestis
2535 3420 2647 3457 cum
2685 3406 2862 3460 eodem
2883 3406 3092 3458 Emerita

2315 3466 2440 3518 liber
2455 3482 2598 3520 unus.
3145 3465 3238 3519 250

2253 3527 2324 3578 De
2365 3531 2678 3581 Correctione
2734 3531 3083 3582 Donatistarum

2318 3595 2470 3653 (tonio
2489 3593 2537 3650 2,
2563 3605 2676 3656 pag.
2701 3593 2803 3656 79).

2253 3649 2440 3717 Contra
2462 3649 2716 3717 Epistolam
2743 3649 2995 3708 Gaudentii
3036 3651 3095 3700 li-

2305 3717 2393 3766 ‘bri
2414 3715 2528 3768 duo.

2580 3793 2631 3829 IN
2653 3793 2907 3829 AWDICE

2252 3844 2424 3904 Contra
2457 3839 2762 3904 Fulgentium
2792 3841 3087 3892 Donatistam

2317 3900 2444 3952 liber
2466 3900 2630 3966 umis,
2797 3963 2805 3966 7
2899 3961 2906 3966 7

2376 3965 2662 4014 Posterioris
2683 3963 2838 4025 partis
2861 3963 3095 4017 otencnns

2253 4029 2323 4072 De
2361 4033 2664 4076 Peccatorum
2699 4025 2886 4075 meritis
2919 4031 2974 4074 et.
3009 4035 3082 4074 re-

2315 4087 2544 4137 missione
2563 4087 2672 4137 libri
2695 4095 2813 4136 tres.
3145 4083 3237 4134 277

2255 4154 2322 4197 De
2344 4150 2518 4210 Spiritu
2537 4155 2587 4198 et
2601 4150 2772 4198 littera
2795 4147 3080 4210 libertinus.
3141 4142 3236 4198 309

2253 4217 2323 4259 De
2343 4207 2514 4260 natura
2533 4217 2585 4262 et
2604 4210 2761 4261 Gratia
2777 4217 2943 4260 contra
2954 4207 3084 4260 Pela-

2313 4272 2501 4334 gianos.
2589 4333 2596 4334 7
2726 4333 2738 4334 7
2955 4289 2962 4298 -
3147 4271 3240 4322 510

2254 4333 2502 4384 06605118
2522 4333 2703 4396 Pelagii
2725 4333 2856 4386 liber
2878 4347 3020 4384 unus.
3145 4334 3242 4384 524

2253 4401 2324 4446 De
2357 4397 2514 4447 Gratia
2565 4397 2754 4456 Christi,
2795 4406 2846 4448 et
2887 4402 3088 4446 Peccato

2314 4459 2544 4523 originali
2566 4467 2734 4510 contra
2767 4459 3012 4523 Pelagium
3033 4457 3088 4508 li-

2315 4519 2526 4572 bri'duo.
2882 4519 2904 4523 ⁷
3147 4520 3243 4574 525

2252 4588 2322 4632 De
2345 4585 2528 4646 Nuptiis
2548 4591 2599 4634 et
2617 4583 3008 4646 Concupiscentia
3028 4582 3088 4636 ad

2315 4644 2558 4696 Valerium
2582 4647 2694 4696 libri
2724 4644 2838 4696 duo.
3147 4645 3240 4696 545

2252 4713 2425 4772 Contra
2445 4707 2685 4758 Julianum
2705 4705 3014 4772 Pelagianum
3033 4705 3090 4758 li-

2318 4769 2392 4820 bri
2415 4783 2524 4822 sex.
2822 4769 2843 4772 “
3141 4769 3238 4820 565

2254 4840 2423 4882 comm
2461 4841 2584 4897 Duas
2603 4830 2836 4897 Epistolas
2871 4831 3088 4897 Pelagia-

2316 4906 2486 4944 norum
2511 4896 2620 4945 libri
2641 4893 2864 4958 uuatuor.
2979 4893 3008 4958 7'
3146 4893 3240 4946 450

2252 4961 2322 5006 De
2345 4958 2507 5006 Anima
2539 4965 2592 5008 et
2615 4957 2722 5019 ejus
2742 4959 2942 5022 Origine
2976 4957 3090 5010 libri

2312 5027 2536 5082 quatuor.
2829 5019 2848 5022 ’
3149 5019 3236 5070 481

2254 5086 2321 5128 De
2346 5082 2650 5131 Perfectione
2687 5082 2890 5132 iustitia:
2921 5089 3090 5134 contra

2312 5142 2588 5194 leestium
2611 5141 2738 5192 liber
2759 5155 2902 5193 unus.
3148 5143 3241 5197 508

2252 5211 2319 5254 De
2341 5205 2494 5254 Gratia
2521 5213 2573 5255 et
2595 5205 2766 5256 Libero
2807 5207 3014 5257 Arbitrio
3032 5205 3088 5257 li-

2315 5266 2404 5316 ber
2427 5279 2571 5318 unus.
3147 5267 3238 5320 517

2254 5327 2318 5378 Ad
2341 5328 2644 5392 Valentinum
2671 5335 2725 5379 et
2743 5330 2896 5392 ipsius
2917 5343 3085 5381 mona-

2311 5391 2429 5440 clios
2451 5390 2669 5454 epistola:
2689 5390 2816 5443 duae.
2961 5453 2973 5454 7
3147 5391 3240 5442 528

2253 5459 2320 5502 Dc
2341 5453 2653 5517 (:orreptione
2677 5461 2732 5506 et
2763 5455 2920 5506 Gratia
2959 5453 3086 5510 liber

2313 5528 2454 5566 unus.
2497 5516 2500 5517 ⁷
3144 5516 3231 5567 551

2254 5577 2329 5653 Ad_
2340 5579 2656 5653 Augustinum
2690 5578 2910 5642 ProSperi
2936 5583 2988 5628 et
3009 5577 3086 5627 ili-

2311 5638 2432 5691 larii
2443 5639 2680 5691 epistolae.
2806 5638 2818 5642 ⁷
3145 5638 3240 5690 542

2250 5709 2319 5752 De
2355 5703 2779 5753 Prasdestinatione
2812 5707 3086 5752 Sanctorum

2312 5763 2438 5814 liber
2459 5777 2601 5833 unm}.
2835 5826 2860 5833 7_
3145 5763 3242 5816 546

2251 5834 2318 5877 De
2363 5835 2494 5878 Dono
2527 5825 2909 5879 ﬁerseverantiai
2956 5825 3084 5878 liber

2307 5901 2450 5940 unus.
3144 5887 3238 5943 558

3144 3893 3234 3948 2⁷1
3257 3893 3273 3966 1
3293 3911 3501 3966 appella

3779 375 3852 435 52

3127 492 3272 559 Pag.|
3297 487 3381 540 Ed.
3404 501 3546 542 nova.
3571 496 3707 542 Tom.
3733 501 3846 559 ras.

3762 2786 3858 2857 ωδ

3631 2981 3666 3024 11
3759 2972 3856 3024 577

3607 3103 3663 3146 lx
3755 3098 3851 3148 631

3621 3595 3655 3636 11
3750 3588 3852 3638 792

3599 3719 3657 3762 lx
3753 3710 3852 3762 707

3605 3905 3660 3947 lx
3753 3896 3851 3945 765

3787 5020 3860 5070 75

3755 5269 3854 5320 881

3625 5398 3660 5440 ll
3753 5393 3858 5442 968

3621 5521 3660 5566 Χ
3753 5516 3860 5569 915

3623 5646 3660 5688 11
3723 5639 3862 5693 1002

3618 5769 3653 5814 Χ
3751 5769 3861 5818 959

3755 5895 3858 5948 9J5
