1919 3069
515 175 578 220 ΙΝ
612 175 973 224 OPUSCULUM
1003 178 1271 232 SEQUENS

727 326 1064 383 MONITUM

235 475 292 512 (Io.
307 477 408 505 Christ.
428 476 524 511 Wotr,
538 477 676 506 Auccdotu
688 477 781 506 σηοω
795 487 874 507 sacra
891 485 915 507 et
932 481 1055 515 profana,
1076 487 1140 508 tom.
1159 481 1191 514 ll,
1211 482 1361 519 ilamburgi
1372 484 1452 519 1722,
1469 486 1563 520 in-8‘)

106 707 242 744 Dialogus
255 708 305 744 qui
329 709 400 737 inter
415 708 576 745 Gregorium
595 710 749 747 Nyssenum
770 716 798 740 et
813 711 973 746 Macrinam,
992 722 1114 743 sororetn
1138 715 1209 750 ejus,
1225 716 1256 744 de
1269 717 1365 745 Am‘ma
1374 722 1400 745 et
1413 718 1626 753 Resurrectt'one,
1642 721 1712 748 facta

75 761 105 781 ex
119 754 198 781 obitu
214 753 314 782 Basilii
330 755 364 782 lii.
381 755 539 790 occasione,
556 757 746 786 intercessisse
769 758 892 794 ﬁngitur,
917 767 1026 795 semper
1045 761 1115 789 lectu
1136 761 1235 797 dignus
1260 763 1326 790 mihi
1345 764 1420 793 visus
1432 769 1486 799 est,
1500 766 1535 793 ob
1550 766 1712 794 industriam

74 806 101 830 et
111 802 284 837 doctrinam,
302 811 384 838 quam
400 804 432 831 ad
447 805 599 840 argumenti
614 805 697 840 hujus
712 807 904 836 tractationem
919 807 1001 836 Pater
1013 809 1132 843 optimus
1146 810 1248 837 attulit.
1267 810 1396 846 Pcrspexi
1414 816 1516 844 autem,
1535 816 1619 840 totam
1635 820 1712 841 com-

77 851 275 878 intentationem
299 852 425 887 pluribus
440 852 507 880 locis
526 853 554 881 in
570 858 686 889 utraque
709 854 829 883 editione
852 855 1011 887 Parisiensi.
1037 857 1172 892 imprimis
1188 866 1253 884 vero
1273 859 1300 885 in
1316 859 1416 894 priore,
1434 859 1552 893 pessime
1574 863 1713 894 acceptam

76 902 104 925 et
117 897 241 924 habitam
259 905 334 926 esse.
350 897 429 931 Quod
444 903 474 926 ut
487 903 643 934 appareret,
667 903 772 935 partem
799 901 872 929 illius
893 904 977 929 totam
1003 909 1065 929 cum
1090 903 1215 930 versione
1236 903 1331 931 Latina
1355 905 1471 940 pristina
1491 905 1620 940 notisque
1645 904 1715 931 meis

78 943 259 971 exhibendam
295 945 402 977 censui,
420 945 518 973 deinde
531 952 597 972 vero
611 946 678 973 satis
694 954 737 975 me
751 946 850 975 fecisse
872 948 976 983 putavi,
1003 948 1025 976 si
1040 949 1185 977 varietates
1210 950 1359 978 lectionum
1377 954 1481 978 tantum
1499 949 1712 978 subindicareu:.

78 989 209 1016 Getarum
235 990 308 1025 ipsm
327 990 380 1018 illae
395 992 541 1019 varietates
557 991 723 1020 exhibentur
748 1001 764 1020 a
783 1001 825 1020 me
841 1000 876 1020 ex
904 993 1012 1022 duobus
1045 994 1164 1022 diversis
1193 995 1346 1030 codicibus,
1367 996 1455 1032 iisque
1481 996 1559 1023 bona;
1583 999 1664 1028 notae,
1687 999 1716 1022 et

83 1042 109 1062 tu
124 1035 289 1070 plttritnum,
307 1037 404 1065 saltem
422 1037 451 1065 in
477 1038 523 1070 iis,
550 1045 611 1073 quae
626 1038 746 1073 alicujus
760 1043 824 1066 sunt
841 1040 982 1073 momenti,
1011 1048 1104 1068 secum
1125 1041 1242 1068 invicem
1268 1041 1500 1077 conspiranlibus.
1516 1041 1593 1068 Alter
1620 1048 1714 1068 eorum

80 1089 273 1110 ornamentum
297 1088 340 1111 est
368 1083 485 1119 insignis
510 1083 695 1118 Bibliotltecm,
721 1093 804 1120 quam
833 1085 948 1113 illustris
975 1085 1123 1114 Zacharias
1145 1087 1290 1115 Conradus
1313 1087 1348 1115 ab
1363 1087 1523 1119 Ull'enbach,
1547 1086 1716 1122 Rcipublica:

84 1123 416 1157 litetto-Francol'urtante
437 1134 549 1165 senator
575 1130 787 1164 meritissimus,
817 1134 958 1166 statorque
984 1131 1022 1159 rei
1048 1132 1187 1160 litterarite
1212 1132 1292 1160 hodie
1312 1134 1479 1168 praecipuus,
1510 1141 1564 1160 non
1589 1138 1644 1160 tam
1664 1132 1715 1159 sihi

84 1179 179 1208 servat,
193 1183 282 1210 quam
298 1175 414 1204 eruditis
427 1175 498 1212 quod
515 1176 548 1204 ad
563 1184 642 1204 usum
656 1183 829 1203 communem
845 1184 908 1204 esse
921 1176 1009 1210 jubet.
1026 1176 1151 1212 Scriptus
1167 1177 1190 1204 is
1201 1181 1244 1204 est
1259 1178 1360 1205 szeculo
1375 1186 1419 1206 xuv
1433 1178 1460 1205 in
1472 1178 1577 1211 charta,
1588 1178 1717 1205 formant-

85 1230 134 1257 que
150 1223 233 1250 refert
249 1222 346 1258 quarti
361 1223 477 1256 ordinis,
502 1228 584 1258 prout
600 1223 767 1250 describitur
783 1230 798 1249 a
814 1221 976 1250 doctissimo
994 1222 1019 1251 J.
1035 1222 1153 1250 Henrico
1168 1222 1249 1255 Maio,
1266 1224 1293 1251 in
1320 1224 1488 1251 Bibliotheca
1504 1223 1718 1251 Uil‘enbachiana

87 1274 150 1296 Iusta
178 1273 258 1304 parte
277 1277 309 1302 Il,
330 1277 393 1305 pag.
407 1270 471 1298 425.
492 1269 568 1298 Folio
589 1270 691 1298 codicis
718 1270 793 1297 illius
815 1269 865 1298 l57
883 1269 980 1304 incipit
1007 1269 1064 1297 haec
1086 1270 1235 1306 disputatio
1259 1274 1287 1297 et
1313 1270 1436 1298 decurrit
1455 1278 1543 1305 usque
1561 1270 1594 1297 ad
1611 1278 1638 1305 p.
1654 1270 1717 1297 257.

91 1314 121 1341 Et
136 1315 176 1342 hic
192 1316 296 1351 (verba
314 1316 398 1344 babes
412 1316 454 1344 Cl.
471 1317 550 1353 Maii)
568 1316 669 1345 addita:
684 1316 849 1352 marginibus
872 1320 934 1343 sunt
958 1317 1097 1344 varietates
1122 1317 1275 1349 lectionum,
1296 1316 1453 1352 calligraplti
1474 1317 1588 1351 primum
1610 1324 1720 1342 manum

88 1362 271 1397 calamumque
292 1367 471 1398 agnoscentes.
501 1363 542 1391 Ad
565 1363 664 1391 calcem
683 1363 890 1398 disputationis,
917 1372 1006 1398 nempe
1025 1364 1088 1398 folio
1111 1363 1176 1395 251,
1201 1363 1227 1395 lt,
1251 1367 1392 1390 occurrunt
1413 1361 1654 1399 παρασημειώσεις
1679 1370 1720 1388 τι-

90 1408 131 1440 νές
141 1430 149 1443 ,
168 1410 280 1437 scholia
293 1410 429 1445 quaedam,
450 1409 484 1437 ad
497 1410 565 1438 hunc
578 1411 664 1445 ipsum
680 1414 834 1437 tractatum.
854 1411 957 1437 Horum
972 1410 1132 1438 scltoliorum
1149 1410 1239 1445 aliqua
1253 1418 1266 1436 θ
1280 1410 1385 1444 regione
1401 1414 1487 1436 textus
1504 1409 1567 1444 poni
1578 1415 1720 1444 cwperunt,

91 1463 222 1482 marcum
237 1456 372 1491 margini;
385 1457 501 1491 spatium
524 1464 575 1484 nou
590 1461 692 1491 caperet
709 1457 810 1490 omnia,
836 1457 933 1492 tejecta
950 1456 983 1484 ad
1009 1456 1078 1484 hunc
1101 1461 1261 1491 postremum
1281 1456 1353 1490 fuere
1379 1455 1476 1483 locum.
1501 1455 1623 1490 Deniun
1641 1457 1723 1491 paulo

94 1506 150 1537 post
173 1506 316 1532 monetur.
333 1502 435 1530 scholia
459 1503 517 1537 ipso
533 1503 620 1530 codice
645 1510 701 1530 esse
715 1504 874 1535 recentiora,
891 1507 915 1530 et
942 1511 1000 1530 sero
1024 1502 1128 1530 addita.
1144 1502 1235 1536 Atque
1257 1501 1333 1529 istud
1351 1501 1460 1535 quidem
1478 1501 1634 1536 exemplum
1658 1508 1721 1528 cum

94 1547 173 1578 edito.
191 1549 244 1575 cel.
270 1547 442 1576 Uil‘enbachii
468 1549 597 1584 precibus
619 1550 765 1583 adductus,
787 1550 904 1577 contulit
924 1549 1040 1576 illustris
1055 1548 1232 1580 Steiuhelius,
1261 1547 1430 1575 serenissimi
1446 1547 1621 1574 Poloniarum
1650 1547 1723 1582 regis

101 1594 220 1621 minister
247 1595 374 1622 residens
389 1595 416 1622 in
433 1595 499 1622 urbe
516 1595 549 1622 ad
564 1595 683 1623 anum
700 1596 929 1629 Francol‘urtana,
955 1603 1042 1630 caque
1065 1601 1148 1629 opera
1175 1600 1224 1628 pro
1251 1593 1394 1627 singulari,
1423 1598 1477 1627 qua
1504 1592 1597 1626 pallet,
1625 1592 1723 1619 harum

97 1641 234 1675 omnisque
253 1640 367 1676 generis
394 1640 547 1668 litterarum
576 1642 674 1669 notitia
700 1647 728 1670 et
753 1642 916 1670 dexteritate
932 1641 1078 1675 diligenter
1103 1643 1130 1666 et
1146 1639 1261 1666 feliciter
1286 1638 1432 1666 defunctus
1454 1641 1506 1669 est,
1532 1646 1597 1665 raro
1611 1639 1724 1666 omnino

98 1692 184 1715 uestra
197 1692 281 1716 aetate
297 1690 433 1724 exemplo,
452 1694 479 1717 et
499 1691 541 1718 vel
558 1691 618 1718 ideo
633 1689 666 1718 ad
682 1691 871 1726 posteritatem
894 1689 1007 1716 cumino
1024 1687 1213 1716 memorando.
1228 1686 1285 1722 Ego
1304 1694 1368 1713 vero
1390 1686 1449 1721 pari
1470 1686 1591 1713 virorum
1618 1684 1724 1712 incom-

100 1735 208 1768 parabili
234 1743 291 1762 nou
311 1736 402 1763 minus
417 1744 488 1770 meo,
514 1744 596 1771 quam
616 1736 736 1771 publico,
761 1735 871 1763 nomine
884 1744 935 1771 pro
949 1735 1002 1762 isto
1019 1734 1122 1761 litteras
1137 1732 1303 1768 provehendi
1326 1731 1418 1759 studio
1431 1732 1534 1767 gratias
1548 1732 1679 1760 decenter
1695 1737 1723 1759 et

100 1778 211 1807 uiliciose
226 1780 368 1815 persolvo.
385 1780 463 1807 Alter
476 1780 560 1807 codex
587 1781 710 1815 pervenit
723 1779 757 1807 ad
780 1787 823 1807 me
843 1779 976 1807 beneﬁcio
993 1778 1060 1806 Rev.
1082 1777 1221 1805 Zachariae
1237 1777 1439 1810 Hasselmanni,
1458 1777 1532 1804 verbi
1550 1777 1635 1805 divini
1651 1776 1724 1812 apud

100 1824 336 1860 Oldenburgenscs
356 1824 382 1851 in
400 1824 508 1860 Wagria
524 1825 643 1852 ministri
668 1824 843 1852 solertissimi
860 1823 1085 1858 dexterrimique,
1111 1824 1157 1858 qui
1175 1823 1236 1858 ejus
1262 1823 1329 1850 mihi
1347 1824 1453 1858 copiam
1482 1823 1632 1850 liberaliter
1648 1823 1722 1850 fecit.

103 1868 145 1896 Est
158 1870 212 1903 ille,
230 1879 295 1898 meo
313 1870 428 1906 judicio,
453 1871 576 1906 ejusdem
592 1876 619 1899 et
633 1871 722 1898 mtatis
743 1875 771 1898 et
785 1870 882 1898 formae
898 1877 961 1898 cum
987 1871 1090 1905 priore,
1110 1870 1138 1897 in
1163 1870 1259 1896 charta
1273 1869 1417 1904 diligenter
1431 1873 1458 1896 et
1471 1873 1566 1896 curate
1581 1873 1723 1900 exaratus,
1768 1892 1771 1893 ν

103 1920 178 1950 atque
194 1917 221 1944 id
236 1917 344 1944 habens
359 1917 538 1953 praecipuum,
554 1918 638 1953 quod,
656 1925 718 1945 cum
741 1917 935 1945 commentatio
950 1916 1007 1944 hzec
1023 1916 1217 1951 disputationis
1236 1915 1352 1943 formam
1374 1915 1484 1948 referat,
1509 1915 1723 1951 colloquentium

103 1969 237 1990 sermones
260 1962 409 1997 descriptis
425 1963 510 1991 rubro
531 1964 623 1992 colore
644 1963 843 1999 disputantium
864 1962 985 1998 Gregorii
1003 1966 1030 1990 et
1051 1962 1178 1990 Maerinae
1199 1961 1368 1994 nominibus,
1393 1969 1410 1989 a
1431 1969 1460 1990 se
1489 1962 1607 1990 invicem
1624 1961 1723 1989 distin-

104 2011 225 2042 guantur.
241 2008 310 2041 Quae
324 2009 433 2043 quidem
452 2016 498 2037 res
518 2009 634 2039 subinde
649 2014 791 2038 contextus
815 2009 916 2038 seriem
933 2009 1040 2046 egregie
1065 2009 1199 2043 illustrat,
1219 2007 1450 2044 quemadmodum
1465 2008 1508 2036 vel
1521 2016 1555 2036 ex
1572 2002 1723 2043 specimine

103 2053 170 2088 quod
186 2053 245 2088 ipse
261 2053 336 2087 dedi,
354 2054 467 2089 patebit.

270 2781 406 2813 ΡΑτιιοι.
426 2781 484 2813 Gn.
507 2782 617 2813 XLVI.
