1919 3069
178 63 215 90 15

177 118 279 149 tiones,
294 120 449 152 catteraque
459 113 590 151 ejusdem
607 113 679 141 modi
701 121 754 148 qua
770 114 823 140 alia
836 113 870 141 de
884 120 967 141 causa
984 115 1004 144 Α

180 164 258 195 ﬁunt,
276 167 458 198 prazterquam
478 165 553 189 metu
568 160 684 188 mortis?
700 160 769 187 Cum
785 159 868 194 igitur
886 163 968 186 natu-

179 209 275 236 raliter
290 216 364 236 mors
381 208 449 235 adeo
467 206 600 235 terribilis
617 213 649 233 ac
666 205 846 233 formidabilis
859 205 906 238 sit,
921 205 968 240 qui

180 255 260 282 facile
271 252 453 289 obtemperari
467 256 558 288 potest
569 252 605 283 ei.
617 251 665 286 qui
686 250 782 286 jubeat
794 250 968 286 superstitem

180 300 216 328 ob
230 300 343 328 alterius
371 302 487 326 mortem
505 302 643 332 expertem
666 296 837 330 aegritudinis
861 303 969 331 perma-

181 344 267 372 nere?
295 342 453 377 ——M.Quid
462 350 587 379 veroqua
596 342 716 370 maxime
730 341 764 369 de
791 348 874 368 causa
897 340 945 368 tibi
960 361 967 372 ,

182 390 271 424 inquit
293 389 433 425 magistra,
460 389 518 424 ipsa
543 395 592 423 per
611 395 672 416 sese
696 387 792 415 mortis
818 386 969 414 necessitas

182 434 281 463 acerba
296 438 384 469 atque
402 434 518 462 molesta
532 433 662 462 videtur?
677 432 736 460 Non
752 432 824 460 enim
842 432 910 459 satis
926 435 969 460 est

182 480 216 507 ad
245 479 446 507 criminandum
480 483 507 507 et
540 477 767 514 conquerendum
796 477 969 505 consuetudo

182 532 276 552 eorum
287 545 295 557 ,
320 526 366 560 qui
384 523 490 552 ratione
500 523 590 551 minus
598 521 790 552 utuntur.—G-
801 520 870 555 Quid
882 523 970 550 enini-

183 577 248 597 vero
257 590 265 602 ,
278 577 369 597 annon
384 577 427 596 res
438 569 520 604 digna
531 569 657 597 maeroris
668 572 709 596 est
718 588 725 601 ,
740 568 774 595 ad
785 575 845 596 eam
857 568 969 603 inquam

183 623 244 650 ego,
259 623 320 643 cum
335 616 458 643 videmus
472 623 545 647 eum,
561 615 607 650 qui
625 615 704 650 paulo
726 619 790 642 ante
811 614 919 642 vivebat
942 618 969 641 et

183 661 356 696 loquebatur,
387 661 448 688 sine
474 661 586 696 spiritu,
614 660 674 688 sine
697 667 774 692 voce,
803 659 969 687 immobilem

184 711 295 741 repente
319 706 432 738 factum.
457 706 605 741 omniaque
625 705 650 733 ei
676 712 808 734 sensuum
834 704 970 732 naturalia

182 759 247 779 vasa
262 757 289 779 et
302 751 484 780 instrumenta
506 753 654 786 exstincta,
669 759 723 780 non
737 752 837 785 oculis,
852 758 906 778 nou
922 758 970 778 au-

181 797 269 829 ribus,
293 804 347 824 non
372 796 425 824 alio
440 804 578 832 quoquam
602 805 709 829 corum,
735 803 852 831 quorum
871 803 969 830 appre-

183 842 354 874 hensionem,
369 843 520 870 subsidium
530 848 612 878 atque
628 842 759 869 auxilium
771 848 868 869 sensus
878 841 969 872 habet,

182 891 313 922 operante
336 892 418 923 atque
442 886 560 915 omcium
585 894 665 914 suum
692 886 832 913 faciente?
851 886 894 913 cui
913 885 970 913 sive

182 933 271 967 ignem
292 932 349 959 sive
373 931 476 960 ferrum
498 932 655 962 admoveas,
686 932 744 958 sive
765 930 855 966 gladio
869 937 970 965 corpus

182 975 298 1009 incidas,
326 976 385 1004 sive
400 975 553 1004 carnivoris
577 975 644 1003 feris
665 975 792 1009 objicias,
817 975 876 1002 sive
894 975 969 1001 humi

182 1021 317 1054 defodias,
337 1022 371 1049 ad
394 1022 487 1049 omnia
507 1021 634 1049 similiter
649 1021 746 1056 iacens
761 1019 887 1048 edicitur.
903 1020 970 1047 Cum

182 1067 266 1102 igitur
277 1067 304 1094 in
320 1067 363 1094 his
377 1067 529 1095 consistere
545 1067 661 1094 mutatio
679 1067 811 1097 videatur.
826 1066 971 1101 vitalisque

183 1113 228 1140 illa
241 1120 336 1145 causa,
361 1119 533 1147 quaecunque
557 1112 668 1139 tandem
692 1111 739 1140 illa
763 1116 832 1143 erat,
862 1117 971 1146 repente

183 1158 252 1187 visui
269 1158 402 1185 subducta
425 1161 507 1192 atque
525 1157 661 1185 exstincta
682 1157 816 1184 incertum
833 1164 888 1191 quo
903 1165 971 1184 cou-

182 1205 307 1236 cesserit,
326 1204 372 1230 ubi
397 1204 438 1231 vel
457 1203 549 1236 lateat,
570 1202 800 1238 quemadmodum
816 1203 843 1230 in
859 1203 970 1230 lucerna

182 1249 319 1277 exstincta
335 1249 374 1281 lit,
386 1256 449 1276 cum
462 1248 583 1280 ﬂamma,
599 1255 660 1283 qua:
675 1247 756 1275 modo
772 1247 798 1274 in
810 1255 841 1275 ea
857 1255 971 1274 accensa

183 1297 252 1325 erat,
269 1300 357 1328 neque
371 1292 399 1320 in
411 1292 547 1328 ellychnio
560 1296 662 1324 manet,
676 1299 764 1327 neque
778 1291 831 1319 alio
843 1292 970 1326 quopiam

986 783 1005 810 Β

183 1339 283 1367 transit
302 1345 334 1366 ac
347 1337 460 1370 recedit,
484 1336 532 1366 sed
555 1337 590 1365 ad
612 1340 763 1364 extremum
787 1336 927 1364 intcritunl
945 1340 972 1363 et

183 1384 357 1412 abolitionem
378 1383 512 1419 redigitur
530 1388 611 1417 atque
634 1382 825 1417 transmigrat,
843 1383 890 1417 qui
913 1381 970 1409 ﬂeri

184 1428 282 1463 possit,
305 1431 336 1455 ut
356 1431 460 1455 tantam
478 1427 671 1458 mutationem.
694 1427 742 1463 qui
765 1427 840 1453 nulla
855 1434 884 1454 re
897 1431 971 1453 certa

184 1473 371 1505 conﬁrmetur,
387 1475 447 1501 sine
461 1473 546 1500 animi
570 1473 664 1500 dolore
682 1474 752 1500 l‘erre
770 1471 875 1507 possit?
888 1471 969 1498 Exitu
985 1458 1005 1485 θ

183 1519 257 1547 enim
272 1519 370 1546 anima
383 1519 488 1550 audito,
506 1519 578 1554 quod
594 1519 702 1553 quidem
716 1518 840 1546 relictum
854 1522 906 1550 est,
926 1517 969 1545 vi-

183 1563 298 1596 demus,
312 1563 385 1597 quod
409 1567 500 1590 autem
517 1568 673 1598 separatum
698 1568 780 1599 atque
803 1563 969 1598 disjunctum

780 57 810 84 S.
830 55 993 84 GﬂEGORll
1013 55 1159 84 NYSSENI

1783 54 1820 81 αὖ

1019 122 1075 140 νειν
1100 115 1147 140 ἐπὶ
1166 111 1212 138 τοῦ
1224 113 1415 148 κατοιχομένου
1423 114 1466 143 τδν
1476 112 1620 150 περιόνταῂ
1628 127 1663 133 -
1672 108 1706 136 Μ.
1713 106 1750 136 Τί
1767 110 1801 137 δὲ
1808 131 1818 143 ,

1020 160 1102 195 φησὶν
1126 159 1142 195 ή
1165 158 1334 191 διδάσκαλος,
1350 158 1377 185 τί
1401 168 1441 186 σοι
1465 164 1581 194 μαλιστα
1603 157 1724 194 λυπηρὸν
1744 156 1821 184 αὐτὸ

1022 206 1064 240 ἐφ’
1077 205 1184 238 ἑαυτοῦ,
1199 205 1232 231 τὸ
1247 204 1294 232 τοῦ
1311 205 1426 232 θανάτου
1446 205 1502 241 (26)
1517 205 1610 238 δοκεῖ;
1629 204 1661 230 οὐ
1675 203 1732 239 γὰρ
1748 203 1822 230 ικα-

1019 251 1065 278 νδν
1097 252 1137 282 εἰς
1167 250 1294 286 διαϐολὴν
1324 249 1405 284 ἡτῶν
1414 249 1590 285 ἀλογωτέρων
1600 248 1820 285 συνήθεια-Γ.

1020 297 1053 324 Τί
1069 297 1119 333 μὲν
1132 294 1179 324 οὖν
1191 297 1242 324 οὐκ
1261 296 1320 323 ἐστι
1336 295 1424 331 λύπης
1443 295 1527 328 ἄξιον,
1545 296 1614 331 πρὸς
1634 295 1720 331 αὐτὴν
1732 292 1820 322 εἷπον

1020 341 1095 375 ἐγὼ,
1119 341 1182 368 ὅταν
1199 341 1342 376 βλέπωμεν
1365 340 1422 375 (27)
1443 340 1490 367 τὸν
1512 340 1581 372 τέως
1597 340 1686 373 ζῶντά
1706 349 1739 367 τε
1764 340 1818 367 καὶ

1020 386 1215 422 φθεγγόμενον,
1234 387 1338 413 ἄπνουν
1356 386 1403 412 καὶ
1415 385 1528 414 ἄναυδον
1542 385 1597 421 (28)
1617 386 1664 412 καὶ
1679 385 1817 420 ἀκίνητον

1019 431 1125 468 ἀθρόως
1140 431 1295 467 γενόμενον,
1319 431 1367 458 καὶ
1387 431 1476 458 πάντα
1491 431 1581 459 αὐτῶν
1602 431 1753 458 σϐεσθέντα
1778 432 1817 458 τὰ

1020 478 1123 511 φυσικὰ
1136 476 1317 512 αἰσθητήρια,
1336 477 1497 515 οὒκχὸψεως,
1512 477 1562 503 οὐκ
1580 477 1665 512 ἀκοῆς
1682 475 1817 512 ὲνεργοῦ-

1021 531 1071 558 σης
1082 543 1089 556 ,
1103 522 1153 549 οὐκ
1169 522 1248 549 ἄλλου
1273 522 1344 554 τινὸς
1363 519 1400 549 ὦν
1419 523 1435 558 ἡ
1457 522 1583 557 αἴσθησις
1599 521 1649 558 τὴν
1667 521 1817 557 ἀντίληψιν

1020 568 1095 603 ἔχεις
1121 565 1157 603 Ὦ
1172 568 1228 602 (29)
1245 568 1298 595 κᾶν
1317 567 1372 603 πῦρ
1394 568 1598 603 προσενέγκῃς,
1621 567 1673 594 κᾶν
1688 567 1816 602 σίδηρον,

1020 615 1071 641 κᾶν
1088 614 1226 650 ἁνατὲμῃς
1248 614 1306 649 (50)
1329 613 1373 641 διὰ
1395 612 1488 648 ξίφους
1508 613 1539 640 τὸ
1555 612 1653 648 σῶμα,
1677 612 1730 639 κᾶν
1752 614 1816 644 τοῖς

1021 660 1197 696 σαρκοϐόροις
1220 659 1323 696 προοῇς
1351 660 1425 695 (51),
1447 659 1499 686 κᾶν
1518 659 1658 695 ὲγκρύψῃς
1684 659 1813 694 χώματι,

1021 707 1088 742 πρδς
1100 706 1208 733 ἅπαντα
1222 705 1277 740 (52)
1292 706 1392 740 ὁμοίως
1404 705 1419 732 ὁ
1433 705 1557 740 κείμενος
1570 704 1625 739 ἔχει
1641 704 1707 739 (55).
1722 705 1814 732 Ὅταν

1020 750 1066 779 οὖν
1091 752 1120 778 ὲν
1146 751 1250 783 τούτοις
1276 751 1408 787 βλέπηται
1435 751 1526 786 (54)ἡ
1553 750 1705 785 μεταϐολὴ,
1728 750 1759 777 τὸ
1783 751 1814 777 δὲ

1021 798 1134 830 ζωτικὸν
1154 798 1242 824 ἐκεῖνο
1259 797 1359 830 αἴτιον,
1382 797 1432 823 δτι
1455 805 1519 824 ποτε
1529 795 1574 832 ἦν,
1593 796 1696 831 ἀφανές
1710 805 1740 823 τε
1762 797 1814 823 καὶ

1020 843 1113 869 ἄδολον
1136 842 1241 877 ἀθρόως
1266 842 1380 878 γένηται
1406 842 1473 877 (55),
1498 842 1623 877 καθάπερ
1642 841 1689 868 ἐπὶ
1709 841 1812 877 λύχνου

1022 887 1180 919 σϐεσθέντος
1201 887 1251 922 τῆς
1271 887 1339 919 τέως
1360 887 1547 923 ἐξαπτομένης
1562 887 1604 922 ἐφ’
1627 887 1725 914 ἑαυτοῦ
1751 888 1811 923 (56)

1023 933 1120 968 φλογὸς
1136 932 1198 959 οὔτε
1212 932 1258 959 ἐπὶ
1275 932 1324 966 τῆς
1338 931 1494 966 θρυαλλίδος
1508 931 1652 967 μενούσης,
1670 930 1731 958 οὒτε
1748 932 1812 958 ἑτέ-

1022 978 1088 1014 ρωθί
1100 987 1150 1004 που
1165 977 1376 1013 μεθισταμένης,
1393 977 1450 1003 ἀλλ’
1467 977 1506 1008 είς
1519 976 1672 1012 ἀφανισμὸν
1688 976 1811 1012 παντελῆ

1024 1024 1234 1059 μεταχωρούσης
1245 1043 1252 1055 ,
1266 1023 1325 1055 πῶς
1340 1022 1373 1050 ἃν
1389 1022 1493 1057 γένοιτο
1508 1022 1559 1058 τὴν
1572 1021 1706 1057 τοσαύτην
1724 1030 1811 1057 μετα-

1022 1069 1101 1104 ϐολὴν
1122 1070 1243 1103 ἐνεγκεῖν
1259 1068 1368 1100 ἀλύπως
1391 1069 1495 1104 μηδενὶ,
1512 1069 1657 1104 προδήλως
1676 1069 1812 1104 ἐπερειδόο

1024 1123 1102 1149 μενον
1125 1115 1191 1149 (57);
1210 1114 1320 1146 Ἐξοδον
1333 1114 1386 1149 γὰρ
1406 1114 1494 1149 ψυχῆς
1514 1114 1570 1149 (58)
1582 1115 1765 1148 ἀκούσαντες,
1779 1115 1810 1142 τὸ

1023 1160 1072 1195 μὲν
1085 1159 1244 1194 ὑπολειφθὲν
1260 1159 1314 1193 (59)
1329 1159 1445 1195 ὁρῶμεν,
1460 1160 1490 1186 τὸ
1504 1159 1532 1186 δὲ
1544 1160 1675 1196 χωρισθὲν
1692 1160 1810 1195 ἀγνοοῦ-

1024 1214 1088 1240 μεν,
1115 1205 1181 1232 αὑτό
1204 1213 1233 1231 τε
1259 1205 1273 1232 ὅ
1286 1205 1313 1231 τί
1336 1204 1390 1240 (60)
1409 1213 1474 1232 ποτε
1486 1205 1555 1233 κατὰ
1569 1205 1618 1241 τὴν
1641 1205 1721 1240 φύσιν
1739 1206 1809 1241 ἐστὶ,

1023 1251 1068 1277 καὶ
1084 1251 1123 1282 είς
1140 1251 1154 1276 ὅ
1167 1258 1193 1276 τι
1208 1249 1444 1285 μετακεχώρηκεν.
1459 1250 1489 1277 οὐ
1500 1251 1568 1285 γῆς,
1585 1251 1635 1278 οὐκ
1651 1251 1730 1286 ἀέρος
1741 1270 1748 1283 ,
1760 1251 1810 1288 οὐχ

1023 1295 1138 1328 ὕδατος,
1158 1296 1208 1322 οὐκ
1233 1295 1313 1322 ἄλλοι)
1337 1295 1409 1326 τινὸς
1432 1295 1488 1322 τῶν
1507 1295 1647 1331 στοιχείων
1668 1297 1697 1323 ὲν
1719 1295 1809 1332 ἐαυτῷ

1022 1341 1174 1373 δεικνύντος
1189 1342 1296 1377 ἐκείνην
1316 1342 1364 1377 τὴν
1380 1341 1436 1377 (M)
1451 1342 1567 1377 δύναμιν
1582 1343 1632 1378 τὴν
1654 1342 1701 1369 τοῦ
1716 1342 1809 1378 σώμα-

1022 1397 1068 1420 τος
1082 1389 1279 1423 ὲκχωρήσαςαν
1291 1397 1298 1404 ·
1322 1386 1356 1424 ἧς
1376 1388 1573 1424 ὑπεξελοούοης
1593 1390 1689 1425 νεκρόν
1705 1390 1764 1416 ἐστι
1778 1389 1808 1416 τδ

1024 1433 1184 1467 ὑπολειφθὲν
1201 1433 1257 1469 (42)
1275 1435 1322 1461 καὶ
1338 1434 1405 1470 πρὸς
1419 1434 1566 1469 διαφθορὰν
1578 1434 1633 1470 (45)
1654 1435 1704 1470 ήδη
1719 1435 1808 1462 ἐκκεί-

1025 1486 1102 1513 μενον
1119 1479 1145 1513 (li
1152 1479 1185 1513 ί).

182 1613 235 1641 est,
253 1612 311 1636 tum
334 1609 421 1644 ipsum
446 1608 512 1643 quid
539 1609 648 1636 tandem
671 1609 824 1637 secundum
847 1614 973 1636 naturam
994 1609 1040 1641 sit,
1061 1613 1117 1636 tum
1136 1609 1162 1635 in
1183 1609 1249 1644 quid
1268 1611 1445 1643 concesserit,
1486 1615 1566 1646 atque
1589 1611 1729 1638 redactum
1761 1611 1806 1644 sit,

183 1655 352 1690 ignoramus,
376 1662 430 1682 non
453 1661 527 1688 aere,
553 1663 608 1682 non
642 1660 726 1687 terra,
753 1663 807 1682 llOll
843 1662 923 1690 aqua,
951 1662 1005 1681 non

184 1796 282 1827 praeter
301 1800 368 1823 rem.
392 1798 419 1819 et
443 1793 507 1819 vitio
533 1793 648 1824 librarii,
681 1793 726 1826 qui
750 1793 866 1827 priorem
893 1794 968 1820 vocis

183 1827 304 1860 ejusdem
332 1827 447 1854 formam
478 1827 615 1855 incondite
646 1829 774 1862 scriptam
801 1829 892 1855 delere
920 1837 967 1855 ne~

203 1863 313 1889 lexerat.

184 1871 332 1931 gliéfir)“;d
346 1896 400 1932 τοῦ
415 1897 553 1924 θανάτου.
569 1897 608 1924 lia
621 1897 678 1932 lege
690 1904 751 1924 cum
773 1905 824 1924 ms.
852 1903 968 1932 utroque

184 1932 243 1960 sine
265 1939 331 1958 voce
357 1931 515 1965 ἀναγκαῖον,
544 1939 626 1966 quam
652 1931 725 1958 edita
744 1932 854 1959 habent.
877 1931 968 1966 quue

183 1967 257 1994 enim
273 1966 316 1993 hic
334 1966 366 1993 ad
394 1966 585 1993 necessitatem
606 1967 703 1993 mortis
727 1967 896 2001 simpliciter,
918 1967 967 1994 sed

184 2001 218 2028 ad
232 2009 274 2033 ea,
290 2008 350 2034 quas
376 2001 472 2027 mortis
487 2004 552 2028 sunt
567 2001 594 2027 in
617 2001 788 2033 universum,
810 2002 965 2055 respicitur.

221 2036 277 2055 l97l
296 2034 453 2055 ηἰέπωηιιν
479 2036 515 2055 [In
534 2039 678 2055 ιιίιιιιιῐιηηιι
689 2044 729 2055 In:
759 2044 808 2055 nrn
821 2035 846 2055 ΒΣ
869 2045 954 2055 ruunt

221 2036 277 2071 (27)
293 2034 463 2071 Βλέπῳμενξ.
479 2036 516 2061 lla
534 2039 678 2070 utrumque
689 2044 739 2063 ms.
759 2044 808 2070 pro
821 2034 965 2071 βλέπομεν.

219 2070 276 2105 (28)
290 2070 344 2105 Kal
361 2069 504 2096 ἄναυδον.
532 2071 571 2097 Ita
597 2069 648 2097 ιηεί.
672 2069 827 2105 utrumque;
846 2069 918 2105 quod
941 2075 967 2097 et

182 2107 273 2132 versio
293 2104 387 2131 Latina
407 2110 481 2132 recte
504 2106 655 2139 expressit,
681 2104 806 2140 quamvis
827 2104 967 2132 iu'Grmco

183 2140 258 2167 edito
273 2147 327 2166 uon
338 2143 435 2167 cxslet.

220 2174 277 2208 (29)
289 2171 326 2209 ᾫ
346 2177 460 2208 uterque
478 2174 564 2202 codex
583 2173 664 2201 habet
681 2174 707 2200 in
720 2175 801 2202 editis
823 2175 967 2206 omissum,

185 2209 257 2244 quod
267 2213 359 2236 tamen
372 2209 462 2244 versio
477 2209 572 2244 Latina
588 2209 677 2236 habet.

220 2244 275 2277 (50)
297 2243 462 2277 Ἀνατέμῃς.
480 2243 529 2270 Ms.
556 2245 577 2269 Α
601 2243 765 2278 ἁνατέμνῃς.
779 2242 858 2270 Prius
873 2243 970 2278 przei'e-

184 2278 300 2305 rendum
316 2278 432 2305 suadent
443 2277 585 2312 sequentia
609 2278 691 2305 verba
703 2278 824 2312 ejusdem
836 2277 967 2313 temporis

183 2312 287 2348 ποοθῇς
301 2317 328 2339 et
341 2312 490 2348 ἐγκρύψῃς.

219 2345 276 2382 (5t)
290 2345 416 2382 Προθῇζν.
433 2345 471 2374 It'a
485 2355 518 2375 ex
531 2355 582 2374 ms.
600 2346 621 2373 B
636 2351 663 2382 et
687 2354 719 2373 ex
738 2346 854 2382 lectione
868 2347 966 2382 margi-

185 2383 238 2409 nali
253 2381 354 2417 τοῦξΑ,
382 2383 428 2416 qui
460 2383 486 2409 i'n
519 2386 594 2409 textu
618 2381 728 2408 exhibet
742 2381 862 2417 προσθῇς
876 2381 966 2410 minus

184 2420 267 2452 recte.
283 2416 350 2452 Nam
364 2417 397 2443 de
407 2417 489 2452 rebus
510 2417 536 2443 in
550 2417 639 2443 cibum
654 2417 800 2450 propositis
815 2424 967 2452 nom-mpos-

183 2451 290 2513 τίθημι,
303 2451 351 2479 sed
368 2451 516 2487 προτίθημι
530 2455 689 2485 usurpatur;
706 2459 764 2478 v.c.
777 2451 847 2486 apud
866 2450 968 2486 Sopho-

183 2493 199 2513 c
210 2494 253 2513 em
270 2494 278 2512 :

179 2493 253 2514 ctem
270 2494 278 2512 Ξ

224 2529 364 2566 Προθέντ’
395 2529 514 2565 ἀδελφῷ
529 2531 651 2558 δεῖπνον
665 2531 781 2558 οἰκείων
791 2531 911 2560 τέκνων.

220 2587 278 2622 (52)
296 2587 435 2622 "Aﬂarra.
453 2586 543 2614 tiodex
559 2586 582 2613 Α
595 2586 673 2622 habet
688 2587 771 2614 ἅπαν.

221 2623 277 2657 (55)
296 2622 322 2646 '0
349 2621 488 2657 κείμενος
513 2621 584 2657 exet.
608 2621 789 2648 Posteriorem
814 2629 908 2649 vocem
934 2630 967 2649 ex

183 2661 302 2697 utroque
332 2657 394 2683 cod.
425 2656 543 2683 restitui.
561 2656 626 2683 Eam
641 2657 714 2684 enim
735 2664 833 2684 sensus
854 2657 967 2684 omnino

181 2696 449 2759 “wiliéxéxn‘m.
474 2725 513 2753 Ita
539 2725 637 2754 iterum
667 2732 715 2760 pro
741 2725 878 2760 βλέπεται,
894 2726 968 2761 quod

1036 1655 1089 1681 alio
1115 1655 1242 1689 quopiam
1262 1657 1397 1683 elemento
1424 1657 1450 1684 in
1471 1664 1530 1684 sese
1556 1657 1716 1684 ostendente
1734 1657 1806 1683 illam

1020 1796 1061 1820 est
1078 1792 1104 1818 in
1121 1792 1204 1819 edito.

1057 1827 1267 1864 (§§)_Férnrat.
1282 1826 1370 1864 ζιελ-Β
1378 1827 1462 1864 habet
1480 1829 1635 1864 γεγένηται.

1055 1861 1110 1896 (56)
1189 1861 1307 1888 ἑαυτοῦ.
1318 1861 1364 1888 Sic
1378 1862 1436 1895 lego
1451 1861 1499 1896 pro
1509 1861 1582 1891 edito
1592 1863 1673 1891 αὺτοῦ
1687 1871 1749 1891 cum
1760 1871 1804 1890 co-

1019 1895 1156 1933 dicibusA
1167 1899 1194 1923 et
1210 1896 1239 1928 Β,
1254 1903 1369 1933 quorum
1387 1897 1429 1933 hic
1448 1895 1590 1925 lectionem
1603 1899 1682 1926 istam
1699 1899 1727 1925 iu
1747 1899 1804 1933 ipso

1021 1935 1105 1963 textu,
1124 1931 1167 1958 hic
1186 1938 1251 1968 vero
1279 1930 1305 1956 in
1316 1965 1322 1968 _
1338 1931 1460 1968 margine
1472 1933 1592 1964 exhibet.
1613 1934 1692 1968 cujus
1706 1930 1764 1961 loco
1777 1935 1803 1962 in

1021 1969 1150 1992 contextu
1172 1965 1300 1992 mendose
1316 1965 1415 1994 legitur
1425 1967 1468 1992 ἐπ’
1481 1967 1581 1994 αὐτῶν.

1056 2000 1111 2033 (57)
1130 1999 1240 2037 mndavi
1256 1999 1414 2033 προδήλως
1427 2001 1663 2037 ἐπερειδόμενον.
1677 2003 1751 2029 Hanc
1767 2003 1803 2029 le-

1021 2035 1138 2073 ctiopem
1170 2035 1339 2073 restituo_ex
1365 2042 1418 2073 ms.
1445 2035 1569 2071 utroque,
1600 2046 1648 2072 pro
1667 2038 1746 2066 editis
1766 2038 1802 2073 μὴ

1021 2069 1161 2105 προδήλως
1173 2068 1398 2105 ὕπερειδόμενονζ
1413 2069 1438 2096 in
1456 2068 1555 2105 quibus
1577 2068 1686 2100 sensum
1704 2068 1801 2100 frustra

1020 2103 1136 2142 (πύῳ-οε.
1151 2103 1378 2142 lmo_ipsa_versio
1389 2103 1484 2132 Latina
1496 2107 1618 2134 eamdem
1627 2107 1801 2142 expressit‘ita

1020 2138 1156 2176 reddens:
1175 2139 1229 2176 qui»
1240 2138 1315 2176 nulla
1331 2147 1362 2176 re
1380 2145 1451 2166 εει-ια
1466 2142 1645 2174 conﬁrmetur.
1662 2138 1802 2176 'Loquitur

1021 2174 1092 2212 enim
1120 2172 1312 2212 Gregoriusde
1331 2174 1440 2209 lugente
1469 2172 1615 2210 ejusmodi,
1638 2177 1684 2212 qui
1700 2172 1800 2204 nullum

1021 2207 1101 2234 habet
1112 2210 1168 2242 spei
1182 2208 1346 2241 prwsidimn.

1056 2242 1112 2282 (58)
1126 2242 1248 2283 ¹Ψοχῆς.
1267 2242 1382 2283 Restitui
1401 2251 1433 2270 ex
1454 2248 1570 2280 utroque
1590 2245 1664 2278 cod.,
1690 2247 1760 2275 sicut
1776 2253 1801 2277 et

1020 2277 1110 2304 versio
1125 2276 1219 2303 Latina
1231 2278 1368 2310 exprimit.
1528 2276 1533 2280 ”
1658 2276 1662 2278 ’

1057 2311 1113 2354 (3?)
1132 2311 1556 2354 "Ijnolls‘tgfif'ﬁs‘ic'legenduim
1569 2322 1619 2350 pro
1640 2316 1800 2354 exolqcpeév,

1020 2347 1092 2380 quod
1106 2350 1147 2373 est
1156 2347 1181 2386 in
1190 2347 1256 2373 edit.
1269 2347 1468 2381 llil5.jubente
1477 2356 1527 2376 ms.
1539 2347 1592 2376 Bct
1603 2347 1801 2385 postulaniibus

1020 2385 1204 2421 grammatica:
1227 2382 1391 2421 rationibus,
1414 2384 1643 2421 imoeniendante
1659 2386 1724 2413 edit.
1742 2388 1800 2414 anni

1021 2415 1100 2442 1618.
1114 2415 1234 2443 Derivari
1244 2417 1315 2443 enim
1328 2417 1406 2445 debet
1421 2426 1453 2446 ex
1466 2418 1612 2451 ὑπολείπω,
1627 2427 1680 2446 non
1694 2429 1725 2447 ex
1743 2422 1801 2447 ὑπο‹

1021 2449 1160 2476 λαυῇάνω.

1057 2459 1211 2527 (ﬁgi-nd
1223 2493 1256 2512 τε
1281 2485 1298 2511 ὅ
1311 2494 1347 2527 τι.
1363 2487 1424 2527 τοτε
1442 2495 1495 2514 non
1518 2489 1641 2524 agnoscit
1654 2489 1685 2522 Α,
1700 2498 1752 2524 quo
1764 2494 1799 2517 ta-

1024 2519 1263 2562 mei)_ad-sensu_ln_
1278 2520 1472 2562 perﬁciendum
1487 2519 1556 2557 opus
1569 2527 1621 2550 est.

1060 2554 1116 2592 (si)
1137 2554 1204 2592 Τήν.
1226 2556 1371 2592 Interserui
1386 2564 1417 2583 ex
1439 2564 1490 2583 ms.
1506 2554 1633 2592 iitroque.

1060 2590 1116 2624 (42)
1137 2589 1335 2624 Ὑπολειςρθέν.
1357 2590 1393 2617 Ita
1415 2592 1506 2619 scribo
1528 2589 1624 2619 iterum
1641 2599 1690 2627 pro
1704 2592 1802 2629 ὑπολη⁸

1046 2624 1101 2654 οέν,
1119 2625 1191 2658 quod
1204 2626 1282 2652 estin
1304 2625 1369 2652 edit.
1387 2625 1465 2653 1615.

1025 2632 1101 2657 φυεν,
1119 2632 1191 2658 quon
1204 2632 1282 2652 estm
1304 2632 1369 2652 eunt.
1387 2632 1465 2653 τοιδ.

1058 2659 1114 2725 (45)
1131 2659 1307 2704 ᾼιαφθοράν.
1319 2660 1410 2687 Codex
1426 2662 1446 2686 Α
1462 2661 1542 2688 habet
1563 2661 1676 2696 simplex
1692 2661 1796 2696 φθοράν.

1057 2693 1101 2725 (44
1141 2695 1332 2725 Εκκείμενον.
1357 2695 1407 2723 Ms.
1428 2695 1448 2721 Β
1461 2695 1541 2724 habet
1555 2696 1712 2725 ἐγκείμενον
1729 2704 1796 2724 men-

1023 2693 1112 2756 dogti)
1134 2694 1332 2730 Ἐκκείμενον.
1357 2695 1407 2723 Ms.
1428 2695 1448 2721 Β
1461 2695 1541 2724 habet
1555 2693 1712 2731 ἐγκείμενον
1729 2693 1797 2724 men-
