1919 3069
179 144 212 173 19
783 145 812 172 S.
829 145 992 174 GREGORII
1005 146 1152 174 NYSSENI

1769 143 1812 173 20

171 209 225 235 quo
243 204 340 235 pacto,
359 201 490 235 inquam,
521 200 627 227 ﬁrmam
652 200 792 235 aliquam,
820 202 962 236 stabilem,

1021 203 1185 238 Λίσθάνομαι
1201 201 1257 237 (62)
1275 201 1327 238 γὰρ
1343 202 1389 228 καὶ
1414 201 1509 234 αὐτὸς,
1528 201 1569 228 δτι
1589 201 1636 227 τοῦ
1659 201 1809 228 καλλίστω

172 247 254 274 lixam
269 250 296 274 et
311 245 481 274 immobilem
497 246 597 274 habere
624 246 762 280 [misimus
785 247 943 282 opinionem
953 267 962 280 ,

172 299 227 326 qua
247 290 366 318 animam
386 290 533 318 credamus
555 291 739 326 permanere?
767 290 835 319 Nam
855 296 882 319 et
905 292 963 327 Ipse

173 336 282 370 sentio,
297 335 371 370 quod
391 343 422 364 re
443 337 565 363 omnium
581 336 767 370 pulcherrima
786 337 813 364 in
837 337 891 365 vita
908 338 962 373 (de

174 383 275 410 virtute
291 382 407 419 loquor)
422 383 478 410 vita
495 382 636 409 hominum
651 382 772 409 caritura
791 383 889 415 fuerit,
910 384 961 411 nisi

174 427 265 463 aliqua
282 432 358 456 certa
376 432 406 456 et
428 435 484 455 non
507 427 634 463 ambigua
655 427 689 454 de
711 427 764 454 hac
789 436 820 456 re
842 428 910 457 ﬁdes
933 429 962 457 in

139 485 146 492 ο
174 473 256 501 nobis
277 474 385 501 ﬁrmata
402 473 494 501 fuerit.
511 472 654 506 Quomodo
669 472 741 499 enim
759 473 846 501 virtus
863 474 962 502 habere

174 519 263 546 locum
278 518 367 553 possit
380 519 408 545 in
425 518 468 551 iis,
484 518 531 554 qui
545 517 572 545 id
586 516 659 552 quod
674 521 733 549 est,
750 519 879 552 praesenti
906 520 961 546 vita

173 563 362 592 circumscribi
385 564 437 592 sibi
465 571 625 599 persuasum
646 564 765 597 habent,
785 568 812 592 et
825 568 886 600 post
901 572 961 593 eam

175 609 243 636 nihil
256 610 584 648 amphussperanti—M.
605 609 677 645 Ergo
706 617 847 645 (μαι-εκ,
877 610 962 646 magi-

174 659 232 683 stra
244 655 351 689 inquit,
363 659 487 690 oportet,
502 654 576 682 unde
590 655 670 683 nobis
683 656 851 684 conveniens
864 661 890 684 et
902 657 962 684 ido-

175 709 256 730 neum
272 701 307 729 de
322 702 373 729 hac
389 702 539 737 quzestione
559 702 725 737 principium
745 703 834 730 oratio
853 710 962 730 stunere

175 748 273 783 possit.
289 747 345 779 Ac.
361 748 384 775 si
403 748 490 782 placet
503 768 510 780 ,
528 748 577 776 abs
592 752 619 775 te
635 748 837 775 contrariarum
853 748 961 783 opinio-

174 799 239 820 num
255 795 336 827 atque
349 793 546 820 sententiarum
564 793 750 828 propugnatio
768 796 850 827 atque
865 792 961 820 delen-

1015 249 1069 275 τῶν
1083 250 1153 275 κατὰ
1171 247 1220 283 τὴν
1241 247 1314 283 ζωὴν
1329 247 1384 282 (65)
1405 247 1472 282 (τῆς
1493 247 1593 282 ἀρετῆς
1613 246 1702 280 λέγω)
1719 246 1733 272 ὁ
1747 246 1810 274 τῶν

1015 294 1166 330 ἀνθρώπων
1180 294 1308 329 χηρεύσει
1323 293 1379 329 βίος
1388 312 1397 327 ,
1409 294 1433 320 ει
1445 294 1481 329 μή
1495 301 1537 324 τις
1550 291 1734 327 ὰναμφίΰολος
1745 293 1809 327 (64)

1016 342 1032 376 ἡ
1052 341 1115 376 περὶ
1127 340 1221 367 τούτου
1239 340 1330 372 πίστις
1347 340 1376 366 ὲν
1389 340 1456 375 ἡμῖν
1472 338 1646 375 κρατυνθείη.
1661 339 1725 369 Πῶς
1745 338 1808 373 γὰρ

1015 386 1073 413 ἐστι
1085 387 1134 422 τὴν
1149 386 1249 422 ἀρετὴν
1264 385 1356 422 χώραν
1369 385 1441 420 ἔχειν
1457 385 1500 420 ἐφ’
1513 382 1550 411 ὧν
1570 385 1587 419 ἡ
1602 383 1729 419 παροῦσα
1745 382 1808 418 ζωὴ

1015 433 1194 468 περιγράφειν
1209 432 1240 459 τὸ
1267 429 1337 459 εἶναι
1365 431 1420 467 (65)
1436 430 1619 466 ὑπείληπται,
1644 429 1691 456 καὶ
1720 428 1807 455 πλέον

1015 478 1154 510 ἐλπίζεται
1190 477 1259 513 μετὰ
1277 473 1559 510 ταύτηνοπένς-Μ,
1567 473 1671 501 οὐκοῦν
1684 474 1807 509 ζητῆσαι

1014 522 1077 558 χρὴ,
1098 522 1179 557 φησὶν
1194 521 1392 557 ὴδιδάσκαλος,
1411 521 1470 547 ὅθεν
1488 521 1520 547 ἂν
1540 520 1606 554 ἡμῖν
1620 520 1669 554 τὴν
1688 519 1806 545 δέουσαν

1015 569 1080 604 περ)¹
1093 568 1195 595 τούτων
1210 568 1297 604 ἀρχὴν
1310 568 1324 594 ό
1338 567 1415 601 λόγος
1434 566 1503 602 λάϐῃ
1525 565 1592 601 (66).
1608 565 1664 592 Καὶ
1678 565 1702 591 εί
1714 565 1804 597 δοκεῖ,

1016 615 1092 651 παρὰ
1108 614 1155 641 σοῦ
1175 614 1295 649 γενέσθω
1314 613 1369 640 τῶν
1391 612 1518 639 ἐναντίων
1541 611 1682 646 δογμάτων
1695 611 1712 646 ἡ
1733 619 1805 645 συμ-

1016 660 1112 696 μαχίαο
1126 660 1181 696 όρῶ
1191 659 1246 696 γὰρ
1258 660 1299 687 ὅτι
1314 667 1354 685 σοι
1369 659 1415 686 καὶ
1428 657 1621 692 ὐποκεκίνηται
1634 656 1700 691 πρὸς
1710 656 1804 683 τοιαύ-

1013 715 1063 740 την
1077 705 1134 741 (67)
1151 705 1307 740 καταφορὰν
1321 706 1337 740 ὴ
1352 704 1463 731 διάνοια.
1476 701 1530 729 Εἴθ’
1543 701 1629 733 οὕτως
1644 702 1658 728 ὁ
1670 701 1719 736 τῆς
1735 702 1804 735 ἀλη-

1015 751 1090 783 θείας
1111 747 1180 784 μετὰ
1193 747 1241 782 τὴν
1254 747 1389 775 ἀντίθεσιν
1396 746 1757 782 ἀναζητηθήσεταιλῆγος.-
1768 744 1799 770 Γ.

1019 794 1130 829 Ἐπειδὴ
1149 793 1227 820 τοῦτο
1245 793 1383 824 ἐκέλευσε,
1395 790 1635 827 παραιτησάμενος
1652 789 1738 825 αὐτὴν
1763 789 1803 825 μὴ

174 837 217 864 sio
231 837 407 872 suscipiatur.
421 837 500 872 (Nam
513 838 592 865 video
603 837 676 872 quod
688 838 771 865 etiam
787 838 896 865 animus
909 838 958 865 tibi

1021 839 1084 866 ιατὰ
1101 837 1230 873 ἀλήθειαν
1252 837 1378 872 οἰηθῆναι
1397 837 1431 863 τὰ
1445 837 1511 872 παρ’
1530 835 1609 871 ἡμῶν
1623 834 1680 869 (68)
1697 834 1802 861 ἀντιλέ-

175 885 266 910 motus
279 887 322 910 est
331 901 339 915 ,
351 889 383 910 ac
396 883 478 918 gestit
491 890 538 910 eas
551 883 600 910 tibi
612 881 713 910 deferri
726 883 842 919 partes.)
854 882 957 911 Deinde

1021 883 1123 914 εσθαι.
1140 882 1197 910 ἀλλ’
1217 882 1287 917 ὑπὲρ
1300 881 1348 908 τοῦ
1361 881 1477 917 βεϐαίως
1498 880 1751 914 κατασκευασθῆναι
1771 879 1803 906 τὸ

175 926 229 955 hoc
240 927 323 955 modo
334 931 396 960 post
410 928 611 962 oppositionem
629 927 757 957 veritatis
773 929 844 956 ratio
861 929 955 964 requi-

1021 929 1078 965 περὶ
1089 928 1178 964 ψυχῆς
1193 927 1291 962 δόγμα,
1306 927 1360 953 τῶν
1374 927 1589 954 ἀντιπιπτόντων
1602 926 1657 961 (69)
1674 925 1742 961 πρὸς
1755 924 1802 951 τὸν

175 976 261 999 retur.
292 989 317 994 -
327 975 360 1004 G.
369 976 548 1007 Posteaquam
557 977 647 999 autem
655 973 692 999 ita
703 971 890 1008 facerejussit,
901 973 947 1000 de-

1021 975 1109 1002 »:on
1126 974 1219 1000 τοῦτον
1235 972 1439 999 ὑπεκλνθέντων
1460 972 1528 1007 (70)·

177 1018 461 1050 prccatusabea,ne,
476 1023 537 1050 qua:
556 1023 571 1042 a
592 1017 670 1043 nobis
698 1018 965 1053 contradicercnlur,
986 1029 1037 1056 pro
1074 1021 1146 1049 seria
1173 1027 1206 1047 ac
1228 1027 1292 1047 vera
1318 1018 1537 1046 contradictione
1561 1016 1716 1052 acciperet.
1751 1014 1802 1042 scd

173 1059 276 1088 idcirco
298 1062 431 1096 proferri,
471 1067 501 1090 ut
523 1063 650 1091 doctrina
676 1063 710 1092 de
736 1064 827 1092 anima
851 1065 966 1095 ﬁrmiter
991 1068 1219 1097 constitueretur,
1244 1074 1277 1094 ac
1305 1066 1478 1101 probaretur.
1506 1063 1641 1100 oppositis
1669 1063 1701 1090 ad
1729 1061 1801 1089 hanc

174 1105 356 1134 intentionem
376 1107 474 1136 solutis
487 1117 494 1134 :

207 1161 320 1194 Nonne,
358 1163 487 1199 inquam,
518 1164 576 1191 ha‘c
612 1165 731 1192 dixerint
763 1168 809 1201 qui
843 1173 956 1194 contra-

173 1208 243 1235 riam
277 1208 437 1243 opinionem
464 1209 628 1242 del'cndunt,
656 1212 730 1246 quod
759 1219 877 1247 corpus.
894 1221 956 1240 cum

173 1254 353 1288 compositum
378 1254 430 1285 sit,
453 1262 584 1289 prorsus.
604 1264 637 1283 ex
663 1257 765 1292 quibus
783 1263 908 1288 constat.
931 1259 956 1286 in

173 1305 205 1325 ea
223 1299 388 1326 dissolvatur
400 1300 413 1326 '.’
428 1300 522 1328 Soluta
543 1306 632 1329 autem
650 1310 681 1329 ea
701 1311 762 1337 qua:
780 1308 822 1331 est
842 1305 869 1331 in
890 1313 954 1330 uor-

175 1351 256 1378 porc.
275 1345 476 1373 elementorum
496 1347 643 1374 coalitione
661 1352 743 1383 atque
762 1349 955 1379 concretione.

173 1390 405 1425 unumquodque,
431 1395 460 1418 ut
480 1399 528 1426 par
547 1398 602 1422 est.
625 1392 659 1420 ad
688 1394 829 1430 proprium
860 1395 958 1426 fertur.

174 1434 262 1469 vergit
280 1438 307 1461 ct
326 1435 458 1468 inclinat,
478 1436 537 1472 ipsa
563 1442 661 1464 natura
687 1439 885 1466 elementorum
913 1447 961 1474 per

175 1481 367 1507 alti-actionem
384 1480 530 1514 quamdam
557 1484 742 1510 necessariam
762 1483 804 1515 ei,
827 1483 899 1518 quod
919 1487 962 1512 est

173 1524 298 1558 ejusdem
315 1526 437 1561 generis.
451 1534 530 1553 suum
552 1528 694 1555 reddente.
713 1528 781 1555 Nazn
797 1534 823 1556 et
837 1537 899 1556 cum
916 1537 961 1557 ca-

1043 1166 1080 1194 Ἦ
1107 1175 1158 1193 που
1187 1165 1262 1200 (71).
1294 1164 1376 1199 ἔφην,
1406 1162 1491 1189 ταῦτα
1520 1162 1552 1189 ἂν
1580 1162 1681 1188 εἴποιεν
1711 1161 1736 1188 οἱ
1762 1160 1802 1195 τῷ

1010 1213 1122 1247 ἐναντίῳ
1137 1209 1423 1246 παριστάμενοιλόγῳ,
1439 1208 1519 1234 ὅτιτὸ
1532 1207 1610 1242 σῶμα
1622 1206 1748 1233 σύνθετον
1759 1206 1801 1238 ὃν,

1011 1258 1118 1289 πάντως
1130 1258 1169 1288 εἰς
1183 1256 1227 1289 τὰ,
1239 1255 1269 1288 ἐξ
1280 1252 1317 1282 ὧν
1333 1254 1491 1288 συνέστηκε,
1505 1252 1650 1285 διαλύεται;
1667 1251 1802 1286 Λυοείσης

1010 1303 1038 1329 δὲ
1050 1302 1103 1329 τῶν
1115 1301 1252 1336 στοιχείων
1263 1301 1311 1335 τῆς
1325 1301 1353 1326 ὲν
1363 1298 1401 1334 τῷ
1413 1298 1517 1333 σώματι
1526 1297 1662 1332 συμφυῖας
1677 1297 1746 1331 (7‘2),
1755 1297 1800 1323 ἐπὶ

1011 1349 1040 1375 τὸ
1062 1349 1163 1375 οἰκεῖον
1185 1348 1212 1373 ὲν
1228 1346 1286 1382 (75)
1309 1345 1416 1380 ἑκάστῳ
1436 1344 1540 1378 γίνεται
1561 1342 1630 1369 κατὰ
1647 1341 1677 1368 τὸ
1692 1342 1765 1371 εἰκὸς
1786 1342 1801 1376 ἡ

1013 1393 1083 1428 ῥοπὴ
1092 1392 1175 1426 αὐτῆς
1185 1391 1292 1426 φύσεως
1306 1390 1360 1416 τῶν
1369 1388 1517 1424 στοιχείων,
1530 1388 1563 1413 δι’
1571 1387 1653 1421 ὁλκῆς
1662 1387 1717 1422 (74)
1729 1395 1801 1418 τινος

1012 1436 1163 1471 ἀναγκαίας
1173 1437 1206 1471 τῇ
1218 1435 1342 1470 ὁμογενεῑ
1355 1433 1386 1460 τὸ
1396 1434 1494 1460 οἰκεῖον
1511 1431 1697 1466 ἀποδιδούσης.
1712 1431 1758 1467 Τῷ
1770 1440 1800 1458 τε

1013 1483 1067 1518 γὰρ
1087 1481 1180 1517 θερμῷ
1203 1481 1283 1508 πάλιν
1297 1480 1328 1507 τδ
1346 1480 1375 1506 ὲν
1396 1479 1460 1514 ἡμῖν
1479 1478 1536 1514 (75)
1553 1478 1734 1513 ἑνωοήσεται,
1754 1478 1801 1504 καὶ

1013 1530 1052 1565 τῷ
1065 1528 1171 1565 στεῤῥῷ
1186 1528 1216 1555 τὸ
1229 1527 1329 1562 γεῶδες
1339 1547 1345 1558 ,
1365 1526 1413 1553 καὶ
1427 1525 1482 1552 τῶν
1501 1524 1602 1551 λοιπῶν
1620 1524 1727 1559 ἑκάστῳ
1743 1523 1800 1559 (76)

174 1569 231 1598 lido
246 1578 344 1598 rursus
362 1572 472 1599 unietur
490 1572 516 1599 id
534 1573 606 1607 quod
623 1574 650 1600 in
668 1574 748 1601 nobis
765 1579 807 1601 est
823 1575 961 1607 calidum,

1021 1575 1081 1610 πρὸς
1105 1575 1135 1601 τὺ
1161 1573 1290 1607 συγγενὲς
1315 1573 1332 1607 ἡ
1357 1569 1548 1606 μεταχώρησις
1566 1570 1680 1604 γίνεται.
1705 1570 1738 1596 Ἡ
1754 1567 1801 1596 οὖν

173 1618 201 1642 et
216 1622 279 1642 cum
295 1615 384 1643 solido
400 1623 432 1642 ac
447 1616 517 1643 duro
535 1621 655 1644 terreum
671 1625 678 1648 ;
696 1621 779 1652 atque
797 1626 828 1644 ex
848 1618 962 1652 reliquis

174 1660 391 1695 unumquodque
414 1661 447 1688 ad
470 1665 618 1697 cognatum
643 1662 776 1696 redigitur
795 1667 822 1690 et
846 1663 960 1690 recedit.

174 1705 272 1731 Anima
291 1713 358 1740 ergo
377 1706 550 1741 postmodum
575 1706 620 1732 ubi
642 1706 719 1733 erit?
739 1706 806 1733 Nam
826 1707 962 1742 siquidem

175 1752 278 1786 aliquis
294 1752 368 1779 dicat
382 1760 442 1779 eam
459 1753 486 1779 in
501 1752 645 1780 elementis
660 1760 736 1785 esse,
751 1754 874 1781 eamdem
888 1753 961 1780 illam

175 1804 237 1825 esse
252 1805 314 1824 cum
348 1797 392 1825 his
417 1798 575 1825 necessario
595 1797 746 1831 concedet,
764 1803 847 1833 atque
865 1806 962 1826 assen-

175 1842 271 1869 tietur.
299 1841 358 1869 Non
384 1842 457 1869 enim
483 1842 574 1877 aliqua
599 1849 661 1869 cum
682 1842 774 1870 alieno
792 1843 884 1870 mistio
905 1843 963 1871 fieri

177 1888 273 1924 possit
286 1887 365 1922 ejus,
383 1887 457 1922 quod
477 1891 520 1915 est
539 1887 656 1915 diversae
673 1891 797 1920 naturae,
818 1892 844 1915 et
862 1888 884 1916 si
905 1887 963 1916 haec

177 1933 216 1959 ita
233 1932 309 1964 sint,
326 1932 402 1960 varia
418 1933 541 1967 quzedam
560 1940 675 1969 prorsus
690 1932 839 1965 videbitur,
857 1937 886 1959 ut
902 1940 963 1968 quae

177 1984 240 2004 cum
256 1977 403 2005 contrariis
418 1977 454 2005 sit
468 1978 549 2005 mista
567 1977 745 2013 qualitatibus
760 1987 767 2006 :
783 1978 858 2014 quod
871 1982 961 2006 autem

214 2063 269 2097 (69.)
277 2063 469 2100 ᾼισθᾴνομαι.
478 2064 524 2100 Sic
533 2064 660 2100 rescripsi
670 2072 718 2100 pro
726 2065 853 2100 αἴσθομαι
861 2064 964 2092 utrius-

178 2106 231 2131 que
259 2098 408 2130 editionis,
439 2099 464 2125 vi
496 2099 593 2134 linguze
620 2098 648 2127 ct
670 2098 840 2127 'auctoritate
862 2099 966 2126 utrius-

200 2140 232 2158 llC
246 2141 296 2160 IIIS.

178 2141 351 2204 qlrlicﬁglsi'ér
370 2167 468 2204 aura“
480 2167 538 2204 τὴν
550 2167 634 2204 ζωήντ
662 2168 699 2196 lta
729 2168 826 2204 scripsi
845 2168 899 2196 τῶν
917 2175 966 2203 pro

179 2203 225 2230 τόν
244 2202 322 2236 qund-
334 2202 415 2229 habet
426 2201 510 2230 editio
527 2203 590 2229 anni
607 2203 682 2230 1615.

214 2238 269 2271 (6t)
290 2236 513 2278 'Af'ag21604oc.
550 2237 625 2278 Hanc
655 2245 748 2265 vocem
771 2245 820 2278 pro
847 2237 964 2278 ᾄμφίὸο-

180 2272 234 2303 λος.
251 2270 323 2305 quod
339 2270 423 2299 est‘in
440 2275 555 2306 utraque
563 2273 690 2306 editione,
705 2270 817 2307 requirit
828 2276 855 2299 et
867 2270 964 2300 sensus

180 2311 208 2335 ct
224 2314 274 2333 Ius.
295 2309 449 2340 utrumque.

218 2341 273 2375 (65)
286 2339 478 2374 Περιγράφειν
491 2340 524 2366 τὸ
539 2341 624 2368 εἶναι,
641 2341 678 2368 Ita
693 2341 869 2369 editioParis.
884 2341 964 2371 1658.

183 2377 278 2402 melius
287 2382 367 2411 quam
379 2375 462 2411 altera
477 2374 520 2401 ubi
533 2376 794 2411 legisrrspwpacpsiv,
804 2385 864 2411 quae
875 2380 964 2411 tamen

183 2411 210 2436 in
226 2418 259 2446 eo
274 2410 374 2446 rectius
389 2409 479 2440 habet,
497 2409 568 2443 quod
585 2409 819 2446 pro'Cw'ﬁv'ponit
839 2411 905 2446 ζωή.
922 2410 965 2446 ln-

182 2444 350 2471 tn-rimaliam
367 2447 394 2470 et
413 2449 440 2470 ut
456 2448 530 2476 puto.
549 2446 682 2472 veriorem
697 2444 839 2473 lectionem
855 2444 966 2472 exhibet

184 2487 235 2507 IIIS.
259 2483 415 2512 utrumque,
434 2478 480 2514 ubi
495 2479 530 2514 i_ta
553 2479 650 2506 habent
665 2481 745 2508 verba
767 2490 774 2508 :
798 2481 831 2506 'H
843 2479 966 2514 παροῦσα

184 2514 240 2549 ζωὴ
254 2511 410 2550 περιγραφὴ
420 2512 467 2550 τοῦ
485 2511 553 2540 εἶναι
569 2514 741 2550 ὑπείληπται.
759 2515 862 2550 Sensus
879 2511 966 2541 utrin-

186 2547 240 2582 que
253 2547 323 2584 idem
335 2547 386 2584 est.
402 2547 450 2575 sed
472 2550 606 2582 posterior
630 2547 735 2584 phrasis
756 2549 904 2577 Griecismo
920 2556 967 2576 ac-

184 2582 391 2611 commodatior.

219 2618 274 2650 (66)
288 2617 379 2651 Λάδῃ.
395 2617 598 2652 Ms.utrnmque
617 2619 701 2647 λάϐοι.

218 2652 274 2688 (67)
288 2652 519 2688 Πρὸςτοιριύεην.
537 2653 599 2680 Mss.
615 2655 634 2679 Δ
658 2654 751 2688 Hirpos;
763 2653 811 2688 τὴν
829 2652 965 2686 τοιαύτην.

220 2685 276 2723 (68)
288 2685 456 2723 Παρ“ἠμῶν.
467 2686 523 2714 lloc
532 2689 636 2715 restitui
646 2697 694 2723 pro
704 2685 837 2722 ἆταρ¹ήμῐν
846 2685 965 2723 vulgato.

185 2721 326 2758 Consentit
342 2729 393 2749 ms.
418 2726 573 2758 utrumque,
594 2728 621 2750 et
642 2721 761 2750 rationes
783 2721 968 2757 grammaticae

186 2757 338 2791 requirunt.

221 2790 277 2823 ('69)
294 2790 606 2821 Τῶνάντιπιπτόντων.
618 2793 768 2820 Articulum
783 2791 899 2827 praernisi
917 2799 950 2818 au
961 2805 967 2810 -

187 2827 310 2856 claritate
323 2834 389 2855 mss.

1015 1621 1088 1656 ψυχὴ
1102 1620 1170 1655 μετὰ
1187 1618 1264 1646 τοῦτο
1280 1618 1331 1644 ποῦ
1345 1617 1438 1648 lerat;
1454 1616 1485 1642 El
1499 1615 1548 1650 μὲν
1565 1615 1619 1650 γὰρ
1633 1615 1688 1650 (77)
1706 1615 1734 1641 ὲν
1744 1615 1800 1646 τοῖς

1017 1665 1157 1700 στοιχείοις
1179 1661 1248 1690 εῐναί
1258 1671 1299 1694 τις
1321 1661 1406 1695 λέγοι,
1424 1660 1473 1695 τὴν
1497 1659 1581 1695 αὐτὴν
1602 1657 1671 1686 εἶναι
1694 1659 1800 1689 τούτοις

1016 1711 1075 1738 κατ’
1089 1710 1211 1744 ἀνάγκην
1227 1708 1397 1743 συνθήσεται.
1414 1707 1452 1733 Οὐ
1465 1706 1519 1742 γὰρ
1535 1706 1567 1732 ἂν
1582 1704 1684 1739 γένοιτό
1698 1712 1740 1735 τις
1752 1704 1799 1730 τοῦ

1016 1752 1177 1788 ἑτεροφυοῦς
1196 1751 1264 1787 πρὸς
1277 1750 1308 1777 τὸ
1320 1749 1459 1785 ἀλλότριον
1485 1748 1573 1783 μίξις,
1591 1748 1639 1774 καὶ
1650 1767 1657 1780 ,
1671 1748 1696 1773 εί
1716 1746 1799 1773 ταῦτα

1016 1797 1077 1832 εἴη,
1097 1796 1206 1831 ποικίλη
1221 1805 1262 1827 τις
1281 1795 1390 1826 πάντως
1413 1794 1615 1828 ἀναφανήσεται
1632 1793 1648 1828 ἡ
1668 1792 1736 1828 πρὸς
1751 1792 1800 1823 τὰς

1015 1840 1139 1872 ἐναντίας
1150 1839 1304 1875 μεμιγμένη
1313 1839 1468 1873 ποιότητας,
1481 1838 1511 1864 τὸ
1524 1838 1552 1864 δὲ
1566 1837 1685 1864 ποικίλον
1699 1836 1799 1863 ἁπλοῦν

1015 1887 1065 1914 οὐκ
1084 1885 1166 1919 ἔστιν,
1191 1884 1247 1912 ἀλλ’
1269 1885 1298 1911 ὲν
1314 1884 1436 1910 συνθέσει
1451 1884 1594 1919 θεωρεῖται
1610 1883 1725 1914 πάντως.
1742 1883 1799 1908 Πᾶν

1014 1931 1042 1959 δὲ
1058 1931 1089 1958 τὸ
1106 1930 1232 1958 σύνθετον
1247 1929 1294 1957 καὶ
1304 1928 1428 1956 διαλυτὸν
1439 1929 1468 1962 ἐξ
1484 1929 1605 1963 ἀνάγκης
1616 1937 1622 1943 ·
1638 1929 1655 1962 ἡ
1667 1927 1695 1954 δὲ
1709 1927 1798 1953 διάλυ-

1014 1985 1057 2009 σις
1075 1975 1164 2011 φθορὰ
1183 1974 1231 2002 τοῦ
1251 1973 1418 2006 συνεστῶτός
1434 1974 1502 2001 ἐστι.
1524 1974 1561 2000 Τὸ
1575 1973 1603 2000 δὲ
1624 1973 1798 2008 φθειρόμενον

1055 2063 1112 2098 (70)
1131 2061 1380 2098 Ὑπεκλυθέντων.
1391 2060 1443 2098 >Si_c
1465 2060 1607 2096 legendum
1624 2059 1736 2098 omnino
1748 2064 1798 2098 _est

1019 2094 1070 2133 pro
1081 2094 1153 2125 edito
1166 2094 1502 2133 bmxkneév'rgwjubente
1515 2103 1565 2122 ms.
1581 2099 1706 2133 utroque.
1728 2094 1796 2121 Idem

1018 2129 1154 2168 expressit
1173 2129 1306 2168 interpres
1331 2131 1459 2168 Latinus,
1490 2133 1517 2156 et
1540 2130 1641 2164 passim
1660 2129 1796 2161 observes,

1018 2165 1164 2200 gehtiiuam
1176 2165 1319 2195 lectionem
1334 2166 1362 2193 in
1375 2165 1501 2193 versione
1511 2168 1629 2197 exstare,
1642 2171 1696 2191 non
1709 2167 1797 2191 autem

1018 2202 1047 2230 in
1064 2206 1151 2229 textu.

1050 2235 1152 2271 (Ἡ)Ἦ
1167 2244 1236 2263 που.
1255 2234 1363 2271 Adhaec
1377 2234 1458 2261 verba
1474 2233 1500 2271 in
1518 2232 1763 2271 margipecodicis
1777 2234 1798 2271 A_

1014 2269 1072 2299 huic
1085 2268 1211 2306 leguntur
1222 2279 1229 2298 :
1240 2269 1327 2306 Ἔνθα
1337 2270 1448 2306 ἄρχεται
1466 2268 1504 2306 ᾡς
1586 2268 1639 2306 τῷν
1649 2268 1775 2306 suav:in
1783 2268 1798 2293 ὀ

1015 2302 1163 2337 ὲπίσκοὲιος
1176 2326 1183 2336 ,
1200 2305 1268 2340 πρὸς
1285 2305 1334 2339 τὴν
1348 2302 1451 2330 οἰκείαν
1473 2302 1597 2340 ἀδελφὴνΔ
1611 2302 1795 2340 διαλέγεσθαιε

1015 2342 1035 2368 i.
1053 2350 1079 2370 e.
1108 2341 1155 2377 Hic
1170 2337 1262 2372 incipit
1281 2337 1416 2372 episcopus
1438 2342 1563 2377 ianque!"
1588 2337 1615 2377 in
1637 2337 1797 2364 contrariam

1016 2376 1172 2404 sententiam
1185 2379 1278 2401 contra
1295 2381 1412 2400 sororem
1425 2381 1501 2400 suam
1515 2373 1661 2406 disputare.

1051 2411 1108 2445 (72)
1127 2409 1292 2445 Σμμφυΐας.
1311 2408 1405 2445 Δ(Σοόιειι
1423 2408 1446 2445 ᾼ
1465 2407 1493 2433 in
1510 2407 1679 2445 ter_tu_habet
1695 2414 1797 2445 σομφο-

1017 2441 1077 2482 pag.
1094 2441 1223 2472 mendose
1240 2451 1249 2470 :
1269 2446 1296 2469 at
1311 2442 1338 2470 in
1351 2442 1473 2478 margine
1489 2441 1643 2469 restituitur
1658 2441 1737 2468 lectio
1754 2448 1798 2475 ge-

1016 2488 1110 2508 ttuma.

1053 2515 1110 2550 (75)
1131 2514 1179 2540 Ἐν
1203 2512 1275 2540 delet
1291 2519 1343 2539 ms.
1359 2515 1506 2546 utrumque
1527 2518 1535 2537 ε
1559 2517 1649 2545 neque
1673 2517 1706 2537 eo
1729 2516 1796 2545 opus

1016 2554 1068 2577 est.

1053 2584 1108 2617 (74)
1125 2583 1164 2608 Δι’
1178 2581 1283 2614 ὁλκῆς.
1301 2581 1346 2608 Sic
1361 2581 1594 2617 scribereAsensus
1605 2580 1694 2617 jubet.
1707 2583 1734 2607 et
1748 2579 1796 2607 La-

1017 2618 1072 2645 tina
1089 2615 1197 2652 quoque
1210 2616 1298 2644 versio
1313 2615 1456 2650 expressit.
1474 2615 1558 2644 Habet
1572 2623 1637 2643 vero
1651 2615 1731 2642 etiam
1746 2622 1794 2642 ms.

1017 2658 1173 2680 utrumuue.

1052 2661 1179 2721 293%“;
1194 2685 1274 2720 ἡμῖν.
1287 2685 1326 2712 Ita
1342 2689 1416 2712 recte
1434 2685 1478 2712 ed.
1491 2685 1555 2712 anni
1570 2685 1648 2716 1658,
1663 2692 1712 2719 pro
1724 2691 1796 2712 men-

1017 2721 1085 2748 doso
1100 2722 1212 2748 alterius
1226 2721 1254 2746 ὲν
1270 2721 1345 2754 ὑμῖν.

1055 2756 1111 2790 (76)
1134 2755 1278 2788 'Exdo‘tq).
1291 2753 1352 2781 'Pro
1364 2754 1479 2781 ἑκάστου
1499 2755 1582 2791 edito,
1598 2753 1729 2790 probante
1749 2760 1795 2781 no-

1019 2795 1104 2819 strum
1118 2798 1167 2816 ms.
1185 2794 1310 2822 utroque.

1055 2825 1112 2861 (77)
1127 2825 1199 2859 Γάρ.
1215 2824 1312 2852 Addidi
1329 2832 1362 2852 ex
1374 2831 1424 2851 ms.
1444 2824 1476 2850 Α.
