1919 3069
181 139 219 170 23
796 133 825 161 S.
845 133 1010 161 GREGORII
1036 133 1181 161 NYSSENI

1789 139 1839 168 24

184 206 224 229 tes
242 204 308 229 sunt
325 200 436 232 omnia,
455 206 516 233 quae
539 197 568 224 in
593 195 774 225 universitate
799 203 892 223 rerum
914 196 967 224 sub

1032 203 1082 226 μους
1101 195 1140 229 (‘2)
1153 194 1372 230 διατειχίζοντες.
1395 195 1449 230 Γῆν
1471 195 1486 221 ὁ
1508 194 1627 228 τοιοῦτος
1649 194 1745 231 βλέπει
1767 197 1818 232 μό-

183 254 297 275 sensum
313 244 441 274 cadentia
458 243 683 278 conspiciuntur,
702 242 793 270 minus
808 243 863 270 alto
881 243 975 271 animo

183 291 307 328 praeditis
323 289 404 326 quasi
422 289 529 325 pariete
543 297 592 324 per
609 296 671 316 scsc
689 288 797 323 obiecto
814 295 910 315 earum
928 296 974 316 re-

183 344 264 369 rum,
289 343 351 371 qua}
376 338 467 362 mente
495 338 578 369 atque
602 333 784 369 intelligentia
811 338 974 367 cernuntur,

184 389 268 410 causa
295 379 520 416 contemplationi
550 378 695 406 olﬁcientia
709 383 736 406 et
749 379 895 406 obstantia.
910 379 977 407 Ter-

184 434 244 454 ram
253 446 261 458 ,
272 427 318 461 qui
331 427 396 453 talis
405 430 446 453 est
456 446 464 459 ,
477 432 577 460 aquam
588 445 596 457 ,
611 431 717 457 aerem,
736 424 828 459 ignem
843 424 977 452 duntaxat

187 474 332 507 intuetur;
351 473 424 501 unde
445 476 538 500 autent
556 471 657 499 horum
680 470 902 507 unumquodque.
918 471 975 504 sit,

186 524 233 546 aut
253 527 301 555 per
319 518 394 554 quod
406 540 413 552 ,
434 522 482 545 aut
497 525 512 544 a
528 525 584 553 quo
600 521 775 550 coerceatnr,
794 518 975 553 comprehen-

186 565 267 592 datur
287 569 314 593 et
336 564 524 597 contineatur,
550 563 714 600 perspicere]
728 571 786 598 prae
805 563 889 591 animi
915 564 976 591 exi-

186 612 290 646 guitate
305 618 359 639 non
377 615 479 646 potest.
492 611 532 638 Ac
548 614 653 638 vestem
667 609 777 646 quidem
797 609 897 645 aliquis
912 617 977 638 con-

187 657 327 692 spicatus.
355 657 509 684 rationibus
537 664 571 684 eo
598 656 756 689 adducitur,
785 660 815 683 ut
842 660 976 684 textorem

187 707 340 738 agnoscat;
357 711 406 738 per
423 710 520 730 navem
539 702 734 730 fabricatorem
751 701 813 737 ejus
830 702 975 737 intelligit,

186 748 307 784 itemque
322 749 406 776 simul
419 753 503 784 atque
516 748 664 776 aedilicium
678 752 858 782 conspectum
876 747 957 775 fuerit
968 767 975 779 ,

187 801 285 822 manus
299 794 406 830 opilicls
421 795 606 830 spectantium
623 795 709 822 menti
726 794 891 822 obversatur
906 803 912 821 :
930 793 976 821 isti

185 847 251 867 vero
264 839 328 867 dum
343 839 474 867 mundum
489 840 643 873 intuentur,
661 841 695 867 ad
712 847 775 867 eum
786 859 794 872 ,
810 841 857 875 qui
875 847 924 874 per
943 840 975 867 il-

186 886 242 913 lum
260 885 426 919 declaratur,
439 888 590 914 ctecutiunt
612 891 640 914 et
660 869 884 914 hallucinanItur.‘
895 886 975 914 Unde
991 869 1012 898 Β

187 931 233 964 ﬁt,
248 936 277 960 ut
291 933 360 960 scita
377 932 431 959 ista
446 936 527 959 acuta
541 935 576 960 ab
591 932 636 964 iis,
649 933 697 968 qui
711 933 852 961 interitum
866 937 894 960 et
907 933 973 960 abo-

186 976 310 1005 litionem
324 977 422 1005 animae
435 978 494 1006 suis
507 978 628 1006 decretis
641 978 771 1011 tradunt.
787 978 975 1014 proferantur,

185 1028 287 1057 corpus
308 1023 440 1050 nimirum
464 1031 498 1051 ex
518 1024 683 1056 elementis.
705 1028 733 1052 et
754 1025 890 1053 elementa
914 1032 976 1053 esse

185 1074 219 1094 ex
235 1074 362 1101 corpore,
379 1067 445 1095 item
460 1068 580 1095 animam
596 1076 644 1103 per
659 1075 722 1096 sese
735 1075 797 1097 esse
810 1076 865 1096 non
882 1075 975 1104 posse,

186 1112 240 1139 nisi
254 1112 297 1139 vel
312 1112 411 1140 horum
427 1112 530 1147 aliquid
541 1131 549 1145 ,
566 1113 609 1140 vel
625 1113 653 1140 in
667 1112 711 1140 bis
729 1113 776 1141 sit.
789 1112 857 1140 Nam
874 1113 897 1141 si
911 1121 975 1148 pro-

186 1160 279 1192 pterea
303 1164 442 1193 nusquam
464 1165 524 1185 eam
550 1164 612 1186 esse
636 1157 790 1186 adversarii
814 1158 974 1193 opinantur,

186 1201 260 1236 quod
282 1203 373 1229 anima
399 1210 455 1230 non
480 1202 516 1230 sit
537 1202 663 1238 ejusdem
688 1204 798 1238 generis
822 1208 850 1232 et
871 1208 976 1231 naturae

185 1254 249 1274 cum
263 1247 407 1276 elementis
420 1257 427 1275 :
446 1248 474 1275 hi
491 1248 611 1284 primum
627 1248 738 1284 quidem
752 1249 836 1276 etiam
847 1269 855 1281 ,
871 1256 933 1284 quae
947 1249 975 1276 in

185 1299 269 1320 carne
283 1293 404 1328 degitur,
422 1293 507 1321 vitam
526 1294 678 1322 iuanimam
693 1302 756 1323 esse
772 1295 884 1322 tradant
902 1296 974 1330 (non

186 1337 258 1365 enim
273 1338 348 1365 aliud
362 1339 512 1374 quidquam
526 1347 627 1375 corpus
643 1345 704 1373 est,
722 1345 804 1376 atque
821 1347 976 1368 concursus

184 1383 412 1422 elementorum),
425 1392 493 1421 ergo
503 1393 554 1414 nec
566 1386 594 1412 in
606 1386 650 1414 bis
659 1386 769 1421 quidem
782 1386 901 1414 animam
913 1394 976 1414 esse

184 1427 301 1460 dicant,
320 1436 382 1464 quae
399 1437 449 1464 per
466 1437 529 1458 sese
547 1430 668 1457 viviﬁcet
686 1437 747 1458 eam
767 1431 975 1458 concretionem

187 1477 271 1508 atque
284 1475 503 1502 commistionem
519 1484 526 1502 :
546 1475 683 1509 siquidem
703 1475 762 1502 ﬁeri
783 1476 899 1510 posthac
918 1483 974 1502 non

187 1522 293 1554 potest,
311 1519 545 1554 quemadmodum
565 1521 727 1555 opinantur,
749 1524 779 1547 ut
798 1520 974 1548 manentibus

185 1556 330 1591 elementis
343 1563 427 1591 etiam
445 1564 537 1591 anima
555 1565 610 1598 sit,
627 1571 684 1600 quo
698 1564 844 1597 eiliciatur,
860 1570 890 1592 ut
906 1565 973 1592 nihil

185 1607 260 1636 aliud
270 1629 278 1642 ,
293 1616 375 1643 quam
392 1614 531 1637 mortuam
547 1618 609 1638 esse
623 1610 707 1638 vitam
722 1614 846 1638 nostram
861 1611 976 1638 demon-

185 1657 285 1681 strent.
306 1653 356 1682 Sin
373 1658 466 1682 autem
486 1662 561 1682 nunc
587 1655 616 1682 in
634 1662 751 1691 corpore
770 1656 891 1682 animam
912 1663 975 1682 esse

186 1707 241 1727 non
257 1699 404 1732 dubitant,
421 1708 477 1736 quo
490 1705 572 1736 pacto
589 1707 707 1736 corpore
721 1701 857 1729 dissoluto
874 1702 901 1729 in
919 1702 976 1730 eie-

186 1748 279 1772 menta
301 1744 420 1772 animam
443 1746 546 1773 aboleri
569 1752 652 1780 atque
673 1747 787 1775 interire
803 1751 918 1775 censent
943 1755 976 1775 ac

186 1788 324 1816 tradunt?
339 1788 443 1817 Deinde
462 1797 528 1817 vero
554 1790 690 1817 adversus
715 1791 837 1818 divinam
864 1798 976 1826 quoque

186 1839 314 1862 naturam
331 1834 407 1869 paria
424 1834 543 1862 audeant
561 1835 674 1870 obloqui
688 1839 716 1863 et
731 1836 880 1864 oblatrare.
901 1836 976 1869 Quo-

187 1880 270 1909 modo
286 1879 360 1908 enim
377 1879 471 1907 dicent
487 1880 671 1914 invisibilem,
690 1881 898 1916 ineorpoream,
916 1889 976 1909 ma-

186 1925 439 1960 terim‘expertem,
458 1928 486 1952 et
501 1932 561 1953 eam
581 1933 644 1960 quae
661 1931 752 1954 mente
773 1926 832 1954 sola
851 1927 975 1962 percipi-

186 1975 242 2002 tur,
261 1977 387 1999 naturam
400 1971 428 1999 in
444 1971 558 1999 humida
577 1971 727 2006 molliaque
740 1976 768 1999 et
782 1972 871 2000 calida
891 1977 974 2008 atque

1026 250 1075 276 νην
1091 241 1129 276 (3)
1139 261 1146 273 ,
1161 240 1207 267 καὶ
1222 241 1304 276 ὕδωρ,
1319 242 1365 267 καὶ
1379 240 1464 276 ἀέρα,
1481 241 1528 267 καὶ
1547 240 1603 277 πῦρ
1613 250 1620 256 -
1634 241 1695 269 ὅθεν
1712 243 1742 269 δὲ
1758 243 1831 270 ratio

1026 296 1080 314 των
1100 287 1225 320 ἕκαστον,
1242 287 1260 322 ῆ
1280 287 1310 313 ἑν
1325 287 1377 313 τίνι
1393 286 1478 319 ἐστὶν,
1492 286 1510 322 ἢ
1527 287 1578 314 ὑπὸ
1598 287 1671 319 τίνος
1689 288 1727 323 (4)
1742 297 1831 324 περιρ

1027 334 1176 368 κρατεῖται,
1191 332 1284 359 διιδεῖν
1298 331 1350 358 ὑπὸ
1366 331 1548 368 μικροψυχίας
1569 331 1600 358 οὺ
1617 331 1741 360 δύναται.
1762 333 1823 359 Καὶ

1029 378 1134 413 ἱμάτιον
1151 377 1201 413 μὲν
1220 377 1258 413 (5)
1273 386 1316 409 τις
1342 377 1403 404 ίδὼν
1425 377 1472 404 τὸν
1487 378 1610 413 ὑφάντην
1625 377 1826 412 ἀνελογίσατο,

1027 427 1074 451 καὶ
1096 424 1140 451 διὰ
1153 425 1203 459 τῆς
1225 424 1289 460 νηὸς
1305 424 1343 460 (6)
1359 424 1404 451 τὸν
1423 424 1562 459 ναυπηγὸν
1580 424 1721 460 ἐνενόησεν
1731 445 1739 458 ,
1753 425 1771 460 ῆ
1792 433 1826 451 τε

1027 470 1110 498 αὑτοῦ
1127 470 1266 505 οἰκοδόμου
1280 470 1341 506 χεὶρ
1353 470 1420 506 ὁμοῦ
1437 471 1471 506 τῇ
1491 470 1538 497 τοῦ
1557 469 1773 506 οἰκοδομήματος
1781 471 1823 505 (7)

1027 515 1086 550 ὕψει
1101 517 1133 551 τῇ
1144 515 1252 551 διανοίᾳ
1267 515 1321 543 τῶν
1336 515 1480 551 θεωμένων
1493 515 1643 551 ἐγγίνεται.
1656 517 1689 543 οι
1704 516 1734 543 δὲ
1752 516 1823 552 πρὸς

1026 562 1073 589 τὸν
1096 562 1198 598 κόσμον
1212 562 1330 598 ὁρῶντες
1344 563 1412 598 πρὸς
1426 562 1472 589 τὸν
1486 562 1530 590 διὰ
1549 561 1653 589 τούτων
1668 562 1708 597 (8)
1725 562 1822 598 δηλού-

1028 617 1108 643 μενον
1130 607 1343 643 ὰμῦλυωποῦσιν
1368 608 1417 642 (9),
1433 607 1495 634 ὅθεν
1515 607 1551 634 τὰ
1576 607 1645 642 σοφὰ
1662 607 1718 644 (10)
1733 607 1825 635 ταῦτα

1028 651 1078 680 καῖ
1089 653 1188 689 δριμέα
1204 653 1277 689 παρὰ
1289 654 1344 680 τῶν
1355 653 1402 680 τὸν
1416 653 1571 689 ἀφανισμὸν
1584 654 1675 689 ψυχῆς
1686 653 1823 689 δογματι-

1027 698 1127 730 ζόντων
1142 699 1318 735 προφέρεταιο
1332 698 1411 733 σῶμα
1422 699 1454 724 ἐκ
1468 698 1621 734 στοιχείων,
1637 699 1686 725 καὶ
1699 699 1824 733 στοιχεῖα

1027 745 1060 771 ἐκ
1083 744 1228 780 σώματος,
1254 746 1300 772 καὶ
1321 744 1353 771 τὸ
1371 745 1408 780 μὴ
1426 744 1558 772 δύνασθαι
1571 745 1621 779 τὴν
1642 745 1734 780 ψυχὴν
1758 744 1823 771 καθ’

1028 790 1127 826 ἑαυτὴν
1143 789 1229 825 εἶναι,
1245 792 1269 818 ει
1287 792 1357 827 μήτε
1373 790 1475 817 τούτων
1498 800 1524 817 τι
1542 791 1585 827 εἴη
1598 811 1605 823 ,
1627 791 1694 826 μήτε
1711 792 1741 817 ἐν
1761 790 1826 816 τοὺ-

1029 843 1096 866 τοις.
1112 835 1143 862 Εἰ
1159 835 1214 871 γὰρ
1233 835 1274 862 ὅτι
1293 835 1331 871 μὴ
1351 836 1474 870 ὀμοφυὴς
1487 836 1543 867 τοῖς
1559 834 1700 870 στοιχείοις
1712 835 1787 861 ὲστῖν
1804 835 1824 869 ἡ

1028 879 1111 916 ψυχὴ,
1126 881 1170 908 διὰ
1186 880 1266 908 τοῦτο
1282 881 1340 916 (11)
1355 880 1472 916 οὐδαμοῦ
1488 878 1558 907 εἶναι
1575 881 1660 917 αὐτὴν
1675 881 1700 907 οι
1715 880 1809 907 ἀντιλέ

1027 933 1120 958 γοντες
1140 925 1255 952 οἴονταιο
1269 921 1342 952 οὗτοι
1363 925 1471 961 πρῶτον
1486 926 1535 961 μὲν
1556 925 1604 953 καὶ
1621 926 1672 961 τὴν
1691 926 1720 952 ὲν
1737 925 1824 961 σαρκὶ

1027 970 1099 1006 ζωὴν
1113 970 1217 1006 ἄψυχον
1231 969 1300 998 εῖναι
1318 970 1567 1007 δογματιζέτωσαν.
1582 971 1621 998 υὺ
1643 971 1698 1006 γὰρ
1712 971 1778 999 ἄλλο
1793 980 1822 998 τι

1026 1017 1058 1044 τὸ
1078 1017 1158 1053 σῶμά
1173 1010 1257 1050 ἔστιν,
1278 1018 1303 1044 εί
1319 1017 1357 1053 μὴ
1371 1017 1508 1053 συνδρομὴ
1524 1017 1578 1044 τῶν
1604 1017 1744 1052 στοιχείων
1755 1025 1762 1032 ·
1781 1017 1823 1052 μὴ

1026 1063 1116 1090 τοίνυν
1133 1063 1194 1098 μηδ’
1209 1063 1238 1089 ὲν
1252 1062 1356 1095 τούτοις
1366 1063 1416 1099 τὴν
1429 1063 1518 1098 ψυχὴν
1529 1061 1599 1090 εἶναι
1613 1063 1770 1097 λεγέτωσαν
1784 1063 1820 1089 δι’

1027 1108 1127 1144 ἑαυτῆς
1149 1108 1333 1141 ζωοποιοῦσαν
1357 1108 1413 1143 (12)
1435 1108 1466 1135 τὸ
1489 1107 1647 1143 σύγκριμα·
1672 1108 1751 1142 εἴπερ
1768 1106 1822 1133 οὐκ

1027 1154 1085 1182 ἔστι
1101 1154 1171 1190 μετὰ
1186 1153 1272 1181 ταῦτα
1289 1153 1410 1185 δυνατὸν,
1427 1152 1520 1185 καθὼς
1539 1153 1640 1180 οἴονται
1651 1172 1659 1185 ,
1673 1152 1730 1180 τῶν
1744 1161 1821 1179 στοι-

1027 1200 1107 1236 χείων
1123 1199 1206 1227 ὄντων
1218 1199 1266 1226 mi.
1286 1199 1341 1235 τὴνι
1353 1199 1441 1236 ψυχὴν
1461 1196 1542 1231 εἶναι,
1565 1198 1604 1230 ὡς
1617 1198 1701 1234 μηδὲν
1713 1198 1779 1225 ἄλλο
1802 1199 1820 1234 ἦ

1027 1245 1127 1281 νεκρὰν
1145 1245 1195 1281 τὴν
1210 1245 1282 1281 ζωὴν
1298 1245 1377 1281 ἡμῶν
1398 1246 1463 1281 παρ’
1479 1245 1570 1272 αὐτῶν
1594 1244 1820 1271 ἀποδείκνυσθαι.

1027 1292 1058 1318 Et
1074 1291 1102 1318 δὲ
1126 1290 1173 1318 νῦν
1193 1291 1221 1318 ὲν
1242 1291 1281 1326 τῷ
1302 1290 1408 1326 σώματι
1424 1291 1475 1326 τὴν
1495 1290 1585 1326 ψυχὴν
1608 1287 1679 1317 εἶναι
1698 1290 1753 1326 (15)
1768 1291 1822 1317 οὐκ

1026 1336 1236 1372 ἀμφιῦἀλλουσι,
1264 1336 1322 1368 πῶς
1337 1335 1384 1363 τοῦ
1405 1335 1531 1371 σώματος
1553 1336 1610 1372 (14)
1624 1337 1665 1368 εις
1686 1335 1722 1363 τὰ.
1746 1344 1822 1362 acat-

1026 1383 1088 1417 χεῖα
1103 1382 1150 1409 τὸν
1171 1382 1325 1418 ἀφανισμὸν
1345 1382 1430 1417 αὐτῆς
1449 1381 1662 1417 δογματίζουσι,
1678 1381 1774 1408 ἔπειτα
1791 1382 1822 1409 δὲ

1026 1428 1072 1454 καὶ
1087 1427 1159 1455 κατὰ
1170 1427 1271 1463 ταύτης
1287 1427 1342 1463 (15)
1359 1428 1410 1463 τῆς
1428 1428 1503 1460 θείας
1520 1427 1629 1463 φύσεως
1640 1427 1674 1454 τὰ
1689 1425 1737 1455 [aa
1756 1427 1820 1454 τολ-

1028 1473 1166 1509 μάτωσαν.
1183 1473 1246 1505 Πῶς
1268 1474 1324 1509 γὰρ
1342 1473 1434 1509 ἐροῦσι
1454 1473 1503 1510 τὴν
1518 1474 1614 1510 νοεράν
1636 1482 1667 1500 τε
1693 1473 1751 1509 (16)
1771 1474 1821 1500 καὶ

1026 1518 1107 1545 ἇῡλον
1128 1518 1176 1546 καὶ
1199 1519 1273 1553 ἀειδῆ
1290 1519 1370 1554 φύσιν
1392 1520 1432 1551 είς
1447 1519 1481 1546 τὰ
1502 1519 1575 1555 ὑγρά
1592 1527 1622 1546 τε
1638 1520 1686 1546 καὶ
1706 1519 1821 1554 μαλακὰ

1027 1564 1074 1591 καὶ
1089 1564 1421 1600 στερέμνιαδιαδυομένην
1437 1564 1493 1599 (1⁵1)
1505 1565 1534 1591 tv
1552 1564 1591 1600 τῷ
1609 1562 1680 1591 εἶναι
1695 1565 1821 1600 συνέχειν

1026 1609 1061 1635 τὰ
1073 1608 1148 1641 ὄντα,
1159 1608 1220 1635 οὔτε
1239 1609 1376 1644 συγγενῶς
1389 1610 1502 1645 ἔχουσαν
1512 1610 1579 1646 πρὸς
1590 1610 1624 1637 τὰ
1639 1611 1669 1636 ἐν
1685 1607 1726 1642 οἷς
1740 1611 1818 1644 γίνε-

1026 1663 1083 1687 ται,
1094 1654 1156 1681 οὔτε
1172 1654 1215 1681 διὰ
1226 1654 1256 1681 τὸ
1266 1655 1421 1691 ἐτερογενὲς
1432 1657 1461 1682 ὲν
1473 1656 1566 1688 αὐτοῖς
1581 1654 1652 1683 εἶναι
1669 1656 1818 1683 ἀδυνατοῦ-

1028 1708 1078 1727 σαν
1089 1708 1096 1733 ;
1110 1700 1214 1727 Οὐκοῦν
1222 1700 1364 1736 ἐξῃρήσθω
1373 1701 1429 1736 (18)
1440 1701 1555 1728 καθόλου
1563 1701 1611 1728 τοῦ
1620 1702 1755 1737 δόγματος
1769 1703 1817 1729 αὑ-

1027 1746 1082 1772 τῶν
1111 1747 1159 1773 καὶ
1180 1746 1245 1773 αὐτὸ
1273 1745 1304 1772 τὸ
1317 1746 1403 1779 Θεῖον,
1414 1742 1818 1780 ᾧδιακρατείταιτὰὸντα.-Γ.

1028 1792 1099 1818 Αὐτὸ
1111 1792 1140 1819 δὲ
1154 1792 1209 1828 (19)
1223 1792 1313 1824 τοῦτο,
1323 1789 1398 1819 εἷπον
1414 1792 1469 1827 (20)
1482 1791 1547 1826 ἐγὼ,
1559 1791 1619 1823 πῶς
1631 1791 1664 1818 ἂν
1677 1792 1732 1822 τοῖς
1744 1791 1820 1817 ἀντι-

1028 1837 1151 1870 λέγουσιν
1178 1836 1363 1871 ἀναμφίὸολον
1386 1837 1502 1871 γένοιτο,
1519 1836 1550 1863 τὸ
1568 1837 1600 1863 ὲκ
1611 1835 1678 1863 Θεοῦ
1695 1834 1765 1863 εἶναι
1783 1836 1819 1863 τὰ

1029 1881 1119 1909 πάντα
1131 1901 1139 1914 ,
1153 1881 1200 1908 καὶ
1211 1882 1240 1908 ὲν
1256 1881 1330 1916 αὐτῷ
1344 1881 1568 1917 περικρατεῖσθαι
1590 1882 1625 1909 τὰ
1640 1882 1706 1909 ὄντα
1715 1901 1724 1914 ,
1736 1881 1754 1917 ἢ
1768 1882 1818 1909 καὶ

1028 1927 1097 1959 δλως
1112 1927 1144 1954 τὸ
1160 1923 1231 1954 εἷναί
1249 1936 1276 1954 τι.
1286 1927 1364 1955 Θεῖον
1378 1928 1428 1963 τῆς
1445 1927 1499 1954 τῶν
1517 1927 1603 1955 ὀντων
1619 1927 1820 1964 ὑπερκείμενον

1027 1981 1145 2008 φυσεως;

186 2016 255 2043 dura
278 2020 468 2052 penetrantem
494 2017 522 2044 in
545 2017 666 2045 essentia
687 2017 829 2046 continere
842 2026 888 2046 res
903 2018 1063 2052 universas,
1077 2027 1138 2054 qua
1154 2023 1239 2047 sunt:
1256 2027 1319 2047 cum
1335 2026 1425 2055 neque
1451 2019 1563 2055 cognita
1588 2019 1747 2055 ejusdemve
1771 2026 1818 2055 ge-

186 2061 261 2088 neris
283 2068 346 2089 cum
370 2061 404 2089 iis
427 2061 483 2094 sit,
508 2061 537 2089 in
560 2062 662 2096 quibus
687 2066 824 2096 versatur,
849 2071 939 2098 neque
965 2068 1111 2100 propterea
1133 2064 1207 2100 quod
1225 2065 1340 2094 alterius
1357 2072 1390 2092 ac
1407 2065 1510 2094 diversi
1527 2058 1636 2101 generis
1651 2065 1705 2099 sit,
1721 2065 1749 2092 iu
1776 2064 1817 2092 eis

185 2113 248 2135 esse
262 2114 318 2134 non
335 2107 444 2142 possit?
467 2108 540 2143 Ergo
563 2107 674 2143 penitus
700 2115 735 2136 ex
760 2115 858 2136 eorum
880 2109 1007 2137 doctrina
1027 2110 1163 2137 eximatur
1179 2110 1261 2138 etiam
1281 2110 1373 2146 ipsum
1391 2110 1517 2138 divinum
1537 2109 1645 2138 Numen
1659 2130 1667 2144 ,
1692 2118 1749 2146 quo
1769 2117 1817 2139 res

222 2215 260 2250 (Ξ)
273 2215 569 2250 Μικροψυχοτέρους.
590 2213 640 2242 Ms.
650 2214 676 2250 BV
686 2214 750 2249 legit
773 2214 970 2250 μικροψύχους.

221 2251 259 2285 (3)
281 2249 396 2283 Μάνην,
415 2249 466 2277 Ms.
480 2254 629 2284 utrumque
644 2249 736 2285 μόνον.
756 2249 852 2278 cedem
875 2257 967 2277 sensu.

222 2286 260 2321 (4)
268 2286 319 2312 Ἐν
330 2286 389 2321 τινι
400 2285 495 2321 ἐστὶν,
511 2285 530 2318 ἢ
542 2285 601 2311 ὑπὸ
615 2285 706 2321 τινος.
717 2284 755 2321 ita
763 2292 816 2321 ms.
827 2288 972 2321 utrumque

185 2323 214 2347 et
227 2318 314 2347 editio
327 2320 392 2347 anni
408 2319 477 2347 1658
493 2327 543 2354 pro
568 2318 700 2346 mendosa
726 2319 846 2347 lectione
865 2320 894 2346 ὲν
919 2318 971 2347 sivi

186 2360 215 2382 et
229 2355 281 2381 ὑπό
295 2363 368 2390 τινος
379 2354 515 2390 editionis
522 2354 634 2390 prioris.

221 2390 260 2424 (5)
273 2389 337 2416 Μέν
347 2390 424 2417 deest
437 2397 487 2416 ms.
504 2389 537 2416 A.

234 2424 261 2457 6)
291 2425 381 2457 Νηός.
394 2424 444 2451 Ms.
460 2424 481 2450 B
497 2425 560 2459 legit
571 2423 649 2455 νεώς.

212 2459 521 2522 Ἄ(Ζὲθοὶθιοδιζιιήμιιτος.
536 2459 583 2499 Sic
602 2463 749 2494 utrumque
765 2459 901 2499 μέθη-ηις.
922 2467 972 2494 pro

185 2495 211 2523 ot
275 2494 498 2530 pﬂaaymgquod
509 2493 583 2521 edita
599 2493 972 2529 babent.Latmusmterpres

185 2503 498 2530 otxooopqaawogquoa
509 2503 583 2521 emta
599 2503 749 2521 nanentma

185 2530 340 2566 genuinam
353 2529 588 2566 hanc_iectioncm
603 2530 751 2564 expressit.

165 2577 169 2602 ι
187 2563 200 2566 “
221 2563 271 2602 (8)
287 2563 503 2602 Τούτων-,δίοιδε
517 2563 662 2602 utrumque
681 2572 747 2597 ms.;
762 2563 887 2602 atcodex
898 2563 921 2590 Α
944 2563 972 2591 in

185 2598 310 2634 margine
323 2599 389 2634 legit
404 2599 511 2630 τούτου,
525 2598 598 2633 quod
614 2603 735 2633 praestat,
748 2600 813 2633 quia
828 2606 919 2626 sermo
931 2602 973 2626 est

185 2634 220 2662 de
242 2634 354 2665 mundo,
372 2642 420 2669 per
431 2641 512 2668 quem
526 2638 633 2669 creator
648 2635 709 2667 ejus
727 2635 943 2669 demonstratur.

221 2669 260 2704 (9)
283 2667 540 2703 Ἀμόλὶιωποῦσιν.
552 2668 602 2696 Ms.
616 2672 763 2704 utrumque
779 2667 973 2704 ἀμϐλυώττου-

187 2703 231 2731 m’
245 2711 329 2731 sensu
344 2703 451 2730 eodem.

159 2763 164 2766 .
221 2739 278 2773 (10)
294 2738 386 2772 Σοφά.
404 2737 448 2766 Sic
458 2741 743 2774 utrumqueﬂmmpro
757 2738 831 2772 σαφά
842 2737 870 2774 ἱιι
879 2737 972 2772 editis;

184 2772 272 2809 paulo
290 2778 353 2808 post
371 2773 470 2809 δριμέα
492 2772 570 2801 recte
589 2773 654 2801 edit.
675 2772 756 2805 1658.
782 2781 832 2808 pro
847 2772 972 2808 δριμαία,

185 2808 258 2844 quod
268 2813 310 2836 est
324 2809 352 2836 in
363 2808 462 2844 priore.

220 2844 278 2876 ili)
306 2843 468 2872 Διὰῒοῦτο.
485 2843 543 2872 Hoc
563 2843 692 2879 rescripsi
710 2851 743 2872 ex
761 2850 828 2871 mss.
853 2850 914 2881 pro_
928 2843 972 2872 διὰ

1026 2216 1128 2244 τούτων
1142 2217 1216 2250 quod
1225 2221 1269 2245 est
1282 2217 1309 2245 in
1320 2218 1412 2246 editis.

1059 2251 1113 2286 (l2)
1135 2252 1360 2281 Ζωοποιυῦσαν.
1385 2253 1425 2280 lta
1449 2256 1525 2280 recte
1550 2252 1635 2281 editio
1660 2260 1705 2280 an.
1730 2253 1813 2286 1658.

1023 2286 1273 2323 ριόήζωοξποιοῦσα
1293 2288 1393 2323 prioris
1403 2307 1412 2320 ,
1424 2288 1660 2323 consentientibus
1674 2295 1743 2315 mss.

1059 2322 1116 2384 ('13)
1129 2320 1217 2350 Εἶναι
1237 2320 1341 2351 inserui
1354 2330 1387 2350 ex
1409 2330 1476 2350 mss.
1498 2322 1580 2350 Deest
1592 2322 1666 2350 enim
1683 2322 1710 2350 in
1731 2322 1815 2351 editis

1059 2365 1067 2383 1
1079 2365 1105 2384 ε.

1024 2364 1105 2384 male.

1059 2391 1115 2426 (it)
1134 2391 1189 2419 Τοῦ
1209 2390 1446 2427 σώματοςνιιεθει.
1468 2392 1497 2418 in
1518 2399 1570 2419 ms.
1595 2395 1725 2427 utroque.
1748 2394 1815 2427 quia

1024 2427 1130 2463 scilicet
1141 2434 1174 2453 ex
1189 2426 1415 2463 antecedentibus
1432 2426 1513 2454 facile
1530 2427 1644 2463 intelligi
1659 2426 1777 2462 poterat.

1059 2461 1116 2500 (l_5)
1135 2461 1217 2488 Κατὰ
1238 2461 1357 2495 ταύτης.
1385 2461 1437 2490 Ms.
1462 2465 1610 2497 utrumque
1622 2461 1693 2489 ’κατ’
1716 2463 1813 2500 αὐτῆς,

1023 2497 1136 2529 rectius,
1151 2500 1181 2523 ut
1195 2501 1273 2531 puto.

1059 2530 1124 2568 (16)
1140 2530 1256 2568 Νοερᾴν
1269 2539 1311 2558 τε.
1325 2530 1510 2568 Βνιιᾱᾶὶι
1531 2531 1577 2559 hic
1599 2538 1693 2560 vocem
1719 2531 1814 2568 φύσιν,

1023 2573 1110 2602 quam
1119 2567 1146 2593 in
1161 2566 1242 2602 editis
1258 2569 1319 2602 post
1331 2566 1410 2602 ἀειδῆ
1422 2567 1541 2595 invenis.

1059 2600 1116 2635 (17)
1130 2600 1344 2635 Διαδυομένην.
1375 2600 1422 2629 Sic
1438 2602 1498 2636 lego
1512 2609 1546 2630 ex
1561 2609 1628 2629 mss.
1644 2609 1695 2636 pro
1708 2601 1814 2629 διαλυο-

1059 2610 1084 2633 u
1094 2610 1116 2635 ι)
1130 2610 1344 2635 Διαουομενην.
1375 2610 1422 2629 mc
1438 2610 1498 2664 ιῗο
1512 2610 1546 2630 ex
1561 2610 1628 2629 mss.
1644 2610 1695 2636 pro
1708 2610 1812 2629 οιαΑυο-

1024 2635 1110 2671 μένην
1132 2636 1206 2670 quod
1225 2640 1268 2672 est
1292 2637 1320 2663 in
1337 2636 1431 2665 editis.
1479 2645 1494 2665 e
1511 2637 1704 2672 penetratione
1725 2638 1812 2672 enim,

1022 2678 1078 2698 non
1094 2674 1184 2697 autem
1201 2671 1350 2704 solutione,
1366 2679 1457 2699 sermo
1471 2671 1526 2700 est.

1059 2705 1115 2745 (18)
1137 2705 1321 2745 Ἐξῃρήριθω.
1346 2705 1404 2734 Hoc
1426 2707 1520 2734 malim
1535 2714 1567 2735 ex
1582 2715 1650 2736 mss.
1676 2716 1727 2745 pro
1740 2708 1814 2743 ἑξαιο

1024 2740 1112 2775 ρέσθω
1123 2741 1196 2775 quod
1210 2741 1312 2768 editum
1326 2746 1377 2769 est.

1041 2810 1048 2815 _
1058 2775 1175 2815 (11))1Δέ.
1188 2775 1243 2815 bis.
1259 2775 1282 2815 B
1297 2776 1362 2812 legit
1380 2776 1410 2804 in
1422 2779 1498 2805 textu
1511 2777 1557 2814 δή,
1573 2777 1596 2806 A
1609 2785 1675 2807 vero
1691 2778 1720 2807 in
1737 2787 1811 2808 mar-

1023 2810 1086 2845 gine
1096 2810 1169 2845 idem
1188 2811 1280 2839 habet.

1060 2845 1118 2881 (20)
1134 2843 1241 2875 Εἷπον.
1263 2845 1314 2875 Ms.
1328 2845 1350 2874 Β
1363 2845 1457 2875 nimim.
