1919 3069
176 140 214 170 23
791 134 820 162 S.
840 133 1004 162 GllEGORlI
1031 133 1176 162 NYSSENI

1799 141 1845 169 24

178 207 218 230 tes
236 205 303 230 sunt
319 201 430 233 omnia,
449 206 510 234 qua:
534 198 563 225 in
588 196 768 226 universitate
794 204 886 224 rerum
909 197 961 225 sub

1029 204 1077 227 ou;
1095 195 1134 230 (2)
1148 195 1366 230 διατειχίζοντες.
1390 195 1444 230 Γῆν
1465 195 1480 221 ό
1502 194 1622 228 τοιοῦτος
1644 195 1743 231 βλέπει
1768 197 1827 233 μό-

177 255 292 277 sensum
307 245 436 275 cadentia
453 244 678 279 conspiciuntur,
696 243 788 271 minus
802 243 858 270 alto
876 243 969 272 animo

177 292 302 329 praeditis
317 291 399 327 quasi
416 290 523 326 pariete
538 297 586 325 per
603 297 666 317 sese
683 289 792 324 objecto
809 296 905 316 earum
923 296 969 317 re-

178 345 259 370 rum,
284 345 346 372 qua:
371 339 462 363 mente
489 339 573 370 atque
597 334 778 369 intelligentia
805 338 969 367 cernuntur,

179 391 263 411 causa
290 380 515 417 contemplationi
544 379 689 408 efficientia
704 383 731 407 et
744 379 890 407 obstantia.
905 379 971 407 Ter-

179 435 239 455 ram
248 448 256 460 ,
267 428 314 462 qui
326 427 390 454 talis
399 431 441 454 est
451 447 459 460 ,
472 433 571 461 aquam
583 445 591 458 ,
605 432 711 458 aerem,
730 425 822 460 ignem
838 425 971 453 duntaxat

181 475 326 508 intuetur;
346 474 418 502 unde
440 477 532 501 autem
551 472 651 500 horum
675 471 897 508 unumquodque
913 472 969 505 sit,

181 525 229 547 aut
247 528 296 556 per
314 519 388 555 quod
401 541 408 552 ,
429 523 476 546 aut
491 526 506 546 a
523 526 578 554 quo
595 522 770 551 coerceatur,
789 519 970 554 comprehen-

181 567 262 594 datur
281 570 309 593 et
331 565 518 598 contineatur,
544 564 708 600 perspicere}
723 571 781 599 prae
799 564 884 591 animi
910 565 970 591 exi-

181 613 285 647 guitate
299 619 354 640 non
372 615 473 647 potest.
487 611 526 639 Ac
543 615 648 639 vestem
661 610 772 646 quidem
791 610 892 646 aliquis
906 618 972 638 con-

181 658 322 693 spicatus,
350 658 504 685 rationibus
532 665 566 685 eo
593 657 751 689 adducitur,
780 661 810 684 ut
836 661 971 684 text0rem

182 708 334 739 agnoscat;
352 711 401 739 per
418 711 515 731 navem
533 703 729 731 fabricatorem
746 702 808 738 ejus
825 702 970 738 intelligit.

181 750 302 785 itemque
317 749 401 777 simul
414 753 498 785 atque
511 749 659 777 aedificium
673 753 853 783 conspectum
871 748 952 776 fuerit
962 767 970 779 ,

182 802 280 824 manus
294 795 402 831 opificis
415 795 601 831 spectantium
618 795 703 823 menti
721 795 886 823 obversatur
901 804 907 822 :
924 794 970 822 isti

180 848 246 868 vero
259 841 323 868 dum
338 840 469 868 mundum
484 841 638 874 intuentur,
656 841 690 868 ad
706 848 769 868 eum
781 860 788 872 ,
805 841 852 876 qui
870 848 919 875 per
937 841 970 868 il-

181 887 238 914 lum
255 886 421 919 declaratur,
435 888 585 915 caecutiunt
607 892 634 915 et
655 887 871 914 hallucinantur.
890 886 969 914 Unde
986 870 1007 899 Β

182 932 228 964 ﬁt.
243 937 273 960 ut
286 934 355 961 scita
373 933 426 961 ista
441 937 522 961 acuta
535 935 571 961 ab
586 933 630 965 iis,
643 933 692 969 qui
706 933 847 962 interitum
861 937 889 961 ct
902 934 968 961 abo-

180 977 306 1006 litionem
318 978 417 1006 animat
430 979 489 1007 suis
501 979 622 1007 decretis
636 979 766 1012 tradunt,
781 979 970 1015 proferantur,

180 1029 282 1058 corpus
303 1024 435 1051 nimirum
459 1032 493 1052 ex
513 1024 679 1057 elementis,
701 1029 728 1053 et
749 1025 884 1054 elementa
909 1033 972 1054 esse

181 1075 214 1096 ex
230 1075 357 1102 corpore,
375 1068 439 1095 item
455 1069 575 1096 animam
592 1076 639 1103 per
655 1076 717 1097 sese
730 1076 792 1098 esse
805 1076 860 1096 non
878 1076 970 1104 posse,

182 1112 236 1140 nisi
249 1113 292 1140 vel
308 1113 406 1140 horum
422 1113 526 1148 aliquid
536 1132 545 1145 ,
561 1113 605 1141 vel
620 1113 648 1140 in
662 1113 707 1141 bis
724 1113 771 1141 sit.
784 1112 853 1141 Nam
869 1113 892 1141 si
906 1121 970 1149 pro-

181 1161 275 1193 pterea
299 1165 437 1193 nusquam
460 1165 520 1186 eam
545 1164 608 1186 esse
631 1158 786 1186 adversarii
809 1158 970 1194 opinantur,

181 1202 255 1237 quod
277 1203 368 1230 anima
395 1211 451 1231 non
475 1203 511 1231 sit
533 1202 659 1238 ejusdem
684 1204 794 1238 generis
817 1208 845 1232 et
866 1208 972 1232 naturae

181 1255 244 1275 cum
259 1248 403 1277 elementis
416 1258 422 1276 :
441 1248 470 1276 hi
487 1248 607 1284 primum
623 1249 734 1284 quidem
748 1249 831 1276 etiam
843 1269 851 1282 ,
867 1257 929 1285 qua:
943 1249 970 1277 in

181 1300 264 1321 carne
279 1294 399 1329 degitur,
418 1294 503 1322 vitam
522 1295 674 1322 iuanimam
689 1302 751 1323 esse
768 1295 879 1323 tradant
897 1297 970 1331 (non

181 1338 253 1366 enim
268 1339 344 1366 aliud
357 1339 508 1375 quidquam
521 1347 623 1375 corpus
639 1345 700 1374 est,
717 1345 800 1376 atque
816 1348 971 1369 concursus

180 1385 408 1423 elementorum),
420 1393 489 1421 ergo
499 1393 550 1414 nec
562 1386 590 1413 in
602 1386 646 1414 his
655 1386 764 1422 quidem
777 1387 896 1415 animam
908 1395 971 1415 esse

180 1429 276 1456 dicant
288 1448 296 1461 ,
316 1437 378 1464 quae
395 1437 445 1465 per
462 1438 525 1458 sese
543 1430 663 1458 viviﬁcet
682 1438 742 1458 eam
763 1431 970 1458 concretionem

182 1478 266 1509 atque
280 1476 499 1503 commistionem
515 1485 522 1503 :
542 1476 679 1510 siquidem
698 1476 757 1504 fleri
778 1477 894 1511 posthac
913 1484 969 1504 non

182 1523 289 1555 potest,
307 1520 540 1556 quemadmodum
560 1522 722 1556 opinantur,
744 1526 775 1548 ut
793 1521 970 1549 manentibus

180 1558 325 1592 elementis
339 1565 423 1592 etiam
440 1565 532 1592 anima
550 1565 605 1599 sit,
623 1572 679 1600 quo
693 1565 839 1598 efﬁciatur,
855 1570 885 1593 ut
901 1566 969 1592 nihil

181 1609 274 1643 aliud,
289 1617 370 1644 quam
388 1615 526 1638 mortuam
542 1619 604 1639 esse
619 1611 702 1638 vitam
718 1614 841 1639 nostram
857 1612 971 1639 demon-

181 1658 280 1682 strent.
301 1654 351 1682 Sin
369 1659 461 1683 autem
481 1663 556 1683 nunc
582 1656 612 1683 in
629 1663 746 1691 corpore
765 1656 886 1683 animam
907 1663 970 1683 esse

181 1707 237 1728 non
252 1700 400 1733 dubitant,
416 1709 473 1737 quo
485 1706 568 1737 pacto
584 1709 702 1737 corpore
716 1702 852 1730 dissoluto
869 1703 896 1730 in
914 1702 971 1730 ele-

182 1749 274 1773 menta
297 1746 415 1773 animam
438 1747 541 1774 aboleri
564 1753 647 1782 atque
668 1748 783 1776 interire
798 1752 913 1776 censent
938 1755 971 1776 ac

182 1790 318 1818 tradunt?
335 1790 438 1819 Deinde
457 1799 523 1819 vero
549 1791 685 1819 adversus
710 1792 832 1819 divinam
859 1799 971 1827 quoque

182 1840 310 1863 naturam
326 1837 403 1871 paria
419 1836 539 1864 audeant
557 1837 669 1872 obloqui
683 1840 711 1864 et
727 1837 876 1865 oblatrare.
896 1837 972 1870 Quo—

182 1882 265 1910 modo
282 1882 356 1910 enim
372 1882 466 1910 dicent
482 1882 666 1915 invisibilem,
685 1882 893 1918 ineorpoream,
912 1890 972 1910 ma-

181 1925 435 1962 terize'expertem,
454 1930 482 1954 et
496 1935 556 1954 eam
577 1934 639 1962 quae
656 1933 748 1955 mente
768 1928 827 1956 sola
847 1928 970 1964 percipi-

182 1977 238 2004 tur,
257 1979 383 2000 naturam
396 1973 423 2000 in
440 1973 553 2000 humida
573 1973 723 2008 molliaque
736 1978 763 2001 et
777 1974 867 2001 calida
886 1978 969 2009 atque

1021 250 1070 276 νην
1085 242 1123 276 (5)
1134 261 1141 273 ,
1155 240 1201 268 καὶ
1217 241 1299 276 ὕδωρ,
1313 242 1360 268 καὶ
1373 241 1459 277 ἀέρα,
1475 241 1523 267 xui.
1542 240 1598 277 πῦρ
1608 250 1615 256 ·
1629 241 1691 270 ὅθεν
1707 243 1740 269 δὲ
1757 244 1838 270 τοὺ-

1020 296 1075 315 των
1095 287 1219 320 ἕκαστον,
1237 287 1254 322 ἢ
1275 288 1305 313 ἐν
1319 287 1371 313 τίνι
1388 287 1473 320 ἐστὶν,
1486 287 1504 322 ἢ
1522 287 1573 314 ὑπὸ
1592 287 1666 319 τίνος
1684 288 1724 324 (4)
1740 297 1839 324 περιο

1022 334 1171 369 κρατεῖται,
1186 332 1279 360 διιδεῖν
1292 332 1345 359 ὑπὸ
1360 332 1542 368 μικροψυχίας
1564 332 1596 359 οὐ
1613 331 1738 360 δύναται.
1761 333 1831 360 Καὶ

1023 379 1129 414 ἱμάτιον
1145 378 1195 413 μέν
1215 378 1253 414 (5)
1267 387 1311 410 τις
1336 377 1398 404 ἰδὼν
1420 377 1466 404 τὸν
1482 378 1605 413 ὑφάντην
1620 378 1812 412 ἀνελογισατο
1822 398 1834 411 ,

1022 427 1068 452 καὶ
1090 424 1134 452 διὰ
1148 425 1198 460 τῆς
1219 424 1283 460 νηδς
1299 425 1337 460 (6)
1354 425 1399 452 τδν
1418 424 1557 460 ναυπηγὸν
1574 425 1716 460 ἐνενόησεν
1727 446 1736 458 ,
1749 425 1770 460 ἦ
1796 433 1834 452 τε

1021 470 1105 498 αὑτοῦ
1121 470 1260 506 οἰκοδόμου
1275 471 1335 506 χεὶρ
1348 470 1415 506 ὁμοῦ
1432 471 1466 506 τῇ
1486 470 1533 498 τοῦ
1552 470 1773 507 οἰκοδομήματος
1783 471 1831 505 (7)

1021 516 1081 551 odiet
1095 518 1128 551 τῇ
1138 516 1246 552 διανοίᾳ
1261 516 1315 543 τῶν
1330 516 1475 552 θεωμένων
1488 516 1637 551 ἐγγίνεται.
1650 518 1684 544 οι
1699 517 1730 543 δὲ
1749 517 1829 552 πρὸς

1021 563 1068 589 τὸν
1091 563 1193 598 κόσμον
1207 562 1324 598 ὁρῶντες
1339 563 1407 599 πρὸς
1421 562 1466 590 τὺν
1480 562 1525 590 διὰ
1544 562 1648 590 τούτων
1662 562 1702 598 (8)
1720 562 1825 598 δηλού-

1023 617 1103 644 μενον
1124 608 1338 644 ἀμὸλυωποῦσιν
1363 609 1412 643 (9),
1428 608 1490 635 ὅθεν
1511 608 1546 635 τὰ
1571 608 1640 643 σοφὰ
1657 607 1712 644 (10)
1729 607 1828 635 ταῦτα

1023 652 1073 681 καῖ
1084 654 1183 690 δριμέα
1198 654 1272 690 παρὰ
1284 654 1338 681 τῶν
1350 654 1396 681 τὸν
1411 654 1566 690 ἀφανισμὸν
1579 654 1670 690 ψυχῆς
1681 654 1825 689 δογματι-

1023 699 1122 730 ζόντων
1137 699 1312 735 προφέρεται·
1327 699 1406 734 σῶμα
1417 699 1448 725 ἐκ
1463 699 1616 734 στοιχείων,
1632 699 1680 726 καὶ
1694 700 1825 734 στοιχεῖα

1023 746 1054 771 ἐκ
1078 745 1204 780 σώματος
1216 766 1224 779 ,
1249 746 1296 773 καὶ
1316 745 1348 772 τὺ
1365 745 1403 780 μὴ
1421 745 1552 772 δύνασθαι
1566 745 1616 780 τὴν
1637 745 1728 781 ψυχὴν
1754 744 1823 772 καθ’

1022 791 1122 826 ἑαυτὴν
1138 789 1224 825 εἶναι,
1240 792 1264 818 ει
1282 793 1351 828 μήτε
1368 790 1470 818 τούτων
1492 800 1519 818 τι
1537 791 1580 827 εἴη
1592 811 1600 824 ,
1622 792 1689 827 μήτε
1706 792 1737 817 ὲν
1757 791 1824 817 τού-

1024 843 1090 867 τοις.
1107 836 1137 862 El
1154 836 1209 872 γὰρ
1228 836 1269 863 ὅτι
1288 836 1326 872 μὴ
1345 837 1469 871 ὁμοφυὴς
1482 836 1538 867 τοῖς
1554 835 1695 870 στοιχείοις
1707 835 1783 861 ἐστιν
1802 835 1821 870 ἡ

1023 880 1106 916 ψυχὴ,
1121 881 1165 909 διὰ
1181 881 1261 908 τοῦτο
1277 882 1335 916 (11)
1350 881 1467 917 οὐδαμοῦ
1482 879 1553 908 εἶναι
1570 882 1655 917 αὐτὴν
1670 881 1695 907 οἱ
1710 880 1806 908 ἀντιλέ

1023 933 1115 958 γοντες
1135 925 1250 953 οἴονταν
1264 921 1337 953 οὗτοι
1358 926 1466 961 πρῶτον
1481 926 1531 962 μὲν
1551 926 1599 953 καὶ
1617 926 1667 962 τὴν
1686 926 1715 951 ὲν
1732 926 1820 961 σαρκὶ

1022 971 1094 1007 ζωὴν
1109 971 1212 1007 ἄψυχον
1225 969 1296 998 εἶναι
1313 971 1562 1007 δογματιζέτωσαν.
1577 971 1616 998 Οὐ
1638 972 1692 1007 γὰρ
1707 971 1773 999 ἄλλο
1789 980 1818 998 τι

1022 1017 1052 1044 τδ
1073 1017 1153 1053 σῶμα
1168 1010 1252 1050 ἔστιν,
1273 1019 1298 1044 et
1314 1018 1352 1054 μὴ
1366 1017 1503 1053 συνδρομὴ
1519 1017 1573 1044 τῶν
1599 1017 1739 1053 στοιχείων
1750 1026 1757 1032 ·
1776 1017 1818 1053 μὴ

1021 1063 1111 1090 τοίνυν
1128 1063 1189 1099 μηδ’
1204 1063 1233 1090 ὲν
1248 1063 1351 1095 τούτοις
1361 1063 1411 1099 τὴν
1424 1063 1513 1099 ψυχὴν
1524 1061 1594 1090 εἶναι
1607 1063 1764 1098 λεγέτωσαν
1779 1063 1815 1089 δι’

1023 1109 1122 1144 ἑαυτῆς
1144 1108 1328 1142 ζωποιοῦσαν
1352 1109 1408 1144 (12)
1431 1108 1462 1135 τὸ
1484 1108 1642 1144 σύγκριμα’
1667 1108 1746 1143 εἴπερ
1763 1107 1816 1134 οὐκ

1022 1155 1080 1182 ἔστι
1097 1154 1166 1190 μετὰ
1181 1154 1267 1182 ταῦτα
1284 1154 1405 1186 δυνατὸν,
1423 1153 1515 1185 καθὼς
1534 1153 1635 1180 οἴονται
1646 1172 1654 1185 ,
1668 1153 1724 1180 τῶν
1739 1161 1814 1179 στοι-

1022 1201 1102 1237 χείων
1118 1200 1202 1228 ὅντων
1214 1200 1261 1227 καὶ
1281 1199 1336 1236 τὴν)
1348 1199 1436 1236 ψυχὴν
1456 1196 1537 1231 εἶναι,
1561 1199 1600 1230 ὡς
1612 1199 1696 1234 μηδὲν
1708 1198 1773 1226 ἄλλο
1796 1199 1813 1234 ἢ

1022 1246 1122 1282 νεκρὰν
1140 1245 1190 1282 τὴν
1205 1245 1277 1281 ζωὴν
1293 1245 1372 1282 ⁴ἡμῶν
1393 1246 1458 1282 παρ’
1474 1245 1565 1272 αὐτῶν
1589 1244 1812 1272 ἀποδείκνυσθαι.

1022 1293 1053 1319 Et
1069 1292 1098 1319 δὲ
1121 1291 1168 1318 νῦν
1188 1292 1217 1318 ὲν
1237 1292 1277 1327 τῷ
1297 1291 1403 1326 σώματι
1419 1292 1470 1327 τὴν
1491 1290 1580 1327 ψυχὴν
1603 1288 1674 1317 εἷναι
1693 1291 1748 1326 (13)
1763 1291 1814 1317 οὒκ

1021 1337 1231 1372 ἀμφιϐάλλουσι,
1259 1337 1318 1369 πῶς
1332 1336 1379 1363 τοῦ
1400 1336 1526 1372 σώματος
1548 1337 1605 1372 (id)
1619 1337 1660 1368 εἰς
1682 1337 1717 1363 τὰ
1741 1344 1813 1363 στοι-

1022 1384 1083 1418 χεῖα
1098 1383 1145 1410 τὸν
1166 1382 1320 1418 ἀφανισμὸν
1339 1382 1426 1418 αὐτῆς
1444 1381 1639 1418 δογματίζουσι
1650 1401 1658 1415 ,
1673 1382 1768 1409 ἔπειτα
1784 1382 1812 1409 δὲ

1021 1428 1067 1456 καὶ
1082 1428 1154 1455 κατὰ
1165 1428 1266 1464 ταύτης
1282 1428 1338 1464 (15)
1354 1428 1405 1463 τῆς
1423 1428 1499 1460 θείας
1515 1428 1624 1463 φύσεως
1635 1428 1670 1455 τὰ
1684 1426 1732 1455 ῐσα
1750 1428 1811 1455 τολ-

1023 1474 1161 1509 μὰτιωσαν.
1178 1474 1241 1506 Πῶς
1263 1474 1319 1510 γὰρ
1337 1474 1430 1510 ἐροῦσι
1449 1474 1498 1510 τὴν
1514 1474 1609 1510 νοεράν
1632 1483 1662 1501 τε
1688 1474 1746 1510 (16)
1765 1474 1812 1501 καὶ

1021 1519 1102 1546 ἇῦλον
1123 1519 1171 1546 καὶ
1194 1520 1268 1554 ἀειδῆ
1285 1519 1366 1554 φύσιν
1387 1520 1427 1552 εἰς
1442 1520 1477 1547 τὰ
1497 1519 1571 1555 ὑγρά
1587 1528 1617 1546 τε
1634 1520 1681 1546 καὶ
1701 1519 1812 1555 μαλακὰ

1022 1565 1070 1591 καὶ
1084 1564 1231 1600 στερέμνια
1238 1564 1416 1600 ’διαδυομένην
1432 1565 1488 1600 (17)
1500 1565 1529 1592 ὲν
1547 1565 1586 1600 τῷ
1605 1562 1676 1591 εἶναι
1691 1565 1811 1600 συνέχειν

1021 1609 1056 1636 τὰ
1068 1609 1143 1642 ὄντα,
1154 1609 1215 1636 οὔτε
1234 1610 1372 1644 συγγενῶς
1384 1611 1497 1645 ἔχουσαν
1507 1611 1574 1646 πρὸς
1585 1610 1620 1638 τὰ
1635 1611 1664 1637 ὲν
1680 1608 1721 1642 οἷς
1735 1611 1808 1645 γίνε-

1022 1664 1078 1687 ται,
1089 1654 1151 1682 οὔτε
1167 1655 1211 1682 διὰ
1221 1655 1251 1682 τὸ
1260 1656 1416 1691 ἑτερογενὲς
1428 1657 1456 1683 ὲν
1469 1657 1562 1689 αὐτοῖς
1576 1654 1648 1684 εἶναι
1664 1656 1808 1684 ἀδυνατοΰ·

1023 1709 1073 1728 σαν
1084 1709 1091 1733 ;
1106 1701 1209 1728 Οὐκοῦν
1217 1701 1359 1737 ἐξῃρήσθω
1368 1702 1424 1737 (18)
1436 1702 1550 1728 καθόλου
1559 1702 1606 1729 τοῦ
1616 1702 1750 1737 δόγματος
1763 1703 1807 1729 αὑ-

1023 1746 1077 1773 τῶν
1106 1747 1154 1774 καὶ
1175 1747 1240 1774 αὐτὸ
1268 1746 1300 1773 τὸ
1311 1747 1398 1780 Θεῖον,
1409 1743 1660 1781 ᾧδιακρατεῐταιτὰ
1666 1746 1806 1774 ὃντα.-Γ.

1024 1793 1094 1819 Αὺτδ
1107 1793 1135 1820 δὲ
1149 1793 1204 1828 (19)
1219 1792 1308 1825 τοῦτο,
1318 1790 1394 1820 εἶπον
1409 1792 1465 1828 (20)
1477 1792 1542 1827 ἐγὼ,
1555 1792 1614 1824 πῶς
1626 1791 1659 1819 ἂν
1672 1793 1727 1823 τοῖς
1739 1791 1809 1817 ἀντι-

1024 1837 1147 1871 λέγουσιν
1173 1837 1358 1872 ἀναμφιδολον
1382 1837 1497 1872 γένοιτο,
1514 1837 1545 1863 τὸ
1563 1837 1596 1863 ὲκ
1606 1835 1673 1863 Θεοῦ
1690 1834 1758 1863 εῖναι
1775 1837 1808 1863 τὰ

1024 1883 1115 1910 πάντα
1127 1902 1135 1915 ,
1149 1883 1195 1909 καὶ
1207 1883 1235 1909 ὲν
1251 1883 1326 1918 αὑτῷ
1339 1882 1564 1919 περικρατεῖσθαι
1585 1882 1620 1909 τὰ
1636 1882 1701 1909 ὖντα
1710 1902 1718 1914 ,
1731 1882 1748 1917 ἢ
1761 1882 1806 1909 καὶ

1024 1929 1093 1961 ὅλως
1107 1928 1139 1955 τδ
1156 1925 1226 1956 εἶναι
1244 1937 1271 1956 τι
1282 1929 1359 1956 Θεῖον
1373 1929 1423 1965 τῆς
1440 1928 1495 1955 τῶν
1512 1928 1598 1956 ὄντων
1614 1928 1808 1964 ὑπερκείμενον

1022 1983 1141 2009 φυσεως;

182 2018 250 2045 dura
274 2022 464 2054 penetrantem
490 2019 517 2046 in
541 2018 662 2046 essentia
683 2019 824 2047 continere
838 2027 883 2048 res
899 2020 1058 2054 universas,
1072 2028 1133 2056 quae
1149 2024 1235 2049 sunt:
1251 2028 1315 2048 cum
1331 2027 1420 2056 neque
1447 2020 1558 2056 cognita
1583 2019 1741 2055 ejusdemve
1764 2027 1807 2055 ge-

181 2062 257 2090 neris
279 2069 341 2090 cum
365 2063 400 2091 iis
424 2063 478 2096 sit,
503 2063 533 2090 in
556 2063 658 2098 quibus
683 2068 820 2098 versatur,
844 2072 934 2100 neque
960 2070 1106 2101 propterea
1129 2065 1202 2101 quod
1220 2066 1336 2095 alterius
1353 2073 1386 2094 ac
1402 2066 1505 2094 diversi
1522 2058 1631 2102 generis
1647 2065 1700 2100 sit,
1715 2065 1743 2093 in
1767 2065 1806 2092 eis

181 2115 244 2137 esse
257 2115 314 2136 non
331 2108 440 2144 possit?
462 2109 536 2145 Ergo
558 2108 669 2144 penitus
696 2116 731 2137 ex
755 2117 852 2138 eorum
875 2110 1003 2138 doctrina
1022 2111 1158 2138 eximatur
1175 2111 1257 2139 etiam
1277 2112 1368 2147 ipsum
1387 2111 1512 2139 divinum
1532 2110 1640 2139 Numen
1654 2131 1662 2144 ,
1687 2118 1744 2147 quo
1762 2118 1805 2139 res

218 2217 256 2251 (2)
269 2216 565 2252 Μικροψυχοτέρους.
586 2215 635 2243 Ms.
645 2215 672 2252 BV
682 2216 746 2251 legit
769 2215 965 2252 μικροψύχους.

217 2253 256 2287 (3)
277 2253 392 2285 Μόνην.
411 2251 462 2278 Ms.
477 2255 624 2286 utrumque
634 2251 731 2287 μόνον,
751 2251 847 2279 eodem
871 2259 962 2279 sensu.

218 2285 315 2323 (ιλἙν
326 2287 386 2323 τινι
397 2287 491 2323 ἐστὶν,
507 2286 527 2320 ἢ
538 2285 597 2312 ὑπὸ
610 2286 702 2323 τινος.
713 2285 751 2323 Ita
759 2293 811 2323 ms.
822 2289 968 2323 utrumque

182 2325 210 2349 et
223 2320 311 2349 'editio
323 2322 388 2349 anni
404 2321 473 2349 1658
490 2328 539 2356 pro
564 2320 695 2348 mendosa
721 2320 841 2348 lectione
859 2321 889 2348 ὲν
914 2320 967 2348 τινι

182 2362 211 2384 et
225 2357 277 2383 ὑπό
291 2365 364 2388 τινος
376 2356 506 2384 editionis
518 2356 630 2391 prioris.

217 2391 256 2431 (ξ)
269 2391 420 2431 nerves:
433 2391 542 2431 ηιξ-,Ακ
606 2425 611 2431 .

217 2425 257 2488 (9)
287 2427 377 2459 Νηός.
390 2425 439 2453 Ms.
456 2425 477 2452 Β
493 2426 555 2460 legit
566 2425 644 2457 νεώς.

212 2463 222 2497 (
242 2460 516 2501 )Οὶριοδομήματος.
595 2461 896 2501 μιςιιιιιιιιιεμῧίινιιιε.
917 2468 968 2496 pro

180 2495 497 2532 otioSouﬁcavroc,quod
505 2495 578 2523 edita
594 2495 822 2524 habent.Latinus
831 2495 968 2531 interpres

181 2531 335 2568 genuinam
348 2531 583 2568 hanc_lectionem
598 2531 747 2565 expressit.

160 2579 164 2604 ι
182 2565 195 2568 “
217 2565 267 2604 (8)⁸
282 2566 407 2604 Taurum.
418 2565 463 2604 Sic
470 2569 498 2594 et
512 2570 658 2604 utrumque
677 2573 743 2599 ms.;
757 2565 883 2604 at_codex
894 2565 916 2592 Δ
939 2565 967 2592 in

181 2600 305 2636 margine
319 2601 384 2636 legit
399 2600 506 2632 τούτου,
520 2600 594 2635 quod
609 2604 731 2634 praestat,
744 2601 808 2634 quia
824 2608 915 2627 sermo
926 2604 969 2628 est

180 2635 216 2664 de
238 2635 356 2667 mundo.’
366 2644 414 2671 per
426 2643 507 2670 quem
521 2639 630 2671 creator
644 2636 704 2668 ejus
723 2636 938 2671 demonstratur.

217 2671 255 2706 (9)
278 2669 535 2705 Ἀμελὶνωποῦσιν.
547 2669 598 2698 Ms.
612 2673 759 2705 utrumque
774 2669 969 2705 ἀμϐλυώττου-

182 2713 226 2733 οιν
240 2714 324 2733 sensu
339 2706 435 2733 eodem
441 2725 447 2730 .

155 2765 159 2768 .
216 2741 273 2775 (10)
289 2740 381 2775 Σοφά.
399 2740 444 2768 Sic
454 2743 679 2775 utrumqueﬂms,
688 2746 738 2775 pro
752 2739 866 2775 σαφάῑιι
874 2739 967 2773 editis;

179 2774 268 2811 paulo
286 2779 348 2810 post
367 2775 467 2811 δριμέα
488 2778 563 2802 recte
584 2774 650 2802 edit.
671 2774 751 2807 1658,
778 2782 828 2810 pro
843 2774 967 2809 δριμαῖα,

181 2810 254 2845 quod
264 2815 306 2838 est
320 2811 347 2837 in
359 2810 458 2845 priore.

216 2846 274 2877 ιιι)
302 2844 465 2873 Διὰτοῦτο.
481 2844 539 2873 Hoc
559 2845 688 2880 rescripsi
705 2852 738 2873 ex
757 2852 824 2873 mss.
849 2852 909 2883 pro_
924 2845 968 2873 διὰ

1022 2218 1124 2245 τούτων
1138 2218 1211 2251 quod
1221 2222 1264 2246 est
1277 2219 1304 2246 in
1315 2218 1408 2247 editis.

1054 2253 1109 2287 (12)
1131 2254 1355 2282 Ζωοποιυῦσαν.
1381 2254 1420 2281 lta
1445 2257 1520 2282 recte
1545 2253 1631 2282 editio
1656 2261 1700 2281 an.
1725 2253 1802 2287 1658,

1018 2295 1076 2324 pro
1085 2323 1091 2324 ί
1099 2287 1269 2324 ζωοτιοιοῦσα
1288 2289 1388 2324 prioris
1399 2308 1407 2322 ,
1419 2289 1656 2324 consentientibus
1670 2296 1737 2316 mss.

1054 2323 1111 2384 (ξι)
1125 2321 1213 2351 Εἶναι
1232 2321 1337 2352 inserui
1350 2331 1383 2352 ex
1405 2331 1472 2352 mss.
1494 2324 1576 2352 Deest
1588 2323 1661 2351 enim
1678 2323 1706 2350 in
1726 2323 1803 2352 editis

1019 2365 1100 2385 male.

1055 2393 1110 2427 (14)
1129 2393 1184 2420 Τοῦ
1205 2393 1342 2427 σώματος
1364 2392 1442 2421 deest
1464 2393 1493 2420 in
1513 2401 1566 2421 ms.
1590 2397 1720 2428 utroque,
1742 2394 1803 2428 quia

1019 2428 1125 2464 scilicet
1136 2435 1170 2454 ex
1184 2428 1411 2464 antecedentibus
1428 2428 1508 2456 facile
1526 2428 1639 2464 intelligi
1654 2432 1768 2464 poterat.

1054 2462 1111 2500 (15)
1132 2462 1213 2489 Κατὰ
1234 2463 1352 2496 ταύτης.
1381 2462 1433 2491 Ms.
1458 2467 1606 2498 utrumque
1618 2462 1690 2489 ’κατ’
1712 2463 1800 2500 αὐτῆς,

1019 2498 1132 2530 rectius,
1147 2501 1177 2524 ut
1191 2502 1268 2532 puto.

1055 2531 1112 2567 (16)
1135 2531 1252 2566 Nor:th
1265 2540 1307 2560 τε.
1321 2532 1371 2561 Ms.
1390 2533 1412 2559 B
1429 2532 1506 2561 addit
1527 2532 1573 2560 hic
1595 2539 1689 2561 vocem
1715 2532 1801 2568 φύσιν,

1018 2574 1106 2603 quam
1115 2568 1142 2599 in
1157 2567 1238 2603 editis
1253 2571 1315 2603 post
1327 2568 1406 2603 ἀειδῆ
1418 2568 1537 2596 invenis.

1055 2602 1112 2636 (l7)
1126 2602 1340 2638 Διαδυομένην.
1371 2602 1418 2630 Sic
1434 2604 1494 2638 lego
1508 2611 1542 2631 ex
1556 2610 1624 2630 mss.
1640 2609 1692 2637 pro
1704 2602 1802 2630 διαλυο-

1020 2636 1105 2672 μένην
1128 2637 1202 2672 quod
1221 2642 1263 2673 est
1288 2638 1316 2665 in
1333 2638 1426 2666 editis.
1452 2636 1490 2666 De
1507 2636 1700 2673 penetratione
1721 2638 1799 2672 enim,

1018 2680 1074 2700 non
1090 2676 1179 2699 autem
1197 2672 1346 2705 solutione,
1361 2680 1453 2700 sermo
1467 2672 1521 2702 est)

1054 2706 1111 2746 (l_8)
1132 2707 1317 2746 Ἐξῃρήςνθω.
1342 2707 1400 2735 Hoc
1422 2708 1515 2736 malim
1531 2716 1563 2736 ex
1578 2716 1646 2737 mss.
1672 2717 1722 2746 pro
1735 2709 1800 2744 tiat-

1020 2741 1108 2777 ρέσθω
1119 2743 1192 2776 quod
1206 2743 1308 2770 editum
1322 2748 1372 2770 est.

1037 2776 1171 2817 ’(1ξξ)ιΔέ.
1183 2777 1238 2817 bis.
1255 2777 1278 2817 Β
1292 2777 1358 2814 legit
1376 2777 1406 2805 in
1418 2781 1494 2806 textu
1507 2778 1553 2816 δή,
1570 2778 1592 2807 Δ
1605 2786 1672 2808 vero
1687 2779 1716 2808 in
1731 2788 1797 2809 mar-

1019 2811 1081 2847 gine
1092 2811 1170 2847 idem?
1183 2812 1276 2841 habet.

1055 2846 1113 2883 (20)
1130 2845 1236 2877 Εἶπον.
1259 2847 1310 2877 Ms.
1323 2847 1346 2876 Β
1359 2847 1453 2877 εἰπών.
