1919 3069
196 163 230 191 21
800 157 829 185 S.
841 155 1004 185 GREGOlllI
1019 153 1165 182 NYSSENI

196 220 228 246 ad
241 225 341 254 supera
353 217 470 250 feratur,
483 223 532 251 per
544 223 634 243 aerem
646 215 756 243 ﬂatibus
767 219 856 247 vecta,
867 219 894 242 et
903 215 976 242 :ctlie

1033 214 1108 245 ὲντδς
1127 212 1233 240 κᾶκλων
1257 212 1306 248 τὴν
1325 213 1371 239 ἐπὶ
1391 212 1422 239 τὸ
1438 211 1554 246 ἔμπαλιν
1578 212 1694 248 κίνησιν,
1719 213 1772 246 τὰς
1795 223 1827 241 τε

197 272 261 292 reus
277 264 349 299 ignis
366 263 398 289 ad
418 266 520 288 terram
534 261 685 293 deferatur,
701 261 770 288 adeo
787 266 816 288 ut
830 267 857 290 et
883 262 983 290 inﬁmae

197 315 286 344 [artes
298 307 400 336 caloris
412 311 539 341 expertes
552 314 607 334 non
621 306 686 339 sint,
695 311 723 334 et
732 311 811 335 teme
820 309 983 343 superfusus

196 355 324 381 imbrium
347 353 456 384 humor,
474 359 536 379 cum
555 360 626 379 unus
643 356 744 380 natura
759 353 805 386 sit,
823 354 982 382 innumeras

195 398 347 433 germinum
362 397 494 432 producat
512 395 682 424 diﬂerentias
701 397 829 425 omnibus
849 397 983 432 subjectis

195 448 258 478 apte
268 447 350 478 atque
359 441 565 469 accommodate
580 441 729 473 inhaerens,
745 446 828 476 atque
841 442 980 471 insidens:

194 489 367 516 celerrimam
379 489 442 516 item
452 487 512 515 alis
521 487 549 515 in
560 487 654 515 orbem
666 487 825 522 circumque
834 488 981 515 rotundum

194 535 404 563 conversionem
423 539 507 570 atque
535 534 735 562 revolutionem
745 553 753 566 ,
767 534 982 570 interiorumque

194 579 361 607 circulorum
375 580 402 607 in
418 579 589 607 contrarium
603 579 751 607 motionem
761 599 769 612 ,
783 579 982 614 subiectiones—

194 633 248 660 que
263 630 290 653 et
302 633 466 661 congressus
483 625 608 653 coitusve
621 629 704 660 atque
715 625 875 658 concinnas,
891 631 980 660 aptas,

194 676 279 702 ratas.
294 675 453 699 constantes
464 692 472 705 ,
488 671 681 699 convenientes
696 676 723 699 et
737 671 857 706 aequales
874 671 981 707 digres-

194 716 287 743 siones
300 716 502 751 distantiasque
517 717 659 744 siderum:
679 716 736 744 haec
760 717 783 745 si
805 717 868 752 quis
891 717 980 745 oculis

191 761 379 796 intelligentiae
407 767 490 797 atque
514 762 574 789 acic
601 762 702 789 mentis
727 762 860 795 intuetur,
887 770 978 790 annon

193 810 288 840 aperte
304 813 352 841 per
368 813 400 833 ea
416 813 477 841 quae
493 810 627 841 apparent
640 826 647 839 .
665 806 781 834 docetur
795 806 868 841 quod
885 807 979 834 divina

193 850 235 877 vis
250 850 398 878 artiﬁciosa
416 851 560 886 solersque
578 852 605 877 in
627 851 710 878 rebus
736 851 873 878 universis
898 859 981 886 appa-

1035 260 1190 297 ὑποδρομὰς
1211 260 1258 287 καὶ
1275 259 1326 292 τὰς
1345 260 1485 293 συνόδους,
1511 259 1559 286 καὶ
1576 260 1625 292 τὰς
1642 261 1826 296 ἐναρμονίους

1035 305 1198 337 ἀποστάσεις
1216 305 1272 332 τῶν
1292 305 1409 341 ἄστρων·
1427 306 1442 332 ὸ
1465 305 1551 332 ταῦτα
1582 305 1689 341 βλέπων
1705 306 1744 342 τῷ
1761 307 1826 334 δια-

1033 351 1151 386 νοητικῷ
1164 351 1213 387 τῆς
1229 351 1317 387 ψυχῆς
1336 351 1467 387 ὀφθαλμῷ
1477 371 1485 384 ,
1503 350 1558 388 ἆρα
1573 353 1632 387 οὐχὶ
1645 353 1771 388 φανερῶς
1789 354 1824 380 ὲκ

1033 396 1087 424 τῶν
1099 397 1267 432 φαινομένων
1277 397 1442 429 διδάσκεται,
1457 398 1497 424 ὅτι
1508 397 1566 424 θεία
1577 397 1688 433 δύναμις
1696 397 1824 433 ἔντεχνός

1032 450 1061 468 τε
1078 443 1126 469 καὶ
1140 443 1209 478 σοφὴ
1222 444 1281 474 τοῖς
1296 440 1372 469 οὖσιν
1385 443 1583 478 ἐμφαινομένη,
1594 444 1641 469 καὶ
1653 443 1697 470 διὰ
1709 443 1823 470 πάντων

1031 488 1136 524 ἥκουσα
1148 488 1183 515 τὰ
1197 489 1267 524 μέρη
1281 489 1337 523 (40)
1350 489 1514 525 συναρμόζει
1527 488 1566 523 τῷ
1578 488 1640 524 ὅλῳ,
1657 489 1703 515 καὶ
1717 489 1748 515 τδ
1756 489 1822 516 ὅλον

1033 532 1187 568 συμπληροῖ
1200 534 1229 560 ὲν
1246 534 1302 565 τοῖς
1315 533 1420 568 μέρεσι,
1435 534 1481 559 καὶ
1501 533 1552 567 μιᾷ.
1570 540 1622 558 τινι
1641 533 1819 567 περικρατεῖ-

1031 586 1076 604 ται
1090 578 1203 612 δυνάμει
1219 578 1249 604 τὸ
1265 579 1319 604 πᾶν
1331 577 1398 612 (M),
1418 577 1483 604 αὐτὸ
1497 577 1526 603 ὲν
1543 576 1631 612 ἐαυτῷ
1652 576 1730 611 μένον
1756 577 1819 612 [καὶ

1032 622 1095 657 περὶ
1109 622 1189 649 ἑαυτὸ
1201 621 1369 658 κινούμενον]
1381 622 1447 657 (ιε),
1459 622 1506 648 καὶ
1519 621 1580 648 οὔτε
1592 622 1675 657 λῆγόν
1689 630 1751 648 ποτε
1765 622 1819 657 τῆς

1032 667 1164 702 κινήσεως
1172 687 1180 700 ,
1192 666 1253 694 οὗτε
1273 667 1313 699 είς
1331 667 1410 694 ἄλλον
1422 666 1484 693 τινὰ
1497 667 1579 693 τόπον
1591 667 1665 701 παρὰ
1677 667 1723 693 τὸν
1731 687 1738 697 ,
1751 667 1782 693 ὲν
1794 663 1817 701 ᾧ

1031 711 1099 744 ἐστι,
1107 709 1436 746 μεθιστάμενονς-Γ.Καὶ
1443 707 1511 740 πῶς,
1519 708 1605 740 εἷπον,
1613 709 1629 744 ἡ
1637 708 1701 746 περὶ
1708 710 1737 736 τὸ
1745 710 1815 739 εῖναι

1030 755 1077 782 τδν
1089 755 1156 782 Θεὸν
1167 755 1267 787 πίστις,
1279 755 1327 782 καὶ
1340 755 1388 791 τὴν
1399 754 1487 790 ψυχὴν
1495 753 1566 780 εἶναι
1582 754 1631 789 τὴν
1642 754 1816 789 ἀνθρωπίνην

1031 800 1286 833 συναποδείχνυσιν;
1306 800 1343 827 οὐ
1358 799 1412 835 γὰρ
1427 800 1459 836 δὴ
1474 799 1571 826 ταύτόν
1591 800 1649 825 ἐστι
1672 799 1710 834 τῷ
1724 799 1784 834 Θεῷ
1798 801 1814 835 ή

1029 845 1113 880 ψυχὴ,
1133 845 1204 872 ὥστε
1219 846 1243 872 ει
1262 846 1293 872 τὸ
1302 846 1331 872 ἓν
1343 846 1499 881 ὁμολογοῖ-το
1515 846 1571 881 (45)
1585 843 1654 872 εἶναι
1669 846 1812 879 συνομολο-

193 902 277 926 rcus,
304 899 386 930 atque
413 903 462 929 per
487 895 577 922 omnia
604 895 744 930 pcrtineus
770 903 802 924 ac
827 896 886 924 lusa
915 905 976 925 cum

1032 890 1134 924 γεῐσθαι
1148 891 1256 923 πάντως
1265 891 1350 918 καὶτὸ
1361 891 1529 927 λειπόμενον.

189 946 284 976 Ρπιθδ
302 942 491 969 πεοιιηιιοαθι
506 947 533 969 ει
549 941 659 976 1““leat
675 942 743 975 ῑοῑί,
760 947 816 970 lum
840 948 926 971 totum
950 947 1074 980 partibus
1093 948 1200 982 explet,
1224 953 1306 984 atque
1330 956 1385 977 una
1407 948 1526 984 quadam
1548 947 1574 974 vi
1592 953 1682 973 rerum
1701 943 1812 970 univer«

192 987 260 1013 sitas
276 990 420 1013 coercetur
440 990 468 1014 et
483 987 650 1018 continetur,
668 986 733 1014 dum
751 987 811 1022 ipsa
830 989 856 1015 in
873 997 903 1017 sc
918 992 976 1026 ipsa
993 996 1100 1025 manet,
1116 997 1144 1020 et
1163 994 1267 1021 circum
1282 1002 1313 1023 se
1334 994 1393 1029 ipsa
1409 997 1542 1024 movetur,
1557 999 1589 1019 ac
1612 989 1713 1017 moveri
1735 995 1810 1014 nun-

191 1038 273 1066 quam
297 1030 415 1063 desinit,
448 1038 536 1066 neque
565 1031 593 1058 in
617 1031 700 1057 alium
722 1032 867 1066 quemdam
899 1034 1006 1069 locum,
1035 1040 1134 1071 praeter
1167 1045 1246 1070 eum,
1264 1038 1290 1064 in
1303 1030 1690 1073 quoest,trlnsmigrat?—G.
1710 1033 1741 1059 Et
1756 1039 1812 1067 quo

189 1080 281 1110 Ριειο.
297 1077 424 1111 inquam,
439 1080 629 1112 argumentum
639 1096 646 1109 ,
661 1084 715 1110 quo
730 1076 813 1104 Deum
829 1085 890 1107 esse
908 1079 975 1108 ﬁdes
991 1081 1039 1114 ﬁt,
1057 1082 1138 1111 simul
1152 1082 1235 1110 etiam
1250 1082 1368 1110 animam
1384 1081 1530 1108 humanam
1545 1086 1606 1106 esse
1620 1077 1812 1106 demonstrat?

190 1121 250 1149 Non
265 1121 337 1148 enim
354 1122 448 1156 utique
462 1121 557 1150 eadem
575 1129 637 1149 cum
656 1122 710 1150 Deo
730 1130 774 1151 res
789 1124 881 1152 anima
897 1130 957 1160 est,
973 1127 1040 1155 utsi
1054 1136 1138 1155 unum
1153 1136 1215 1157 esse
1231 1127 1409 1160 concedatur,
1431 1132 1545 1162 prorsus
1562 1125 1644 1152 etiam
1664 1124 1698 1152 de
1726 1124 1812 1152 altero

190 1175 246 1195 non
262 1167 416 1195 dubitetur.

235 1229 510 1265 M.Atilla:Dicitur,
534 1231 634 1267 inquit,
651 1239 666 1258 a
694 1233 864 1267 sapientibus
891 1232 974 1260 homo

189 1283 289 1309 parvus
317 1276 427 1311 quidam
455 1285 516 1305 esse
543 1278 673 1310 mundus,
704 1279 750 1313 qui
778 1279 805 1305 in
832 1286 893 1306 sese
919 1279 976 1306 haec

1067 1235 1104 1262 Μ.
1120 1233 1197 1266 Ἡδὲ,
1207 1233 1323 1268 Λέγεται
1335 1232 1404 1269 (Μ),
1428 1233 1505 1268 φησὶ,
1535 1233 1611 1269 παρὰ
1635 1233 1690 1260 τῶν
1722 1232 1812 1267 σοφῶν

1026 1279 1122 1315 μικρός
1146 1287 1189 1312 τις
1207 1276 1279 1306 εἶναι
1307 1279 1408 1314 κόσμος
1427 1280 1442 1306 ὁ
1458 1279 1610 1314 ἄνθρωπος,
1626 1278 1712 1306 ταῦτα
1736 1287 1813 1313 περμ

189 1321 326 1349 elementa
350 1322 502 1356 contineat,
528 1331 561 1351 ex
578 1324 678 1358 quibus
696 1332 786 1352 rerum
809 1324 976 1352 universitas

1032 1324 1094 1359 ίχων
1117 1325 1147 1351 ἐν
1173 1324 1261 1360 ἑαυτῷ
1287 1325 1322 1351 τὰ
1341 1325 1478 1360 στοιχεϊεί,
1508 1321 1550 1356 οἷς
1578 1324 1610 1351 τὸ
1628 1325 1682 1351 πᾶν
1708 1333 1813 1359 συμπε-

190 1372 298 1395 constat
315 1372 396 1404 atque
421 1370 555 1404 completa
578 1375 630 1398 est.
648 1370 727 1403 Quod
755 1371 777 1398 si
804 1370 862 1397 lucc
882 1370 977 1405 opinio

189 1420 253 1441 vera
279 1418 332 1447 est,
356 1418 387 1441 ut
402 1422 464 1442 esse
480 1416 599 1448 videtur,
627 1415 741 1442 forsitan
766 1423 820 1442 nou
840 1423 908 1450 opus
926 1416 976 1443 ha-

1026 1369 1175 1405 πλήρωται.
1188 1370 1219 1396 Εἰ
1227 1369 1256 1396 δὲ
1269 1369 1371 1405 ἀληθὴς
1387 1367 1464 1401 οὗτος
1481 1370 1495 1396 ό
1503 1369 1580 1404 λόγος
1589 1369 1672 1405 (ἔοικε
1682 1370 1733 1405 δὲ),
1744 1370 1814 1405 τάχα

1027 1414 1077 1441 οὐκ
1096 1414 1129 1441 ἂν
1146 1414 1242 1449 ἐτέρας
1256 1414 1406 1450 ἐδεήθημεν
1419 1414 1475 1450 (ιὸ)
1493 1415 1652 1451 συμμαχίας
1667 1416 1707 1448 εἰς
1721 1415 1752 1442 τὸ
1770 1415 1813 1450 βε-

190 1457 332 1485 huerimus
354 1459 408 1486 alio
424 1459 528 1487 auxilio
543 1460 578 1487 ad
594 1459 808 1487 conﬁrmandam
824 1468 882 1487 eam
894 1468 974 1496 quam

1032 1458 1176 1493 Βαιωθῆναι
1186 1459 1250 1494 ἡμῖν
1257 1459 1270 1485 ὃ
1277 1458 1340 1493 περὶ
1346 1458 1435 1494 ψυχῆς
1445 1459 1634 1494 ὑπειλήφαμεν
1645 1459 1710 1494 (ιθ).
1720 1459 1813 1486 Ὑπει-

190 1501 225 1530 de
247 1503 336 1530 anima
359 1505 537 1539 concepimus
563 1505 719 1540 opinionem
739 1514 746 1532 :
771 1512 915 1533 censemus
932 1514 976 1533 au-

1032 1492 1150 1538 λήφαμεν
1158 1492 1223 1530 δὲ
1232 1500 1301 1530 εἶναι
1310 1492 1466 1539 ἀῡέὴσέαθ*
1476 1492 1575 1539 ωυεῆν
1584 1492 1615 1531 ἓν
1621 1492 1810 1540 ἐξηλλαγμένῃ

189 1551 242 1575 tem
266 1555 325 1575 eam
343 1557 391 1583 per
408 1557 469 1577 sese
487 1550 628 1584 praeditam
657 1558 719 1578 esse
739 1555 834 1578 natura
855 1552 976 1586 propria,

189 1593 328 1627 peculiari.
356 1594 467 1627 eximia,
489 1595 599 1623 diversa
613 1601 695 1631 atque
707 1596 759 1623 alia
776 1604 859 1631 quam
874 1604 975 1632 corpus

188 1638 261 1673 quod
276 1647 307 1666 ex
328 1640 430 1668 crassis
456 1641 582 1675 partibus
600 1645 719 1669 constat.
733 1641 769 1669 Ut
785 1642 858 1670 enim
871 1643 977 1670 univer-

189 1691 249 1711 sum
272 1685 403 1711 mundum
427 1687 531 1713 auxilio
553 1694 683 1714 sensuum
704 1693 913 1722 cognoscentes.
929 1696 977 1723 per

188 1730 276 1764 ipsam
294 1734 452 1757 nostrorum
466 1739 595 1759 sensuum
611 1732 746 1759 actionem
762 1736 844 1767 atque
858 1732 978 1760 allicien-

189 1776 255 1802 tiam
275 1775 439 1803 deducimur
452 1777 493 1810 ,ad
511 1778 760 1805 considerationem
782 1779 977 1814 notionemque

188 1820 240 1853 rei,
267 1821 406 1856 opinionis
430 1825 458 1849 et
481 1822 639 1850 intellectus
663 1831 775 1850 sensum
808 1825 975 1858 superantis,

189 1869 271 1900 atque
289 1866 387 1894 Oculus
401 1866 482 1894 nobis
500 1867 608 1894 exsistit
623 1867 759 1902 interpres
779 1869 976 1903 omnipotentis

189 1911 340 1945 sapienliae,
354 1919 416 1946 qua).
439 1912 466 1939 in
486 1919 578 1939 rerum
602 1912 711 1947 quidem
727 1904 906 1940 universitate
918 1921 977 1941 cer-

187 1956 273 1989 nitur,
290 1964 351 1983 eum
373 1964 448 1989 vero,
465 1957 512 1992 qui
529 1965 576 1992 per
600 1957 686 1992 ipsam
705 1958 781 1985 solus
805 1966 849 1985 res
866 1958 977 1986 univer-

188 2008 233 2028 sas
259 2001 379 2036 undiquc
403 2002 610 2037 comprehendit
634 2006 717 2036 atque
740 2003 899 2037 complexus
924 2008 976 2036 est,

187 2053 236 2081 per
261 2054 322 2074 sese
349 2047 476 2075 indicat:
501 2047 538 2074 ita
563 2047 713 2077 dum.eum
741 2055 860 2082 quoque,
882 2047 929 2082 qui
948 2047 976 2074 in

187 2092 268 2119 nohis
281 2097 334 2124 est,
348 2092 480 2119 mundum
494 2092 645 2123 intuemur,
664 2092 735 2119 haud
755 2099 838 2127 parva
855 2092 976 2119 subsidia

188 2136 319 2164 habemus
340 2145 389 2172 per
407 2145 438 2165 ea
453 2145 514 2172 quae
539 2141 688 2172 apparent,
709 2138 791 2165 etiam
813 2137 847 2164 ad
862 2138 887 2164 id
903 2137 976 2172 quod

1027 1557 1056 1576 τε
1069 1549 1115 1576 καὶ
1137 1548 1275 1584 ίδιαζοὺσῃ
1292 1548 1388 1583 φύσει,
1403 1548 1478 1585 παρὰ
1491 1549 1541 1583 τὴν
1553 1549 1710 1584 σωματικὴν
1726 1558 1812 1584 παχυ-

1028 1595 1150 1630 μέρειαν.
1171 1593 1214 1625 Ὠς
1226 1594 1280 1629 γὰρ
1291 1594 1380 1621 πάντα
1397 1594 1443 1621 τὸν
1460 1594 1562 1629 κόσμον
1574 1594 1619 1621 διὰ
1629 1594 1679 1629 τῆς
1689 1594 1813 1629 αἰσθητι-

1027 1640 1079 1675 κῆς
1093 1641 1261 1676 ἀντιλήψεως
1276 1640 1503 1676 ἐπιγινώσκοντες
1519 1661 1527 1673 ,
1542 1641 1577 1669 δι’
1591 1641 1676 1677 αὐτῆς
1685 1642 1735 1677 τῆς
1745 1641 1814 1668 κατὰ

1025 1686 1075 1722 τὴν
1097 1687 1223 1723 αἴσθησιν
1242 1687 1320 1723 ἡμῶν
1339 1687 1477 1723 ἐνεργείας
1492 1688 1533 1720 είς
1548 1687 1597 1723 τὴν
1618 1687 1667 1714 τοῦ
1685 1688 1757 1723 ὑπὲρ
1769 1688 1812 1714 αῖ-

1027 1732 1122 1768 σθησιν
1135 1733 1295 1768 πράγματος
1305 1733 1360 1768 (Π)
1373 1733 1421 1760 καὶ
1433 1734 1570 1768 νοήματος
1579 1733 1686 1760 ἔννοιαν
1700 1733 1812 1768 ὁδηγού-

1028 1778 1097 1812 μεΰα
1118 1777 1189 1813 (48),
1208 1777 1256 1804 καὶ
1279 1777 1382 1812 γίνεται
1398 1778 1463 1813 ήμϊν
1477 1777 1492 1803 ό
1513 1776 1651 1811 ὀφθαλμὸς
1677 1776 1812 1812 ἑρμηνεὺς

1025 1821 1074 1856 τῆς
1085 1822 1287 1857 παντοδυνάμου
1305 1822 1416 1856 σοφίας,
1433 1822 1483 1857 τῆς
1497 1821 1537 1857 τῷ
1555 1821 1636 1848 παντὶ
1651 1821 1700 1856 μὲν
1714 1820 1812 1847 ὲνθεω-

1028 1865 1172 1901 ρουμένης,
1188 1865 1235 1892 τὸν
1245 1865 1274 1891 δὲ
1285 1865 1345 1892 κατ’
1358 1865 1443 1901 αὐτὴν
1456 1864 1512 1901 (49)
1528 1864 1575 1892 τοῦ
1591 1865 1691 1896 παντὸς
1705 1865 1811 1900 περιδεο

1026 1910 1177 1945 δραγμένον
1189 1909 1221 1936 δι’
1238 1909 1337 1945 ἑαυτῆς
1355 1909 1531 1946 μηνυούσης,·
1545 1909 1616 1936 οὕτω
1631 1909 1678 1936 καὶ
1691 1909 1759 1944 πρὸς
1768 1909 1812 1936 τὸν

1026 1957 1056 1982 ὲν
1069 1956 1134 1991 ἡμῖν
1146 1955 1290 1991 βλέποντες
1297 1956 1410 1991 κόσμον,
1424 1956 1455 1982 οὺ
1466 1955 1567 1991 μικρὰς
1578 1955 1677 1991 ἔχομεν
1687 1955 1813 1990 ἀφορμὰς

1027 2001 1095 2037 πρὸς
1104 2001 1134 2028 τὸ
1143 2001 1187 2028 διὰ
1197 2001 1250 2028 τῶν
1262 2002 1432 2036 φαινομένων
1442 2000 1543 2027 καὶτοῦ
1552 2000 1745 2036 κεκρυμμένου
1756 2001 1810 2035 (50)

1026 2047 1289 2082 καταστοχάσασθαι.
1305 2047 1467 2083 Κέχρυπται
1483 2047 1511 2074 δὲ
1521 2048 1622 2080 ἐκεῖνο,
1635 2047 1650 2073 ὃ
1661 2047 1703 2081 ἐφ’
1716 2046 1812 2074 ἑαυτοῦ

1027 2091 1056 2119 δν
1069 2092 1162 2127 νοητόν
1173 2100 1204 2118 τε
1226 2091 1282 2128 (51)
1293 2092 1340 2119 καὶ
1350 2091 1437 2124 ἀειδὲς
1445 2091 1585 2126 διαφεύγει
1596 2091 1645 2127 τὴν
1655 2091 1814 2127 αίσθητικὴν

1027 2137 1199 2172 κατανόησιν.

186 2183 324 2212 οεειιιιυιη
340 2187 392 2215 est,
407 2183 565 2218 conjectura
581 2183 768 2218 perveniendi.
791 2183 819 2210 Id
835 2187 926 2210 autem
941 2183 968 2209 in
987 2189 1050 2210 sese
1077 2182 1215 2209 occultum
1233 2185 1260 2210 et
1279 2181 1469 2210 absconditum
1491 2187 1542 2215 est,
1559 2182 1633 2217 quod
1667 2185 1695 2210 ct
1725 2186 1814 2209 mente

186 2235 214 2257 et
243 2230 422 2265 intelligentia
448 2229 597 2264 percipitur
619 2228 767 2264 forma=que
791 2236 889 2263 expers
916 2233 969 2260 est,
989 2227 1063 2264 quod
1085 2235 1217 2256 sensuum
1239 2227 1334 2263 eﬂ‘ugit
1361 2227 1638 2255 animadversionem.

224 2297 256 2324 Ο.
269 2296 357 2331 Atque
364 2295 538 2331 ego:Verum
551 2294 684 2329 sapientia
703 2294 829 2329 quidem,
849 2295 971 2331 inquam,

1057 2295 1088 2323 Γ.
1099 2292 1278 2329 Κάγὼεῐποντ
1293 2292 1376 2322 Ἀλλὰ
1386 2295 1436 2329 τὴν
1456 2294 1512 2330 (52)
1541 2294 1587 2321 τοῦ
1609 2293 1709 2325 παντὸς
1730 2295 1814 2330 ὑπερ-

186 2348 246 2376 quze
276 2341 303 2367 in
335 2340 442 2375 superis
472 2340 595 2375 partibus
625 2339 704 2375 quasi
726 2340 754 2367 in
786 2347 849 2368 arce
877 2348 970 2368 rerum

186 2427 281 2459 λοιπὰς
292 2427 341 2463 τὴν
355 2428 702 2463 ἐναντίανμ-Περιφοράν.
717 2427 902 2455 Ταῦταπάντα
913 2427 970 2454 δια-

207 2463 268 2497 οραί
288 2464 356 2490 εἰσιν
373 2464 505 2499 κινήσεων
519 2463 566 2491 καὶ
584 2463 700 2499 σχέσεων
715 2463 782 2498 πρὸς
795 2463 896 2499 ἄλληλα
918 2463 972 2489 τῶν

206 2505 305 2525 στρων.

223 2532 279 2598 (ιο)
300 2533 338 2559 Τὰ
349 2533 436 2567 μέρη.
453 2532 666 2571 Μειιιιτυιηιιυθ
679 2532 760 2559 τάτε.

234 2567 279 2598 Η)
295 2567 422 2598 Aur-dust
432 2567 464 2594 τὸ
475 2574 546 2594 παν.
568 2567 606 2594 Ita
620 2571 692 2595 recte
709 2567 760 2594 edit

234 2567 279 2602 Η)
295 2567 464 2602 Δυνάμειτὸ
475 2566 546 2594 πᾶν.
568 2567 606 2594 Ita
620 2566 692 2595 recte
709 2567 792 2602 editio
809 2567 872 2594 anni
891 2566 970 2602 1658ἶ

190 2601 273 2637 Aliter
299 2601 390 2637 habet
406 2602 590 2637 interpuuclio
613 2602 640 2628 in
668 2601 787 2637 editione
812 2601 971 2637 1615,75ed

189 2635 327 2671 mendose.
338 2636 426 2663 t‘odex
437 2636 455 2662 Β
466 2635 514 2671 p'ro
528 2637 652 2671 sequenti
661 2637 726 2664 αὑτό
737 2636 878 2671 legitmale
886 2636 970 2670 αὐτῷ.

223 2670 279 2703 (42)
293 2671 362 2704 Περὶ
374 2670 668 2705 ἐαυτδκινούμενυν.
696 2672 733 2698 lta
750 2670 849 2705 scripsi
864 2679 896 2698 ex
917 2678 968 2698 ms.

190 2705 209 2731 Α
224 2713 273 2741 pro
286 2706 358 2741 edito
373 2706 437 2741 περὶ
457 2706 523 2733 αὐτὸ
543 2706 693 2741 γινόμενον.
715 2705 783 2734 Cod.
809 2706 830 2732 Β
841 2705 971 2734 mendose

190 2740 252 2775 περ).
265 2740 372 2768 ἑαυτοῦ.
388 2740 491 2768 Cietera
506 2740 655 2769 consentit.

224 2774 279 2809 (45)
311 2775 508 2809 Ὃμολογοῖτο.
545 2775 582 2802 Ila
608 2780 723 2810 utcrque
753 2777 837 2803 codex
866 2782 916 2810 pro
938 2782 970 2802 eo

190 2810 259 2842 quod
275 2810 358 2837 editio
379 2811 447 2840 1658
461 2811 542 2839 habet
560 2810 734 2846 ὡμολογεῖτο,
752 2814 779 2838 et
795 2810 879 2838 altera
896 2810 971 2844 prior

195 2843 359 2870 τωολόγοιτο.

197 2852 359 2879 ἀμολογοιτο.

1023 2339 1152 2376 κειμένην
1165 2339 1262 2375 σοφίαν
1276 2338 1320 2366 διὰ
1330 2339 1384 2366 τῶν
1397 2339 1622 2376 ὲνθεωρουμένων
1629 2341 1662 2376 τῇ
1672 2340 1814 2375 φύσειτῶν

1060 2427 1116 2463 (44)
1142 2427 1174 2454 Ἠ
1185 2426 1229 2459 δὲ,
1243 2426 1375 2463 ᾼέτεξαι.
1391 2428 1423 2463 In
1439 2426 1515 2454 calce
1522 2426 1630 2463 codicis
1645 2426 1672 2463 Δγ
1684 2426 1813 2463 hancin-

1024 2461 1110 2523 vegis‘
1126 2466 1229 2493 notam,
1249 2461 1374 2488 ἐντεῦθεν
1395 2461 1445 2492 τὰς
1468 2461 1533 2496 περὶ
1556 2461 1644 2496 ψυχῆς
1662 2461 1813 2494 ἀποδείξεις

1024 2505 1060 2523 vo
1079 2505 1135 2523 ωει.

1099 2505 1135 2523 ει.

1024 2505 1327 2565 γρῗὶρῶικεδεήθημεν.
1340 2531 1362 2557 Α
1380 2530 1401 2556 B
1414 2530 1586 2566 δεηθειημεν,

1060 2564 1116 2600 (46)
1141 2564 1371 2600 ’Υπειλήφαμεη
1393 2564 1483 2592 οιοζΒ
1510 2564 1716 2600 ὑπειλήφαμεν·
1734 2564 1812 2592 ὑπει-

1024 2600 1150 2636 λήφαμεν
1166 2601 1197 2636 δὲ(
1211 2600 1312 2635 ἑαυτὴν
1329 2600 1526 2636 ἐξηλλαγμένη.

1060 2634 1115 2669 (47)
1137 2635 1320 2669 Πράγματος.
1341 2635 1362 2660 Α
1378 2634 1397 2660 Β
1415 2634 1577 2669 πράγματός
1597 2642 1637 2661 τι.

1060 2643 1115 2702 (2
1137 2643 1320 2696 ςιρὲιγματος.
1341 2643 1397 2695 AB!)
1415 2643 1577 2696 τὲἕαγματοέ
1597 2643 1600 2651 λ

1059 2669 1118 2729 εις»
1138 2671 1363 2729 ιῗαέετὲἕέξῒῗῗλ
1378 2677 1439 2729 xliv
1449 2677 1561 2729 eos.
1572 2677 1600 2695 α’

1061 2703 1118 2739 (49)
1138 2705 1207 2731 Κατ’
1220 2703 1326 2738 αὑτήν.
1342 2705 1363 2739 Α
1378 2703 1439 2730 καθ’
1455 2703 1561 2739 ἑαυτόν.

1059 2736 1114 2773 (⁷50)
1137 2739 1191 2766 Τοῦ
1211 2736 1424 2773 κεκρὺμμένου.
1455 2737 1484 2765 In
1504 2739 1580 2765 calce
1599 2737 1703 2765 codicis
1725 2736 1747 2764 A
1764 2738 1811 2773 τῆς

1023 2773 1059 2808 Qu
1079 2773 1111 2807 ῆς
1130 2773 1263 2807 δηλονότι,

1058 2783 1114 2834 ἔδει
1139 2809 1190 2834 Ὃν
1206 2816 1262 2834 ron

1058 2807 1114 2842 (5|)
1139 2809 1190 2834 Ὃν
1206 2808 1318 2842 νοητόν
1333 2815 1375 2834 τε.
1394 2807 1415 2833 Δ
1433 2807 1448 2833 ὃ
1464 2807 1559 2842 νοητόν
1574 2815 1615 2833 τε.

1060 2843 1116 2877 (52)
1142 2841 1229 2869 Ἀλλὰ
1242 2842 1307 2876 τήν.
1325 2843 1347 2868 Α
1362 2842 1382 2867 Β
1396 2842 1463 2868 ἀλλὰ
1478 2841 1527 2877 τὴν
1541 2841 1600 2875 μέν.
