1919 3069
58 145 91 174 29

597 147 640 175 DE
659 146 767 175 ANIMA
785 146 829 174 ΕΤ
844 146 1145 176 RESURRECTIONE.

1657 150 1695 179 το

58 200 139 228 ὅντων
152 200 246 235 σοφῶν
255 209 288 228 τε
299 202 345 228 καὶ
353 202 485 237 τεχνικῶν
493 202 589 236 λόγων,
599 204 666 238 ὲντῇ
677 203 794 239 ἁρμονίᾳ
802 203 855 238 (55)

910 204 1037 238 praesidet
1059 203 1233 231 universitati
1256 211 1304 239 per
1325 211 1383 236 eas,
1408 211 1469 239 qua
1490 211 1647 240 spectantur
1663 208 1693 234 ln

59 246 140 281 ταύτῃ
152 245 198 271 καὶ
212 245 398 282 διακοσμήσει
412 247 525 274 δυνατόν
540 248 614 274 ἐστιν
625 248 836 282 άναλογίσασθαι
847 257 854 263 ·

58 292 142 326 ψυχῆς
155 292 185 318 δὲ
204 292 314 326 γνῶσις
327 293 371 320 διὰ
383 293 437 320 τῶν
451 293 522 320 κατὰ
539 294 571 320 τὸ
585 293 663 328 σῶμα
675 293 856 328 δεικνυμένων

58 337 97 368 τίς
116 337 148 364 ἂν
162 336 276 371 γένοιτο
295 339 351 370 τοῖς
367 338 422 365 ἀπὸ
440 338 494 365 τῶν
510 338 679 373 φαινομένων
695 339 725 365 τὸ
736 338 856 374 κρυπτὸν

60 383 261 419 ἁνιχνεύουσινς
281 384 421 412 -Μ.Καὶ
431 384 547 421 μάλιστα
557 384 613 419 (54)
624 385 673 421 μέν
692 393 751 416 τοι,
775 384 857 419 φησὶν

60 430 76 464 ἡ
100 429 251 465 παρθένος,
274 431 334 462 τοῖς
352 429 463 457 κατὰτὸ
480 430 561 465 σοφὸν
574 430 661 457 ἐκεῖνο
675 430 858 465 παράγγελμα

61 475 202 509 γινώσκειν
223 477 344 508 ἑαυτοὺς
358 476 537 512 ἐπιθυμοῦσιν
547 484 554 492 ⁸
571 477 596 503 εἰ
615 476 667 503 κᾶν
679 477 696 512 ἡ
716 477 771 511 (ἃς)
786 476 858 504 διδά-

62 521 154 553 σκαλος
164 521 222 547 τῶν
241 521 311 556 περί
325 522 415 557 ψυχῆς
428 522 592 557 ὑπολήψεων
601 521 670 556 αὐτὴ
690 523 706 557 ὴ
720 521 803 557 ψυχὴ.
815 522 857 548 ὅτι

62 567 135 598 ᾶῦλός
158 575 202 599 τις
222 567 283 602 (56)
303 568 350 594 καὶ
369 567 528 603 ἀσώματος,
550 568 725 603 καταλλήλως
749 569 782 603 τῇ
801 567 856 602 ἰδία

62 612 138 647 φύσει
154 613 312 648 ὲνεργοῦσά
332 613 388 649 (57)
402 622 432 640 τε
446 613 493 639 καὶ
506 613 665 648 κινουμένη,
679 613 727 640 καὶ
742 613 786 638 διὰ
802 612 856 638 τῶν

65 658 224 693 σωματικῶν
232 658 362 694 ὀργάνων
372 659 421 690 τὰς
433 658 502 691 ἰδίας
518 659 640 694 κινήσεις
650 658 854 694 ὲνδεικνυμένη.

69 703 98 729 Ἦ
112 704 165 738 γὰρ
179 704 320 739 όργανικὴ
332 704 378 730 τοῦ
397 703 522 739 σώματος
538 703 607 739 αῦτη
625 703 757 738 διασκευὴ
768 723 775 735 ,
798 703 856 730 ἐστι

66 749 111 783 μὲν
124 749 199 775 οῦδὲν
220 746 307 785 ἦττον
331 749 377 775 καὶ
397 749 511 776 ἐπὶτῶν
532 749 776 784 άπονεκρωθέντων
797 748 854 784 (58)

65 794 105 821 διὰ
123 794 250 826 θανάτου,
273 794 333 822 ἀλλ’
350 795 477 829 ἀκίνητος
496 794 552 830 (59)
578 795 652 828 μένει
679 795 726 821 καὶ
747 794 856 830 ἀνενέρ-

67 848 152 874 γητος,
160 840 209 875 τῆς
217 840 342 875 ψυχικῆς
353 840 491 875 δυνάμεως
501 840 530 866 ὲν
542 840 609 876 αὐτῇ
624 840 661 876 μὴ
670 840 753 875 οὔσης
770 841 855 867 Κινεῖ-

910 254 1007 278 natura
1026 258 1127 284 rerum,
1145 251 1262 278 solertes
1280 254 1306 277 et
1329 249 1493 277 artiﬁciosae
1517 252 1648 285 rationes.
1663 253 1692 280 in

907 296 958 322 hac
980 300 1052 330 apta,
1068 296 1215 327 concinna,
1230 295 1414 323 consentienti
1432 299 1514 329 atque
1524 297 1693 331 conspiranti

907 341 1093 373 distinctione,
1117 341 1302 376 descriptione
1323 344 1405 375 atque
1425 340 1580 375 digestione
1603 346 1694 377 potest

907 385 1088 413 animadverti
1106 391 1188 421 atque
1204 385 1335 413 aestimari
1351 394 1358 412 :
1375 385 1474 412 anima:
1493 393 1558 412 vero
1572 386 1694 421 cognitio

907 439 956 466 per
974 439 1005 459 ea
1019 439 1078 466 qna-
1096 432 1123 459 in
1140 439 1256 467 corpore
1273 432 1470 463 ostenduntur,
1490 438 1614 465 quaenam
1627 439 1694 460 con-

907 477 1014 512 tingere
1049 478 1137 512 possit
1164 478 1198 505 iis
1224 477 1271 512 qui
1297 485 1345 513 per
1361 478 1519 512 apparentia
1542 477 1615 512 quod
1643 484 1702 508 oco.

907 523 1011 550 cultum
1028 528 1086 555 est,
1107 518 1421 557 investigant?M.Atque
1445 522 1591 549 admodum
1615 529 1691 554 sane,

907 566 996 602 inquit
1007 567 1095 602 virgo,
1107 567 1149 594 vel
1161 567 1220 602 ipsa
1235 567 1420 602 anima,juxta
1433 567 1532 594 scitum
1545 566 1612 593 illud
1623 573 1693 601 pra-

907 616 1027 647 ceptum,
1050 612 1157 647 seipsos
1183 619 1299 640 noscere
1315 612 1503 646 cupientibus,
1530 611 1692 646 opinionum

906 662 989 693 atque
1004 657 1215 693 persuasionum
1243 657 1278 685 de
1304 657 1394 684 anima
1410 656 1477 683 satis
1498 656 1594 683 idonea
1616 654 1692 682 sulti-

906 703 1037 738 ciensque
1048 703 1178 738 magistra
1197 706 1250 735 est,
1264 710 1361 737 nempe
1373 702 1444 737 quod
1460 709 1557 737 expers
1571 701 1691 728 materia:

906 752 933 775 et
953 748 1117 783 incorporea
1138 747 1260 783 quaedam
1284 748 1330 780 sit,
1348 756 1408 782 qua:
1425 747 1459 774 ad
1472 755 1548 774 suam
1566 751 1692 774 naturam

906 792 1111 820 accommodate
1133 797 1160 819 et
1180 795 1305 827 operetur
1331 796 1358 818 et
1375 795 1529 823 moveatur,
1547 795 1573 818 et
1590 798 1637 825 per
1651 790 1692 822 in-

907 840 1059 863 strumenta
1093 835 1247 870 corporalia
1281 842 1347 862 suas
1383 835 1520 861 motiones
1553 834 1689 861 ostendat.

67 893 107 910 ται
118 884 144 910 δὲ
155 884 215 910 τότε
230 885 299 911 ὅταν
314 885 331 920 ἥ
342 894 373 911 τε
389 884 443 920 (60)
454 884 578 920 αἴσθησις
589 886 617 912 ιν
626 886 681 916 τοῖς
690 885 815 921 ὀργάνοις
825 882 853 920 ᾗ,

908 881 1155 908 lnstrumentorum
1171 880 1243 908 enim
1258 880 1383 914 corporis
1407 879 1465 906 hate
1481 879 1595 914 digestio
1609 884 1691 914 atque

70 928 111 954 καὶ
129 928 172 955 διὰ
190 928 242 963 τῆς
263 928 420 964 αἰσθήσεως
436 930 451 965 ἠ
471 929 554 964 νοητὴ
574 929 687 964 δύναμις
706 929 788 965 διήκῃ
799 929 854 964 (61)

68 973 124 1003 ταῐς
147 971 228 1003 ἰδίαις
251 973 355 1007 ὁρμαῖς
381 973 545 1007 συγκινοῦσα
562 974 630 1009 πρὸς
650 973 680 999 τὸ
698 972 794 999 δοκοῦν
820 972 855 998 τὰ

70 1017 196 1052 ὀργανικὰ
209 1016 463 1053 αἰσθητήρια.-Γ.
472 1014 752 1055 Τίοῦν,εἶπον,ὶστὶνή
763 1018 835 1053 ψυχή
845 1027 853 1051 ;

71 1062 93 1088 εἰ
103 1061 212 1088 δυνατὸν
226 1061 301 1097 λόγῳ
314 1062 368 1089 τινὶ
383 1063 432 1097 τὴν
449 1061 530 1096 φύσιν
545 1062 736 1097 ὑπογραφῆναι
746 1083 753 1095 ,
771 1063 809 1094 ὡς
821 1063 854 1090 ἄν

71 1115 110 1139 τις
121 1106 225 1141 γένοιτο
240 1108 311 1142 ἡμῖν
325 1108 372 1134 τοῦ
383 1108 560 1143 ὑποκειμένου
573 1108 616 1133 διὰ
633 1107 683 1143 τῆς
693 1108 854 1143 ὑπογραφῆς

73 1150 242 1186 κατανόησις.
251 1153 309 1180 Καὶ
316 1153 333 1188 ἡ
341 1150 680 1182 διδάσκαλοςγ-ἈΙῙΑλλοι
690 1150 740 1186 μὲν
755 1150 853 1181 ἄλλως,

74 1195 149 1231 φησὶ,
170 1196 216 1223 τὸν
233 1196 301 1232 περὶ
323 1196 407 1230 αὐτῆς
428 1197 601 1231 ἀπεφήναντο
621 1195 711 1230 λόγον,
735 1195 807 1222 κατὰ
824 1195 855 1221 τὸ

73 1241 159 1268 δοκοῦν
170 1242 286 1274 ἑκαστος
302 1243 464 1277 ὁριζόμενοι,
476 1243 493 1277 ἡ
509 1242 537 1268 δὲ
554 1242 675 1278 ἡμετέρα
692 1241 756 1276 περὶ
769 1241 855 1275 αὐτῆς

74 1286 130 1320 δόξα
149 1287 233 1320 οὕτως
256 1287 333 1323 ἔχει·
355 1287 436 1323 Ψυχή
462 1288 535 1314 ἐστιν
554 1287 632 1314 οὐσία
645 1286 762 1321 γεννητὴ
786 1285 855 1320 (6‘2),

75 1333 146 1360 οὖσία
157 1332 241 1365 ζῶσα,
255 1333 351 1368 νοερὰ,
362 1333 467 1368 σώματι
478 1332 616 1368 όργανικῷ
631 1332 679 1359 καὶ
694 1330 854 1366 αἰσθητικῷ,

74 1378 179 1413 δύναμιν
194 1378 315 1413 ζωτικὴν
329 1378 376 1404 καὶ
389 1378 443 1405 τῶν
458 1378 595 1413 αἰσθητῶν
610 1376 808 1412 ἀντιληπτικὴν
820 1376 855 1402 δι’

77 1423 167 1458 ἑαυτῆς
178 1423 287 1450 ὲνιοῦσα
306 1423 372 1458 (65),
390 1423 441 1454 ἕως
455 1422 489 1449 ἂν
506 1424 523 1458 ἠ
537 1422 648 1457 δεκτικὴ
675 1421 777 1448 τούτων
794 1429 857 1447 συν-

76 1469 165 1503 έστηκε
181 1468 234 1503 (64)
250 1469 345 1503 φύσις.
355 1469 409 1495 Καὶ
427 1469 485 1503 ἅμα
502 1468 588 1495 ταῦτα
604 1468 721 1502 λέγουσα
737 1467 856 1494 δείκνυσι

76 1515 105 1548 τῇ
119 1514 187 1549 χειρὶ
208 1513 253 1539 τὸν
269 1514 363 1549 ἰατρὸν
382 1513 427 1539 τὸν
444 1513 492 1539 ἐπὶ
511 1512 643 1548 θεραπείᾳ
661 1513 707 1539 τοῦ
732 1512 856 1547 σώματος

77 1559 138 1593 αὐτῇ
159 1558 383 1594 προσκαθήμενοί
394 1578 401 1590 ,
419 1558 465 1584 καί
486 1566 579 1593 φησιν·
607 1558 705 1591 Ἐγγὺς
721 1558 787 1592 ἡμῖν
802 1556 856 1583 τῶν

79 1603 218 1638 εἰρημένων
238 1604 254 1639 ὴ
274 1603 424 1639 μαρτυρία.
446 1602 508 1634 Πῶς
523 1602 587 1637 γὰρ,
604 1600 679 1629 εἶπεν
697 1602 764 1635 (65y,
781 1599 857 1632 οὗτος

79 1649 203 1675 ἐπιϐαλὼν
214 1650 247 1684 τῇ
259 1649 383 1684 ἀρτηρίᾳ
391 1649 441 1683 τὴν
452 1648 507 1675 τῶν
517 1647 656 1675 δακτύλων
667 1647 749 1682 ἁφὴν,
762 1646 857 1673 ἀκούει

80 1694 168 1729 τρόπον
181 1695 241 1721 τινὰ
258 1694 307 1721 διὰ
317 1695 367 1729 τῆς
385 1693 504 1728 ἀπτικῆς
520 1692 671 1728 αἰσθήσεως
686 1692 736 1727 τῆς
750 1692 857 1727 φύσεως

81 1739 140 1774 πρὸς
151 1740 228 1766 αὐτὸν
242 1739 362 1775 βοὼσης,
379 1739 427 1765 καὶ
440 1738 474 1765 τὰ
491 1739 545 1765 ῐδια
564 1738 637 1773 πάθη
653 1738 836 1773 διηγουμένης
847 1757 855 1770 ,

81 1783 117 1810 ὅτι
130 1784 155 1810 ὲν
172 1784 297 1811 ἐπιτάσει
317 1784 376 1810 ἐστὶ
388 1783 427 1819 τῷ
444 1783 550 1819 σώματι
562 1783 593 1809 τὺ
613 1783 793 1819 ἀρρώστημα,
810 1784 857 1810 καὶ

81 1829 128 1856 ἀπὺ
147 1829 225 1856 τῶνδε
240 1829 299 1856 τῶν
320 1828 482 1864 σπλάγχνων
501 1829 518 1864 ἡ
544 1828 622 1860 νόσος
641 1828 769 1864 ὥρμηται
782 1848 790 1861 ,
809 1829 856 1856 καὶ

83 1873 124 1900 hri.
144 1874 245 1900 τοσόνδε
265 1874 428 1909 παρατείνει
452 1872 500 1900 τοῦ
524 1873 648 1908 φλογμοῦ
670 1875 688 1909 ἡ
712 1874 855 1907 έπίτασιςς

83 1919 227 1946 Διδάσκεται
240 1919 269 1946 δὲ
287 1920 335 1946 καὶ
351 1919 403 1946 ὑπὸ
416 1918 463 1946 τοῦ
480 1919 619 1954 ὀφθαλμοῦ
635 1919 704 1946 ἄλλα
722 1919 834 1946 τοιαῦτα
847 1940 855 1953 ,

83 1963 141 1997 πρός
150 1972 178 1990 τε
188 1963 218 1990 τὸ
226 1965 321 1999 σχῆμα
335 1963 384 1998 τῆς
398 1963 582 1995 κατακλίσεως
593 1963 710 1998 βλέπων,
727 1964 774 1991 καὶ
789 1965 858 1999 πρὸς

83 2007 125 2043 τὴν
138 2008 189 2035 τῶν
205 2008 315 2045 σαρκῶν
334 2008 473 2043 τηκεδόνα.
493 2009 548 2035 Καὶ
562 2009 600 2041 ὡς
616 2010 794 2045 ἐπισημαίνει
808 2010 857 2046 τὴν

83 2053 147 2080 ἔνδον
161 2054 290 2086 διάθεσιν,
305 2054 336 2080 τό
354 2062 384 2081 τε
406 2052 475 2086 εἶδος
488 2054 535 2081 τοῦ
552 2055 713 2090 χρώματος,
731 2055 857 2092 ὕπωχρόν

83 2098 154 2124 τεηδν
174 2099 219 2125 καὶ
239 2098 371 2134 χολῶδες,
387 2099 434 2125 καὶ
450 2100 468 2134 ἡ
485 2099 540 2126 τῶν
558 2100 690 2135 ὀμμάτων
712 2101 776 2137 βολὴ
793 2103 858 2137 περὶ

83 2143 131 2170 τῶν
143 2144 295 2172 λυπούντων
310 2145 368 2180 (66)
390 2146 437 2172 καὶ
451 2145 566 2180 άλγύνον
588 2146 749 2182 αὐτομάτως
763 2148 840 2182 ὲγκλι
849 2163 856 2167 -

84 2189 182 2226 νομένη.
206 2191 344 2223 Ὡσαύτως
362 2191 391 2218 δὲ
410 2191 457 2218 καὶ
484 2192 501 2227 ἡ
518 2191 586 2227 ἀκοὴ
604 2192 660 2227 (67)
682 2192 735 2219 τῶν
756 2194 856 2229 ὁμοίων
871 2182 894 2210 D

84 2231 228 2267 διδάσκαλος
239 2236 346 2270 γίνεται
355 2255 363 2268 ,
377 2235 415 2271 τῷ
427 2236 455 2262 δὲ
467 2236 523 2271 (68)
539 2237 633 2273 πυκνῷ
646 2238 692 2264 τοῦ
707 2238 854 2274 ἄσθματος,

86 2278 125 2306 καὶ
137 2279 171 2314 τῷ
186 2281 396 2316 συνεκδιδομένῳ
414 2281 483 2317 μετὰ
496 2282 545 2318 τῆς
558 2283 695 2318 ἀναπνοῆς
712 2285 855 2321 στεναγμῷ

85 2323 112 2350 τὸ
129 2325 207 2358 πάθος
225 2326 455 2361 ἐπιγινώσκουσα.
479 2328 558 2354 Εἴποι
577 2328 600 2354 δ’
615 2328 647 2355 ἄν
663 2337 706 2361 τις
725 2330 794 2366 μηδὲ
807 2331 857 2365 τὴν

87 2368 204 2405 Satn;qu
222 2372 270 2399 τοῦ
291 2373 473 2408 ἐπιστήμονος
490 2373 690 2401 ἀνεπίσκεπτον
714 2373 783 2403 εἶναι
808 2376 856 2403 τοῦ

88 2415 186 2448 πάθους,
199 2417 265 2444 ἀλλὰ
281 2418 325 2444 διὰ
343 2418 392 2453 τῆς
407 2419 487 2450 ποιᾶς
502 2418 549 2445 τοῦ
568 2419 706 2455 ἄσθματος
727 2421 857 2457 ἰδιότητος

88 2458 259 2494 ἐπιγινώσκειν
272 2464 303 2490 τὸ
317 2463 540 2500 ἐγκεκρυμμένον
555 2465 612 2496 τοῖς
632 2465 796 2501 σπλάγχνοις
807 2467 858 2503 άῤ-

189 2528 321 2568 Ἁρμονίᾳ
333 2534 386 2568 et_c.
399 2529 552 2568 ἐναρμονίῳ
564 2531 650 2568 ταύτῃ
663 2532 853 2568 διακοσμήσει.

186 2561 331 2591 Μᾶξιιστὶι.
349 2565 370 2590 Β
386 2561 468 2599 μάλά.

128 2596 167 2634 ἕξ)
185 2599 218 2634 Εἰ
232 2599 290 2626 κᾶν
305 2600 335 2632 ἡ.
354 2596 412 2625 ΑΒ
424 2599 516 2634 ἰκανή.

128 2630 167 2666 56)
186 2633 293 2666 Ἀῦλός
308 2630 363 2666 τις.
379 2635 401 2660 A
416 2634 437 2659 B
448 2630 527 2666 ᾶῦλός
540 2635 582 2666 τίς
594 2636 662 2663 ἐστι.

189 2665 379 2706 ξεῖν-ις’ριιέοῦσᾳΖ
395 2669 417 2694 Β
433 2665 626 2706 ἐνεργουμένη.

129 2700 166 2769 58)
189 2700 467 2737 Ἁποῖνὲκρωθέντων.
479 2700 509 2730 Ἀ
524 2700 782 2741 ἀπονάρκωθέντων.

129 2734 156 2762 59
188 2736 343 2769 Ἅκίνητος.
360 2739 382 2763 Δ
400 2738 421 2764 Β
432 2738 559 2769 ἀκίνητός
569 2748 609 2767 τε.

187 2734 343 2773 ᾏκίνητὸς.
360 2739 382 2763 Δ
400 2738 421 2764 Β
432 2738 559 2773 ἀκίνητός
569 2748 609 2767 τε.

186 2769 395 2809 ’ἶοζακῆᾐτξηΒ
405 2772 443 2799 ὅτ’
459 2769 521 2809 ἃνῆ
537 2769 576 2801 τε,

184 2806 280 2842 Arnim.
332 2806 470 2842 διήκηται.

129 2836 168 2875 οι)
185 2836 326 2876 rma“).
342 2836 486 2877 B'ye'vm.

117 2595 126 2696 Ξ

119 2698 127 2732 (

119 2733 130 2872 ἰ

906 931 1053 962 apparatus
1064 930 1107 954 est
1121 926 1231 961 quidem
1240 924 1420 952 nihilominus
1436 925 1465 951 in
1479 929 1566 951 morte
1582 932 1688 959 peremo

906 972 960 1006 ptis
983 976 1010 999 et
1023 971 1176 1003 exstinctis,
1188 970 1235 998 sed
1250 970 1322 1005 quod
1334 970 1432 996 animae
1440 970 1556 996 visinea
1572 977 1626 995 non
1642 969 1689 1000 sit,

905 1024 1004 1052 expers
1019 1020 1110 1044 manet
1120 1020 1147 1044 et
1156 1015 1285 1043 motionis
1293 1018 1319 1042 et
1329 1015 1455 1042 actionis.
1466 1013 1589 1041 Movetur
1598 1018 1689 1041 autent

906 1066 983 1094 tunc,
1006 1070 1067 1089 eum
1088 1065 1115 1089 et
1131 1068 1230 1089 sensus
1246 1060 1424 1088 instrumenti
1447 1064 1500 1092 est,
1521 1064 1548 1087 et
1565 1066 1613 1094 per
1628 1067 1692 1086 sen-

905 1116 966 1135 sim
989 1106 1159 1143 intelligendi
1179 1107 1222 1135 vis
1236 1111 1319 1142 atque
1334 1105 1454 1133 facultas
1471 1105 1591 1140 pertinet
1606 1108 1690 1139 atque

906 1153 1031 1190 pervadit
1045 1161 1098 1181 una
1113 1160 1176 1180 cum
1192 1153 1251 1181 suis
1267 1151 1411 1180 conatibus
1426 1154 1454 1178 et
1477 1150 1691 1185 appetitionibns

906 1207 961 1235 quo
981 1200 1068 1227 visum
1087 1199 1179 1228 fuerit.
1201 1199 1282 1227 simul
1304 1205 1418 1226 movens
1440 1204 1571 1225 sensuum
1589 1196 1692 1222 instrn-

907 1239 1554 1274 menta.—G.Quidigitur.inquam.estanima‘P
1576 1241 1599 1268 si
1622 1241 1692 1268 forte

906 1293 996 1325 potest
1012 1289 1104 1324 aliqua
1125 1289 1231 1315 ratione
1254 1293 1351 1315 natura
1375 1287 1436 1321 ejus
1453 1286 1592 1321 designari
1610 1291 1692 1320 atque

907 1335 1035 1367 describi,
1067 1341 1096 1362 ιιι
1122 1344 1154 1363 ex
1187 1335 1246 1369 ipsa
1267 1334 1454 1361 delineatione
1477 1338 1560 1367 atque
1588 1332 1692 1358 descri-

908 1382 1001 1417 ptione
1026 1381 1119 1416 aliquo
1140 1381 1220 1407 modo
1239 1379 1312 1414 quod
1331 1378 1505 1414 propositum
1529 1382 1582 1408 est,
1604 1377 1692 1403 anim-

908 1426 1067 1453 advertatur
1099 1422 1437 1460 etcognoscatur.—M.Et
1460 1423 1589 1457 magistra
1604 1441 1611 1452 ,
1640 1420 1693 1447 Alii

908 1471 1018 1506 quidem
1046 1471 1138 1502 aliter,
1164 1467 1272 1504 inquit,‘
1290 1468 1426 1496 rationem
1450 1468 1512 1501 ejus
1536 1467 1692 1497 ediderunt,

909 1521 991 1551 prout
1011 1516 1113 1551 cuique
1140 1515 1290 1547 videretur,
1314 1514 1495 1542 deﬁnientes:
1513 1516 1607 1540 nostra
1628 1519 1694 1539 vero

908 1560 943 1588 de
970 1568 1001 1588 ea
1028 1560 1166 1588 sententia
1193 1560 1256 1587 talis
1279 1562 1322 1587 est
1351 1568 1358 1585 :
1382 1558 1482 1585 Anima
1508 1562 1550 1585 est
1574 1556 1694 1584 essentia

907 1609 1047 1639 generata,
1067 1605 1188 1632 essentia
1206 1605 1312 1634 vivens,
1333 1603 1537 1633 intellectualis,
1553 1601 1694 1636 corporeis

907 1657 1036 1677 sensuum
1059 1649 1249 1676 instrumentis
1276 1648 1394 1679 vivendi,
1413 1651 1494 1682 atque
1515 1654 1546 1673 ea
1570 1653 1631 1681 quae
1646 1653 1694 1672 ca-

908 1695 977 1722 dunt
1002 1695 1053 1722 sub
1082 1702 1181 1723 sensus
1210 1694 1377 1729 percipiendi
1400 1693 1560 1720 facultatem
1586 1699 1620 1719 ac
1637 1693 1693 1718 vim

908 1747 956 1775 per
978 1747 1038 1767 sese
1057 1747 1207 1774 suggerens
1231 1742 1258 1765 et
1282 1738 1444 1768 immittens,
1466 1736 1588 1772 quamliu
1606 1742 1693 1770 capax

907 1792 1002 1812 earum
1024 1792 1115 1812 rerum
1137 1788 1233 1811 natura
1255 1787 1386 1811 constare
1407 1783 1543 1810 videatur.
1561 1781 1594 1808 Et
1611 1781 1695 1808 simul

908 1829 966 1856 haec
995 1829 1102 1860 dicens.
1131 1829 1278 1860 medicutn,
1309 1829 1355 1863 qui
1380 1828 1404 1855 ei
1431 1827 1546 1856 curandi
1569 1827 1696 1861 corporis

908 1882 991 1902 causa
1012 1874 1160 1907 assidebat,
1190 1882 1271 1901 manu
1300 1874 1435 1906 ostendit,
1459 1878 1487 1901 et
1510 1873 1567 1900 ait:
1591 1872 1696 1900 Praesto

909 1921 991 1948 nobis
1007 1925 1049 1948 est
1059 1928 1153 1948 eorum
1166 1928 1227 1954 qua:
1240 1920 1314 1947 dicta
1329 1924 1394 1947 sunt
1408 1918 1608 1947 testimonium.
1622 1917 1696 1950 Quo-

907 1974 971 1994 nam
993 1966 1065 1993 enim
1089 1966 1182 2000 modo,
1199 1966 1300 2001 inquit,
1321 1965 1365 1993 hic
1393 1969 1467 1992 tactu
1494 1965 1641 1999 digitorum
1660 1963 1695 1990 ad

908 2012 1035 2040 arteriam
1058 2012 1191 2044 adhibito,
1217 2019 1265 2047 per
1284 2011 1414 2046 tangendi
1428 2018 1540 2038 sensum
1559 2009 1695 2044 quodam<

907 2057 988 2084 modo
1004 2057 1080 2084 attdit
1098 2057 1131 2084 ad
1144 2057 1234 2092 ipsum
1247 2057 1409 2084 clamantem
1425 2060 1562 2087 naturam,
1575 2062 1695 2090 suasque

907 2103 1065 2131 atl‘eetiones
1093 2107 1120 2131 et
1142 2104 1320 2139 aegritudines
1353 2107 1541 2133 enarrantem,
1569 2100 1642 2135 quod
1667 2101 1695 2127 in

909 2149 1079 2177 incremento
1094 2149 1224 2176 nimirttm
1247 2153 1276 2176 et
1300 2148 1327 2175 in
1344 2148 1496 2175 intentione
1512 2147 1636 2182 corporis
1654 2146 1696 2173 in-

909 2195 1024 2223 ﬁrmitas
1046 2195 1094 2227 sit,
1113 2198 1141 2223 et
1157 2195 1191 2222 ab
1217 2194 1263 2221 his
1284 2193 1438 2221 visceribus
1455 2193 1568 2220 morbus
1584 2196 1695 2220 exortus

909 2242 956 2273 sit,
983 2246 1011 2269 et
1036 2241 1131 2268 tandiu
1148 2244 1311 2276 prorogetur
1334 2246 1366 2266 ac
1392 2239 1472 2266 dttret
1486 2237 1593 2265 ardoris
1615 2237 1696 2264 vehe-

909 2287 1028 2315 mentia?
1056 2286 1145 2321 Atque
1166 2286 1220 2313 alia
1240 2293 1351 2322 quoque
1367 2285 1432 2312 talia
1447 2284 1529 2312 discit
1549 2284 1583 2311 ab
1603 2284 1694 2315 oculo,

908 2331 971 2359 dum
992 2331 1035 2360 vel
1053 2332 1086 2359 ad
1116 2332 1230 2367 ﬁgurant
1247 2336 1276 2359 et
1294 2331 1416 2359 habitum
1434 2330 1634 2360 decumbentis.
1653 2329 1696 2356 vel

908 2377 941 2405 ad
961 2377 1087 2405 carnium
1100 2378 1190 2405 tabem
1205 2381 1286 2412 atque
1299 2377 1496 2412 collapsionem
1520 2375 1646 2410 respicit.
1660 2375 1692 2401 Et

908 2422 1137 2457 quemadmodum
1163 2425 1191 2450 et
1218 2421 1324 2457 species
1352 2421 1454 2449 coloris
1479 2421 1521 2448 vel
1549 2420 1694 2456 subpallidi

907 2468 950 2496 vel
970 2468 1071 2501 biliosi,
1097 2472 1125 2495 et
1140 2468 1284 2495 oculorum
1308 2467 1379 2496 ictus
1395 2468 1428 2495 ad
1450 2468 1574 2495 habitum
1593 2467 1694 2494 doloris

944 2534 1001 2568 (65)
1026 2534 1176 2561 Ἐνιοῦσα.
1193 2534 1216 2560 Α
1230 2533 1251 2559 Β
1266 2533 1377 2560 ὲνιεῖσα.

944 2565 1000 2604 (64)
1020 2568 1203 2602 Συνέστηκε.
1219 2569 1243 2594 Δ
1263 2568 1291 2595 in
1306 2568 1427 2603 margine
1442 2567 1621 2601 συνεστηκυῖα
1637 2565 1696 2600 φαί-

907 2612 999 2672 νοῖἓέ)
1019 2636 1085 2670 Πῶς
1104 2637 1159 2672 γὰρ
1181 2634 1275 2672 εἶπεν.
1300 2636 1328 2664 1η
1350 2637 1425 2664 calce
1448 2636 1550 2672 codicis
1574 2636 1594 2672 a
1624 2635 1694 2660 lianc

907 2669 999 2715 notam
1017 2669 1158 2715 invenies:
1174 2671 1329 2707 Σημείωσαι
1353 2672 1426 2703 ὅπως
1449 2670 1538 2705 ἰατρὸν
1558 2669 1598 2700 εἰς
1622 2677 1690 2703 μαρ-

906 2707 1001 2742 τυρίαν
1018 2707 1104 2734 καλεῖ.

943 2742 997 2776 (66)
1019 2742 1081 2768 Τῶν
1091 2740 1278 2774 λυπούντων,
1290 2745 1342 2769 etc.
1359 2741 1381 2767 Α
1398 2739 1419 2767 Β
1432 2739 1462 2766 τὸ
1486 2736 1586 2765 λυποῦν
1601 2745 1631 2763 τε
1645 2736 1692 2763 καὶ

906 2776 1037 2810 ἀλγεινόν.

945 2811 1001 2845 (6⁷)
1027 2810 1063 2838 Ἡ
1077 2809 1162 2845 ἀκοή·
1182 2810 1203 2845 Ῑέ
1216 2810 1232 2843 ἡ
1248 2810 1306 2844 βοή-

943 2845 998 2881 (68)
1021 2846 1062 2878 Τῷ
1077 2844 1118 2872 δέ.
1136 2845 1156 2870 Β
1170 2844 1209 2878 τῷ
1221 2851 1259 2869 τε.
