  <div class='ocr_page' id='page_1' title='image "/cluster/home/n/w/nwhite01/storage/ocr_20150623/46/njp.32101077772604/025.png"; bbox 0 0 1919 3069; ppageno 0'>
   <div class='ocr_carea' id='block_1_1' title="bbox 191 146 1822 180">
    <p class='ocr_par' dir='ltr' id='par_1_1' title="bbox 191 146 1822 180">
     <span class='ocr_line' id='line_1_1' title="bbox 191 146 1822 180; baseline -0.004 0"><span class='ocrx_word' id='word_1_1' title='bbox 191 147 224 180; x_wconf 73' lang='grc'><strong>31</strong></span> <span class='ocrx_word' id='word_1_2' title='bbox 818 152 847 178; x_wconf 77' lang='lat' dir='ltr'><strong>S.</strong></span> <span class='ocrx_word' id='word_1_3' title='bbox 860 151 1024 180; x_wconf 70' lang='lat' dir='ltr'><strong>GIiEGOiill</strong></span> <span class='ocrx_word' id='word_1_4' title='bbox 1040 151 1186 180; x_wconf 80' lang='lat' dir='ltr'><strong>NYSSENI</strong></span> <span class='ocrx_word' id='word_1_5' title='bbox 1786 146 1822 175; x_wconf 73' lang='lat'><strong>52</strong></span> 
     </span>
    </p>
   </div>
   <div class='ocr_carea' id='block_1_2' title="bbox 191 202 991 245">
    <p class='ocr_par' dir='ltr' id='par_1_2' title="bbox 191 205 979 242">
     <span class='ocr_line' id='line_1_2' title="bbox 191 205 979 242; baseline 0.003 -8"><span class='ocrx_word' id='word_1_6' title='bbox 191 205 310 234; x_wconf 84' lang='lat' dir='ltr'><strong>iudicem</strong></span> <span class='ocrx_word' id='word_1_7' title='bbox 331 208 414 240; x_wconf 82' lang='lat' dir='ltr'><strong>atque</strong></span> <span class='ocrx_word' id='word_1_8' title='bbox 427 205 548 234; x_wconf 62' lang='lat' dir='ltr'><strong>tristitiae</strong></span> <span class='ocrx_word' id='word_1_9' title='bbox 561 212 611 234; x_wconf 80' lang='lat' dir='ltr'><strong>sua</strong></span> <span class='ocrx_word' id='word_1_10' title='bbox 633 209 732 242; x_wconf 87' lang='lat' dir='ltr'><strong>sponte</strong></span> <span class='ocrx_word' id='word_1_11' title='bbox 745 207 881 236; x_wconf 84' lang='lat' dir='ltr'><strong>inclinans</strong></span> <span class='ocrx_word' id='word_1_12' title='bbox 894 208 979 236; x_wconf 88' lang='lat' dir='ltr'><strong>inter-</strong></span> 
     </span>
    </p>
   </div>
   <div class='ocr_carea' id='block_1_3' title="bbox 1043 202 1821 245">
    <p class='ocr_par' dir='ltr' id='par_1_3' title="bbox 1043 202 1821 244">
     <span class='ocr_line' id='line_1_3' title="bbox 1043 202 1821 244; baseline -0.006 -8"><span class='ocrx_word' id='word_1_13' title='bbox 1043 209 1174 244; x_wconf 64' lang='lat' dir='ltr'><strong>idta’mtla.</strong></span> <span class='ocrx_word' id='word_1_14' title='bbox 1190 206 1254 244; x_wconf 79' lang='lat' dir='ltr'><strong>&#39;Ap‘</strong></span> <span class='ocrx_word' id='word_1_15' title='bbox 1274 205 1320 235; x_wconf 84' lang='grc' dir='ltr'>οὖν</span> <span class='ocrx_word' id='word_1_16' title='bbox 1344 207 1369 234; x_wconf 80' lang='grc' dir='ltr'><strong>εί</strong></span> <span class='ocrx_word' id='word_1_17' title='bbox 1389 207 1427 242; x_wconf 85' lang='grc' dir='ltr'><strong>μή</strong></span> <span class='ocrx_word' id='word_1_18' title='bbox 1449 214 1491 238; x_wconf 82' lang='grc' dir='ltr'><strong>τις</strong></span> <span class='ocrx_word' id='word_1_19' title='bbox 1509 206 1625 241; x_wconf 81' lang='grc' dir='ltr'>δύναμις</span> <span class='ocrx_word' id='word_1_20' title='bbox 1646 202 1680 240; x_wconf 79' lang='grc' dir='ltr'>ἦν</span> <span class='ocrx_word' id='word_1_21' title='bbox 1701 204 1788 240; x_wconf 78' lang='grc' dir='ltr'>νοητὴ</span> <span class='ocrx_word' id='word_1_22' title='bbox 1802 205 1821 240; x_wconf 88' lang='grc' dir='ltr'><strong>ἡ</strong></span> 
     </span>
    </p>
   </div>
   <div class='ocr_carea' id='block_1_4' title="bbox 192 252 980 288">
    <p class='ocr_par' dir='ltr' id='par_1_4' title="bbox 192 252 980 288">
     <span class='ocr_line' id='line_1_4' title="bbox 192 252 980 288; baseline 0.003 -8"><span class='ocrx_word' id='word_1_23' title='bbox 192 259 256 280; x_wconf 86' lang='lat' dir='ltr'><strong>nam</strong></span> <span class='ocrx_word' id='word_1_24' title='bbox 278 252 415 288; x_wconf 78' lang='lat' dir='ltr'><strong>signiﬁcat</strong></span> <span class='ocrx_word' id='word_1_25' title='bbox 438 252 622 285; x_wconf 82' lang='lat' dir='ltr'><strong>ati&#39;ectionem,</strong></span> <span class='ocrx_word' id='word_1_26' title='bbox 642 257 726 288; x_wconf 85' lang='lat' dir='ltr'><strong>atque</strong></span> <span class='ocrx_word' id='word_1_27' title='bbox 750 254 843 282; x_wconf 88' lang='lat' dir='ltr'><strong>itidem</strong></span> <span class='ocrx_word' id='word_1_28' title='bbox 870 255 980 282; x_wconf 88' lang='lat' dir='ltr'><strong>auditus</strong></span> 
     </span>
    </p>
   </div>
   <div class='ocr_carea' id='block_1_5' title="bbox 193 297 981 334">
    <p class='ocr_par' dir='ltr' id='par_1_5' title="bbox 193 297 981 334">
     <span class='ocr_line' id='line_1_5' title="bbox 193 297 981 334; baseline 0.003 -9"><span class='ocrx_word' id='word_1_29' title='bbox 193 305 305 334; x_wconf 84' lang='lat' dir='ltr'><strong>quoque</strong></span> <span class='ocrx_word' id='word_1_30' title='bbox 324 297 457 326; x_wconf 78' lang='lat' dir='ltr'><strong>similium</strong></span> <span class='ocrx_word' id='word_1_31' title='bbox 485 298 618 334; x_wconf 76' lang='lat' dir='ltr'><strong>magister</strong></span> <span class='ocrx_word' id='word_1_32' title='bbox 639 300 760 332; x_wconf 73' lang='lat' dir='ltr'><strong>exsistit,</strong></span> <span class='ocrx_word' id='word_1_33' title='bbox 789 305 845 328; x_wconf 94' lang='lat' dir='ltr'><strong>tum</strong></span> <span class='ocrx_word' id='word_1_34' title='bbox 871 308 905 328; x_wconf 82' lang='lat' dir='ltr'><strong>ex</strong></span> <span class='ocrx_word' id='word_1_35' title='bbox 927 300 981 328; x_wconf 81' lang='lat' dir='ltr'><strong>fre-</strong></span> 
     </span>
    </p>
   </div>
   <div class='ocr_carea' id='block_1_6' title="bbox 193 342 981 382">
    <p class='ocr_par' dir='ltr' id='par_1_6' title="bbox 193 342 981 382">
     <span class='ocr_line' id='line_1_6' title="bbox 193 342 981 382; baseline 0.003 -11"><span class='ocrx_word' id='word_1_36' title='bbox 193 342 288 378; x_wconf 83' lang='lat' dir='ltr'><strong>quenti</strong></span> <span class='ocrx_word' id='word_1_37' title='bbox 303 350 336 372; x_wconf 77' lang='lat' dir='ltr'><strong>ac</strong></span> <span class='ocrx_word' id='word_1_38' title='bbox 347 344 444 372; x_wconf 77' lang='lat' dir='ltr'><strong>crebra</strong></span> <span class='ocrx_word' id='word_1_39' title='bbox 458 345 642 377; x_wconf 85' lang='lat' dir='ltr'><strong>anhelatione,</strong></span> <span class='ocrx_word' id='word_1_40' title='bbox 660 350 717 372; x_wconf 90' lang='lat' dir='ltr'><strong>tum</strong></span> <span class='ocrx_word' id='word_1_41' title='bbox 734 354 766 374; x_wconf 80' lang='lat' dir='ltr'><strong>ex</strong></span> <span class='ocrx_word' id='word_1_42' title='bbox 779 347 882 382; x_wconf 87' lang='lat' dir='ltr'><strong>gemitu</strong></span> <span class='ocrx_word' id='word_1_43' title='bbox 899 347 981 374; x_wconf 89' lang='lat' dir='ltr'><strong>simul</strong></span> 
     </span>
    </p>
   </div>
   <div class='ocr_carea' id='block_1_7' title="bbox 194 385 980 427">
    <p class='ocr_par' dir='ltr' id='par_1_7' title="bbox 194 385 980 427">
     <span class='ocr_line' id='line_1_7' title="bbox 194 385 980 427; baseline 0.003 -11"><span class='ocrx_word' id='word_1_44' title='bbox 194 396 257 416; x_wconf 90' lang='lat' dir='ltr'><strong>eum</strong></span> <span class='ocrx_word' id='word_1_45' title='bbox 280 385 464 425; x_wconf 73' lang='lat' dir='ltr'><strong>respiratione</strong></span> <span class='ocrx_word' id='word_1_46' title='bbox 486 391 561 419; x_wconf 87' lang='lat' dir='ltr'><strong>edito</strong></span> <span class='ocrx_word' id='word_1_47' title='bbox 587 390 777 427; x_wconf 74' lang='lat' dir='ltr'><strong>aegritudinem</strong></span> <span class='ocrx_word' id='word_1_48' title='bbox 800 399 980 427; x_wconf 87' lang='lat' dir='ltr'><strong>cognoscens.</strong></span> 
     </span>
    </p>
   </div>
   <div class='ocr_carea' id='block_1_8' title="bbox 195 434 981 473">
    <p class='ocr_par' dir='ltr' id='par_1_8' title="bbox 195 434 981 473">
     <span class='ocr_line' id='line_1_8' title="bbox 195 434 981 473; baseline 0.005 -13"><span class='ocrx_word' id='word_1_49' title='bbox 195 434 299 462; x_wconf 79' lang='lat' dir='ltr'><strong>Dixerit</strong></span> <span class='ocrx_word' id='word_1_50' title='bbox 324 440 415 463; x_wconf 90' lang='lat' dir='ltr'><strong>autem</strong></span> <span class='ocrx_word' id='word_1_51' title='bbox 433 436 545 471; x_wconf 86' lang='lat' dir='ltr'><strong>aliquis,</strong></span> <span class='ocrx_word' id='word_1_52' title='bbox 565 444 599 464; x_wconf 91' lang='lat' dir='ltr'><strong>ne</strong></span> <span class='ocrx_word' id='word_1_53' title='bbox 614 436 761 464; x_wconf 87' lang='lat' dir='ltr'><strong>odoratum</strong></span> <span class='ocrx_word' id='word_1_54' title='bbox 774 437 884 473; x_wconf 84' lang='lat' dir='ltr'><strong>quidem</strong></span> <span class='ocrx_word' id='word_1_55' title='bbox 901 437 981 473; x_wconf 85' lang='lat' dir='ltr'><strong>periti</strong></span> 
     </span>
    </p>
   </div>
   <div class='ocr_carea' id='block_1_9' title="bbox 192 481 981 516">
    <p class='ocr_par' dir='ltr' id='par_1_9' title="bbox 192 481 981 516">
     <span class='ocr_line' id='line_1_9' title="bbox 192 481 981 516; baseline 0.003 -8"><span class='ocrx_word' id='word_1_56' title='bbox 192 489 250 509; x_wconf 77' lang='lat' dir='ltr'><strong>non</strong></span> <span class='ocrx_word' id='word_1_57' title='bbox 270 488 351 516; x_wconf 88' lang='lat' dir='ltr'><strong>posse</strong></span> <span class='ocrx_word' id='word_1_58' title='bbox 369 481 590 510; x_wconf 82' lang='lat' dir='ltr'><strong>animadvertere</strong></span> <span class='ocrx_word' id='word_1_59' title='bbox 610 486 637 510; x_wconf 86' lang='lat' dir='ltr'><strong>et</strong></span> <span class='ocrx_word' id='word_1_60' title='bbox 655 486 751 510; x_wconf 90' lang='lat' dir='ltr'><strong>notare</strong></span> <span class='ocrx_word' id='word_1_61' title='bbox 774 483 910 515; x_wconf 88' lang='lat' dir='ltr'><strong>morbum,</strong></span> <span class='ocrx_word' id='word_1_62' title='bbox 933 483 981 510; x_wconf 84' lang='lat' dir='ltr'><strong>sed</strong></span> 
     </span>
    </p>
   </div>
   <div class='ocr_carea' id='block_1_10' title="bbox 195 526 981 564">
    <p class='ocr_par' dir='ltr' id='par_1_10' title="bbox 195 526 981 564">
     <span class='ocr_line' id='line_1_10' title="bbox 195 526 981 564; baseline 0 -10"><span class='ocrx_word' id='word_1_63' title='bbox 195 533 244 562; x_wconf 80' lang='lat' dir='ltr'><strong>per</strong></span> <span class='ocrx_word' id='word_1_64' title='bbox 266 530 370 554; x_wconf 77' lang='lat' dir='ltr'><strong>certam</strong></span> <span class='ocrx_word' id='word_1_65' title='bbox 387 526 534 561; x_wconf 86' lang='lat' dir='ltr'><strong>quamdam</strong></span> <span class='ocrx_word' id='word_1_66' title='bbox 553 528 691 556; x_wconf 80' lang='lat' dir='ltr'><strong>anhelitus</strong></span> <span class='ocrx_word' id='word_1_67' title='bbox 716 528 878 564; x_wconf 84' lang='lat' dir='ltr'><strong>qualitatem</strong></span> <span class='ocrx_word' id='word_1_68' title='bbox 895 535 981 563; x_wconf 82' lang='lat' dir='ltr'><strong>agno-</strong></span> 
     </span>
    </p>
   </div>
   <div class='ocr_carea' id='block_1_11' title="bbox 195 572 981 608">
    <p class='ocr_par' dir='ltr' id='par_1_11' title="bbox 195 572 981 608">
     <span class='ocr_line' id='line_1_11' title="bbox 195 572 981 608; baseline 0 -8"><span class='ocrx_word' id='word_1_69' title='bbox 195 579 259 600; x_wconf 88' lang='lat' dir='ltr'><strong>cere</strong></span> <span class='ocrx_word' id='word_1_70' title='bbox 274 572 302 599; x_wconf 92' lang='lat' dir='ltr'><strong>in</strong></span> <span class='ocrx_word' id='word_1_71' title='bbox 319 572 475 601; x_wconf 81' lang='lat' dir='ltr'><strong>visceribus</strong></span> <span class='ocrx_word' id='word_1_72' title='bbox 493 573 623 601; x_wconf 78' lang='lat' dir='ltr'><strong>latentem</strong></span> <span class='ocrx_word' id='word_1_73' title='bbox 641 573 838 601; x_wconf 77' lang='lat' dir='ltr'><strong>inﬁrmitatem.</strong></span> <span class='ocrx_word' id='word_1_74' title='bbox 852 572 981 608; x_wconf 85' lang='lat' dir='ltr'><strong>Nunquid</strong></span> 
     </span>
    </p>
   </div>
   <div class='ocr_carea' id='block_1_12' title="bbox 191 616 983 653">
    <p class='ocr_par' dir='ltr' id='par_1_12' title="bbox 191 616 983 653">
     <span class='ocr_line' id='line_1_12' title="bbox 191 616 983 653; baseline 0.003 -10"><span class='ocrx_word' id='word_1_75' title='bbox 191 616 281 651; x_wconf 68' lang='lat' dir='ltr'><strong>igitur</strong></span> <span class='ocrx_word' id='word_1_76' title='bbox 306 617 365 644; x_wconf 74' lang='lat' dir='ltr'><strong>haec</strong></span> <span class='ocrx_word' id='word_1_77' title='bbox 381 616 439 644; x_wconf 85' lang='lat' dir='ltr'><strong>ﬂeri</strong></span> <span class='ocrx_word' id='word_1_78' title='bbox 461 621 583 652; x_wconf 78' lang='lat' dir='ltr'><strong>possent,</strong></span> <span class='ocrx_word' id='word_1_79' title='bbox 596 618 648 645; x_wconf 84' lang='lat' dir='ltr'><strong>nisi</strong></span> <span class='ocrx_word' id='word_1_80' title='bbox 664 618 756 653; x_wconf 90' lang='lat' dir='ltr'><strong>aliqua</strong></span> <span class='ocrx_word' id='word_1_81' title='bbox 767 617 808 645; x_wconf 82' lang='lat' dir='ltr'><strong>vis</strong></span> <span class='ocrx_word' id='word_1_82' title='bbox 818 625 880 652; x_wconf 68' lang='lat' dir='ltr'><strong>quae</strong></span> <span class='ocrx_word' id='word_1_83' title='bbox 893 621 983 645; x_wconf 86' lang='lat' dir='ltr'><strong>mente</strong></span> 
     </span>
    </p>
   </div>
   <div class='ocr_carea' id='block_1_13' title="bbox 195 662 984 698">
    <p class='ocr_par' dir='ltr' id='par_1_13' title="bbox 195 662 984 698">
     <span class='ocr_line' id='line_1_13' title="bbox 195 662 984 698; baseline 0 -10"><span class='ocrx_word' id='word_1_84' title='bbox 195 663 319 689; x_wconf 83' lang='lat' dir='ltr'><strong>cernitur</strong></span> <span class='ocrx_word' id='word_1_85' title='bbox 345 665 372 690; x_wconf 92' lang='lat' dir='ltr'><strong>et</strong></span> <span class='ocrx_word' id='word_1_86' title='bbox 398 662 450 690; x_wconf 85' lang='lat' dir='ltr'><strong>sub</strong></span> <span class='ocrx_word' id='word_1_87' title='bbox 480 663 687 698; x_wconf 77' lang='lat' dir='ltr'><strong>intelligentiam</strong></span> <span class='ocrx_word' id='word_1_88' title='bbox 718 662 801 694; x_wconf 90' lang='lat' dir='ltr'><strong>cadit,</strong></span> <span class='ocrx_word' id='word_1_89' title='bbox 835 662 984 697; x_wconf 84' lang='lat' dir='ltr'><strong>unicuique</strong></span> 
     </span>
    </p>
   </div>
   <div class='ocr_carea' id='block_1_14' title="bbox 195 707 982 741">
    <p class='ocr_par' dir='ltr' id='par_1_14' title="bbox 195 707 982 741">
     <span class='ocr_line' id='line_1_14' title="bbox 195 707 982 741; baseline -0.001 -6"><span class='ocrx_word' id='word_1_90' title='bbox 195 714 326 735; x_wconf 78' lang='lat' dir='ltr'><strong>sensuum</strong></span> <span class='ocrx_word' id='word_1_91' title='bbox 348 707 456 736; x_wconf 78' lang='lat' dir='ltr'><strong>adesset</strong></span> <span class='ocrx_word' id='word_1_92' title='bbox 482 708 686 736; x_wconf 78' lang='lat' dir='ltr'><strong>instrumento?</strong></span> <span class='ocrx_word' id='word_1_93' title='bbox 713 708 783 741; x_wconf 83' lang='lat' dir='ltr'><strong>Quid</strong></span> <span class='ocrx_word' id='word_1_94' title='bbox 814 715 865 735; x_wconf 90' lang='lat' dir='ltr'><strong>nos</strong></span> <span class='ocrx_word' id='word_1_95' title='bbox 885 715 982 735; x_wconf 87' lang='lat' dir='ltr'><strong>manus</strong></span> 
     </span>
    </p>
   </div>
   <div class='ocr_carea' id='block_1_15' title="bbox 196 752 984 788">
    <p class='ocr_par' dir='ltr' id='par_1_15' title="bbox 196 752 984 788">
     <span class='ocr_line' id='line_1_15' title="bbox 196 752 984 788; baseline 0.003 -10"><span class='ocrx_word' id='word_1_96' title='bbox 196 752 231 778; x_wconf 90' lang='lat' dir='ltr'><strong>ab</strong></span> <span class='ocrx_word' id='word_1_97' title='bbox 251 760 281 780; x_wconf 89' lang='lat' dir='ltr'><strong>se</strong></span> <span class='ocrx_word' id='word_1_98' title='bbox 299 753 358 787; x_wconf 90' lang='lat' dir='ltr'><strong>ipsa</strong></span> <span class='ocrx_word' id='word_1_99' title='bbox 382 753 483 780; x_wconf 87' lang='lat' dir='ltr'><strong>docere</strong></span> <span class='ocrx_word' id='word_1_100' title='bbox 500 754 648 788; x_wconf 86' lang='lat' dir='ltr'><strong>potuisset,</strong></span> <span class='ocrx_word' id='word_1_101' title='bbox 666 753 720 780; x_wconf 88' lang='lat' dir='ltr'><strong>nisi</strong></span> <span class='ocrx_word' id='word_1_102' title='bbox 740 752 870 787; x_wconf 83' lang='lat' dir='ltr'><strong>cogitatio</strong></span> <span class='ocrx_word' id='word_1_103' title='bbox 886 753 984 780; x_wconf 88' lang='lat' dir='ltr'><strong>mentis</strong></span> 
     </span>
    </p>
   </div>
   <div class='ocr_carea' id='block_1_16' title="bbox 196 796 983 832">
    <p class='ocr_par' dir='ltr' id='par_1_16' title="bbox 196 796 983 832">
     <span class='ocr_line' id='line_1_16' title="bbox 196 796 983 832; baseline 0 -9"><span class='ocrx_word' id='word_1_104' title='bbox 196 799 224 823; x_wconf 88' lang='lat' dir='ltr'><strong>et</strong></span> <span class='ocrx_word' id='word_1_105' title='bbox 255 796 434 830; x_wconf 81' lang='lat' dir='ltr'><strong>intelligentia</strong></span> <span class='ocrx_word' id='word_1_106' title='bbox 458 797 491 824; x_wconf 90' lang='lat' dir='ltr'><strong>ad</strong></span> <span class='ocrx_word' id='word_1_107' title='bbox 519 797 639 832; x_wconf 84' lang='lat' dir='ltr'><strong>subjecti</strong></span> <span class='ocrx_word' id='word_1_108' title='bbox 670 797 855 832; x_wconf 73' lang='lat' dir='ltr'><strong>cognitionem</strong></span> <span class='ocrx_word' id='word_1_109' title='bbox 881 800 983 823; x_wconf 78' lang='lat' dir='ltr'><strong>tactum</strong></span> 
     </span>
    </p>
   </div>
   <div class='ocr_carea' id='block_1_17' title="bbox 197 841 982 875">
    <p class='ocr_par' dir='ltr' id='par_1_17' title="bbox 197 841 982 875">
     <span class='ocr_line' id='line_1_17' title="bbox 197 841 982 875; baseline 0.001 -7"><span class='ocrx_word' id='word_1_110' title='bbox 197 841 365 868; x_wconf 83' lang='lat' dir='ltr'><strong>deduceret?</strong></span> <span class='ocrx_word' id='word_1_111' title='bbox 382 841 452 874; x_wconf 85' lang='lat' dir='ltr'><strong>Quid</strong></span> <span class='ocrx_word' id='word_1_112' title='bbox 474 842 537 869; x_wconf 88' lang='lat' dir='ltr'><strong>item</strong></span> <span class='ocrx_word' id='word_1_113' title='bbox 552 842 662 869; x_wconf 87' lang='lat' dir='ltr'><strong>auditus</strong></span> <span class='ocrx_word' id='word_1_114' title='bbox 685 849 700 868; x_wconf 93' lang='lat' dir='ltr'><strong>a</strong></span> <span class='ocrx_word' id='word_1_115' title='bbox 722 846 812 869; x_wconf 87' lang='lat' dir='ltr'><strong>mente</strong></span> <span class='ocrx_word' id='word_1_116' title='bbox 831 841 982 875; x_wconf 86' lang='lat' dir='ltr'><strong>sejunctus,</strong></span> 
     </span>
    </p>
   </div>
   <div class='ocr_carea' id='block_1_18' title="bbox 1031 250 1822 290">
    <p class='ocr_par' dir='ltr' id='par_1_18' title="bbox 1031 250 1822 290">
     <span class='ocr_line' id='line_1_18' title="bbox 1031 250 1822 290; baseline -0.009 -8"><span class='ocrx_word' id='word_1_117' title='bbox 1031 255 1137 290; x_wconf 77' lang='grc' dir='ltr'><strong>ἑκάστῳ</strong></span> <span class='ocrx_word' id='word_1_118' title='bbox 1152 254 1206 281; x_wconf 84' lang='grc' dir='ltr'>τῶν</span> <span class='ocrx_word' id='word_1_119' title='bbox 1227 253 1412 288; x_wconf 71' lang='grc' dir='ltr'><strong>αἰσθητηρίων</strong></span> <span class='ocrx_word' id='word_1_120' title='bbox 1436 250 1562 287; x_wconf 75' lang='grc' dir='ltr'>παροῦσα</span> <span class='ocrx_word' id='word_1_121' title='bbox 1577 259 1584 283; x_wconf 88' lang='grc'>;</span> <span class='ocrx_word' id='word_1_122' title='bbox 1608 250 1641 276; x_wconf 83' lang='grc' dir='ltr'>τί</span> <span class='ocrx_word' id='word_1_123' title='bbox 1661 250 1695 276; x_wconf 87' lang='grc' dir='ltr'><strong>ἃν</strong></span> <span class='ocrx_word' id='word_1_124' title='bbox 1711 250 1788 285; x_wconf 78' lang='grc' dir='ltr'>ἡμᾶς</span> <span class='ocrx_word' id='word_1_125' title='bbox 1805 250 1822 284; x_wconf 84' lang='grc' dir='ltr'><strong>ἡ</strong></span> 
     </span>
    </p>
   </div>
   <div class='ocr_carea' id='block_1_19' title="bbox 1030 295 1823 337">
    <p class='ocr_par' dir='ltr' id='par_1_19' title="bbox 1030 295 1823 337">
     <span class='ocr_line' id='line_1_19' title="bbox 1030 295 1823 337; baseline -0.009 -9"><span class='ocrx_word' id='word_1_126' title='bbox 1030 301 1091 337; x_wconf 84' lang='grc' dir='ltr'>χεὶρ</span> <span class='ocrx_word' id='word_1_127' title='bbox 1107 301 1152 335; x_wconf 78' lang='grc' dir='ltr'><strong>ἀφ’</strong></span> <span class='ocrx_word' id='word_1_128' title='bbox 1169 300 1267 335; x_wconf 78' lang='grc' dir='ltr'>ἑαυτῆς</span> <span class='ocrx_word' id='word_1_129' title='bbox 1278 298 1425 331; x_wconf 72' lang='grc' dir='ltr'><strong>ἐδιδάξατο,</strong></span> <span class='ocrx_word' id='word_1_130' title='bbox 1439 298 1477 333; x_wconf 83' lang='grc' dir='ltr'>μὴ</span> <span class='ocrx_word' id='word_1_131' title='bbox 1492 297 1542 332; x_wconf 82' lang='grc' dir='ltr'>τῆς</span> <span class='ocrx_word' id='word_1_132' title='bbox 1559 295 1664 328; x_wconf 72' lang='grc' dir='ltr'>ἑννοίας</span> <span class='ocrx_word' id='word_1_133' title='bbox 1681 296 1753 331; x_wconf 74' lang='grc' dir='ltr'>πρὸς</span> <span class='ocrx_word' id='word_1_134' title='bbox 1771 296 1823 330; x_wconf 81' lang='grc' dir='ltr'>τὴν</span> 
     </span>
    </p>
   </div>
   <div class='ocr_carea' id='block_1_20' title="bbox 1030 339 1825 380">
    <p class='ocr_par' dir='ltr' id='par_1_20' title="bbox 1030 339 1825 380">
     <span class='ocr_line' id='line_1_20' title="bbox 1030 339 1825 380; baseline -0.008 -8"><span class='ocrx_word' id='word_1_135' title='bbox 1030 345 1077 372; x_wconf 85' lang='grc' dir='ltr'><strong>τοῦ</strong></span> <span class='ocrx_word' id='word_1_136' title='bbox 1095 345 1274 380; x_wconf 72' lang='grc' dir='ltr'>ὑποκειμένου</span> <span class='ocrx_word' id='word_1_137' title='bbox 1289 344 1389 378; x_wconf 82' lang='grc' dir='ltr'>γνῶσιν</span> <span class='ocrx_word' id='word_1_138' title='bbox 1406 343 1455 378; x_wconf 85' lang='grc' dir='ltr'>τὴν</span> <span class='ocrx_word' id='word_1_139' title='bbox 1470 341 1543 377; x_wconf 77' lang='grc' dir='ltr'><strong>ἁφὴν</strong></span> <span class='ocrx_word' id='word_1_140' title='bbox 1564 341 1735 377; x_wconf 84' lang='grc' dir='ltr'>ὁδηγούσης;</span> <span class='ocrx_word' id='word_1_141' title='bbox 1752 339 1785 367; x_wconf 81' lang='grc' dir='ltr'>Τί</span> <span class='ocrx_word' id='word_1_142' title='bbox 1801 340 1825 367; x_wconf 77' lang='grc' dir='ltr'>δ’</span> 
     </span>
    </p>
   </div>
   <div class='ocr_carea' id='block_1_21' title="bbox 1031 386 1824 426">
    <p class='ocr_par' dir='ltr' id='par_1_21' title="bbox 1031 386 1824 426">
     <span class='ocr_line' id='line_1_21' title="bbox 1031 386 1824 426; baseline -0.008 -9"><span class='ocrx_word' id='word_1_143' title='bbox 1031 390 1065 417; x_wconf 78' lang='grc' dir='ltr'>ἂν</span> <span class='ocrx_word' id='word_1_144' title='bbox 1078 391 1095 426; x_wconf 86' lang='grc' dir='ltr'>ἡ</span> <span class='ocrx_word' id='word_1_145' title='bbox 1109 390 1178 425; x_wconf 81' lang='grc' dir='ltr'>ἀκοὴ</span> <span class='ocrx_word' id='word_1_146' title='bbox 1193 390 1249 424; x_wconf 80' lang='grc'>(69)</span> <span class='ocrx_word' id='word_1_147' title='bbox 1269 388 1388 420; x_wconf 73' lang='grc' dir='ltr'>διανοίας</span> <span class='ocrx_word' id='word_1_148' title='bbox 1404 387 1582 422; x_wconf 82' lang='grc' dir='ltr'>διεζευγμένη</span> <span class='ocrx_word' id='word_1_149' title='bbox 1592 406 1600 417; x_wconf 86' lang='grc'><strong>.</strong></span> <span class='ocrx_word' id='word_1_150' title='bbox 1622 386 1639 421; x_wconf 80' lang='grc' dir='ltr'><strong>ἢ</strong></span> <span class='ocrx_word' id='word_1_151' title='bbox 1662 386 1805 421; x_wconf 80' lang='grc' dir='ltr'>ὀφθαλμὸς</span> <span class='ocrx_word' id='word_1_152' title='bbox 1815 405 1824 417; x_wconf 90' lang='grc'><strong>,</strong></span> 
     </span>
    </p>
   </div>
   <div class='ocr_carea' id='block_1_22' title="bbox 1031 430 1822 471">
    <p class='ocr_par' dir='ltr' id='par_1_22' title="bbox 1031 430 1822 471">
     <span class='ocr_line' id='line_1_22' title="bbox 1031 430 1822 471; baseline -0.006 -9"><span class='ocrx_word' id='word_1_153' title='bbox 1031 436 1048 471; x_wconf 87' lang='grc' dir='ltr'><strong>ἡ</strong></span> <span class='ocrx_word' id='word_1_154' title='bbox 1065 435 1171 471; x_wconf 82' lang='grc' dir='ltr'><strong>μυκτὴρ</strong></span> <span class='ocrx_word' id='word_1_155' title='bbox 1185 435 1252 470; x_wconf 88' lang='grc'>(70),</span> <span class='ocrx_word' id='word_1_156' title='bbox 1267 434 1284 470; x_wconf 76' lang='grc' dir='ltr'><strong>ἢ</strong></span> <span class='ocrx_word' id='word_1_157' title='bbox 1299 434 1362 461; x_wconf 72' lang='grc' dir='ltr'>ἄλλο</span> <span class='ocrx_word' id='word_1_158' title='bbox 1379 442 1405 460; x_wconf 90' lang='grc' dir='ltr'><strong>τι</strong></span> <span class='ocrx_word' id='word_1_159' title='bbox 1417 432 1594 467; x_wconf 68' lang='grc' dir='ltr'><strong>αἰσθητήριον</strong></span> <span class='ocrx_word' id='word_1_160' title='bbox 1606 431 1676 466; x_wconf 81' lang='grc' dir='ltr'>πρὸς</span> <span class='ocrx_word' id='word_1_161' title='bbox 1688 432 1739 466; x_wconf 81' lang='grc' dir='ltr'>τὴν</span> <span class='ocrx_word' id='word_1_162' title='bbox 1757 430 1822 457; x_wconf 80' lang='grc' dir='ltr'>ὲπί-</span> 
     </span>
    </p>
   </div>
   <div class='ocr_carea' id='block_1_23' title="bbox 1031 475 1826 516">
    <p class='ocr_par' dir='ltr' id='par_1_23' title="bbox 1031 475 1826 516">
     <span class='ocr_line' id='line_1_23' title="bbox 1031 475 1826 516; baseline -0.009 -7"><span class='ocrx_word' id='word_1_163' title='bbox 1031 489 1131 516; x_wconf 81' lang='grc' dir='ltr'>γνωσιν</span> <span class='ocrx_word' id='word_1_164' title='bbox 1152 481 1198 508; x_wconf 84' lang='grc' dir='ltr'><strong>τοῦ</strong></span> <span class='ocrx_word' id='word_1_165' title='bbox 1220 480 1384 516; x_wconf 73' lang='grc' dir='ltr'><strong>ζητουμένου</strong></span> <span class='ocrx_word' id='word_1_166' title='bbox 1401 480 1582 513; x_wconf 82' lang='grc' dir='ltr'>συνήργησεν,</span> <span class='ocrx_word' id='word_1_167' title='bbox 1605 478 1629 504; x_wconf 75' lang='grc' dir='ltr'><strong>ει</strong></span> <span class='ocrx_word' id='word_1_168' title='bbox 1653 478 1697 511; x_wconf 73' lang='grc' dir='ltr'><strong>ἐφ’</strong></span> <span class='ocrx_word' id='word_1_169' title='bbox 1723 475 1826 503; x_wconf 78' lang='grc' dir='ltr'>ἑαυτοῦ</span> 
     </span>
    </p>
   </div>
   <div class='ocr_carea' id='block_1_24' title="bbox 1034 522 1824 562">
    <p class='ocr_par' dir='ltr' id='par_1_24' title="bbox 1034 522 1824 562">
     <span class='ocr_line' id='line_1_24' title="bbox 1034 522 1824 562; baseline -0.008 -8"><span class='ocrx_word' id='word_1_170' title='bbox 1034 527 1114 562; x_wconf 86' lang='grc' dir='ltr'>μόνου</span> <span class='ocrx_word' id='word_1_171' title='bbox 1126 527 1227 554; x_wconf 84' lang='grc' dir='ltr'>τούτων</span> <span class='ocrx_word' id='word_1_172' title='bbox 1236 526 1351 553; x_wconf 70' lang='grc' dir='ltr'>ἕκαστον</span> <span class='ocrx_word' id='word_1_173' title='bbox 1362 523 1395 560; x_wconf 78' lang='grc' dir='ltr'>ἦν</span> <span class='ocrx_word' id='word_1_174' title='bbox 1407 533 1415 558; x_wconf 88' lang='grc'>;</span> <span class='ocrx_word' id='word_1_175' title='bbox 1436 523 1506 551; x_wconf 79' lang='grc' dir='ltr'>Ἀλλ’</span> <span class='ocrx_word' id='word_1_176' title='bbox 1518 524 1532 550; x_wconf 79' lang='grc' dir='ltr'><strong>ὃ</strong></span> <span class='ocrx_word' id='word_1_177' title='bbox 1547 523 1655 550; x_wconf 84' lang='grc' dir='ltr'>πάντων</span> <span class='ocrx_word' id='word_1_178' title='bbox 1667 523 1741 549; x_wconf 72' lang='grc' dir='ltr'>ἐστὶν</span> <span class='ocrx_word' id='word_1_179' title='bbox 1754 522 1824 557; x_wconf 75' lang='grc' dir='ltr'>ἀληο</span> 
     </span>
    </p>
   </div>
   <div class='ocr_carea' id='block_1_25' title="bbox 1033 569 1818 608">
    <p class='ocr_par' dir='ltr' id='par_1_25' title="bbox 1033 569 1818 608">
     <span class='ocr_line' id='line_1_25' title="bbox 1033 569 1818 608; baseline -0.008 -9"><span class='ocrx_word' id='word_1_180' title='bbox 1033 572 1160 599; x_wconf 81' lang='grc' dir='ltr'>θέστατον</span> <span class='ocrx_word' id='word_1_181' title='bbox 1175 572 1248 608; x_wconf 85' lang='grc'>(71),</span> <span class='ocrx_word' id='word_1_182' title='bbox 1269 572 1285 598; x_wconf 78' lang='grc' dir='ltr'><strong>ὃ</strong></span> <span class='ocrx_word' id='word_1_183' title='bbox 1303 571 1392 602; x_wconf 79' lang='grc' dir='ltr'>καλῶς</span> <span class='ocrx_word' id='word_1_184' title='bbox 1402 579 1444 602; x_wconf 88' lang='grc' dir='ltr'><strong>τις</strong></span> <span class='ocrx_word' id='word_1_185' title='bbox 1457 570 1510 597; x_wconf 87' lang='grc' dir='ltr'>τῶν</span> <span class='ocrx_word' id='word_1_186' title='bbox 1522 569 1576 602; x_wconf 71' lang='grc' dir='ltr'><strong>ἔξω</strong></span> <span class='ocrx_word' id='word_1_187' title='bbox 1589 569 1818 603; x_wconf 77' lang='grc' dir='ltr'><strong>πεπαιδευμένων</strong></span> 
     </span>
    </p>
   </div>
   <div class='ocr_carea' id='block_1_26' title="bbox 1033 613 1825 653">
    <p class='ocr_par' dir='ltr' id='par_1_26' title="bbox 1033 613 1825 653">
     <span class='ocr_line' id='line_1_26' title="bbox 1033 613 1825 653; baseline -0.008 -9"><span class='ocrx_word' id='word_1_188' title='bbox 1033 618 1118 645; x_wconf 79' lang='grc' dir='ltr'>εἰπὼν</span> <span class='ocrx_word' id='word_1_189' title='bbox 1132 617 1339 653; x_wconf 81' lang='grc' dir='ltr'><strong>μνημονεύεται,</strong></span> <span class='ocrx_word' id='word_1_190' title='bbox 1354 616 1399 643; x_wconf 87' lang='grc' dir='ltr'><strong>τδν</strong></span> <span class='ocrx_word' id='word_1_191' title='bbox 1413 615 1475 643; x_wconf 93' lang='grc' dir='ltr'>νοῦν</span> <span class='ocrx_word' id='word_1_192' title='bbox 1487 613 1556 643; x_wconf 76' lang='grc' dir='ltr'>εἶναι</span> <span class='ocrx_word' id='word_1_193' title='bbox 1570 615 1615 640; x_wconf 78' lang='grc' dir='ltr'><strong>τδν</strong></span> <span class='ocrx_word' id='word_1_194' title='bbox 1628 613 1735 649; x_wconf 81' lang='grc' dir='ltr'>ὁρῶντα</span> <span class='ocrx_word' id='word_1_195' title='bbox 1752 613 1825 647; x_wconf 74' lang='grc'>(72),</span> 
     </span>
    </p>
   </div>
   <div class='ocr_carea' id='block_1_27' title="bbox 1034 658 1827 697">
    <p class='ocr_par' dir='ltr' id='par_1_27' title="bbox 1034 658 1827 697">
     <span class='ocr_line' id='line_1_27' title="bbox 1034 658 1827 697; baseline -0.008 -6"><span class='ocrx_word' id='word_1_196' title='bbox 1034 665 1080 691; x_wconf 72' lang='grc' dir='ltr'>καὶ</span> <span class='ocrx_word' id='word_1_197' title='bbox 1092 664 1153 690; x_wconf 83' lang='grc' dir='ltr'>νοῦν</span> <span class='ocrx_word' id='word_1_198' title='bbox 1164 663 1210 690; x_wconf 71' lang='grc' dir='ltr'><strong>τδν</strong></span> <span class='ocrx_word' id='word_1_199' title='bbox 1222 662 1364 690; x_wconf 79' lang='grc' dir='ltr'>ἀκούοντα.</span> <span class='ocrx_word' id='word_1_200' title='bbox 1377 662 1408 688; x_wconf 79' lang='lat' dir='ltr'><strong>Et</strong></span> <span class='ocrx_word' id='word_1_201' title='bbox 1422 661 1477 696; x_wconf 83' lang='grc' dir='ltr'><strong>γὰρ</strong></span> <span class='ocrx_word' id='word_1_202' title='bbox 1492 661 1529 697; x_wconf 81' lang='grc' dir='ltr'>μὴ</span> <span class='ocrx_word' id='word_1_203' title='bbox 1544 660 1622 688; x_wconf 88' lang='grc' dir='ltr'>τοῦτο</span> <span class='ocrx_word' id='word_1_204' title='bbox 1630 660 1688 695; x_wconf 89' lang='grc' dir='ltr'>δοίη</span> <span class='ocrx_word' id='word_1_205' title='bbox 1707 667 1749 690; x_wconf 79' lang='grc' dir='ltr'><strong>τις</strong></span> <span class='ocrx_word' id='word_1_206' title='bbox 1766 658 1827 693; x_wconf 73' lang='grc'>(75)</span> 
     </span>
    </p>
   </div>
   <div class='ocr_carea' id='block_1_28' title="bbox 1034 704 1827 743">
    <p class='ocr_par' dir='ltr' id='par_1_28' title="bbox 1034 704 1827 743">
     <span class='ocr_line' id='line_1_28' title="bbox 1034 704 1827 743; baseline -0.009 -7"><span class='ocrx_word' id='word_1_207' title='bbox 1034 710 1133 743; x_wconf 77' lang='grc' dir='ltr'><strong>ἀληθὲς</strong></span> <span class='ocrx_word' id='word_1_208' title='bbox 1152 708 1233 740; x_wconf 76' lang='grc' dir='ltr'>εἶναι,</span> <span class='ocrx_word' id='word_1_209' title='bbox 1256 708 1326 739; x_wconf 82' lang='grc' dir='ltr'>πῶς,</span> <span class='ocrx_word' id='word_1_210' title='bbox 1344 707 1404 734; x_wconf 80' lang='grc' dir='ltr'>είπὲ</span> <span class='ocrx_word' id='word_1_211' title='bbox 1417 708 1461 739; x_wconf 78' lang='grc' dir='ltr'>σὺ,</span> <span class='ocrx_word' id='word_1_212' title='bbox 1475 706 1542 742; x_wconf 79' lang='grc' dir='ltr'>πρὸς</span> <span class='ocrx_word' id='word_1_213' title='bbox 1555 706 1600 733; x_wconf 81' lang='grc' dir='ltr'>τὸν</span> <span class='ocrx_word' id='word_1_214' title='bbox 1617 705 1692 740; x_wconf 86' lang='grc' dir='ltr'>ἡλιον</span> <span class='ocrx_word' id='word_1_215' title='bbox 1706 704 1827 739; x_wconf 81' lang='grc' dir='ltr'>βλέπων,</span> 
     </span>
    </p>
   </div>
   <div class='ocr_carea' id='block_1_29' title="bbox 1034 748 1829 788">
    <p class='ocr_par' dir='ltr' id='par_1_29' title="bbox 1034 748 1829 788">
     <span class='ocr_line' id='line_1_29' title="bbox 1034 748 1829 788; baseline -0.009 -8"><span class='ocrx_word' id='word_1_216' title='bbox 1034 754 1125 786; x_wconf 82' lang='grc' dir='ltr'>καθὼς</span> <span class='ocrx_word' id='word_1_217' title='bbox 1140 753 1282 788; x_wconf 66' lang='grc' dir='ltr'>ἐδιδάχθης</span> <span class='ocrx_word' id='word_1_218' title='bbox 1302 752 1378 787; x_wconf 84' lang='grc' dir='ltr'>παρὰ</span> <span class='ocrx_word' id='word_1_219' title='bbox 1395 751 1442 778; x_wconf 76' lang='grc' dir='ltr'><strong>τοῦ</strong></span> <span class='ocrx_word' id='word_1_220' title='bbox 1456 751 1616 778; x_wconf 77' lang='grc' dir='ltr'><strong>διδασκάλου</strong></span> <span class='ocrx_word' id='word_1_221' title='bbox 1631 749 1753 784; x_wconf 79' lang='grc' dir='ltr'><strong>βλέπειν,</strong></span> <span class='ocrx_word' id='word_1_222' title='bbox 1774 748 1829 782; x_wconf 80' lang='grc' dir='ltr'><strong>οὐχ</strong></span> 
     </span>
    </p>
   </div>
   <div class='ocr_carea' id='block_1_30' title="bbox 1034 792 1827 834">
    <p class='ocr_par' dir='ltr' id='par_1_30' title="bbox 1034 792 1827 834">
     <span class='ocr_line' id='line_1_30' title="bbox 1034 792 1827 834; baseline -0.01 -7"><span class='ocrx_word' id='word_1_223' title='bbox 1034 801 1094 831; x_wconf 79' lang='grc' dir='ltr'>ὅσος</span> <span class='ocrx_word' id='word_1_224' title='bbox 1108 800 1231 834; x_wconf 75' lang='grc' dir='ltr'>φαίνεται</span> <span class='ocrx_word' id='word_1_225' title='bbox 1243 800 1298 831; x_wconf 79' lang='grc' dir='ltr'>τοῖς</span> <span class='ocrx_word' id='word_1_226' title='bbox 1313 798 1429 830; x_wconf 72' lang='grc' dir='ltr'>πολλοῖς,</span> <span class='ocrx_word' id='word_1_227' title='bbox 1443 797 1567 824; x_wconf 86' lang='grc' dir='ltr'>τοσοῦτον</span> <span class='ocrx_word' id='word_1_228' title='bbox 1587 795 1668 823; x_wconf 79' lang='grc' dir='ltr'>αὐτὸν</span> <span class='ocrx_word' id='word_1_229' title='bbox 1684 795 1738 831; x_wconf 83' lang='grc' dir='ltr'><strong>φῂς</strong></span> <span class='ocrx_word' id='word_1_230' title='bbox 1752 792 1827 821; x_wconf 76' lang='grc' dir='ltr'>εἶναι</span> 
     </span>
    </p>
   </div>
   <div class='ocr_carea' id='block_1_31' title="bbox 1034 838 1828 880">
    <p class='ocr_par' dir='ltr' id='par_1_31' title="bbox 1034 838 1828 880">
     <span class='ocr_line' id='line_1_31' title="bbox 1034 838 1828 880; baseline -0.01 -8"><span class='ocrx_word' id='word_1_231' title='bbox 1034 845 1073 880; x_wconf 82' lang='grc' dir='ltr'>τῷ</span> <span class='ocrx_word' id='word_1_232' title='bbox 1088 844 1197 880; x_wconf 74' lang='grc' dir='ltr'>μεγέθει</span> <span class='ocrx_word' id='word_1_233' title='bbox 1212 844 1259 870; x_wconf 88' lang='grc' dir='ltr'><strong>τοῦ</strong></span> <span class='ocrx_word' id='word_1_234' title='bbox 1278 843 1378 870; x_wconf 85' lang='grc' dir='ltr'>κύκλου</span> <span class='ocrx_word' id='word_1_235' title='bbox 1389 864 1396 875; x_wconf 94' lang='grc'><strong>,</strong></span> <span class='ocrx_word' id='word_1_236' title='bbox 1412 842 1470 869; x_wconf 80' lang='grc' dir='ltr'>ἀλλ’</span> <span class='ocrx_word' id='word_1_237' title='bbox 1484 841 1648 877; x_wconf 79' lang='grc' dir='ltr'>ὑπερϐαλεῖν</span> <span class='ocrx_word' id='word_1_238' title='bbox 1667 838 1828 866; x_wconf 81' lang='grc' dir='ltr'>πολλαπλά-</span> 
     </span>
    </p>
   </div>
   <div class='ocr_carea' id='block_1_32' title="bbox 197 877 991 923">
    <p class='ocr_par' dir='ltr' id='par_1_32' title="bbox 197 886 983 922">
     <span class='ocr_line' id='line_1_32' title="bbox 197 886 983 922; baseline 0.001 -9"><span class='ocrx_word' id='word_1_239' title='bbox 197 890 246 914; x_wconf 79' lang='lat' dir='ltr'><strong>aut</strong></span> <span class='ocrx_word' id='word_1_240' title='bbox 262 888 369 918; x_wconf 85' lang='lat' dir='ltr'><strong>oculus,</strong></span> <span class='ocrx_word' id='word_1_241' title='bbox 395 892 441 914; x_wconf 86' lang='lat' dir='ltr'><strong>aut</strong></span> <span class='ocrx_word' id='word_1_242' title='bbox 464 895 559 919; x_wconf 89' lang='lat' dir='ltr'><strong>nasus,</strong></span> <span class='ocrx_word' id='word_1_243' title='bbox 576 892 622 914; x_wconf 89' lang='lat' dir='ltr'><strong>aut</strong></span> <span class='ocrx_word' id='word_1_244' title='bbox 638 886 747 922; x_wconf 79' lang='lat' dir='ltr'><strong>aliquod</strong></span> <span class='ocrx_word' id='word_1_245' title='bbox 763 887 836 914; x_wconf 87' lang='lat' dir='ltr'><strong>aliud</strong></span> <span class='ocrx_word' id='word_1_246' title='bbox 853 895 983 914; x_wconf 85' lang='lat' dir='ltr'><strong>sensuum</strong></span> 
     </span>
    </p>
   </div>
   <div class='ocr_carea' id='block_1_33' title="bbox 1043 877 1823 923">
    <p class='ocr_par' dir='ltr' id='par_1_33' title="bbox 1043 877 1823 923">
     <span class='ocr_line' id='line_1_33' title="bbox 1043 877 1823 923; baseline -0.012 -7"><span class='ocrx_word' id='word_1_247' title='bbox 1043 877 1154 923; x_wconf 28' lang='lat' dir='ltr'><strong>ria&#39;ﬁd)</strong></span> <span class='ocrx_word' id='word_1_248' title='bbox 1171 888 1211 923; x_wconf 85' lang='grc' dir='ltr'>τῷ</span> <span class='ocrx_word' id='word_1_249' title='bbox 1226 888 1318 923; x_wconf 80' lang='grc' dir='ltr'>μέτρῳ</span> <span class='ocrx_word' id='word_1_250' title='bbox 1336 887 1426 914; x_wconf 79' lang='grc' dir='ltr'>πᾶσαν</span> <span class='ocrx_word' id='word_1_251' title='bbox 1443 886 1494 922; x_wconf 79' lang='grc' dir='ltr'>τὴν</span> <span class='ocrx_word' id='word_1_252' title='bbox 1508 885 1578 920; x_wconf 84' lang='grc' dir='ltr'><strong>γῆν;</strong></span> <span class='ocrx_word' id='word_1_253' title='bbox 1594 883 1651 910; x_wconf 79' lang='grc' dir='ltr'><strong>Οὐκ</strong></span> <span class='ocrx_word' id='word_1_254' title='bbox 1673 881 1769 916; x_wconf 75' lang='grc' dir='ltr'>ἐπειδὴ</span> <span class='ocrx_word' id='word_1_255' title='bbox 1786 882 1823 915; x_wconf 83' lang='grc' dir='ltr'><strong>τῇ</strong></span> 
     </span>
    </p>
   </div>
   <div class='ocr_carea' id='block_1_34' title="bbox 197 932 985 968">
    <p class='ocr_par' dir='ltr' id='par_1_34' title="bbox 197 932 985 968">
     <span class='ocr_line' id='line_1_34' title="bbox 197 932 985 968; baseline 0.001 -9"><span class='ocrx_word' id='word_1_256' title='bbox 197 932 408 960; x_wconf 84' lang='lat' dir='ltr'><strong>instrumentum</strong></span> <span class='ocrx_word' id='word_1_257' title='bbox 429 933 462 960; x_wconf 87' lang='lat' dir='ltr'><strong>ad</strong></span> <span class='ocrx_word' id='word_1_258' title='bbox 478 933 662 968; x_wconf 87' lang='lat' dir='ltr'><strong>cognitionem</strong></span> <span class='ocrx_word' id='word_1_259' title='bbox 679 933 718 960; x_wconf 89' lang='lat' dir='ltr'><strong>rei</strong></span> <span class='ocrx_word' id='word_1_260' title='bbox 735 933 858 968; x_wconf 66' lang='lat' dir='ltr'><strong>quaesita:</strong></span> <span class='ocrx_word' id='word_1_261' title='bbox 872 933 985 968; x_wconf 86' lang='lat' dir='ltr'><strong>adjuva-</strong></span> 
     </span>
    </p>
   </div>
   <div class='ocr_carea' id='block_1_35' title="bbox 196 978 987 1013">
    <p class='ocr_par' dir='ltr' id='par_1_35' title="bbox 196 978 987 1013">
     <span class='ocr_line' id='line_1_35' title="bbox 196 978 987 1013; baseline 0.003 -9"><span class='ocrx_word' id='word_1_262' title='bbox 196 982 249 1009; x_wconf 89' lang='lat' dir='ltr'><strong>ret,</strong></span> <span class='ocrx_word' id='word_1_263' title='bbox 260 978 284 1005; x_wconf 87' lang='lat' dir='ltr'><strong>si</strong></span> <span class='ocrx_word' id='word_1_264' title='bbox 306 985 353 1013; x_wconf 88' lang='lat' dir='ltr'><strong>per</strong></span> <span class='ocrx_word' id='word_1_265' title='bbox 365 985 426 1006; x_wconf 88' lang='lat' dir='ltr'><strong>sese</strong></span> <span class='ocrx_word' id='word_1_266' title='bbox 441 978 528 1004; x_wconf 86' lang='lat' dir='ltr'><strong>solum</strong></span> <span class='ocrx_word' id='word_1_267' title='bbox 554 978 650 1004; x_wconf 85' lang='lat' dir='ltr'><strong>horum</strong></span> <span class='ocrx_word' id='word_1_268' title='bbox 665 978 882 1013; x_wconf 90' lang='lat' dir='ltr'><strong>unumquodque</strong></span> <span class='ocrx_word' id='word_1_269' title='bbox 894 979 987 1006; x_wconf 73' lang='lat' dir='ltr'><strong>essut?</strong></span> 
     </span>
    </p>
   </div>
   <div class='ocr_carea' id='block_1_36' title="bbox 198 1021 986 1058">
    <p class='ocr_par' dir='ltr' id='par_1_36' title="bbox 198 1021 986 1058">
     <span class='ocr_line' id='line_1_36' title="bbox 198 1021 986 1058; baseline 0.001 -9"><span class='ocrx_word' id='word_1_270' title='bbox 198 1021 253 1049; x_wconf 84' lang='lat' dir='ltr'><strong>Sed</strong></span> <span class='ocrx_word' id='word_1_271' title='bbox 275 1023 396 1049; x_wconf 89' lang='lat' dir='ltr'><strong>omnium</strong></span> <span class='ocrx_word' id='word_1_272' title='bbox 419 1026 461 1050; x_wconf 88' lang='lat' dir='ltr'><strong>est</strong></span> <span class='ocrx_word' id='word_1_273' title='bbox 474 1023 660 1054; x_wconf 81' lang='lat' dir='ltr'><strong>verissimum,</strong></span> <span class='ocrx_word' id='word_1_274' title='bbox 678 1023 751 1058; x_wconf 90' lang='lat' dir='ltr'><strong>quod</strong></span> <span class='ocrx_word' id='word_1_275' title='bbox 766 1024 877 1058; x_wconf 85' lang='lat' dir='ltr'><strong>quidam</strong></span> <span class='ocrx_word' id='word_1_276' title='bbox 895 1029 986 1051; x_wconf 80' lang='lat' dir='ltr'><strong>exter-</strong></span> 
     </span>
    </p>
   </div>
   <div class='ocr_carea' id='block_1_37' title="bbox 199 1067 987 1103">
    <p class='ocr_par' dir='ltr' id='par_1_37' title="bbox 199 1067 987 1103">
     <span class='ocr_line' id='line_1_37' title="bbox 199 1067 987 1103; baseline 0.004 -9"><span class='ocrx_word' id='word_1_277' title='bbox 199 1067 243 1095; x_wconf 89' lang='lat' dir='ltr'><strong>nis</strong></span> <span class='ocrx_word' id='word_1_278' title='bbox 256 1068 356 1095; x_wconf 83' lang='lat' dir='ltr'><strong>litteris</strong></span> <span class='ocrx_word' id='word_1_279' title='bbox 366 1076 397 1095; x_wconf 91' lang='lat' dir='ltr'><strong>ac</strong></span> <span class='ocrx_word' id='word_1_280' title='bbox 424 1068 580 1102; x_wconf 76' lang='lat' dir='ltr'><strong>disciplinis</strong></span> <span class='ocrx_word' id='word_1_281' title='bbox 592 1068 718 1095; x_wconf 92' lang='lat' dir='ltr'><strong>eruditus</strong></span> <span class='ocrx_word' id='word_1_282' title='bbox 728 1070 858 1103; x_wconf 58' lang='lat' dir='ltr'><strong>praeclare</strong></span> <span class='ocrx_word' id='word_1_283' title='bbox 868 1077 900 1096; x_wconf 88' lang='lat' dir='ltr'><strong>ac</strong></span> <span class='ocrx_word' id='word_1_284' title='bbox 913 1074 987 1097; x_wconf 86' lang='lat' dir='ltr'><strong>recte</strong></span> 
     </span>
    </p>
   </div>
   <div class='ocr_carea' id='block_1_38' title="bbox 1038 926 1830 970">
    <p class='ocr_par' dir='ltr' id='par_1_38' title="bbox 1038 926 1830 970">
     <span class='ocr_line' id='line_1_38' title="bbox 1038 926 1830 970; baseline -0.014 -8"><span class='ocrx_word' id='word_1_285' title='bbox 1038 935 1102 970; x_wconf 64' lang='grc' dir='ltr'>ποίᾳ.</span> <span class='ocrx_word' id='word_1_286' title='bbox 1114 935 1231 970; x_wconf 83' lang='grc' dir='ltr'>κινήσει,</span> <span class='ocrx_word' id='word_1_287' title='bbox 1249 934 1296 960; x_wconf 72' lang='grc' dir='ltr'>καὶ</span> <span class='ocrx_word' id='word_1_288' title='bbox 1312 934 1369 964; x_wconf 78' lang='grc' dir='ltr'>τοῖς</span> <span class='ocrx_word' id='word_1_289' title='bbox 1380 932 1515 968; x_wconf 83' lang='grc' dir='ltr'>χρονικοῖς</span> <span class='ocrx_word' id='word_1_290' title='bbox 1526 938 1556 956; x_wconf 90' lang='grc' dir='ltr'><strong>τε</strong></span> <span class='ocrx_word' id='word_1_291' title='bbox 1570 929 1617 956; x_wconf 78' lang='grc' dir='ltr'>καὶ</span> <span class='ocrx_word' id='word_1_292' title='bbox 1628 928 1753 958; x_wconf 82' lang='grc' dir='ltr'>τοπικοῖς</span> <span class='ocrx_word' id='word_1_293' title='bbox 1768 926 1830 970; x_wconf 74' lang='grc' dir='ltr'>διαο</span> 
     </span>
    </p>
   </div>
   <div class='ocr_carea' id='block_1_39' title="bbox 1039 969 1830 1014">
    <p class='ocr_par' dir='ltr' id='par_1_39' title="bbox 1039 969 1830 1014">
     <span class='ocr_line' id='line_1_39' title="bbox 1039 969 1830 1014; baseline -0.013 -9"><span class='ocrx_word' id='word_1_294' title='bbox 1039 969 1157 1014; x_wconf 85' lang='grc' dir='ltr'>στήμασι</span> <span class='ocrx_word' id='word_1_295' title='bbox 1169 998 1177 1010; x_wconf 90' lang='grc'><strong>,</strong></span> <span class='ocrx_word' id='word_1_296' title='bbox 1193 977 1240 1004; x_wconf 78' lang='grc' dir='ltr'>καὶ</span> <span class='ocrx_word' id='word_1_297' title='bbox 1260 977 1321 1008; x_wconf 83' lang='grc' dir='ltr'>ταῖς</span> <span class='ocrx_word' id='word_1_298' title='bbox 1343 975 1528 1006; x_wconf 72' lang='grc' dir='ltr'>ἐκλειπτικοῖς</span> <span class='ocrx_word' id='word_1_299' title='bbox 1547 973 1647 1004; x_wconf 84' lang='grc' dir='ltr'>αίτίαις</span> <span class='ocrx_word' id='word_1_300' title='bbox 1665 973 1698 1007; x_wconf 83' lang='grc' dir='ltr'><strong>τῇ</strong></span> <span class='ocrx_word' id='word_1_301' title='bbox 1723 969 1830 1003; x_wconf 74' lang='grc' dir='ltr'>διανοίᾳ</span> 
     </span>
    </p>
   </div>
   <div class='ocr_carea' id='block_1_40' title="bbox 1038 1014 1830 1058">
    <p class='ocr_par' dir='ltr' id='par_1_40' title="bbox 1038 1014 1830 1058">
     <span class='ocr_line' id='line_1_40' title="bbox 1038 1014 1830 1058; baseline -0.013 -7"><span class='ocrx_word' id='word_1_302' title='bbox 1038 1024 1082 1051; x_wconf 79' lang='grc' dir='ltr'><strong>διὰ</strong></span> <span class='ocrx_word' id='word_1_303' title='bbox 1097 1024 1151 1050; x_wconf 85' lang='grc' dir='ltr'>τῶν</span> <span class='ocrx_word' id='word_1_304' title='bbox 1172 1023 1342 1058; x_wconf 78' lang='grc' dir='ltr'>φαινομένων</span> <span class='ocrx_word' id='word_1_305' title='bbox 1359 1021 1562 1056; x_wconf 81' lang='grc' dir='ltr'>ἀκολουθήσας,</span> <span class='ocrx_word' id='word_1_306' title='bbox 1582 1017 1692 1054; x_wconf 78' lang='grc' dir='ltr'>θαρρῶν</span> <span class='ocrx_word' id='word_1_307' title='bbox 1707 1014 1830 1049; x_wconf 81' lang='grc' dir='ltr'>ἀποφαί-</span> 
     </span>
    </p>
   </div>
   <div class='ocr_carea' id='block_1_41' title="bbox 1039 1067 1401 1104">
    <p class='ocr_par' dir='ltr' id='par_1_41' title="bbox 1039 1067 1401 1104">
     <span class='ocr_line' id='line_1_41' title="bbox 1039 1067 1401 1104; baseline -0.006 -8"><span class='ocrx_word' id='word_1_308' title='bbox 1039 1079 1092 1096; x_wconf 85' lang='grc' dir='ltr'>νων</span> <span class='ocrx_word' id='word_1_309' title='bbox 1103 1070 1158 1104; x_wconf 86' lang='grc'>(75)</span> <span class='ocrx_word' id='word_1_310' title='bbox 1173 1069 1202 1095; x_wconf 84' lang='grc' dir='ltr'><strong>τδ</strong></span> <span class='ocrx_word' id='word_1_311' title='bbox 1216 1068 1302 1100; x_wconf 78' lang='grc' dir='ltr'>οὕτως</span> <span class='ocrx_word' id='word_1_312' title='bbox 1313 1067 1401 1103; x_wconf 70' lang='grc' dir='ltr'>ἐχειν;</span> 
     </span>
    </p>
   </div>
   <div class='ocr_carea' id='block_1_42' title="bbox 198 1107 1830 1151">
    <p class='ocr_par' dir='ltr' id='par_1_42' title="bbox 198 1107 1830 1151">
     <span class='ocr_line' id='line_1_42' title="bbox 198 1107 1830 1151; baseline -0.004 -10"><span class='ocrx_word' id='word_1_313' title='bbox 198 1114 303 1142; x_wconf 80' lang='lat' dir='ltr'><strong>dixisse</strong></span> <span class='ocrx_word' id='word_1_314' title='bbox 330 1119 507 1146; x_wconf 78' lang='lat' dir='ltr'><strong>memoratur,</strong></span> <span class='ocrx_word' id='word_1_315' title='bbox 530 1119 648 1141; x_wconf 88' lang='lat' dir='ltr'><strong>mentem</strong></span> <span class='ocrx_word' id='word_1_316' title='bbox 678 1122 740 1142; x_wconf 84' lang='lat' dir='ltr'><strong>esse</strong></span> <span class='ocrx_word' id='word_1_317' title='bbox 771 1115 900 1143; x_wconf 90' lang='lat' dir='ltr'><strong>nimirum</strong></span> <span class='ocrx_word' id='word_1_318' title='bbox 927 1124 987 1151; x_wconf 75' lang='lat' dir='ltr'><strong>qnze</strong></span> <span class='ocrx_word' id='word_1_319' title='bbox 1021 1116 1123 1148; x_wconf 87' lang='lat' dir='ltr'><strong>videat,</strong></span> <span class='ocrx_word' id='word_1_320' title='bbox 1149 1121 1265 1143; x_wconf 82' lang='lat' dir='ltr'><strong>mentem</strong></span> <span class='ocrx_word' id='word_1_321' title='bbox 1293 1115 1357 1142; x_wconf 89' lang='lat' dir='ltr'><strong>item</strong></span> <span class='ocrx_word' id='word_1_322' title='bbox 1380 1121 1440 1149; x_wconf 82' lang='lat' dir='ltr'><strong>quae</strong></span> <span class='ocrx_word' id='word_1_323' title='bbox 1463 1111 1565 1139; x_wconf 85' lang='lat' dir='ltr'><strong>audiat.</strong></span> <span class='ocrx_word' id='word_1_324' title='bbox 1592 1109 1659 1137; x_wconf 84' lang='lat' dir='ltr'><strong>Nam</strong></span> <span class='ocrx_word' id='word_1_325' title='bbox 1686 1109 1741 1137; x_wconf 87' lang='lat' dir='ltr'><strong>nisi</strong></span> <span class='ocrx_word' id='word_1_326' title='bbox 1764 1107 1830 1144; x_wconf 83' lang='lat' dir='ltr'><strong>quis</strong></span> 
     </span>
    </p>
   </div>
   <div class='ocr_carea' id='block_1_43' title="bbox 200 1155 1829 1196">
    <p class='ocr_par' dir='ltr' id='par_1_43' title="bbox 200 1155 1829 1196">
     <span class='ocr_line' id='line_1_43' title="bbox 200 1155 1829 1196; baseline -0.003 -9"><span class='ocrx_word' id='word_1_327' title='bbox 200 1159 252 1187; x_wconf 89' lang='lat' dir='ltr'><strong>hoc</strong></span> <span class='ocrx_word' id='word_1_328' title='bbox 277 1159 382 1187; x_wconf 87' lang='lat' dir='ltr'><strong>dederit</strong></span> <span class='ocrx_word' id='word_1_329' title='bbox 404 1167 466 1187; x_wconf 90' lang='lat' dir='ltr'><strong>esse</strong></span> <span class='ocrx_word' id='word_1_330' title='bbox 489 1167 594 1191; x_wconf 82' lang='lat' dir='ltr'><strong>verum,</strong></span> <span class='ocrx_word' id='word_1_331' title='bbox 621 1167 675 1195; x_wconf 85' lang='lat' dir='ltr'><strong>quo</strong></span> <span class='ocrx_word' id='word_1_332' title='bbox 704 1165 794 1195; x_wconf 85' lang='lat' dir='ltr'><strong>pacto,</strong></span> <span class='ocrx_word' id='word_1_333' title='bbox 810 1161 854 1189; x_wconf 91' lang='lat' dir='ltr'><strong>dic</strong></span> <span class='ocrx_word' id='word_1_334' title='bbox 871 1166 913 1194; x_wconf 88' lang='lat' dir='ltr'><strong>tn,</strong></span> <span class='ocrx_word' id='word_1_335' title='bbox 937 1170 1000 1189; x_wconf 90' lang='lat' dir='ltr'><strong>cum</strong></span> <span class='ocrx_word' id='word_1_336' title='bbox 1020 1163 1105 1191; x_wconf 87' lang='lat' dir='ltr'><strong>solem</strong></span> <span class='ocrx_word' id='word_1_337' title='bbox 1131 1162 1258 1194; x_wconf 87' lang='lat' dir='ltr'><strong>intueris,</strong></span> <span class='ocrx_word' id='word_1_338' title='bbox 1277 1159 1505 1196; x_wconf 85' lang='lat' dir='ltr'><strong>quemadmodum</strong></span> <span class='ocrx_word' id='word_1_339' title='bbox 1526 1166 1541 1185; x_wconf 91' lang='lat' dir='ltr'><strong>a</strong></span> <span class='ocrx_word' id='word_1_340' title='bbox 1557 1157 1688 1193; x_wconf 80' lang='lat' dir='ltr'><strong>magistro</strong></span> <span class='ocrx_word' id='word_1_341' title='bbox 1721 1155 1829 1183; x_wconf 86' lang='lat' dir='ltr'><strong>intueri</strong></span> 
     </span>
    </p>
   </div>
   <div class='ocr_carea' id='block_1_44' title="bbox 200 1199 1829 1242">
    <p class='ocr_par' dir='ltr' id='par_1_44' title="bbox 200 1199 1829 1242">
     <span class='ocr_line' id='line_1_44' title="bbox 200 1199 1829 1242; baseline -0.004 -10"><span class='ocrx_word' id='word_1_342' title='bbox 200 1205 332 1236; x_wconf 83' lang='lat' dir='ltr'><strong>didicisti,</strong></span> <span class='ocrx_word' id='word_1_343' title='bbox 354 1213 408 1231; x_wconf 92' lang='lat' dir='ltr'><strong>non</strong></span> <span class='ocrx_word' id='word_1_344' title='bbox 430 1208 548 1240; x_wconf 83' lang='lat' dir='ltr'><strong>quantus</strong></span> <span class='ocrx_word' id='word_1_345' title='bbox 576 1206 657 1240; x_wconf 84' lang='lat' dir='ltr'><strong>vulgo</strong></span> <span class='ocrx_word' id='word_1_346' title='bbox 686 1206 844 1234; x_wconf 84' lang='lat' dir='ltr'><strong>hominibus</strong></span> <span class='ocrx_word' id='word_1_347' title='bbox 867 1211 988 1242; x_wconf 88' lang='lat' dir='ltr'><strong>apparet,</strong></span> <span class='ocrx_word' id='word_1_348' title='bbox 1007 1210 1112 1234; x_wconf 87' lang='lat' dir='ltr'><strong>tantutu</strong></span> <span class='ocrx_word' id='word_1_349' title='bbox 1137 1215 1199 1234; x_wconf 86' lang='lat' dir='ltr'><strong>eum</strong></span> <span class='ocrx_word' id='word_1_350' title='bbox 1217 1214 1279 1234; x_wconf 86' lang='lat' dir='ltr'><strong>esse</strong></span> <span class='ocrx_word' id='word_1_351' title='bbox 1305 1206 1357 1237; x_wconf 85' lang='lat' dir='ltr'><strong>ais,</strong></span> <span class='ocrx_word' id='word_1_352' title='bbox 1375 1205 1423 1232; x_wconf 90' lang='lat' dir='ltr'><strong>sed</strong></span> <span class='ocrx_word' id='word_1_353' title='bbox 1444 1202 1622 1238; x_wconf 82' lang='lat' dir='ltr'><strong>amplitudine</strong></span> <span class='ocrx_word' id='word_1_354' title='bbox 1657 1209 1689 1228; x_wconf 87' lang='lat' dir='ltr'><strong>ac</strong></span> <span class='ocrx_word' id='word_1_355' title='bbox 1720 1199 1829 1234; x_wconf 89' lang='lat' dir='ltr'><strong>magni-</strong></span> 
     </span>
    </p>
   </div>
   <div class='ocr_carea' id='block_1_45' title="bbox 200 1247 1828 1288">
    <p class='ocr_par' dir='ltr' id='par_1_45' title="bbox 200 1247 1828 1288">
     <span class='ocr_line' id='line_1_45' title="bbox 200 1247 1828 1288; baseline -0.004 -10"><span class='ocrx_word' id='word_1_356' title='bbox 200 1251 298 1279; x_wconf 85' lang='lat' dir='ltr'><strong>tudine</strong></span> <span class='ocrx_word' id='word_1_357' title='bbox 321 1251 398 1279; x_wconf 83' lang='lat' dir='ltr'><strong>orbis</strong></span> <span class='ocrx_word' id='word_1_358' title='bbox 422 1252 516 1279; x_wconf 90' lang='lat' dir='ltr'><strong>multis</strong></span> <span class='ocrx_word' id='word_1_359' title='bbox 546 1253 672 1287; x_wconf 86' lang='lat' dir='ltr'><strong>partibus</strong></span> <span class='ocrx_word' id='word_1_360' title='bbox 706 1260 839 1288; x_wconf 85' lang='lat' dir='ltr'><strong>superare</strong></span> <span class='ocrx_word' id='word_1_361' title='bbox 869 1258 972 1280; x_wconf 87' lang='lat' dir='ltr'><strong>terram</strong></span> <span class='ocrx_word' id='word_1_362' title='bbox 1004 1253 1179 1281; x_wconf 72' lang='lat' dir='ltr'><strong>universam?</strong></span> <span class='ocrx_word' id='word_1_363' title='bbox 1200 1260 1290 1280; x_wconf 84' lang='lat' dir='ltr'><strong>annon</strong></span> <span class='ocrx_word' id='word_1_364' title='bbox 1313 1251 1385 1287; x_wconf 91' lang='lat' dir='ltr'><strong>quod</strong></span> <span class='ocrx_word' id='word_1_365' title='bbox 1407 1255 1511 1277; x_wconf 84' lang='lat' dir='ltr'><strong>certum</strong></span> <span class='ocrx_word' id='word_1_366' title='bbox 1534 1247 1678 1284; x_wconf 86' lang='lat' dir='ltr'><strong>quemdam</strong></span> <span class='ocrx_word' id='word_1_367' title='bbox 1708 1250 1828 1278; x_wconf 85' lang='lat' dir='ltr'><strong>motum,</strong></span> 
     </span>
    </p>
   </div>
   <div class='ocr_carea' id='block_1_46' title="bbox 201 1291 1831 1333">
    <p class='ocr_par' dir='ltr' id='par_1_46' title="bbox 201 1291 1831 1333">
     <span class='ocr_line' id='line_1_46' title="bbox 201 1291 1831 1333; baseline -0.003 -10"><span class='ocrx_word' id='word_1_368' title='bbox 201 1300 409 1332; x_wconf 87' lang='lat' dir='ltr'><strong>temporumque</strong></span> <span class='ocrx_word' id='word_1_369' title='bbox 440 1298 545 1332; x_wconf 90' lang='lat' dir='ltr'><strong>pariter</strong></span> <span class='ocrx_word' id='word_1_370' title='bbox 575 1306 607 1325; x_wconf 90' lang='lat' dir='ltr'><strong>ac</strong></span> <span class='ocrx_word' id='word_1_371' title='bbox 635 1299 757 1326; x_wconf 86' lang='lat' dir='ltr'><strong>locorum</strong></span> <span class='ocrx_word' id='word_1_372' title='bbox 789 1299 935 1327; x_wconf 80' lang='lat' dir='ltr'><strong>distantias</strong></span> <span class='ocrx_word' id='word_1_373' title='bbox 963 1303 990 1330; x_wconf 82' lang='lat' dir='ltr'><strong>et</strong></span> <span class='ocrx_word' id='word_1_374' title='bbox 1010 1299 1163 1333; x_wconf 84' lang='lat' dir='ltr'><strong>intervalla,</strong></span> <span class='ocrx_word' id='word_1_375' title='bbox 1186 1299 1426 1333; x_wconf 81' lang='lat' dir='ltr'><strong>deiectionumque</strong></span> <span class='ocrx_word' id='word_1_376' title='bbox 1451 1303 1549 1324; x_wconf 84' lang='lat' dir='ltr'><strong>causas</strong></span> <span class='ocrx_word' id='word_1_377' title='bbox 1588 1302 1636 1330; x_wconf 89' lang='lat' dir='ltr'><strong>per</strong></span> <span class='ocrx_word' id='word_1_378' title='bbox 1668 1291 1831 1329; x_wconf 78' lang='lat' dir='ltr'><strong>apparentia</strong></span> 
     </span>
    </p>
   </div>
   <div class='ocr_carea' id='block_1_47' title="bbox 200 1343 1404 1380">
    <p class='ocr_par' dir='ltr' id='par_1_47' title="bbox 200 1343 1404 1380">
     <span class='ocr_line' id='line_1_47' title="bbox 200 1343 1404 1380; baseline 0 -10"><span class='ocrx_word' id='word_1_379' title='bbox 200 1347 290 1370; x_wconf 88' lang='lat' dir='ltr'><strong>mente</strong></span> <span class='ocrx_word' id='word_1_380' title='bbox 312 1347 423 1370; x_wconf 85' lang='lat' dir='ltr'><strong>secutus</strong></span> <span class='ocrx_word' id='word_1_381' title='bbox 438 1343 488 1377; x_wconf 88' lang='lat' dir='ltr'><strong>sis,</strong></span> <span class='ocrx_word' id='word_1_382' title='bbox 503 1343 673 1371; x_wconf 83' lang='lat' dir='ltr'><strong>conﬁdenter</strong></span> <span class='ocrx_word' id='word_1_383' title='bbox 692 1344 855 1379; x_wconf 83' lang='lat' dir='ltr'><strong>pronuntias</strong></span> <span class='ocrx_word' id='word_1_384' title='bbox 871 1348 955 1380; x_wconf 87' lang='lat' dir='ltr'><strong>atque</strong></span> <span class='ocrx_word' id='word_1_385' title='bbox 973 1353 1081 1378; x_wconf 87' lang='lat' dir='ltr'><strong>censes,</strong></span> <span class='ocrx_word' id='word_1_386' title='bbox 1101 1347 1137 1373; x_wconf 87' lang='lat' dir='ltr'><strong>ita</strong></span> <span class='ocrx_word' id='word_1_387' title='bbox 1155 1353 1185 1374; x_wconf 86' lang='lat' dir='ltr'><strong>se</strong></span> <span class='ocrx_word' id='word_1_388' title='bbox 1206 1353 1263 1373; x_wconf 82' lang='lat' dir='ltr'><strong>rem</strong></span> <span class='ocrx_word' id='word_1_389' title='bbox 1280 1344 1380 1372; x_wconf 85' lang='lat' dir='ltr'><strong>habere</strong></span> <span class='ocrx_word' id='word_1_390' title='bbox 1391 1343 1404 1370; x_wconf 76' lang='lat' dir='ltr'><strong><em>Y</em></strong></span> 
     </span>
    </p>
   </div>
   <div class='ocr_carea' id='block_1_48' title="bbox 237 1420 991 1456">
    <p class='ocr_par' dir='ltr' id='par_1_48' title="bbox 237 1420 991 1456">
     <span class='ocr_line' id='line_1_48' title="bbox 237 1420 991 1456; baseline 0.003 -9"><span class='ocrx_word' id='word_1_391' title='bbox 237 1421 327 1456; x_wconf 80' lang='lat' dir='ltr'><strong>Atque</strong></span> <span class='ocrx_word' id='word_1_392' title='bbox 347 1421 430 1448; x_wconf 88' lang='lat' dir='ltr'><strong>etiam</strong></span> <span class='ocrx_word' id='word_1_393' title='bbox 458 1421 530 1448; x_wconf 73' lang='lat' dir='ltr'><strong>lim</strong></span> <span class='ocrx_word' id='word_1_394' title='bbox 546 1420 756 1448; x_wconf 90' lang='lat' dir='ltr'><strong>diminutionem</strong></span> <span class='ocrx_word' id='word_1_395' title='bbox 784 1426 811 1449; x_wconf 82' lang='lat' dir='ltr'><strong>et</strong></span> <span class='ocrx_word' id='word_1_396' title='bbox 838 1423 991 1450; x_wconf 75' lang='lat' dir='ltr'><strong>incremen-</strong></span> 
     </span>
    </p>
   </div>
   <div class='ocr_carea' id='block_1_49' title="bbox 201 1467 990 1502">
    <p class='ocr_par' dir='ltr' id='par_1_49' title="bbox 201 1467 990 1502">
     <span class='ocr_line' id='line_1_49' title="bbox 201 1467 990 1502; baseline 0.004 -10"><span class='ocrx_word' id='word_1_397' title='bbox 201 1469 262 1493; x_wconf 82' lang='lat' dir='ltr'><strong>tum</strong></span> <span class='ocrx_word' id='word_1_398' title='bbox 289 1473 353 1492; x_wconf 89' lang='lat' dir='ltr'><strong>cum</strong></span> <span class='ocrx_word' id='word_1_399' title='bbox 377 1467 465 1497; x_wconf 82' lang='lat' dir='ltr'><strong>vides,</strong></span> <span class='ocrx_word' id='word_1_400' title='bbox 497 1474 546 1501; x_wconf 86' lang='lat' dir='ltr'><strong>per</strong></span> <span class='ocrx_word' id='word_1_401' title='bbox 569 1474 631 1494; x_wconf 89' lang='lat' dir='ltr'><strong>eam</strong></span> <span class='ocrx_word' id='word_1_402' title='bbox 660 1474 721 1501; x_wconf 74' lang='lat' dir='ltr'><strong>quae</strong></span> <span class='ocrx_word' id='word_1_403' title='bbox 742 1471 855 1502; x_wconf 88' lang='lat' dir='ltr'><strong>apparet</strong></span> <span class='ocrx_word' id='word_1_404' title='bbox 883 1468 910 1495; x_wconf 90' lang='lat' dir='ltr'><strong>in</strong></span> <span class='ocrx_word' id='word_1_405' title='bbox 933 1469 990 1496; x_wconf 90' lang='lat' dir='ltr'><strong>ele-</strong></span> 
     </span>
    </p>
   </div>
   <div class='ocr_carea' id='block_1_50' title="bbox 202 1511 989 1546">
    <p class='ocr_par' dir='ltr' id='par_1_50' title="bbox 202 1511 989 1546">
     <span class='ocr_line' id='line_1_50' title="bbox 202 1511 989 1546; baseline 0 -8"><span class='ocrx_word' id='word_1_406' title='bbox 202 1515 295 1539; x_wconf 84' lang='lat' dir='ltr'><strong>mento</strong></span> <span class='ocrx_word' id='word_1_407' title='bbox 317 1511 431 1546; x_wconf 72' lang='lat' dir='ltr'><strong>figuram</strong></span> <span class='ocrx_word' id='word_1_408' title='bbox 457 1512 510 1538; x_wconf 86' lang='lat' dir='ltr'><strong>alia</strong></span> <span class='ocrx_word' id='word_1_409' title='bbox 539 1511 636 1543; x_wconf 88' lang='lat' dir='ltr'><strong>discis,</strong></span> <span class='ocrx_word' id='word_1_410' title='bbox 660 1511 788 1539; x_wconf 84' lang='lat' dir='ltr'><strong>videlicet</strong></span> <span class='ocrx_word' id='word_1_411' title='bbox 815 1519 875 1539; x_wconf 82' lang='lat' dir='ltr'><strong>eam</strong></span> <span class='ocrx_word' id='word_1_412' title='bbox 905 1516 932 1539; x_wconf 89' lang='lat' dir='ltr'><strong>et</strong></span> <span class='ocrx_word' id='word_1_413' title='bbox 957 1519 989 1538; x_wconf 79' lang='lat' dir='ltr'><strong>ex</strong></span> 
     </span>
    </p>
   </div>
   <div class='ocr_carea' id='block_1_51' title="bbox 202 1556 992 1591">
    <p class='ocr_par' dir='ltr' id='par_1_51' title="bbox 202 1556 992 1591">
     <span class='ocr_line' id='line_1_51' title="bbox 202 1556 992 1591; baseline -0.001 -7"><span class='ocrx_word' id='word_1_414' title='bbox 202 1556 247 1584; x_wconf 83' lang='lat' dir='ltr'><strong>sui</strong></span> <span class='ocrx_word' id='word_1_415' title='bbox 276 1560 372 1583; x_wconf 89' lang='lat' dir='ltr'><strong>natura</strong></span> <span class='ocrx_word' id='word_1_416' title='bbox 401 1556 556 1590; x_wconf 79' lang='lat' dir='ltr'><strong>splendoris</strong></span> <span class='ocrx_word' id='word_1_417' title='bbox 585 1560 726 1591; x_wconf 77' lang='lat' dir='ltr'><strong>expertem</strong></span> <span class='ocrx_word' id='word_1_418' title='bbox 748 1564 810 1584; x_wconf 87' lang='lat' dir='ltr'><strong>esse</strong></span> <span class='ocrx_word' id='word_1_419' title='bbox 836 1560 863 1584; x_wconf 88' lang='lat' dir='ltr'><strong>et</strong></span> <span class='ocrx_word' id='word_1_420' title='bbox 889 1557 992 1584; x_wconf 79' lang='lat' dir='ltr'><strong>circum</strong></span> 
     </span>
    </p>
   </div>
   <div class='ocr_carea' id='block_1_52' title="bbox 202 1602 991 1637">
    <p class='ocr_par' dir='ltr' id='par_1_52' title="bbox 202 1602 991 1637">
     <span class='ocr_line' id='line_1_52' title="bbox 202 1602 991 1637; baseline 0.001 -8"><span class='ocrx_word' id='word_1_421' title='bbox 202 1607 282 1630; x_wconf 59' lang='lat' dir='ltr'><strong>terra</strong></span> <span class='ocrx_word' id='word_1_422' title='bbox 293 1602 447 1636; x_wconf 62' lang='lat' dir='ltr'><strong>proximum</strong></span> <span class='ocrx_word' id='word_1_423' title='bbox 459 1602 553 1629; x_wconf 84' lang='lat' dir='ltr'><strong>orbem</strong></span> <span class='ocrx_word' id='word_1_424' title='bbox 564 1602 670 1630; x_wconf 87' lang='lat' dir='ltr'><strong>versari</strong></span> <span class='ocrx_word' id='word_1_425' title='bbox 682 1606 764 1637; x_wconf 82' lang='lat' dir='ltr'><strong>atque</strong></span> <span class='ocrx_word' id='word_1_426' title='bbox 777 1603 868 1637; x_wconf 85' lang='lat' dir='ltr'><strong>vagari</strong></span> <span class='ocrx_word' id='word_1_427' title='bbox 881 1612 889 1635; x_wconf 87' lang='lat'><strong>;</strong></span> <span class='ocrx_word' id='word_1_428' title='bbox 903 1603 991 1630; x_wconf 84' lang='lat' dir='ltr'><strong>lucem</strong></span> 
     </span>
    </p>
   </div>
   <div class='ocr_carea' id='block_1_53' title="bbox 202 1648 993 1683">
    <p class='ocr_par' dir='ltr' id='par_1_53' title="bbox 202 1648 993 1683">
     <span class='ocr_line' id='line_1_53' title="bbox 202 1648 993 1683; baseline 0.003 -9"><span class='ocrx_word' id='word_1_429' title='bbox 202 1653 292 1675; x_wconf 76' lang='lat' dir='ltr'><strong>autem</strong></span> <span class='ocrx_word' id='word_1_430' title='bbox 313 1652 397 1682; x_wconf 87' lang='lat' dir='ltr'><strong>atque</strong></span> <span class='ocrx_word' id='word_1_431' title='bbox 418 1648 593 1682; x_wconf 87' lang='lat' dir='ltr'><strong>splendorem</strong></span> <span class='ocrx_word' id='word_1_432' title='bbox 611 1648 740 1683; x_wconf 84' lang='lat' dir='ltr'><strong>accipere</strong></span> <span class='ocrx_word' id='word_1_433' title='bbox 757 1648 791 1675; x_wconf 91' lang='lat' dir='ltr'><strong>ab</strong></span> <span class='ocrx_word' id='word_1_434' title='bbox 813 1648 898 1676; x_wconf 88' lang='lat' dir='ltr'><strong>radiis</strong></span> <span class='ocrx_word' id='word_1_435' title='bbox 915 1648 993 1680; x_wconf 84' lang='lat' dir='ltr'><strong>solis,</strong></span> 
     </span>
    </p>
   </div>
   <div class='ocr_carea' id='block_1_54' title="bbox 203 1692 992 1728">
    <p class='ocr_par' dir='ltr' id='par_1_54' title="bbox 203 1692 992 1728">
     <span class='ocr_line' id='line_1_54' title="bbox 203 1692 992 1728; baseline 0.004 -10"><span class='ocrx_word' id='word_1_436' title='bbox 203 1692 432 1727; x_wconf 84' lang='lat' dir='ltr'><strong>quemadmodqu</strong></span> <span class='ocrx_word' id='word_1_437' title='bbox 449 1693 612 1720; x_wconf 81' lang='lat' dir='ltr'><strong>naturaliter</strong></span> <span class='ocrx_word' id='word_1_438' title='bbox 631 1693 689 1720; x_wconf 82' lang='lat' dir='ltr'><strong>ﬁeri</strong></span> <span class='ocrx_word' id='word_1_439' title='bbox 714 1694 784 1721; x_wconf 84' lang='lat' dir='ltr'><strong>solet</strong></span> <span class='ocrx_word' id='word_1_440' title='bbox 806 1693 833 1720; x_wconf 91' lang='lat' dir='ltr'><strong>in</strong></span> <span class='ocrx_word' id='word_1_441' title='bbox 860 1694 992 1728; x_wconf 84' lang='lat' dir='ltr'><strong>speculis,</strong></span> 
     </span>
    </p>
   </div>
   <div class='ocr_carea' id='block_1_55' title="bbox 204 1738 995 1774">
    <p class='ocr_par' dir='ltr' id='par_1_55' title="bbox 204 1738 995 1774">
     <span class='ocr_line' id='line_1_55' title="bbox 204 1738 995 1774; baseline 0.003 -10"><span class='ocrx_word' id='word_1_442' title='bbox 204 1746 265 1773; x_wconf 65' lang='lat' dir='ltr'><strong>quae</strong></span> <span class='ocrx_word' id='word_1_443' title='bbox 287 1738 372 1765; x_wconf 89' lang='lat' dir='ltr'><strong>solem</strong></span> <span class='ocrx_word' id='word_1_444' title='bbox 391 1738 419 1764; x_wconf 94' lang='lat' dir='ltr'><strong>in</strong></span> <span class='ocrx_word' id='word_1_445' title='bbox 446 1746 508 1765; x_wconf 88' lang='lat' dir='ltr'><strong>sese</strong></span> <span class='ocrx_word' id='word_1_446' title='bbox 530 1739 692 1773; x_wconf 78' lang='lat' dir='ltr'><strong>recipientia</strong></span> <span class='ocrx_word' id='word_1_447' title='bbox 715 1747 769 1766; x_wconf 91' lang='lat' dir='ltr'><strong>non</strong></span> <span class='ocrx_word' id='word_1_448' title='bbox 790 1739 917 1774; x_wconf 88' lang='lat' dir='ltr'><strong>proprios</strong></span> <span class='ocrx_word' id='word_1_449' title='bbox 934 1739 995 1766; x_wconf 89' lang='lat' dir='ltr'><strong>red-</strong></span> 
     </span>
    </p>
   </div>
   <div class='ocr_carea' id='block_1_56' title="bbox 204 1781 995 1817">
    <p class='ocr_par' dir='ltr' id='par_1_56' title="bbox 204 1781 995 1817">
     <span class='ocr_line' id='line_1_56' title="bbox 204 1781 995 1817; baseline 0.003 -9"><span class='ocrx_word' id='word_1_450' title='bbox 204 1781 275 1809; x_wconf 87' lang='lat' dir='ltr'><strong>dunt</strong></span> <span class='ocrx_word' id='word_1_451' title='bbox 300 1782 471 1817; x_wconf 82' lang='lat' dir='ltr'><strong>splendores,</strong></span> <span class='ocrx_word' id='word_1_452' title='bbox 497 1782 545 1810; x_wconf 88' lang='lat' dir='ltr'><strong>sed</strong></span> <span class='ocrx_word' id='word_1_453' title='bbox 570 1783 681 1809; x_wconf 88' lang='lat' dir='ltr'><strong>luminis</strong></span> <span class='ocrx_word' id='word_1_454' title='bbox 712 1784 823 1816; x_wconf 88' lang='lat' dir='ltr'><strong>solaris,</strong></span> <span class='ocrx_word' id='word_1_455' title='bbox 853 1784 924 1817; x_wconf 89' lang='lat' dir='ltr'><strong>quod</strong></span> <span class='ocrx_word' id='word_1_456' title='bbox 952 1783 995 1810; x_wconf 92' lang='lat' dir='ltr'><strong>lu-</strong></span> 
     </span>
    </p>
   </div>
   <div class='ocr_carea' id='block_1_57' title="bbox 205 1827 995 1862">
    <p class='ocr_par' dir='ltr' id='par_1_57' title="bbox 205 1827 995 1862">
     <span class='ocr_line' id='line_1_57' title="bbox 205 1827 995 1862; baseline 0.001 -8"><span class='ocrx_word' id='word_1_457' title='bbox 205 1835 268 1855; x_wconf 88' lang='lat' dir='ltr'><strong>men</strong></span> <span class='ocrx_word' id='word_1_458' title='bbox 294 1834 327 1854; x_wconf 77' lang='lat' dir='ltr'><strong>ex</strong></span> <span class='ocrx_word' id='word_1_459' title='bbox 359 1827 418 1854; x_wconf 69' lang='lat' dir='ltr'><strong>laevi</strong></span> <span class='ocrx_word' id='word_1_460' title='bbox 448 1827 598 1862; x_wconf 83' lang='lat' dir='ltr'><strong>giabroque</strong></span> <span class='ocrx_word' id='word_1_461' title='bbox 636 1835 669 1854; x_wconf 90' lang='lat' dir='ltr'><strong>ac</strong></span> <span class='ocrx_word' id='word_1_462' title='bbox 698 1828 786 1854; x_wconf 85' lang='lat' dir='ltr'><strong>nitido</strong></span> <span class='ocrx_word' id='word_1_463' title='bbox 817 1835 934 1862; x_wconf 86' lang='lat' dir='ltr'><strong>corpore</strong></span> <span class='ocrx_word' id='word_1_464' title='bbox 966 1828 995 1855; x_wconf 92' lang='lat' dir='ltr'><strong>in</strong></span> 
     </span>
    </p>
   </div>
   <div class='ocr_carea' id='block_1_58' title="bbox 205 1872 995 1907">
    <p class='ocr_par' dir='ltr' id='par_1_58' title="bbox 205 1872 995 1907">
     <span class='ocr_line' id='line_1_58' title="bbox 205 1872 995 1907; baseline 0.001 -8"><span class='ocrx_word' id='word_1_465' title='bbox 205 1872 375 1900; x_wconf 88' lang='lat' dir='ltr'><strong>contrarium</strong></span> <span class='ocrx_word' id='word_1_466' title='bbox 397 1872 548 1899; x_wconf 81' lang='lat' dir='ltr'><strong>reﬂectitur</strong></span> <span class='ocrx_word' id='word_1_467' title='bbox 569 1876 651 1907; x_wconf 89' lang='lat' dir='ltr'><strong>atque</strong></span> <span class='ocrx_word' id='word_1_468' title='bbox 676 1873 877 1900; x_wconf 84' lang='lat' dir='ltr'><strong>reverberatur.</strong></span> <span class='ocrx_word' id='word_1_469' title='bbox 907 1872 995 1906; x_wconf 88' lang='lat' dir='ltr'><strong>Quam</strong></span> 
     </span>
    </p>
   </div>
   <div class='ocr_carea' id='block_1_59' title="bbox 206 1918 995 1953">
    <p class='ocr_par' dir='ltr' id='par_1_59' title="bbox 206 1918 995 1953">
     <span class='ocr_line' id='line_1_59' title="bbox 206 1918 995 1953; baseline -0.001 -7"><span class='ocrx_word' id='word_1_470' title='bbox 206 1924 276 1952; x_wconf 89' lang='lat' dir='ltr'><strong>rem,</strong></span> <span class='ocrx_word' id='word_1_471' title='bbox 303 1919 349 1953; x_wconf 92' lang='lat' dir='ltr'><strong>qui</strong></span> <span class='ocrx_word' id='word_1_472' title='bbox 364 1919 424 1946; x_wconf 90' lang='lat' dir='ltr'><strong>sine</strong></span> <span class='ocrx_word' id='word_1_473' title='bbox 439 1919 609 1946; x_wconf 85' lang='lat' dir='ltr'><strong>scrutatione</strong></span> <span class='ocrx_word' id='word_1_474' title='bbox 625 1924 707 1953; x_wconf 86' lang='lat' dir='ltr'><strong>atque</strong></span> <span class='ocrx_word' id='word_1_475' title='bbox 720 1918 826 1953; x_wconf 91' lang='lat' dir='ltr'><strong>judicio</strong></span> <span class='ocrx_word' id='word_1_476' title='bbox 842 1918 995 1951; x_wconf 87' lang='lat' dir='ltr'><strong>intuentur,</strong></span> 
     </span>
    </p>
   </div>
   <div class='ocr_carea' id='block_1_60' title="bbox 207 1964 996 1999">
    <p class='ocr_par' dir='ltr' id='par_1_60' title="bbox 207 1964 996 1999">
     <span class='ocr_line' id='line_1_60' title="bbox 207 1964 996 1999; baseline -0.001 -7"><span class='ocrx_word' id='word_1_477' title='bbox 207 1972 241 1992; x_wconf 79' lang='lat' dir='ltr'><strong>ex</strong></span> <span class='ocrx_word' id='word_1_478' title='bbox 269 1964 327 1999; x_wconf 90' lang='lat' dir='ltr'><strong>ipsa</strong></span> <span class='ocrx_word' id='word_1_479' title='bbox 348 1964 413 1991; x_wconf 87' lang='lat' dir='ltr'><strong>luna</strong></span> <span class='ocrx_word' id='word_1_480' title='bbox 446 1964 622 1999; x_wconf 88' lang='lat' dir='ltr'><strong>splendorem</strong></span> <span class='ocrx_word' id='word_1_481' title='bbox 651 1964 786 1991; x_wconf 82' lang='lat' dir='ltr'><strong>exsistere</strong></span> <span class='ocrx_word' id='word_1_482' title='bbox 817 1964 996 1992; x_wconf 86' lang='lat' dir='ltr'><strong>arbitrantur.</strong></span> 
     </span>
    </p>
   </div>
   <div class='ocr_carea' id='block_1_61' title="bbox 207 2009 996 2043">
    <p class='ocr_par' dir='ltr' id='par_1_61' title="bbox 207 2009 996 2043">
     <span class='ocr_line' id='line_1_61' title="bbox 207 2009 996 2043; baseline -0.003 -6"><span class='ocrx_word' id='word_1_483' title='bbox 207 2009 286 2043; x_wconf 85' lang='lat' dir='ltr'><strong>Quod</strong></span> <span class='ocrx_word' id='word_1_484' title='bbox 305 2013 397 2037; x_wconf 83' lang='lat' dir='ltr'><strong>autem</strong></span> <span class='ocrx_word' id='word_1_485' title='bbox 427 2009 453 2036; x_wconf 91' lang='lat' dir='ltr'><strong>id</strong></span> <span class='ocrx_word' id='word_1_486' title='bbox 471 2010 509 2036; x_wconf 87' lang='lat' dir='ltr'><strong>ita</strong></span> <span class='ocrx_word' id='word_1_487' title='bbox 535 2017 590 2036; x_wconf 92' lang='lat' dir='ltr'><strong>non</strong></span> <span class='ocrx_word' id='word_1_488' title='bbox 616 2009 663 2042; x_wconf 90' lang='lat' dir='ltr'><strong>sit,</strong></span> <span class='ocrx_word' id='word_1_489' title='bbox 689 2009 752 2036; x_wconf 90' lang='lat' dir='ltr'><strong>hinc</strong></span> <span class='ocrx_word' id='word_1_490' title='bbox 775 2009 996 2041; x_wconf 85' lang='lat' dir='ltr'><strong>denmnstratur,</strong></span> 
     </span>
    </p>
   </div>
   <div class='ocr_carea' id='block_1_62' title="bbox 209 2053 997 2090">
    <p class='ocr_par' dir='ltr' id='par_1_62' title="bbox 209 2053 997 2090">
     <span class='ocr_line' id='line_1_62' title="bbox 209 2053 997 2090; baseline -0.001 -8"><span class='ocrx_word' id='word_1_491' title='bbox 209 2055 281 2090; x_wconf 86' lang='lat' dir='ltr'><strong>quod</strong></span> <span class='ocrx_word' id='word_1_492' title='bbox 306 2063 339 2083; x_wconf 79' lang='lat' dir='ltr'><strong>ex</strong></span> <span class='ocrx_word' id='word_1_493' title='bbox 366 2055 500 2082; x_wconf 85' lang='lat' dir='ltr'><strong>diametro</strong></span> <span class='ocrx_word' id='word_1_494' title='bbox 527 2055 637 2090; x_wconf 90' lang='lat' dir='ltr'><strong>quidem</strong></span> <span class='ocrx_word' id='word_1_495' title='bbox 660 2062 676 2083; x_wconf 95' lang='lat' dir='ltr'><strong>e</strong></span> <span class='ocrx_word' id='word_1_496' title='bbox 699 2055 811 2090; x_wconf 82' lang='lat' dir='ltr'><strong>regione</strong></span> <span class='ocrx_word' id='word_1_497' title='bbox 836 2055 903 2082; x_wconf 91' lang='lat' dir='ltr'><strong>solis</strong></span> <span class='ocrx_word' id='word_1_498' title='bbox 925 2053 997 2081; x_wconf 85' lang='lat' dir='ltr'><strong>facta</strong></span> 
     </span>
    </p>
   </div>
   <div class='ocr_carea' id='block_1_63' title="bbox 209 2101 997 2136">
    <p class='ocr_par' dir='ltr' id='par_1_63' title="bbox 209 2101 997 2136">
     <span class='ocr_line' id='line_1_63' title="bbox 209 2101 997 2136; baseline -0.001 -8"><span class='ocrx_word' id='word_1_499' title='bbox 209 2105 268 2128; x_wconf 89' lang='lat' dir='ltr'><strong>toto</strong></span> <span class='ocrx_word' id='word_1_500' title='bbox 290 2102 336 2136; x_wconf 91' lang='lat' dir='ltr'><strong>qui</strong></span> <span class='ocrx_word' id='word_1_501' title='bbox 357 2101 390 2128; x_wconf 90' lang='lat' dir='ltr'><strong>ad</strong></span> <span class='ocrx_word' id='word_1_502' title='bbox 407 2109 457 2129; x_wconf 86' lang='lat' dir='ltr'><strong>nos</strong></span> <span class='ocrx_word' id='word_1_503' title='bbox 484 2105 590 2136; x_wconf 88' lang='lat' dir='ltr'><strong>spectat</strong></span> <span class='ocrx_word' id='word_1_504' title='bbox 607 2101 673 2129; x_wconf 91' lang='lat' dir='ltr'><strong>orbe</strong></span> <span class='ocrx_word' id='word_1_505' title='bbox 688 2101 878 2134; x_wconf 84' lang='lat' dir='ltr'><strong>illuminatur;</strong></span> <span class='ocrx_word' id='word_1_506' title='bbox 893 2101 921 2128; x_wconf 93' lang='lat' dir='ltr'><strong>in</strong></span> <span class='ocrx_word' id='word_1_507' title='bbox 937 2101 997 2128; x_wconf 64' lang='lat' dir='ltr'><strong>brc«</strong></span> 
     </span>
    </p>
   </div>
   <div class='ocr_carea' id='block_1_64' title="bbox 210 2147 999 2183">
    <p class='ocr_par' dir='ltr' id='par_1_64' title="bbox 210 2147 999 2183">
     <span class='ocr_line' id='line_1_64' title="bbox 210 2147 999 2183; baseline -0.001 -9"><span class='ocrx_word' id='word_1_508' title='bbox 210 2147 279 2174; x_wconf 89' lang='lat' dir='ltr'><strong>viori</strong></span> <span class='ocrx_word' id='word_1_509' title='bbox 297 2151 389 2175; x_wconf 89' lang='lat' dir='ltr'><strong>autem</strong></span> <span class='ocrx_word' id='word_1_510' title='bbox 412 2153 439 2175; x_wconf 91' lang='lat' dir='ltr'><strong>et</strong></span> <span class='ocrx_word' id='word_1_511' title='bbox 464 2148 616 2183; x_wconf 90' lang='lat' dir='ltr'><strong>angustiori</strong></span> <span class='ocrx_word' id='word_1_512' title='bbox 633 2155 685 2176; x_wconf 89' lang='lat' dir='ltr'><strong>suo</strong></span> <span class='ocrx_word' id='word_1_513' title='bbox 705 2148 765 2174; x_wconf 91' lang='lat' dir='ltr'><strong>loco</strong></span> <span class='ocrx_word' id='word_1_514' title='bbox 783 2148 865 2175; x_wconf 91' lang='lat' dir='ltr'><strong>citius</strong></span> <span class='ocrx_word' id='word_1_515' title='bbox 882 2148 999 2175; x_wconf 88' lang='lat' dir='ltr'><strong>lustrato</strong></span> 
     </span>
    </p>
   </div>
   <div class='ocr_carea' id='block_1_65' title="bbox 1080 1416 1831 1460">
    <p class='ocr_par' dir='ltr' id='par_1_65' title="bbox 1080 1416 1831 1460">
     <span class='ocr_line' id='line_1_65' title="bbox 1080 1416 1831 1460; baseline -0.012 -8"><span class='ocrx_word' id='word_1_516' title='bbox 1080 1425 1135 1451; x_wconf 73' lang='grc' dir='ltr'><strong>Καὶ</strong></span> <span class='ocrx_word' id='word_1_517' title='bbox 1144 1425 1193 1460; x_wconf 80' lang='grc' dir='ltr'>τῆς</span> <span class='ocrx_word' id='word_1_518' title='bbox 1210 1424 1325 1460; x_wconf 76' lang='grc' dir='ltr'>σελήνης</span> <span class='ocrx_word' id='word_1_519' title='bbox 1339 1422 1396 1458; x_wconf 90' lang='grc'>(76)</span> <span class='ocrx_word' id='word_1_520' title='bbox 1409 1420 1521 1458; x_wconf 77' lang='grc' dir='ltr'>μείωσιν</span> <span class='ocrx_word' id='word_1_521' title='bbox 1531 1429 1561 1447; x_wconf 87' lang='grc' dir='ltr'><strong>τε</strong></span> <span class='ocrx_word' id='word_1_522' title='bbox 1575 1419 1622 1447; x_wconf 80' lang='grc' dir='ltr'>καὶ</span> <span class='ocrx_word' id='word_1_523' title='bbox 1638 1418 1753 1454; x_wconf 80' lang='grc' dir='ltr'>αὗξησιν</span> <span class='ocrx_word' id='word_1_524' title='bbox 1766 1416 1831 1452; x_wconf 77' lang='grc' dir='ltr'><strong>βλέ-</strong></span> 
     </span>
    </p>
   </div>
   <div class='ocr_carea' id='block_1_66' title="bbox 1044 1463 1833 1504">
    <p class='ocr_par' dir='ltr' id='par_1_66' title="bbox 1044 1463 1833 1504">
     <span class='ocr_line' id='line_1_66' title="bbox 1044 1463 1833 1504; baseline -0.011 -6"><span class='ocrx_word' id='word_1_525' title='bbox 1044 1479 1113 1502; x_wconf 85' lang='grc' dir='ltr'>πων,</span> <span class='ocrx_word' id='word_1_526' title='bbox 1127 1471 1194 1497; x_wconf 80' lang='grc' dir='ltr'>ἄλλα</span> <span class='ocrx_word' id='word_1_527' title='bbox 1207 1470 1326 1497; x_wconf 78' lang='grc' dir='ltr'>διδάσκει</span> <span class='ocrx_word' id='word_1_528' title='bbox 1345 1468 1402 1504; x_wconf 84' lang='grc'>(77)</span> <span class='ocrx_word' id='word_1_529' title='bbox 1420 1467 1463 1494; x_wconf 79' lang='grc' dir='ltr'><strong>διὰ</strong></span> <span class='ocrx_word' id='word_1_530' title='bbox 1478 1466 1524 1493; x_wconf 82' lang='grc' dir='ltr'><strong>τοῦ</strong></span> <span class='ocrx_word' id='word_1_531' title='bbox 1542 1465 1705 1500; x_wconf 75' lang='grc' dir='ltr'>φαινομένου</span> <span class='ocrx_word' id='word_1_532' title='bbox 1721 1463 1787 1498; x_wconf 78' lang='grc' dir='ltr'>περὶ</span> <span class='ocrx_word' id='word_1_533' title='bbox 1799 1463 1833 1490; x_wconf 80' lang='grc' dir='ltr'><strong>τὺ</strong></span> 
     </span>
    </p>
   </div>
   <div class='ocr_carea' id='block_1_67' title="bbox 1006 1508 1833 1562">
    <p class='ocr_par' dir='ltr' id='par_1_67' title="bbox 1006 1508 1833 1562">
     <span class='ocr_line' id='line_1_67' title="bbox 1006 1508 1833 1562; baseline -0.011 -19"><span class='ocrx_word' id='word_1_534' title='bbox 1006 1531 1028 1562; x_wconf 81' lang='lat' dir='ltr'><strong><em>C</em></strong></span> <span class='ocrx_word' id='word_1_535' title='bbox 1044 1518 1173 1552; x_wconf 86' lang='grc' dir='ltr'>στοιχεῖον</span> <span class='ocrx_word' id='word_1_536' title='bbox 1187 1516 1333 1562; x_wconf 75' lang='grc' dir='ltr'>σχημάτων</span> <span class='ocrx_word' id='word_1_537' title='bbox 1346 1514 1422 1562; x_wconf 72' lang='grc'>(78),</span> <span class='ocrx_word' id='word_1_538' title='bbox 1434 1513 1474 1562; x_wconf 79' lang='grc' dir='ltr'>τὸ,</span> <span class='ocrx_word' id='word_1_539' title='bbox 1494 1512 1601 1562; x_wconf 70' lang='grc' dir='ltr'>ἁιρεγγῆ</span> <span class='ocrx_word' id='word_1_540' title='bbox 1615 1519 1647 1537; x_wconf 84' lang='grc' dir='ltr'><strong>τε</strong></span> <span class='ocrx_word' id='word_1_541' title='bbox 1660 1508 1733 1562; x_wconf 71' lang='grc' dir='ltr'>εἶναι</span> <span class='ocrx_word' id='word_1_542' title='bbox 1744 1509 1833 1543; x_wconf 79' lang='grc' dir='ltr'>αὐτὴν</span> 
     </span>
    </p>
   </div>
   <div class='ocr_carea' id='block_1_68' title="bbox 1044 1556 1834 1597">
    <p class='ocr_par' dir='ltr' id='par_1_68' title="bbox 1044 1556 1834 1597">
     <span class='ocr_line' id='line_1_68' title="bbox 1044 1556 1834 1597; baseline -0.009 -9"><span class='ocrx_word' id='word_1_543' title='bbox 1044 1562 1114 1588; x_wconf 81' lang='grc' dir='ltr'>κατὰ</span> <span class='ocrx_word' id='word_1_544' title='bbox 1123 1561 1172 1597; x_wconf 82' lang='grc' dir='ltr'>τὴν</span> <span class='ocrx_word' id='word_1_545' title='bbox 1184 1561 1251 1588; x_wconf 75' lang='grc' dir='ltr'>ἰδίαν</span> <span class='ocrx_word' id='word_1_546' title='bbox 1264 1560 1354 1596; x_wconf 79' lang='grc' dir='ltr'>φύσιν,</span> <span class='ocrx_word' id='word_1_547' title='bbox 1367 1559 1468 1586; x_wconf 75' lang='grc' dir='ltr'>καὶτὸν</span> <span class='ocrx_word' id='word_1_548' title='bbox 1478 1558 1623 1593; x_wconf 84' lang='grc' dir='ltr'>πρόσγειον</span> <span class='ocrx_word' id='word_1_549' title='bbox 1635 1556 1735 1583; x_wconf 78' lang='grc' dir='ltr'>κύκλον</span> <span class='ocrx_word' id='word_1_550' title='bbox 1753 1563 1834 1590; x_wconf 82' lang='grc' dir='ltr'>περι-</span> 
     </span>
    </p>
   </div>
   <div class='ocr_carea' id='block_1_69' title="bbox 1044 1599 1834 1642">
    <p class='ocr_par' dir='ltr' id='par_1_69' title="bbox 1044 1599 1834 1642">
     <span class='ocr_line' id='line_1_69' title="bbox 1044 1599 1834 1642; baseline -0.01 -8"><span class='ocrx_word' id='word_1_551' title='bbox 1044 1608 1151 1635; x_wconf 57' lang='grc' dir='ltr'>πολεῖν</span> <span class='ocrx_word' id='word_1_552' title='bbox 1164 1607 1266 1642; x_wconf 84' lang='grc' dir='ltr'>λάμπει</span> <span class='ocrx_word' id='word_1_553' title='bbox 1282 1606 1337 1641; x_wconf 82' lang='grc'>(79)</span> <span class='ocrx_word' id='word_1_554' title='bbox 1354 1605 1382 1632; x_wconf 79' lang='grc' dir='ltr'>δὲ</span> <span class='ocrx_word' id='word_1_555' title='bbox 1399 1604 1456 1639; x_wconf 88' lang='grc'>(80)</span> <span class='ocrx_word' id='word_1_556' title='bbox 1471 1603 1524 1631; x_wconf 78' lang='grc' dir='ltr'><strong>ἀπὸ</strong></span> <span class='ocrx_word' id='word_1_557' title='bbox 1539 1603 1594 1630; x_wconf 85' lang='grc' dir='ltr'><strong>τῶν</strong></span> <span class='ocrx_word' id='word_1_558' title='bbox 1611 1601 1733 1637; x_wconf 85' lang='grc' dir='ltr'>ἡλιακῶν</span> <span class='ocrx_word' id='word_1_559' title='bbox 1752 1599 1834 1628; x_wconf 84' lang='grc' dir='ltr'>ἀκτί-</span> 
     </span>
    </p>
   </div>
   <div class='ocr_carea' id='block_1_70' title="bbox 1043 1645 1833 1686">
    <p class='ocr_par' dir='ltr' id='par_1_70' title="bbox 1043 1645 1833 1686">
     <span class='ocr_line' id='line_1_70' title="bbox 1043 1645 1833 1686; baseline -0.01 -6"><span class='ocrx_word' id='word_1_560' title='bbox 1043 1662 1106 1686; x_wconf 88' lang='grc' dir='ltr'>νων,</span> <span class='ocrx_word' id='word_1_561' title='bbox 1118 1653 1156 1685; x_wconf 85' lang='grc' dir='ltr'><strong>ὼς</strong></span> <span class='ocrx_word' id='word_1_562' title='bbox 1173 1652 1218 1678; x_wconf 74' lang='grc' dir='ltr'><strong>ἐπὶ</strong></span> <span class='ocrx_word' id='word_1_563' title='bbox 1234 1651 1287 1678; x_wconf 78' lang='grc' dir='ltr'>τῶν</span> <span class='ocrx_word' id='word_1_564' title='bbox 1300 1650 1459 1685; x_wconf 74' lang='grc' dir='ltr'>κατόπτρων</span> <span class='ocrx_word' id='word_1_565' title='bbox 1472 1649 1595 1684; x_wconf 87' lang='grc' dir='ltr'>γίνεσθαι</span> <span class='ocrx_word' id='word_1_566' title='bbox 1611 1647 1762 1682; x_wconf 75' lang='grc' dir='ltr'>πεφυκέναι</span> <span class='ocrx_word' id='word_1_567' title='bbox 1775 1645 1833 1681; x_wconf 83' lang='lat'><strong>(8|)</strong></span> 
     </span>
    </p>
   </div>
   <div class='ocr_carea' id='block_1_71' title="bbox 1044 1692 1834 1734">
    <p class='ocr_par' dir='ltr' id='par_1_71' title="bbox 1044 1692 1834 1734">
     <span class='ocr_line' id='line_1_71' title="bbox 1044 1692 1834 1734; baseline -0.01 -8"><span class='ocrx_word' id='word_1_568' title='bbox 1044 1699 1089 1726; x_wconf 76' lang='grc' dir='ltr'>τὸν</span> <span class='ocrx_word' id='word_1_569' title='bbox 1103 1699 1188 1734; x_wconf 79' lang='grc' dir='ltr'>ἥλιον,</span> <span class='ocrx_word' id='word_1_570' title='bbox 1201 1697 1243 1732; x_wconf 79' lang='grc' dir='ltr'>ἐφ’</span> <span class='ocrx_word' id='word_1_571' title='bbox 1262 1697 1368 1724; x_wconf 76' lang='grc' dir='ltr'>ἑαυτῶν</span> <span class='ocrx_word' id='word_1_572' title='bbox 1381 1696 1513 1731; x_wconf 82' lang='grc' dir='ltr'>δεχόμενα</span> <span class='ocrx_word' id='word_1_573' title='bbox 1523 1695 1573 1721; x_wconf 71' lang='grc' dir='ltr'>οὐκ</span> <span class='ocrx_word' id='word_1_574' title='bbox 1590 1693 1646 1728; x_wconf 75' lang='lat'><strong>(82)</strong></span> <span class='ocrx_word' id='word_1_575' title='bbox 1667 1693 1734 1725; x_wconf 76' lang='grc' dir='ltr'>ἰδίας</span> <span class='ocrx_word' id='word_1_576' title='bbox 1744 1692 1834 1726; x_wconf 75' lang='grc' dir='ltr'><strong>αὐγὰς</strong></span> 
     </span>
    </p>
   </div>
   <div class='ocr_carea' id='block_1_72' title="bbox 1045 1738 1835 1778">
    <p class='ocr_par' dir='ltr' id='par_1_72' title="bbox 1045 1738 1835 1778">
     <span class='ocr_line' id='line_1_72' title="bbox 1045 1738 1835 1778; baseline -0.009 -7"><span class='ocrx_word' id='word_1_577' title='bbox 1045 1744 1221 1776; x_wconf 80' lang='grc' dir='ltr'>ἁντιδίδωσιν,</span> <span class='ocrx_word' id='word_1_578' title='bbox 1234 1743 1300 1770; x_wconf 75' lang='grc' dir='ltr'>ἀλλὰ</span> <span class='ocrx_word' id='word_1_579' title='bbox 1309 1743 1366 1778; x_wconf 72' lang='grc'>(85)</span> <span class='ocrx_word' id='word_1_580' title='bbox 1376 1741 1422 1769; x_wconf 87' lang='grc' dir='ltr'><strong>τοῦ</strong></span> <span class='ocrx_word' id='word_1_581' title='bbox 1431 1740 1545 1777; x_wconf 90' lang='grc' dir='ltr'>ἡλιακοῦ</span> <span class='ocrx_word' id='word_1_582' title='bbox 1558 1739 1646 1774; x_wconf 78' lang='grc' dir='ltr'>φωτὸς</span> <span class='ocrx_word' id='word_1_583' title='bbox 1658 1741 1690 1765; x_wconf 82' lang='grc' dir='ltr'>ὲκ</span> <span class='ocrx_word' id='word_1_584' title='bbox 1697 1738 1745 1765; x_wconf 86' lang='grc' dir='ltr'><strong>τοῦ</strong></span> <span class='ocrx_word' id='word_1_585' title='bbox 1759 1738 1835 1764; x_wconf 86' lang='grc' dir='ltr'>λείου</span> 
     </span>
    </p>
   </div>
   <div class='ocr_carea' id='block_1_73' title="bbox 1045 1783 1833 1824">
    <p class='ocr_par' dir='ltr' id='par_1_73' title="bbox 1045 1783 1833 1824">
     <span class='ocr_line' id='line_1_73' title="bbox 1045 1783 1833 1824; baseline -0.01 -6"><span class='ocrx_word' id='word_1_586' title='bbox 1045 1791 1093 1818; x_wconf 77' lang='grc' dir='ltr'>καὶ</span> <span class='ocrx_word' id='word_1_587' title='bbox 1104 1790 1257 1820; x_wconf 76' lang='grc' dir='ltr'>στίλϐοντος</span> <span class='ocrx_word' id='word_1_588' title='bbox 1271 1788 1397 1824; x_wconf 81' lang='grc' dir='ltr'>σώματος</span> <span class='ocrx_word' id='word_1_589' title='bbox 1406 1788 1446 1819; x_wconf 82' lang='grc' dir='ltr'>είς</span> <span class='ocrx_word' id='word_1_590' title='bbox 1456 1786 1488 1814; x_wconf 83' lang='grc' dir='ltr'><strong>τδ</strong></span> <span class='ocrx_word' id='word_1_591' title='bbox 1500 1785 1616 1822; x_wconf 74' lang='grc' dir='ltr'>ἔμπαλιν</span> <span class='ocrx_word' id='word_1_592' title='bbox 1627 1783 1833 1819; x_wconf 80' lang='grc' dir='ltr'>ἀνακλωμένου.</span> 
     </span>
    </p>
   </div>
   <div class='ocr_carea' id='block_1_74' title="bbox 1046 1829 1836 1870">
    <p class='ocr_par' dir='ltr' id='par_1_74' title="bbox 1046 1829 1836 1870">
     <span class='ocr_line' id='line_1_74' title="bbox 1046 1829 1836 1870; baseline -0.01 -8"><span class='ocrx_word' id='word_1_593' title='bbox 1046 1835 1151 1869; x_wconf 82' lang='grc' dir='ltr'>Ὥσπερ</span> <span class='ocrx_word' id='word_1_594' title='bbox 1169 1834 1225 1870; x_wconf 61' lang='lat'><strong>(81)</strong></span> <span class='ocrx_word' id='word_1_595' title='bbox 1248 1835 1302 1866; x_wconf 81' lang='grc' dir='ltr'>τοῖς</span> <span class='ocrx_word' id='word_1_596' title='bbox 1325 1833 1510 1865; x_wconf 79' lang='grc' dir='ltr'>ἀνεξετάστως</span> <span class='ocrx_word' id='word_1_597' title='bbox 1536 1831 1679 1867; x_wconf 78' lang='grc' dir='ltr'>βλέπουσιν</span> <span class='ocrx_word' id='word_1_598' title='bbox 1702 1829 1732 1862; x_wconf 76' lang='grc' dir='ltr'><strong>ἐξ</strong></span> <span class='ocrx_word' id='word_1_599' title='bbox 1748 1829 1836 1864; x_wconf 84' lang='grc' dir='ltr'>αὐτῆς</span> 
     </span>
    </p>
   </div>
   <div class='ocr_carea' id='block_1_75' title="bbox 1045 1874 1835 1916">
    <p class='ocr_par' dir='ltr' id='par_1_75' title="bbox 1045 1874 1835 1916">
     <span class='ocr_line' id='line_1_75' title="bbox 1045 1874 1835 1916; baseline -0.01 -8"><span class='ocrx_word' id='word_1_600' title='bbox 1045 1881 1118 1908; x_wconf 87' lang='grc' dir='ltr'>δοκεῖ</span> <span class='ocrx_word' id='word_1_601' title='bbox 1133 1881 1183 1916; x_wconf 87' lang='grc' dir='ltr'><strong>τῆς</strong></span> <span class='ocrx_word' id='word_1_602' title='bbox 1200 1880 1314 1915; x_wconf 82' lang='grc' dir='ltr'>σελήνης</span> <span class='ocrx_word' id='word_1_603' title='bbox 1328 1876 1398 1905; x_wconf 73' lang='grc' dir='ltr'>εἶναι</span> <span class='ocrx_word' id='word_1_604' title='bbox 1416 1878 1447 1905; x_wconf 84' lang='grc' dir='ltr'><strong>τδ</strong></span> <span class='ocrx_word' id='word_1_605' title='bbox 1464 1877 1576 1912; x_wconf 81' lang='grc' dir='ltr'><strong>φέγγος.</strong></span> <span class='ocrx_word' id='word_1_606' title='bbox 1597 1876 1740 1903; x_wconf 86' lang='grc' dir='ltr'>Δείκνυται</span> <span class='ocrx_word' id='word_1_607' title='bbox 1755 1875 1784 1901; x_wconf 82' lang='grc' dir='ltr'>δὲ</span> <span class='ocrx_word' id='word_1_608' title='bbox 1802 1874 1835 1901; x_wconf 80' lang='grc' dir='ltr'><strong>τὸ</strong></span> 
     </span>
    </p>
   </div>
   <div class='ocr_carea' id='block_1_76' title="bbox 1048 1920 1839 1963">
    <p class='ocr_par' dir='ltr' id='par_1_76' title="bbox 1048 1920 1839 1963">
     <span class='ocr_line' id='line_1_76' title="bbox 1048 1920 1839 1963; baseline -0.01 -10"><span class='ocrx_word' id='word_1_609' title='bbox 1048 1927 1085 1963; x_wconf 83' lang='grc' dir='ltr'>μὴ</span> <span class='ocrx_word' id='word_1_610' title='bbox 1101 1926 1173 1961; x_wconf 73' lang='grc' dir='ltr'>ἔχειν</span> <span class='ocrx_word' id='word_1_611' title='bbox 1189 1925 1244 1960; x_wconf 82' lang='grc'>(85)</span> <span class='ocrx_word' id='word_1_612' title='bbox 1255 1945 1262 1956; x_wconf 95' lang='grc'><strong>,</strong></span> <span class='ocrx_word' id='word_1_613' title='bbox 1275 1924 1315 1951; x_wconf 74' lang='grc' dir='ltr'>ὅτι</span> <span class='ocrx_word' id='word_1_614' title='bbox 1328 1923 1459 1958; x_wconf 81' lang='grc' dir='ltr'>γινομένη</span> <span class='ocrx_word' id='word_1_615' title='bbox 1475 1922 1532 1958; x_wconf 87' lang='grc'>(86)</span> <span class='ocrx_word' id='word_1_616' title='bbox 1559 1922 1608 1957; x_wconf 75' lang='grc' dir='ltr'>μὲν</span> <span class='ocrx_word' id='word_1_617' title='bbox 1626 1920 1839 1955; x_wconf 80' lang='grc' dir='ltr'>ἀντιπρόσωπος</span> 
     </span>
    </p>
   </div>
   <div class='ocr_carea' id='block_1_77' title="bbox 1046 1965 1841 2008">
    <p class='ocr_par' dir='ltr' id='par_1_77' title="bbox 1046 1965 1841 2008">
     <span class='ocr_line' id='line_1_77' title="bbox 1046 1965 1841 2008; baseline -0.011 -9"><span class='ocrx_word' id='word_1_618' title='bbox 1046 1973 1085 2008; x_wconf 81' lang='grc' dir='ltr'>τῷ</span> <span class='ocrx_word' id='word_1_619' title='bbox 1100 1971 1167 2008; x_wconf 84' lang='grc' dir='ltr'>ἡλίῳ</span> <span class='ocrx_word' id='word_1_620' title='bbox 1176 1970 1247 1998; x_wconf 86' lang='grc' dir='ltr'>κατὰ</span> <span class='ocrx_word' id='word_1_621' title='bbox 1261 1970 1407 2006; x_wconf 83' lang='grc' dir='ltr'>διάμετρον</span> <span class='ocrx_word' id='word_1_622' title='bbox 1419 1969 1473 2004; x_wconf 82' lang='grc' dir='ltr'><strong>δλῳ</strong></span> <span class='ocrx_word' id='word_1_623' title='bbox 1486 1968 1526 2004; x_wconf 85' lang='grc' dir='ltr'><strong>τῷ</strong></span> <span class='ocrx_word' id='word_1_624' title='bbox 1536 1967 1605 2002; x_wconf 83' lang='grc' dir='ltr'>πρὸς</span> <span class='ocrx_word' id='word_1_625' title='bbox 1619 1967 1693 2002; x_wconf 83' lang='grc' dir='ltr'>ἡμᾶς</span> <span class='ocrx_word' id='word_1_626' title='bbox 1709 1965 1841 2000; x_wconf 70' lang='grc' dir='ltr'>βλέποντε.</span> 
     </span>
    </p>
   </div>
   <div class='ocr_carea' id='block_1_78' title="bbox 1047 2010 1834 2052">
    <p class='ocr_par' dir='ltr' id='par_1_78' title="bbox 1047 2010 1834 2052">
     <span class='ocr_line' id='line_1_78' title="bbox 1047 2010 1834 2052; baseline -0.011 -7"><span class='ocrx_word' id='word_1_627' title='bbox 1047 2018 1139 2052; x_wconf 85' lang='grc' dir='ltr'>κύκλῳ</span> <span class='ocrx_word' id='word_1_628' title='bbox 1158 2015 1393 2051; x_wconf 74' lang='grc' dir='ltr'>καταφωτίζεται⁶</span> <span class='ocrx_word' id='word_1_629' title='bbox 1416 2015 1446 2040; x_wconf 83' lang='grc' dir='ltr'>ὲν</span> <span class='ocrx_word' id='word_1_630' title='bbox 1463 2012 1624 2040; x_wconf 59' lang='lat' dir='ltr'><strong>summa</strong></span> <span class='ocrx_word' id='word_1_631' title='bbox 1641 2011 1680 2046; x_wconf 88' lang='grc' dir='ltr'>τῷ</span> <span class='ocrx_word' id='word_1_632' title='bbox 1699 2010 1761 2052; x_wconf 62' lang='grc' dir='ltr'>κατ’</span> <span class='ocrx_word' id='word_1_633' title='bbox 1783 2010 1834 2037; x_wconf 83' lang='grc' dir='ltr'><strong>αὐ-</strong></span> 
     </span>
    </p>
   </div>
   <div class='ocr_carea' id='block_1_79' title="bbox 1047 2050 1837 2096">
    <p class='ocr_par' dir='ltr' id='par_1_79' title="bbox 1047 2050 1837 2096">
     <span class='ocr_line' id='line_1_79' title="bbox 1047 2050 1837 2096; baseline -0.01 -9"><span class='ocrx_word' id='word_1_634' title='bbox 1047 2059 1096 2096; x_wconf 82' lang='grc' dir='ltr'>τὴν</span> <span class='ocrx_word' id='word_1_635' title='bbox 1118 2050 1173 2095; x_wconf 85' lang='grc'>(87)</span> <span class='ocrx_word' id='word_1_636' title='bbox 1194 2050 1270 2094; x_wconf 81' lang='grc' dir='ltr'>τόπῳ</span> <span class='ocrx_word' id='word_1_637' title='bbox 1285 2058 1384 2084; x_wconf 77' lang='grc' dir='ltr'>θᾶττον</span> <span class='ocrx_word' id='word_1_638' title='bbox 1403 2055 1537 2092; x_wconf 84' lang='grc' dir='ltr'>περιοῦσα</span> <span class='ocrx_word' id='word_1_639' title='bbox 1553 2054 1610 2090; x_wconf 85' lang='grc'>(88)</span> <span class='ocrx_word' id='word_1_640' title='bbox 1627 2054 1674 2081; x_wconf 79' lang='grc' dir='ltr'><strong>τὸν</strong></span> <span class='ocrx_word' id='word_1_641' title='bbox 1693 2055 1723 2080; x_wconf 78' lang='grc' dir='ltr'>ὲν</span> <span class='ocrx_word' id='word_1_642' title='bbox 1737 2050 1761 2086; x_wconf 83' lang='grc' dir='ltr'>ᾧ</span> <span class='ocrx_word' id='word_1_643' title='bbox 1775 2053 1837 2079; x_wconf 71' lang='grc' dir='ltr'>ἐστι</span> 
     </span>
    </p>
   </div>
   <div class='ocr_carea' id='block_1_80' title="bbox 1048 2099 1837 2139">
    <p class='ocr_par' dir='ltr' id='par_1_80' title="bbox 1048 2099 1837 2139">
     <span class='ocr_line' id='line_1_80' title="bbox 1048 2099 1837 2139; baseline -0.01 -6"><span class='ocrx_word' id='word_1_644' title='bbox 1048 2105 1158 2136; x_wconf 85' lang='grc' dir='ltr'>κύκλον,</span> <span class='ocrx_word' id='word_1_645' title='bbox 1175 2104 1240 2139; x_wconf 76' lang='grc' dir='ltr'>πρὶν</span> <span class='ocrx_word' id='word_1_646' title='bbox 1257 2103 1332 2136; x_wconf 72' lang='grc' dir='ltr'>ἅπαξ</span> <span class='ocrx_word' id='word_1_647' title='bbox 1354 2103 1400 2129; x_wconf 76' lang='grc' dir='ltr'>τὸν</span> <span class='ocrx_word' id='word_1_648' title='bbox 1423 2101 1499 2136; x_wconf 80' lang='grc' dir='ltr'>ἥλιον</span> <span class='ocrx_word' id='word_1_649' title='bbox 1514 2100 1689 2136; x_wconf 84' lang='grc' dir='ltr'>περιοδεῦσαι</span> <span class='ocrx_word' id='word_1_650' title='bbox 1704 2099 1752 2126; x_wconf 77' lang='grc' dir='ltr'><strong>τὸν</strong></span> <span class='ocrx_word' id='word_1_651' title='bbox 1768 2099 1837 2126; x_wconf 82' lang='grc' dir='ltr'>ῖδιον</span> 
     </span>
    </p>
   </div>
   <div class='ocr_carea' id='block_1_81' title="bbox 1048 2144 1839 2186">
    <p class='ocr_par' dir='ltr' id='par_1_81' title="bbox 1048 2144 1839 2186">
     <span class='ocr_line' id='line_1_81' title="bbox 1048 2144 1839 2186; baseline -0.01 -8"><span class='ocrx_word' id='word_1_652' title='bbox 1048 2151 1158 2186; x_wconf 86' lang='grc' dir='ltr'>δρόμον,</span> <span class='ocrx_word' id='word_1_653' title='bbox 1177 2150 1257 2177; x_wconf 86' lang='grc' dir='ltr'>πλέον</span> <span class='ocrx_word' id='word_1_654' title='bbox 1278 2149 1295 2184; x_wconf 79' lang='grc' dir='ltr'><strong>ἢ</strong></span> <span class='ocrx_word' id='word_1_655' title='bbox 1313 2147 1460 2179; x_wconf 79' lang='grc' dir='ltr'>δωδεκάκις</span> <span class='ocrx_word' id='word_1_656' title='bbox 1477 2145 1547 2181; x_wconf 81' lang='grc' dir='ltr'>αὐτὴ</span> <span class='ocrx_word' id='word_1_657' title='bbox 1567 2145 1623 2181; x_wconf 89' lang='lat'><strong>(89)</strong></span> <span class='ocrx_word' id='word_1_658' title='bbox 1641 2145 1688 2172; x_wconf 84' lang='grc' dir='ltr'><strong>τδν</strong></span> <span class='ocrx_word' id='word_1_659' title='bbox 1710 2145 1770 2171; x_wconf 84' lang='grc' dir='ltr'>κατ’</span> <span class='ocrx_word' id='word_1_660' title='bbox 1785 2144 1839 2170; x_wconf 81' lang='grc' dir='ltr'><strong>αὒ-</strong></span> 
     </span>
    </p>
   </div>
   <div class='ocr_carea' id='block_1_82' title="bbox 211 2188 991 2232">
    <p class='ocr_par' dir='ltr' id='par_1_82' title="bbox 211 2193 991 2230">
     <span class='ocr_line' id='line_1_82' title="bbox 211 2193 991 2230; baseline -0.001 -9"><span class='ocrx_word' id='word_1_661' title='bbox 211 2193 315 2221; x_wconf 88' lang='lat' dir='ltr'><strong>circulo</strong></span> <span class='ocrx_word' id='word_1_662' title='bbox 341 2193 369 2221; x_wconf 91' lang='lat' dir='ltr'><strong>in</strong></span> <span class='ocrx_word' id='word_1_663' title='bbox 392 2201 448 2229; x_wconf 84' lang='lat' dir='ltr'><strong>quo</strong></span> <span class='ocrx_word' id='word_1_664' title='bbox 479 2198 615 2227; x_wconf 86' lang='lat' dir='ltr'><strong>versatur,</strong></span> <span class='ocrx_word' id='word_1_665' title='bbox 650 2195 811 2230; x_wconf 88' lang='lat' dir='ltr'><strong>priusquam</strong></span> <span class='ocrx_word' id='word_1_666' title='bbox 839 2194 880 2222; x_wconf 88' lang='lat' dir='ltr'><strong>sol</strong></span> <span class='ocrx_word' id='word_1_667' title='bbox 912 2193 991 2222; x_wconf 73' lang='lat' dir='ltr'><strong>seme‘</strong></span> 
     </span>
    </p>
   </div>
   <div class='ocr_carea' id='block_1_83' title="bbox 1043 2188 1838 2232">
    <p class='ocr_par' dir='ltr' id='par_1_83' title="bbox 1049 2188 1838 2232">
     <span class='ocr_line' id='line_1_83' title="bbox 1049 2188 1838 2232; baseline -0.011 -9"><span class='ocrx_word' id='word_1_668' title='bbox 1049 2196 1099 2232; x_wconf 75' lang='grc' dir='ltr'><strong>τὴν</strong></span> <span class='ocrx_word' id='word_1_669' title='bbox 1115 2195 1170 2230; x_wconf 89' lang='grc'>(90)</span> <span class='ocrx_word' id='word_1_670' title='bbox 1185 2194 1372 2231; x_wconf 81' lang='grc' dir='ltr'>περιέρχεται.</span> <span class='ocrx_word' id='word_1_671' title='bbox 1387 2191 1433 2219; x_wconf 79' lang='grc' dir='ltr'><strong>Διὸ</strong></span> <span class='ocrx_word' id='word_1_672' title='bbox 1449 2191 1592 2228; x_wconf 66' lang='grc' dir='ltr'>συμϐαίνει</span> <span class='ocrx_word' id='word_1_673' title='bbox 1613 2190 1652 2227; x_wconf 82' lang='grc' dir='ltr'>μὴ</span> <span class='ocrx_word' id='word_1_674' title='bbox 1670 2190 1714 2217; x_wconf 82' lang='grc' dir='ltr'><strong>ἀεὶ</strong></span> <span class='ocrx_word' id='word_1_675' title='bbox 1727 2188 1838 2225; x_wconf 83' lang='grc' dir='ltr'>πεπλη-</span> 
     </span>
    </p>
   </div>
   <div class='ocr_carea' id='block_1_84' title="bbox 248 2292 654 2328">
    <p class='ocr_par' dir='ltr' id='par_1_84' title="bbox 248 2292 654 2328">
     <span class='ocr_line' id='line_1_84' title="bbox 248 2292 654 2328; baseline -0.002 -9"><span class='ocrx_word' id='word_1_676' title='bbox 248 2292 304 2328; x_wconf 76' lang='grc'>(69)</span> <span class='ocrx_word' id='word_1_677' title='bbox 331 2292 361 2319; x_wconf 84' lang='grc' dir='ltr'><em>Ἡ</em></span> <span class='ocrx_word' id='word_1_678' title='bbox 375 2293 462 2328; x_wconf 72' lang='grc' dir='ltr'>ἀκοή.</span> <span class='ocrx_word' id='word_1_679' title='bbox 480 2293 502 2319; x_wconf 79' lang='grc' dir='ltr'><strong>Α</strong></span> <span class='ocrx_word' id='word_1_680' title='bbox 516 2293 562 2319; x_wconf 71' lang='grc' dir='ltr'>καὶ</span> <span class='ocrx_word' id='word_1_681' title='bbox 575 2293 654 2328; x_wconf 82' lang='grc' dir='ltr'>ἀκοή.</span> 
     </span>
    </p>
   </div>
   <div class='ocr_carea' id='block_1_85' title="bbox 249 2327 665 2362">
    <p class='ocr_par' dir='ltr' id='par_1_85' title="bbox 249 2327 665 2362">
     <span class='ocr_line' id='line_1_85' title="bbox 249 2327 665 2362; baseline 0.002 -9"><span class='ocrx_word' id='word_1_682' title='bbox 249 2327 306 2362; x_wconf 88' lang='grc'>(70)</span> <span class='ocrx_word' id='word_1_683' title='bbox 325 2327 456 2362; x_wconf 81' lang='grc' dir='ltr'>Μυκτήρ.</span> <span class='ocrx_word' id='word_1_684' title='bbox 474 2329 497 2354; x_wconf 80' lang='grc' dir='ltr'><strong>Δ</strong></span> <span class='ocrx_word' id='word_1_685' title='bbox 513 2329 535 2355; x_wconf 86' lang='grc' dir='ltr'><strong>ὁ·</strong></span> <span class='ocrx_word' id='word_1_686' title='bbox 547 2328 665 2362; x_wconf 85' lang='grc' dir='ltr'>μυκτὴρ.</span> 
     </span>
    </p>
   </div>
   <div class='ocr_carea' id='block_1_86' title="bbox 262 2362 798 2396">
    <p class='ocr_par' dir='ltr' id='par_1_86' title="bbox 262 2362 798 2396">
     <span class='ocr_line' id='line_1_86' title="bbox 262 2362 798 2396; baseline -0.004 -7"><span class='ocrx_word' id='word_1_687' title='bbox 262 2362 305 2396; x_wconf 74' lang='grc'>71)</span> <span class='ocrx_word' id='word_1_688' title='bbox 331 2362 554 2396; x_wconf 67' lang='grc' dir='ltr'>Ἂληθέστατον.</span> <span class='ocrx_word' id='word_1_689' title='bbox 570 2363 591 2388; x_wconf 85' lang='grc' dir='ltr'>Β</span> <span class='ocrx_word' id='word_1_690' title='bbox 609 2362 798 2396; x_wconf 80' lang='grc' dir='ltr'>ἀληθέστερον.</span> 
     </span>
    </p>
   </div>
   <div class='ocr_carea' id='block_1_87' title="bbox 264 2394 1002 2430">
    <p class='ocr_par' dir='ltr' id='par_1_87' title="bbox 264 2394 1002 2430">
     <span class='ocr_line' id='line_1_87' title="bbox 264 2394 1002 2430; baseline -0.001 -7"><span class='ocrx_word' id='word_1_691' title='bbox 264 2394 307 2430; x_wconf 75' lang='grc'>72)</span> <span class='ocrx_word' id='word_1_692' title='bbox 329 2394 475 2424; x_wconf 70' lang='grc' dir='ltr'><strong>Τὸν’νοῦν</strong></span> <span class='ocrx_word' id='word_1_693' title='bbox 487 2397 603 2424; x_wconf 76' lang='grc' dir='ltr'>εἶναι’τ.</span> <span class='ocrx_word' id='word_1_694' title='bbox 629 2394 752 2430; x_wconf 65' lang='grc' dir='ltr'><strong>όρῶνταζ</strong></span> <span class='ocrx_word' id='word_1_695' title='bbox 778 2396 808 2423; x_wconf 92' lang='lat' dir='ltr'><strong>lu</strong></span> <span class='ocrx_word' id='word_1_696' title='bbox 829 2395 904 2423; x_wconf 90' lang='lat' dir='ltr'><strong>calce</strong></span> <span class='ocrx_word' id='word_1_697' title='bbox 929 2394 1002 2422; x_wconf 85' lang='lat' dir='ltr'><strong>codi-</strong></span> 
     </span>
    </p>
   </div>
   <div class='ocr_carea' id='block_1_88' title="bbox 215 2429 768 2466">
    <p class='ocr_par' dir='ltr' id='par_1_88' title="bbox 215 2429 768 2466">
     <span class='ocr_line' id='line_1_88' title="bbox 215 2429 768 2466; baseline -0.004 -7"><span class='ocrx_word' id='word_1_698' title='bbox 215 2429 259 2460; x_wconf 73' lang='lat' dir='ltr'><strong>cis</strong></span> <span class='ocrx_word' id='word_1_699' title='bbox 267 2431 289 2457; x_wconf 82' lang='lat' dir='ltr'><strong>A</strong></span> <span class='ocrx_word' id='word_1_700' title='bbox 300 2429 338 2458; x_wconf 86' lang='lat' dir='ltr'><strong>ita</strong></span> <span class='ocrx_word' id='word_1_701' title='bbox 352 2440 359 2459; x_wconf 86' lang='lat'>:</span> <span class='ocrx_word' id='word_1_702' title='bbox 373 2431 448 2466; x_wconf 77' lang='grc' dir='ltr'>οἶμαι</span> <span class='ocrx_word' id='word_1_703' title='bbox 461 2431 506 2458; x_wconf 86' lang='grc' dir='ltr'><strong>τδν</strong></span> <span class='ocrx_word' id='word_1_704' title='bbox 521 2429 675 2466; x_wconf 72' lang='grc' dir='ltr'>Μένανδρον</span> <span class='ocrx_word' id='word_1_705' title='bbox 690 2429 768 2458; x_wconf 79' lang='grc' dir='ltr'>εἶναι.</span> 
     </span>
    </p>
   </div>
   <div class='ocr_carea' id='block_1_89' title="bbox 251 2465 816 2501">
    <p class='ocr_par' dir='ltr' id='par_1_89' title="bbox 251 2465 816 2501">
     <span class='ocr_line' id='line_1_89' title="bbox 251 2465 816 2501; baseline -0.002 -9"><span class='ocrx_word' id='word_1_706' title='bbox 251 2465 307 2501; x_wconf 65' lang='grc'>(75)</span> <span class='ocrx_word' id='word_1_707' title='bbox 331 2465 419 2494; x_wconf 67' lang='grc' dir='ltr'>Τοῦτο</span> <span class='ocrx_word' id='word_1_708' title='bbox 434 2466 499 2499; x_wconf 82' lang='grc' dir='ltr'>δοίη</span> <span class='ocrx_word' id='word_1_709' title='bbox 517 2475 572 2499; x_wconf 84' lang='grc' dir='ltr'>τις.</span> <span class='ocrx_word' id='word_1_710' title='bbox 587 2465 648 2501; x_wconf 85' lang='grc' dir='ltr'>Δοίη</span> <span class='ocrx_word' id='word_1_711' title='bbox 668 2475 707 2498; x_wconf 90' lang='grc' dir='ltr'>τις</span> <span class='ocrx_word' id='word_1_712' title='bbox 727 2466 816 2492; x_wconf 83' lang='grc' dir='ltr'>τοῦτο.</span> 
     </span>
    </p>
   </div>
   <div class='ocr_carea' id='block_1_90' title="bbox 254 2498 1001 2536">
    <p class='ocr_par' dir='ltr' id='par_1_90' title="bbox 254 2498 1001 2536">
     <span class='ocr_line' id='line_1_90' title="bbox 254 2498 1001 2536; baseline -0.001 -9"><span class='ocrx_word' id='word_1_713' title='bbox 254 2498 310 2536; x_wconf 75' lang='grc'>(74)</span> <span class='ocrx_word' id='word_1_714' title='bbox 324 2498 529 2536; x_wconf 21' lang='grc' dir='ltr'><strong>ν’Υπερόαλέῖν</strong></span> <span class='ocrx_word' id='word_1_715' title='bbox 551 2498 705 2529; x_wconf 53' lang='lat' dir='ltr'><strong>stolidam.</strong></span> <span class='ocrx_word' id='word_1_716' title='bbox 732 2501 755 2527; x_wconf 78' lang='grc' dir='ltr'>Α</span> <span class='ocrx_word' id='word_1_717' title='bbox 784 2501 803 2526; x_wconf 85' lang='grc' dir='ltr'>Β</span> <span class='ocrx_word' id='word_1_718' title='bbox 822 2498 1001 2534; x_wconf 79' lang='grc' dir='ltr'>ὑπερϐάλλειν</span> 
     </span>
    </p>
   </div>
   <div class='ocr_carea' id='block_1_91' title="bbox 216 2535 434 2562">
    <p class='ocr_par' dir='ltr' id='par_1_91' title="bbox 216 2535 434 2562">
     <span class='ocr_line' id='line_1_91' title="bbox 216 2535 434 2562; baseline 0.005 -1"><span class='ocrx_word' id='word_1_719' title='bbox 216 2535 434 2562; x_wconf 75' lang='grc' dir='ltr'>πολλαπλασίονι.</span> 
     </span>
    </p>
   </div>
   <div class='ocr_carea' id='block_1_92' title="bbox 265 2570 963 2606">
    <p class='ocr_par' dir='ltr' id='par_1_92' title="bbox 265 2570 963 2606">
     <span class='ocr_line' id='line_1_92' title="bbox 265 2570 963 2606; baseline 0.003 -10"><span class='ocrx_word' id='word_1_720' title='bbox 265 2570 309 2600; x_wconf 85' lang='grc'>75)</span> <span class='ocrx_word' id='word_1_721' title='bbox 336 2570 531 2606; x_wconf 73' lang='grc' dir='ltr'>Ἀποςραίνων.</span> <span class='ocrx_word' id='word_1_722' title='bbox 547 2571 569 2597; x_wconf 76' lang='grc' dir='ltr'><strong>Δ</strong></span> <span class='ocrx_word' id='word_1_723' title='bbox 584 2570 738 2606; x_wconf 56' lang='grc' dir='ltr'><strong>ἀποφαίνῃἒ</strong></span> <span class='ocrx_word' id='word_1_724' title='bbox 753 2571 773 2606; x_wconf 79' lang='grc' dir='ltr'><strong><em>Β</em></strong></span> <span class='ocrx_word' id='word_1_725' title='bbox 785 2570 963 2606; x_wconf 77' lang='grc' dir='ltr'>ἁποφαίνητο.</span> 
     </span>
    </p>
   </div>
   <div class='ocr_carea' id='block_1_93' title="bbox 264 2604 1001 2640">
    <p class='ocr_par' dir='ltr' id='par_1_93' title="bbox 264 2604 1001 2640">
     <span class='ocr_line' id='line_1_93' title="bbox 264 2604 1001 2640; baseline 0 -8"><span class='ocrx_word' id='word_1_726' title='bbox 264 2605 310 2638; x_wconf 87' lang='grc'><strong>76)</strong></span> <span class='ocrx_word' id='word_1_727' title='bbox 330 2605 475 2640; x_wconf 73' lang='grc' dir='ltr'>Σελήνης.</span> <span class='ocrx_word' id='word_1_728' title='bbox 490 2605 531 2640; x_wconf 19' lang='grc' dir='ltr'>ῨΙιι</span> <span class='ocrx_word' id='word_1_729' title='bbox 557 2606 677 2640; x_wconf 88' lang='lat' dir='ltr'><strong>margine</strong></span> <span class='ocrx_word' id='word_1_730' title='bbox 694 2604 740 2631; x_wconf 76' lang='grc' dir='ltr'><strong>τοῦ</strong></span> <span class='ocrx_word' id='word_1_731' title='bbox 758 2605 778 2631; x_wconf 82' lang='grc' dir='ltr'>Α</span> <span class='ocrx_word' id='word_1_732' title='bbox 794 2605 891 2640; x_wconf 82' lang='lat' dir='ltr'><strong>scliolii</strong></span> <span class='ocrx_word' id='word_1_733' title='bbox 915 2604 975 2633; x_wconf 85' lang='lat' dir='ltr'><strong>loco</strong></span> <span class='ocrx_word' id='word_1_734' title='bbox 993 2612 1001 2632; x_wconf 87' lang='lat'><strong>:</strong></span> 
     </span>
    </p>
   </div>
   <div class='ocr_carea' id='block_1_94' title="bbox 225 2639 1004 2680">
    <p class='ocr_par' dir='ltr' id='par_1_94' title="bbox 225 2639 1004 2680">
     <span class='ocr_line' id='line_1_94' title="bbox 225 2639 1004 2680; baseline -0.001 -13"><span class='ocrx_word' id='word_1_735' title='bbox 225 2639 401 2680; x_wconf 74' lang='grc' dir='ltr'>Ἐπείσακτον</span> <span class='ocrx_word' id='word_1_736' title='bbox 414 2639 446 2666; x_wconf 78' lang='grc' dir='ltr'>ὲκ</span> <span class='ocrx_word' id='word_1_737' title='bbox 456 2639 502 2680; x_wconf 68' lang='grc' dir='ltr'><strong>τοῦ</strong></span> <span class='ocrx_word' id='word_1_738' title='bbox 515 2639 591 2680; x_wconf 68' lang='grc' dir='ltr'>ᾑλςου</span> <span class='ocrx_word' id='word_1_739' title='bbox 606 2640 637 2680; x_wconf 53' lang='lat' dir='ltr'><strong>se</strong></span> <span class='ocrx_word' id='word_1_740' title='bbox 654 2640 712 2674; x_wconf 85' lang='grc' dir='ltr'><strong>φῶς</strong></span> <span class='ocrx_word' id='word_1_741' title='bbox 727 2641 744 2674; x_wconf 83' lang='grc' dir='ltr'><strong>ἡ</strong></span> <span class='ocrx_word' id='word_1_742' title='bbox 767 2639 865 2680; x_wconf 65' lang='grc' dir='ltr'>σελήνη</span> <span class='ocrx_word' id='word_1_743' title='bbox 880 2639 1004 2680; x_wconf 48' lang='grc' dir='ltr'>ἕχει-καὶ</span> 
     </span>
    </p>
   </div>
   <div class='ocr_carea' id='block_1_95' title="bbox 219 2674 1005 2748">
    <p class='ocr_par' dir='ltr' id='par_1_95' title="bbox 219 2674 1005 2748">
     <span class='ocr_line' id='line_1_95' title="bbox 219 2674 1003 2709; baseline 0 -8"><span class='ocrx_word' id='word_1_744' title='bbox 219 2674 372 2709; x_wconf 84' lang='grc' dir='ltr'>προσγείως</span> <span class='ocrx_word' id='word_1_745' title='bbox 385 2675 533 2709; x_wconf 85' lang='grc' dir='ltr'>περιπολεῖ.</span> <span class='ocrx_word' id='word_1_746' title='bbox 553 2674 581 2700; x_wconf 93' lang='lat' dir='ltr'><strong>In</strong></span> <span class='ocrx_word' id='word_1_747' title='bbox 594 2675 669 2701; x_wconf 79' lang='lat' dir='ltr'><strong>calce</strong></span> <span class='ocrx_word' id='word_1_748' title='bbox 683 2680 745 2701; x_wconf 86' lang='lat' dir='ltr'><strong>vero</strong></span> <span class='ocrx_word' id='word_1_749' title='bbox 759 2674 882 2708; x_wconf 85' lang='lat' dir='ltr'><strong>ejusdem</strong></span> <span class='ocrx_word' id='word_1_750' title='bbox 895 2674 1003 2702; x_wconf 59' lang='lat' dir='ltr'><strong>codicis</strong></span> 
     </span>
     <span class='ocr_line' id='line_1_96' title="bbox 219 2709 1005 2748; baseline 0.001 -13"><span class='ocrx_word' id='word_1_751' title='bbox 219 2709 314 2748; x_wconf 73' lang='lat' dir='ltr'><strong>eadem</strong></span> <span class='ocrx_word' id='word_1_752' title='bbox 334 2709 393 2748; x_wconf 75' lang='lat' dir='ltr'><strong>fere</strong></span> <span class='ocrx_word' id='word_1_753' title='bbox 412 2709 578 2748; x_wconf 62' lang='lat' dir='ltr'><strong>observatio,</strong></span> <span class='ocrx_word' id='word_1_754' title='bbox 598 2709 719 2748; x_wconf 68' lang='grc' dir='ltr'><strong>ιιιιιιιιιὶεΔ</strong></span> <span class='ocrx_word' id='word_1_755' title='bbox 731 2709 930 2748; x_wconf 69' lang='lat' dir='ltr'><strong>aliquantulum</strong></span> <span class='ocrx_word' id='word_1_756' title='bbox 943 2717 1005 2737; x_wconf 85' lang='lat' dir='ltr'><strong>ver-</strong></span> 
     </span>
    </p>
   </div>
   <div class='ocr_carea' id='block_1_96' title="bbox 221 2743 1006 2779">
    <p class='ocr_par' dir='ltr' id='par_1_96' title="bbox 221 2743 1006 2779">
     <span class='ocr_line' id='line_1_97' title="bbox 221 2743 1006 2779; baseline 0 -9"><span class='ocrx_word' id='word_1_757' title='bbox 221 2743 273 2779; x_wconf 76' lang='lat' dir='ltr'><strong>bis,</strong></span> <span class='ocrx_word' id='word_1_758' title='bbox 291 2743 458 2779; x_wconf 17' lang='lat' dir='ltr'><strong>recnrritrita</strong></span> <span class='ocrx_word' id='word_1_759' title='bbox 472 2751 478 2770; x_wconf 90' lang='lat'><strong>:</strong></span> <span class='ocrx_word' id='word_1_760' title='bbox 492 2744 647 2779; x_wconf 82' lang='grc' dir='ltr'>Σημείωσαι</span> <span class='ocrx_word' id='word_1_761' title='bbox 660 2744 725 2779; x_wconf 75' lang='grc' dir='ltr'>περὶ</span> <span class='ocrx_word' id='word_1_762' title='bbox 738 2744 860 2779; x_wconf 83' lang='grc' dir='ltr'>σελήνης,</span> <span class='ocrx_word' id='word_1_763' title='bbox 874 2745 915 2779; x_wconf 67' lang='grc' dir='ltr'>ὅτι</span> <span class='ocrx_word' id='word_1_764' title='bbox 925 2752 1006 2779; x_wconf 81' lang='grc' dir='ltr'>προσ-</span> 
     </span>
    </p>
   </div>
   <div class='ocr_carea' id='block_1_97' title="bbox 219 2777 1005 2821">
    <p class='ocr_par' dir='ltr' id='par_1_97' title="bbox 219 2777 1005 2821">
     <span class='ocr_line' id='line_1_98' title="bbox 219 2777 1005 2821; baseline 0.001 -18"><span class='ocrx_word' id='word_1_765' title='bbox 219 2777 301 2821; x_wconf 49' lang='grc' dir='ltr'>τείως</span> <span class='ocrx_word' id='word_1_766' title='bbox 311 2778 463 2821; x_wconf 70' lang='grc' dir='ltr'>περιπολεῖ.</span> <span class='ocrx_word' id='word_1_767' title='bbox 487 2777 539 2821; x_wconf 54' lang='grc' dir='ltr'>Ἐν</span> <span class='ocrx_word' id='word_1_768' title='bbox 550 2779 604 2821; x_wconf 61' lang='grc' dir='ltr'><strong>γὰρ</strong></span> <span class='ocrx_word' id='word_1_769' title='bbox 621 2779 655 2814; x_wconf 80' lang='grc' dir='ltr'><strong>τῇ</strong></span> <span class='ocrx_word' id='word_1_770' title='bbox 673 2777 802 2821; x_wconf 51' lang='grc' dir='ltr'>ἐνδοτὲρᾳξ</span> <span class='ocrx_word' id='word_1_771' title='bbox 814 2777 925 2821; x_wconf 34' lang='lat' dir='ltr'><strong>(culpa,</strong></span> <span class='ocrx_word' id='word_1_772' title='bbox 944 2777 1005 2813; x_wconf 77' lang='grc' dir='ltr'>ἥτις</span> 
     </span>
    </p>
   </div>
   <div class='ocr_carea' id='block_1_98' title="bbox 220 2812 1006 2872">
    <p class='ocr_par' dir='ltr' id='par_1_98' title="bbox 220 2812 1006 2872">
     <span class='ocr_line' id='line_1_99' title="bbox 220 2812 1006 2872; baseline -0.001 -33"><span class='ocrx_word' id='word_1_773' title='bbox 220 2812 426 2872; x_wconf 50' lang='grc' dir='ltr'>ἱεροσγειοτέρα,</span> <span class='ocrx_word' id='word_1_774' title='bbox 461 2814 542 2847; x_wconf 68' lang='grc' dir='ltr'>φασιν</span> <span class='ocrx_word' id='word_1_775' title='bbox 567 2812 709 2840; x_wconf 54' lang='grc' dir='ltr'>εἶναικαὶ</span> <span class='ocrx_word' id='word_1_776' title='bbox 733 2812 864 2840; x_wconf 81' lang='grc' dir='ltr'>κινεῖσθαι</span> <span class='ocrx_word' id='word_1_777' title='bbox 881 2812 937 2848; x_wconf 69' lang='grc' dir='ltr'>’τὴν</span> <span class='ocrx_word' id='word_1_778' title='bbox 955 2812 1006 2839; x_wconf 57' lang='grc' dir='ltr'>⁷σε-</span> 
     </span>
     <span class='ocr_line' id='line_1_100' title="bbox 237 2856 305 2872; baseline 0 0"><span class='ocrx_word' id='word_1_779' title='bbox 237 2856 305 2872; x_wconf 79' lang='lat' dir='ltr'><strong>nvnv</strong></span> 
     </span>
    </p>
   </div>
   <div class='ocr_carea' id='block_1_99' title="bbox 237 2856 305 2882">
    <p class='ocr_par' dir='ltr' id='par_1_99' title="bbox 237 2856 305 2882">
     <span class='ocr_line' id='line_1_101' title="bbox 237 2856 305 2882; baseline 0 0"><span class='ocrx_word' id='word_1_780' title='bbox 237 2856 305 2882; x_wconf 83' lang='grc' dir='ltr'>ηνην</span> 
     </span>
    </p>
   </div>
   <div class='ocr_carea' id='block_1_100' title="bbox 1095 2293 1481 2329">
    <p class='ocr_par' dir='ltr' id='par_1_100' title="bbox 1095 2293 1481 2329">
     <span class='ocr_line' id='line_1_102' title="bbox 1095 2293 1481 2329; baseline -0.005 -8"><span class='ocrx_word' id='word_1_781' title='bbox 1095 2295 1140 2329; x_wconf 87' lang='grc'><strong>77)</strong></span> <span class='ocrx_word' id='word_1_782' title='bbox 1160 2295 1308 2322; x_wconf 78' lang='grc' dir='ltr'>Διδάσκει.</span> <span class='ocrx_word' id='word_1_783' title='bbox 1323 2293 1345 2320; x_wconf 85' lang='grc' dir='ltr'>Β</span> <span class='ocrx_word' id='word_1_784' title='bbox 1358 2293 1481 2329; x_wconf 73' lang='grc' dir='ltr'>διδάσκῃ.</span> 
     </span>
    </p>
   </div>
   <div class='ocr_carea' id='block_1_101' title="bbox 1098 2328 1573 2365">
    <p class='ocr_par' dir='ltr' id='par_1_101' title="bbox 1098 2328 1573 2365">
     <span class='ocr_line' id='line_1_103' title="bbox 1098 2328 1573 2365; baseline -0.011 -8"><span class='ocrx_word' id='word_1_785' title='bbox 1098 2330 1143 2365; x_wconf 90' lang='grc'>78)</span> <span class='ocrx_word' id='word_1_786' title='bbox 1163 2328 1406 2365; x_wconf 47' lang='grc' dir='ltr'>ΣχημάτωνηᾼΒ</span> <span class='ocrx_word' id='word_1_787' title='bbox 1425 2328 1573 2362; x_wconf 83' lang='grc' dir='ltr'>σχήματος.</span> 
     </span>
    </p>
   </div>
   <div class='ocr_carea' id='block_1_102' title="bbox 1098 2363 1472 2399">
    <p class='ocr_par' dir='ltr' id='par_1_102' title="bbox 1098 2363 1472 2399">
     <span class='ocr_line' id='line_1_104' title="bbox 1098 2363 1472 2399; baseline -0.011 -7"><span class='ocrx_word' id='word_1_788' title='bbox 1098 2363 1141 2397; x_wconf 86' lang='grc'><strong>79)</strong></span> <span class='ocrx_word' id='word_1_789' title='bbox 1161 2363 1285 2399; x_wconf 66' lang='grc' dir='ltr'>Λάμπει.</span> <span class='ocrx_word' id='word_1_790' title='bbox 1307 2364 1329 2390; x_wconf 81' lang='grc' dir='ltr'><strong>Δ</strong></span> <span class='ocrx_word' id='word_1_791' title='bbox 1345 2363 1472 2399; x_wconf 68' lang='grc' dir='ltr'>λάμπειν.</span> 
     </span>
    </p>
   </div>
   <div class='ocr_carea' id='block_1_103' title="bbox 1098 2398 1401 2433">
    <p class='ocr_par' dir='ltr' id='par_1_103' title="bbox 1098 2398 1401 2433">
     <span class='ocr_line' id='line_1_105' title="bbox 1098 2398 1401 2433; baseline -0.003 -7"><span class='ocrx_word' id='word_1_792' title='bbox 1098 2399 1143 2433; x_wconf 87' lang='grc'><strong>80)</strong></span> <span class='ocrx_word' id='word_1_793' title='bbox 1163 2398 1209 2427; x_wconf 68' lang='grc' dir='ltr'><strong>Δέ.</strong></span> <span class='ocrx_word' id='word_1_794' title='bbox 1227 2400 1249 2426; x_wconf 87' lang='grc' dir='ltr'><strong>Β</strong></span> <span class='ocrx_word' id='word_1_795' title='bbox 1263 2399 1291 2425; x_wconf 69' lang='grc' dir='ltr'>δὲ</span> <span class='ocrx_word' id='word_1_796' title='bbox 1305 2398 1401 2433; x_wconf 84' lang='grc' dir='ltr'>αὑτήν.</span> 
     </span>
    </p>
   </div>
   <div class='ocr_carea' id='block_1_104' title="bbox 1087 2428 1842 2469">
    <p class='ocr_par' dir='ltr' id='par_1_104' title="bbox 1087 2428 1842 2469">
     <span class='ocr_line' id='line_1_106' title="bbox 1087 2428 1842 2469; baseline -0.008 -8"><span class='ocrx_word' id='word_1_797' title='bbox 1087 2428 1143 2469; x_wconf 80' lang='grc'>(81)</span> <span class='ocrx_word' id='word_1_798' title='bbox 1162 2433 1343 2469; x_wconf 55' lang='lat' dir='ltr'><strong>aspexerat,</strong></span> <span class='ocrx_word' id='word_1_799' title='bbox 1357 2428 1410 2469; x_wconf 59' lang='grc' dir='ltr'>ξιτ.</span> <span class='ocrx_word' id='word_1_800' title='bbox 1421 2432 1444 2459; x_wconf 79' lang='grc' dir='ltr'><strong>Δ</strong></span> <span class='ocrx_word' id='word_1_801' title='bbox 1462 2431 1583 2466; x_wconf 79' lang='grc' dir='ltr'>πέφυκεν</span> <span class='ocrx_word' id='word_1_802' title='bbox 1592 2437 1600 2446; x_wconf 90' lang='grc'><strong>·</strong></span> <span class='ocrx_word' id='word_1_803' title='bbox 1614 2429 1633 2458; x_wconf 70' lang='grc' dir='ltr'>ἃ.</span> <span class='ocrx_word' id='word_1_804' title='bbox 1645 2429 1692 2457; x_wconf 83' lang='grc' dir='ltr'><strong>τοῦ</strong></span> <span class='ocrx_word' id='word_1_805' title='bbox 1703 2428 1780 2465; x_wconf 83' lang='grc' dir='ltr'>ἡλίου</span> <span class='ocrx_word' id='word_1_806' title='bbox 1796 2430 1842 2464; x_wconf 69' lang='grc' dir='ltr'><strong>ἐφ’</strong></span> 
     </span>
    </p>
   </div>
   <div class='ocr_carea' id='block_1_105' title="bbox 1051 2467 1384 2502">
    <p class='ocr_par' dir='ltr' id='par_1_105' title="bbox 1051 2467 1384 2502">
     <span class='ocr_line' id='line_1_107' title="bbox 1051 2467 1384 2502; baseline -0.006 -6"><span class='ocrx_word' id='word_1_807' title='bbox 1051 2467 1164 2496; x_wconf 77' lang='grc' dir='ltr'>ἑαυτῶν.</span> <span class='ocrx_word' id='word_1_808' title='bbox 1182 2467 1210 2494; x_wconf 55' lang='grc' dir='ltr'><strong>Β⁷</strong></span> <span class='ocrx_word' id='word_1_809' title='bbox 1218 2468 1339 2502; x_wconf 81' lang='grc' dir='ltr'>πέφυκεν</span> <span class='ocrx_word' id='word_1_810' title='bbox 1357 2467 1384 2494; x_wconf 72' lang='grc' dir='ltr'>ἃ.</span> 
     </span>
    </p>
   </div>
   <div class='ocr_carea' id='block_1_106' title="bbox 1087 2503 1355 2538">
    <p class='ocr_par' dir='ltr' id='par_1_106' title="bbox 1087 2503 1355 2538">
     <span class='ocr_line' id='line_1_108' title="bbox 1087 2503 1355 2538; baseline -0.007 -8"><span class='ocrx_word' id='word_1_811' title='bbox 1087 2503 1142 2538; x_wconf 72' lang='grc'>(82)</span> <span class='ocrx_word' id='word_1_812' title='bbox 1164 2504 1225 2530; x_wconf 77' lang='grc' dir='ltr'><strong>οὺχ</strong></span> <span class='ocrx_word' id='word_1_813' title='bbox 1239 2503 1313 2538; x_wconf 78' lang='lat' dir='ltr'><strong>deest</strong></span> <span class='ocrx_word' id='word_1_814' title='bbox 1325 2503 1355 2528; x_wconf 90' lang='grc' dir='ltr'>Β.</span> 
     </span>
    </p>
   </div>
   <div class='ocr_carea' id='block_1_107' title="bbox 1088 2537 1402 2572">
    <p class='ocr_par' dir='ltr' id='par_1_107' title="bbox 1088 2537 1402 2572">
     <span class='ocr_line' id='line_1_109' title="bbox 1088 2537 1402 2572; baseline -0.01 -7"><span class='ocrx_word' id='word_1_815' title='bbox 1088 2538 1145 2572; x_wconf 79' lang='grc'>(85)</span> <span class='ocrx_word' id='word_1_816' title='bbox 1171 2537 1264 2564; x_wconf 72' lang='grc' dir='ltr'><strong>Ἀλλά</strong></span> <span class='ocrx_word' id='word_1_817' title='bbox 1280 2537 1357 2564; x_wconf 80' lang='lat' dir='ltr'><strong>deest</strong></span> <span class='ocrx_word' id='word_1_818' title='bbox 1369 2537 1402 2563; x_wconf 87' lang='grc' dir='ltr'><strong>Β.</strong></span> 
     </span>
    </p>
   </div>
   <div class='ocr_carea' id='block_1_108' title="bbox 1089 2571 1417 2606">
    <p class='ocr_par' dir='ltr' id='par_1_108' title="bbox 1089 2571 1417 2606">
     <span class='ocr_line' id='line_1_110' title="bbox 1089 2571 1417 2606; baseline -0.012 -6"><span class='ocrx_word' id='word_1_819' title='bbox 1089 2573 1145 2606; x_wconf 67' lang='grc'>(84)</span> <span class='ocrx_word' id='word_1_820' title='bbox 1164 2573 1288 2606; x_wconf 76' lang='grc' dir='ltr'>Ὥσπερ.</span> <span class='ocrx_word' id='word_1_821' title='bbox 1305 2573 1327 2598; x_wconf 75' lang='grc' dir='ltr'><strong>Δ</strong></span> <span class='ocrx_word' id='word_1_822' title='bbox 1339 2571 1417 2606; x_wconf 86' lang='grc' dir='ltr'>ὅπερ.</span> 
     </span>
    </p>
   </div>
   <div class='ocr_carea' id='block_1_109' title="bbox 1099 2603 1638 2641">
    <p class='ocr_par' dir='ltr' id='par_1_109' title="bbox 1099 2603 1638 2641">
     <span class='ocr_line' id='line_1_111' title="bbox 1099 2603 1638 2641; baseline -0.007 -7"><span class='ocrx_word' id='word_1_823' title='bbox 1099 2603 1143 2641; x_wconf 76' lang='grc'>85)</span> <span class='ocrx_word' id='word_1_824' title='bbox 1163 2607 1211 2641; x_wconf 84' lang='grc' dir='ltr'><strong>Μὴ</strong></span> <span class='ocrx_word' id='word_1_825' title='bbox 1225 2603 1316 2641; x_wconf 66' lang='grc' dir='ltr'>ἔχειν.</span> <span class='ocrx_word' id='word_1_826' title='bbox 1335 2607 1356 2632; x_wconf 82' lang='grc' dir='ltr'><strong>Δ</strong></span> <span class='ocrx_word' id='word_1_827' title='bbox 1370 2603 1398 2631; x_wconf 73' lang='grc' dir='ltr'><strong>Β’</strong></span> <span class='ocrx_word' id='word_1_828' title='bbox 1407 2604 1444 2640; x_wconf 83' lang='grc' dir='ltr'><strong>μὴ</strong></span> <span class='ocrx_word' id='word_1_829' title='bbox 1459 2604 1543 2641; x_wconf 79' lang='grc' dir='ltr'>οὕτως</span> <span class='ocrx_word' id='word_1_830' title='bbox 1555 2603 1638 2640; x_wconf 71' lang='grc' dir='ltr'>ἔχειν.</span> 
     </span>
    </p>
   </div>
   <div class='ocr_carea' id='block_1_110' title="bbox 1101 2639 1522 2676">
    <p class='ocr_par' dir='ltr' id='par_1_110' title="bbox 1101 2639 1522 2676">
     <span class='ocr_line' id='line_1_112' title="bbox 1101 2639 1522 2676; baseline -0.007 -8"><span class='ocrx_word' id='word_1_831' title='bbox 1101 2639 1145 2676; x_wconf 74' lang='lat'><strong>86)</strong></span> <span class='ocrx_word' id='word_1_832' title='bbox 1165 2639 1325 2676; x_wconf 55' lang='lat' dir='ltr'><strong>I‘ti‘ojjérn,</strong></span> <span class='ocrx_word' id='word_1_833' title='bbox 1340 2641 1363 2667; x_wconf 76' lang='grc' dir='ltr'>Α</span> <span class='ocrx_word' id='word_1_834' title='bbox 1370 2639 1522 2676; x_wconf 60' lang='grc' dir='ltr'>χενομένη.</span> 
     </span>
    </p>
   </div>
   <div class='ocr_carea' id='block_1_111' title="bbox 1089 2672 1841 2711">
    <p class='ocr_par' dir='ltr' id='par_1_111' title="bbox 1089 2672 1841 2711">
     <span class='ocr_line' id='line_1_113' title="bbox 1089 2672 1841 2711; baseline -0.008 -7"><span class='ocrx_word' id='word_1_835' title='bbox 1089 2672 1145 2711; x_wconf 80' lang='grc'>(87)</span> <span class='ocrx_word' id='word_1_836' title='bbox 1164 2672 1354 2709; x_wconf 72' lang='grc' dir='ltr'>Κατ’ἀῠτῆν.</span> <span class='ocrx_word' id='word_1_837' title='bbox 1369 2672 1390 2701; x_wconf 80' lang='grc' dir='ltr'><strong>Β</strong></span> <span class='ocrx_word' id='word_1_838' title='bbox 1416 2672 1475 2701; x_wconf 77' lang='grc' dir='ltr'>καθ’</span> <span class='ocrx_word' id='word_1_839' title='bbox 1494 2672 1604 2710; x_wconf 71' lang='grc' dir='ltr'>ἑαυτήν.</span> <span class='ocrx_word' id='word_1_840' title='bbox 1627 2673 1651 2700; x_wconf 72' lang='grc' dir='ltr'><strong>Α</strong></span> <span class='ocrx_word' id='word_1_841' title='bbox 1666 2673 1695 2700; x_wconf 95' lang='lat' dir='ltr'><strong>in</strong></span> <span class='ocrx_word' id='word_1_842' title='bbox 1717 2672 1841 2707; x_wconf 83' lang='lat' dir='ltr'><strong>margine</strong></span> 
     </span>
    </p>
   </div>
   <div class='ocr_carea' id='block_1_112' title="bbox 1054 2712 1473 2748">
    <p class='ocr_par' dir='ltr' id='par_1_112' title="bbox 1054 2712 1473 2748">
     <span class='ocr_line' id='line_1_114' title="bbox 1054 2712 1473 2748; baseline -0.007 -9"><span class='ocrx_word' id='word_1_843' title='bbox 1054 2712 1114 2748; x_wconf 59' lang='grc' dir='ltr'>καθ]</span> <span class='ocrx_word' id='word_1_844' title='bbox 1123 2712 1238 2748; x_wconf 48' lang='grc' dir='ltr'>ἑαυτήν.</span> <span class='ocrx_word' id='word_1_845' title='bbox 1257 2745 1271 2748; x_wconf 96' lang='lat'>_</span> <span class='ocrx_word' id='word_1_846' title='bbox 1341 2744 1360 2748; x_wconf 94' lang='lat'><em>_</em></span> <span class='ocrx_word' id='word_1_847' title='bbox 1460 2742 1473 2748; x_wconf 40' lang='grc' dir='ltr'>α</span> 
     </span>
    </p>
   </div>
   <div class='ocr_carea' id='block_1_113' title="bbox 1090 2744 1523 2782">
    <p class='ocr_par' dir='ltr' id='par_1_113' title="bbox 1090 2744 1523 2782">
     <span class='ocr_line' id='line_1_115' title="bbox 1090 2744 1523 2782; baseline -0.009 -9"><span class='ocrx_word' id='word_1_848' title='bbox 1090 2746 1146 2782; x_wconf 81' lang='grc'>(88)</span> <span class='ocrx_word' id='word_1_849' title='bbox 1165 2744 1331 2782; x_wconf 49' lang='lat' dir='ltr'><strong>Heptpﬁga:</strong></span> <span class='ocrx_word' id='word_1_850' title='bbox 1341 2744 1523 2779; x_wconf 84' lang='grc' dir='ltr'>Βπεριιοῦσα.</span> 
     </span>
    </p>
   </div>
   <div class='ocr_carea' id='block_1_114' title="bbox 1091 2778 1382 2815">
    <p class='ocr_par' dir='ltr' id='par_1_114' title="bbox 1091 2778 1382 2815">
     <span class='ocr_line' id='line_1_116' title="bbox 1091 2778 1382 2815; baseline -0.01 -8"><span class='ocrx_word' id='word_1_851' title='bbox 1091 2778 1147 2815; x_wconf 74' lang='lat'><strong>(89)</strong></span> <span class='ocrx_word' id='word_1_852' title='bbox 1163 2779 1252 2812; x_wconf 78' lang='grc' dir='ltr'>Αὺτή.</span> <span class='ocrx_word' id='word_1_853' title='bbox 1269 2779 1289 2805; x_wconf 90' lang='grc' dir='ltr'>Β</span> <span class='ocrx_word' id='word_1_854' title='bbox 1302 2778 1382 2815; x_wconf 66' lang='grc' dir='ltr'>αῦτη.</span> 
     </span>
    </p>
   </div>
   <div class='ocr_carea' id='block_1_115' title="bbox 1092 2811 1665 2850">
    <p class='ocr_par' dir='ltr' id='par_1_115' title="bbox 1092 2811 1665 2850">
     <span class='ocr_line' id='line_1_117' title="bbox 1092 2811 1665 2850; baseline -0.005 -8"><span class='ocrx_word' id='word_1_855' title='bbox 1092 2811 1148 2850; x_wconf 70' lang='grc'>(90)</span> <span class='ocrx_word' id='word_1_856' title='bbox 1166 2811 1241 2842; x_wconf 62' lang='lat' dir='ltr'><strong>Kac&quot;</strong></span> <span class='ocrx_word' id='word_1_857' title='bbox 1249 2813 1354 2847; x_wconf 73' lang='grc' dir='ltr'>αὐτήν.</span> <span class='ocrx_word' id='word_1_858' title='bbox 1364 2811 1394 2840; x_wconf 79' lang='grc' dir='ltr'>Ἀ</span> <span class='ocrx_word' id='word_1_859' title='bbox 1406 2817 1433 2841; x_wconf 86' lang='lat' dir='ltr'><strong>et</strong></span> <span class='ocrx_word' id='word_1_860' title='bbox 1445 2813 1466 2839; x_wconf 85' lang='grc' dir='ltr'><strong>Β</strong></span> <span class='ocrx_word' id='word_1_861' title='bbox 1477 2812 1538 2839; x_wconf 52' lang='grc' dir='ltr'>καθῖ</span> <span class='ocrx_word' id='word_1_862' title='bbox 1554 2811 1665 2846; x_wconf 72' lang='grc' dir='ltr'>ἑαυτήν.</span> 
     </span>
    </p>
   </div>
  </div>
