  <div class='ocr_page' id='page_1' title='image "/cluster/home/n/w/nwhite01/storage/ocr_20150623/46/njp.32101077772604/028.png"; bbox 0 0 1919 3069; ppageno 0'>
   <div class='ocr_carea' id='block_1_1' title="bbox 62 62 1137 95">
    <p class='ocr_par' dir='ltr' id='par_1_1' title="bbox 62 62 1137 95">
     <span class='ocr_line' id='line_1_1' title="bbox 62 62 1137 95; baseline 0.007 -9"><span class='ocrx_word' id='word_1_1' title='bbox 62 64 94 93; x_wconf 66' lang='grc' dir='ltr'><strong>ῃ</strong></span> <span class='ocrx_word' id='word_1_2' title='bbox 590 62 635 90; x_wconf 84' lang='lat' dir='ltr'><strong>DE</strong></span> <span class='ocrx_word' id='word_1_3' title='bbox 650 62 760 91; x_wconf 69' lang='lat' dir='ltr'><strong>ANIIA</strong></span> <span class='ocrx_word' id='word_1_4' title='bbox 777 62 822 91; x_wconf 85' lang='lat' dir='ltr'><strong>ET</strong></span> <span class='ocrx_word' id='word_1_5' title='bbox 836 62 1137 95; x_wconf 74' lang='lat' dir='ltr'><strong>RESURRECTIONE.</strong></span> 
     </span>
    </p>
   </div>
   <div class='ocr_carea' id='block_1_2' title="bbox 64 105 852 164">
    <p class='ocr_par' dir='ltr' id='par_1_2' title="bbox 64 121 852 157">
     <span class='ocr_line' id='line_1_2' title="bbox 64 121 852 157; baseline -0.001 -6"><span class='ocrx_word' id='word_1_6' title='bbox 64 125 108 154; x_wconf 64' lang='lat' dir='ltr'><strong>tsi.</strong></span> <span class='ocrx_word' id='word_1_7' title='bbox 125 123 156 150; x_wconf 72' lang='lat' dir='ltr'><strong>sb</strong></span> <span class='ocrx_word' id='word_1_8' title='bbox 170 123 230 151; x_wconf 72' lang='grc' dir='ltr'>ἀνω</span> <span class='ocrx_word' id='word_1_9' title='bbox 243 121 273 149; x_wconf 75' lang='grc' dir='ltr'>τὸ</span> <span class='ocrx_word' id='word_1_10' title='bbox 288 121 377 149; x_wconf 73' lang='grc' dir='ltr'>κοιλον</span> <span class='ocrx_word' id='word_1_11' title='bbox 399 121 541 157; x_wconf 75' lang='grc' dir='ltr'><strong>ἀνέχοντος</strong></span> <span class='ocrx_word' id='word_1_12' title='bbox 551 141 559 154; x_wconf 85' lang='grc'><em>,</em></span> <span class='ocrx_word' id='word_1_13' title='bbox 579 121 632 154; x_wconf 73' lang='grc' dir='ltr'><strong>ἕως</strong></span> <span class='ocrx_word' id='word_1_14' title='bbox 648 123 682 150; x_wconf 80' lang='grc' dir='ltr'>ἂν</span> <span class='ocrx_word' id='word_1_15' title='bbox 701 121 822 154; x_wconf 75' lang='grc' dir='ltr'>πιεσθεὶς</span> <span class='ocrx_word' id='word_1_16' title='bbox 837 123 852 150; x_wconf 81' lang='grc' dir='ltr'><strong><em>ὁ</em></strong></span> 
     </span>
    </p>
   </div>
   <div class='ocr_carea' id='block_1_3' title="bbox 908 105 1690 164">
    <p class='ocr_par' dir='ltr' id='par_1_3' title="bbox 908 105 1690 164">
     <span class='ocr_line' id='line_1_3' title="bbox 908 105 1690 164; baseline 0.01 -15"><span class='ocrx_word' id='word_1_17' title='bbox 908 129 934 149; x_wconf 76' lang='lat' dir='ltr'><strong>se</strong></span> <span class='ocrx_word' id='word_1_18' title='bbox 955 123 1033 151; x_wconf 85' lang='lat' dir='ltr'><strong>dicit.</strong></span> <span class='ocrx_word' id='word_1_19' title='bbox 1061 124 1148 160; x_wconf 64' lang='lat' dir='ltr'><strong>Cujus</strong></span> <span class='ocrx_word' id='word_1_20' title='bbox 1174 125 1214 153; x_wconf 81' lang='lat' dir='ltr'><strong>rei</strong></span> <span class='ocrx_word' id='word_1_21' title='bbox 1238 125 1349 162; x_wconf 68' lang='lat' dir='ltr'><strong>signum</strong></span> <span class='ocrx_word' id='word_1_22' title='bbox 1370 130 1435 160; x_wconf 70' lang='lat' dir='ltr'><strong>est.</strong></span> <span class='ocrx_word' id='word_1_23' title='bbox 1459 127 1533 164; x_wconf 71' lang='lat' dir='ltr'><strong>quod</strong></span> 
     </span>
    </p>
   </div>
   <div class='ocr_carea' id='block_1_4' title="bbox 64 167 851 205">
    <p class='ocr_par' dir='ltr' id='par_1_4' title="bbox 64 167 851 205">
     <span class='ocr_line' id='line_1_4' title="bbox 64 167 851 205; baseline -0.004 -8"><span class='ocrx_word' id='word_1_24' title='bbox 64 168 201 205; x_wconf 74' lang='grc' dir='ltr'><strong>ἀμφορεὺς</strong></span> <span class='ocrx_word' id='word_1_25' title='bbox 217 169 251 203; x_wconf 79' lang='grc' dir='ltr'>τῇ</span> <span class='ocrx_word' id='word_1_26' title='bbox 268 168 340 203; x_wconf 80' lang='grc' dir='ltr'>χειρὶ</span> <span class='ocrx_word' id='word_1_27' title='bbox 354 167 402 194; x_wconf 82' lang='grc' dir='ltr'><strong>τοῦ</strong></span> <span class='ocrx_word' id='word_1_28' title='bbox 417 167 568 203; x_wconf 83' lang='grc' dir='ltr'>ἀρυομένου</span> <span class='ocrx_word' id='word_1_29' title='bbox 586 168 615 194; x_wconf 81' lang='grc' dir='ltr'>ὲν</span> <span class='ocrx_word' id='word_1_30' title='bbox 631 168 670 203; x_wconf 84' lang='grc' dir='ltr'>τῷ</span> <span class='ocrx_word' id='word_1_31' title='bbox 686 167 763 203; x_wconf 82' lang='grc' dir='ltr'>βάθει</span> <span class='ocrx_word' id='word_1_32' title='bbox 776 168 851 202; x_wconf 80' lang='grc' dir='ltr'>τίνε-</span> 
     </span>
    </p>
   </div>
   <div class='ocr_carea' id='block_1_5' title="bbox 63 213 852 250">
    <p class='ocr_par' dir='ltr' id='par_1_5' title="bbox 63 213 852 250">
     <span class='ocr_line' id='line_1_5' title="bbox 63 213 852 250; baseline -0.001 -8"><span class='ocrx_word' id='word_1_33' title='bbox 63 224 105 242; x_wconf 75' lang='grc' dir='ltr'><strong>ται</strong></span> <span class='ocrx_word' id='word_1_34' title='bbox 118 214 173 250; x_wconf 82' lang='grc'><strong>(50)</strong></span> <span class='ocrx_word' id='word_1_35' title='bbox 184 234 192 245; x_wconf 84' lang='grc'>,</span> <span class='ocrx_word' id='word_1_36' title='bbox 208 214 258 240; x_wconf 77' lang='grc' dir='ltr'>καὶ</span> <span class='ocrx_word' id='word_1_37' title='bbox 270 213 351 240; x_wconf 73' lang='grc' dir='ltr'>τοῦτο</span> <span class='ocrx_word' id='word_1_38' title='bbox 363 213 419 247; x_wconf 64' lang='lat' dir='ltr'><strong>(Si)</strong></span> <span class='ocrx_word' id='word_1_39' title='bbox 434 213 544 248; x_wconf 77' lang='grc' dir='ltr'><strong>δέξηται</strong></span> <span class='ocrx_word' id='word_1_40' title='bbox 560 213 600 249; x_wconf 84' lang='grc' dir='ltr'><strong>τῷ</strong></span> <span class='ocrx_word' id='word_1_41' title='bbox 617 214 731 250; x_wconf 72' lang='grc' dir='ltr'>στόματι</span> <span class='ocrx_word' id='word_1_42' title='bbox 747 214 805 250; x_wconf 76' lang='grc'><strong>(52)</strong></span> <span class='ocrx_word' id='word_1_43' title='bbox 818 214 852 241; x_wconf 76' lang='grc' dir='ltr'>τὸ</span> 
     </span>
    </p>
   </div>
   <div class='ocr_carea' id='block_1_6' title="bbox 65 257 851 297">
    <p class='ocr_par' dir='ltr' id='par_1_6' title="bbox 65 257 851 297">
     <span class='ocr_line' id='line_1_6' title="bbox 65 257 851 297; baseline -0.001 -9"><span class='ocrx_word' id='word_1_44' title='bbox 65 261 148 297; x_wconf 75' lang='grc' dir='ltr'><strong>ὕδωρ·</strong></span> <span class='ocrx_word' id='word_1_45' title='bbox 166 257 196 287; x_wconf 77' lang='grc' dir='ltr'><strong>οὗ</strong></span> <span class='ocrx_word' id='word_1_46' title='bbox 218 259 364 295; x_wconf 84' lang='grc' dir='ltr'><strong>γινομένου</strong></span> <span class='ocrx_word' id='word_1_47' title='bbox 391 259 530 287; x_wconf 82' lang='grc' dir='ltr'><strong>δείκνυται</strong></span> <span class='ocrx_word' id='word_1_48' title='bbox 553 259 585 286; x_wconf 79' lang='grc' dir='ltr'><strong>τὸ</strong></span> <span class='ocrx_word' id='word_1_49' title='bbox 609 259 649 295; x_wconf 76' lang='grc' dir='ltr'>μὴ</span> <span class='ocrx_word' id='word_1_50' title='bbox 666 259 746 287; x_wconf 73' lang='grc' dir='ltr'>κενὸν</span> <span class='ocrx_word' id='word_1_51' title='bbox 768 259 851 287; x_wconf 75' lang='grc' dir='ltr'>αὑτὸν</span> 
     </span>
    </p>
   </div>
   <div class='ocr_carea' id='block_1_7' title="bbox 64 305 850 342">
    <p class='ocr_par' dir='ltr' id='par_1_7' title="bbox 64 305 850 342">
     <span class='ocr_line' id='line_1_7' title="bbox 64 305 850 342; baseline -0.003 -8"><span class='ocrx_word' id='word_1_52' title='bbox 64 306 129 334; x_wconf 79' lang='grc' dir='ltr'>εἶναι</span> <span class='ocrx_word' id='word_1_53' title='bbox 144 306 191 333; x_wconf 79' lang='grc' dir='ltr'>καὶ</span> <span class='ocrx_word' id='word_1_54' title='bbox 204 306 260 341; x_wconf 79' lang='grc' dir='ltr'>πρὸ</span> <span class='ocrx_word' id='word_1_55' title='bbox 278 305 325 333; x_wconf 80' lang='grc' dir='ltr'>τοῦ</span> <span class='ocrx_word' id='word_1_56' title='bbox 349 305 456 337; x_wconf 74' lang='grc' dir='ltr'>ὕδατος.</span> <span class='ocrx_word' id='word_1_57' title='bbox 471 305 554 341; x_wconf 80' lang='grc' dir='ltr'>Μάχη</span> <span class='ocrx_word' id='word_1_58' title='bbox 578 305 636 341; x_wconf 71' lang='grc'><strong>(55)</strong></span> <span class='ocrx_word' id='word_1_59' title='bbox 654 305 709 341; x_wconf 76' lang='grc' dir='ltr'><strong>γάρ</strong></span> <span class='ocrx_word' id='word_1_60' title='bbox 729 314 771 338; x_wconf 83' lang='grc' dir='ltr'><strong>τις</strong></span> <span class='ocrx_word' id='word_1_61' title='bbox 785 306 850 342; x_wconf 80' lang='grc' dir='ltr'>περὶ</span> 
     </span>
    </p>
   </div>
   <div class='ocr_carea' id='block_1_8' title="bbox 63 350 850 387">
    <p class='ocr_par' dir='ltr' id='par_1_8' title="bbox 63 350 850 387">
     <span class='ocr_line' id='line_1_8' title="bbox 63 350 850 387; baseline 0 -8"><span class='ocrx_word' id='word_1_62' title='bbox 63 353 99 387; x_wconf 79' lang='grc' dir='ltr'>τῷ</span> <span class='ocrx_word' id='word_1_63' title='bbox 110 352 226 387; x_wconf 77' lang='grc' dir='ltr'>στόματι</span> <span class='ocrx_word' id='word_1_64' title='bbox 243 351 301 385; x_wconf 78' lang='grc'><strong>(54)</strong></span> <span class='ocrx_word' id='word_1_65' title='bbox 318 350 373 377; x_wconf 81' lang='grc' dir='ltr'><strong>τῶν</strong></span> <span class='ocrx_word' id='word_1_66' title='bbox 392 351 439 377; x_wconf 77' lang='grc' dir='ltr'><strong>δύο</strong></span> <span class='ocrx_word' id='word_1_67' title='bbox 450 351 591 386; x_wconf 70' lang='grc' dir='ltr'><strong>στοιχείων</strong></span> <span class='ocrx_word' id='word_1_68' title='bbox 603 351 720 387; x_wconf 80' lang='grc' dir='ltr'>ὁρᾶται,</span> <span class='ocrx_word' id='word_1_69' title='bbox 736 351 783 378; x_wconf 81' lang='grc' dir='ltr'>τοῦ</span> <span class='ocrx_word' id='word_1_70' title='bbox 800 352 850 387; x_wconf 83' lang='grc' dir='ltr'>μὲν</span> 
     </span>
    </p>
   </div>
   <div class='ocr_carea' id='block_1_9' title="bbox 64 396 849 433">
    <p class='ocr_par' dir='ltr' id='par_1_9' title="bbox 64 396 849 433">
     <span class='ocr_line' id='line_1_9' title="bbox 64 396 849 433; baseline 0 -9"><span class='ocrx_word' id='word_1_71' title='bbox 64 399 153 429; x_wconf 76' lang='grc' dir='ltr'>ὕδατος</span> <span class='ocrx_word' id='word_1_72' title='bbox 177 397 231 423; x_wconf 75' lang='grc' dir='ltr'><strong>ὑπὸ</strong></span> <span class='ocrx_word' id='word_1_73' title='bbox 254 396 354 432; x_wconf 79' lang='grc' dir='ltr'><strong>βάρους</strong></span> <span class='ocrx_word' id='word_1_74' title='bbox 370 396 419 423; x_wconf 69' lang='grc' dir='ltr'><strong>ἐπὶ</strong></span> <span class='ocrx_word' id='word_1_75' title='bbox 429 396 462 423; x_wconf 76' lang='grc' dir='ltr'><strong>τὺ</strong></span> <span class='ocrx_word' id='word_1_76' title='bbox 478 396 567 424; x_wconf 82' lang='grc' dir='ltr'>κοῖλον</span> <span class='ocrx_word' id='word_1_77' title='bbox 582 396 742 433; x_wconf 79' lang='grc' dir='ltr'><strong>βιαζομένου</strong></span> <span class='ocrx_word' id='word_1_78' title='bbox 755 406 785 424; x_wconf 78' lang='grc' dir='ltr'><strong>τε</strong></span> <span class='ocrx_word' id='word_1_79' title='bbox 802 398 849 425; x_wconf 77' lang='grc' dir='ltr'>καὶ</span> 
     </span>
    </p>
   </div>
   <div class='ocr_carea' id='block_1_10' title="bbox 63 437 850 480">
    <p class='ocr_par' dir='ltr' id='par_1_10' title="bbox 63 437 850 480">
     <span class='ocr_line' id='line_1_10' title="bbox 63 437 850 480; baseline 0.001 -11"><span class='ocrx_word' id='word_1_80' title='bbox 63 442 232 480; x_wconf 72' lang='grc' dir='ltr'>εξσρὲοντος,</span> <span class='ocrx_word' id='word_1_81' title='bbox 258 437 309 469; x_wconf 68' lang='grc' dir='ltr'>τοῧ</span> <span class='ocrx_word' id='word_1_82' title='bbox 332 441 362 468; x_wconf 75' lang='grc' dir='ltr'><strong>δὲ</strong></span> <span class='ocrx_word' id='word_1_83' title='bbox 387 441 469 477; x_wconf 80' lang='grc' dir='ltr'>ἀέρος</span> <span class='ocrx_word' id='word_1_84' title='bbox 491 441 539 469; x_wconf 75' lang='grc' dir='ltr'>τοῦ</span> <span class='ocrx_word' id='word_1_85' title='bbox 559 443 793 478; x_wconf 83' lang='grc' dir='ltr'>ὲναπειλημμένου</span> <span class='ocrx_word' id='word_1_86' title='bbox 811 443 850 479; x_wconf 88' lang='grc' dir='ltr'>τῷ</span> 
     </span>
    </p>
   </div>
   <div class='ocr_carea' id='block_1_11' title="bbox 64 486 850 524">
    <p class='ocr_par' dir='ltr' id='par_1_11' title="bbox 64 486 850 524">
     <span class='ocr_line' id='line_1_11' title="bbox 64 486 850 524; baseline 0.004 -11"><span class='ocrx_word' id='word_1_87' title='bbox 64 488 140 523; x_wconf 72' lang='grc' dir='ltr'>κοίλῳ</span> <span class='ocrx_word' id='word_1_88' title='bbox 153 487 199 514; x_wconf 80' lang='grc' dir='ltr'><strong>διὰ</strong></span> <span class='ocrx_word' id='word_1_89' title='bbox 219 486 270 514; x_wconf 73' lang='grc' dir='ltr'><strong>τοῦ</strong></span> <span class='ocrx_word' id='word_1_90' title='bbox 293 486 376 514; x_wconf 77' lang='grc' dir='ltr'>αὑτοῦ</span> <span class='ocrx_word' id='word_1_91' title='bbox 401 487 535 522; x_wconf 84' lang='grc' dir='ltr'>στόματος</span> <span class='ocrx_word' id='word_1_92' title='bbox 549 487 605 523; x_wconf 74' lang='grc'><strong>(55)</strong></span> <span class='ocrx_word' id='word_1_93' title='bbox 625 488 671 515; x_wconf 75' lang='grc' dir='ltr'><strong>ἐπὶ</strong></span> <span class='ocrx_word' id='word_1_94' title='bbox 686 489 717 515; x_wconf 78' lang='grc' dir='ltr'>τὸ</span> <span class='ocrx_word' id='word_1_95' title='bbox 733 488 850 524; x_wconf 75' lang='grc' dir='ltr'>ἔμπαλιν</span> 
     </span>
    </p>
   </div>
   <div class='ocr_carea' id='block_1_12' title="bbox 64 532 850 569">
    <p class='ocr_par' dir='ltr' id='par_1_12' title="bbox 64 532 850 569">
     <span class='ocr_line' id='line_1_12' title="bbox 64 532 850 569; baseline 0.003 -10"><span class='ocrx_word' id='word_1_96' title='bbox 64 532 269 568; x_wconf 78' lang='grc' dir='ltr'>σονθλιὸομένου</span> <span class='ocrx_word' id='word_1_97' title='bbox 290 533 355 568; x_wconf 78' lang='grc' dir='ltr'>περὶ</span> <span class='ocrx_word' id='word_1_98' title='bbox 369 532 400 559; x_wconf 79' lang='grc' dir='ltr'><strong>τὸ</strong></span> <span class='ocrx_word' id='word_1_99' title='bbox 413 532 485 569; x_wconf 79' lang='grc' dir='ltr'><strong>ὕδωρ</strong></span> <span class='ocrx_word' id='word_1_100' title='bbox 497 552 506 565; x_wconf 83' lang='lat'><strong>,</strong></span> <span class='ocrx_word' id='word_1_101' title='bbox 528 533 577 560; x_wconf 77' lang='grc' dir='ltr'>καὶ</span> <span class='ocrx_word' id='word_1_102' title='bbox 595 533 774 569; x_wconf 81' lang='grc' dir='ltr'>ἀναρρέοντος</span> <span class='ocrx_word' id='word_1_103' title='bbox 786 554 794 566; x_wconf 85' lang='grc'><em>,</em></span> <span class='ocrx_word' id='word_1_104' title='bbox 811 534 850 567; x_wconf 85' lang='grc' dir='ltr'>ὡς</span> 
     </span>
    </p>
   </div>
   <div class='ocr_carea' id='block_1_13' title="bbox 64 577 851 616">
    <p class='ocr_par' dir='ltr' id='par_1_13' title="bbox 64 577 851 616">
     <span class='ocr_line' id='line_1_13' title="bbox 64 577 851 616; baseline 0.003 -10"><span class='ocrx_word' id='word_1_105' title='bbox 64 580 106 606; x_wconf 74' lang='grc' dir='ltr'><strong>καὶ</strong></span> <span class='ocrx_word' id='word_1_106' title='bbox 118 578 172 614; x_wconf 79' lang='lat'><strong>(&#39;56)</strong></span> <span class='ocrx_word' id='word_1_107' title='bbox 191 577 395 605; x_wconf 77' lang='grc' dir='ltr'><strong>ἀνακόπτεσθαι</strong></span> <span class='ocrx_word' id='word_1_108' title='bbox 405 578 449 605; x_wconf 82' lang='grc' dir='ltr'>διὰ</span> <span class='ocrx_word' id='word_1_109' title='bbox 459 578 554 605; x_wconf 84' lang='grc' dir='ltr'>τούτου</span> <span class='ocrx_word' id='word_1_110' title='bbox 568 579 624 614; x_wconf 80' lang='grc'><strong>(57)</strong></span> <span class='ocrx_word' id='word_1_111' title='bbox 640 579 688 606; x_wconf 78' lang='grc' dir='ltr'>καὶ</span> <span class='ocrx_word' id='word_1_112' title='bbox 703 580 851 616; x_wconf 82' lang='grc' dir='ltr'>ἀνακοχλά-</span> 
     </span>
    </p>
   </div>
   <div class='ocr_carea' id='block_1_14' title="bbox 64 623 851 661">
    <p class='ocr_par' dir='ltr' id='par_1_14' title="bbox 64 623 851 661">
     <span class='ocr_line' id='line_1_14' title="bbox 64 623 851 661; baseline 0.001 -9"><span class='ocrx_word' id='word_1_113' title='bbox 64 627 116 658; x_wconf 84' lang='grc' dir='ltr'>ζειν</span> <span class='ocrx_word' id='word_1_114' title='bbox 136 624 191 659; x_wconf 79' lang='grc'><strong>(58)</strong></span> <span class='ocrx_word' id='word_1_115' title='bbox 205 624 238 650; x_wconf 82' lang='grc' dir='ltr'>τὸ</span> <span class='ocrx_word' id='word_1_116' title='bbox 255 624 329 659; x_wconf 80' lang='grc' dir='ltr'>ὕδωρ</span> <span class='ocrx_word' id='word_1_117' title='bbox 341 623 521 660; x_wconf 81' lang='grc' dir='ltr'>περιαφρίζον</span> <span class='ocrx_word' id='word_1_118' title='bbox 539 624 594 660; x_wconf 76' lang='lat'><strong>(39)</strong></span> <span class='ocrx_word' id='word_1_119' title='bbox 606 626 640 661; x_wconf 71' lang='grc' dir='ltr'>τῇ</span> <span class='ocrx_word' id='word_1_120' title='bbox 654 625 700 661; x_wconf 71' lang='grc' dir='ltr'><strong>βία</strong></span> <span class='ocrx_word' id='word_1_121' title='bbox 711 625 758 652; x_wconf 80' lang='grc' dir='ltr'>τοῦ</span> <span class='ocrx_word' id='word_1_122' title='bbox 771 625 851 653; x_wconf 75' lang='grc' dir='ltr'>πνεύ-</span> 
     </span>
    </p>
   </div>
   <div class='ocr_carea' id='block_1_15' title="bbox 64 668 850 707">
    <p class='ocr_par' dir='ltr' id='par_1_15' title="bbox 64 668 850 707">
     <span class='ocr_line' id='line_1_15' title="bbox 64 668 850 707; baseline 0.003 -10"><span class='ocrx_word' id='word_1_123' title='bbox 64 680 151 707; x_wconf 81' lang='grc' dir='ltr'>ματος.</span> <span class='ocrx_word' id='word_1_124' title='bbox 172 670 268 697; x_wconf 77' lang='grc' dir='ltr'>Ταῦτα</span> <span class='ocrx_word' id='word_1_125' title='bbox 281 670 339 706; x_wconf 97' lang='grc'><strong>(40)</strong></span> <span class='ocrx_word' id='word_1_126' title='bbox 357 668 404 697; x_wconf 78' lang='grc' dir='ltr'>οὖν</span> <span class='ocrx_word' id='word_1_127' title='bbox 424 670 571 705; x_wconf 78' lang='grc' dir='ltr'>κατενόησε</span> <span class='ocrx_word' id='word_1_128' title='bbox 583 691 591 703; x_wconf 92' lang='lat'><strong>,</strong></span> <span class='ocrx_word' id='word_1_129' title='bbox 610 671 657 698; x_wconf 78' lang='grc' dir='ltr'>καὶ</span> <span class='ocrx_word' id='word_1_130' title='bbox 668 671 742 704; x_wconf 82' lang='grc' dir='ltr'>ὅπως</span> <span class='ocrx_word' id='word_1_131' title='bbox 758 671 791 699; x_wconf 85' lang='grc' dir='ltr'><strong>ἃν</strong></span> <span class='ocrx_word' id='word_1_132' title='bbox 804 672 850 699; x_wconf 80' lang='grc' dir='ltr'><strong>ὲν-</strong></span> 
     </span>
    </p>
   </div>
   <div class='ocr_carea' id='block_1_16' title="bbox 65 715 850 754">
    <p class='ocr_par' dir='ltr' id='par_1_16' title="bbox 65 715 850 754">
     <span class='ocr_line' id='line_1_16' title="bbox 65 715 850 754; baseline 0.001 -10"><span class='ocrx_word' id='word_1_133' title='bbox 65 717 148 751; x_wconf 77' lang='grc' dir='ltr'>τεθείη</span> <span class='ocrx_word' id='word_1_134' title='bbox 164 716 277 751; x_wconf 74' lang='grc' dir='ltr'>πνεῦμα</span> <span class='ocrx_word' id='word_1_135' title='bbox 289 715 329 751; x_wconf 81' lang='grc' dir='ltr'><strong>τῷ</strong></span> <span class='ocrx_word' id='word_1_136' title='bbox 341 716 516 754; x_wconf 68' lang='grc' dir='ltr'>μῃχανήματι</span> <span class='ocrx_word' id='word_1_137' title='bbox 527 716 571 743; x_wconf 83' lang='grc' dir='ltr'><strong>διὰ</strong></span> <span class='ocrx_word' id='word_1_138' title='bbox 582 716 632 752; x_wconf 86' lang='grc' dir='ltr'>τῆς</span> <span class='ocrx_word' id='word_1_139' title='bbox 646 717 700 744; x_wconf 88' lang='grc' dir='ltr'><strong>τῶν</strong></span> <span class='ocrx_word' id='word_1_140' title='bbox 711 717 850 753; x_wconf 84' lang='grc' dir='ltr'><strong>στοιχείων</strong></span> 
     </span>
    </p>
   </div>
   <div class='ocr_carea' id='block_1_17' title="bbox 900 167 1686 209">
    <p class='ocr_par' dir='ltr' id='par_1_17' title="bbox 900 167 1686 209">
     <span class='ocr_line' id='line_1_17' title="bbox 900 167 1686 209; baseline 0.009 -14"><span class='ocrx_word' id='word_1_141' title='bbox 900 167 1010 196; x_wconf 83' lang='lat' dir='ltr'><strong>admota</strong></span> <span class='ocrx_word' id='word_1_142' title='bbox 1040 174 1140 205; x_wconf 65' lang='lat' dir='ltr'><strong>stagno</strong></span> <span class='ocrx_word' id='word_1_143' title='bbox 1166 178 1222 198; x_wconf 80' lang='lat' dir='ltr'><strong>nou</strong></span> <span class='ocrx_word' id='word_1_144' title='bbox 1252 171 1344 198; x_wconf 80' lang='lat' dir='ltr'><strong>statim</strong></span> <span class='ocrx_word' id='word_1_145' title='bbox 1369 178 1440 207; x_wconf 84' lang='lat' dir='ltr'><strong>aqua</strong></span> <span class='ocrx_word' id='word_1_146' title='bbox 1478 173 1609 209; x_wconf 84' lang='lat' dir='ltr'><strong>repletur,</strong></span> <span class='ocrx_word' id='word_1_147' title='bbox 1638 176 1686 202; x_wconf 76' lang='lat' dir='ltr'><strong>sed</strong></span> 
     </span>
    </p>
   </div>
   <div class='ocr_carea' id='block_1_18' title="bbox 899 215 1685 252">
    <p class='ocr_par' dir='ltr' id='par_1_18' title="bbox 899 215 1685 252">
     <span class='ocr_line' id='line_1_18' title="bbox 899 215 1685 252; baseline 0.008 -11"><span class='ocrx_word' id='word_1_148' title='bbox 899 215 1030 249; x_wconf 87' lang='lat' dir='ltr'><strong>primum,</strong></span> <span class='ocrx_word' id='word_1_149' title='bbox 1039 219 1137 243; x_wconf 74' lang='lat' dir='ltr'><strong>coacto</strong></span> <span class='ocrx_word' id='word_1_150' title='bbox 1146 223 1178 244; x_wconf 90' lang='lat' dir='ltr'><strong>ac</strong></span> <span class='ocrx_word' id='word_1_151' title='bbox 1189 216 1360 252; x_wconf 86' lang='lat' dir='ltr'><strong>deprehenso</strong></span> <span class='ocrx_word' id='word_1_152' title='bbox 1371 217 1445 245; x_wconf 88' lang='lat' dir='ltr'><strong>intus</strong></span> <span class='ocrx_word' id='word_1_153' title='bbox 1460 225 1522 246; x_wconf 86' lang='lat' dir='ltr'><strong>aere</strong></span> <span class='ocrx_word' id='word_1_154' title='bbox 1535 227 1685 248; x_wconf 85' lang='lat' dir='ltr'><strong>concavqu</strong></span> 
     </span>
    </p>
   </div>
   <div class='ocr_carea' id='block_1_19' title="bbox 901 261 1686 298">
    <p class='ocr_par' dir='ltr' id='par_1_19' title="bbox 901 261 1686 298">
     <span class='ocr_line' id='line_1_19' title="bbox 901 261 1686 298; baseline 0.008 -11"><span class='ocrx_word' id='word_1_155' title='bbox 901 267 1012 287; x_wconf 82' lang='lat' dir='ltr'><strong>sursum</strong></span> <span class='ocrx_word' id='word_1_156' title='bbox 1033 261 1155 294; x_wconf 89' lang='lat' dir='ltr'><strong>tollente,</strong></span> <span class='ocrx_word' id='word_1_157' title='bbox 1184 262 1316 295; x_wconf 87' lang='lat' dir='ltr'><strong>innatat,</strong></span> <span class='ocrx_word' id='word_1_158' title='bbox 1344 264 1434 298; x_wconf 87' lang='lat' dir='ltr'><strong>quoad</strong></span> <span class='ocrx_word' id='word_1_159' title='bbox 1461 263 1611 293; x_wconf 86' lang='lat' dir='ltr'><strong>haurientis</strong></span> <span class='ocrx_word' id='word_1_160' title='bbox 1629 275 1686 293; x_wconf 88' lang='lat' dir='ltr'><strong>ma-</strong></span> 
     </span>
    </p>
   </div>
   <div class='ocr_carea' id='block_1_20' title="bbox 899 305 1686 345">
    <p class='ocr_par' dir='ltr' id='par_1_20' title="bbox 899 305 1686 345">
     <span class='ocr_line' id='line_1_20' title="bbox 899 305 1686 345; baseline 0.006 -14"><span class='ocrx_word' id='word_1_161' title='bbox 899 312 936 331; x_wconf 90' lang='lat' dir='ltr'><strong>nu</strong></span> <span class='ocrx_word' id='word_1_162' title='bbox 955 305 1086 338; x_wconf 83' lang='lat' dir='ltr'><strong>amphora</strong></span> <span class='ocrx_word' id='word_1_163' title='bbox 1111 313 1205 341; x_wconf 84' lang='lat' dir='ltr'><strong>pressa</strong></span> <span class='ocrx_word' id='word_1_164' title='bbox 1230 306 1258 334; x_wconf 88' lang='lat' dir='ltr'><strong>in</strong></span> <span class='ocrx_word' id='word_1_165' title='bbox 1283 307 1368 335; x_wconf 88' lang='lat' dir='ltr'><strong>l&#39;undo</strong></span> <span class='ocrx_word' id='word_1_166' title='bbox 1397 307 1489 341; x_wconf 85' lang='lat' dir='ltr'><strong>fuerit,</strong></span> <span class='ocrx_word' id='word_1_167' title='bbox 1505 316 1537 335; x_wconf 92' lang='lat' dir='ltr'><strong>ac</strong></span> <span class='ocrx_word' id='word_1_168' title='bbox 1558 314 1623 336; x_wconf 90' lang='lat' dir='ltr'><strong>tunc</strong></span> <span class='ocrx_word' id='word_1_169' title='bbox 1638 319 1686 345; x_wconf 69' lang='lat' dir='ltr'><strong>per</strong></span> 
     </span>
    </p>
   </div>
   <div class='ocr_carea' id='block_1_21' title="bbox 902 351 1684 388">
    <p class='ocr_par' dir='ltr' id='par_1_21' title="bbox 902 351 1684 388">
     <span class='ocr_line' id='line_1_21' title="bbox 902 351 1684 388; baseline 0.005 -11"><span class='ocrx_word' id='word_1_170' title='bbox 902 358 935 378; x_wconf 89' lang='lat' dir='ltr'><strong>os</strong></span> <span class='ocrx_word' id='word_1_171' title='bbox 964 351 1079 386; x_wconf 88' lang='lat' dir='ltr'><strong>accipiat</strong></span> <span class='ocrx_word' id='word_1_172' title='bbox 1109 359 1228 387; x_wconf 83' lang='lat' dir='ltr'><strong>aquam:</strong></span> <span class='ocrx_word' id='word_1_173' title='bbox 1256 361 1312 388; x_wconf 86' lang='lat' dir='ltr'><strong>quo</strong></span> <span class='ocrx_word' id='word_1_174' title='bbox 1336 353 1408 380; x_wconf 79' lang='lat' dir='ltr'><strong>facto</strong></span> <span class='ocrx_word' id='word_1_175' title='bbox 1436 354 1600 386; x_wconf 80' lang='lat' dir='ltr'><strong>ostenditur,</strong></span> <span class='ocrx_word' id='word_1_176' title='bbox 1613 356 1684 388; x_wconf 88' lang='lat' dir='ltr'><strong>quod</strong></span> 
     </span>
    </p>
   </div>
   <div class='ocr_carea' id='block_1_22' title="bbox 899 399 1707 433">
    <p class='ocr_par' dir='ltr' id='par_1_22' title="bbox 899 399 1707 433">
     <span class='ocr_line' id='line_1_22' title="bbox 899 399 1707 433; baseline 0.002 -10"><span class='ocrx_word' id='word_1_177' title='bbox 899 403 952 424; x_wconf 87' lang='lat' dir='ltr'><strong>nec</strong></span> <span class='ocrx_word' id='word_1_178' title='bbox 988 401 1136 432; x_wconf 89' lang='lat' dir='ltr'><strong>antequam</strong></span> <span class='ocrx_word' id='word_1_179' title='bbox 1172 406 1243 433; x_wconf 91' lang='lat' dir='ltr'><strong>aqua</strong></span> <span class='ocrx_word' id='word_1_180' title='bbox 1280 399 1451 433; x_wconf 88' lang='lat' dir='ltr'><strong>repleretur,</strong></span> <span class='ocrx_word' id='word_1_181' title='bbox 1478 406 1562 426; x_wconf 83' lang='lat' dir='ltr'><strong>vacua</strong></span> <span class='ocrx_word' id='word_1_182' title='bbox 1601 405 1707 427; x_wconf 88' lang='lat' dir='ltr'><strong>essct..</strong></span> 
     </span>
    </p>
   </div>
   <div class='ocr_carea' id='block_1_23' title="bbox 902 441 1685 478">
    <p class='ocr_par' dir='ltr' id='par_1_23' title="bbox 902 441 1685 478">
     <span class='ocr_line' id='line_1_23' title="bbox 902 441 1685 478; baseline 0.006 -10"><span class='ocrx_word' id='word_1_183' title='bbox 902 441 970 469; x_wconf 87' lang='lat' dir='ltr'><strong>Nam</strong></span> <span class='ocrx_word' id='word_1_184' title='bbox 998 450 1088 478; x_wconf 80' lang='lat' dir='ltr'><strong>pugna</strong></span> <span class='ocrx_word' id='word_1_185' title='bbox 1112 444 1234 478; x_wconf 68' lang='lat' dir='ltr'><strong>qumdam</strong></span> <span class='ocrx_word' id='word_1_186' title='bbox 1263 444 1378 472; x_wconf 91' lang='lat' dir='ltr'><strong>duorum</strong></span> <span class='ocrx_word' id='word_1_187' title='bbox 1407 445 1481 473; x_wconf 84' lang='lat' dir='ltr'><strong>circa</strong></span> <span class='ocrx_word' id='word_1_188' title='bbox 1509 453 1541 473; x_wconf 85' lang='lat' dir='ltr'><strong>os</strong></span> <span class='ocrx_word' id='word_1_189' title='bbox 1565 445 1685 473; x_wconf 88' lang='lat' dir='ltr'><strong>elemen-</strong></span> 
     </span>
    </p>
   </div>
   <div class='ocr_carea' id='block_1_24' title="bbox 900 488 1684 525">
    <p class='ocr_par' dir='ltr' id='par_1_24' title="bbox 900 488 1684 525">
     <span class='ocr_line' id='line_1_24' title="bbox 900 488 1684 525; baseline 0.005 -12"><span class='ocrx_word' id='word_1_190' title='bbox 900 491 990 514; x_wconf 88' lang='lat' dir='ltr'><strong>torum</strong></span> <span class='ocrx_word' id='word_1_191' title='bbox 1019 488 1151 520; x_wconf 88' lang='lat' dir='ltr'><strong>cernitur,</strong></span> <span class='ocrx_word' id='word_1_192' title='bbox 1167 489 1232 516; x_wconf 90' lang='lat' dir='ltr'><strong>dum</strong></span> <span class='ocrx_word' id='word_1_193' title='bbox 1261 497 1331 524; x_wconf 88' lang='lat' dir='ltr'><strong>aqua</strong></span> <span class='ocrx_word' id='word_1_194' title='bbox 1360 489 1469 524; x_wconf 86' lang='lat' dir='ltr'><strong>quidem</strong></span> <span class='ocrx_word' id='word_1_195' title='bbox 1495 495 1604 525; x_wconf 87' lang='lat' dir='ltr'><strong>propter</strong></span> <span class='ocrx_word' id='word_1_196' title='bbox 1621 498 1684 525; x_wconf 76' lang='lat' dir='ltr'><strong>gra-</strong></span> 
     </span>
    </p>
   </div>
   <div class='ocr_carea' id='block_1_25' title="bbox 899 532 1684 568">
    <p class='ocr_par' dir='ltr' id='par_1_25' title="bbox 899 532 1684 568">
     <span class='ocr_line' id='line_1_25' title="bbox 899 532 1684 568; baseline 0.004 -8"><span class='ocrx_word' id='word_1_197' title='bbox 899 532 1010 560; x_wconf 84' lang='lat' dir='ltr'><strong>vitatem</strong></span> <span class='ocrx_word' id='word_1_198' title='bbox 1031 537 1058 561; x_wconf 88' lang='lat' dir='ltr'><strong>et</strong></span> <span class='ocrx_word' id='word_1_199' title='bbox 1078 534 1307 568; x_wconf 85' lang='lat' dir='ltr'><strong>ponderositatcm</strong></span> <span class='ocrx_word' id='word_1_200' title='bbox 1330 535 1355 563; x_wconf 86' lang='lat' dir='ltr'><strong>vi</strong></span> <span class='ocrx_word' id='word_1_201' title='bbox 1376 537 1402 563; x_wconf 93' lang='lat' dir='ltr'><strong>in</strong></span> <span class='ocrx_word' id='word_1_202' title='bbox 1429 543 1580 564; x_wconf 80' lang='lat' dir='ltr'><strong>concavum</strong></span> <span class='ocrx_word' id='word_1_203' title='bbox 1595 536 1684 563; x_wconf 85' lang='lat' dir='ltr'><strong>inlinit</strong></span> 
     </span>
    </p>
   </div>
   <div class='ocr_carea' id='block_1_26' title="bbox 901 577 1684 615">
    <p class='ocr_par' dir='ltr' id='par_1_26' title="bbox 901 577 1684 615">
     <span class='ocr_line' id='line_1_26' title="bbox 901 577 1684 615; baseline 0.003 -11"><span class='ocrx_word' id='word_1_204' title='bbox 901 583 982 613; x_wconf 89' lang='lat' dir='ltr'><strong>atque</strong></span> <span class='ocrx_word' id='word_1_205' title='bbox 1003 577 1151 613; x_wconf 83' lang='lat' dir='ltr'><strong>irrumpit:</strong></span> <span class='ocrx_word' id='word_1_206' title='bbox 1167 586 1214 606; x_wconf 89' lang='lat' dir='ltr'><strong>aer</strong></span> <span class='ocrx_word' id='word_1_207' title='bbox 1230 587 1310 611; x_wconf 72' lang='lat' dir='ltr'><strong>vero.</strong></span> <span class='ocrx_word' id='word_1_208' title='bbox 1338 579 1385 615; x_wconf 90' lang='lat' dir='ltr'><strong>qui</strong></span> <span class='ocrx_word' id='word_1_209' title='bbox 1401 579 1428 606; x_wconf 91' lang='lat' dir='ltr'><strong>in</strong></span> <span class='ocrx_word' id='word_1_210' title='bbox 1453 587 1575 607; x_wconf 87' lang='lat' dir='ltr'><strong>concavo</strong></span> <span class='ocrx_word' id='word_1_211' title='bbox 1598 580 1684 607; x_wconf 89' lang='lat' dir='ltr'><strong>inter-</strong></span> 
     </span>
    </p>
   </div>
   <div class='ocr_carea' id='block_1_27' title="bbox 900 624 1686 660">
    <p class='ocr_par' dir='ltr' id='par_1_27' title="bbox 900 624 1686 660">
     <span class='ocr_line' id='line_1_27' title="bbox 900 624 1686 660; baseline 0.001 -9"><span class='ocrx_word' id='word_1_212' title='bbox 900 628 996 660; x_wconf 85' lang='lat' dir='ltr'><strong>ceptus</strong></span> <span class='ocrx_word' id='word_1_213' title='bbox 1022 624 1247 659; x_wconf 74' lang='lat' dir='ltr'><strong>deprehenditur,</strong></span> <span class='ocrx_word' id='word_1_214' title='bbox 1283 632 1332 660; x_wconf 90' lang='lat' dir='ltr'><strong>per</strong></span> <span class='ocrx_word' id='word_1_215' title='bbox 1367 625 1438 652; x_wconf 87' lang='lat' dir='ltr'><strong>idem</strong></span> <span class='ocrx_word' id='word_1_216' title='bbox 1465 632 1496 652; x_wconf 88' lang='lat' dir='ltr'><strong>os</strong></span> <span class='ocrx_word' id='word_1_217' title='bbox 1525 625 1551 652; x_wconf 90' lang='lat' dir='ltr'><strong>in</strong></span> <span class='ocrx_word' id='word_1_218' title='bbox 1576 629 1686 652; x_wconf 76' lang='lat' dir='ltr'><strong>contra-</strong></span> 
     </span>
    </p>
   </div>
   <div class='ocr_carea' id='block_1_28' title="bbox 904 670 1686 704">
    <p class='ocr_par' dir='ltr' id='par_1_28' title="bbox 904 670 1686 704">
     <span class='ocr_line' id='line_1_28' title="bbox 904 670 1686 704; baseline 0.003 -8"><span class='ocrx_word' id='word_1_219' title='bbox 904 670 975 696; x_wconf 91' lang='lat' dir='ltr'><strong>rium</strong></span> <span class='ocrx_word' id='word_1_220' title='bbox 1003 670 1074 696; x_wconf 79' lang='lat' dir='ltr'><strong>circa</strong></span> <span class='ocrx_word' id='word_1_221' title='bbox 1093 677 1190 704; x_wconf 89' lang='lat' dir='ltr'><strong>aquam</strong></span> <span class='ocrx_word' id='word_1_222' title='bbox 1217 674 1373 697; x_wconf 76' lang='lat' dir='ltr'><strong>coarctatus</strong></span> <span class='ocrx_word' id='word_1_223' title='bbox 1403 670 1532 698; x_wconf 81' lang='lat' dir='ltr'><strong>dilabitur</strong></span> <span class='ocrx_word' id='word_1_224' title='bbox 1565 678 1597 698; x_wconf 89' lang='lat' dir='ltr'><strong>ac</strong></span> <span class='ocrx_word' id='word_1_225' title='bbox 1613 675 1686 698; x_wconf 63' lang='lat' dir='ltr'><strong>raro</strong></span> 
     </span>
    </p>
   </div>
   <div class='ocr_carea' id='block_1_29' title="bbox 900 714 1685 750">
    <p class='ocr_par' dir='ltr' id='par_1_29' title="bbox 900 714 1685 750">
     <span class='ocr_line' id='line_1_29' title="bbox 900 714 1685 750; baseline 0 -8"><span class='ocrx_word' id='word_1_226' title='bbox 900 714 978 748; x_wconf 85' lang='lat' dir='ltr'><strong>linit,</strong></span> <span class='ocrx_word' id='word_1_227' title='bbox 997 714 1065 742; x_wconf 84' lang='lat' dir='ltr'><strong>adeo</strong></span> <span class='ocrx_word' id='word_1_228' title='bbox 1079 719 1108 742; x_wconf 89' lang='lat' dir='ltr'><strong>ut</strong></span> <span class='ocrx_word' id='word_1_229' title='bbox 1133 723 1182 750; x_wconf 89' lang='lat' dir='ltr'><strong>per</strong></span> <span class='ocrx_word' id='word_1_230' title='bbox 1203 715 1275 742; x_wconf 86' lang='lat' dir='ltr'><strong>hunc</strong></span> <span class='ocrx_word' id='word_1_231' title='bbox 1304 723 1373 750; x_wconf 85' lang='lat' dir='ltr'><strong>aqua</strong></span> <span class='ocrx_word' id='word_1_232' title='bbox 1402 716 1479 750; x_wconf 84' lang='lat' dir='ltr'><strong>quasi</strong></span> <span class='ocrx_word' id='word_1_233' title='bbox 1503 716 1685 750; x_wconf 78' lang='lat' dir='ltr'><strong>interrumpa-</strong></span> 
     </span>
    </p>
   </div>
   <div class='ocr_carea' id='block_1_30' title="bbox 65 760 852 798">
    <p class='ocr_par' dir='ltr' id='par_1_30' title="bbox 65 760 850 798">
     <span class='ocr_line' id='line_1_30' title="bbox 65 760 850 798; baseline -0.001 -9"><span class='ocrx_word' id='word_1_234' title='bbox 65 762 164 797; x_wconf 77' lang='grc' dir='ltr'>φύσεως</span> <span class='ocrx_word' id='word_1_235' title='bbox 192 761 338 796; x_wconf 69' lang='grc' dir='ltr'>ἐπενόησε.</span> <span class='ocrx_word' id='word_1_236' title='bbox 355 760 450 788; x_wconf 82' lang='grc' dir='ltr'>Κοῖλον</span> <span class='ocrx_word' id='word_1_237' title='bbox 473 761 527 797; x_wconf 85' lang='grc' dir='ltr'><strong>γάρ</strong></span> <span class='ocrx_word' id='word_1_238' title='bbox 548 769 575 788; x_wconf 76' lang='grc' dir='ltr'><strong>τι</strong></span> <span class='ocrx_word' id='word_1_239' title='bbox 592 761 648 797; x_wconf 77' lang='grc'><strong>(41)</strong></span> <span class='ocrx_word' id='word_1_240' title='bbox 663 762 695 788; x_wconf 77' lang='grc' dir='ltr'>ἐκ</span> <span class='ocrx_word' id='word_1_241' title='bbox 717 762 850 798; x_wconf 72' lang='grc' dir='ltr'>πεγανῆς</span> 
     </span>
    </p>
   </div>
   <div class='ocr_carea' id='block_1_31' title="bbox 908 760 1686 798">
    <p class='ocr_par' dir='ltr' id='par_1_31' title="bbox 908 761 1686 797">
     <span class='ocr_line' id='line_1_31' title="bbox 908 761 1686 797; baseline -0.001 -9"><span class='ocrx_word' id='word_1_242' title='bbox 908 769 946 788; x_wconf 72' lang='grc' dir='ltr'>ιιιι·</span> <span class='ocrx_word' id='word_1_243' title='bbox 968 766 995 789; x_wconf 93' lang='lat' dir='ltr'><strong>et</strong></span> <span class='ocrx_word' id='word_1_244' title='bbox 1017 761 1197 796; x_wconf 79' lang='lat' dir='ltr'><strong>impediatur,</strong></span> <span class='ocrx_word' id='word_1_245' title='bbox 1219 769 1251 789; x_wconf 81' lang='lat' dir='ltr'><strong>ac</strong></span> <span class='ocrx_word' id='word_1_246' title='bbox 1282 762 1306 788; x_wconf 93' lang='lat' dir='ltr'><strong>vi</strong></span> <span class='ocrx_word' id='word_1_247' title='bbox 1336 762 1448 797; x_wconf 84' lang='lat' dir='ltr'><strong>spiritus</strong></span> <span class='ocrx_word' id='word_1_248' title='bbox 1476 761 1592 789; x_wconf 80' lang='lat' dir='ltr'><strong>refracta</strong></span> <span class='ocrx_word' id='word_1_249' title='bbox 1615 762 1686 788; x_wconf 89' lang='lat' dir='ltr'><strong>rcci-</strong></span> 
     </span>
    </p>
   </div>
   <div class='ocr_carea' id='block_1_32' title="bbox 65 793 852 844">
    <p class='ocr_par' dir='ltr' id='par_1_32' title="bbox 65 793 849 844">
     <span class='ocr_line' id='line_1_32' title="bbox 65 793 849 844; baseline 0.003 -11"><span class='ocrx_word' id='word_1_250' title='bbox 65 793 126 843; x_wconf 67' lang='grc' dir='ltr'>έιλης</span> <span class='ocrx_word' id='word_1_251' title='bbox 151 793 381 839; x_wconf 67' lang='grc' dir='ltr'><strong>κατασκευάσας,</strong></span> <span class='ocrx_word' id='word_1_252' title='bbox 400 807 447 833; x_wconf 82' lang='grc' dir='ltr'>καὶ</span> <span class='ocrx_word' id='word_1_253' title='bbox 465 793 695 842; x_wconf 34' lang='grc' dir='ltr'>ττανταχόθενΙτὺν</span> <span class='ocrx_word' id='word_1_254' title='bbox 720 808 750 834; x_wconf 80' lang='grc' dir='ltr'>ἐν</span> <span class='ocrx_word' id='word_1_255' title='bbox 770 793 849 844; x_wconf 73' lang='grc' dir='ltr'>ἀιτῷ</span> 
     </span>
    </p>
   </div>
   <div class='ocr_carea' id='block_1_33' title="bbox 908 793 1684 844">
    <p class='ocr_par' dir='ltr' id='par_1_33' title="bbox 908 807 1684 843">
     <span class='ocr_line' id='line_1_33' title="bbox 908 807 1684 843; baseline 0 -9"><span class='ocrx_word' id='word_1_256' title='bbox 908 811 1071 842; x_wconf 67' lang='lat' dir='ltr'><strong>procataque</strong></span> <span class='ocrx_word' id='word_1_257' title='bbox 1085 815 1118 834; x_wconf 92' lang='lat' dir='ltr'><strong>ac</strong></span> <span class='ocrx_word' id='word_1_258' title='bbox 1142 815 1272 842; x_wconf 85' lang='lat' dir='ltr'><strong>spumans</strong></span> <span class='ocrx_word' id='word_1_259' title='bbox 1298 807 1375 842; x_wconf 86' lang='lat' dir='ltr'><strong>quasi</strong></span> <span class='ocrx_word' id='word_1_260' title='bbox 1392 815 1406 835; x_wconf 88' lang='lat' dir='ltr'><strong>e</strong></span> <span class='ocrx_word' id='word_1_261' title='bbox 1421 807 1565 843; x_wconf 81' lang='lat' dir='ltr'><strong>conchylio</strong></span> <span class='ocrx_word' id='word_1_262' title='bbox 1587 815 1684 835; x_wconf 87' lang='lat' dir='ltr'><strong>sonum</strong></span> 
     </span>
    </p>
   </div>
   <div class='ocr_carea' id='block_1_34' title="bbox 66 852 852 889">
    <p class='ocr_par' dir='ltr' id='par_1_34' title="bbox 66 852 850 889">
     <span class='ocr_line' id='line_1_34' title="bbox 66 852 850 889; baseline 0 -9"><span class='ocrx_word' id='word_1_263' title='bbox 66 853 128 888; x_wconf 83' lang='grc' dir='ltr'>ἀέρα</span> <span class='ocrx_word' id='word_1_264' title='bbox 142 852 283 889; x_wconf 83' lang='grc' dir='ltr'><strong>περισχὼν</strong></span> <span class='ocrx_word' id='word_1_265' title='bbox 311 852 505 879; x_wconf 78' lang='grc' dir='ltr'>ἀδιάπνευστον</span> <span class='ocrx_word' id='word_1_266' title='bbox 517 873 525 885; x_wconf 84' lang='grc'>,</span> <span class='ocrx_word' id='word_1_267' title='bbox 547 853 645 886; x_wconf 77' lang='grc' dir='ltr'>ἐπάγει</span> <span class='ocrx_word' id='word_1_268' title='bbox 667 853 699 879; x_wconf 83' lang='grc' dir='ltr'>τὸ</span> <span class='ocrx_word' id='word_1_269' title='bbox 717 852 790 889; x_wconf 82' lang='grc' dir='ltr'><strong>ὕδωρ</strong></span> <span class='ocrx_word' id='word_1_270' title='bbox 805 854 850 881; x_wconf 83' lang='grc' dir='ltr'>διὰ</span> 
     </span>
    </p>
   </div>
   <div class='ocr_carea' id='block_1_35' title="bbox 908 852 1685 889">
    <p class='ocr_par' dir='ltr' id='par_1_35' title="bbox 908 852 1685 888">
     <span class='ocr_line' id='line_1_35' title="bbox 908 852 1685 888; baseline -0.003 -7"><span class='ocrx_word' id='word_1_271' title='bbox 908 853 971 881; x_wconf 60' lang='lat' dir='ltr'><strong>idat.</strong></span> <span class='ocrx_word' id='word_1_272' title='bbox 1001 852 1034 879; x_wconf 85' lang='lat' dir='ltr'><strong>Et</strong></span> <span class='ocrx_word' id='word_1_273' title='bbox 1058 853 1117 880; x_wconf 62' lang='lat' dir='ltr'><strong>huic</strong></span> <span class='ocrx_word' id='word_1_274' title='bbox 1140 853 1223 887; x_wconf 81' lang='lat' dir='ltr'><strong>igitur</strong></span> <span class='ocrx_word' id='word_1_275' title='bbox 1242 853 1435 881; x_wconf 82' lang='lat' dir='ltr'><strong>animadvertit</strong></span> <span class='ocrx_word' id='word_1_276' title='bbox 1451 873 1459 885; x_wconf 84' lang='lat'><strong>,</strong></span> <span class='ocrx_word' id='word_1_277' title='bbox 1486 857 1514 880; x_wconf 89' lang='lat' dir='ltr'><strong>et</strong></span> <span class='ocrx_word' id='word_1_278' title='bbox 1549 852 1685 888; x_wconf 88' lang='lat' dir='ltr'><strong>quomodo</strong></span> 
     </span>
    </p>
   </div>
   <div class='ocr_carea' id='block_1_36' title="bbox 66 898 852 935">
    <p class='ocr_par' dir='ltr' id='par_1_36' title="bbox 66 898 850 935">
     <span class='ocr_line' id='line_1_36' title="bbox 66 898 850 935; baseline 0 -9"><span class='ocrx_word' id='word_1_279' title='bbox 66 899 190 935; x_wconf 78' lang='grc' dir='ltr'>στόματος</span> <span class='ocrx_word' id='word_1_280' title='bbox 204 898 263 934; x_wconf 67' lang='grc' dir='ltr'><strong>(Β)</strong></span> <span class='ocrx_word' id='word_1_281' title='bbox 283 898 323 934; x_wconf 77' lang='grc' dir='ltr'>τῷ</span> <span class='ocrx_word' id='word_1_282' title='bbox 336 899 428 933; x_wconf 80' lang='grc' dir='ltr'>κοίλῳ,</span> <span class='ocrx_word' id='word_1_283' title='bbox 448 898 519 925; x_wconf 85' lang='grc' dir='ltr'><strong>κατά</strong></span> <span class='ocrx_word' id='word_1_284' title='bbox 534 898 565 925; x_wconf 71' lang='lat' dir='ltr'><strong>rb</strong></span> <span class='ocrx_word' id='word_1_285' title='bbox 582 898 681 934; x_wconf 78' lang='grc' dir='ltr'>μέτρον</span> <span class='ocrx_word' id='word_1_286' title='bbox 693 899 742 934; x_wconf 81' lang='grc' dir='ltr'>τῆς</span> <span class='ocrx_word' id='word_1_287' title='bbox 755 899 850 935; x_wconf 82' lang='grc' dir='ltr'>χρείας</span> 
     </span>
    </p>
   </div>
   <div class='ocr_carea' id='block_1_37' title="bbox 908 898 1685 935">
    <p class='ocr_par' dir='ltr' id='par_1_37' title="bbox 908 898 1685 934">
     <span class='ocr_line' id='line_1_37' title="bbox 908 898 1685 934; baseline 0 -9"><span class='ocrx_word' id='word_1_288' title='bbox 908 899 1012 934; x_wconf 79' lang='lat' dir='ltr'><strong>:piritus</strong></span> <span class='ocrx_word' id='word_1_289' title='bbox 1043 898 1178 925; x_wconf 87' lang='lat' dir='ltr'><strong>machinis</strong></span> <span class='ocrx_word' id='word_1_290' title='bbox 1200 898 1380 930; x_wconf 77' lang='lat' dir='ltr'><strong>immittatur,</strong></span> <span class='ocrx_word' id='word_1_291' title='bbox 1415 905 1462 933; x_wconf 92' lang='lat' dir='ltr'><strong>per</strong></span> <span class='ocrx_word' id='word_1_292' title='bbox 1488 898 1685 925; x_wconf 84' lang='lat' dir='ltr'><strong>elementorum</strong></span> 
     </span>
    </p>
   </div>
   <div class='ocr_carea' id='block_1_38' title="bbox 65 942 852 980">
    <p class='ocr_par' dir='ltr' id='par_1_38' title="bbox 65 942 850 980">
     <span class='ocr_line' id='line_1_38' title="bbox 65 942 850 980; baseline 0 -9"><span class='ocrx_word' id='word_1_293' title='bbox 65 945 93 971; x_wconf 67' lang='lat' dir='ltr'><strong>sb</strong></span> <span class='ocrx_word' id='word_1_294' title='bbox 103 944 182 971; x_wconf 74' lang='grc' dir='ltr'>ποσὸν</span> <span class='ocrx_word' id='word_1_295' title='bbox 201 944 404 980; x_wconf 83' lang='grc' dir='ltr'>συμμετρήσας</span> <span class='ocrx_word' id='word_1_296' title='bbox 423 943 471 970; x_wconf 86' lang='grc' dir='ltr'>τοῦ</span> <span class='ocrx_word' id='word_1_297' title='bbox 494 943 607 976; x_wconf 83' lang='grc' dir='ltr'>ὕδατος,</span> <span class='ocrx_word' id='word_1_298' title='bbox 626 942 677 971; x_wconf 76' lang='grc' dir='ltr'>εἷθ’</span> <span class='ocrx_word' id='word_1_299' title='bbox 693 944 780 976; x_wconf 75' lang='grc' dir='ltr'>οὕτως</span> <span class='ocrx_word' id='word_1_300' title='bbox 802 945 850 972; x_wconf 74' lang='grc' dir='ltr'><strong>ἐπὶ</strong></span> 
     </span>
    </p>
   </div>
   <div class='ocr_carea' id='block_1_39' title="bbox 908 942 1687 980">
    <p class='ocr_par' dir='ltr' id='par_1_39' title="bbox 908 943 1687 978">
     <span class='ocr_line' id='line_1_39' title="bbox 908 943 1687 978; baseline 0.001 -8"><span class='ocrx_word' id='word_1_301' title='bbox 908 948 1023 971; x_wconf 79' lang='lat' dir='ltr'><strong>laturam</strong></span> <span class='ocrx_word' id='word_1_302' title='bbox 1040 943 1216 978; x_wconf 42' lang='lat' dir='ltr'><strong>excoltitavit.</strong></span> <span class='ocrx_word' id='word_1_303' title='bbox 1233 943 1300 970; x_wconf 79' lang='lat' dir='ltr'><strong>Nam</strong></span> <span class='ocrx_word' id='word_1_304' title='bbox 1328 951 1448 971; x_wconf 86' lang='lat' dir='ltr'><strong>concavo</strong></span> <span class='ocrx_word' id='word_1_305' title='bbox 1463 944 1581 978; x_wconf 85' lang='lat' dir='ltr'><strong>quodam</strong></span> <span class='ocrx_word' id='word_1_306' title='bbox 1597 951 1629 971; x_wconf 82' lang='lat' dir='ltr'><strong>ex</strong></span> <span class='ocrx_word' id='word_1_307' title='bbox 1644 950 1687 971; x_wconf 85' lang='lat' dir='ltr'><strong>so-</strong></span> 
     </span>
    </p>
   </div>
   <div class='ocr_carea' id='block_1_40' title="bbox 65 988 852 1025">
    <p class='ocr_par' dir='ltr' id='par_1_40' title="bbox 65 988 849 1025">
     <span class='ocr_line' id='line_1_40' title="bbox 65 988 849 1025; baseline 0.001 -8"><span class='ocrx_word' id='word_1_308' title='bbox 65 990 106 1017; x_wconf 70' lang='grc' dir='ltr'><strong>τῦν</strong></span> <span class='ocrx_word' id='word_1_309' title='bbox 119 989 322 1025; x_wconf 80' lang='grc' dir='ltr'>παρακείμενον</span> <span class='ocrx_word' id='word_1_310' title='bbox 333 988 415 1015; x_wconf 79' lang='grc' dir='ltr'>αὺλδν</span> <span class='ocrx_word' id='word_1_311' title='bbox 429 988 521 1016; x_wconf 84' lang='grc' dir='ltr'>δίδωσι</span> <span class='ocrx_word' id='word_1_312' title='bbox 534 989 604 1016; x_wconf 86' lang='grc' dir='ltr'><strong>κατά</strong></span> <span class='ocrx_word' id='word_1_313' title='bbox 616 988 647 1016; x_wconf 62' lang='lat' dir='ltr'><strong>rb</strong></span> <span class='ocrx_word' id='word_1_314' title='bbox 660 989 849 1025; x_wconf 78' lang='grc' dir='ltr'>ἀντικείμενον</span> 
     </span>
    </p>
   </div>
   <div class='ocr_carea' id='block_1_41' title="bbox 908 988 1686 1025">
    <p class='ocr_par' dir='ltr' id='par_1_41' title="bbox 909 989 1686 1025">
     <span class='ocr_line' id='line_1_41' title="bbox 909 989 1686 1025; baseline 0.001 -9"><span class='ocrx_word' id='word_1_315' title='bbox 909 989 953 1016; x_wconf 87' lang='lat' dir='ltr'><strong>ida</strong></span> <span class='ocrx_word' id='word_1_316' title='bbox 973 989 1096 1024; x_wconf 85' lang='lat' dir='ltr'><strong>duraque</strong></span> <span class='ocrx_word' id='word_1_317' title='bbox 1131 990 1245 1017; x_wconf 88' lang='lat' dir='ltr'><strong>materia</strong></span> <span class='ocrx_word' id='word_1_318' title='bbox 1283 990 1376 1023; x_wconf 80' lang='lat' dir='ltr'><strong>facto,</strong></span> <span class='ocrx_word' id='word_1_319' title='bbox 1411 994 1493 1025; x_wconf 86' lang='lat' dir='ltr'><strong>atque</strong></span> <span class='ocrx_word' id='word_1_320' title='bbox 1526 997 1590 1018; x_wconf 87' lang='lat' dir='ltr'><strong>aere</strong></span> <span class='ocrx_word' id='word_1_321' title='bbox 1613 990 1686 1017; x_wconf 88' lang='lat' dir='ltr'><strong>intus</strong></span> 
     </span>
    </p>
   </div>
   <div class='ocr_carea' id='block_1_42' title="bbox 65 1033 852 1072">
    <p class='ocr_par' dir='ltr' id='par_1_42' title="bbox 65 1033 848 1072">
     <span class='ocr_line' id='line_1_42' title="bbox 65 1033 848 1072; baseline 0 -10"><span class='ocrx_word' id='word_1_322' title='bbox 65 1035 100 1072; x_wconf 76' lang='grc' dir='ltr'><strong>τῷ</strong></span> <span class='ocrx_word' id='word_1_323' title='bbox 114 1035 172 1071; x_wconf 80' lang='grc' dir='ltr'>ἀέρι</span> <span class='ocrx_word' id='word_1_324' title='bbox 189 1035 241 1071; x_wconf 83' lang='grc' dir='ltr'>τὴν</span> <span class='ocrx_word' id='word_1_325' title='bbox 254 1034 352 1067; x_wconf 81' lang='grc' dir='ltr'>δίοδον,</span> <span class='ocrx_word' id='word_1_326' title='bbox 368 1033 557 1069; x_wconf 78' lang='grc' dir='ltr'>ἐκθλιϐόμενος</span> <span class='ocrx_word' id='word_1_327' title='bbox 571 1034 600 1061; x_wconf 84' lang='grc' dir='ltr'><strong>δὲ</strong></span> <span class='ocrx_word' id='word_1_328' title='bbox 611 1034 650 1070; x_wconf 82' lang='grc' dir='ltr'>τῷ</span> <span class='ocrx_word' id='word_1_329' title='bbox 669 1034 745 1062; x_wconf 81' lang='grc' dir='ltr'>ὕδατι</span> <span class='ocrx_word' id='word_1_330' title='bbox 761 1035 848 1070; x_wconf 84' lang='grc' dir='ltr'>βιαιό-</span> 
     </span>
    </p>
   </div>
   <div class='ocr_carea' id='block_1_43' title="bbox 908 1033 1687 1072">
    <p class='ocr_par' dir='ltr' id='par_1_43' title="bbox 908 1035 1687 1071">
     <span class='ocr_line' id='line_1_43' title="bbox 908 1035 1687 1071; baseline 0 -8"><span class='ocrx_word' id='word_1_331' title='bbox 908 1036 1033 1064; x_wconf 87' lang='lat' dir='ltr'><strong>:oncluso</strong></span> <span class='ocrx_word' id='word_1_332' title='bbox 1074 1036 1193 1071; x_wconf 86' lang='lat' dir='ltr'><strong>undique</strong></span> <span class='ocrx_word' id='word_1_333' title='bbox 1222 1035 1345 1064; x_wconf 85' lang='lat' dir='ltr'><strong>cohibito</strong></span> <span class='ocrx_word' id='word_1_334' title='bbox 1362 1040 1442 1071; x_wconf 89' lang='lat' dir='ltr'><strong>atque</strong></span> <span class='ocrx_word' id='word_1_335' title='bbox 1465 1043 1624 1071; x_wconf 85' lang='lat' dir='ltr'><strong>compresso</strong></span> <span class='ocrx_word' id='word_1_336' title='bbox 1653 1043 1687 1063; x_wconf 91' lang='lat' dir='ltr'><strong>ne</strong></span> 
     </span>
    </p>
   </div>
   <div class='ocr_carea' id='block_1_44' title="bbox 66 1079 852 1117">
    <p class='ocr_par' dir='ltr' id='par_1_44' title="bbox 66 1079 847 1117">
     <span class='ocr_line' id='line_1_44' title="bbox 66 1079 847 1117; baseline 0.003 -10"><span class='ocrx_word' id='word_1_337' title='bbox 66 1089 136 1117; x_wconf 75' lang='grc' dir='ltr'>τερον</span> <span class='ocrx_word' id='word_1_338' title='bbox 151 1081 165 1107; x_wconf 81' lang='grc' dir='ltr'><strong>ὁ</strong></span> <span class='ocrx_word' id='word_1_339' title='bbox 179 1081 235 1116; x_wconf 85' lang='grc' dir='ltr'>ἀὴρ</span> <span class='ocrx_word' id='word_1_340' title='bbox 258 1079 368 1115; x_wconf 80' lang='grc' dir='ltr'>πνεῦμα</span> <span class='ocrx_word' id='word_1_341' title='bbox 381 1080 504 1114; x_wconf 74' lang='grc' dir='ltr'><strong>γίνεται⁸</strong></span> <span class='ocrx_word' id='word_1_342' title='bbox 517 1080 586 1116; x_wconf 84' lang='grc' dir='ltr'>ὅπερ</span> <span class='ocrx_word' id='word_1_343' title='bbox 601 1079 732 1108; x_wconf 77' lang='grc' dir='ltr'>ἐκπίπτον</span> <span class='ocrx_word' id='word_1_344' title='bbox 742 1081 798 1116; x_wconf 77' lang='grc'><strong>(45)</strong></span> <span class='ocrx_word' id='word_1_345' title='bbox 814 1082 847 1117; x_wconf 78' lang='grc' dir='ltr'>τῇ</span> 
     </span>
    </p>
   </div>
   <div class='ocr_carea' id='block_1_45' title="bbox 908 1079 1688 1117">
    <p class='ocr_par' dir='ltr' id='par_1_45' title="bbox 908 1081 1688 1117">
     <span class='ocr_line' id='line_1_45' title="bbox 908 1081 1688 1117; baseline -0.003 -8"><span class='ocrx_word' id='word_1_346' title='bbox 908 1082 1034 1117; x_wconf 68' lang='lat' dir='ltr'><strong>exspiret,</strong></span> <span class='ocrx_word' id='word_1_347' title='bbox 1053 1089 1162 1116; x_wconf 89' lang='lat' dir='ltr'><strong>aquam,</strong></span> <span class='ocrx_word' id='word_1_348' title='bbox 1179 1089 1228 1116; x_wconf 92' lang='lat' dir='ltr'><strong>pro</strong></span> <span class='ocrx_word' id='word_1_349' title='bbox 1252 1081 1333 1109; x_wconf 88' lang='lat' dir='ltr'><strong>modo</strong></span> <span class='ocrx_word' id='word_1_350' title='bbox 1356 1081 1498 1116; x_wconf 66' lang='lat' dir='ltr'><strong>praesentis</strong></span> <span class='ocrx_word' id='word_1_351' title='bbox 1515 1089 1581 1108; x_wconf 89' lang='lat' dir='ltr'><strong>usus</strong></span> <span class='ocrx_word' id='word_1_352' title='bbox 1603 1089 1688 1116; x_wconf 89' lang='lat' dir='ltr'><strong>quan-</strong></span> 
     </span>
    </p>
   </div>
   <div class='ocr_carea' id='block_1_46' title="bbox 66 1123 852 1164">
    <p class='ocr_par' dir='ltr' id='par_1_46' title="bbox 66 1123 620 1162">
     <span class='ocr_line' id='line_1_46' title="bbox 66 1123 620 1162; baseline -0.002 -8"><span class='ocrx_word' id='word_1_353' title='bbox 66 1127 214 1162; x_wconf 75' lang='grc' dir='ltr'>κατασκευῇ</span> <span class='ocrx_word' id='word_1_354' title='bbox 232 1125 281 1152; x_wconf 83' lang='grc' dir='ltr'>τοῦ</span> <span class='ocrx_word' id='word_1_355' title='bbox 298 1125 382 1152; x_wconf 78' lang='grc' dir='ltr'>αὐλοῦ</span> <span class='ocrx_word' id='word_1_356' title='bbox 400 1125 445 1152; x_wconf 85' lang='grc' dir='ltr'>τὸν</span> <span class='ocrx_word' id='word_1_357' title='bbox 460 1123 526 1161; x_wconf 86' lang='grc' dir='ltr'>ἦχον</span> <span class='ocrx_word' id='word_1_358' title='bbox 539 1126 620 1153; x_wconf 87' lang='grc' dir='ltr'><strong>ποιεῖ.</strong></span> 
     </span>
    </p>
   </div>
   <div class='ocr_carea' id='block_1_47' title="bbox 908 1123 1687 1164">
    <p class='ocr_par' dir='ltr' id='par_1_47' title="bbox 908 1128 1687 1164">
     <span class='ocr_line' id='line_1_47' title="bbox 908 1128 1687 1164; baseline 0 -8"><span class='ocrx_word' id='word_1_359' title='bbox 908 1129 1008 1156; x_wconf 87' lang='lat' dir='ltr'><strong>titatem</strong></span> <span class='ocrx_word' id='word_1_360' title='bbox 1037 1129 1096 1163; x_wconf 89' lang='lat' dir='ltr'><strong>ejus</strong></span> <span class='ocrx_word' id='word_1_361' title='bbox 1119 1128 1272 1161; x_wconf 83' lang='lat' dir='ltr'><strong>dimensus,</strong></span> <span class='ocrx_word' id='word_1_362' title='bbox 1299 1136 1347 1164; x_wconf 89' lang='lat' dir='ltr'><strong>per</strong></span> <span class='ocrx_word' id='word_1_363' title='bbox 1373 1137 1404 1157; x_wconf 89' lang='lat' dir='ltr'><strong>os</strong></span> <span class='ocrx_word' id='word_1_364' title='bbox 1431 1129 1458 1156; x_wconf 92' lang='lat' dir='ltr'><strong>in</strong></span> <span class='ocrx_word' id='word_1_365' title='bbox 1483 1136 1634 1157; x_wconf 87' lang='lat' dir='ltr'><strong>concavqu</strong></span> <span class='ocrx_word' id='word_1_366' title='bbox 1650 1129 1687 1156; x_wconf 89' lang='lat' dir='ltr'><strong>in-</strong></span> 
     </span>
    </p>
   </div>
   <div class='ocr_carea' id='block_1_48' title="bbox 67 1172 1688 1211">
    <p class='ocr_par' dir='ltr' id='par_1_48' title="bbox 67 1172 1688 1211">
     <span class='ocr_line' id='line_1_48' title="bbox 67 1172 1688 1211; baseline 0.001 -10"><span class='ocrx_word' id='word_1_367' title='bbox 67 1174 151 1206; x_wconf 87' lang='lat' dir='ltr'><strong>ducit,</strong></span> <span class='ocrx_word' id='word_1_368' title='bbox 178 1173 279 1201; x_wconf 88' lang='lat' dir='ltr'><strong>dcinde</strong></span> <span class='ocrx_word' id='word_1_369' title='bbox 317 1172 359 1200; x_wconf 87' lang='lat' dir='ltr'><strong>sic</strong></span> <span class='ocrx_word' id='word_1_370' title='bbox 382 1173 415 1200; x_wconf 89' lang='lat' dir='ltr'><strong>ad</strong></span> <span class='ocrx_word' id='word_1_371' title='bbox 445 1173 598 1208; x_wconf 85' lang='lat' dir='ltr'><strong>oppositam</strong></span> <span class='ocrx_word' id='word_1_372' title='bbox 626 1173 744 1202; x_wconf 88' lang='lat' dir='ltr'><strong>listulam</strong></span> <span class='ocrx_word' id='word_1_373' title='bbox 773 1182 806 1203; x_wconf 82' lang='lat' dir='ltr'><strong>ex</strong></span> <span class='ocrx_word' id='word_1_374' title='bbox 841 1175 957 1204; x_wconf 87' lang='lat' dir='ltr'><strong>adverso</strong></span> <span class='ocrx_word' id='word_1_375' title='bbox 987 1176 1133 1204; x_wconf 87' lang='lat' dir='ltr'><strong>transitum</strong></span> <span class='ocrx_word' id='word_1_376' title='bbox 1161 1175 1218 1203; x_wconf 84' lang='lat' dir='ltr'><strong>aeri</strong></span> <span class='ocrx_word' id='word_1_377' title='bbox 1261 1175 1326 1207; x_wconf 87' lang='lat' dir='ltr'><strong>dat.</strong></span> <span class='ocrx_word' id='word_1_378' title='bbox 1352 1183 1498 1211; x_wconf 82' lang='lat' dir='ltr'><strong>expressus</strong></span> <span class='ocrx_word' id='word_1_379' title='bbox 1520 1180 1610 1204; x_wconf 90' lang='lat' dir='ltr'><strong>autem</strong></span> <span class='ocrx_word' id='word_1_380' title='bbox 1643 1185 1688 1204; x_wconf 79' lang='lat' dir='ltr'><strong>ve-</strong></span> 
     </span>
    </p>
   </div>
   <div class='ocr_carea' id='block_1_49' title="bbox 75 1220 1688 1259">
    <p class='ocr_par' dir='ltr' id='par_1_49' title="bbox 75 1220 1688 1259">
     <span class='ocr_line' id='line_1_49' title="bbox 75 1220 1688 1259; baseline 0.002 -11"><span class='ocrx_word' id='word_1_381' title='bbox 75 1221 223 1248; x_wconf 84' lang='lat' dir='ltr'><strong>hementius</strong></span> <span class='ocrx_word' id='word_1_382' title='bbox 262 1225 298 1248; x_wconf 84' lang='lat' dir='ltr'><strong>&#39;et</strong></span> <span class='ocrx_word' id='word_1_383' title='bbox 329 1220 414 1248; x_wconf 85' lang='lat' dir='ltr'><strong>elisus</strong></span> <span class='ocrx_word' id='word_1_384' title='bbox 441 1220 475 1247; x_wconf 89' lang='lat' dir='ltr'><strong>ab</strong></span> <span class='ocrx_word' id='word_1_385' title='bbox 510 1227 581 1255; x_wconf 87' lang='lat' dir='ltr'><strong>aqua</strong></span> <span class='ocrx_word' id='word_1_386' title='bbox 622 1220 767 1250; x_wconf 77' lang='lat' dir='ltr'><strong>violentius</strong></span> <span class='ocrx_word' id='word_1_387' title='bbox 801 1230 871 1256; x_wconf 87' lang='lat' dir='ltr'><strong>aer,</strong></span> <span class='ocrx_word' id='word_1_388' title='bbox 890 1223 1003 1259; x_wconf 76' lang='lat' dir='ltr'><strong>spiritus</strong></span> <span class='ocrx_word' id='word_1_389' title='bbox 1029 1223 1081 1250; x_wconf 87' lang='lat' dir='ltr'><strong>tit:</strong></span> <span class='ocrx_word' id='word_1_390' title='bbox 1112 1223 1159 1258; x_wconf 92' lang='lat' dir='ltr'><strong>qui</strong></span> <span class='ocrx_word' id='word_1_391' title='bbox 1199 1222 1312 1258; x_wconf 84' lang='lat' dir='ltr'><strong>spiritus</strong></span> <span class='ocrx_word' id='word_1_392' title='bbox 1342 1223 1451 1251; x_wconf 83' lang='lat' dir='ltr'><strong>irruens</strong></span> <span class='ocrx_word' id='word_1_393' title='bbox 1475 1227 1501 1251; x_wconf 89' lang='lat' dir='ltr'><strong>et</strong></span> <span class='ocrx_word' id='word_1_394' title='bbox 1528 1223 1688 1251; x_wconf 87' lang='lat' dir='ltr'><strong>incumbens</strong></span> 
     </span>
    </p>
   </div>
   <div class='ocr_carea' id='block_1_50' title="bbox 71 1266 610 1294">
    <p class='ocr_par' dir='ltr' id='par_1_50' title="bbox 71 1266 610 1294">
     <span class='ocr_line' id='line_1_50' title="bbox 71 1266 610 1294; baseline -0.002 0"><span class='ocrx_word' id='word_1_395' title='bbox 71 1268 95 1294; x_wconf 93' lang='lat' dir='ltr'><strong>in</strong></span> <span class='ocrx_word' id='word_1_396' title='bbox 113 1271 280 1294; x_wconf 84' lang='lat' dir='ltr'><strong>structuram</strong></span> <span class='ocrx_word' id='word_1_397' title='bbox 308 1266 405 1294; x_wconf 72' lang='lat' dir='ltr'><strong>listulae</strong></span> <span class='ocrx_word' id='word_1_398' title='bbox 424 1273 521 1294; x_wconf 87' lang='lat' dir='ltr'><strong>sonum</strong></span> <span class='ocrx_word' id='word_1_399' title='bbox 544 1266 610 1293; x_wconf 89' lang='lat' dir='ltr'><strong>edit.</strong></span> 
     </span>
    </p>
   </div>
   <div class='ocr_carea' id='block_1_51' title="bbox 97 1310 852 1350">
    <p class='ocr_par' dir='ltr' id='par_1_51' title="bbox 97 1310 850 1350">
     <span class='ocr_line' id='line_1_51' title="bbox 97 1310 850 1350; baseline 0.004 -12"><span class='ocrx_word' id='word_1_400' title='bbox 97 1310 155 1348; x_wconf 72' lang='grc' dir='ltr'><strong>Ἆρ’</strong></span> <span class='ocrx_word' id='word_1_401' title='bbox 174 1313 204 1339; x_wconf 87' lang='grc' dir='ltr'>οὺ</span> <span class='ocrx_word' id='word_1_402' title='bbox 218 1312 276 1346; x_wconf 74' lang='grc'><strong>(44)</strong></span> <span class='ocrx_word' id='word_1_403' title='bbox 300 1312 424 1348; x_wconf 82' lang='grc' dir='ltr'>φανερῶς</span> <span class='ocrx_word' id='word_1_404' title='bbox 438 1311 574 1339; x_wconf 77' lang='grc' dir='ltr'>δείκνυται</span> <span class='ocrx_word' id='word_1_405' title='bbox 589 1312 633 1339; x_wconf 81' lang='grc' dir='ltr'>διὰ</span> <span class='ocrx_word' id='word_1_406' title='bbox 645 1312 698 1339; x_wconf 81' lang='grc' dir='ltr'><strong>τῶν</strong></span> <span class='ocrx_word' id='word_1_407' title='bbox 720 1314 850 1350; x_wconf 78' lang='grc' dir='ltr'>φαινομέ-</span> 
     </span>
    </p>
   </div>
   <div class='ocr_carea' id='block_1_52' title="bbox 908 1310 1689 1350">
    <p class='ocr_par' dir='ltr' id='par_1_52' title="bbox 939 1310 1689 1347">
     <span class='ocr_line' id='line_1_52' title="bbox 939 1310 1689 1347; baseline -0.003 -8"><span class='ocrx_word' id='word_1_408' title='bbox 939 1313 1037 1339; x_wconf 85' lang='lat' dir='ltr'><strong>Annon</strong></span> <span class='ocrx_word' id='word_1_409' title='bbox 1067 1311 1151 1347; x_wconf 73' lang='lat' dir='ltr'><strong>igitur</strong></span> <span class='ocrx_word' id='word_1_410' title='bbox 1172 1319 1219 1346; x_wconf 88' lang='lat' dir='ltr'><strong>per</strong></span> <span class='ocrx_word' id='word_1_411' title='bbox 1241 1318 1273 1338; x_wconf 87' lang='lat' dir='ltr'><strong>ea</strong></span> <span class='ocrx_word' id='word_1_412' title='bbox 1301 1318 1362 1346; x_wconf 65' lang='lat' dir='ltr'><strong>qua:</strong></span> <span class='ocrx_word' id='word_1_413' title='bbox 1388 1314 1520 1346; x_wconf 82' lang='lat' dir='ltr'><strong>apparent</strong></span> <span class='ocrx_word' id='word_1_414' title='bbox 1543 1310 1689 1339; x_wconf 83' lang='lat' dir='ltr'><strong>manifesto</strong></span> 
     </span>
    </p>
   </div>
   <div class='ocr_carea' id='block_1_53' title="bbox 67 1356 852 1396">
    <p class='ocr_par' dir='ltr' id='par_1_53' title="bbox 67 1357 850 1396">
     <span class='ocr_line' id='line_1_53' title="bbox 67 1357 850 1396; baseline 0.005 -13"><span class='ocrx_word' id='word_1_415' title='bbox 67 1367 123 1389; x_wconf 84' lang='grc' dir='ltr'>νων,</span> <span class='ocrx_word' id='word_1_416' title='bbox 140 1359 179 1384; x_wconf 85' lang='grc' dir='ltr'>ὃτι</span> <span class='ocrx_word' id='word_1_417' title='bbox 197 1358 256 1384; x_wconf 79' lang='grc' dir='ltr'>ἐστι</span> <span class='ocrx_word' id='word_1_418' title='bbox 278 1366 321 1390; x_wconf 87' lang='grc' dir='ltr'><strong>τις</strong></span> <span class='ocrx_word' id='word_1_419' title='bbox 340 1358 369 1384; x_wconf 83' lang='grc' dir='ltr'>ὲν</span> <span class='ocrx_word' id='word_1_420' title='bbox 383 1357 421 1393; x_wconf 83' lang='grc' dir='ltr'><strong>τῷ</strong></span> <span class='ocrx_word' id='word_1_421' title='bbox 439 1357 575 1393; x_wconf 79' lang='grc' dir='ltr'>ἀνθρώπῳ</span> <span class='ocrx_word' id='word_1_422' title='bbox 587 1359 649 1390; x_wconf 82' lang='grc' dir='ltr'>νοῦς</span> <span class='ocrx_word' id='word_1_423' title='bbox 673 1359 738 1387; x_wconf 77' lang='grc' dir='ltr'>ἄλλο</span> <span class='ocrx_word' id='word_1_424' title='bbox 755 1369 781 1387; x_wconf 93' lang='grc' dir='ltr'><strong>τι</strong></span> <span class='ocrx_word' id='word_1_425' title='bbox 795 1361 850 1396; x_wconf 77' lang='grc'><strong>(45)</strong></span> 
     </span>
    </p>
   </div>
   <div class='ocr_carea' id='block_1_54' title="bbox 908 1356 1688 1396">
    <p class='ocr_par' dir='ltr' id='par_1_54' title="bbox 908 1356 1688 1392">
     <span class='ocr_line' id='line_1_54' title="bbox 908 1356 1688 1392; baseline -0.003 -6"><span class='ocrx_word' id='word_1_426' title='bbox 908 1359 1059 1386; x_wconf 75' lang='lat' dir='ltr'><strong>ostenditur</strong></span> <span class='ocrx_word' id='word_1_427' title='bbox 1092 1357 1164 1392; x_wconf 92' lang='lat' dir='ltr'><strong>quod</strong></span> <span class='ocrx_word' id='word_1_428' title='bbox 1198 1358 1234 1385; x_wconf 85' lang='lat' dir='ltr'><strong>sit</strong></span> <span class='ocrx_word' id='word_1_429' title='bbox 1261 1357 1386 1392; x_wconf 59' lang='lat' dir='ltr'><strong>quaedam</strong></span> <span class='ocrx_word' id='word_1_430' title='bbox 1422 1357 1448 1383; x_wconf 92' lang='lat' dir='ltr'><strong>in</strong></span> <span class='ocrx_word' id='word_1_431' title='bbox 1474 1356 1584 1384; x_wconf 87' lang='lat' dir='ltr'><strong>homine</strong></span> <span class='ocrx_word' id='word_1_432' title='bbox 1611 1363 1688 1384; x_wconf 87' lang='lat' dir='ltr'><strong>mens</strong></span> 
     </span>
    </p>
   </div>
   <div class='ocr_carea' id='block_1_55' title="bbox 66 1402 852 1442">
    <p class='ocr_par' dir='ltr' id='par_1_55' title="bbox 66 1403 851 1442">
     <span class='ocr_line' id='line_1_55' title="bbox 66 1403 851 1442; baseline 0.005 -13"><span class='ocrx_word' id='word_1_433' title='bbox 66 1403 136 1438; x_wconf 73' lang='grc' dir='ltr'>παρὰ</span> <span class='ocrx_word' id='word_1_434' title='bbox 148 1403 178 1429; x_wconf 78' lang='grc' dir='ltr'>τὸ</span> <span class='ocrx_word' id='word_1_435' title='bbox 201 1403 385 1439; x_wconf 83' lang='grc' dir='ltr'>φαινόμενον,</span> <span class='ocrx_word' id='word_1_436' title='bbox 401 1404 414 1429; x_wconf 86' lang='grc' dir='ltr'>ὁ</span> <span class='ocrx_word' id='word_1_437' title='bbox 430 1403 469 1438; x_wconf 85' lang='grc' dir='ltr'>τῷ</span> <span class='ocrx_word' id='word_1_438' title='bbox 482 1403 539 1438; x_wconf 80' lang='grc'><strong>(46)</strong></span> <span class='ocrx_word' id='word_1_439' title='bbox 555 1404 639 1430; x_wconf 80' lang='grc' dir='ltr'>ἀειδεῖ</span> <span class='ocrx_word' id='word_1_440' title='bbox 654 1413 683 1431; x_wconf 77' lang='grc' dir='ltr'><strong>τε</strong></span> <span class='ocrx_word' id='word_1_441' title='bbox 699 1405 745 1433; x_wconf 76' lang='grc' dir='ltr'>καὶ</span> <span class='ocrx_word' id='word_1_442' title='bbox 767 1406 851 1442; x_wconf 84' lang='grc' dir='ltr'>νοερῷ</span> 
     </span>
    </p>
   </div>
   <div class='ocr_carea' id='block_1_56' title="bbox 908 1402 1689 1442">
    <p class='ocr_par' dir='ltr' id='par_1_56' title="bbox 908 1402 1689 1440">
     <span class='ocr_line' id='line_1_56' title="bbox 908 1402 1689 1440; baseline -0.003 -8"><span class='ocrx_word' id='word_1_443' title='bbox 908 1404 1008 1440; x_wconf 82' lang='lat' dir='ltr'><strong>aliquid</strong></span> <span class='ocrx_word' id='word_1_444' title='bbox 1023 1403 1100 1431; x_wconf 90' lang='lat' dir='ltr'><strong>aliud</strong></span> <span class='ocrx_word' id='word_1_445' title='bbox 1125 1407 1207 1437; x_wconf 86' lang='lat' dir='ltr'><strong>atque</strong></span> <span class='ocrx_word' id='word_1_446' title='bbox 1233 1406 1356 1438; x_wconf 88' lang='lat' dir='ltr'><strong>apparet,</strong></span> <span class='ocrx_word' id='word_1_447' title='bbox 1376 1410 1436 1437; x_wconf 71' lang='lat' dir='ltr'><strong>qua:</strong></span> <span class='ocrx_word' id='word_1_448' title='bbox 1456 1402 1585 1430; x_wconf 89' lang='lat' dir='ltr'><strong>invisibili</strong></span> <span class='ocrx_word' id='word_1_449' title='bbox 1607 1406 1689 1437; x_wconf 84' lang='lat' dir='ltr'><strong>atque</strong></span> 
     </span>
    </p>
   </div>
   <div class='ocr_carea' id='block_1_57' title="bbox 64 1446 852 1496">
    <p class='ocr_par' dir='ltr' id='par_1_57' title="bbox 64 1449 851 1485">
     <span class='ocr_line' id='line_1_57' title="bbox 64 1449 851 1485; baseline 0.004 -10"><span class='ocrx_word' id='word_1_450' title='bbox 64 1449 112 1484; x_wconf 78' lang='grc' dir='ltr'>τῆς</span> <span class='ocrx_word' id='word_1_451' title='bbox 129 1449 193 1480; x_wconf 78' lang='grc' dir='ltr'>ἰδίας</span> <span class='ocrx_word' id='word_1_452' title='bbox 210 1449 323 1483; x_wconf 76' lang='grc' dir='ltr'>φύσεως</span> <span class='ocrx_word' id='word_1_453' title='bbox 337 1449 424 1476; x_wconf 81' lang='grc' dir='ltr'>ταῦτα</span> <span class='ocrx_word' id='word_1_454' title='bbox 438 1449 467 1475; x_wconf 80' lang='grc' dir='ltr'>ὲν</span> <span class='ocrx_word' id='word_1_455' title='bbox 482 1449 570 1484; x_wconf 78' lang='grc' dir='ltr'>ἑαυτῷ</span> <span class='ocrx_word' id='word_1_456' title='bbox 585 1451 851 1485; x_wconf 77' lang='grc' dir='ltr'>προκατασκευάζων</span> 
     </span>
    </p>
   </div>
   <div class='ocr_carea' id='block_1_58' title="bbox 908 1446 1690 1496">
    <p class='ocr_par' dir='ltr' id='par_1_58' title="bbox 908 1446 1690 1482">
     <span class='ocr_line' id='line_1_58' title="bbox 908 1446 1690 1482; baseline -0.004 -6"><span class='ocrx_word' id='word_1_457' title='bbox 908 1448 1015 1476; x_wconf 82' lang='lat' dir='ltr'><strong>informi</strong></span> <span class='ocrx_word' id='word_1_458' title='bbox 1039 1452 1066 1474; x_wconf 88' lang='lat' dir='ltr'><strong>et</strong></span> <span class='ocrx_word' id='word_1_459' title='bbox 1092 1448 1272 1482; x_wconf 80' lang='lat' dir='ltr'><strong>intelligentia</strong></span> <span class='ocrx_word' id='word_1_460' title='bbox 1295 1447 1407 1482; x_wconf 63' lang='lat' dir='ltr'><strong>praedita</strong></span> <span class='ocrx_word' id='word_1_461' title='bbox 1438 1449 1534 1473; x_wconf 89' lang='lat' dir='ltr'><strong>natura</strong></span> <span class='ocrx_word' id='word_1_462' title='bbox 1556 1453 1605 1473; x_wconf 87' lang='lat' dir='ltr'><strong>sua</strong></span> <span class='ocrx_word' id='word_1_463' title='bbox 1631 1446 1690 1473; x_wconf 61' lang='lat' dir='ltr'><strong>hac</strong></span> 
     </span>
    </p>
   </div>
   <div class='ocr_carea' id='block_1_59' title="bbox 67 1491 852 1532">
    <p class='ocr_par' dir='ltr' id='par_1_59' title="bbox 67 1492 852 1532">
     <span class='ocr_line' id='line_1_59' title="bbox 67 1492 852 1532; baseline 0.001 -11"><span class='ocrx_word' id='word_1_464' title='bbox 67 1496 121 1526; x_wconf 77' lang='grc' dir='ltr'>ταῖς</span> <span class='ocrx_word' id='word_1_465' title='bbox 130 1494 262 1526; x_wconf 75' lang='grc' dir='ltr'>ἐπινοίαις</span> <span class='ocrx_word' id='word_1_466' title='bbox 273 1514 282 1527; x_wconf 86' lang='lat'><strong>,</strong></span> <span class='ocrx_word' id='word_1_467' title='bbox 298 1492 348 1521; x_wconf 84' lang='grc' dir='ltr'>εἷθ’</span> <span class='ocrx_word' id='word_1_468' title='bbox 367 1493 453 1526; x_wconf 79' lang='grc' dir='ltr'>οὕτως</span> <span class='ocrx_word' id='word_1_469' title='bbox 467 1493 511 1520; x_wconf 81' lang='grc' dir='ltr'><strong>διὰ</strong></span> <span class='ocrx_word' id='word_1_470' title='bbox 522 1494 572 1529; x_wconf 79' lang='grc' dir='ltr'>τῆς</span> <span class='ocrx_word' id='word_1_471' title='bbox 586 1495 680 1530; x_wconf 83' lang='grc' dir='ltr'>ὑλικῆς</span> <span class='ocrx_word' id='word_1_472' title='bbox 702 1496 852 1532; x_wconf 75' lang='grc' dir='ltr'>ὑπηρεσίας</span> 
     </span>
    </p>
   </div>
   <div class='ocr_carea' id='block_1_60' title="bbox 908 1491 1690 1532">
    <p class='ocr_par' dir='ltr' id='par_1_60' title="bbox 908 1491 1690 1528">
     <span class='ocr_line' id='line_1_60' title="bbox 908 1491 1690 1528; baseline -0.001 -7"><span class='ocrx_word' id='word_1_473' title='bbox 908 1495 976 1521; x_wconf 91' lang='lat' dir='ltr'><strong>intra</strong></span> <span class='ocrx_word' id='word_1_474' title='bbox 996 1494 1116 1528; x_wconf 88' lang='lat' dir='ltr'><strong>seipsam</strong></span> <span class='ocrx_word' id='word_1_475' title='bbox 1142 1494 1296 1527; x_wconf 77' lang='lat' dir='ltr'><strong>excogitata</strong></span> <span class='ocrx_word' id='word_1_476' title='bbox 1312 1500 1481 1528; x_wconf 62' lang='lat' dir='ltr'><strong>praeparans.</strong></span> <span class='ocrx_word' id='word_1_477' title='bbox 1506 1491 1546 1520; x_wconf 89' lang='lat' dir='ltr'><strong>sic</strong></span> <span class='ocrx_word' id='word_1_478' title='bbox 1560 1491 1690 1528; x_wconf 82' lang='lat' dir='ltr'><strong>deinceps</strong></span> 
     </span>
    </p>
   </div>
   <div class='ocr_carea' id='block_1_61' title="bbox 68 1540 852 1576">
    <p class='ocr_par' dir='ltr' id='par_1_61' title="bbox 68 1540 852 1576">
     <span class='ocr_line' id='line_1_61' title="bbox 68 1540 852 1576; baseline 0.003 -9"><span class='ocrx_word' id='word_1_479' title='bbox 68 1542 102 1572; x_wconf 72' lang='grc' dir='ltr'><strong>είς</strong></span> <span class='ocrx_word' id='word_1_480' title='bbox 116 1541 144 1567; x_wconf 73' lang='grc' dir='ltr'>τὸ</span> <span class='ocrx_word' id='word_1_481' title='bbox 169 1540 291 1576; x_wconf 71' lang='grc' dir='ltr'>ἐμφανὲς</span> <span class='ocrx_word' id='word_1_482' title='bbox 308 1540 382 1574; x_wconf 77' lang='grc' dir='ltr'><strong>ἄγων</strong></span> <span class='ocrx_word' id='word_1_483' title='bbox 396 1540 446 1576; x_wconf 87' lang='grc' dir='ltr'>τὴν</span> <span class='ocrx_word' id='word_1_484' title='bbox 464 1540 537 1568; x_wconf 79' lang='grc' dir='ltr'>ἔνδον</span> <span class='ocrx_word' id='word_1_485' title='bbox 554 1542 690 1568; x_wconf 76' lang='grc' dir='ltr'>συστᾶσαν</span> <span class='ocrx_word' id='word_1_486' title='bbox 713 1542 852 1575; x_wconf 84' lang='grc' dir='ltr'>διάνοιαν;</span> 
     </span>
    </p>
   </div>
   <div class='ocr_carea' id='block_1_62' title="bbox 69 1584 853 1623">
    <p class='ocr_par' dir='ltr' id='par_1_62' title="bbox 69 1584 853 1623">
     <span class='ocr_line' id='line_1_62' title="bbox 69 1584 853 1623; baseline 0.003 -11"><span class='ocrx_word' id='word_1_487' title='bbox 69 1586 97 1613; x_wconf 79' lang='grc' dir='ltr'><strong>Εἰ</strong></span> <span class='ocrx_word' id='word_1_488' title='bbox 112 1586 164 1621; x_wconf 79' lang='grc' dir='ltr'><strong>γὰρ</strong></span> <span class='ocrx_word' id='word_1_489' title='bbox 177 1584 211 1621; x_wconf 73' lang='grc' dir='ltr'>ἦν</span> <span class='ocrx_word' id='word_1_490' title='bbox 226 1585 301 1613; x_wconf 86' lang='grc' dir='ltr'>κατὰ</span> <span class='ocrx_word' id='word_1_491' title='bbox 312 1587 357 1613; x_wconf 81' lang='grc' dir='ltr'><strong>τὸν</strong></span> <span class='ocrx_word' id='word_1_492' title='bbox 370 1585 544 1613; x_wconf 65' lang='grc' dir='ltr'>ἀπιτεθέντα</span> <span class='ocrx_word' id='word_1_493' title='bbox 555 1586 633 1620; x_wconf 81' lang='grc' dir='ltr'>λόγον</span> <span class='ocrx_word' id='word_1_494' title='bbox 645 1588 709 1621; x_wconf 82' lang='grc' dir='ltr'>ἡμῖν</span> <span class='ocrx_word' id='word_1_495' title='bbox 723 1589 755 1623; x_wconf 81' lang='grc' dir='ltr'>τῇ</span> <span class='ocrx_word' id='word_1_496' title='bbox 773 1587 853 1622; x_wconf 81' lang='grc' dir='ltr'>φύσει</span> 
     </span>
    </p>
   </div>
   <div class='ocr_carea' id='block_1_63' title="bbox 69 1630 854 1667">
    <p class='ocr_par' dir='ltr' id='par_1_63' title="bbox 69 1630 854 1667">
     <span class='ocr_line' id='line_1_63' title="bbox 69 1630 854 1667; baseline 0 -9"><span class='ocrx_word' id='word_1_497' title='bbox 69 1632 116 1658; x_wconf 76' lang='grc' dir='ltr'>τῶν</span> <span class='ocrx_word' id='word_1_498' title='bbox 140 1631 282 1667; x_wconf 81' lang='grc' dir='ltr'>στοιχείων</span> <span class='ocrx_word' id='word_1_499' title='bbox 310 1630 360 1663; x_wconf 85' lang='grc' dir='ltr'><strong>τὰς</strong></span> <span class='ocrx_word' id='word_1_500' title='bbox 375 1631 502 1663; x_wconf 79' lang='grc' dir='ltr'>τοιαύτας</span> <span class='ocrx_word' id='word_1_501' title='bbox 518 1630 734 1666; x_wconf 84' lang='grc' dir='ltr'>θαυματοποιίας</span> <span class='ocrx_word' id='word_1_502' title='bbox 752 1632 854 1666; x_wconf 77' lang='grc' dir='ltr'>λογίζε-</span> 
     </span>
    </p>
   </div>
   <div class='ocr_carea' id='block_1_64' title="bbox 70 1676 855 1713">
    <p class='ocr_par' dir='ltr' id='par_1_64' title="bbox 70 1676 855 1713">
     <span class='ocr_line' id='line_1_64' title="bbox 70 1676 855 1713; baseline 0.001 -10"><span class='ocrx_word' id='word_1_503' title='bbox 70 1677 126 1704; x_wconf 83' lang='grc' dir='ltr'>σθαι</span> <span class='ocrx_word' id='word_1_504' title='bbox 136 1677 208 1713; x_wconf 79' lang='grc'><strong>(47),</strong></span> <span class='ocrx_word' id='word_1_505' title='bbox 225 1676 393 1712; x_wconf 84' lang='grc' dir='ltr'>αὐτομάτως</span> <span class='ocrx_word' id='word_1_506' title='bbox 407 1677 440 1703; x_wconf 81' lang='grc' dir='ltr'>ἂν</span> <span class='ocrx_word' id='word_1_507' title='bbox 466 1677 531 1712; x_wconf 81' lang='grc' dir='ltr'>ἡμῖν</span> <span class='ocrx_word' id='word_1_508' title='bbox 553 1677 667 1712; x_wconf 81' lang='grc' dir='ltr'>συνέστη</span> <span class='ocrx_word' id='word_1_509' title='bbox 690 1678 798 1709; x_wconf 77' lang='grc' dir='ltr'>πάντως</span> <span class='ocrx_word' id='word_1_510' title='bbox 820 1678 855 1704; x_wconf 83' lang='grc' dir='ltr'><strong>τὰ</strong></span> 
     </span>
    </p>
   </div>
   <div class='ocr_carea' id='block_1_65' title="bbox 72 1722 854 1759">
    <p class='ocr_par' dir='ltr' id='par_1_65' title="bbox 72 1722 854 1759">
     <span class='ocr_line' id='line_1_65' title="bbox 72 1722 854 1759; baseline 0 -9"><span class='ocrx_word' id='word_1_511' title='bbox 72 1724 245 1758; x_wconf 74' lang='grc' dir='ltr'>μηχανήματα</span> <span class='ocrx_word' id='word_1_512' title='bbox 261 1732 267 1738; x_wconf 92' lang='grc'><strong>·</strong></span> <span class='ocrx_word' id='word_1_513' title='bbox 287 1724 337 1750; x_wconf 74' lang='grc' dir='ltr'>καὶ</span> <span class='ocrx_word' id='word_1_514' title='bbox 351 1722 412 1749; x_wconf 75' lang='grc' dir='ltr'>οὔτε</span> <span class='ocrx_word' id='word_1_515' title='bbox 433 1724 446 1749; x_wconf 81' lang='grc' dir='ltr'><strong>ό</strong></span> <span class='ocrx_word' id='word_1_516' title='bbox 460 1723 559 1758; x_wconf 80' lang='grc' dir='ltr'>χαλκὺς</span> <span class='ocrx_word' id='word_1_517' title='bbox 577 1723 626 1758; x_wconf 85' lang='grc' dir='ltr'><strong>τὴν</strong></span> <span class='ocrx_word' id='word_1_518' title='bbox 642 1723 738 1758; x_wconf 77' lang='grc' dir='ltr'>τέχνην</span> <span class='ocrx_word' id='word_1_519' title='bbox 754 1724 854 1759; x_wconf 83' lang='grc' dir='ltr'>ἀνέμε-</span> 
     </span>
    </p>
   </div>
   <div class='ocr_carea' id='block_1_66' title="bbox 70 1767 854 1803">
    <p class='ocr_par' dir='ltr' id='par_1_66' title="bbox 70 1767 854 1803">
     <span class='ocr_line' id='line_1_66' title="bbox 70 1767 854 1803; baseline 0.003 -10"><span class='ocrx_word' id='word_1_520' title='bbox 70 1777 110 1794; x_wconf 87' lang='grc' dir='ltr'><strong>νεν</strong></span> <span class='ocrx_word' id='word_1_521' title='bbox 121 1769 159 1799; x_wconf 83' lang='grc' dir='ltr'>εἰς</span> <span class='ocrx_word' id='word_1_522' title='bbox 173 1768 203 1794; x_wconf 82' lang='grc' dir='ltr'>τὸ</span> <span class='ocrx_word' id='word_1_523' title='bbox 214 1768 347 1802; x_wconf 84' lang='grc' dir='ltr'>γενέσθαι</span> <span class='ocrx_word' id='word_1_524' title='bbox 358 1768 543 1803; x_wconf 76' lang='grc' dir='ltr'>ἀνδροείκελον</span> <span class='ocrx_word' id='word_1_525' title='bbox 556 1767 612 1803; x_wconf 86' lang='grc'><strong>(48)</strong></span> <span class='ocrx_word' id='word_1_526' title='bbox 625 1788 633 1800; x_wconf 84' lang='grc'>,</span> <span class='ocrx_word' id='word_1_527' title='bbox 650 1767 707 1794; x_wconf 83' lang='grc' dir='ltr'>ἀλλ’</span> <span class='ocrx_word' id='word_1_528' title='bbox 720 1768 784 1794; x_wconf 81' lang='grc' dir='ltr'>εὐθὺ</span> <span class='ocrx_word' id='word_1_529' title='bbox 798 1768 854 1803; x_wconf 77' lang='grc'><strong>(49)</strong></span> 
     </span>
    </p>
   </div>
   <div class='ocr_carea' id='block_1_67' title="bbox 71 1810 854 1848">
    <p class='ocr_par' dir='ltr' id='par_1_67' title="bbox 71 1810 854 1848">
     <span class='ocr_line' id='line_1_67' title="bbox 71 1810 854 1848; baseline 0 -8"><span class='ocrx_word' id='word_1_530' title='bbox 71 1813 226 1846; x_wconf 76' lang='grc' dir='ltr'>ἂντοιοῦτος</span> <span class='ocrx_word' id='word_1_531' title='bbox 243 1815 278 1840; x_wconf 83' lang='grc' dir='ltr'>ὲκ</span> <span class='ocrx_word' id='word_1_532' title='bbox 303 1813 410 1848; x_wconf 82' lang='grc' dir='ltr'>φύσεως</span> <span class='ocrx_word' id='word_1_533' title='bbox 429 1813 485 1848; x_wconf 77' lang='grc'><strong>(50)</strong></span> <span class='ocrx_word' id='word_1_534' title='bbox 508 1810 541 1848; x_wconf 83' lang='grc' dir='ltr'>ἦν</span> <span class='ocrx_word' id='word_1_535' title='bbox 553 1819 560 1826; x_wconf 92' lang='grc'><strong>·</strong></span> <span class='ocrx_word' id='word_1_536' title='bbox 575 1813 629 1839; x_wconf 74' lang='grc' dir='ltr'>οὐδ’</span> <span class='ocrx_word' id='word_1_537' title='bbox 654 1813 686 1840; x_wconf 82' lang='grc' dir='ltr'>ἂν</span> <span class='ocrx_word' id='word_1_538' title='bbox 710 1814 756 1840; x_wconf 86' lang='grc' dir='ltr'>τοῦ</span> <span class='ocrx_word' id='word_1_539' title='bbox 772 1813 854 1840; x_wconf 84' lang='grc' dir='ltr'>αὐλοῦ</span> 
     </span>
    </p>
   </div>
   <div class='ocr_carea' id='block_1_68' title="bbox 72 1858 854 1895">
    <p class='ocr_par' dir='ltr' id='par_1_68' title="bbox 72 1858 854 1895">
     <span class='ocr_line' id='line_1_68' title="bbox 72 1858 854 1895; baseline 0.003 -11"><span class='ocrx_word' id='word_1_540' title='bbox 72 1859 132 1894; x_wconf 68' lang='grc' dir='ltr'>πρὸς</span> <span class='ocrx_word' id='word_1_541' title='bbox 152 1859 196 1886; x_wconf 77' lang='grc' dir='ltr'>τὸν</span> <span class='ocrx_word' id='word_1_542' title='bbox 216 1858 287 1895; x_wconf 74' lang='grc' dir='ltr'>ἦχον</span> <span class='ocrx_word' id='word_1_543' title='bbox 309 1859 324 1885; x_wconf 81' lang='grc' dir='ltr'>ὁ</span> <span class='ocrx_word' id='word_1_544' title='bbox 339 1859 393 1894; x_wconf 85' lang='grc' dir='ltr'>ἀὴρ</span> <span class='ocrx_word' id='word_1_545' title='bbox 414 1858 524 1894; x_wconf 78' lang='grc' dir='ltr'><strong>ἐδεήθη.</strong></span> <span class='ocrx_word' id='word_1_546' title='bbox 539 1858 607 1885; x_wconf 82' lang='grc' dir='ltr'><strong>ἀλλά</strong></span> <span class='ocrx_word' id='word_1_547' title='bbox 621 1859 734 1886; x_wconf 84' lang='grc' dir='ltr'>πάντοτε</span> <span class='ocrx_word' id='word_1_548' title='bbox 759 1859 793 1886; x_wconf 79' lang='grc' dir='ltr'>ἂν</span> <span class='ocrx_word' id='word_1_549' title='bbox 812 1859 854 1894; x_wconf 78' lang='grc' dir='ltr'><strong>ἐφ’</strong></span> 
     </span>
    </p>
   </div>
   <div class='ocr_carea' id='block_1_69' title="bbox 73 1903 856 1940">
    <p class='ocr_par' dir='ltr' id='par_1_69' title="bbox 73 1903 856 1940">
     <span class='ocr_line' id='line_1_69' title="bbox 73 1903 856 1940; baseline -0.001 -9"><span class='ocrx_word' id='word_1_550' title='bbox 73 1904 157 1931; x_wconf 77' lang='grc' dir='ltr'>ἑαυτοῦ</span> <span class='ocrx_word' id='word_1_551' title='bbox 173 1905 230 1940; x_wconf 73' lang='grc'><strong>,(51)</strong></span> <span class='ocrx_word' id='word_1_552' title='bbox 253 1905 318 1940; x_wconf 73' lang='grc' dir='ltr'>ἧχει</span> <span class='ocrx_word' id='word_1_553' title='bbox 335 1903 406 1931; x_wconf 87' lang='grc' dir='ltr'><strong>κατά</strong></span> <span class='ocrx_word' id='word_1_554' title='bbox 420 1904 450 1930; x_wconf 74' lang='grc' dir='ltr'>τὸ</span> <span class='ocrx_word' id='word_1_555' title='bbox 468 1903 574 1938; x_wconf 72' lang='grc' dir='ltr'>ωμὸᾱν</span> <span class='ocrx_word' id='word_1_556' title='bbox 589 1903 645 1938; x_wconf 73' lang='grc'><strong>(52)</strong></span> <span class='ocrx_word' id='word_1_557' title='bbox 655 1923 662 1935; x_wconf 86' lang='grc'><em>,</em></span> <span class='ocrx_word' id='word_1_558' title='bbox 684 1904 753 1939; x_wconf 78' lang='grc' dir='ltr'>ῥέων</span> <span class='ocrx_word' id='word_1_559' title='bbox 766 1912 795 1930; x_wconf 90' lang='grc' dir='ltr'><strong>τε</strong></span> <span class='ocrx_word' id='word_1_560' title='bbox 809 1904 856 1931; x_wconf 82' lang='grc' dir='ltr'>καὶ</span> 
     </span>
    </p>
   </div>
   <div class='ocr_carea' id='block_1_70' title="bbox 73 1947 855 1985">
    <p class='ocr_par' dir='ltr' id='par_1_70' title="bbox 73 1947 855 1985">
     <span class='ocr_line' id='line_1_70' title="bbox 73 1947 855 1985; baseline 0 -9"><span class='ocrx_word' id='word_1_561' title='bbox 73 1950 234 1985; x_wconf 74' lang='grc' dir='ltr'>κινούμενος·</span> <span class='ocrx_word' id='word_1_562' title='bbox 252 1950 302 1977; x_wconf 83' lang='grc' dir='ltr'>τοῦ</span> <span class='ocrx_word' id='word_1_563' title='bbox 316 1958 346 1976; x_wconf 89' lang='grc' dir='ltr'><strong>τε</strong></span> <span class='ocrx_word' id='word_1_564' title='bbox 360 1949 415 1985; x_wconf 76' lang='grc'><strong>(55)</strong></span> <span class='ocrx_word' id='word_1_565' title='bbox 432 1949 526 1981; x_wconf 84' lang='grc' dir='ltr'>ὓδατος</span> <span class='ocrx_word' id='word_1_566' title='bbox 536 1950 586 1976; x_wconf 83' lang='grc' dir='ltr'>οὐκ</span> <span class='ocrx_word' id='word_1_567' title='bbox 597 1949 630 1976; x_wconf 83' lang='grc' dir='ltr'>ἂν</span> <span class='ocrx_word' id='word_1_568' title='bbox 642 1947 677 1984; x_wconf 86' lang='grc' dir='ltr'>ἦν</span> <span class='ocrx_word' id='word_1_569' title='bbox 689 1949 855 1985; x_wconf 77' lang='grc' dir='ltr'>βεϐιασμένη</span> 
     </span>
    </p>
   </div>
   <div class='ocr_carea' id='block_1_71' title="bbox 73 1995 857 2033">
    <p class='ocr_par' dir='ltr' id='par_1_71' title="bbox 73 1995 857 2033">
     <span class='ocr_line' id='line_1_71' title="bbox 73 1995 857 2033; baseline 0 -10"><span class='ocrx_word' id='word_1_570' title='bbox 73 1995 113 2023; x_wconf 80' lang='grc' dir='ltr'>διὰ</span> <span class='ocrx_word' id='word_1_571' title='bbox 122 1996 254 2032; x_wconf 78' lang='grc' dir='ltr'>σωλῆνος,</span> <span class='ocrx_word' id='word_1_572' title='bbox 272 1997 291 2032; x_wconf 83' lang='grc' dir='ltr'><strong>ἡ</strong></span> <span class='ocrx_word' id='word_1_573' title='bbox 315 1996 383 2032; x_wconf 81' lang='grc' dir='ltr'>πρὸς</span> <span class='ocrx_word' id='word_1_574' title='bbox 396 1996 445 2031; x_wconf 83' lang='grc' dir='ltr'>τὴν</span> <span class='ocrx_word' id='word_1_575' title='bbox 463 1996 601 2033; x_wconf 84' lang='grc' dir='ltr'>ἀναφορὰν</span> <span class='ocrx_word' id='word_1_576' title='bbox 616 1996 672 2032; x_wconf 75' lang='grc'><strong>(54)</strong></span> <span class='ocrx_word' id='word_1_577' title='bbox 689 1996 738 2031; x_wconf 85' lang='grc' dir='ltr'>τῆς</span> <span class='ocrx_word' id='word_1_578' title='bbox 759 1997 857 2031; x_wconf 86' lang='grc' dir='ltr'>τέχνης</span> 
     </span>
    </p>
   </div>
   <div class='ocr_carea' id='block_1_72' title="bbox 74 2041 856 2078">
    <p class='ocr_par' dir='ltr' id='par_1_72' title="bbox 74 2041 856 2078">
     <span class='ocr_line' id='line_1_72' title="bbox 74 2041 856 2078; baseline 0 -11"><span class='ocrx_word' id='word_1_579' title='bbox 74 2042 102 2067; x_wconf 77' lang='grc' dir='ltr'>ἐκ</span> <span class='ocrx_word' id='word_1_580' title='bbox 119 2042 276 2077; x_wconf 86' lang='grc' dir='ltr'>πιεσμάτων</span> <span class='ocrx_word' id='word_1_581' title='bbox 292 2043 332 2074; x_wconf 85' lang='grc' dir='ltr'><strong>εἰς</strong></span> <span class='ocrx_word' id='word_1_582' title='bbox 346 2042 374 2068; x_wconf 83' lang='grc' dir='ltr'>τὸ</span> <span class='ocrx_word' id='word_1_583' title='bbox 391 2042 466 2078; x_wconf 86' lang='grc' dir='ltr'><strong>παρά</strong></span> <span class='ocrx_word' id='word_1_584' title='bbox 487 2042 568 2077; x_wconf 83' lang='grc' dir='ltr'>φύσιν</span> <span class='ocrx_word' id='word_1_585' title='bbox 586 2041 783 2074; x_wconf 78' lang='grc' dir='ltr'>ἀναθλιΰούσης</span> <span class='ocrx_word' id='word_1_586' title='bbox 806 2041 856 2076; x_wconf 77' lang='grc' dir='ltr'>τὴν</span> 
     </span>
    </p>
   </div>
   <div class='ocr_carea' id='block_1_73' title="bbox 75 2087 857 2123">
    <p class='ocr_par' dir='ltr' id='par_1_73' title="bbox 75 2087 857 2123">
     <span class='ocr_line' id='line_1_73' title="bbox 75 2087 857 2123; baseline -0.001 -10"><span class='ocrx_word' id='word_1_587' title='bbox 75 2087 171 2122; x_wconf 77' lang='grc' dir='ltr'>κίνησιν</span> <span class='ocrx_word' id='word_1_588' title='bbox 181 2097 187 2103; x_wconf 92' lang='grc'><strong>·</strong></span> <span class='ocrx_word' id='word_1_589' title='bbox 201 2088 260 2116; x_wconf 75' lang='grc' dir='ltr'>ἀλλ’</span> <span class='ocrx_word' id='word_1_590' title='bbox 281 2088 443 2123; x_wconf 74' lang='grc' dir='ltr'>αὐτομάτως</span> <span class='ocrx_word' id='word_1_591' title='bbox 463 2088 525 2123; x_wconf 85' lang='grc' dir='ltr'>ἀνίη</span> <span class='ocrx_word' id='word_1_592' title='bbox 541 2087 597 2122; x_wconf 88' lang='grc'><strong>(55)</strong></span> <span class='ocrx_word' id='word_1_593' title='bbox 611 2087 642 2113; x_wconf 77' lang='grc' dir='ltr'><strong>τὺ</strong></span> <span class='ocrx_word' id='word_1_594' title='bbox 662 2087 735 2122; x_wconf 79' lang='grc' dir='ltr'><strong>ὕδωρ</strong></span> <span class='ocrx_word' id='word_1_595' title='bbox 748 2087 857 2118; x_wconf 86' lang='grc' dir='ltr'>πάντως</span> 
     </span>
    </p>
   </div>
   <div class='ocr_carea' id='block_1_74' title="bbox 904 1538 1690 1575">
    <p class='ocr_par' dir='ltr' id='par_1_74' title="bbox 904 1538 1690 1575">
     <span class='ocr_line' id='line_1_74' title="bbox 904 1538 1690 1575; baseline -0.004 -8"><span class='ocrx_word' id='word_1_596' title='bbox 904 1548 953 1575; x_wconf 91' lang='lat' dir='ltr'><strong>per</strong></span> <span class='ocrx_word' id='word_1_597' title='bbox 972 1539 1114 1566; x_wconf 88' lang='lat' dir='ltr'><strong>materiale</strong></span> <span class='ocrx_word' id='word_1_598' title='bbox 1141 1539 1326 1566; x_wconf 86' lang='lat' dir='ltr'><strong>ministerium</strong></span> <span class='ocrx_word' id='word_1_599' title='bbox 1355 1538 1382 1565; x_wconf 94' lang='lat' dir='ltr'><strong>in</strong></span> <span class='ocrx_word' id='word_1_600' title='bbox 1411 1538 1584 1573; x_wconf 87' lang='lat' dir='ltr'><strong>propatulum</strong></span> <span class='ocrx_word' id='word_1_601' title='bbox 1608 1541 1690 1572; x_wconf 86' lang='lat' dir='ltr'><strong>alquu</strong></span> 
     </span>
    </p>
   </div>
   <div class='ocr_carea' id='block_1_75' title="bbox 904 1582 1689 1620">
    <p class='ocr_par' dir='ltr' id='par_1_75' title="bbox 904 1582 1689 1620">
     <span class='ocr_line' id='line_1_75' title="bbox 904 1582 1689 1620; baseline -0.005 -8"><span class='ocrx_word' id='word_1_602' title='bbox 904 1589 1028 1620; x_wconf 86' lang='lat' dir='ltr'><strong>apertum</strong></span> <span class='ocrx_word' id='word_1_603' title='bbox 1048 1584 1141 1612; x_wconf 88' lang='lat' dir='ltr'><strong>educit</strong></span> <span class='ocrx_word' id='word_1_604' title='bbox 1163 1585 1238 1611; x_wconf 91' lang='lat' dir='ltr'><strong>intus</strong></span> <span class='ocrx_word' id='word_1_605' title='bbox 1266 1584 1395 1619; x_wconf 75' lang='lat' dir='ltr'><strong>agitatam</strong></span> <span class='ocrx_word' id='word_1_606' title='bbox 1425 1588 1452 1610; x_wconf 89' lang='lat' dir='ltr'><strong>et</strong></span> <span class='ocrx_word' id='word_1_607' title='bbox 1473 1582 1618 1610; x_wconf 80' lang='lat' dir='ltr'><strong>conﬂatam</strong></span> <span class='ocrx_word' id='word_1_608' title='bbox 1645 1583 1689 1609; x_wconf 88' lang='lat' dir='ltr'><strong>in-</strong></span> 
     </span>
    </p>
   </div>
   <div class='ocr_carea' id='block_1_76' title="bbox 904 1628 1690 1667">
    <p class='ocr_par' dir='ltr' id='par_1_76' title="bbox 904 1628 1690 1667">
     <span class='ocr_line' id='line_1_76' title="bbox 904 1628 1690 1667; baseline -0.008 -8"><span class='ocrx_word' id='word_1_609' title='bbox 904 1630 1105 1667; x_wconf 78' lang='lat' dir='ltr'><strong>telligentiam?</strong></span> <span class='ocrx_word' id='word_1_610' title='bbox 1121 1630 1188 1656; x_wconf 87' lang='lat' dir='ltr'><strong>Nam</strong></span> <span class='ocrx_word' id='word_1_611' title='bbox 1213 1629 1237 1657; x_wconf 81' lang='lat' dir='ltr'><strong>si</strong></span> <span class='ocrx_word' id='word_1_612' title='bbox 1261 1629 1342 1664; x_wconf 86' lang='lat' dir='ltr'><strong>juxta</strong></span> <span class='ocrx_word' id='word_1_613' title='bbox 1359 1628 1513 1663; x_wconf 84' lang='lat' dir='ltr'><strong>oppositam</strong></span> <span class='ocrx_word' id='word_1_614' title='bbox 1529 1628 1609 1655; x_wconf 88' lang='lat' dir='ltr'><strong>nobis</strong></span> <span class='ocrx_word' id='word_1_615' title='bbox 1626 1635 1690 1654; x_wconf 87' lang='lat' dir='ltr'><strong>ora—</strong></span> 
     </span>
    </p>
   </div>
   <div class='ocr_carea' id='block_1_77' title="bbox 906 1672 1690 1710">
    <p class='ocr_par' dir='ltr' id='par_1_77' title="bbox 906 1672 1690 1710">
     <span class='ocr_line' id='line_1_77' title="bbox 906 1672 1690 1710; baseline -0.005 -6"><span class='ocrx_word' id='word_1_616' title='bbox 906 1677 1006 1704; x_wconf 89' lang='lat' dir='ltr'><strong>lionent</strong></span> <span class='ocrx_word' id='word_1_617' title='bbox 1031 1676 1226 1710; x_wconf 72' lang='lat' dir='ltr'><strong>elementorum</strong></span> <span class='ocrx_word' id='word_1_618' title='bbox 1255 1678 1360 1701; x_wconf 69' lang='lat' dir='ltr'><strong>naturae</strong></span> <span class='ocrx_word' id='word_1_619' title='bbox 1383 1673 1447 1700; x_wconf 90' lang='lat' dir='ltr'><strong>talia</strong></span> <span class='ocrx_word' id='word_1_620' title='bbox 1470 1672 1584 1700; x_wconf 85' lang='lat' dir='ltr'><strong>miriﬁca</strong></span> <span class='ocrx_word' id='word_1_621' title='bbox 1607 1680 1690 1707; x_wconf 87' lang='lat' dir='ltr'><strong>opera</strong></span> 
     </span>
    </p>
   </div>
   <div class='ocr_carea' id='block_1_78' title="bbox 905 1721 1692 1756">
    <p class='ocr_par' dir='ltr' id='par_1_78' title="bbox 905 1721 1692 1756">
     <span class='ocr_line' id='line_1_78' title="bbox 905 1721 1692 1756; baseline -0.004 -7"><span class='ocrx_word' id='word_1_622' title='bbox 905 1723 1043 1750; x_wconf 85' lang='lat' dir='ltr'><strong>ascribere</strong></span> <span class='ocrx_word' id='word_1_623' title='bbox 1071 1726 1153 1756; x_wconf 89' lang='lat' dir='ltr'><strong>atque</strong></span> <span class='ocrx_word' id='word_1_624' title='bbox 1171 1721 1311 1756; x_wconf 79' lang='lat' dir='ltr'><strong>assignare</strong></span> <span class='ocrx_word' id='word_1_625' title='bbox 1337 1721 1440 1753; x_wconf 82' lang='lat' dir='ltr'><strong>liceret,</strong></span> <span class='ocrx_word' id='word_1_626' title='bbox 1457 1727 1506 1746; x_wconf 86' lang='lat' dir='ltr'><strong>sua</strong></span> <span class='ocrx_word' id='word_1_627' title='bbox 1530 1723 1627 1754; x_wconf 86' lang='lat' dir='ltr'><strong>sponte</strong></span> <span class='ocrx_word' id='word_1_628' title='bbox 1643 1727 1692 1746; x_wconf 88' lang='lat' dir='ltr'><strong>ca-</strong></span> 
     </span>
    </p>
   </div>
   <div class='ocr_carea' id='block_1_79' title="bbox 906 1764 1690 1803">
    <p class='ocr_par' dir='ltr' id='par_1_79' title="bbox 906 1764 1690 1803">
     <span class='ocr_line' id='line_1_79' title="bbox 906 1764 1690 1803; baseline -0.005 -8"><span class='ocrx_word' id='word_1_629' title='bbox 906 1775 993 1803; x_wconf 89' lang='lat' dir='ltr'><strong>suque</strong></span> <span class='ocrx_word' id='word_1_630' title='bbox 1004 1768 1116 1795; x_wconf 80' lang='lat' dir='ltr'><strong>fortuito</strong></span> <span class='ocrx_word' id='word_1_631' title='bbox 1131 1767 1210 1794; x_wconf 86' lang='lat' dir='ltr'><strong>nobis</strong></span> <span class='ocrx_word' id='word_1_632' title='bbox 1223 1773 1336 1801; x_wconf 88' lang='lat' dir='ltr'><strong>prorsus</strong></span> <span class='ocrx_word' id='word_1_633' title='bbox 1347 1765 1479 1792; x_wconf 71' lang='lat' dir='ltr'><strong>machinae</strong></span> <span class='ocrx_word' id='word_1_634' title='bbox 1489 1764 1690 1797; x_wconf 67' lang='lat' dir='ltr'><strong>conderentur;</strong></span> 
     </span>
    </p>
   </div>
   <div class='ocr_carea' id='block_1_80' title="bbox 905 1810 1692 1848">
    <p class='ocr_par' dir='ltr' id='par_1_80' title="bbox 905 1810 1692 1848">
     <span class='ocr_line' id='line_1_80' title="bbox 905 1810 1692 1848; baseline -0.005 -8"><span class='ocrx_word' id='word_1_635' title='bbox 905 1821 938 1840; x_wconf 87' lang='lat' dir='ltr'><strong>ac</strong></span> <span class='ocrx_word' id='word_1_636' title='bbox 961 1821 1049 1848; x_wconf 90' lang='lat' dir='ltr'><strong>neque</strong></span> <span class='ocrx_word' id='word_1_637' title='bbox 1074 1820 1110 1840; x_wconf 59' lang='lat' dir='ltr'><strong>es</strong></span> <span class='ocrx_word' id='word_1_638' title='bbox 1133 1816 1218 1839; x_wconf 89' lang='lat' dir='ltr'><strong>artem</strong></span> <span class='ocrx_word' id='word_1_639' title='bbox 1242 1814 1413 1845; x_wconf 84' lang='lat' dir='ltr'><strong>exspectaret</strong></span> <span class='ocrx_word' id='word_1_640' title='bbox 1437 1810 1470 1837; x_wconf 88' lang='lat' dir='ltr'><strong>ad</strong></span> <span class='ocrx_word' id='word_1_641' title='bbox 1490 1810 1541 1837; x_wconf 92' lang='lat' dir='ltr'><strong>hoc</strong></span> <span class='ocrx_word' id='word_1_642' title='bbox 1555 1814 1585 1837; x_wconf 90' lang='lat' dir='ltr'><strong>ut</strong></span> <span class='ocrx_word' id='word_1_643' title='bbox 1602 1814 1692 1837; x_wconf 90' lang='lat' dir='ltr'><strong>statua</strong></span> 
     </span>
    </p>
   </div>
   <div class='ocr_carea' id='block_1_81' title="bbox 906 1857 1691 1892">
    <p class='ocr_par' dir='ltr' id='par_1_81' title="bbox 906 1857 1691 1892">
     <span class='ocr_line' id='line_1_81' title="bbox 906 1857 1691 1892; baseline -0.006 -5"><span class='ocrx_word' id='word_1_644' title='bbox 906 1860 996 1887; x_wconf 83' lang='lat' dir='ltr'><strong>virilis</strong></span> <span class='ocrx_word' id='word_1_645' title='bbox 1013 1858 1151 1890; x_wconf 79' lang='lat' dir='ltr'><strong>evaderet,</strong></span> <span class='ocrx_word' id='word_1_646' title='bbox 1165 1857 1212 1885; x_wconf 88' lang='lat' dir='ltr'><strong>sed</strong></span> <span class='ocrx_word' id='word_1_647' title='bbox 1233 1858 1359 1892; x_wconf 89' lang='lat' dir='ltr'><strong>protinus</strong></span> <span class='ocrx_word' id='word_1_648' title='bbox 1384 1863 1399 1882; x_wconf 87' lang='lat' dir='ltr'><strong>a</strong></span> <span class='ocrx_word' id='word_1_649' title='bbox 1420 1859 1518 1882; x_wconf 88' lang='lat' dir='ltr'><strong>natura</strong></span> <span class='ocrx_word' id='word_1_650' title='bbox 1540 1857 1593 1883; x_wconf 86' lang='lat' dir='ltr'><strong>tale</strong></span> <span class='ocrx_word' id='word_1_651' title='bbox 1608 1860 1691 1887; x_wconf 77' lang='lat' dir='ltr'><strong>esset,</strong></span> 
     </span>
    </p>
   </div>
   <div class='ocr_carea' id='block_1_82' title="bbox 907 1901 1692 1940">
    <p class='ocr_par' dir='ltr' id='par_1_82' title="bbox 907 1901 1692 1940">
     <span class='ocr_line' id='line_1_82' title="bbox 907 1901 1692 1940; baseline -0.008 -7"><span class='ocrx_word' id='word_1_652' title='bbox 907 1913 995 1940; x_wconf 88' lang='lat' dir='ltr'><strong>neque</strong></span> <span class='ocrx_word' id='word_1_653' title='bbox 1017 1904 1050 1932; x_wconf 84' lang='lat' dir='ltr'><strong>ad</strong></span> <span class='ocrx_word' id='word_1_654' title='bbox 1066 1911 1163 1932; x_wconf 88' lang='lat' dir='ltr'><strong>sottum</strong></span> <span class='ocrx_word' id='word_1_655' title='bbox 1179 1902 1312 1930; x_wconf 89' lang='lat' dir='ltr'><strong>edendutn</strong></span> <span class='ocrx_word' id='word_1_656' title='bbox 1337 1909 1384 1929; x_wconf 92' lang='lat' dir='ltr'><strong>aer</strong></span> <span class='ocrx_word' id='word_1_657' title='bbox 1401 1901 1469 1928; x_wconf 86' lang='lat' dir='ltr'><strong>tubo</strong></span> <span class='ocrx_word' id='word_1_658' title='bbox 1485 1909 1554 1936; x_wconf 83' lang='lat' dir='ltr'><strong>opus</strong></span> <span class='ocrx_word' id='word_1_659' title='bbox 1571 1901 1692 1933; x_wconf 76' lang='lat' dir='ltr'><strong>haberet,</strong></span> 
     </span>
    </p>
   </div>
   <div class='ocr_carea' id='block_1_83' title="bbox 907 1946 1693 1986">
    <p class='ocr_par' dir='ltr' id='par_1_83' title="bbox 907 1946 1693 1986">
     <span class='ocr_line' id='line_1_83' title="bbox 907 1946 1693 1986; baseline -0.008 -8"><span class='ocrx_word' id='word_1_660' title='bbox 907 1951 954 1979; x_wconf 89' lang='lat' dir='ltr'><strong>sed</strong></span> <span class='ocrx_word' id='word_1_661' title='bbox 971 1958 1078 1985; x_wconf 88' lang='lat' dir='ltr'><strong>semper</strong></span> <span class='ocrx_word' id='word_1_662' title='bbox 1090 1957 1139 1986; x_wconf 91' lang='lat' dir='ltr'><strong>per</strong></span> <span class='ocrx_word' id='word_1_663' title='bbox 1151 1956 1212 1977; x_wconf 89' lang='lat' dir='ltr'><strong>sese</strong></span> <span class='ocrx_word' id='word_1_664' title='bbox 1224 1951 1378 1978; x_wconf 88' lang='lat' dir='ltr'><strong>resonaret.</strong></span> <span class='ocrx_word' id='word_1_665' title='bbox 1399 1947 1503 1982; x_wconf 87' lang='lat' dir='ltr'><strong>quippe</strong></span> <span class='ocrx_word' id='word_1_666' title='bbox 1517 1946 1562 1981; x_wconf 90' lang='lat' dir='ltr'><strong>qui</strong></span> <span class='ocrx_word' id='word_1_667' title='bbox 1580 1946 1693 1973; x_wconf 79' lang='lat' dir='ltr'><strong>fortuito</strong></span> 
     </span>
    </p>
   </div>
   <div class='ocr_carea' id='block_1_84' title="bbox 908 1991 1694 2027">
    <p class='ocr_par' dir='ltr' id='par_1_84' title="bbox 908 1991 1694 2027">
     <span class='ocr_line' id='line_1_84' title="bbox 908 1991 1694 2027; baseline -0.009 -3"><span class='ocrx_word' id='word_1_668' title='bbox 908 2004 973 2024; x_wconf 85' lang='lat' dir='ltr'><strong>casu</strong></span> <span class='ocrx_word' id='word_1_669' title='bbox 993 1995 1088 2023; x_wconf 85' lang='lat' dir='ltr'><strong>ﬂueret</strong></span> <span class='ocrx_word' id='word_1_670' title='bbox 1105 1999 1133 2022; x_wconf 92' lang='lat' dir='ltr'><strong>ct</strong></span> <span class='ocrx_word' id='word_1_671' title='bbox 1156 1998 1323 2024; x_wconf 72' lang='lat' dir='ltr'><strong>moveretur,</strong></span> <span class='ocrx_word' id='word_1_672' title='bbox 1344 2000 1433 2027; x_wconf 89' lang='lat' dir='ltr'><strong>neque</strong></span> <span class='ocrx_word' id='word_1_673' title='bbox 1458 1999 1535 2026; x_wconf 69' lang='lat' dir='ltr'><strong>aquae</strong></span> <span class='ocrx_word' id='word_1_674' title='bbox 1555 1999 1602 2026; x_wconf 76' lang='lat' dir='ltr'><strong>per</strong></span> <span class='ocrx_word' id='word_1_675' title='bbox 1618 1991 1694 2018; x_wconf 87' lang='lat' dir='ltr'><strong>tistu-</strong></span> 
     </span>
    </p>
   </div>
   <div class='ocr_carea' id='block_1_85' title="bbox 907 2039 1695 2071">
    <p class='ocr_par' dir='ltr' id='par_1_85' title="bbox 907 2039 1695 2071">
     <span class='ocr_line' id='line_1_85' title="bbox 907 2039 1695 2071; baseline -0.01 -2"><span class='ocrx_word' id='word_1_676' title='bbox 907 2042 960 2068; x_wconf 92' lang='lat' dir='ltr'><strong>lam</strong></span> <span class='ocrx_word' id='word_1_677' title='bbox 985 2048 1083 2068; x_wconf 84' lang='lat' dir='ltr'><strong>cursus</strong></span> <span class='ocrx_word' id='word_1_678' title='bbox 1107 2040 1133 2066; x_wconf 93' lang='lat' dir='ltr'><strong>in</strong></span> <span class='ocrx_word' id='word_1_679' title='bbox 1163 2039 1291 2071; x_wconf 87' lang='lat' dir='ltr'><strong>sublime,</strong></span> <span class='ocrx_word' id='word_1_680' title='bbox 1317 2041 1377 2064; x_wconf 88' lang='lat' dir='ltr'><strong>arte</strong></span> <span class='ocrx_word' id='word_1_681' title='bbox 1407 2040 1510 2063; x_wconf 91' lang='lat' dir='ltr'><strong>motum</strong></span> <span class='ocrx_word' id='word_1_682' title='bbox 1532 2039 1631 2070; x_wconf 60' lang='lat' dir='ltr'><strong>prater</strong></span> <span class='ocrx_word' id='word_1_683' title='bbox 1646 2043 1695 2062; x_wconf 86' lang='lat' dir='ltr'><strong>na-</strong></span> 
     </span>
    </p>
   </div>
   <div class='ocr_carea' id='block_1_86' title="bbox 907 2083 1693 2122">
    <p class='ocr_par' dir='ltr' id='par_1_86' title="bbox 907 2083 1693 2122">
     <span class='ocr_line' id='line_1_86' title="bbox 907 2083 1693 2122; baseline -0.008 -7"><span class='ocrx_word' id='word_1_684' title='bbox 907 2092 996 2115; x_wconf 91' lang='lat' dir='ltr'><strong>turam</strong></span> <span class='ocrx_word' id='word_1_685' title='bbox 1019 2095 1066 2122; x_wconf 91' lang='lat' dir='ltr'><strong>per</strong></span> <span class='ocrx_word' id='word_1_686' title='bbox 1091 2085 1285 2121; x_wconf 80' lang='lat' dir='ltr'><strong>expressiones</strong></span> <span class='ocrx_word' id='word_1_687' title='bbox 1307 2085 1340 2112; x_wconf 90' lang='lat' dir='ltr'><strong>ad</strong></span> <span class='ocrx_word' id='word_1_688' title='bbox 1360 2090 1460 2118; x_wconf 86' lang='lat' dir='ltr'><strong>supera</strong></span> <span class='ocrx_word' id='word_1_689' title='bbox 1475 2083 1594 2110; x_wconf 87' lang='lat' dir='ltr'><strong>elidente</strong></span> <span class='ocrx_word' id='word_1_690' title='bbox 1613 2088 1693 2118; x_wconf 86' lang='lat' dir='ltr'><strong>atque</strong></span> 
     </span>
    </p>
   </div>
   <div class='ocr_carea' id='block_1_87' title="bbox 75 2128 852 2169">
    <p class='ocr_par' dir='ltr' id='par_1_87' title="bbox 75 2133 852 2169">
     <span class='ocr_line' id='line_1_87' title="bbox 75 2133 852 2169; baseline 0 -11"><span class='ocrx_word' id='word_1_691' title='bbox 75 2133 136 2167; x_wconf 82' lang='grc' dir='ltr'>πρὸς</span> <span class='ocrx_word' id='word_1_692' title='bbox 148 2133 178 2159; x_wconf 83' lang='grc' dir='ltr'><strong>τὺ</strong></span> <span class='ocrx_word' id='word_1_693' title='bbox 191 2133 356 2169; x_wconf 81' lang='grc' dir='ltr'>μηχάνημα,</span> <span class='ocrx_word' id='word_1_694' title='bbox 370 2134 403 2169; x_wconf 83' lang='grc' dir='ltr'><strong>τῇ</strong></span> <span class='ocrx_word' id='word_1_695' title='bbox 420 2133 474 2168; x_wconf 83' lang='grc' dir='ltr'>ίδίᾳ</span> <span class='ocrx_word' id='word_1_696' title='bbox 488 2133 569 2168; x_wconf 78' lang='grc' dir='ltr'>φύσει</span> <span class='ocrx_word' id='word_1_697' title='bbox 585 2133 631 2159; x_wconf 74' lang='grc' dir='ltr'><strong>ἐπὶ</strong></span> <span class='ocrx_word' id='word_1_698' title='bbox 644 2133 675 2159; x_wconf 83' lang='grc' dir='ltr'><strong>τὸ</strong></span> <span class='ocrx_word' id='word_1_699' title='bbox 691 2133 746 2159; x_wconf 81' lang='grc' dir='ltr'>ἀνω</span> <span class='ocrx_word' id='word_1_700' title='bbox 758 2133 852 2167; x_wconf 78' lang='grc' dir='ltr'>ὀχετη-</span> 
     </span>
    </p>
   </div>
   <div class='ocr_carea' id='block_1_88' title="bbox 908 2128 1694 2169">
    <p class='ocr_par' dir='ltr' id='par_1_88' title="bbox 908 2128 1694 2167">
     <span class='ocr_line' id='line_1_88' title="bbox 908 2128 1694 2167; baseline -0.005 -8"><span class='ocrx_word' id='word_1_701' title='bbox 908 2135 1030 2167; x_wconf 76' lang='lat' dir='ltr'><strong>cogente,</strong></span> <span class='ocrx_word' id='word_1_702' title='bbox 1053 2135 1083 2158; x_wconf 88' lang='lat' dir='ltr'><strong>ut</strong></span> <span class='ocrx_word' id='word_1_703' title='bbox 1099 2130 1293 2160; x_wconf 85' lang='lat' dir='ltr'><strong>conﬁceretur,</strong></span> <span class='ocrx_word' id='word_1_704' title='bbox 1315 2128 1363 2156; x_wconf 88' lang='lat' dir='ltr'><strong>sed</strong></span> <span class='ocrx_word' id='word_1_705' title='bbox 1386 2131 1483 2163; x_wconf 87' lang='lat' dir='ltr'><strong>sponte</strong></span> <span class='ocrx_word' id='word_1_706' title='bbox 1498 2135 1548 2155; x_wconf 85' lang='lat' dir='ltr'><strong>sua</strong></span> <span class='ocrx_word' id='word_1_707' title='bbox 1580 2135 1694 2162; x_wconf 89' lang='lat' dir='ltr'><strong>prorsus</strong></span> 
     </span>
    </p>
   </div>
   <div class='ocr_carea' id='block_1_89' title="bbox 76 2177 855 2213">
    <p class='ocr_par' dir='ltr' id='par_1_89' title="bbox 76 2177 855 2213">
     <span class='ocr_line' id='line_1_89' title="bbox 76 2177 855 2213; baseline -0.001 -9"><span class='ocrx_word' id='word_1_708' title='bbox 76 2177 207 2213; x_wconf 72' lang='grc' dir='ltr'>γούμενον.</span> <span class='ocrx_word' id='word_1_709' title='bbox 230 2179 263 2205; x_wconf 72' lang='lat' dir='ltr'><strong>Et</strong></span> <span class='ocrx_word' id='word_1_710' title='bbox 280 2178 310 2204; x_wconf 75' lang='grc' dir='ltr'><strong>δὲ</strong></span> <span class='ocrx_word' id='word_1_711' title='bbox 324 2178 426 2205; x_wconf 88' lang='grc' dir='ltr'>τούτων</span> <span class='ocrx_word' id='word_1_712' title='bbox 438 2178 509 2206; x_wconf 83' lang='grc' dir='ltr'>κατὰ</span> <span class='ocrx_word' id='word_1_713' title='bbox 522 2178 553 2204; x_wconf 82' lang='grc' dir='ltr'><strong>τὺ</strong></span> <span class='ocrx_word' id='word_1_714' title='bbox 562 2177 713 2212; x_wconf 80' lang='grc' dir='ltr'>αὐτόματόν</span> <span class='ocrx_word' id='word_1_715' title='bbox 723 2177 796 2203; x_wconf 84' lang='grc' dir='ltr'>ὲστιν</span> <span class='ocrx_word' id='word_1_716' title='bbox 809 2177 855 2203; x_wconf 82' lang='grc' dir='ltr'><strong>οὑ-</strong></span> 
     </span>
    </p>
   </div>
   <div class='ocr_carea' id='block_1_90' title="bbox 76 2222 856 2259">
    <p class='ocr_par' dir='ltr' id='par_1_90' title="bbox 76 2222 856 2259">
     <span class='ocr_line' id='line_1_90' title="bbox 76 2222 856 2259; baseline -0.001 -10"><span class='ocrx_word' id='word_1_717' title='bbox 76 2222 115 2249; x_wconf 71' lang='grc' dir='ltr'>δέν</span> <span class='ocrx_word' id='word_1_718' title='bbox 135 2224 185 2250; x_wconf 85' lang='grc' dir='ltr'><strong>ὑπὸ</strong></span> <span class='ocrx_word' id='word_1_719' title='bbox 209 2224 260 2259; x_wconf 80' lang='grc' dir='ltr'>τῆς</span> <span class='ocrx_word' id='word_1_720' title='bbox 285 2223 340 2250; x_wconf 84' lang='grc' dir='ltr'><strong>τῶν</strong></span> <span class='ocrx_word' id='word_1_721' title='bbox 364 2224 503 2259; x_wconf 83' lang='grc' dir='ltr'>στοιχείων</span> <span class='ocrx_word' id='word_1_722' title='bbox 530 2223 636 2257; x_wconf 84' lang='grc' dir='ltr'>φύσεως</span> <span class='ocrx_word' id='word_1_723' title='bbox 651 2222 856 2258; x_wconf 80' lang='grc' dir='ltr'>ὲνεργούμενον,</span> 
     </span>
    </p>
   </div>
   <div class='ocr_carea' id='block_1_91' title="bbox 76 2267 857 2306">
    <p class='ocr_par' dir='ltr' id='par_1_91' title="bbox 76 2267 857 2306">
     <span class='ocr_line' id='line_1_91' title="bbox 76 2267 857 2306; baseline 0 -12"><span class='ocrx_word' id='word_1_724' title='bbox 76 2267 136 2294; x_wconf 80' lang='grc' dir='ltr'><strong>ἀλλά</strong></span> <span class='ocrx_word' id='word_1_725' title='bbox 149 2269 232 2306; x_wconf 79' lang='grc' dir='ltr'>τέχνῃ</span> <span class='ocrx_word' id='word_1_726' title='bbox 250 2268 321 2304; x_wconf 83' lang='grc' dir='ltr'>πρὸς</span> <span class='ocrx_word' id='word_1_727' title='bbox 335 2268 366 2294; x_wconf 79' lang='grc' dir='ltr'><strong>τὺ</strong></span> <span class='ocrx_word' id='word_1_728' title='bbox 390 2268 485 2295; x_wconf 83' lang='grc' dir='ltr'>δοκοῦν</span> <span class='ocrx_word' id='word_1_729' title='bbox 510 2268 626 2295; x_wconf 72' lang='grc' dir='ltr'>ἕκαστον</span> <span class='ocrx_word' id='word_1_730' title='bbox 648 2267 763 2302; x_wconf 73' lang='grc' dir='ltr'>ἄγεται·</span> <span class='ocrx_word' id='word_1_731' title='bbox 788 2268 806 2303; x_wconf 77' lang='grc' dir='ltr'>ἡ</span> <span class='ocrx_word' id='word_1_732' title='bbox 828 2267 857 2294; x_wconf 80' lang='grc' dir='ltr'><strong>δὲ</strong></span> 
     </span>
    </p>
   </div>
   <div class='ocr_carea' id='block_1_92' title="bbox 107 2355 523 2392">
    <p class='ocr_par' dir='ltr' id='par_1_92' title="bbox 107 2355 523 2392">
     <span class='ocr_line' id='line_1_92' title="bbox 107 2355 523 2392; baseline 0.002 -11"><span class='ocrx_word' id='word_1_733' title='bbox 107 2355 158 2392; x_wconf 57' lang='grc'><strong>(50)</strong></span> <span class='ocrx_word' id='word_1_734' title='bbox 177 2357 312 2392; x_wconf 53' lang='grc' dir='ltr'>Γίνεται.</span> <span class='ocrx_word' id='word_1_735' title='bbox 333 2356 386 2392; x_wconf 57' lang='lat' dir='ltr'><strong>AB</strong></span> <span class='ocrx_word' id='word_1_736' title='bbox 402 2356 523 2392; x_wconf 79' lang='grc' dir='ltr'>γένηται.</span> 
     </span>
    </p>
   </div>
   <div class='ocr_carea' id='block_1_93' title="bbox 108 2391 439 2424">
    <p class='ocr_par' dir='ltr' id='par_1_93' title="bbox 108 2391 439 2424">
     <span class='ocr_line' id='line_1_93' title="bbox 108 2391 439 2424; baseline 0 -6"><span class='ocrx_word' id='word_1_737' title='bbox 108 2391 159 2424; x_wconf 74' lang='grc'><strong>(51)</strong></span> <span class='ocrx_word' id='word_1_738' title='bbox 181 2391 284 2418; x_wconf 79' lang='grc' dir='ltr'>Τοῦτο.</span> <span class='ocrx_word' id='word_1_739' title='bbox 299 2392 320 2416; x_wconf 83' lang='grc' dir='ltr'>Α</span> <span class='ocrx_word' id='word_1_740' title='bbox 334 2391 355 2416; x_wconf 85' lang='grc' dir='ltr'>Β</span> <span class='ocrx_word' id='word_1_741' title='bbox 368 2391 439 2418; x_wconf 81' lang='grc' dir='ltr'>τότε.</span> 
     </span>
    </p>
   </div>
   <div class='ocr_carea' id='block_1_94' title="bbox 109 2424 628 2461">
    <p class='ocr_par' dir='ltr' id='par_1_94' title="bbox 109 2424 628 2461">
     <span class='ocr_line' id='line_1_94' title="bbox 109 2424 628 2461; baseline 0 -11"><span class='ocrx_word' id='word_1_742' title='bbox 109 2426 159 2460; x_wconf 76' lang='lat'><strong>(3‘2)</strong></span> <span class='ocrx_word' id='word_1_743' title='bbox 181 2426 223 2461; x_wconf 81' lang='grc' dir='ltr'><strong>Τῷ</strong></span> <span class='ocrx_word' id='word_1_744' title='bbox 236 2426 374 2460; x_wconf 72' lang='grc' dir='ltr'>στόματι.</span> <span class='ocrx_word' id='word_1_745' title='bbox 393 2427 415 2451; x_wconf 78' lang='grc' dir='ltr'>Α</span> <span class='ocrx_word' id='word_1_746' title='bbox 429 2426 449 2451; x_wconf 87' lang='grc' dir='ltr'>Β</span> <span class='ocrx_word' id='word_1_747' title='bbox 465 2425 504 2461; x_wconf 86' lang='grc' dir='ltr'>τῷ</span> <span class='ocrx_word' id='word_1_748' title='bbox 515 2424 628 2460; x_wconf 78' lang='grc' dir='ltr'>στομίῳ.</span> 
     </span>
    </p>
   </div>
   <div class='ocr_carea' id='block_1_95' title="bbox 108 2460 460 2499">
    <p class='ocr_par' dir='ltr' id='par_1_95' title="bbox 108 2460 460 2499">
     <span class='ocr_line' id='line_1_95' title="bbox 108 2460 460 2499; baseline 0 0"><span class='ocrx_word' id='word_1_749' title='bbox 108 2460 159 2499; x_wconf 63' lang='grc' dir='ltr'><strong>(ἒξ)</strong></span> <span class='ocrx_word' id='word_1_750' title='bbox 177 2460 280 2499; x_wconf 51' lang='lat' dir='ltr'><strong>item</strong></span> <span class='ocrx_word' id='word_1_751' title='bbox 293 2461 320 2499; x_wconf 79' lang='grc' dir='ltr'><strong>,Β</strong></span> <span class='ocrx_word' id='word_1_752' title='bbox 345 2461 460 2499; x_wconf 62' lang='grc' dir='ltr'><strong>μηχξινῄ-</strong></span> 
     </span>
    </p>
   </div>
   <div class='ocr_carea' id='block_1_96' title="bbox 106 2494 626 2529">
    <p class='ocr_par' dir='ltr' id='par_1_96' title="bbox 106 2494 626 2529">
     <span class='ocr_line' id='line_1_96' title="bbox 106 2494 626 2529; baseline 0 -8"><span class='ocrx_word' id='word_1_753' title='bbox 106 2495 160 2528; x_wconf 75' lang='grc'><strong>(54)</strong></span> <span class='ocrx_word' id='word_1_754' title='bbox 182 2494 223 2526; x_wconf 84' lang='grc' dir='ltr'><strong>Τῷ</strong></span> <span class='ocrx_word' id='word_1_755' title='bbox 238 2494 379 2529; x_wconf 67' lang='grc' dir='ltr'>στόματιζ</span> <span class='ocrx_word' id='word_1_756' title='bbox 395 2496 417 2521; x_wconf 80' lang='grc' dir='ltr'><strong>Α</strong></span> <span class='ocrx_word' id='word_1_757' title='bbox 432 2495 452 2520; x_wconf 88' lang='grc' dir='ltr'><strong>Β</strong></span> <span class='ocrx_word' id='word_1_758' title='bbox 463 2495 492 2521; x_wconf 75' lang='grc' dir='ltr'>τὸ</span> <span class='ocrx_word' id='word_1_759' title='bbox 507 2494 626 2528; x_wconf 83' lang='grc' dir='ltr'>στόμιον.</span> 
     </span>
    </p>
   </div>
   <div class='ocr_carea' id='block_1_97' title="bbox 110 2530 558 2565">
    <p class='ocr_par' dir='ltr' id='par_1_97' title="bbox 110 2530 558 2565">
     <span class='ocr_line' id='line_1_97' title="bbox 110 2530 558 2565; baseline -0.007 -8"><span class='ocrx_word' id='word_1_760' title='bbox 110 2530 160 2565; x_wconf 62' lang='grc'><strong>(55)</strong></span> <span class='ocrx_word' id='word_1_761' title='bbox 179 2530 345 2565; x_wconf 66' lang='grc' dir='ltr'>Στόμιιζος.</span> <span class='ocrx_word' id='word_1_762' title='bbox 362 2531 384 2555; x_wconf 81' lang='grc' dir='ltr'>Α</span> <span class='ocrx_word' id='word_1_763' title='bbox 398 2530 418 2555; x_wconf 86' lang='grc' dir='ltr'><strong>Β</strong></span> <span class='ocrx_word' id='word_1_764' title='bbox 438 2530 558 2564; x_wconf 75' lang='grc' dir='ltr'>στομίου.</span> 
     </span>
    </p>
   </div>
   <div class='ocr_carea' id='block_1_98' title="bbox 111 2564 523 2598">
    <p class='ocr_par' dir='ltr' id='par_1_98' title="bbox 111 2564 523 2598">
     <span class='ocr_line' id='line_1_98' title="bbox 111 2564 523 2598; baseline -0.002 -8"><span class='ocrx_word' id='word_1_765' title='bbox 111 2564 163 2598; x_wconf 55' lang='grc'><strong>(56⁷)</strong></span> <span class='ocrx_word' id='word_1_766' title='bbox 188 2565 236 2596; x_wconf 83' lang='grc' dir='ltr'><strong>Ὠς</strong></span> <span class='ocrx_word' id='word_1_767' title='bbox 247 2564 310 2590; x_wconf 83' lang='grc' dir='ltr'>καί.</span> <span class='ocrx_word' id='word_1_768' title='bbox 331 2565 384 2591; x_wconf 84' lang='grc' dir='ltr'>Καί</span> <span class='ocrx_word' id='word_1_769' title='bbox 402 2565 477 2591; x_wconf 86' lang='lat' dir='ltr'><strong>dccst</strong></span> <span class='ocrx_word' id='word_1_770' title='bbox 490 2565 523 2589; x_wconf 85' lang='lat' dir='ltr'><strong>A.</strong></span> 
     </span>
    </p>
   </div>
   <div class='ocr_carea' id='block_1_99' title="bbox 110 2598 596 2633">
    <p class='ocr_par' dir='ltr' id='par_1_99' title="bbox 110 2598 596 2633">
     <span class='ocr_line' id='line_1_99' title="bbox 110 2598 596 2633; baseline -0.002 -8"><span class='ocrx_word' id='word_1_771' title='bbox 110 2600 161 2632; x_wconf 77' lang='grc'><strong>(57)</strong></span> <span class='ocrx_word' id='word_1_772' title='bbox 181 2601 231 2626; x_wconf 83' lang='grc' dir='ltr'><strong>Διὰ</strong></span> <span class='ocrx_word' id='word_1_773' title='bbox 247 2600 368 2625; x_wconf 84' lang='grc' dir='ltr'>τούτου.</span> <span class='ocrx_word' id='word_1_774' title='bbox 383 2599 404 2624; x_wconf 86' lang='grc' dir='ltr'><strong>Β</strong></span> <span class='ocrx_word' id='word_1_775' title='bbox 417 2599 460 2625; x_wconf 74' lang='grc' dir='ltr'><strong>διὰ</strong></span> <span class='ocrx_word' id='word_1_776' title='bbox 478 2598 556 2625; x_wconf 81' lang='grc' dir='ltr'>τοῦτο</span> 
     </span>
    </p>
   </div>
   <div class='ocr_carea' id='block_1_100' title="bbox 110 2631 753 2667">
    <p class='ocr_par' dir='ltr' id='par_1_100' title="bbox 110 2631 753 2667">
     <span class='ocr_line' id='line_1_100' title="bbox 110 2631 753 2667; baseline -0.002 -7"><span class='ocrx_word' id='word_1_777' title='bbox 110 2633 162 2667; x_wconf 82' lang='grc'><strong>(58)</strong></span> <span class='ocrx_word' id='word_1_778' title='bbox 187 2633 422 2667; x_wconf 77' lang='grc' dir='ltr'>Ἁνακοχλάζειν.</span> <span class='ocrx_word' id='word_1_779' title='bbox 437 2634 458 2659; x_wconf 81' lang='grc' dir='ltr'><strong>Α</strong></span> <span class='ocrx_word' id='word_1_780' title='bbox 471 2634 491 2659; x_wconf 89' lang='grc' dir='ltr'><strong>Β</strong></span> <span class='ocrx_word' id='word_1_781' title='bbox 504 2631 753 2667; x_wconf 76' lang='grc' dir='ltr'>ἀνακογχυλιάζειν.</span> 
     </span>
    </p>
   </div>
   <div class='ocr_carea' id='block_1_101' title="bbox 112 2668 658 2703">
    <p class='ocr_par' dir='ltr' id='par_1_101' title="bbox 112 2668 658 2703">
     <span class='ocr_line' id='line_1_101' title="bbox 112 2668 658 2703; baseline -0.002 -8"><span class='ocrx_word' id='word_1_782' title='bbox 112 2669 163 2703; x_wconf 78' lang='grc'><strong>(59)</strong></span> <span class='ocrx_word' id='word_1_783' title='bbox 182 2668 388 2702; x_wconf 71' lang='grc' dir='ltr'>Περιαφρίζον.</span> <span class='ocrx_word' id='word_1_784' title='bbox 406 2669 424 2693; x_wconf 87' lang='grc' dir='ltr'><strong>Β</strong></span> <span class='ocrx_word' id='word_1_785' title='bbox 441 2668 658 2703; x_wconf 77' lang='grc' dir='ltr'>περιαφρίζοντι.</span> 
     </span>
    </p>
   </div>
   <div class='ocr_carea' id='block_1_102' title="bbox 112 2703 522 2737">
    <p class='ocr_par' dir='ltr' id='par_1_102' title="bbox 112 2703 522 2737">
     <span class='ocr_line' id='line_1_102' title="bbox 112 2703 522 2737; baseline -0.005 -7"><span class='ocrx_word' id='word_1_786' title='bbox 112 2703 162 2737; x_wconf 68' lang='grc'><strong>(40)</strong></span> <span class='ocrx_word' id='word_1_787' title='bbox 184 2704 292 2730; x_wconf 84' lang='grc' dir='ltr'>Ταῦτα.</span> <span class='ocrx_word' id='word_1_788' title='bbox 313 2703 334 2728; x_wconf 83' lang='grc' dir='ltr'><strong>Δ</strong></span> <span class='ocrx_word' id='word_1_789' title='bbox 351 2703 372 2728; x_wconf 82' lang='grc' dir='ltr'><strong><em>Β</em></strong></span> <span class='ocrx_word' id='word_1_790' title='bbox 386 2703 469 2729; x_wconf 77' lang='grc' dir='ltr'>ταῦτα</span> <span class='ocrx_word' id='word_1_791' title='bbox 481 2711 522 2729; x_wconf 87' lang='grc' dir='ltr'>τε.</span> 
     </span>
    </p>
   </div>
   <div class='ocr_carea' id='block_1_103' title="bbox 114 2737 611 2771">
    <p class='ocr_par' dir='ltr' id='par_1_103' title="bbox 114 2737 611 2771">
     <span class='ocr_line' id='line_1_103' title="bbox 114 2737 611 2771; baseline -0.002 -7"><span class='ocrx_word' id='word_1_792' title='bbox 114 2738 164 2771; x_wconf 83' lang='grc'><strong>(41)</strong></span> <span class='ocrx_word' id='word_1_793' title='bbox 183 2738 297 2764; x_wconf 77' lang='grc' dir='ltr'><strong>Κοῖλον</strong></span> <span class='ocrx_word' id='word_1_794' title='bbox 310 2737 365 2771; x_wconf 71' lang='grc' dir='ltr'><strong>γάρ</strong></span> <span class='ocrx_word' id='word_1_795' title='bbox 380 2746 416 2764; x_wconf 76' lang='grc' dir='ltr'>τι.</span> <span class='ocrx_word' id='word_1_796' title='bbox 435 2739 452 2764; x_wconf 72' lang='lat' dir='ltr'><strong>li</strong></span> <span class='ocrx_word' id='word_1_797' title='bbox 468 2738 537 2764; x_wconf 83' lang='lat' dir='ltr'><strong>delet</strong></span> <span class='ocrx_word' id='word_1_798' title='bbox 550 2737 611 2771; x_wconf 81' lang='grc' dir='ltr'><strong>γάρ.</strong></span> 
     </span>
    </p>
   </div>
   <div class='ocr_carea' id='block_1_104' title="bbox 111 2772 552 2809">
    <p class='ocr_par' dir='ltr' id='par_1_104' title="bbox 111 2772 552 2809">
     <span class='ocr_line' id='line_1_104' title="bbox 111 2772 552 2809; baseline 0 -10"><span class='ocrx_word' id='word_1_799' title='bbox 111 2773 165 2809; x_wconf 69' lang='grc'><strong>(42)</strong></span> <span class='ocrx_word' id='word_1_800' title='bbox 184 2774 349 2807; x_wconf 76' lang='grc' dir='ltr'>Στύματος.</span> <span class='ocrx_word' id='word_1_801' title='bbox 368 2773 388 2798; x_wconf 78' lang='grc' dir='ltr'>Α</span> <span class='ocrx_word' id='word_1_802' title='bbox 403 2772 422 2798; x_wconf 84' lang='grc' dir='ltr'><strong>Β</strong></span> <span class='ocrx_word' id='word_1_803' title='bbox 434 2772 552 2808; x_wconf 76' lang='grc' dir='ltr'>στομίου.</span> 
     </span>
    </p>
   </div>
   <div class='ocr_carea' id='block_1_105' title="bbox 909 2171 1694 2211">
    <p class='ocr_par' dir='ltr' id='par_1_105' title="bbox 909 2171 1694 2211">
     <span class='ocr_line' id='line_1_105' title="bbox 909 2171 1694 2211; baseline -0.006 -9"><span class='ocrx_word' id='word_1_804' title='bbox 909 2183 980 2211; x_wconf 89' lang='lat' dir='ltr'><strong>aqua</strong></span> <span class='ocrx_word' id='word_1_805' title='bbox 1002 2175 1035 2202; x_wconf 90' lang='lat' dir='ltr'><strong>ad</strong></span> <span class='ocrx_word' id='word_1_806' title='bbox 1050 2173 1206 2202; x_wconf 84' lang='lat' dir='ltr'><strong>machinam</strong></span> <span class='ocrx_word' id='word_1_807' title='bbox 1226 2173 1397 2205; x_wconf 85' lang='lat' dir='ltr'><strong>ascenderet,</strong></span> <span class='ocrx_word' id='word_1_808' title='bbox 1421 2172 1521 2207; x_wconf 88' lang='lat' dir='ltr'><strong>quippe</strong></span> <span class='ocrx_word' id='word_1_809' title='bbox 1536 2171 1579 2198; x_wconf 88' lang='lat' dir='ltr'><strong>sui</strong></span> <span class='ocrx_word' id='word_1_810' title='bbox 1597 2175 1694 2198; x_wconf 87' lang='lat' dir='ltr'><strong>natura</strong></span> 
     </span>
    </p>
   </div>
   <div class='ocr_carea' id='block_1_106' title="bbox 911 2217 1695 2252">
    <p class='ocr_par' dir='ltr' id='par_1_106' title="bbox 911 2217 1695 2252">
     <span class='ocr_line' id='line_1_106' title="bbox 911 2217 1695 2252; baseline -0.006 -4"><span class='ocrx_word' id='word_1_811' title='bbox 911 2228 1020 2248; x_wconf 86' lang='lat' dir='ltr'><strong>sursum</strong></span> <span class='ocrx_word' id='word_1_812' title='bbox 1034 2223 1138 2248; x_wconf 85' lang='lat' dir='ltr'><strong>evecta.</strong></span> <span class='ocrx_word' id='word_1_813' title='bbox 1155 2218 1202 2246; x_wconf 90' lang='lat' dir='ltr'><strong>Sin</strong></span> <span class='ocrx_word' id='word_1_814' title='bbox 1221 2224 1312 2246; x_wconf 87' lang='lat' dir='ltr'><strong>autem</strong></span> <span class='ocrx_word' id='word_1_815' title='bbox 1333 2219 1430 2245; x_wconf 87' lang='lat' dir='ltr'><strong>horum</strong></span> <span class='ocrx_word' id='word_1_816' title='bbox 1446 2217 1515 2244; x_wconf 88' lang='lat' dir='ltr'><strong>nihil</strong></span> <span class='ocrx_word' id='word_1_817' title='bbox 1528 2224 1577 2244; x_wconf 88' lang='lat' dir='ltr'><strong>stta</strong></span> <span class='ocrx_word' id='word_1_818' title='bbox 1595 2221 1695 2252; x_wconf 89' lang='lat' dir='ltr'><strong>sponte</strong></span> 
     </span>
    </p>
   </div>
   <div class='ocr_carea' id='block_1_107' title="bbox 911 2263 1696 2298">
    <p class='ocr_par' dir='ltr' id='par_1_107' title="bbox 911 2263 1696 2298">
     <span class='ocr_line' id='line_1_107' title="bbox 911 2263 1696 2298; baseline -0.005 -5"><span class='ocrx_word' id='word_1_819' title='bbox 911 2267 944 2293; x_wconf 87' lang='lat' dir='ltr'><strong>ab</strong></span> <span class='ocrx_word' id='word_1_820' title='bbox 964 2267 1162 2294; x_wconf 87' lang='lat' dir='ltr'><strong>elementorum</strong></span> <span class='ocrx_word' id='word_1_821' title='bbox 1187 2269 1286 2292; x_wconf 80' lang='lat' dir='ltr'><strong>natura</strong></span> <span class='ocrx_word' id='word_1_822' title='bbox 1309 2263 1437 2296; x_wconf 85' lang='lat' dir='ltr'><strong>eﬂlcitur,</strong></span> <span class='ocrx_word' id='word_1_823' title='bbox 1461 2263 1509 2291; x_wconf 87' lang='lat' dir='ltr'><strong>sed</strong></span> <span class='ocrx_word' id='word_1_824' title='bbox 1527 2267 1597 2296; x_wconf 85' lang='lat' dir='ltr'><strong>arte,</strong></span> <span class='ocrx_word' id='word_1_825' title='bbox 1612 2269 1696 2298; x_wconf 91' lang='lat' dir='ltr'><strong>quor-</strong></span> 
     </span>
    </p>
   </div>
   <div class='ocr_carea' id='block_1_108' title="bbox 944 2352 1428 2386">
    <p class='ocr_par' dir='ltr' id='par_1_108' title="bbox 944 2352 1428 2386">
     <span class='ocr_line' id='line_1_108' title="bbox 944 2352 1428 2386; baseline -0.004 -6"><span class='ocrx_word' id='word_1_826' title='bbox 944 2353 999 2386; x_wconf 73' lang='grc'><strong>(45)</strong></span> <span class='ocrx_word' id='word_1_827' title='bbox 1025 2353 1194 2379; x_wconf 80' lang='grc' dir='ltr'>Ἐχπίπτον.</span> <span class='ocrx_word' id='word_1_828' title='bbox 1210 2353 1232 2378; x_wconf 78' lang='grc' dir='ltr'><strong>Δ</strong></span> <span class='ocrx_word' id='word_1_829' title='bbox 1248 2352 1269 2378; x_wconf 84' lang='grc' dir='ltr'>Β</span> <span class='ocrx_word' id='word_1_830' title='bbox 1281 2352 1428 2386; x_wconf 74' lang='grc' dir='ltr'>ἐμπίπτον.</span> 
     </span>
    </p>
   </div>
   <div class='ocr_carea' id='block_1_109' title="bbox 944 2384 1533 2422">
    <p class='ocr_par' dir='ltr' id='par_1_109' title="bbox 944 2384 1533 2422">
     <span class='ocr_line' id='line_1_109' title="bbox 944 2384 1533 2422; baseline 0 -8"><span class='ocrx_word' id='word_1_831' title='bbox 944 2384 1000 2422; x_wconf 80' lang='grc'><strong>(44)</strong></span> <span class='ocrx_word' id='word_1_832' title='bbox 1018 2386 1078 2421; x_wconf 75' lang='grc' dir='ltr'><strong>Ἆρ’</strong></span> <span class='ocrx_word' id='word_1_833' title='bbox 1094 2388 1138 2414; x_wconf 83' lang='grc' dir='ltr'><strong>οὐ.</strong></span> <span class='ocrx_word' id='word_1_834' title='bbox 1155 2387 1177 2413; x_wconf 79' lang='grc' dir='ltr'>Α</span> <span class='ocrx_word' id='word_1_835' title='bbox 1191 2387 1217 2413; x_wconf 91' lang='lat' dir='ltr'><strong>in</strong></span> <span class='ocrx_word' id='word_1_836' title='bbox 1230 2384 1352 2422; x_wconf 66' lang='lat' dir='ltr'><strong>margine</strong></span> <span class='ocrx_word' id='word_1_837' title='bbox 1365 2385 1410 2422; x_wconf 77' lang='grc' dir='ltr'><strong>ἆρ’</strong></span> <span class='ocrx_word' id='word_1_838' title='bbox 1430 2384 1477 2414; x_wconf 73' lang='grc' dir='ltr'>οὖν</span> <span class='ocrx_word' id='word_1_839' title='bbox 1491 2387 1533 2414; x_wconf 82' lang='grc' dir='ltr'><strong>οὐ.</strong></span> 
     </span>
    </p>
   </div>
   <div class='ocr_carea' id='block_1_110' title="bbox 946 2421 1364 2457">
    <p class='ocr_par' dir='ltr' id='par_1_110' title="bbox 946 2421 1364 2457">
     <span class='ocr_line' id='line_1_110' title="bbox 946 2421 1364 2457; baseline -0.002 -8"><span class='ocrx_word' id='word_1_840' title='bbox 946 2421 1001 2457; x_wconf 74' lang='grc'><strong>(45)</strong></span> <span class='ocrx_word' id='word_1_841' title='bbox 1023 2423 1116 2457; x_wconf 19' lang='grc' dir='ltr'><strong>Ἀλλγο</strong></span> <span class='ocrx_word' id='word_1_842' title='bbox 1131 2431 1167 2448; x_wconf 89' lang='grc' dir='ltr'>τι.</span> <span class='ocrx_word' id='word_1_843' title='bbox 1190 2422 1210 2447; x_wconf 83' lang='grc' dir='ltr'>Β</span> <span class='ocrx_word' id='word_1_844' title='bbox 1222 2421 1300 2457; x_wconf 71' lang='grc' dir='ltr'>ἄλλος</span> <span class='ocrx_word' id='word_1_845' title='bbox 1313 2430 1364 2453; x_wconf 87' lang='grc' dir='ltr'>τις.</span> 
     </span>
    </p>
   </div>
   <div class='ocr_carea' id='block_1_111' title="bbox 945 2456 1266 2491">
    <p class='ocr_par' dir='ltr' id='par_1_111' title="bbox 945 2456 1266 2491">
     <span class='ocr_line' id='line_1_111' title="bbox 945 2456 1266 2491; baseline -0.006 -7"><span class='ocrx_word' id='word_1_846' title='bbox 945 2457 1001 2490; x_wconf 59' lang='grc'><strong>(46)</strong></span> <span class='ocrx_word' id='word_1_847' title='bbox 1027 2457 1053 2483; x_wconf 91' lang='grc'><strong>’0</strong></span> <span class='ocrx_word' id='word_1_848' title='bbox 1071 2456 1121 2488; x_wconf 83' lang='grc' dir='ltr'><strong>τῷ.</strong></span> <span class='ocrx_word' id='word_1_849' title='bbox 1138 2457 1159 2483; x_wconf 84' lang='grc' dir='ltr'>Α</span> <span class='ocrx_word' id='word_1_850' title='bbox 1174 2457 1203 2488; x_wconf 82' lang='grc' dir='ltr'>ὃς</span> <span class='ocrx_word' id='word_1_851' title='bbox 1218 2456 1266 2491; x_wconf 82' lang='grc' dir='ltr'>τῷ.</span> 
     </span>
    </p>
   </div>
   <div class='ocr_carea' id='block_1_112' title="bbox 946 2489 1699 2526">
    <p class='ocr_par' dir='ltr' id='par_1_112' title="bbox 946 2489 1699 2526">
     <span class='ocr_line' id='line_1_112' title="bbox 946 2489 1699 2526; baseline -0.004 -8"><span class='ocrx_word' id='word_1_852' title='bbox 946 2489 1001 2526; x_wconf 81' lang='grc'><strong>(47)</strong></span> <span class='ocrx_word' id='word_1_853' title='bbox 1024 2490 1205 2525; x_wconf 75' lang='grc' dir='ltr'>Λογίζεσθαι.</span> <span class='ocrx_word' id='word_1_854' title='bbox 1227 2489 1249 2517; x_wconf 71' lang='grc' dir='ltr'><strong>Α</strong></span> <span class='ocrx_word' id='word_1_855' title='bbox 1267 2491 1293 2518; x_wconf 92' lang='lat' dir='ltr'><strong>in</strong></span> <span class='ocrx_word' id='word_1_856' title='bbox 1320 2490 1445 2526; x_wconf 74' lang='lat' dir='ltr'><strong>margine</strong></span> <span class='ocrx_word' id='word_1_857' title='bbox 1462 2489 1699 2524; x_wconf 76' lang='grc' dir='ltr'>καταλογίζεσθαι.</span> 
     </span>
    </p>
   </div>
   <div class='ocr_carea' id='block_1_113' title="bbox 947 2525 1496 2560">
    <p class='ocr_par' dir='ltr' id='par_1_113' title="bbox 947 2525 1496 2560">
     <span class='ocr_line' id='line_1_113' title="bbox 947 2525 1496 2560; baseline -0.002 -7"><span class='ocrx_word' id='word_1_858' title='bbox 947 2528 1003 2559; x_wconf 71' lang='grc'><strong>(48)</strong></span> <span class='ocrx_word' id='word_1_859' title='bbox 1029 2526 1257 2558; x_wconf 65' lang='grc' dir='ltr'>Ἀνδροείκευίον.</span> <span class='ocrx_word' id='word_1_860' title='bbox 1281 2527 1302 2552; x_wconf 86' lang='grc' dir='ltr'><strong>Α</strong></span> <span class='ocrx_word' id='word_1_861' title='bbox 1315 2525 1496 2560; x_wconf 81' lang='grc' dir='ltr'>ἀνδρείκελον.</span> 
     </span>
    </p>
   </div>
   <div class='ocr_carea' id='block_1_114' title="bbox 946 2560 1654 2596">
    <p class='ocr_par' dir='ltr' id='par_1_114' title="bbox 946 2560 1654 2596">
     <span class='ocr_line' id='line_1_114' title="bbox 946 2560 1654 2596; baseline -0.003 -8"><span class='ocrx_word' id='word_1_862' title='bbox 946 2561 1001 2596; x_wconf 70' lang='lat'><strong>(49)</strong></span> <span class='ocrx_word' id='word_1_863' title='bbox 1020 2561 1109 2588; x_wconf 73' lang='grc' dir='ltr'><strong>Εῡθὺ.</strong></span> <span class='ocrx_word' id='word_1_864' title='bbox 1131 2563 1153 2586; x_wconf 79' lang='grc' dir='ltr'><strong>Α</strong></span> <span class='ocrx_word' id='word_1_865' title='bbox 1168 2562 1188 2587; x_wconf 82' lang='grc' dir='ltr'>Β</span> <span class='ocrx_word' id='word_1_866' title='bbox 1203 2560 1292 2591; x_wconf 79' lang='grc' dir='ltr'>εὐθύς.</span> <span class='ocrx_word' id='word_1_867' title='bbox 1377 2595 1392 2596; x_wconf 27' lang='lat'><em>7</em></span> <span class='ocrx_word' id='word_1_868' title='bbox 1416 2595 1420 2596; x_wconf 22' lang='grc' dir='ltr'><em>ν</em></span> <span class='ocrx_word' id='word_1_869' title='bbox 1487 2595 1492 2596; x_wconf 18' lang='grc' dir='ltr'><em>γ</em></span> <span class='ocrx_word' id='word_1_870' title='bbox 1643 2591 1654 2596; x_wconf 94' lang='lat'><strong>_</strong></span> 
     </span>
    </p>
   </div>
   <div class='ocr_carea' id='block_1_115' title="bbox 947 2595 1699 2631">
    <p class='ocr_par' dir='ltr' id='par_1_115' title="bbox 947 2595 1699 2631">
     <span class='ocr_line' id='line_1_115' title="bbox 947 2595 1699 2631; baseline -0.008 -8"><span class='ocrx_word' id='word_1_871' title='bbox 947 2597 1004 2631; x_wconf 84' lang='lat'><strong>(50)</strong></span> <span class='ocrx_word' id='word_1_872' title='bbox 1028 2596 1163 2628; x_wconf 82' lang='grc' dir='ltr'>Τοιοῦτος</span> <span class='ocrx_word' id='word_1_873' title='bbox 1175 2596 1209 2622; x_wconf 71' lang='grc' dir='ltr'>ἐκ</span> <span class='ocrx_word' id='word_1_874' title='bbox 1225 2596 1355 2631; x_wconf 72' lang='grc' dir='ltr'>φύσεῳς.</span> <span class='ocrx_word' id='word_1_875' title='bbox 1368 2595 1398 2631; x_wconf 17' lang='lat' dir='ltr'><strong>VB</strong></span> <span class='ocrx_word' id='word_1_876' title='bbox 1413 2595 1566 2631; x_wconf 50' lang='lat' dir='ltr'><strong>infmia-mc</strong></span> <span class='ocrx_word' id='word_1_877' title='bbox 1584 2595 1699 2618; x_wconf 74' lang='grc' dir='ltr'>τοιοῦτο.</span> 
     </span>
    </p>
   </div>
   <div class='ocr_carea' id='block_1_116' title="bbox 945 2629 1515 2665">
    <p class='ocr_par' dir='ltr' id='par_1_116' title="bbox 945 2629 1515 2665">
     <span class='ocr_line' id='line_1_116' title="bbox 945 2629 1515 2665; baseline -0.005 -7"><span class='ocrx_word' id='word_1_878' title='bbox 945 2629 1001 2665; x_wconf 81' lang='lat'><strong>(5|)</strong></span> <span class='ocrx_word' id='word_1_879' title='bbox 1023 2632 1073 2657; x_wconf 79' lang='grc' dir='ltr'><strong>Ἂν</strong></span> <span class='ocrx_word' id='word_1_880' title='bbox 1085 2631 1131 2665; x_wconf 65' lang='grc' dir='ltr'><strong>ἐφ’</strong></span> <span class='ocrx_word' id='word_1_881' title='bbox 1151 2631 1271 2658; x_wconf 83' lang='grc' dir='ltr'>ἑαυτοῦ.</span> <span class='ocrx_word' id='word_1_882' title='bbox 1291 2630 1348 2663; x_wconf 81' lang='grc' dir='ltr'><strong>Ἐφ’</strong></span> <span class='ocrx_word' id='word_1_883' title='bbox 1364 2629 1461 2656; x_wconf 73' lang='grc' dir='ltr'>ἑαυτοῦ</span> <span class='ocrx_word' id='word_1_884' title='bbox 1473 2630 1515 2656; x_wconf 76' lang='grc' dir='ltr'><strong>ἄν.</strong></span> 
     </span>
    </p>
   </div>
   <div class='ocr_carea' id='block_1_117' title="bbox 948 2665 1328 2701">
    <p class='ocr_par' dir='ltr' id='par_1_117' title="bbox 948 2665 1328 2701">
     <span class='ocr_line' id='line_1_117' title="bbox 948 2665 1328 2701; baseline -0.008 -8"><span class='ocrx_word' id='word_1_885' title='bbox 948 2667 1003 2701; x_wconf 74' lang='grc'><strong>(52)</strong></span> <span class='ocrx_word' id='word_1_886' title='bbox 1023 2665 1155 2699; x_wconf 80' lang='grc' dir='ltr'><strong>Συμὸίῑν.</strong></span> <span class='ocrx_word' id='word_1_887' title='bbox 1173 2666 1192 2691; x_wconf 88' lang='grc' dir='ltr'>Β</span> <span class='ocrx_word' id='word_1_888' title='bbox 1210 2665 1328 2701; x_wconf 58' lang='grc' dir='ltr'>συμϐάν.</span> 
     </span>
    </p>
   </div>
   <div class='ocr_carea' id='block_1_118' title="bbox 947 2699 1294 2735">
    <p class='ocr_par' dir='ltr' id='par_1_118' title="bbox 947 2699 1294 2735">
     <span class='ocr_line' id='line_1_118' title="bbox 947 2699 1294 2735; baseline -0.009 -8"><span class='ocrx_word' id='word_1_889' title='bbox 947 2699 1002 2735; x_wconf 79' lang='grc'><strong>(55)</strong></span> <span class='ocrx_word' id='word_1_890' title='bbox 1025 2700 1081 2726; x_wconf 87' lang='grc' dir='ltr'><strong>Τοῦ</strong></span> <span class='ocrx_word' id='word_1_891' title='bbox 1098 2708 1139 2727; x_wconf 81' lang='grc' dir='ltr'>τε.</span> <span class='ocrx_word' id='word_1_892' title='bbox 1154 2701 1176 2735; x_wconf 17' lang='lat' dir='ltr'><strong>BV</strong></span> <span class='ocrx_word' id='word_1_893' title='bbox 1189 2699 1234 2726; x_wconf 80' lang='grc' dir='ltr'>τοῦ</span> <span class='ocrx_word' id='word_1_894' title='bbox 1255 2699 1294 2725; x_wconf 85' lang='grc' dir='ltr'><strong>δέ.</strong></span> 
     </span>
    </p>
   </div>
   <div class='ocr_carea' id='block_1_119' title="bbox 948 2733 1494 2770">
    <p class='ocr_par' dir='ltr' id='par_1_119' title="bbox 948 2733 1494 2770">
     <span class='ocr_line' id='line_1_119' title="bbox 948 2733 1494 2770; baseline -0.007 -8"><span class='ocrx_word' id='word_1_895' title='bbox 948 2733 1003 2769; x_wconf 75' lang='grc'><strong>(54)</strong></span> <span class='ocrx_word' id='word_1_896' title='bbox 1030 2734 1208 2770; x_wconf 55' lang='grc' dir='ltr'><strong>’Λναφοράη</strong></span> <span class='ocrx_word' id='word_1_897' title='bbox 1228 2735 1246 2760; x_wconf 74' lang='grc' dir='ltr'>Α</span> <span class='ocrx_word' id='word_1_898' title='bbox 1266 2734 1285 2770; x_wconf 72' lang='grc' dir='ltr'><strong><em>Β</em></strong></span> <span class='ocrx_word' id='word_1_899' title='bbox 1301 2733 1331 2760; x_wconf 70' lang='grc' dir='ltr'><strong>τὺ</strong></span> <span class='ocrx_word' id='word_1_900' title='bbox 1345 2734 1400 2761; x_wconf 75' lang='grc' dir='ltr'><strong>ἄνω</strong></span> <span class='ocrx_word' id='word_1_901' title='bbox 1416 2733 1494 2768; x_wconf 82' lang='grc' dir='ltr'>φορά.</span> 
     </span>
    </p>
   </div>
   <div class='ocr_carea' id='block_1_120' title="bbox 952 2761 1694 2805">
    <p class='ocr_par' dir='ltr' id='par_1_120' title="bbox 952 2761 1694 2805">
     <span class='ocr_line' id='line_1_120' title="bbox 952 2761 1694 2805; baseline -0.011 -8"><span class='ocrx_word' id='word_1_902' title='bbox 952 2761 1009 2805; x_wconf 78' lang='grc'><strong>(55)</strong></span> <span class='ocrx_word' id='word_1_903' title='bbox 1026 2761 1113 2804; x_wconf 73' lang='grc' dir='ltr'><strong>Ἆνίτί.</strong></span> <span class='ocrx_word' id='word_1_904' title='bbox 1126 2761 1180 2796; x_wconf 47' lang='lat' dir='ltr'><strong>[iiut</strong></span> <span class='ocrx_word' id='word_1_905' title='bbox 1190 2773 1264 2797; x_wconf 81' lang='lat' dir='ltr'><strong>textu</strong></span> <span class='ocrx_word' id='word_1_906' title='bbox 1273 2769 1307 2796; x_wconf 78' lang='grc' dir='ltr'>ἂν</span> <span class='ocrx_word' id='word_1_907' title='bbox 1318 2770 1359 2804; x_wconf 76' lang='grc' dir='ltr'><strong>εἴη</strong></span> <span class='ocrx_word' id='word_1_908' title='bbox 1374 2770 1398 2794; x_wconf 90' lang='lat' dir='ltr'><strong>in</strong></span> <span class='ocrx_word' id='word_1_909' title='bbox 1409 2761 1504 2802; x_wconf 58' lang='lat' dir='ltr'><strong>uini-3.,</strong></span> <span class='ocrx_word' id='word_1_910' title='bbox 1513 2765 1565 2801; x_wconf 75' lang='grc' dir='ltr'>ᾔει.</span> <span class='ocrx_word' id='word_1_911' title='bbox 1574 2763 1594 2790; x_wconf 85' lang='grc' dir='ltr'><strong>Β</strong></span> <span class='ocrx_word' id='word_1_912' title='bbox 1607 2761 1694 2790; x_wconf 72' lang='grc' dir='ltr'>ἁνείσι</span> 
     </span>
    </p>
   </div>
  </div>
