1919 3069
210 98 247 126 ιτ
828 94 856 122 ὃ.
877 93 1004 122 GREGUI

1062 92 1207 120 NYSSENI
1813 93 1846 120 Η

213 157 288 184 orbis
309 155 490 191 conspicitur,
509 162 565 182 non
581 160 631 188 pro
649 161 700 181 sua
715 154 908 189 magnitudine
928 154 955 181 in
968 161 1002 181 eo

1056 155 1163 180 πίπτειν
1182 155 1230 189 τῆς
1247 153 1317 180 κατᾶ
1340 154 1388 189 τὴν
1406 153 1501 180 οὐσίαν
1517 153 1564 180 τοῦ
1580 153 1626 180 νοῦ
1650 153 1843 189 καταλήψεως,

213 207 359 236 apparens,
381 200 429 228 sed
451 203 532 234 prout
556 198 677 226 brevitas
699 197 781 225 frusti
797 198 894 226 circuli
914 199 1001 225 simu-

214 247 320 273 laerum
338 250 421 280 atque
436 244 708 280 reprzesentationem
726 244 799 278 capit
817 248 842 271 et
863 243 1000 270 admittit:

213 292 255 320 sic
283 292 310 318 in
335 290 486 326 exiguitate
511 295 612 317 nostra:
635 293 741 316 natum
768 288 1000 323 inexplicabilium

214 338 322 364 illarum
338 336 450 364 deitatis
464 335 662 370 proprietatum
682 334 815 368 imagines
834 334 952 364 elucent,
973 338 1002 360 ut

214 390 263 417 per
287 382 344 409 haec
368 389 449 409 manu
472 381 550 416 quasi
579 380 659 407 ducta
685 380 757 406 ratio
783 386 870 413 neque
894 379 1002 405 excidat

212 432 242 455 et
264 428 372 455 aberret
390 428 425 454 ab
443 432 547 454 natura:
567 426 665 453 mentis
685 425 901 460 deprchensione
921 429 1003 460 atque

1055 199 1309 235 ἀποκαθαιρομένης
1327 200 1356 226 ὲν
1368 200 1402 234 τῇ
1416 199 1538 232 ἐξετάσει
1554 198 1600 225 τοῦ
1617 199 1776 233 σκέμματος
1795 199 1843 234 τῆς

1056 245 1213 279 σωματικῆς
1231 245 1360 279 ίδιάτητος
1372 253 1380 260 ·
1408 244 1468 280 μηδ’
1488 242 1520 271 αὖ
1545 244 1625 270 πάλιν
1649 244 1688 275 είς
1710 241 1772 270 ἴσον
1789 244 1842 279 (89)

1055 289 1131 323 ἄγειν
1147 291 1180 324 τῇ
1196 289 1313 324 ἀορίστῳ
1329 297 1358 315 τε
1373 288 1428 324 (90)
1454 289 1501 316 καὶ
1528 290 1658 325 ἀκηράτῳ
1673 289 1754 324 φύσει
1771 309 1778 321 ,
1798 290 1844 324 τὴν

1057 335 1157 370 μικρὰν
1180 335 1228 361 καὶ
1249 335 1381 370 ἐπίκηρον
1394 343 1400 349 ·
1419 335 1486 361 ἀλλὰ
1500 335 1596 370 νοητὴν
1615 336 1663 370 μὲν
1679 335 1785 361 οἴεσθαι
1798 335 1846 370 τὴν

1055 380 1165 406 οὐσίαν·
1181 380 1273 415 ἐπειδὴ
1290 380 1336 406 καὶ
1360 381 1458 415 νοητῆς
1482 380 1576 411 οὐσίας
1599 381 1672 406 ἐστὶν
1689 380 1773 406 είκὼν
1786 401 1794 411 ,
1811 381 1846 416 μὴ

1057 425 1146 460 μέντοι
1163 425 1211 460 τὴν
1225 425 1308 460 αὐτὴν
1325 427 1362 460 τῷ
1375 425 1522 461 ἀρχετύπῳ
1536 426 1585 460 τὴν
1602 425 1694 451 εἰκόνα
1708 425 1811 459 λέγειν.

215 473 380 507 cognitione.
391 473 412 500 si
426 473 452 500 in
469 472 672 500 examinatione
684 471 844 506 quazstionis
861 471 1011 505 corporalis
1024 473 1192 506 proprietase
1209 477 1357 500 xcernatur
1373 477 1400 499 et
1417 472 1572 507 rejiciatur;
1592 479 1679 506 neque
1696 480 1797 499 rursus
1815 479 1845 498 er

215 518 325 546 diverso
339 519 460 546 eamdem
476 526 537 545 eum
556 518 686 545 invisibili
704 517 784 545 simul
802 521 829 545 et
842 517 988 544 immortali
1004 522 1100 544 natura
1118 525 1228 552 parvam
1249 519 1444 552 mortalemque
1462 523 1587 545 naturam
1607 526 1668 546 esse
1687 518 1783 548 ducat,
1800 518 1846 545 sed

216 565 321 592 ratione
343 571 369 592 et.
389 565 568 599 intelligentia
591 565 700 599 quidem
718 565 794 591 cerni
815 568 940 590 naturam
961 564 1020 598 ejus
1037 564 1176 591 existimet
1192 574 1198 592 ε
1214 565 1343 599 quoniam
1360 565 1442 592 etiam
1470 569 1559 591 mente
1582 563 1845 598 comprehensibilis

253 676 289 703 Ut
306 675 389 709 igitur
402 683 449 710 per
465 681 594 701 arcanam
604 678 632 701 et
647 674 811 701 ineITahilem
829 673 875 702 Dei
894 675 1004 708 sapien-

215 722 282 749 tiam
307 729 367 756 quae
388 721 415 747 in
432 720 611 748 universitate
632 727 722 746 rerum
744 725 866 754 apparet,
883 719 1002 746 divinam

164 607 169 612 ’
218 615 323 635 natura!
343 609 432 644 imago
446 615 497 640 est,
517 617 570 636 non
587 614 676 636 tamen
695 609 817 636 eamdem
838 616 899 636 cum
916 610 1061 645 principali
1081 614 1107 638 et
1126 609 1251 645 originali
1268 609 1354 636 forma
1375 609 1517 643 imaginem
1536 617 1597 636 esse,
1617 609 1699 636 dicat.

1094 675 1197 709 Ὥσπερ
1214 672 1260 701 οὖν
1281 674 1325 700 διὰ
1347 675 1396 709 τῆς
1419 674 1574 709 ἀπορρήτου
1599 673 1693 708 σοφίας
1715 674 1763 700 τοῦ
1778 674 1844 700 Θεοῦ

1055 719 1105 754 τῆς
1119 720 1157 754 τῷ
1173 720 1253 746 παντὶ
1267 720 1469 755 ἐμφαινομένης
1490 720 1540 754 τὴν
1563 719 1636 746 θείαν
1650 719 1730 753 φύσιν
1746 729 1778 746 τε
1800 722 1845 746 καὶ

218 771 344 794 naturam
363 767 465 800 pariter
482 772 514 792 ae
530 769 692 800 potestatem
718 765 744 791 in
769 766 851 792 rebus
867 765 1004 792 universis

1056 762 1168 796 δύναμιν
1186 764 1215 789 ὲν
1230 764 1295 789 πᾶσι
1313 765 1368 794 τοῖς
1381 761 1455 789 οὖσιν
1471 761 1539 790 εῖναι
1561 763 1611 789 οὐκ
1626 764 1843 799 ἀμφιῆάλὶομεν,

217 819 278 840 esse
305 819 359 838 non
381 810 548 844 dubitamus,
573 814 603 837 ut
630 810 657 837 in
681 817 730 837 sua
757 810 849 836 omnia
878 813 1006 836 maneant

216 858 336 884 essentia
349 856 516 891 (quanquam
529 856 551 883 si
568 856 630 890 quis
647 859 751 882 natura:
763 855 897 881 rationem
915 854 1006 889 exigat

216 905 244 929 et
269 901 405 936 exquirat,
440 901 518 934 longe
546 900 694 935 plurimum
723 904 820 926 natura
848 899 896 926 Dei
922 899 1006 927 distat

217 952 298 983 atque
319 948 426 974 diversa
453 951 494 974 est
521 954 535 972 a
566 945 753 981 singularibus
778 945 861 973 rebus
889 953 950 980 qua:
978 945 1004 972 in

217 997 342 1020 creatura
365 998 392 1020 et
408 991 591 1020 ostenduntur
607 997 634 1018 et
650 991 842 1025 intelliguntur
859 1000 865 1018 :
885 994 1005 1017 attamen

218 1039 245 1065 in
271 1039 313 1065 his
335 1046 396 1065 esse
422 1042 529 1064 constat
552 1036 578 1063 id
601 1036 676 1070 quod
701 1042 796 1063 natura
819 1035 903 1062 distat
925 1041 1006 1070 atque

217 1085 355 1110 diversum
367 1084 430 1115 est),
444 1082 481 1108 ita
497 1082 571 1108 nullo
587 1081 667 1108 modo
679 1080 839 1107 incredibile
852 1085 893 1107 est
910 1081 1006 1107 anima:

217 1137 326 1164 quoque
355 1133 480 1154 naturam
506 1136 567 1161 qua:
590 1135 636 1161 per
662 1134 723 1154 sese
745 1127 845 1161 aliquid
869 1126 941 1152 aliud
965 1131 1006 1154 est

217 1174 410 1209 (quodcunque
442 1173 551 1198 tandem
579 1172 662 1198 etiam
689 1179 748 1198 esse
777 1171 917 1205 putatur),
951 1179 1004 1198 non

218 1219 344 1253 impediri
365 1218 433 1253 quin
453 1218 500 1249 sit,
521 1217 629 1244 etiamsi
645 1225 675 1243 ea
700 1224 760 1251 quae
781 1217 807 1243 in
829 1217 930 1244 mundo
945 1221 1006 1244 tan-

219 1271 301 1299 quam
318 1264 453 1291 elementa
473 1262 694 1292 considerantur,
710 1263 746 1293 ei,
766 1262 871 1289 ratione
891 1268 1004 1294 naturae,

220 1316 275 1335 non
301 1307 489 1335 conveniant:
514 1306 742 1341 quemadmodum
762 1306 835 1333 enim
861 1306 917 1340 jam
943 1310 1006 1334 ante

218 1353 321 1380 dictum
344 1358 395 1384 est,
412 1359 462 1379 nec
481 1353 508 1378 in
531 1351 687 1379 viventibus
707 1351 815 1386 quidem
831 1351 1004 1386 corporibus,

218 1406 334 1434 quorum
359 1402 455 1425 natura
481 1401 589 1424 COIlSl-‘Il
611 1405 644 1423 CX
663 1397 859 1424 elementorutn
884 1401 1005 1424 contem-

1055 807 1092 838 ὡς
1106 807 1139 834 ᾶν
1155 808 1184 834 ὲν
1193 808 1232 842 τῷ
1244 806 1313 834 εἶναι
1326 809 1359 835 τὰ
1375 809 1462 835 πάντα
1481 809 1555 843 μένοι
1565 817 1572 824 ⁶
1589 809 1634 835 καί
1647 809 1687 835 τοί
1704 817 1736 842 γε
1752 810 1776 835 εί
1789 810 1844 844 (9!)

1055 852 1100 878 τὺν
1111 853 1160 887 τῆς
1173 853 1279 886 φύσεως
1289 853 1346 887 (92)
1355 853 1498 889 ἀπαιτοίης
1508 853 1596 887 λόγον,
1608 855 1843 890 παμπλήθως(95)

1055 897 1152 931 ἀπέχει
1165 898 1244 924 οὐσία
1264 898 1331 924 Θεοῦ
1349 898 1416 934 πρὸς
1433 898 1466 924 τὰ
1485 898 1546 925 καθ’
1559 899 1673 925 ἕκαστον
1690 900 1718 925 ὲν
1733 901 1766 934 τῇ
1789 900 1845 926 κτί-

1056 950 1096 968 σει
1109 942 1272 978 δεικνύμενα
1289 952 1318 969 τε
1342 943 1389 970 καὶ
1403 943 1534 978 νοούμενα
1545 952 1552 959 ·
1567 944 1624 970 ἀλλ’
1640 944 1716 979 ὅμως
1734 946 1766 971 ἐν
1784 945 1844 971 τοὺ-

1055 996 1109 1019 τοις
1126 986 1195 1014 εἶναι
1208 988 1238 1014 τὺ
1253 988 1356 1020 διεστὸς
1372 988 1429 1023 (94)
1453 989 1522 1016 κατὰ
1536 989 1584 1024 τὴν
1600 978 1680 1023 φῖἓῗθ
1701 991 1843 1025 ὁμολογεῖ-

1055 1041 1099 1058 ται
1108 1041 1114 1047 ·
1129 1032 1215 1064 οὓτως
1229 1034 1304 1060 οὐδὲν
1317 1034 1430 1060 ἄπιστον
1446 1035 1492 1060 καὶ
1505 1034 1554 1069 τὴν
1575 1035 1624 1070 τῆς
1638 1035 1726 1070 ψυχῆς
1737 1036 1842 1067 οὐσίαν,

1055 1079 1118 1105 ἄλλο
1134 1087 1160 1105 τι
1172 1079 1231 1106 καθ’
1247 1080 1345 1114 ἑαυτὴν
1359 1078 1451 1111 οὖσαν,
1471 1081 1484 1107 ὅ
1509 1081 1534 1107 τί
1549 1090 1610 1108 ποτε
1628 1083 1674 1109 καὶ
1686 1081 1756 1109 εἶναι
1768 1084 1842 1110 είκα-

1056 1125 1146 1156 ζεται,
1174 1125 1211 1160 μὴ
1229 1125 1420 1159 ἐμποδίζεσθαι
1445 1126 1512 1161 πρὸς
1539 1127 1569 1153 τὸ
1596 1125 1664 1154 εἶναι
1677 1148 1684 1159 ,
1702 1128 1756 1154 τῶν
1775 1137 1843 1155 στει-

1055 1170 1171 1203 χειωδῶς
1190 1170 1219 1196 ὲν
1231 1170 1270 1204 τῷ
1284 1171 1378 1206 κόσμῳ
1389 1171 1489 1207 Θεωρου
1494 1172 1580 1207 μένων
1596 1173 1626 1199 οὺ
1641 1174 1843 1207 συμϐαινόντων

1055 1215 1124 1250 αὐτῇ
1141 1215 1211 1242 κατὰ
1224 1215 1268 1242 τὸν
1284 1216 1361 1250 λόγον
1375 1217 1422 1251 τῆς
1438 1217 1544 1251 φύσεως
1556 1225 1562 1232 ο
1585 1219 1644 1245 οὐδὲ
1660 1220 1715 1254 (95)
1730 1221 1777 1246 ὲπὶ
1790 1221 1842 1246 τῶν

1055 1259 1163 1291 ζώντων
1186 1261 1338 1295 σωμάτων,
1359 1262 1449 1294 καθὼς
1478 1263 1526 1298 ἤδη
1552 1265 1732 1299 προείρηται,
1756 1263 1798 1298 οἷς
1828 1268 1840 1302 ἡ

1056 1303 1202 1335 ὑπόστασις
1225 1305 1257 1330 ὲκ
1278 1305 1326 1339 τῆς
1340 1305 1394 1332 τῶν
1412 1307 1551 1341 στοιχείων
1569 1309 1627 1334 ἐστὶ
1654 1311 1842 1344 συγκράσεως.

1056 1349 1181 1375 κοινωνία
1195 1357 1235 1380 τις
1250 1349 1321 1376 κατὰ
1333 1350 1378 1376 τὸν
1391 1351 1439 1386 τῆς
1446 1352 1536 1383 οὐσίας
1549 1352 1627 1386 λόγον
1642 1354 1699 1380 ἐστὶ
1712 1355 1751 1389 τῷ
1765 1356 1843 1390 ἁπλῷ

1055 1403 1084 1421 τε
1097 1395 1143 1421 καὶ
1163 1396 1248 1421 ἀειδεῖ
1262 1397 1308 1430 τῆς
1324 1397 1412 1432 ψυχῆς
1428 1397 1494 1432 πρὸς
1517 1398 1566 1433 τὴν
1582 1400 1739 1435 σωματικὴν
1754 1411 1842 1436 παχυ-

219 1445 370 1478 perationc,
394 1443 510 1477 simplici
529 1444 630 1477 pariter
645 1447 672 1469 et
691 1442 801 1469 informi
820 1442 1004 1477 invisibilique

1057 1440 1152 1476 μερίαν
1169 1441 1244 1476 (96)·
1262 1441 1319 1468 ἀλλ’
1333 1443 1408 1477 ὅμως
1427 1443 1456 1469 τὸ
1479 1444 1507 1469 ὲν
1522 1444 1626 1476 τούτοις
1643 1443 1711 1472 εἶναι
1726 1447 1777 1482 τὴν
1791 1448 1842 1478 ζω-

219 1489 316 1517 animze
329 1490 434 1516 ratione
445 1493 558 1519 naturae,
573 1488 663 1522 aliqua
677 1495 739 1515 eum
755 1495 848 1515 crassa
860 1496 1004 1522 corporum

218 1535 346 1569 congerie
371 1537 453 1568 atque
472 1534 646 1561 concretione
671 1534 854 1561 communitas
880 1539 938 1566 est;
962 1541 1007 1560 ve-

218 1584 372 1607 rumtamen
394 1579 502 1606 vitalem
518 1579 615 1606 animm
634 1578 807 1605 ellicieutiam
825 1579 930 1606 ratione
941 1586 1008 1612 qua-

217 1625 279 1652 dam
293 1625 438 1652 humanam
451 1624 715 1652 animadversionem
726 1629 808 1659 atque
823 1625 1006 1660 cognitionem

218 1674 375 1705 superante,
394 1670 552 1704 permistam
571 1677 603 1696 ac
621 1669 748 1696 diﬂ‘usam
765 1670 792 1696 in
811 1670 853 1697 his
874 1677 934 1696 esse
953 1677 1007 1696 icon

218 1715 367 1742 dubitatur.
382 1713 454 1748 Ergo
469 1721 503 1741 ne
518 1714 645 1741 resolutis
671 1714 780 1748 quidem
803 1715 830 1740 in
854 1722 925 1746 sese,
947 1721 1008 1748 qua

217 1759 246 1786 in
263 1766 378 1793 corpore
395 1763 470 1790 sunt,
493 1759 645 1789 elementis.
667 1759 746 1792 periit
766 1759 793 1785 id
813 1759 885 1793 quod
903 1767 950 1793 per
967 1759 1006 1785 vi-

219 1804 299 1830 talem
317 1803 490 1830 etIicientiam
505 1810 537 1830 ea
561 1803 671 1837 colligat
693 1807 774 1837 atque
789 1803 934 1830 connectit.
953 1802 1006 1830 Sed

220 1848 459 1884 quemadmodum,
485 1852 628 1875 constante
651 1855 683 1874 ae
706 1847 823 1875 durante
842 1848 930 1875 adhuc
950 1848 1006 1875 ele-

219 1898 374 1930 mentorum
392 1894 577 1925 concretione,
597 1901 693 1920 onines
710 1893 812 1927 pariter
831 1885 913 1927 atque
930 1893 1007 1920 simi-

220 1939 282 1966 liter
299 1943 392 1973 partes
414 1945 514 1971 corpus
540 1937 708 1971 complentes
731 1941 812 1972 atque
835 1939 1006 1964 constituen-

220 1988 260 2010 tes
288 1982 378 2009 anima
411 1985 581 2016 penetrante,
610 1980 767 2015 singulatim
793 1982 1006 2015 unumquodque

220 2028 369 2058 animatur,
391 2035 479 2061 neque
495 2026 594 2061 aliquis
612 2026 653 2053 vel
678 2026 792 2053 solidam
811 2034 872 2054 esse
886 2027 1004 2054 animam

220 2073 319 2100 dixerit
335 2080 367 2100 ac
381 2072 489 2103 duram,
510 2079 570 2106 quae
584 2079 646 2098 eum
663 2075 752 2098 tcrreo
765 2072 908 2099 couuuista
925 2076 1006 2107 atque

1057 1486 1134 1521 τικὴν
1153 1487 1201 1521 τῆς
1216 1487 1305 1522 ψυχῆς
1321 1489 1469 1523 ἐνέργειαν,
1487 1490 1537 1516 οὐκ
1547 1490 1756 1525 ἀμφιϐάλλεται,
1771 1493 1842 1529 λόγῳ

1057 1532 1108 1558 τινὶ
1138 1532 1270 1566 κρείττονι
1294 1533 1344 1567 τῆς
1370 1534 1541 1569 ἀνθρωπίνης
1567 1538 1755 1572 κατανοήσεως
1780 1540 1844 1565 ἀνα-

1055 1577 1213 1612 κραοεϊσαν.
1230 1578 1333 1605 Οᾷικοῦν
1357 1579 1417 1605 οὐδὲ
1445 1580 1634 1608 ἁναλυσάντων
1662 1584 1730 1617 πρὸς
1758 1585 1842 1610 stu-.1

1057 1620 1110 1646 τῶν
1129 1621 1157 1647 ὲν
1164 1622 1217 1652 τοῖς
1227 1621 1333 1657 σώμασι
1345 1622 1400 1658 (97)
1409 1623 1554 1658 στοιχείων,
1564 1624 1594 1649 τὸ
1605 1624 1708 1651 συνδέον
1718 1625 1788 1652 αὐτὰ
1799 1627 1840 1652 διὰ

1056 1666 1104 1700 τῆς
1119 1664 1236 1699 ζωτικῆς
1254 1666 1393 1700 ἐνεργείας
1415 1667 1562 1693 ἀπόλωλεν.
1582 1668 1653 1694 Ἀλλ’
1667 1668 1761 1703 ὥσπερ
1781 1677 1842 1694 συν-

1056 1709 1171 1741 εστῶτος
1192 1710 1231 1736 ἔτι
1248 1710 1292 1736 τοῦ
1312 1710 1366 1737 τῶν
1383 1712 1520 1746 στοιχείων
1541 1713 1724 1748 συγκρίματος
1740 1714 1842 1748 ψυχοῦ-

1056 1763 1100 1782 ται
1117 1755 1162 1782 καὶ
1185 1755 1217 1781 τὰ
1231 1756 1287 1791 (98)
1311 1756 1370 1782 καθ’
1398 1757 1512 1783 ἕκαστον
1523 1777 1530 1788 ,
1548 1757 1612 1788 ῐσως
1634 1766 1663 1784 τε
1680 1759 1727 1784 καὶ
1742 1758 1841 1793 ὁμοίως

1057 1802 1123 1826 πᾶσι
1135 1803 1190 1832 τοῖς
1206 1801 1301 1836 μέρεσι
1317 1803 1372 1834 τοῖς
1385 1803 1572 1838 συμπληροῦσι
1593 1803 1623 1830 τὺ
1637 1803 1715 1839 σῶμα
1729 1805 1778 1839 τῆς
1793 1805 1841 1837 ψυ-

1056 1845 1106 1880 χῆς
1123 1846 1281 1880 ἐνδυομένης
1296 1847 1372 1880 (99),
1402 1848 1447 1874 καὶ
1472 1849 1522 1874 οὐκ
1550 1849 1583 1875 ἄν
1605 1857 1647 1881 τις
1663 1849 1755 1883 εἴποι,
1780 1850 1841 1877 οὔτε

1058 1890 1172 1925 στερῤὰν
1188 1891 1271 1925 αὐτὴν
1286 1893 1331 1918 καὶ
1351 1893 1494 1919 ἀντίτυπον
1509 1891 1577 1920 εἶναι
1589 1914 1596 1924 ,
1616 1894 1655 1929 τῷ
1668 1895 1763 1928 γεώδει
1779 1904 1842 1930 συγ·

1057 1936 1239 1971 κεκραμένην,
1253 1937 1314 1963 οὔτε
1327 1939 1422 1973 ὑγρὰν,
1435 1939 1451 1973 ἢ
1468 1939 1574 1974 ψυχρὰν
1587 1939 1603 1974 ἢ
1624 1941 1672 1974 τὴν
1692 1940 1729 1974 τῷ
1745 1941 1843 1976 ψυχρῷ

1056 1982 1245 2017 ἀντικειμένην
1259 1984 1398 2018 ποιότητα,
1416 1985 1466 2019 τὴν
1480 1986 1508 2011 ὲν
1528 1985 1610 2011 πᾶσιν
1624 1986 1662 2020 (l)
1679 1984 1761 2012 οὖσαν
1781 1987 1841 2013 τού-

1056 2036 1129 2058 τοις,
1143 2028 1188 2054 καὶ
1204 2029 1311 2064 ἑκάστῳ
1322 2029 1371 2064 τὴν
1389 2029 1506 2065 ζωτικὴν
1521 2030 1633 2065 δύναμιν
1651 2031 1775 2058 ὲνιοῦσαν
1791 2032 1839 2066 (³2)·

1056 2073 1146 2105 οὕτω,
1163 2075 1207 2100 καὶ
1233 2075 1356 2106 λυθέντος
1379 2075 1425 2102 τοῦ
1451 2077 1656 2112 συγκρίματος,
1682 2077 1728 2104 καὶ
1744 2078 1784 2109 είς
1808 2078 1841 2105 τὶ

221 2121 423 2152 contemperata
449 2117 495 2148 sit,
518 2117 558 2144 vel
586 2117 734 2148 humidam,
758 2117 799 2144 vel
819 2117 943 2152 frigidam
958 2123 1004 2144 aut

1056 2121 1142 2146 οἰκεῖα
1161 2120 1239 2146 πάλιν
1261 2121 1460 2156 ἀναδραμόντος
1474 2142 1481 2152 ,
1496 2122 1545 2156 τὴν
1565 2122 1652 2157 ἁπλῆν
1667 2122 1775 2158 ἐκείνην
1795 2125 1840 2150 καὶ

222 2162 320 2198 frigido
340 2162 466 2197 opposita
492 2162 624 2196 qualitate
653 2162 804 2196 praeditam,
829 2170 889 2196 quae
910 2162 937 2189 in
965 2163 1007 2190 his

220 2209 358 2237 universis
375 2208 421 2238 sit,
445 2211 471 2235 et
488 2208 636 2242 unicuique
656 2208 709 2234 vim
727 2208 834 2234 vitalem
857 2208 1005 2235 immittat:

221 2255 258 2281 ita
280 2255 369 2281 soluta
389 2261 498 2288 quoque
516 2253 560 2279 illa
577 2254 815 2288 coagmentatione
838 2258 864 2280 et
887 2253 920 2280 ad
945 2263 1007 2288 pro-

221 2301 294 2334 prias
312 2304 499 2334 cognatasque
525 2307 568 2326 res
593 2299 690 2325 iterum
709 2299 830 2331 redacta,
854 2299 1006 2334 simplicem

219 2350 246 2372 et
270 2345 481 2379 incompositam
509 2344 581 2370 illam
611 2347 737 2370 naturam
765 2344 910 2378 unicuique
934 2345 1002 2379 parti

220 2390 302 2417 etiam
327 2393 389 2424 post
416 2389 623 2416 dissolutionem
642 2389 748 2420 adesse,
772 2393 852 2424 atque
869 2398 927 2416 eam
944 2398 1004 2425 qua:

267 2491 311 2532 εξ)
327 2492 379 2531 Eli;
393 2492 470 2526 ἶσον.
487 2498 507 2524 u
521 2499 559 2529 εἰς
570 2497 608 2524 ἓν.

266 2533 310 2567 90)
330 2534 467 2568 ’Λορίστῳ
479 2540 519 2558 τε.
535 2533 556 2558 Α
568 2532 674 2567 ἁορατῳ
688 2541 726 2564 τε,
742 2532 760 2558 Β
772 2533 874 2568 ἀρίστῳ
890 2543 929 2561 τε.

255 2567 313 2601 (9t)
328 2569 361 2594 Et
373 2568 443 2595 delet
460 2567 488 2593 ιι.

254 2602 311 2636 (92)
326 2603 456 2638 φύσεως.
477 2603 533 2638 Adin
547 2602 683 2636 margine:
697 2601 804 2638 φύσεώς
818 2612 858 2634 τις
874 2603 1000 2638 ἀπαιτοίη

219 2637 308 2671 λόγον,
328 2637 347 2663 Β
359 2637 464 2670 φύσεως
479 2636 545 2667 εἴτις
559 2637 686 2670 ἀπαιτοίη
697 2637 783 2669 λόγον.

254 2672 310 2707 (95)
325 2671 522 2707 Παμπλήοῳς.
537 2672 557 2697 Α
571 2671 592 2707 Β
608 2671 779 2706 παμπληθές.

257 2707 312 2740 (94)
328 2707 449 2738 Διεστός
473 2706 491 2731 Β
503 2706 624 2737 διεστὼς.

256 2740 312 2776 (95)
330 2741 413 2768 οὐδέ.
427 2743 447 2767 Α
459 2740 478 2767 Β
491 2741 549 2767 οὐδὲ
564 2741 627 2774 γάρ.

255 2775 311 2811 (96)
327 2777 524 2811 Παχυμερίαν.
539 2776 558 2801 Λ
576 2775 771 2809 παχυμέρειαν.

1055 2163 1200 2190 ἀσύνθετον
1216 2165 1296 2199 φύσιν
1313 2166 1420 2200 ἑκάστῳ
1437 2168 1562 2200 παρεῖναι
1579 2167 1633 2193 τῶν
1660 2168 1751 2201 μερῶν
1763 2189 1770 2201 ,
1795 2170 1841 2195 καὶ

1056 2210 1125 2244 μετὰ
1142 2210 1190 2244 τὴν
1216 2210 1336 2237 διάλυσιν
1359 2211 1463 2237 οἴεσθαι
1479 2232 1485 2243 ,
1512 2213 1586 2238 οὐδὲν
1611 2212 1657 2239 τοῦ
1672 2214 1710 2247 (5)
1737 2214 1840 2245 εἰκότος

1055 2255 1128 2281 ἐστίν
1142 2264 1148 2270 '
1164 2255 1232 2282 ἀλλὰ
1247 2256 1294 2290 τὴν
1309 2256 1383 2288 ἅπαξ
1406 2258 1518 2292 ἀρρήτῳ
1534 2258 1586 2283 τινὶ
1611 2260 1782 2293 συμφυεῖσαν
1800 2259 1841 2285 λό-

1054 2309 1094 2334 γῳ
1108 2301 1146 2335 τῷ
1157 2301 1210 2326 τῶν
1225 2301 1364 2336 στοιχείων
1378 2302 1416 2337 (ι)
1435 2303 1600 2338 συγκρίματι
1613 2304 1651 2338 (ὃ)
1662 2323 1669 2335 ,
1686 2305 1732 2331 καὶ
1753 2306 1840 2331 εἰσαεὶ

1058 2346 1233 2380 παραμένειν,
1251 2343 1291 2378 οἷς
1308 2347 1458 2382 κατεμίχϐη
1471 2368 1477 2379 ,
1494 2348 1588 2382 μηδεν).
1600 2349 1691 2384 τρόπῳ
1705 2350 1752 2384 τῆς
1767 2359 1840 2384 γινο-

1058 2391 1141 2426 μένης
1165 2391 1237 2424 ἆπαξ
1255 2392 1323 2427 αὐτῇ
1350 2394 1486 2428 συμερυῖας
1503 2393 1712 2430 ἁποσπωμένην.
1729 2395 1767 2421 Οὐ
1789 2396 1842 2431 γὰρ

1092 2501 1144 2538 (97)
1160 2501 1222 2538 Τοῖς
1237 2502 1363 2538 σῴμιισι.
1376 2503 1393 2529 Δ
1408 2503 1427 2529 Β
1440 2503 1478 2538 τῷ
1496 2512 1611 2537 σωματι.

1091 2536 1146 2571 (98)
1163 2536 1217 2562 Καὶ
1229 2537 1275 2562 τά.
1293 2537 1345 2563 Καί
1363 2538 1453 2564 delent
1465 2536 1486 2564 Ἀ
1503 2544 1529 2564 et
1546 2539 1573 2565 Β.

1091 2571 1160 2608 (99)
1166 2570 1376 2608 ’βνᾷυομξνηᾳ
1423 2573 1593 2608 ἐνδεομένης.

1092 2605 1129 2640 (ί)
1147 2605 1205 2638 Τὴν
1219 2606 1253 2631 ἐν
1265 2606 1368 2632 πᾶσιν.
1387 2607 1442 2640 Τὴν
1455 2607 1484 2632 ἐν
1498 2605 1598 2634 ἅπασιν

1091 2639 1129 2672 (‘2)
1152 2640 1317 2668 Ὲνιοῦσαν.
1340 2639 1481 2667 Ἑνιεῖσαν.

1102 2674 1128 2705 5)
1147 2674 1242 2701 Οὐδὲν
1256 2675 1318 2702 τοῦ.
1337 2677 1356 2701 Α
1374 2675 1393 2702 Β
1410 2676 1484 2702 οὐδὲν
1497 2676 1558 2708 ἔξω.

1089 2677 1128 2742 (5)
1147 2677 1242 2701 Οὐδὲν
1256 2677 1318 2702 τοῦ.
1337 2677 1356 2701 Α
1374 2677 1393 2702 Β
1410 2677 1482 2702 οὐδὲν

1100 2710 1125 2741 ί)
1144 2709 1183 2741 Τῷ
1197 2709 1254 2736 τῶν
1267 2719 1314 2737 στ.
1335 2711 1352 2736 ιι
1365 2711 1408 2736 διὰ
1423 2711 1482 2744 τῆς.

1090 2744 1128 2779 (5)
1145 2746 1331 2778 Συγ)φι’ματιΔ
1348 2745 1368 2771 Β
1382 2746 1568 2780 συγκράσεως.
