1919 3069
85 112 115 138 L5
620 110 664 138 DE
683 109 792 138 ΔΝΙΜΑ
812 111 856 138 ΕΤ

927 111 1174 140 SURBECTIONE.
1676 114 1710 142 46

85 167 174 202 ἐπειδὴ
201 167 297 194 λύεται
320 167 352 193 τὸ
374 174 560 201 συγκειμενον.
578 166 726 193 κινδυνεύει
745 166 782 202 (6)
808 175 869 194 συν-

927 166 1003 194 simul
1024 167 1134 195 occulta
1156 171 1238 202 atque
1253 166 1382 194 inell‘abili
1398 169 1512 203 quadam
1526 170 1633 197 ratione
1647 177 1709 198 cum

87 213 238 248 διαλυθῆναι
251 213 292 248 τῷ
309 212 429 247 συνθέτῳ
439 212 470 238 τὸ
485 212 522 247 μὴ
540 212 728 246 συγκείμενον.

927 213 1121 240 elementorum
1137 215 1329 240 c0ncremento
1345 213 1478 241 coaluerit
1503 216 1586 242 etiam
1602 215 1629 243 in
1644 223 1709 250 per-

84 265 188 296 petuum
202 266 366 294 permanere
379 266 440 286 cum
455 258 488 285 iis
503 259 602 293 quibus
614 259 756 287 commista
772 262 824 290 est,
845 266 932 293 neque
947 259 1001 285 ullo
1013 259 1092 286 modo
1107 259 1141 286 ab
1153 267 1186 286 ea
1197 259 1343 287 coalitione
1358 264 1438 294 atque
1456 263 1637 294 concretione,
1649 271 1710 299 quae

85 305 163 334 semel
174 305 198 332 ei
213 305 372 340 coutigerit,
388 304 465 332 avelli
484 308 589 338 putare,
601 305 676 332 nullo
695 305 775 332 modo
787 309 829 332 est
843 313 856 330 a
872 305 1108 332 verisimilitudine
1120 309 1202 339 atque
1217 305 1407 339 probabilitate
1420 306 1548 334 alienum.
1559 306 1616 334 Non
1634 309 1708 335 enim

83 353 143 388 quia
156 351 274 378 solvitur
288 349 480 385 compositura,
495 349 557 376 inde
575 350 656 377 etiam
676 350 830 377 necessario
844 350 1019 384 consequitur
1033 358 1086 377 una
1100 359 1162 377 cum
1177 351 1328 385 composito
1340 351 1452 378 dissolvi
1470 351 1496 377 id
1509 352 1580 386 quod
1598 361 1709 388 compO‘

84 399 160 425 situm
179 404 235 424 non
252 399 307 424 est.

117 449 144 477 Γ.
155 451 241 486 Κάγὼ
252 451 339 483 εἷπον,
354 453 471 480 Ἀλλὰτὰ
478 453 528 488 μὲν
537 453 652 487 στοιχεῖα
663 451 829 485 συμπίπτειν
841 459 870 476 τε

84 499 146 533 πρὸς
173 497 278 532 ἄλληλα.
293 497 342 531 (7),
362 497 408 522 καὶ
435 496 501 530 πρὸς
526 495 647 530 ἀλλήλων
673 495 870 531 διακρίνεσθαι,

85 545 128 570 καὶ
148 543 228 569 τοῦτο
250 541 321 568 εἶναι
344 542 393 576 τὴν
415 540 462 567 τοῦ
487 540 612 576 σώματος
633 541 761 567 σύστασίν
782 549 810 567 τε
826 542 872 566 καὶ

84 590 208 620 διάλυσιν,
237 588 327 618 οὐδεὶς
354 587 387 613 ἂν
411 586 543 613 ἀντείποι.
566 586 675 621 Ἐπειδὴ
701 586 729 612 δὲ
752 586 818 612 πολὺ
841 585 872 611 τὸ

86 635 161 670 μέσον
183 633 293 668 ἑκάστῳ
309 632 347 667 (8)
366 633 464 658 νοεῖται
488 631 566 658 τοῦτο
581 631 635 658 τῶν
650 631 686 666 (9)
707 630 870 666 ἐτερογενῶς

83 681 192 715 ἐχόντων
209 679 280 714 πρὸς
299 678 410 712 ἄλληλα,
436 676 507 703 κατά
524 685 554 702 τε
579 676 628 715 τὴν
654 677 769 711 τοπικὴν
785 676 869 708 Οέσιν,

83 725 125 752 καὶ
136 724 182 759 τὴν
192 724 248 750 τῶν
264 723 423 758 ποιημάτων
435 722 489 756 (10)
502 722 633 757 διαφοράν
644 730 672 747 τε
684 721 730 747 καὶ
743 721 870 754 ἰδιότητα,

85 768 340 804 συνδεδραμηκότων
358 767 406 802 μὲν
424 766 479 801 (11)
495 766 618 801 ἀλλήλοις
631 766 695 801 περὶ
717 765 746 792 τὺ
763 765 869 791 ὑποκεί-

85 823 158 850 μενον
172 814 226 840 τῶν
242 813 393 848 στοιχείων,
405 812 454 847 τὴν
466 812 562 847 νοερὰν
574 812 676 846 ταύτην
685 811 732 837 καὶ
745 811 871 837 ἀδιάστα-

83 869 124 887 τον
137 859 216 894 φύσιν
231 859 266 894 ἥν
290 857 426 892 καλοῦμεν
444 858 499 892 (12)
513 857 611 892 ψυχὴν,
635 856 780 884 ἀκόλουθον
800 865 870 891 συμ-

85 905 152 939 φυῶς
174 905 244 939 πρὸς
263 904 294 930 τὸ
317 904 454 938 ἡνωμένον
473 903 544 937 ἔχειν
558 912 564 918 ·
580 904 604 929 sl
624 903 651 929 δὲ
677 903 724 930 ἀπ’
748 903 870 938 ἀλλήλων

84 950 228 985 διακριθείη
244 950 345 987 ταῦτα,
367 950 477 976 κάκεῖσε
495 949 550 983 (15)
571 949 684 982 γένοιτο,
705 949 814 984 ὅπηπερ
838 949 871 974 ἆν

84 995 190 1022 ἕκαστον
205 995 222 1029 ἡ
240 995 323 1028 φύσις
339 995 400 1028 ἄγοι
417 994 483 1028 (14),
498 994 525 1020 τὶ
548 994 671 1020 πείσεται
691 994 747 1027 (I5)
762 994 778 1028 ἡ
797 993 870 1028 ψυχὴ

85 1037 197 1072 πολλαχῆ
212 1037 260 1063 τοῦ
273 1037 412 1072 ὀχήματος
426 1037 494 1072 αὐτῇ
507 1037 715 1072 διασπαρέντος·
724 1037 817 1072 ὥσπερ
829 1045 870 1068 τις

86 1081 178 1117 ναύτης
195 1081 244 1116 τῆς
261 1081 375 1112 ὁλκάδος
397 1083 425 1107 ἐν
439 1080 560 1114 ναυαγίῳ
582 1080 752 1115 διαλυθείσης
773 1080 870 1107 ἀδυνα-

85 1125 134 1151 τῶν
148 1125 214 1151 πᾶσι
229 1126 287 1156 τοῖς
301 1124 347 1151 τοῦ
363 1124 455 1151 πλοίου
478 1125 582 1160 μορίοις
596 1124 686 1156 ἄλλοις
703 1125 806 1160 ἀλλαχῆ
822 1124 869 1151 τοῦ

86 1170 212 1204 πελάγους
227 1170 438 1205 ἐσκεδασμένοις
455 1170 516 1196 κατ’
527 1169 607 1196 αὑτὸν
619 1169 674 1204 (16)
689 1170 866 1205 ἐπινήξασθαι

87 1215 190 1250 (παντὸς
211 1215 269 1249 (17)
295 1215 349 1250 γὰρ
367 1214 414 1240 τοῦ
438 1214 628 1249 ὲπιτυχοῦντος
645 1214 700 1250 (18)
724 1214 870 1249 λαϐόμενος

86 1262 116 1288 τὰ
136 1262 215 1288 λοιπὰ
233 1261 330 1297 φέρειν
349 1261 404 1295 (19)
428 1260 585 1294 καταλείψει
605 1261 661 1291 τοῖς
682 1260 806 1295 κύμασι),
825 1261 870 1286 τὸν

85 1307 158 1334 αὑτὸν
171 1307 271 1342 τρόπον
285 1308 302 1341 ή
313 1307 386 1341 ψυχὴ
400 1306 456 1341 (20)
468 1307 500 1341 τῇ
515 1306 650 1340 διακρίσει
662 1305 717 1332 τῶν
732 1305 870 1340 στοιχείων

85 1352 317 1388 συνδιασχισοῆναι
333 1351 381 1387 τὴν
404 1351 485 1386 φύσιν
508 1351 558 1378 οὐκ
580 1351 688 1386 ἔχουσα,
709 1351 788 1386 εἴπερ
807 1351 870 1377 δυσ-

85 1399 262 1429 απαλλάκτως
278 1397 337 1432 ἔχει
347 1397 393 1423 τοῦ
408 1396 542 1431 σώματος,
551 1396 590 1422 ἑνί
603 1404 655 1422 τινι
666 1395 773 1427 πάντως
784 1404 869 1430 προσ-

85 1445 177 1479 φυεῖσα
194 1443 337 1478 στοιχείων
358 1442 424 1477 (Ξ1),
449 1441 502 1467 τῶν
521 1441 609 1468 ἄλλων
627 1440 868 1475 ἀποσχισθήσεται,

85 1489 128 1515 καὶ
141 1489 215 1515 οὐδὲν
234 1488 336 1522 μᾶλλον
359 1486 491 1513 ἀθάνατον
505 1486 588 1521 αὐτὴν
606 1485 649 1512 διὰ
663 1485 694 1512 τὸ
709 1486 737 1511 ἐν
751 1485 790 1511 ἐνὶ
808 1485 868 1519 ζῇν,

85 1535 100 1570 ἢ
116 1535 223 1570 θνητὴν,
235 1534 283 1560 διὰ
297 1534 328 1560 τὸ
339 1535 366 1559 ἐν
380 1534 436 1564 τοῖς
448 1532 552 1558 πλείοσι
569 1533 606 1567 μὴ
623 1529 702 1564 εῐναι,
724 1532 740 1566 ὴ
757 1530 869 1557 ἀκολου-

85 1580 126 1606 θία
144 1579 188 1606 τοῦ
202 1580 285 1613 λόγου
305 1579 410 1605 δίδωσιν
425 1577 537 1604 οἴεσθαι.

964 453 995 480 G.
1013 452 1098 485 Atque
1111 459 1160 486 ego
1174 461 1180 479 :
1194 452 1292 480 Verum
1304 453 1437 482 elementa
1447 453 1564 489 quidem,
1584 455 1706 489 inquamt

920 495 992 522 inter
1008 502 1068 522 sese
1085 499 1142 522 tum
1159 496 1233 523 coire
1254 502 1280 523 et
1301 497 1498 528 eohzerescere,
1517 502 1572 526 tum
1592 499 1707 526 alterum

919 539 954 566 ab
976 540 1065 567 altero
1090 541 1209 575 separari
1231 546 1311 576 atque
1333 542 1466 577 disjungi,
1488 549 1511 570 et
1541 544 1566 571 id
1584 546 1708 579 corporis

920 593 980 613 esse
992 589 1048 612 tum
1068 587 1288 614 constitutionem
1309 592 1366 614 tum
1386 588 1607 621 dissolutionem,
1628 598 1709 617 nemo

923 630 1129 658 contradixerit.
1160 631 1293 664 Quoniam
1325 637 1414 660 autem
1442 634 1555 661 multum
1577 635 1709 662 interesse

923 677 1081 711 intelligitur
1109 678 1179 704 inter
1195 679 1412 714 unumquodque
1439 680 1545 712 horum,
1573 689 1633 715 qua:
1651 686 1706 708 tum

923 721 1072 747 secundum
1087 721 1198 748 localem
1219 723 1391 757 positionem,
1410 727 1466 750 tuin
1481 725 1642 759 qualitatum
1656 725 1708 752 dif-

925 765 1066 793 ferentiam
1080 767 1185 801 pariter
1197 775 1228 795 ac
1241 768 1433 803 proprietatem
1450 769 1549 797 diversi
1566 770 1636 796 inter
1647 778 1708 798 sese

923 810 1032 844 generis
1051 816 1125 842 sunt,
1143 812 1277 845 siquidem
1294 812 1367 839 circa
1392 813 1543 847 subjectum
1559 814 1626 840 inter
1647 822 1708 841 sese

924 857 1114 883 concurrerint
1132 858 1277 887 elementa,
1302 862 1514 885 consentaneum
1531 863 1582 891 est,
1601 860 1707 886 intelle-

923 901 1041 927 ctualem
1066 901 1136 927 hanc
1158 901 1393 936 dimensionisquc
1417 909 1552 937 expertem
1570 907 1705 935 naturam.

924 951 1004 978 quam
1025 945 1142 971 animam
1167 953 1308 978 vocamus,
1335 947 1471 974 coluercre
1489 952 1569 981 atque
1591 947 1708 982 conjun~

924 993 994 1016 ctam
1019 997 1080 1016 esse
1104 997 1165 1016 cum
1189 998 1231 1023 eo,
1260 991 1331 1024 quod
1357 991 1425 1026 (ita)
1450 991 1554 1018 unitum
1577 998 1634 1025 est;
1664 992 1705 1018 sin

924 1038 1014 1061 autem
1032 1035 1088 1061 [nec
1110 1035 1224 1062 alterum
1249 1037 1283 1063 ab
1301 1036 1385 1063 altero
1405 1041 1530 1071 separata
1553 1041 1636 1071 atque
1662 1037 1707 1063 illo

924 1078 1032 1105 redacta
1060 1079 1169 1110 fuerint,
1192 1087 1356 1115 quocunque
1373 1081 1585 1116 unumquodque
1610 1087 1707 1108 natura

924 1123 1010 1154 ducit,
1028 1123 1146 1156 patietur
1157 1124 1239 1150 etiam
1257 1125 1355 1156 anima,
1377 1125 1404 1151 in
1422 1125 1520 1152 multas
1537 1129 1628 1160 partes
1647 1133 1707 1160 par--

924 1167 976 1195 sim
993 1168 1118 1195 vehiculo
1140 1168 1199 1203 ejus
1222 1169 1354 1203 disjecto:
1372 1173 1398 1197 et
1415 1170 1642 1204 quemadmodum
1660 1171 1708 1196 ali-

923 1213 985 1248 quis
1007 1217 1106 1245 nauta,
1129 1213 1174 1241 ubi
1201 1215 1343 1249 naufragio
1363 1215 1495 1243 dissoluta
1521 1215 1602 1243 fuerit
1620 1216 1707 1245 navis,

923 1258 957 1284 ad
977 1265 1073 1286 omnes
1090 1259 1150 1293 ejus
1164 1264 1266 1294 partes.
1283 1260 1344 1288 aliis
1365 1261 1390 1287 in
1407 1261 1488 1287 aliam
1504 1261 1589 1296 pelagi
1605 1266 1707 1295 partem

924 1303 1076 1338 dissipatis,
1091 1304 1185 1331 eodem
1206 1309 1327 1340 tempore
1341 1306 1443 1334 adnare
1458 1314 1512 1334 non
1526 1312 1612 1341 potest
1629 1307 1706 1342 (nam

923 1348 946 1375 si
962 1348 1092 1383 quidquid
1118 1349 1235 1383 primum
1260 1351 1410 1378 occurrerit
1434 1355 1460 1378 et
1481 1352 1588 1378 obviam
1614 1351 1708 1381 fuerit.

923 1393 1141 1427 apprehenderit,
1158 1395 1262 1430 reliqua
1280 1395 1408 1424 [luctibus
1427 1396 1490 1424 ferri
1506 1399 1584 1432 plane
1598 1399 1710 1432 permit-

924 1438 985 1473 tet),
1012 1439 1107 1467 eodem
1136 1441 1216 1467 modo
1242 1441 1332 1467 aninsa
1350 1449 1410 1476 quae
1429 1449 1460 1469 ea
1476 1447 1574 1469 natura
1596 1443 1708 1477 praedita

923 1492 977 1512 non
1005 1490 1055 1517 est,
1086 1491 1114 1512 ut
1143 1494 1196 1513 una
1224 1494 1285 1513 cum
1314 1489 1486 1522 separatione
1512 1490 1707 1518 elementorum

923 1530 1073 1563 scindatur,
1090 1531 1224 1566 siquidem
1236 1540 1251 1558 a
1267 1540 1381 1567 corpore
1399 1533 1507 1561 liberari
1532 1539 1612 1570 atque
1625 1543 1708 1570 expe-

924 1575 976 1602 diri
993 1583 1046 1603 non
1059 1581 1157 1611 potest,
1175 1578 1198 1604 si
1215 1578 1262 1604 uni
1276 1579 1356 1606 alicui
1375 1587 1488 1613 prorsus
1503 1580 1641 1607 iulia-serit
1656 1582 1707 1607 ele-

86 1629 182 1656 mento,
198 1625 233 1652 ab
248 1624 313 1652 aliis
327 1624 457 1651 avelletur
477 1628 503 1648 rt
524 1622 728 1654 intercludctur,
745 1625 772 1648 et
788 1626 818 1648 ut
832 1621 917 1648 nihilo
931 1622 1017 1657 magis
1033 1622 1194 1650 immortalis
1209 1631 1269 1657 qum
1283 1623 1308 1650 in
1326 1632 1380 1651 uno
1393 1624 1475 1657 vivat,
1490 1632 1568 1660 quam
1584 1626 1707 1652 mortalis

86 1676 188 1707 putetur
200 1679 262 1706 qua:
280 1671 309 1697 in
330 1670 453 1705 pluribus
466 1677 519 1696 non
539 1670 585 1702 sit,
601 1668 794 1702 consequentia
810 1669 945 1695 sermonis
956 1669 1010 1695 dat.

119 1740 144 1767 Μ
153 1761 160 1768 .
179 1740 249 1767 Ἀλλ’
263 1739 328 1766 οὔτε
340 1737 521 1771 συστέλλεται,
533 1736 624 1772 φησὶν,
635 1735 695 1762 οὔτε
705 1735 820 1772 διαχῑται
841 1735 871 1761 τὸ

87 1782 172 1816 νοητόν
183 1790 213 1807 τε
225 1781 274 1807 καὶ.
286 1780 447 1806 ἀδιάστατον
459 1780 604 1814 (σωμάτων
615 1778 669 1813 γὰρ
681 1778 744 1805 ἴδιον
756 1779 870 1813 συστολὴ

87 1828 128 1854 καὶ
144 1826 298 1862 διάχυσις),
319 1825 415 1860 ἐπίσης
430 1825 458 1851 δέ
482 1824 552 1851 κατὰ
572 1824 620 1858 τὴν
642 1824 710 1850 ἰδίαν
730 1823 809 1858 φύσιν
822 1823 870 1859 τὴν

88 1872 158 1908 ἀειδῆ
176 1873 223 1899 καὶ
243 1872 392 1907 ἀσώματον
406 1872 437 1906 τῇ
454 1879 484 1896 τε
502 1870 643 1904 συγκρίσει
662 1869 714 1896 τῶν
735 1869 871 1903 στοιχείων

89 1919 146 1954 περὶ
159 1918 188 1944 τὸ
207 1918 292 1952 σῶμα
311 1918 359 1943 καὶ¹
379 1918 412 1951 τῇ
434 1914 568 1950 διακρίσει
584 1914 723 1949 πάρεστιν,
744 1921 869 1947 συνεσφι-

88 1961 188 1997 γμένων
203 1962 259 1996 (22)
275 1963 305 1987 ἐν
321 1960 359 1995 τῷ
376 1959 540 1995 συγκρίματι
561 1960 614 1986 τῶν
627 1958 764 1993 στοιχείων
780 1965 870 1983 στενοο

88 2008 251 2043 χωρουμένη,
258 2007 323 2034 οὔτε
334 2006 571 2041 ἀποφοιτησάντων
581 2004 627 2031 ἐπὶ
634 2003 669 2030 τὰ
678 2003 795 2037 συγγενῆ
802 2003 869 2037 (23),

87 2054 130 2079 καὶ
142 2053 210 2080 κατὰ
224 2053 309 2087 φύσιν
321 2053 412 2083 αὐτοῖς
424 2049 678 2086 ἁπολιμπανομένη,
692 2048 743 2075 κᾶν
757 2048 825 2074 πολὺ
840 2047 870 2073 τὸ

89 2098 163 2133 μέσον
179 2097 249 2124 εἶναι
275 2098 349 2124 δοκεί
363 2097 393 2123 τὸ
411 2096 461 2131 τῆς
479 2095 636 2131 ἑτερότητος
651 2094 707 2130 (ἓῶ)
724 2093 778 2120 τῶν
799 2102 871 2121 στοι-

88 2143 160 2177 χείων
175 2142 403 2178 ἐνοεωροὺμενον.
423 2141 510 2176 Πολλὴ
521 2141 575 2176 γὰρ
586 2141 603 2174 ἡ
620 2140 735 2174 διαφορὰ
751 2139 806 2174 (25)
821 2138 868 2164 τοῦ

88 2187 237 2222 ἁνωςοεροῦς
250 2196 284 2213 τε
301 2188 347 2214 καὶ
363 2187 463 2221 κούφου
483 2187 550 2221 πρὸς
560 2186 591 2212 τὸ
615 2186 683 2221 βοιρῦ
700 2186 746 2211 καὶ
760 2185 868 2219 γεῶδες,

88 2231 130 2258 τοῦ
141 2231 240 2267 Θερμοῦ
258 2232 316 2267 (9.6)
332 2232 400 2267 πρὸς
413 2233 443 2258 τὺ
457 2232 569 2266 ψυχρὸν,
584 2231 630 2257 καὶ
641 2230 687 2256 τοῦ
703 2230 784 2264 ὑγροῦ
802 2230 868 2264 πρὸς

88 2276 115 2302 τὸ
129 2277 246 2305 ἐναντίον
259 2286 267 2292 ·
283 2277 340 2303 ἀλλ’
359 2278 433 2312 ὅμως
445 2277 531 2308 esset;
547 2277 624 2306 πόνος
645 2276 676 2310 τῇ
698 2275 777 2311 νοερᾷ
790 2275 868 2318 φύσει

132 2380 157 2413 6)
168 2381 353 2408 Κινδυνεύει.
369 2381 423 2407 Καὶ
434 2382 502 2408 κινδ.

133 2415 155 2451 ῖι)
171 2416 249 2448 Πρὸς
264 2416 417 2451 (LUIHLA
438 2416 458 2441 ti
470 2417 515 2442 ἀπ’
532 2417 623 2451 ἀλλήλ.

122 2449 158 2483 (8)
175 2451 321 2483 Ἐκάστῳ.
337 2452 359 2476 Δ
376 2450 395 2476 Β
408 2451 531 2478 ἑκάστου.

122 2485 158 2518 (9i
179 2485 271 2512 Τοῦτο
279 2485 348 2511 τῶν.
366 2485 414 2511 ΑΒ
429 2485 540 2512 τούτων.

194 2519 382 2555 Ποιημάτων.
399 2521 419 2545 Λ
432 2519 454 2545 Β
469 2521 628 2555 ποιοτήτων.

122 2553 175 2588 (11)
186 2554 251 2580 Μέν
264 2555 342 2580 deest
357 2555 388 2580 A.

122 2588 174 2624 (lg)
187 2590 242 2615 Ἦν
255 2590 325 2615 καλ.
372 2588 421 2624 τὴν
443 2589 502 2615 καλ.

136 2623 176 2656 45)
194 2624 334 2650 Κὰκεῑσε.
346 2623 366 2649 Β
377 2624 423 2649 καὶ
433 2624 530 2650 ἐκεῖσε.

136 2624 176 2656 15)
194 2624 334 2650 Κὰκεῑσε.
346 2624 366 2649 Β
377 2624 423 2649 καὶ
433 2624 519 2649 ἐκεῖσε

124 2624 176 2692 (ιι)
191 2659 284 2692 Ἤτοι.
301 2658 324 2683 Α
337 2659 409 2690 ἄγει,
427 2657 519 2692 Βᾰγῃ.

124 2691 340 2728 (15))Πείσεται,
354 2693 377 2717 A
400 2692 426 2718 in
445 2694 564 2726 margine
581 2714 587 2720 .
607 2695 733 2728 Ἀγεται,
749 2694 870 2722 πείσεται

93 2726 162 2762 satis,
174 2727 257 2762 ψυχή.

125 2761 176 2794 (lli)
192 2761 262 2788 Κατ’
276 2762 363 2789 αὐτό.
375 2762 396 2787 Α
417 2762 485 2788 κατᾶ
498 2763 604 2789 ταύτόν.

124 2795 147 2829 (1
153 2795 177 2830 7)
188 2797 316 2826 Παντός.
332 2796 355 2823 Α
370 2795 486 2828 πάντως.

959 1733 992 1760 Μ.
1005 1735 1039 1761 At
1049 1742 1145 1769 neque,
1157 1733 1335 1765 contrahitur,
1347 1734 1528 1770 iuquitneque
1547 1737 1706 1766 diffunditur

921 1780 946 1806 id
965 1780 1035 1814 quod
1051 1785 1077 1807 et
1100 1785 1190 1808 mente
1212 1782 1346 1812 noscitur.
1371 1781 1591 1817 cogitationeque
1617 1786 1702 1819 perci-

921 1826 1003 1859 pitur,
1027 1828 1053 1852 et
1069 1825 1261 1859 disjunclionis
1287 1827 1521 1861 separationisque
1545 1836 1641 1864 expers
1666 1836 1708 1858 est

921 1871 1081 1905 (corporum
1099 1872 1170 1897 enim
1192 1871 1316 1898 contrahi
1339 1875 1421 1906 atque
1437 1872 1550 1900 dill‘undi
1567 1875 1705 1910 proprium

923 1916 990 1950 est).
1012 1915 1059 1942 sed
1079 1916 1219 1950 aequaliter
1236 1916 1312 1950 juxta
1332 1917 1373 1944 sui
1392 1921 1526 1949 naturam,
1548 1927 1608 1953 qua!
1622 1924 1649 1947 et
1667 1921 1707 1946 in-

923 1961 1048 1992 visibilis,
1078 1960 1202 1988 informis
1225 1966 1253 1988 et
1269 1962 1428 1996 incorporea
1447 1967 1499 1993 est.
1519 1971 1579 1990 cum
1599 1965 1706 1992 coalitis

923 2010 1005 2040 atque
1022 2006 1157 2033 concretis
1172 2007 1245 2033 circa
1269 2013 1368 2042 corpus
1382 2008 1534 2040 elementis,
1556 2014 1611 2036 tum
1630 2018 1707 2045 sepa-

924 2051 990 2078 ratis
1001 2055 1082 2086 atque
1097 2051 1243 2086 disjunctis
1259 2052 1346 2084 adest,
1363 2061 1395 2080 ac
1406 2061 1494 2089 neque
1507 2056 1663 2084 constrictis
1679 2057 1704 2084 in

922 2097 1096 2123 concretione
1119 2097 1259 2124 elementis
1284 2098 1416 2132 premitur
1436 2104 1517 2134 atque
1540 2106 1704 2134 eoaretatur,

923 2148 1011 2175 neque
1027 2141 1060 2167 ad
1075 2145 1189 2176 cognata
1206 2142 1313 2177 sibique
1330 2145 1464 2171 naturalia
1482 2146 1609 2177 reversis,
1624 2147 1707 2174 relin-

922 2187 1024 2220 quitur,
1039 2186 1144 2213 etiatnsi
1160 2195 1287 2222 magnum
1301 2189 1366 2216 illud
1383 2190 1528 2218 discrimen
1541 2200 1602 2220 esse
1617 2194 1707 2220 videa-

922 2236 975 2263 tur,
991 2231 1062 2266 quod
1085 2232 1207 2259 cernitur
1225 2236 1251 2260 et
1268 2234 1494 2263 animadvertitur
1513 2238 1538 2264 in
1557 2239 1706 2266 elemento-

923 2285 982 2305 rum
998 2277 1173 2309 diversitate;
1190 2285 1288 2313 magna
1310 2281 1381 2307 extim
1403 2282 1554 2310 dill‘erentia
1571 2289 1612 2311 est
1636 2284 1707 2312 inter

1033 2383 1266 2420 ’Ernrvxovrtoga
1287 2385 1306 2410 Α
1329 2385 1538 2420 Βέπιτυχόντος.

960 2418 1015 2454 (19)
1029 2418 1141 2452 Φέρειν.
1159 2419 1181 2445 Δ
1196 2420 1222 2445 in
1236 2421 1356 2454 margine
1371 2418 1452 2452 ετοῖξ
1466 2421 1568 2454 κύμασι
1581 2421 1706 2447 καταλεί-

922 2451 967 2486 ψει
979 2451 1118 2487 φέρεσθαι.

958 2487 1065 2524 (ξω-ξιτ
1078 2488 1177 2524 ψυχή-κ
1186 2488 1206 2514 Β
1217 2489 1263 2514 καὶ
1279 2489 1295 2523 ἡ
1309 2489 1394 2524 ψυχή-

960 2522 1220 2559 (21)-Προσφοεῖσα
1234 2522 1399 2558 (Italiamin
1416 2524 1435 2550 Β
1451 2525 1617 2559 προσφυεῖσα
1634 2533 1704 2550 στοι-
1720 2527 1725 2531 ”

922 2555 998 2592 χείῳΞ
1011 2557 1031 2582 A
1048 2555 1180 2592 στοιχείῳ.

1026 2591 1285 2628 ξυνεσφέῖμένων.
1303 2593 1324 2619 Α
1338 2597 1364 2620 ct
1379 2593 1399 2619 Β
1415 2593 1582 2628 prmniittunt
1597 2592 1667 2619 οὔτε.

969 2626 1014 2662 233)
1029 2626 1172 2662 Συγῃςνῆ.
1189 2627 1209 2662 13
1225 2628 1342 2662 συγγενῆ
1356 2637 1395 2654 τε.

958 2660 1014 2694 (24)
1029 2661 1115 2686 Δοκεῖ
1121 2661 1153 2688 τὸ
1164 2661 1218 2695 τῆς
1229 2660 1409 2697 ἐτερότὴτος.
1425 2664 1445 2688 Λ
1460 2662 1479 2688 Β
1492 2662 1554 2696 δοκῇ
1567 2662 1597 2696 τῇ
1613 2662 1704 2697 ἑτερό-

922 2702 994 2720 ττιτι.

923 2764 937 2789 δ
951 2719 1015 2763 Δ(ΞΒ)
1023 2729 1067 2790 έιι
1077 2731 1213 2765 διαφορά.
1224 2731 1247 2758 A
1259 2732 1285 2758 in
1303 2736 1375 2759 textu
1389 2730 1521 2764 ἀναφορὰ,
1538 2730 1564 2757 in
1585 2730 1703 2764 margine

941 2772 1019 2790 taooo
1042 2785 1048 2790 .

941 2772 1048 2791 ιαφοοα.

959 2773 1085 2833 (ἔὲῗαῖοῡ
1105 2801 1221 2835 θερμοῦ.
1242 2801 1260 2827 Β
1273 2802 1318 2827 καὶ
1332 2801 1378 2827 τοῦ
1391 2800 1499 2834 Θερμοῦ.
