1919 3069
85 77 122 106 ει

644 85 686 111 DE
705 85 812 112 ΑΝΙΜΛ
835 85 876 112 liT
897 85 1196 114 RESURREC‘I‘IONE.

1699 93 1734 120 Μ

88 141 174 184 atque
200 138 450 167 consubstantiata
472 149 533 169 esse
562 142 677 170 videret.
697 144 764 171 Nam
789 152 839 172 nec
860 145 886 171 in
902 145 956 171 ulla
975 143 1086 180 quidem
1112 145 1163 171 alia
1185 152 1224 177 re,
1248 144 1307 171 loco
1329 147 1430 180 proprii
1452 155 1597 176 connuune
1617 156 1732 184 ponens.

92 182 216 216 subjecti
235 184 388 219 quisquam
402 186 518 213 ediderit
530 187 728 216 deﬁnitionem.

132 227 214 254 Ἐπεὶ
231 228 282 256 οὖν
300 230 333 256 τὸ
348 231 545 266 ἐπιθυμητικόν
559 241 588 259 τε
602 234 648 260 καὶ
669 235 810 270 θυμοειδὲς
825 235 892 263 κατὰ

983 234 1116 266 Quoniam
1146 234 1228 269 igitur
1249 239 1276 262 et
1302 236 1516 270 concupiscendi
1543 245 1570 265 et
1596 239 1733 268 irascendi

90 272 121 299 13)
137 273 197 299 ἶσον
224 275 277 300 κα).
293 276 339 301 ἐπὶ
356 276 406 310 τῆς
422 277 519 311 ἀλόγου
542 287 571 304 τε
591 280 638 306 κα).
661 280 771 315 λογικῆς
790 282 896 316 φύσεως

91 318 264 354 καθορᾶται,
277 322 327 347 οὐκ
337 322 369 348 ἄν
380 331 420 354 τις
433 323 551 357 εὐλόγως
562 325 594 350 ὲκ
605 325 650 351 τοῦ
662 326 751 352 κοινοῦ
763 335 896 362 χαρακτη-

93 364 163 399 ρίζει
179 365 242 400 (75)
261 366 293 392 τὸ
309 367 383 394 ἴδιον,
404 369 435 394 Ὃ
450 368 478 394 δὲ
493 369 561 404 πρὸς
577 370 626 405 τὴν
638 371 688 404 τῆς
709 371 815 404 φύσεως
833 372 896 398 ὐπο-

90 411 204 445 γραψὴν
228 413 362 447 περιττόν
385 413 440 448 (74)
463 423 493 440 τε
518 415 565 441 καὶ
590 415 751 451 ἀπόϐλητον,
775 417 832 448 πῶς
855 416 896 443 ἔν-

91 465 166 482 εστιν
184 458 247 492 (75)
266 458 304 489 ὡς
324 459 407 494 μέρος
427 460 477 494 τῆς
491 460 607 494 φύσεως,
623 462 666 488 ἐπ’
678 462 818 497 ἀνατροπῇ
840 462 894 498 (76)

91 503 139 529 τοῦ
155 504 224 538 ὅρου
242 505 297 538 τὴν
320 505 396 539 ἰσχὺν
418 505 506 539 ἕχεινς
524 507 582 537 Πᾶς
598 514 651 542 γαρ
666 508 779 542 ὁρισμὸς
804 508 896 539 οὐσίας

93 550 161 584 πρὸς
175 550 208 576 τὸ
222 550 292 576 ἴδιον
306 551 353 577 τοῦ
366 551 543 587 ὑποκειμένου
553 553 656 588 βλέπει,
671 553 716 585 Ὃ,
728 562 754 580 τι
769 554 790 580 δ’
801 554 833 581 ἂν
843 554 895 587 ἔξω

93 594 140 620 τοῦ
157 594 314 627 ἱδιάζοντος
326 594 354 632 ᾖ,
371 597 409 628 ὡς
427 597 564 632 ἀλλότριον
586 600 739 633 παρορᾶται
758 599 804 625 τοῦ
820 601 892 634 ὅρου.

100 640 181 667 Ἀλλὰ
197 641 256 676 μὴν
269 642 286 677 ὴ
304 642 375 668 κατὰ
390 643 474 676 Θυμύν
490 652 520 669 τε
540 644 587 670 καὶ
603 643 751 679 ἐπιθυμίαν
772 645 894 680 ἐνέργεια

95 684 170 718 κοινὴ
196 686 294 720 πάσης
316 683 386 712 εἶναι
410 687 458 721 τῆς
479 687 591 722 λογικῆς
611 697 640 714 τε
664 689 711 715 καὶ
727 689 782 723 (77)
797 689 894 723 ἀλόγου

96 729 205 763 φύπεως
218 732 405 766 ὁμολογεῖται.
423 734 480 759 Πᾶν
495 733 522 759 δὲ
536 734 566 759 τὸ
581 734 678 766 κοινὸν,
694 735 723 760 οὐ
733 735 827 760 ταύτόν
838 735 894 761 ἐστι

95 775 133 810 τῷ
148 775 295 807 ἰδιάζοντι.
320 777 437 813 ’Λνάγκη
458 780 511 814 ἄρα
535 779 578 805 διὰ
600 780 702 806 τούτων
725 781 792 812 ἐστὶ,
815 780 851 815 μὴ
867 781 894 807 ὲν

96 820 200 852 τούτοις
226 820 301 849 εἶναι
325 823 411 849 ταῦτα
436 824 601 858 λογίζεσθαι,
620 826 649 851 ὲν
674 822 714 856 οἷς
739 825 895 860 κατεξαίρε-

96 874 140 892 τον
157 866 215 901 (78)
233 868 250 903 ἡ
274 868 432 904 ἀνθρωπίνη
456 871 687 905 χαρακτηρίζεται
710 871 800 904 φύσις.
825 872 893 898 Ἀλλ’

946 279 987 306 vis
998 280 1138 313 :equaliter
1152 288 1261 315 quoque
1286 284 1341 307 tam
1354 281 1381 307 in
1395 282 1508 310 rationis
1528 290 1638 317 experte
1650 293 1731 320 quam

946 325 1062 352 rationis
1085 330 1212 359 compote
1241 326 1364 353 cernitur
1389 331 1499 360 natura,
1529 328 1603 354 nulla
1628 330 1732 358 ratione

945 377 996 396 nec
1011 375 1083 397 recte
1098 370 1161 404 quis
1179 378 1226 404 per
1238 378 1410 398 communem
1424 377 1527 403 notam,
1543 372 1569 400 id
1582 374 1652 408 quod
1671 382 1731 408 pro-

945 414 1034 449 prium
1054 419 1096 441 est
1119 415 1312 450 dcsignaverit.
1345 416 1423 449 Quod
1453 420 1542 443 autem
1563 418 1594 444 ad
1626 423 1730 446 natura:

946 459 1164 494 designationem
1186 468 1386 494 supervacuum
1412 469 1444 488 ac
1472 462 1651 496 rejiciendum
1678 468 1730 494 est,

945 514 999 540 quo
1012 511 1090 540 pacto
1108 510 1237 541 tanquam
1263 515 1327 541 pars
1344 512 1460 540 naturae,
1489 513 1579 542 potest
1596 509 1629 534 ad
1658 517 1731 535 ever-

945 552 1049 578 sionem
1063 552 1232 579 delinitionis
1251 553 1323 580 vires
1337 553 1454 580 habere?
1467 553 1561 580 Omnis
1578 554 1649 580 enim
1664 554 1731 580 deti-

945 597 1014 623 nitio
1031 597 1203 628 Substantiae,
1221 597 1361 630 proprium
1378 596 1494 631 subjecti
1509 600 1621 630 spectat.
1644 595 1731 628 Quid-

944 641 1009 675 quid
1022 645 1112 667 autem
1133 647 1211 667 extra
1236 641 1453 675 peculiaritatem
1477 648 1508 667 ac
1536 640 1729 675 proprietatem

945 686 1038 718 fuerit,
1068 691 1197 720 tanquam
1215 694 1228 712 a
1260 686 1419 713 deliuition'e
1441 686 1560 712 alienum
1580 685 1731 719 despicitur

945 735 1025 766 atque
1053 732 1246 758 contemnitur.
1276 731 1354 765 Atqui
1390 735 1444 757 tam
1475 730 1611 757 irascendi
1649 737 1730 764 quam

944 777 1157 811 concupiscendi
1184 777 1236 804 vim
1270 781 1352 811 atque
1380 776 1550 804 eﬂicientiam
1575 783 1636 802 cum
1656 775 1729 801 omni

945 828 1043 850 natura
1069 827 1124 849 tam
1144 823 1269 849 rationali
1297 830 1379 857 quam
1405 821 1557 848 irrationali
1587 828 1730 848 commune

945 876 1006 895 esse
1034 872 1152 895 constat.
1172 867 1309 902 Quidquid
1329 871 1419 894 autem
1445 874 1589 893 commune
1606 871 1658 896 est,
1675 873 1729 892 non

99 909 191 945 ὥσπερ
211 912 242 938 τὸ
261 912 422 947 αἰσθητικὸν
436 915 484 940 κα),
494 914 524 940 τὸ
535 913 678 949 θρεπτικὸν
693 915 738 941 καὶ
751 915 892 950 αὐξητικὸν

947 914 1017 941 idem
1033 921 1095 940 cum
1115 913 1248 948 peculiari
1263 917 1313 940 est.
1338 912 1499 940 Necessario
1515 911 1598 946 igitur
1613 918 1660 945 per
1674 911 1731 937 hac

99 958 126 982 ἐν
138 957 205 991 ἡμῖν
221 966 266 989 τις
282 958 345 984 ίδὼν
364 959 415 985 οὐκ
432 959 542 986 ἀναλύει
557 960 599 986 διὰ
618 961 718 987 τούτων
733 961 778 987 τὸν
796 961 892 987 ἀποδο-

99 1001 176 1027 Θέντα
189 1001 242 1035 τῆς
253 1001 347 1037 ψυχῆς
361 1003 415 1038 (79)
429 1004 490 1038 ὅρον
511 1004 551 1038 (οὐ
563 1004 616 1039 γὰρ
628 1005 719 1040 ἐπειδὴ
729 1005 806 1032 τοῦτό
819 1007 892 1032 ἐστιν

100 1047 127 1072 ὲν
141 1047 173 1081 τῇ
190 1046 279 1082 ψυχῇ,
293 1048 382 1073 ἐκεῖνο
396 1048 445 1074 οὐκ
463 1048 558 1080 ἔστιν),
575 1048 645 1075 οὕτω
662 1049 707 1075 κα).
725 1050 758 1076 τὰ
775 1050 836 1084 περὶ
848 1050 892 1076 τὸν

100 1091 182 1126 θυμὺν
205 1093 254 1118 καὶ
282 1093 333 1127 τὴν
357 1093 503 1128 ἐπιθυμίαν
521 1096 689 1130 κατανοήσας
713 1095 763 1129 τῆς
787 1095 892 1129 φύσεως

101 1137 176 1171 ἡμῶν
189 1138 342 1172 κινήματα,
355 1139 404 1165 οὐκ
413 1138 445 1165 ἂν
458 1139 513 1174 (80)
528 1140 645 1173 εὐλόγως
658 1140 695 1175 τῷ
706 1141 761 1175 ὅρῳ
770 1141 892 1176 μάχοιτο,

101 1180 137 1211 ὠς
152 1181 287 1213 ἑλλειπῶς
307 1182 362 1217 (81)
379 1183 558 1218 ὲνδειξαμένῳ
573 1184 622 1218 τὴν
633 1184 722 1217 φύσιν.

947 960 1072 994 sequitur
1088 963 1117 985 ut
1140 959 1197 986 Ιιωυ
1216 960 1242 986 in
1264 958 1319 986 illis
1334 966 1388 985 non
1406 965 1466 986 esse
1479 958 1667 984 existimemus
1682 964 1730 990 per

946 1013 1005 1039 quin
1017 1004 1152 1039 prmcipue
1161 1004 1318 1038 designatur
1329 1003 1447 1030 humana
1459 1008 1564 1028 natura.
1575 1000 1627 1028 Sed
1636 1008 1730 1036 quem-

945 1050 1091 1077 admodum
1110 1050 1132 1076 si
1153 1049 1214 1083 quis
1236 1048 1385 1078 Sentiendi,
1409 1047 1546 1074 nutriendi
1563 1051 1590 1073 et
1614 1045 1728 1080 augendi

945 1097 1000 1122 vim
1026 1095 1052 1122 in
1078 1095 1158 1122 nobis
1178 1093 1364 1128 conspicatus',
1383 1101 1431 1127 per
1450 1092 1507 1119 haec
1538 1099 1592 1118 non
1618 1091 1730 1118 resolvit

947 1141 1044 1168 anima)
1057 1141 1272 1167 demonstratam
1293 1139 1476 1166 deﬁnitionem
1499 1138 1563 1172 (non
1580 1137 1730 1171 enimquo—

948 1185 1020 1212 niam
1039 1185 1091 1212 hoc
1105 1191 1148 1212 est
1162 1185 1188 1211 in
1202 1185 1303 1216 anima,
1320 1183 1383 1210 illud
1397 1191 1449 1210 non
1464 1183 1528 1217 est),
1543 1182 1636 1209 eodem
1649 1182 1728 1208 n~odo

102 1227 123 1254 si
142 1228 203 1261 quis
224 1232 334 1254 natura:
355 1233 457 1256 nostrae
487 1230 560 1256 circa
585 1230 754 1257 iracundiam
784 1236 810 1258 et
840 1231 1090 1266 concupiscentiam
1115 1235 1206 1258 motus
1231 1229 1438 1263 animadvertit,
1464 1237 1518 1256 non
1545 1229 1626 1256 etiam
1657 1233 1729 1255 recte

104 1275 291 1300 deﬁnitionem
306 1278 454 1308 oppugnet,
477 1279 506 1301 ut
525 1283 585 1309 qua:
601 1276 693 1303 minus
709 1276 876 1304 sutiicienter
896 1281 1023 1304 naturam
1038 1276 1201 1304 ostenderit.

139 1327 168 1354 Γ.
180 1327 213 1353 Τί
223 1324 271 1354 οὖν
280 1327 334 1363 χρὴ
344 1328 505 1363 περὶτούτου
515 1328 569 1363 (8‘2)
579 1327 732 1362 γινώσκειν,
744 1327 819 1355 εἷπον
828 1329 896 1363 πρὸς

106 1373 152 1407 τὴν
167 1372 347 1402 διδάσκαλονζ
361 1373 444 1400 Οὔπω
458 1374 511 1408 γὰρ
521 1371 576 1405 οἷός
587 1374 615 1400 τέ
627 1374 683 1408 εἰμι
693 1374 810 1400 κατιδεῖν
819 1375 893 1405 ὅπως

108 1418 237 1452 προςήκει
260 1418 297 1445 τὰ
314 1419 343 1444 ὲν
361 1419 423 1454 ἡμῖν
438 1419 512 1449 ὄντα,
530 1419 567 1451 ὡς
581 1419 706 1454 ἀλλότρια
721 1420 771 1454 τῆς
788 1419 894 1453 φύσεως

107 1463 181 1497 ἡμῶν
195 1464 401 1492 ἀποποιεῖσθαι.
416 1466 493 1492 -Μ,
510 1465 602 1500 Ὁρᾷς,
612 1467 704 1500 φησὶν,
714 1466 754 1492 ὅτι
767 1466 839 1501 μάχη
852 1467 893 1498 τίς

108 1509 162 1534 ἔστι
176 1508 222 1535 τοῦ
236 1508 370 1544 λογισμοῦ
381 1510 448 1543 πρὸς
458 1511 554 1543 ταῦτα,
569 1510 615 1536 κα).
631 1511 730 1545 σπουδὴ
742 1511 788 1536 τοῦ
806 1521 890 1546 μονω-

107 1555 181 1590 ῦῆνσι
194 1556 244 1591 τὴν
263 1556 356 1591 ψυχὴν
369 1557 481 1589 τούτων,
495 1558 531 1589 ὼς
547 1557 579 1583 ἂν
593 1555 647 1583 οἷόν
663 1566 704 1588 τις
721 1557 776 1592 (85)
836 1557 890 1584 Καί

108 1601 197 1634 εἰσίγὲ
213 1610 286 1632 τινες
303 1599 344 1632 οἷς
359 1601 563 1636 κατώρθωταιὴ
582 1601 692 1636 σπουδὴ.
703 1602 828 1636 καθάπερ
843 1602 886 1627 ἐπ)

107 1646 149 1672 τοῦ
160 1647 297 1678 Μωῡσέως
311 1647 455 1682 ἀκούομεν.
470 1649 509 1673 ὅτι
520 1648 650 1682 κρείττων
659 1646 692 1682 ἦν
701 1647 787 1681 θυμοῦ
800 1656 828 1674 τε
841 1648 888 1673 δια).

109 1688 249 1723 ἐπιθυμίας
277 1689 401 1720 ἐκεῖνος,
431 1690 574 1724 ἀμφότερα
601 1690 790 1726 μαρτυρούσης
819 1691 893 1726 αὐτῷ

108 1732 152 1766 τῆς
168 1732 298 1767 ἱστορίας,
311 1733 354 1759 ὅτι
369 1733 425 1766 (84)
438 1735 524 1768 πρᾷος
535 1732 568 1769 ἦν
583 1735 657 1770 παρὰ
672 1735 776 1766 πάντας
793 1736 894 1772 ἀνθρώ-

110 1785 169 1808 πους
184 1778 363 1812 (ἐνδείκνυται
380 1779 407 1804 δὲ
421 1779 451 1805 τὸ
468 1779 600 1815 ἀόργητον
612 1780 656 1806 διὰ
668 1780 714 1807 τοῦ
730 1781 828 1816 πρᾴου,
847 1783 893 1809 καὶ

110 1821 153 1856 τὴν
169 1823 234 1858 πρὸς
259 1823 306 1849 τὸν
321 1822 406 1858 θυμὸν
425 1823 622 1859 ἀλλοτρίωσιν),
637 1824 682 1850 καὶ
697 1825 736 1851 ὅτι
757 1826 806 1851 οὐκ
828 1826 890 1852 ὲπε-

111 1867 207 1902 θύμησε
222 1868 327 1894 τούτων
341 1868 422 1899 τινὸς⁷
441 1868 503 1904 περ).
517 1868 534 1895 ἃ
550 1869 658 1904 ὁρῶμεν
672 1869 700 1894 ὲν
716 1871 772 1901 τοῖς
787 1870 892 1903 πολλοῖς

111 1914 138 1940 τι
150 1914 343 1950 ἐπιθυμητικὸν
360 1914 563 1950 ὲνεργούμενον.
585 1916 672 1950 Ὅπερ
686 1916 736 1942 οὐκ
754 1916 786 1942 ἂν
802 1916 893 1950 ἐγένε-

111 1959 208 1993 το(8ὃ),
220 1961 243 1986 εί
254 1960 335 1993 φύσις
344 1958 377 1995 ἦν
388 1960 485 1993 ταῦτα,
496 1960 542 1987 καὶ
551 1961 590 1992 είς
599 1961 643 1987 τὸν
656 1961 734 1995 λόγον
741 1962 789 1996 τῆς
800 1962 893 1993 οὐσίας

112 2005 226 2039 ἀνήγετο.
242 2006 279 2031 υύ
301 2006 354 2042 γάρ
372 2007 428 2032 ἐστι
445 2006 554 2033 δυνατὸν
571 2007 616 2033 τὸν
635 2007 687 2039 ἔξω
700 2008 828 2042 γεγονότα
844 2008 893 2043 τῆς

113 2049 211 2083 φύσεως
226 2052 254 2077 ἐν
265 2051 305 2085 τῷ
321 2050 390 2077 εἶναι
407 2052 508 2086 μένειν.
526 2052 606 2078 Ἀλλὰ
619 2053 672 2088 μὴν
682 2055 706 2080 εἰ
721 2053 823 2088 Μωσῆς
836 2053 892 2089 (86)

114 2096 155 2121 καὶ
170 2096 196 2121 ἐν
215 2096 254 2131 τῷ
269 2094 338 2122 εἴναι
354 2095 397 2132 ἦν,
414 2097 460 2123 καὶ
477 2098 505 2123 ὲν
529 2097 632 2129 τούτοις
653 2098 703 2124 οὐκ
718 2096 763 2133 ἦν,
788 2098 851 2124 ἄλλο
866 2108 892 2125 τι

113 2139 161 2174 ἄρα
176 2141 248 2175 παρὰ
263 2142 314 2177 τὴν
333 2142 412 2175 φύσιν
434 2143 491 2168 ἐστ).
505 2143 600 2174 ταῦτα,
621 2143 667 2170 καὶ
681 2143 739 2179 οὐχ)
757 2144 846 2176 φύσις.
861 2145 892 2170 Εἰ

114 2185 162 2220 γὰρ
171 2187 225 2221 (87)
239 2187 347 2220 ἀληθῶς
361 2188 440 2221 φύσις
451 2188 528 2214 τοῦτό
542 2189 615 2214 ἐστιν
626 2188 694 2224 (88),
705 2190 734 2215 ὲν
781 2189 810 2215 τὺ
823 2187 892 2216 εἶναι

114 2231 158 2264 τῆς
171 2232 260 2263 οὐσίας
273 2233 522 2268 καταλαμϐάνεται,
535 2234 636 2260 τούτων
650 2235 704 2270 δὲή
717 2235 893 2270 ἀλλοτρίωσις

115 2275 152 2308 ἐφ’
166 2276 227 2310 ἡμῖν
242 2278 340 2308 κεῖται,
358 2277 396 2308 ὡς
412 2277 449 2312 μὴ
464 2277 543 2311 μόνον
558 2277 683 2312 ἀζήμιον,
701 2277 767 2304 ἀλλὰ
779 2277 825 2304 κα).
837 2278 893 2304 ἐπι-

115 2320 201 2354 κερδὲς
214 2320 269 2355 (89)
285 2319 354 2347 εἷναι
371 2322 403 2356 τῇ
421 2320 498 2354 φύσει
515 2321 560 2347 τὸν
575 2321 727 2356 ἀφανισμὸν
738 2322 792 2348 τῶν
805 2322 894 2348 τοιού-

115 2374 171 2392 των.
188 2366 269 2401 Δῆλον
281 2364 327 2393 οὖν
342 2367 383 2393 ὅτι
401 2366 455 2393 τῶν
468 2367 566 2400 ἔξωθεν
581 2368 820 2403 ὲπιῦεωρουμένων
835 2369 893 2394 ἐστὶ

149 2466 200 2503 (75)
215 2468 429 2502 Χηρακτηρίζει.
445 2469 466 2494 Β
478 2467 682 2503 χαρακτηρίζοι.

213 2494 362 2536 "silude
382 2494 402 2529 Ᾰ
414 2494 538 2538 περιςτᾶν
551 2494 610 2529 ὲστίΙ
621 2494 677 2529 κᾶε.

149 2537 200 2570 (75)
220 2538 367 2564 Ἕνεστιν.
385 2539 405 2563 Β
416 2537 500 2565 ἐσέείν.

150 2571 200 2606 (76)
311 2573 334 2598 Α
353 2573 374 2598 Β
387 2573 442 2599 επί.

149 2606 200 2675 (77)
218 2606 272 2640 Τῆς
285 2608 411 2642 λογικῆς
425 2617 456 2634 τε
467 2608 518 2634 καί
528 2607 618 2634 delent
633 2608 653 2633 A
664 2607 693 2634 Β.

159 2641 199 2675 78)
214 2642 435 2675 Κατεξαίρετον.
451 2642 471 2668 Β
481 2642 542 2668 κατ’
558 2642 693 2675 ἐξαίρετον

159 2641 199 2677 78)
214 2642 435 2677 Κᾳτεξαίρεζτον.
451 2642 471 2668 Β
481 2642 542 2668 κατ’
558 2642 695 2677 ἐξαίρετον

151 2676 201 2714 (79)
220 2676 274 2714 Τῆς
289 2676 408 2714 ψυχῆς.
422 2678 446 2703 Α
460 2678 486 2704 in
506 2681 580 2704 textu
604 2676 668 2712 περ)
685 2677 733 2712 τῆς
748 2678 845 2714 ψυχῆς,
860 2679 887 2706 in

121 2711 227 2746 margine
237 2713 269 2746 τῇ
281 2711 365 2746 ψυχῇ.

217 2745 276 2773 Οὺᾶι
288 2745 374 2772 ἇνέᾹ
388 2747 414 2773 in
429 2755 549 2781 margine.
561 2747 610 2774 οὐκ
625 2747 662 2774 ἔτ’
678 2748 720 2775 ἄν.

152 2779 201 2814 (Si)
219 2781 388 2813 ‘E.uemd)¢.
402 2782 422 2808 A
433 2781 452 2807 Β
464 2779 587 2813 ἐλλιπῶς.

978 1329 1010 1357 G.
1027 1329 1098 1362 Quid
1110 1329 1203 1364 igitur,
1218 1329 1328 1364 inquam
1343 1329 1376 1357 ad
1389 1331 1559 1364 magistram,
1575 1331 1660 1358 dehis
1673 1337 1728 1358 sta-

944 1378 1021 1400 tuere
1036 1377 1063 1400 et
1078 1373 1184 1400 sentire
1201 1374 1326 1408 oportet?
1337 1374 1457 1401 nondum
1473 1374 1544 1401 enim
1557 1374 1729 1401 animadver-

944 1423 1000 1445 tere
1021 1425 1132 1452 possum
1153 1426 1208 1453 quo
1223 1423 1305 1453 pacto
1320 1419 1466 1446 conveniat
1478 1426 1509 1446 ea
1531 1427 1591 1453 qua:
1608 1420 1634 1446 in
1651 1420 1730 1447 nobis

943 1465 1049 1495 insunt,
1072 1468 1202 1499 tanquam
1218 1465 1306 1491 aliena
1326 1473 1341 1494 a
1357 1469 1456 1493 natura
1473 1469 1568 1492 nostra
1585 1473 1729 1500 segregare

944 1515 1025 1544 atque
1033 1510 1259 1545 repudiare.-—M.
1270 1511 1364 1543 Vides,
1375 1512 1473 1546 inquit,
1481 1513 1553 1546 quod
1560 1519 1649 1546 pugna
1655 1518 1730 1546 qua:-

945 1555 1006 1582 dam
1016 1556 1130 1582 rationis
1139 1555 1272 1583 adversus
1281 1556 1338 1583 haec
1349 1558 1420 1587 sit,et
1431 1557 1563 1585 stmlium.
1572 1557 1660 1586 quoad
1667 1557 1727 1590 ejus

947 1600 1004 1626 licri
1021 1599 1117 1634 possit,
1132 1599 1248 1625 animam
1267 1598 1301 1625 ab
1316 1597 1358 1625 his
1382 1596 1526 1631 separandi
1541 1599 1622 1630 atque
1643 1603 1731 1630 segre-

946 1645 1037 1679 gandi.
1053 1644 1091 1671 Ac
1102 1648 1166 1670 sunt
1181 1651 1247 1670 sane
1265 1643 1399 1675 nonnulli,
1424 1642 1524 1677 quibus
1536 1642 1587 1668 hoc
1611 1641 1730 1668 studium

947 1697 1078 1724 prospere
1106 1689 1251 1721 successit,
1270 1688 1371 1723 quique
1397 1688 1422 1715 id
1453 1687 1525 1722 quod
1546 1687 1731 1721 quaesiverunt

946 1734 1064 1762 assecuti
1092 1738 1167 1766 sunt,
1197 1733 1425 1769 quemadmodum
1453 1732 1486 1759 de
1510 1731 1602 1767 Moyse
1627 1730 1731 1757 audivi-

947 1788 1018 1812 mus,
1034 1780 1107 1814 quod
1120 1780 1143 1806 is
1162 1787 1210 1806 nec
1227 1779 1259 1806 ab
1275 1779 1313 1805 ira
1327 1786 1375 1805 nec
1390 1785 1404 1804 a
1421 1777 1644 1812 concupiseentia
1659 1775 1731 1802 vinci

947 1833 978 1853 ac
994 1826 1117 1860 superari
1134 1829 1237 1859 posset,
1262 1824 1405 1858 utriusque
1430 1823 1467 1850 rei
1492 1822 1677 1849 testimonium
1705 1821 1731 1847 ei

946 1871 1107 1906 perhibente
1117 1870 1245 1903 historia,
1256 1869 1329 1906 quod
1341 1873 1367 1896 et
1379 1869 1448 1896 lenis
1460 1869 1587 1902 mitisque
1600 1871 1674 1895 esset
1686 1874 1733 1894 su-

946 1925 995 1953 pra
1010 1925 1106 1944 omnes
1120 1917 1244 1944 homines
1254 1917 1312 1951 (per
1324 1916 1462 1943 lenitatem
1473 1919 1564 1941 autem
1579 1918 1606 1941 et
1615 1914 1733 1940 clemen-

946 1964 1011 1990 tiam
1029 1964 1076 1990 irze
1090 1964 1213 1990 vacuitas
1236 1967 1263 1990 ct
1281 1963 1314 1990 ab
1335 1961 1476 1989 iracundia
1497 1960 1602 1987 alienus
1625 1959 1733 1987 animus

946 2008 1121 2042 ostenditur),
1148 2011 1175 2035 et
1195 2007 1266 2042 quod
1289 2015 1342 2034 non
1361 2005 1567 2039 concupisceret
1584 2002 1731 2038 quidquam

946 2061 1039 2081 eorum
1055 2054 1128 2080 circa
1145 2060 1205 2088 qua:
1223 2053 1249 2080 in
1273 2053 1410 2087 plerisque
1424 2050 1581 2077 hominibus
1595 2049 1648 2076 vim
1667 2056 1733 2075 con-

946 2098 1105 2133 cupiscendi
1127 2101 1287 2132 occupatam
1309 2104 1369 2124 esse
1384 2095 1515 2123 videmus.
1529 2093 1606 2126 Quod
1628 2100 1683 2119 non
1708 2092 1732 2118 ei

947 2144 1126 2178 contingeret,
1136 2144 1158 2170 si
1174 2147 1271 2170 natura
1285 2142 1341 2169 hzec
1354 2144 1488 2172 essent,et
1499 2140 1532 2167 ad
1544 2139 1676 2166 rationem
1690 2146 1733 2165 es-

947 2189 1042 2215 sentim
1055 2189 1233 2216 referrentur.
1249 2187 1319 2214 Fieri
1334 2186 1407 2213 cnim
1418 2193 1472 2212 non
1491 2188 1590 2220 potest,
1613 2187 1641 2210 ut
1656 2187 1733 2210 extra

945 2238 1071 2260 naturam
1083 2234 1249 2261 constitutus
1263 2233 1360 2259 inesse
1371 2235 1488 2258 maneat.
1501 2229 1582 2264 Atqui
1595 2229 1617 2255 si
1627 2228 1733 2264 Moyses

945 2282 972 2306 ct
988 2279 1015 2306 in
1035 2286 1096 2306 esse
1112 2284 1180 2312 erat,
1197 2283 1223 2306 et
1241 2279 1266 2305 in
1285 2279 1327 2305 his
1343 2285 1396 2304 non
1410 2280 1477 2308 erat,
1491 2276 1564 2303 aliud
1579 2282 1644 2310 ergo
1654 2274 1730 2310 quid-

948 2324 1019 2359 piam
1035 2329 1115 2359 atquc
1131 2329 1239 2355 natura,
1254 2324 1311 2351 haae
1327 2327 1402 2355 sunt,
1415 2327 1443 2350 et
1456 2329 1509 2348 non
1534 2325 1641 2348 natura.
1668 2319 1732 2352 Qua:

946 2370 1017 2397 enitn
1035 2378 1098 2397 vere
1112 2374 1209 2397 natura
1228 2374 1280 2399 est,
1300 2369 1352 2396 hoc
1370 2373 1422 2400 cst,
1440 2368 1467 2394 in
1492 2375 1545 2402 quo
1564 2367 1650 2401 ipsum
1671 2373 1732 2393 esse

980 2468 1036 2501 (82)
1055 2469 1123 2502 Περὶ
1136 2469 1291 2502 τούτουκΒ
1303 2467 1366 2502 περ).
1383 2467 1493 2502 τούτων.

993 2504 1038 2536 85)
1056 2500 1124 2530 Οἷόν
1135 2513 1188 2536 τις.
1203 2505 1225 2529 A
1239 2501 1294 2530 οἶόν
1310 2500 1345 2534 tt,
1358 2503 1379 2528 B
1391 2500 1445 2528 οἷον
1457 2510 1496 2528 τε.

993 2539 1037 2565 84)
1054 2540 1128 2565 ’¹Οτι.
1142 2539 1162 2564 Β
1177 2539 1217 2564 ὅτι
1234 2546 1273 2564 τε.

980 2568 1036 2607 (85)
1054 2574 1142 2607 Ὅπερ
1155 2574 1210 2599 οὐκ
1230 2573 1268 2599 ἂν
1285 2573 1411 2608 ἐγένετο.
1434 2571 1551 2608 ltrcalee
1617 2568 1661 2608 ad‘
1673 2569 1729 2608 hazc

943 2603 1033 2643 Yerba'
1045 2608 1096 2635 ista
1117 2603 1316 2643 leguntur.”th
1331 2608 1360 2633 οὺ
1372 2606 1488 2643 φυσικός
1503 2607 1573 2631 ἐστιν
1586 2605 1614 2630 ἐν
1628 2603 1666 2638 τῷ
1681 2603 1728 2629 ἀν-

943 2642 1045 2678 θρῴπῳ
1059 2644 1072 2669 ὀ
1083 2642 1166 2678 ﬂuuii;
1176 2643 1223 2678 κα).
1231 2644 1253 2678 γὴ
1266 2642 1405 2676 ἐπιθυμία.

977 2677 1032 2711 (86)
1053 2677 1173 2711 Μωσῆς.
1192 2677 1213 2703 Α
1229 2677 1249 2702 Β
1260 2678 1387 2712 Μωυσῆς.

979 2712 1034 2753 ςὲΞ)
1053 2711 1164 2753 Ξίῖάῆ
1179 2712 1199 2737 Β
1214 2713 1230 2747 ὴ
1245 2713 1307 2753 γᾴρ·
1327 2747 1338 2752 -
1358 2711 1385 2753 ζ.
1415 2720 1417 2723 ‘

979 2744 1034 2779 (88)
1053 2744 1142 2773 1δῦτό
1150 2744 1245 2773 ἑστιῶν.
1252 2744 1286 2772 ⁷,Λ’
1295 2745 1365 2773 τοῦτ’
1373 2744 1444 2770 ἓττιν

980 2779 1035 2815 (89)
1063 2782 1237 2815 Έπικειδές.
1254 2782 1274 2807 Α
1291 2779 1427 2813 ἐπικερδῆ.
