1919 3069
61 84 91 113 6|
609 86 652 112 DE
669 85 778 114 ΑΝΙΜΑ
799 87 842 114 ΕΤ

913 87 1165 116 SURRECTIONE.
1604 100 1609 104 '
1670 92 1706 120 (ἶὶί

61 143 92 177 τῇ
111 139 165 167 τῶν
180 140 297 175 ἀλόγων
310 143 471 176 πῳῦπέστη
485 142 576 176 φύσει·
589 142 625 172 ὡς
637 142 692 176 (58)
706 141 859 175 ἀναγκαίως

913 142 964 173 ira.
982 150 1013 169 ex
1032 143 1086 171 illis
1106 148 1205 176 metus,
1233 145 1294 172 hinc
1315 146 1405 172 omnia
1428 146 1478 172 alia
1497 154 1663 181 qumcunquc
1679 147 1705 173 in

61 187 103 212 διὰ
118 185 165 212 τοῦ
179 186 241 217 ἑνὸς
255 187 306 213 καὶ
316 188 387 223 πρὸς
397 188 462 222 (58‘)
473 187 506 214 τὰ
520 187 680 223 συνημμένα
696 187 798 214 τούτων
810 187 859 222 (59,

920 188 1088 214 contrarium
1101 197 1115 215 a
1127 189 1204 217 nobis
1216 194 1507 225 exercentur.excepta
1521 192 1634 218 rationis
1649 200 1706 225 par-

62 231 162 266 γίνεται
177 232 230 266 τῆς
246 232 342 267 ψυχῆς
357 234 373 268 ἡ
379 233 436 268 μῶν
454 233 470 268 ἡ
483 233 618 260 κοινωνία.

915 231 997 266 ticipe
1016 236 1097 266 alque
1110 234 1249 268 cogitandi
1266 234 1411 261 facultate:
1427 243 1486 269 qute
1501 236 1558 262 sola
1577 236 1705 262 nimirum

63 277 196 311 prrecipua
222 278 292 306 vitae
316 285 417 306 nostra:
437 286 498 314 pars
517 282 558 307 est
575 279 601 306 in
617 286 678 306 sese
693 278 790 306 divina:
807 278 917 313 ﬁgurae,
936 278 1017 305 sicuti
1034 279 1135 306 dictum
1149 285 1209 312 est,
1229 280 1373 315 imaginem
1394 282 1549 308 continens.
1570 281 1622 308 Sed
1637 289 1708 316 quo—

63 322 129 349 niam
143 322 224 357 juxta
239 324 302 357 jam
319 328 383 351 ante
407 324 537 351 redditam
554 325 698 357 rationem,
721 326 826 353 ratione
845 325 954 359 pta-dita
972 325 1012 352 vis
1026 333 1163 360 corporea:
1187 327 1248 354 vitm
1265 335 1318 354 non
1337 327 1415 353 aliter
1432 327 1523 353 inesse
1541 331 1638 361 potest,
1654 326 1706 353 nisi

63 376 107 402 per
125 377 226 396 sensus
245 369 325 402 insit,
341 373 424 403 atque
442 377 540 398 sensus
560 370 587 396 in
603 370 681 396 hruta
699 373 779 405 atque
799 369 914 396 rationis
930 373 1039 402 experte
1055 374 1151 396 natura
1168 375 1230 397 ante
1246 371 1367 398 substitit.
1380 375 1460 405 atque
1473 370 1638 397 constitutus
1651 374 1704 401 est,

63 414 218 441 necessario
240 422 293 449 per
307 423 390 442 unum
405 417 487 442 etiam
500 423 561 442 cum
577 416 778 443 cohzerentibus
790 416 853 442 huic
867 419 947 449 atque
963 413 1117 448 conjunctis
1135 415 1232 442 anima:
1245 423 1345 443 nostra;
1364 414 1521 442 communio
1533 414 1650 442 exsistit.

100 482 189 508 Ταῦτα
204 482 235 508 δέ
253 483 333 508 ἐστιν
351 482 400 509 ὅσα
417 483 446 508 ὲν
463 483 527 518 ἡμῖν
541 483 671 517 γινόμενα
686 483 761 517 πάθη
781 483 859 516 λέγε-

62 536 122 560 ται,
145 526 164 553 ἂ
190 527 258 562 οὐχ).
285 528 394 559 πάντως
414 528 460 554 ἐπὶ
480 528 556 562 κακῷ
578 537 630 554 τινι
646 529 679 563 τῇ
704 528 860 564 ἀνθρωπίνῃ

65 571 258 607 συνεκληεόθη
275 571 334 607 ζωῇ
345 580 351 587 ·
367 570 385 607 ἦ
401 573 457 607 (60)
473 572 527 607 γὰρ
539 572 571 599 ἂν
587 574 601 599 ὁ
617 573 787 608 Δημιουργὺς
807 573 860 600 τῶν

63 617 152 644 κακῶν
168 617 220 652 τὴν
235 618 331 644 αἰτίαν
348 617 398 653 ἔχῃ
412 618 482 652 (61),
499 619 522 644 εί
538 618 641 645 ἐκεῖθεν
655 619 683 644 al
703 619 758 645 τῶν
770 619 861 654 πλημ-

66 663 229 698 μελημάτων
260 661 334 698 ἦσαν
365 664 480 700 ἀνάγκαι
509 665 797 699 συγκαταϐεόλημέναι
826 667 858 700 τῇ

66 707 139 741 φύσει
150 714 157 721 ·
171 706 244 732 ἀλλὰ
256 708 293 742 τῇ
308 708 373 742 ποιᾷ
384 709 480 743 χρήσει
491 709 539 743 τῆς
554 710 746 744 προαιρέσεως,
764 709 781 744 ἢ
797 710 860 745 ἀρε-

65 752 119 785 τῆς,
136 751 152 785 ἢ
167 751 275 782 κακίας
287 751 393 786 ὄργανα
407 753 441 779 τὰ
454 753 564 779 τοιαῦτα
577 753 628 788 τῆς
639 753 728 789 ψυχῆς
743 755 859 790 κινήμα-

947 480 1008 508 Haec
1025 485 1115 507 autetu
1133 485 1207 514 sunt,
1225 490 1394 517 quaacttnque
1411 482 1437 508 in
1453 482 1532 508 nobis
1548 481 1702 515 mistentia,

910 527 993 561 πίιοη,
1015 526 1042 552 id
1057 530 1099 553 est
1116 527 1235 561 a/fecms,
1250 528 1396 561 passiones,
1413 528 1469 554 sive
1482 528 1702 561 perturbationes,

910 577 936 599 et
954 576 1039 598 motus
1058 572 1189 599 dicuntur
1208 581 1214 599 :
1233 581 1293 607 qtne
1313 581 1366 600 non
1384 574 1494 599 omnino
1510 573 1572 599 mali
1589 573 1704 606 alicujus

910 625 994 644 causa
1015 618 1140 644 humanae
1165 619 1319 645 contribula
1336 623 1439 645 natura!
1455 623 1518 646 sunt
1542 619 1621 652 (nam
1637 618 1704 644 alio-

912 663 958 697 qui
975 663 1098 690 Creatori
1114 671 1197 690 causa
1213 664 1344 691 malorum
1360 665 1492 699 aSsignari
1511 667 1614 698 posset,
1634 663 1656 689 si
1671 663 1703 689 il-

911 707 965 734 linc
977 711 1151 742 peccatorum
1166 709 1326 735 necessaria
1339 716 1428 736 causae
1442 708 1522 735 simul
1536 708 1562 734 in
1578 712 1701 734 naturam

912 753 1017 780 collatae
1033 758 1125 781 essent
1138 754 1164 788 ),
1186 754 1232 781 sed
1251 759 1327 781 certo
1347 755 1464 789 quodam
1485 761 1534 780 usu
1554 752 1702 780 voluntatis

66 805 96 822 τα
116 796 233 830 γίνεται.
258 797 397 833 Καθάπερ
419 798 433 823 ὁ
456 799 564 833 σίδηρος
589 799 659 826 κατὰ
679 799 791 835 γνώμην
812 800 858 826 τοῦ

913 802 939 825 et
957 799 1072 831 arbitrii,
1094 800 1136 826 vel
1151 800 1260 827 virtutis
1281 801 1322 827 vel
1344 799 1403 827 vitii
1427 800 1608 826 instrumenta
1632 798 1700 824 tales

68 842 181 876 τεχνίτου
199 842 391 878 τυπούμενος,
411 844 478 878 πρὸς
503 844 571 879 ὅπερ
593 844 626 871 ἂν
648 845 724 871 ἔθετο
739 846 795 880 (62)
812 846 859 872 τοῦ

67 886 263 921 repit-redeam;
281 889 298 923 ἡ
316 888 473 924 ὲνθύμησις,
486 890 554 925 πρὸς
571 891 648 917 τοῦτο
664 891 711 918 καὶ
725 892 858 927 σχηματί-

70 931 172 967 Catani}
189 932 270 967 ξίφος
279 952 287 964 ι
300 934 318 969 ἥ
329 942 355 960 τι
368 934 422 969 (65)
433 936 584 970 γεωργικὸν
597 937 735 972 ἐργαλεῖον
750 939 860 974 γινόμε-

69 985 108 1007 νος
120 977 184 1010 (154).
197 978 309 1004 Οὐκοῦν
321 980 344 1005 εί
359 979 409 1014 μὲν
420 981 435 1006 ὁ
444 980 530 1014 λόγος,
546 981 560 1007 ὃ
574 982 605 1017 δὴ
621 983 669 1017 τῆς
682 983 788 1017 φύσεώς
804 985 858 1020 (οὗ)

71 1021 137 1046 ἐστιν
152 1021 307 1056 ἐξαίρετον,
323 1024 378 1050 τῶν
390 1024 488 1056 ἔξωθεν
500 1025 554 1060 (66)
569 1028 797 1062 ὲπεισκριθὲντων
811 1029 860 1064 τὴν

70 1067 211 1100 ἠγεμονίαν
228 1067 299 1102 ἔχοι,
317 1069 407 1100 καθὼς
423 1070 468 1096 καὶ
480 1070 512 1097 δι’
527 1072 686 1106 αἰνίγματος
701 1073 714 1099 ὁ
727 1074 775 1109 τῆς
790 1075 858 1109 Γρα-

72 1112 119 1146 ei};
130 1113 310 1149 παρεδήλωσε
322 1115 410 1149 λόγος,
422 1115 514 1151 ἄρχειν
527 1118 736 1153 ἐγκελευόμενος
751 1120 859 1147 πάντων

71 1154 119 1180 τῶν
136 1156 250 1190 ἀλόγων,
270 1158 323 1184 οὐκ
345 1159 377 1185 ἄν
394 1168 419 1185 τι
440 1161 508 1195 πρὸς
524 1162 623 1193 κακίας
640 1163 790 1198 ὑπηρεσίαν
805 1164 859 1191 τῶν

72 1201 191 1227 τοιούτων
213 1204 377 1238 κινημάτων
395 1205 449 1239 (67)
471 1206 535 1241 ἡμῖν
555 1207 730 1243 ὲνεργήσειε,
744 1209 790 1235 τοῦ
811 1211 859 1244 μὲν

73 1246 148 1279 φόϐου
162 1247 191 1273 τὸ
206 1249 330 1284 ὑπήκοον
348 1250 536 1285 ἐμποιοῦντος,
553 1253 599 1279 τοῦ
616 1253 644 1279 δὲ
665 1253 751 1289 θυμοῦ
770 1255 800 1281 τὸ
815 1256 860 1282 άν-

72 1292 166 1326 ὂρεῖον,
183 1294 234 1328 τῆς
248 1294 353 1327 δειλίας
366 1297 394 1323 δὲ
409 1297 457 1332 τὴν
473 1298 623 1332 ἀσφάλειαν
634 1320 642 1332 ,
655 1300 705 1335 τῆς
719 1301 747 1327 δὲ
762 1301 858 1328 ἐπιθυ-

75 1338 185 1373 μητικῆς
198 1339 293 1374 ὁρμῆς
309 1340 358 1376 τὴν
372 1340 446 1368 θείαν
465 1351 494 1369 τε
509 1343 555 1369 καὶ
569 1344 706 1379 ἀκήρατον
717 1346 784 1380 ἡμῖν
799 1346 860 1380 ἡδο-

73 1382 115 1416 νὴν
139 1384 334 1420 προξενούσης.
366 1387 398 1413 Εἰ
421 1387 449 1414 δὲ
473 1388 604 1416 ἀποϐάλοι
628 1389 684 1424 (68)
711 1390 761 1422 τὰς
781 1392 859 1426 ἡνίας

74 1428 86 1452 ὁ
104 1427 186 1461 λόγος.
205 1430 252 1455 καὶ
271 1428 330 1457 οἷόν
349 1440 392 1463 τις
407 1432 517 1468 ἡνίοχος·
535 1434 685 1470 ἐμπλακεὶς
699 1435 739 1471 τῷ
756 1436 858 1471 ἅρματι

912 845 994 870 animi
1011 849 1101 872 motus
1117 846 1264 872 exsistunt.
1274 845 1506 878 Quemadmodum
1523 844 1624 870 ferrum
1637 844 1701 870 dum

912 897 943 916 ex
959 891 1092 917 sententia
1113 890 1227 917 artiﬁcis
1242 890 1361 921 eliditur,
1376 897 1538 924 quocunque
1553 888 1702 915 ferramen-

911 938 967 961 tum
994 935 1107 963 artiticis
1132 936 1223 962 animo
1249 935 1377 962 voluntas
1400 934 1593 965 destinaverit,
1617 932 1650 959 ad
1675 932 1702 959 id

911 980 991 1006 etiam
1016 980 1158 1012 formatur,
1179 984 1205 1007 et
1230 981 1270 1007 vel
1298 981 1402 1015 gladius
1419 980 1459 1005 vel
1475 979 1570 1006 rustici
1587 978 1702 1011 alicujus

913 1025 1003 1059 operis
1026 1025 1236 1052 instrumentum
1254 1026 1292 1052 fit.
1308 1025 1377 1060 Ergo
1399 1024 1533 1059 siquidem
1554 1024 1624 1050 ratio
1641 1031 1703 1056 qua:

912 1070 1048 1104 pra'cipua
1068 1070 1197 1096 nimirum
1218 1074 1322 1096 natura;
1345 1073 1444 1096 nostra:
1467 1075 1530 1102 pars
1546 1071 1588 1094 est
1607 1074 1701 1094 eorum
1732 1077 1736 1082 -

912 1122 972 1149 quae
997 1115 1169 1143 extrinsecus
1190 1116 1270 1142 nobis
1295 1115 1488 1149 snperindncta
1514 1117 1541 1140 et
1563 1113 1701 1140 insinuata

910 1165 973 1186 sunt
998 1159 1179 1194 principatum
1207 1160 1328 1187 obtineat
1349 1157 1596 1194 (quemadmodum
1620 1157 1701 1183 ctiam

912 1206 1060 1240 Scriptura;
1077 1213 1168 1234 sermo
1184 1214 1229 1240 per
1244 1206 1359 1241 aenigma
1376 1209 1530 1239 lectamque
1552 1204 1701 1231 orationem

911 1251 1070 1283 Subinnuit,
1098 1251 1225 1278 omnibus
1251 1252 1337 1278 brutis
1357 1255 1384 1278 et
1408 1250 1520 1277 rationis
1547 1248 1702 1284 expertibus

912 1304 1030 1331 praesse
1050 1297 1168 1332 jubens)
1180 1317 1187 1330 ,
1206 1297 1297 1324 nullus
1317 1297 1450 1331 ejusmodi
1468 1299 1558 1322 motus
1573 1295 1652 1321 nobis
1668 1294 1702 1320 ad

911 1342 969 1368 vitii
984 1343 1167 1370 ministerium
1183 1343 1273 1370 efﬁcax
1294 1342 1374 1369 fuerit
1392 1353 1397 1369 :
1419 1346 1490 1368 metu
1508 1340 1617 1375 quidem
1635 1339 1703 1367 obe-

911 1388 1052 1420 dientiam,
1070 1389 1108 1414 ira
1130 1396 1193 1415 vero
1211 1388 1416 1420 fortitudinem;
1433 1385 1577 1414 timiditate
1597 1385 1700 1412 cantio-

909 1441 970 1460 nem
1007 1437 1088 1468 atque
1121 1434 1295 1461 securitatem
1322 1433 1513 1468 ingenerante;
1542 1430 1703 1465 cupiditatis

74 1473 180 1499 κατόπιν
202 1475 248 1501 ὑπ’
271 1476 357 1503 αὑτοῦ
382 1478 505 1513 σύροιτο,
528 1481 586 1506 ἐκεῖ
607 1480 662 1515 (69)
687 1481 859 1516 ἀπαγόμενος

912 1478 974 1504 item
995 1478 1096 1512 impetu
1121 1478 1239 1504 divinam
1263 1478 1343 1504 simul
1367 1481 1394 1504 et
1420 1476 1599 1503 immortalem
1623 1475 1703 1502 nobis

75 1519 188 1554 ὅπουπερ
202 1520 235 1548 ἃν
253 1523 270 1557 ἠ
287 1522 384 1556 ἄλογος
401 1523 506 1559 κίνησις
519 1524 573 1552 τῶν
589 1526 799 1562 ὑπεζευγμένων
812 1528 860 1562 φέ-

77 1573 113 1609 ρει
126 1566 190 1602 (70),
207 1568 267 1594 τότε
292 1569 333 1600 εἰς
356 1569 441 1602 πάθος
462 1571 490 1597 αι
507 1572 590 1606 ὁρμαὶ
608 1574 840 1609 καταστρέψονται
851 1595 858 1607 ,

77 1607 125 1637 οἷον
133 1611 162 1647 δὴ
178 1613 223 1639 καὶ
233 1613 282 1640 ἐπὶ
294 1615 350 1646 τοῖς
363 1615 418 1650 (71)
432 1615 538 1649 ἀλόγοις
547 1616 620 1644 ἔστιν
633 1618 705 1645 ίδεῖν.
715 1607 791 1646 ζΕτιτε).
802 1620 858 1654 (72)

77 1656 125 1691 γὰρ
142 1658 189 1684 οὐκ
208 1659 352 1687 ἐπιστατεί
372 1661 510 1697 λογισμοῖς
525 1662 581 1697 (75)
600 1666 655 1695 τοῖς
672 1665 792 1698 φυσικῶς
813 1666 861 1692 αὺ-

78 1702 126 1732 τοῖς
143 1703 389 1741 ὲγκωμιαζομένης
404 1706 459 1741 (74)
474 1708 615 1743 κινήσεως,
637 1710 671 1736 τὰ
685 1710 733 1744 μὲν
748 1710 858 1746 θυμώδη

80 1746 126 1772 τῶν
138 1746 211 1778 ζώων
224 1750 253 1775 ὲν
269 1750 396 1785 ἀλλήλοις
410 1751 549 1787 φθείρεται
564 1753 619 1789 (75)
635 1754 673 1790 τῷ
686 1754 764 1790 θυμῷ
776 1764 859 1791 στρα-

80 1791 221 1827 τηγούμενα
231 1802 238 1808 ·
259 1794 296 1820 τὰ
313 1795 341 1821 δὲ
362 1795 522 1832 πολύσαρκά
536 1805 566 1823 τε
585 1798 631 1824 καὶ
645 1798 745 1825 δυνατὰ
759 1799 799 1830 είς
813 1799 860 1826 οὐ-

81 1835 117 1862 δὲν
136 1838 229 1865 οἰκεῖον
245 1839 351 1873 ἀγαθὸν
373 1841 499 1868 ἀπώνατο
517 1842 567 1877 τῆς
585 1843 724 1878 δυνάμεως
736 1864 744 1876 ,
766 1845 860 1879 κτῆμα

82 1881 122 1907 τοῦ
134 1882 237 1917 λογικοῦ
251 1885 298 1911 διὰ
313 1886 363 1920 τὴν
375 1886 484 1921 ἀλογίαν
502 1889 645 1923 γινόμενα·
660 1890 677 1924 ἦ
691 1898 719 1915 τε
736 1890 785 1925 τῆς
800 1891 860 1917 ἑπι-

83 1926 170 1962 θυμίας
184 1931 291 1966 καὶτῆς
302 1931 400 1966 ἡδονῆς
417 1933 540 1968 ἐνέργεια
554 1935 618 1969 περὶ
634 1935 709 1961 οὐδὲν
724 1935 777 1962 τῶν
790 1935 859 1970 ὑψη-

83 1973 129 2002 λῶν
144 1975 195 2009 (76)
209 1977 373 2012 ἀσχολΟὖται
390 1977 461 2013 (77)·
478 1978 539 2005 οὔτε
561 1979 624 2006 ἄλλο
640 1988 666 2006 τι
685 1979 739 2007 τῶν
761 1981 789 2007 ὲν
813 1981 861 2007 αὐ-

84 2021 132 2050 τοῖς
150 2020 202 2054 (78)
217 2022 412 2058 θεωρουμένων
427 2024 497 2059 λόγῳ
512 2025 566 2051 τινὶ
580 2026 647 2060 πρὸς
661 2026 691 2052 τὸ
706 2026 860 2053 λυσιτελοῦν

84 2064 230 2100 διεξάγεται.
251 2068 334 2095 Οὕτω
357 2069 403 2096 καὶ
426 2071 454 2096 ἐν
473 2071 538 2105 ἡμῖν
559 2072 583 2097 εἰ
606 2071 643 2106 μὴ
663 2072 731 2107 προς
752 2073 782 2098 τὸ
802 2073 860 2099 δέον

86 2110 166 2143 ἄγοιτο
178 2113 261 2140 ταῦτα
279 2114 322 2141 διὰ
337 2115 385 2141 τοῦ
400 2115 541 2150 λογισμοῦ,
556 2117 614 2142 ἀλλ’
631 2118 793 2154 ὲπικρατοίη
811 2119 860 2154 τῆς

911 1523 1077 1557 voluptatem
1101 1524 1276 1550 conciliante.
1296 1524 1342 1549 Sin
1368 1526 1459 1550 autem
1485 1522 1556 1549 ratio
1581 1521 1702 1548 habenas

909 1569 1015 1596 amittat
1033 1574 1060 1596 et
1083 1573 1211 1604 tanquam
1228 1569 1322 1603 auriga
1345 1568 1446 1602 aliquis
1473 1567 1620 1600 implicitus
1635 1574 1701 1593 cur-

909 1615 953 1641 rui
979 1619 1053 1641 retro
1075 1614 1109 1641 ab
1130 1622 1162 1641 eo
1185 1614 1319 1644 trahatur,
1337 1614 1437 1648 illoque
1460 1611 1611 1646 ahripiatur
1632 1619 1701 1646 quo-

910 1667 1019 1695 cunque
1045 1668 1106 1688 eum
1132 1660 1247 1687 rationis
1275 1667 1373 1694 expers
1403 1662 1493 1685 motus
1516 1657 1700 1692 jumentorunt

910 1707 1027 1738 auferat,
1053 1711 1116 1732 tunc
1141 1706 1168 1732 in
1193 1705 1424 1740 perturbationem
1440 1705 1620 1739 appetitiones
1637 1711 1702 1731 con-

910 1757 1063 1785 vertuntur,
1089 1752 1169 1787 quale
1195 1752 1323 1779 nitnirnm
1347 1752 1428 1779 etiam
1454 1751 1482 1777 in
1504 1751 1591 1778 brutis
1611 1750 1702 1778 videre

911 1799 983 1826 licet.
1007 1799 1141 1832 Quoniam
1162 1798 1235 1825 enim
1263 1798 1332 1824 ratio
1360 1797 1520 1824 naturaliter
1548 1797 1588 1824 eis
1614 1797 1702 1823 insita)

911 1845 1024 1872 motioni
1052 1853 1106 1872 non
1132 1848 1240 1880 prtecst,
1257 1852 1288 1871 ea
1307 1844 1415 1878 quidem
1439 1844 1576 1876 animalia,
1593 1852 1653 1878 qua:
1667 1843 1701 1870 ad

911 1890 980 1917 iram
1000 1898 1086 1925 prona
1101 1893 1182 1925 atque
1195 1890 1326 1925 proclivia
1342 1893 1416 1920 sunt,
1435 1890 1474 1916 ira
1493 1890 1609 1916 ducente
1621 1893 1702 1923 atque

910 1935 1064 1962 concitante
1092 1943 1153 1962 sese
1181 1935 1296 1962 invicem
1327 1934 1493 1968 conﬁciunt;
1521 1942 1582 1969 quae
1610 1939 1700 1961 autem

911 1988 1027 2008 carnosa
1061 1984 1125 2007 sunt
1155 1987 1187 2007 ac
1213 1980 1318 2007 viribus
1346 1980 1469 2014 pollent,
1499 1979 1562 2006 dum
1591 1982 1701 2013 propter

910 2026 1023 2052 rationis
1051 2025 1186 2052 defectum
1208 2026 1313 2052 ratione
1341 2024 1444 2059 praediti
1464 2025 1542 2059 quasi
1566 2024 1700 2058 mancipia

913 2078 945 2098 ac
962 2071 1059 2106 praedm
1079 2071 1158 2103 ﬁunt,
1175 2071 1279 2098 nullum
1298 2071 1436 2106 proprium
1455 2077 1565 2097 suarum
1598 2069 1698 2097 virium

913 2118 1086 2144 commodtun
1115 2118 1257 2150 sentiunt;
1289 2117 1448 2151 cupiditatis
1477 2123 1587 2151 quoque
1618 2119 1700 2150 athe

86 2156 124 2182 τοῦ
136 2156 178 2183 νοῦ
197 2158 356 2190 δυναστείας
369 2160 404 2186 τὰ
424 2148 508 2196 στᾶθι),
530 2161 597 2195 πρὸς
609 2162 638 2188 τὸ
654 2148 748 2195 ἄλογόν
763 2148 793 2189 τέ
814 2148 859 2191 κα)

916 2163 1062 2197 voluptatis
1086 2162 1229 2191 ellicientia
1255 2163 1283 2189 in
1303 2163 1376 2189 nulla
1402 2169 1430 2189 re
1453 2162 1561 2189 sublitni
1583 2168 1700 2196 occupa-

87 2200 183 2235 ὰνόητον
199 2204 370 2238 μεταϐαίνων
385 2205 440 2239 (79)
456 2206 470 2232 ὀ
491 2205 646 2241 ἄνθρωπος,
665 2207 719 2233 ἀπὸ
734 2207 780 2234 τοῦ
801 2208 859 2235 διας

87 2248 196 2282 νοητικοῦ
211 2250 258 2276 καὶ
276 2249 407 2282 θεοειδοῦς
421 2252 454 2286 τῇ
467 2252 538 2287 ὁρμῇ
555 2252 610 2279 τῶν
621 2253 748 2280 τοιούτων
771 2253 858 2289 παθη-

191 2364 333 2400 (lg-delent
345 2364 366 2390 A
384 2364 412 2390 Β.

191 2398 244 2425 Καὶ
268 2400 352 2432 πρός.
370 2399 424 2425 Καί
438 2400 509 2427 delet
523 2399 552 2426 B.

121 2430 169 2470 (ἒξ)
181 2430 343 2470 Ξρύξςιξὴλ
355 2434 451 2470 τούτῳ·

121 2465 169 2499 (ῧῦ)
181 2465 224 2494 Ἦ.
242 2469 278 2495 Ἦ
297 2468 328 2495 Β.

185 2502 272 2541 Em.
291 2503 444 2541 Αέὶηκιοξῑιιι
462 2502 544 2539 εἶχεν,
559 2504 587 2531 in
599 2505 720 2540 margine
735 2506 801 2541 ἔχοι.

121 2535 170 2602 (ἐξ)
181 2535 296 2580 ςΕίῘετο.
313 2539 334 2564 Α
355 2538 374 2564 Β
389 2539 477 2575 ὲθέλῃ.

163 2575 171 2602 )
187 2573 212 2597 Η
225 2574 260 2599 τί.
281 2572 301 2598 Β
316 2573 332 2602 ἥ
345 2581 381 2600 τι.

132 2569 212 2607 εξῖξΓΗ
225 2574 260 2599 τί.
281 2572 301 2598 Β
316 2573 332 2607 ἥ
345 2581 381 2600 τι.

124 2605 172 2640 (64)
186 2605 359 2647 Γινόμειςός,
377 2608 398 2633 Β
414 2608 563 2647 γινόμενον.
579 2610 600 2636 Α
623 2610 649 2636 in
670 2613 744 2638 textu
767 2611 855 2638 κινού-

98 2646 170 2677 μενος)
186 2643 211 2667 in
229 2643 353 2677 margine
368 2643 515 2677 γινόμενος.

184 2674 311 2713 ᾑύοεωξ.
332 2678 354 2713 Α
373 2674 394 2702 Β
406 2674 509 2713 addunt
525 2679 613 2713 ἡμῶν.

125 2708 172 2747 (99)
184 2708 325 2743 Ἕξωθέν.
343 2712 365 2737 Α
379 2712 453 2747 addit
466 2708 539 2747 ήμῖνξ

185 2747 368 2780 Κινημάτων.
390 2746 410 2772 Β
430 2744 571 2781 νοημάτων
589 2750 626 2776 ὲν.

124 2778 169 2813 (σε)
191 2778 356 2809 Ἀπὸόἀλοι.
374 2781 396 2808 Α
410 2778 562 2812 timeam.

914 2214 940 2235 ta
959 2213 1017 2242 est;
1036 2217 1124 2243 neque
1141 2209 1214 2236 aliud
1246 2208 1393 2243 quidquam
1413 2215 1507 2235 eorum
1535 2214 1595 2242 qua:
1617 2207 1643 2233 in
1664 2207 1699 2233 iis

913 2255 1178 2286 animadvertuntur,
1206 2255 1312 2282 ratione
1333 2254 1422 2288 aliqua
1440 2253 1473 2281 ad
1492 2253 1518 2281 id
1546 2253 1617 2288 quod
1635 2260 1699 2288 pro-

949 2369 1005 2403 (69)
1028 2369 1116 2396 Ἐκεῖ.
1131 2369 1149 2395 Β
1162 2369 1275 2396 ἐκεῖθεν.

947 2404 1004 2440 (70)
1017 2404 1109 2438 Φέρει.
1124 2405 1142 2430 Λ
1158 2404 1177 2430 Β
1191 2405 1271 2440 φέρῃ.

958 2439 1003 2473 'Il)
1025 2440 1090 2466 Ἐπὶ
1103 2440 1174 2472 τοῖς.
1192 2441 1212 2465 Δ
1232 2438 1295 2466 Β⁷ὲν
1304 2440 1369 2470 τοῖς.

960 2475 1005 2508 72)
1019 2475 1109 2501 Ἐπεί.
1125 2474 1144 2500 B
1159 2474 1263 2508 ἐπειδή.

959 2509 1002 2542 75)
1015 2509 1183 2543 Λοτίσιιοῖς.
1201 2509 1220 2534 Β
1236 2508 1373 2543 λογισμός.

959 2544 1001 2579 74)
1026 2543 1231 2578 Ἐ’γκωμιαζομ.
1245 2545 1266 2570 Α
1279 2544 1297 2569 Β
1314 2543 1486 2579 ἐγκειμένης.

957 2579 1001 2612 75)
1019 2579 1177 2614 Φθείρεζαι.
1195 2579 1214 2604 Β
1227 2579 1347 2614 φέρεταιτ

958 2614 1001 2645 76)
1024 2611 1169 2647 Ὺψὴλῶν.
1184 2613 1205 2639 Α
1224 2611 1249 2640 in
1264 2611 1385 2647 inargine
1401 2611 1582 2648 ὑψηλοτέρων.

944 2649 1000 2682 (77)
1020 2648 1226 2681 ’Λα-χολοῦται.
1241 2648 1262 2674 Α
1278 2648 1297 2674 Β
1313 2648 1475 2682 ἀσχολεῖται.

942 2683 997 2718 (78)
1008 2683 1121 2715 Αὐτοῖς.
1135 2683 1159 2709 Α
1176 2683 1202 2709 in
1219 2683 1337 2718 margine
1353 2683 1465 2712 ἑαυτοῖς.

909 2752 924 2777 6
942 2715 999 2760 (79)
1014 2718 1212 2745 Μεταῖῖαίνων.
1222 2717 1242 2744 Β
1254 2715 1417 2752 μεταϐαίνει.
1429 2717 1450 2743 Α
1463 2718 1490 2743 in
1501 2715 1622 2749 margine
1636 2718 1693 2744 6t:-

927 2761 1004 2777 αινει.

927 2761 1004 2781 αινει.
