1919 3069
68 74 98 101 σα
623 69 666 97 DE
685 68 793 96 ANIMA
813 68 856 96 ET
878 68 1179 97 RESURRECTIONE.

1682 73 1714 100 70

68 129 130 157 σκιὰ
143 128 191 156 τοῦ
208 129 407 164 σψαιροειδοῦς
426 129 579 164 σχήματος,
596 128 626 154 οὗ
645 128 792 162 δυναμένου
810 129 870 154 κατ’

925 127 982 161 ejus
997 128 1096 155 molem
1114 128 1218 156 feratur
1233 131 1315 163 atque
1327 129 1461 157 volvatur.
1478 129 1511 157 Et
1534 132 1712 167 quemadmm

67 175 144 202 αὑτὸν
157 174 215 209 (58)
232 175 264 200 ἐν
281 175 376 210 κύκλῳ
396 173 574 208 διαληφθῆναι
590 174 621 208 τῇ
636 174 685 207 τῆς
702 173 808 203 ἀκτῖνος
824 181 872 198 πε-

69 220 171 256 ριϐολῇ,
189 219 264 246 ἀλλὰ
281 220 355 247 κατὰ
370 221 458 246 πᾶσιν
473 219 605 254 ἀνάγκην,
623 218 682 244 καθ’
694 219 763 250 ὅπερ
775 218 807 244 ἃν
822 218 872 252 τῆς

67 267 117 300 γῆς
133 265 218 300 μέρος
234 265 400 300 προσϐάλλῃ
414 265 468 299 (59)
484 266 544 295 ταῖς
559 265 664 290 ἀκτῖσιν
677 264 691 289 ὁ
704 263 788 298 ἥλιος,
802 263 873 290 κατά

67 319 137 342 τινος
161 311 284 346 κέντρου
312 312 421 342 πάντως
439 311 485 337 ἐπὶ
508 310 557 345 τῆς
581 309 698 344 σφαίρας
721 309 870 344 γινόμενος,

69 357 132 391 πρὸς
150 357 203 391 τὴν
220 357 281 390 (60)
303 357 413 383 εὐθεῖαν
427 356 570 390 διάμετρον
588 355 659 381 κατὰ
672 355 702 381 τὸ
716 355 808 390 ἕτερον
822 355 872 381 πέ-

69 409 115 436 ρας
139 401 240 432 σκότος
263 401 361 428 ἔσται·
378 402 424 427 καὶ
447 401 518 427 οὕτω
536 400 606 427 κατὰ
628 400 658 426 τὸ
681 400 814 435 διηνεκὲς,
833 400 872 435 τῷ

69 446 170 481 ἡλιακῷ
180 446 281 482 δρόμῳ
295 447 352 482 (61)
365 448 410 473 ἐπὶ
421 447 451 473 τὸ
464 447 649 481 ἀντικείμενον
659 447 691 482 τῇ
703 446 753 481 τῆς
766 447 872 478 ἀκτῖνος

69 491 160 526 εᾷθείᾳ
179 492 400 527 συμπεριοδεὺει
415 492 444 518 τὸ
458 493 562 522 σκότος,
584 491 653 518 ὥστε
674 492 744 518 κατὰ
760 492 790 518 τὸ
801 489 870 525 ἴσον,

69 537 112 563 τόν
126 546 155 563 τε
172 537 342 573 ὑπέργειον,
362 538 408 564 καὶ
425 538 469 564 τὸν
492 538 617 571 ὑπόγειον
629 537 711 564 τόπον
725 538 776 564 ὰνὲι
791 537 872 573 μέρος

70 582 190 616 γίνεσθαι
209 583 239 608 ἐν
265 583 339 616 φωτί
365 592 394 609 τε
421 583 467 609 καὶ
491 583 582 609 σκότει
602 582 674 617 (6⁸2)·
690 582 775 613 οὕτως
800 582 871 614 εἰκὸς

72 628 116 654 καὶ
136 627 224 654 τᾶλλα
245 627 307 661 (65)
328 628 418 654 πάντα
438 628 531 662 ὅτιπερ
551 627 583 654 ἂν
602 627 777 662 στοιχειωδῶς
791 629 819 654 ὲν
833 627 872 662 τῷ

71 673 128 698 καθ’
146 674 222 708 ἡμᾶς
247 673 426 708 ἡμισφαιρίῳ
450 673 498 708 τῆς
515 673 567 707 γῆς
582 673 738 708 θεωρεῖται,
760 673 791 699 τὸ
808 673 872 699 αὐτὸ

73 719 115 747 καὶ
136 719 203 754 περὶ
224 719 258 745 τὸ
285 720 383 754 ἕτερον
405 717 473 745 εἶναι
497 719 533 754 μὴ
549 719 739 754 ἀμφιϐάλλειν.
756 720 826 750 Mai;
843 719 870 745 δὲ

73 765 178 799 καὶτῆς
197 764 290 799 αὐτῆς
310 765 396 800 οὖα-ης
416 765 484 791 κατὰ
507 766 561 791 πᾶν
581 764 635 799 (6i)
651 765 700 799 τῆς
719 764 770 799 γῆς
789 764 871 799 μέρος

74 809 118 843 τῆς
135 808 189 836 τῶν
207 809 355 844 στοιχείων
374 810 534 845 περιϐολῆς,
549 809 610 836 οὔτε
630 809 795 843 ἀντιλέγειν,
810 809 872 836 οὕτε

76 855 273 890 συναγορεύειν
295 854 374 891 οἶμαι
392 856 445 883 δεῖν
458 858 513 887 τοῖς
529 856 593 891 περὶ
607 855 709 882 τούτων
726 855 872 890 ἐνισταμέ-

75 908 137 932 νοις,
147 900 185 932 ὡς
196 900 259 927 δέον
275 901 293 935 ἦ
308 902 414 933 τοῦτον,
430 902 446 937 ἢ
461 902 505 928 τὸν
521 901 696 936 καταχθόνιον
710 900 791 926 τόπον
805 901 873 927 ἀπο-

76 945 199 980 τετὰχθαι
216 946 328 973 οἴεσθαι
342 948 403 978 ταῖς
417 947 470 973 τῶν
488 947 621 982 σωμάτων
636 946 804 976 ἐκλυθείσαις
819 945 871 980 ψυ-

77 992 142 1026 χαῖς.
157 992 231 1023 Ἕως
247 991 307 1027 γὰρ
321 992 354 1019 ἂν
372 992 408 1027 μὴ
422 992 584 1027 παρακινοίη
600 991 631 1018 τὸ
665 991 870 1026 προηγούμενον

77 1037 159 1072 δόγμα
176 1038 192 1072 ἡ
213 1037 344 1069 ἔνστασις
366 1038 428 1072 περὶ
442 1037 488 1063 τοῦ
508 1034 575 1063 εἶναι
595 1037 664 1071 μετὰ
676 1037 724 1071 τὴν
744 1036 773 1062 ὲν
788 1035 870 1071 σαρκὶ

78 1082 145 1117 ζωὴν
161 1082 211 1113 τὰς
225 1083 330 1118 ψυχὰς,
343 1082 417 1109 οὐδὲν
438 1083 501 1117 περὶ
520 1082 602 1108 τόπου
615 1081 629 1107 ό
652 1081 781 1116 ἡμέτερος
793 1081 871 1115 λόγος

79 1127 298 1162 διενεχοήσεται,
326 1127 406 1162 μόνον
420 1127 475 1162 (65)
498 1122 631 1161 σωμάτων
653 1127 715 1152 ἴδιον
733 1123 801 1152 εἶναι
823 1126 870 1160 τὴν

80 1172 122 1197 ἐπὶ
136 1172 219 1198 τόπου
236 1172 316 1199 οέσιν
329 1172 545 1207 καταλαμὸάνων
556 1179 564 1187 ⁵
580 1171 668 1206 ψυχὴν
682 1172 710 1198 δὲ
725 1171 871 1206 ἀσώματον

81 1215 167 1249 οὖσαν,
191 1218 332 1253 μηδεμίαν
353 1218 475 1253 ἀνάγκην
500 1218 570 1252 ἔχειν
592 1218 624 1243 ἐκ
648 1217 754 1252 φύσεως
780 1218 872 1248 τόποις

83 1263 146 1289 τισὶν
165 1264 379 1299 ἐγχατέχεσοαι.

923 172 987 199 dum
1002 180 1085 208 super
1101 177 1200 200 terram
1219 177 1366 208 apparente
1384 174 1452 206 sole.
1469 175 1503 202 ad
1518 175 1670 210 subjectam
1685 182 1711 203 et

923 217 1058 245 infernam
1075 218 1136 253 ejus
1155 223 1260 254 partem
1285 219 1382 246 umbra
1400 224 1538 253 versatur,
1567 225 1711 256 propterea

923 266 996 301 quod
1026 266 1140 301 globosa
1160 266 1247 301 ligura
1276 274 1331 293 non
1359 267 1445 301 possit
1466 267 1589 302 undique
1616 267 1710 296 eodem

924 315 1047 347 tempore
1064 312 1097 339 ab
1117 312 1186 339 radii
1203 312 1327 346 amplexu
1343 312 1549 346 comprehendi,
1567 313 1614 340 sed
1634 321 1711 348 pror-

923 365 971 384 sus
981 364 1094 384 nccesse
1108 361 1150 384 est
1167 360 1196 383 ut
1210 355 1242 383 ad
1254 363 1447 390 quamcunque
1460 362 1540 383 terrae
1555 360 1657 390 partem
1670 357 1709 383 sol

922 404 1001 430 radio
1017 403 1182 433 admoverit,
1216 402 1243 429 in
1267 402 1386 436 quodam
1417 405 1519 436 puncto
1546 409 1661 437 prorsus
1682 402 1709 428 in

923 448 1004 482 globo
1026 451 1104 474 terra:
1116 455 1239 479 versans,
1257 447 1290 474 ad
1308 453 1410 474 rectam
1429 447 1529 475 lineam
1560 448 1710 475 demetien-

924 497 990 524 tem,
1014 501 1075 528 quae
1105 493 1248 528 διάμετρος
1263 493 1382 525 dicitur,
1403 493 1476 519 circa
1494 493 1607 520 alteram
1631 497 1710 520 terra:

922 539 1125 566 extremitatem
1158 539 1276 565 tenebrae
1306 538 1380 571 sint;
1411 542 1494 573 atque
1513 539 1551 565 ita
1579 543 1709 573 perpetuo

924 591 976 610 una
993 591 1055 610 cum
1077 591 1161 610 cursu
1178 583 1260 610 solari
1277 591 1359 618 supra
1375 583 1527 618 oppositam
1547 587 1630 610 rectae
1640 583 1708 610 radii

924 629 1002 655 lim-tu
1018 632 1122 662 partem
1139 629 1259 656 tenebrat
1277 634 1419 663 vagentur,
1435 628 1503 655 adeo
1520 632 1550 655 ut
1566 629 1708 663 aequabili-

924 680 965 701 ter
981 677 1007 701 et
1025 674 1132 701 inferus
1143 679 1169 701 et
1184 668 1299 708 superus
1318 678 1399 701 terra:
1415 674 1490 701 locus
1518 674 1634 701 invicem
1649 678 1706 700 tum

924 718 1045 747 tenebris
1056 718 1179 750 obducti,
1197 723 1253 745 tum
1276 719 1336 746 luce
1356 719 1485 746 illustrati
1515 719 1589 745 sint:
1607 720 1643 746 ita
1661 727 1709 754 par

923 769 949 791 et
967 769 1184 792 consentaneum
1211 770 1252 792 est
1276 773 1331 792 nnn
1354 765 1480 792 dubitare
1505 765 1653 800 quinetiam
1680 766 1708 792 in

924 811 1031 838 caeteris
1047 811 1174 838 omnibus
1194 811 1379 846 quodcunque
1397 810 1477 846 juxta
1508 815 1634 837 naturam
1652 811 1707 838 ele-

922 860 1078 883 mentorum
1095 856 1122 883 in
1153 860 1247 884 nostro
1268 856 1461 891 hemisphaerio
1488 859 1568 883 terra;
1583 857 1708 883 animad-

921 902 1049 935 vertitur,
1062 902 1132 928 idem
1148 901 1230 928 etiam
1245 901 1272 928 in
1287 902 1372 928 altero
1390 909 1501 936 quoque
1516 901 1707 935 hemispha-rio

920 947 966 974 sit.
987 946 1056 974 Cum
1073 951 1164 973 autem
1185 954 1234 981 per
1248 953 1356 973 omnem
1376 950 1480 981 partem
1501 950 1581 973 terra
1598 954 1668 973 unus
1682 950 1708 972 ct

920 992 991 1019 idem
1007 992 1150 1026 amplexus
1169 992 1366 1017 elementorum
1392 990 1438 1024 sit,
1464 999 1554 1025 neque
1572 991 1708 1018 contradi-

919 1036 1047 1067 cendum,
1081 1043 1169 1070 neque
1202 1035 1428 1069 patrocinandum
1460 1036 1580 1062 arbitror
1601 1036 1634 1062 iis
1661 1036 1707 1070 qui

920 1081 991 1108 hanc
1010 1081 1189 1115 quaestionem
1207 1084 1315 1115 urgent,
1331 1080 1404 1114 quod
1418 1085 1527 1115 oportet
1552 1081 1708 1108 existimare

921 1127 962 1154 vel
979 1127 1061 1159 hunc,
1076 1127 1118 1154 vel
1140 1127 1351 1153 subterraneum
1379 1126 1469 1153 locum
1494 1127 1659 1154 destinatum
1682 1132 1709 1154 et

921 1172 1084 1199 attributum
1100 1180 1162 1199 esse
1173 1172 1273 1198 animis
1285 1179 1403 1206 corpore
1416 1172 1525 1199 solutis.
1539 1172 1604 1199 Nam
1622 1179 1708 1206 quan-

926 1218 971 1244 diu
989 1218 1112 1252 urgendo
1129 1221 1156 1244 et
1171 1217 1299 1244 instando
1316 1217 1474 1251 primariam
1491 1219 1709 1252 praecipuamque

924 1263 1088 1295 doctrinam,
1107 1270 1204 1297 nempe
1230 1262 1303 1297 quod
1319 1265 1382 1298 post
1398 1262 1479 1288 vitam
1500 1270 1561 1297 qum
1580 1263 1607 1289 in
1626 1269 1709 1288 carne

83 1309 193 1344 degitur,
218 1311 321 1338 anima:
345 1311 412 1340 sint.
433 1314 591 1344 pervertere
610 1317 642 1336 ac
660 1309 824 1336 labefactare
844 1316 897 1335 non
918 1308 1072 1341 conabitur,
1100 1309 1202 1335 nullam
1223 1307 1256 1335 de
1284 1307 1345 1335 loco
1374 1307 1589 1334 controvursiam
1615 1310 1708 1334 nostra

84 1357 196 1383 movebit
217 1358 322 1390 oratio,
341 1364 402 1392 qua;
416 1363 562 1390 corporum
579 1357 711 1383 duntaxat
733 1356 870 1390 propriam
899 1362 960 1382 esse
977 1354 1004 1381 in
1017 1354 1078 1382 loco
1093 1355 1256 1390 positionem
1274 1354 1494 1389 comprehendit,
1511 1353 1629 1379 animam
1645 1360 1710 1380 vero

84 1409 138 1436 qua:
157 1402 323 1437 incorporea
343 1403 388 1433 sit.
405 1403 477 1429 nulla
492 1406 597 1429 natura:
613 1402 777 1429 necessitate
797 1401 880 1428 certis
899 1399 1063 1436 quibusdam
1081 1400 1151 1428 locis
1165 1401 1293 1428 detineri.

116 1447 145 1473 Γ.
160 1447 192 1474 Τί
209 1445 267 1478 οὖν.
289 1445 376 1479 εἶπον,
401 1448 425 1474 εἰ
444 1447 488 1473 τὸν
512 1446 672 1473 Ἀπόστολον
686 1447 700 1472 ὁ
721 1446 863 1480 ἀντιλέγω·

957 1446 990 1474 G.
1009 1447 1188 1484 QuidieLttu‘,
1200 1447 1522 1484 inquam,siApostolum
1539 1447 1712 1475 adversarius

89 1493 265 1528 προῦάλλοιτο
281 1493 350 1527 (66),
367 1493 456 1519 πᾶσαν
472 1493 586 1526 λέγοντα
601 1493 650 1527 τὴν
665 1492 776 1527 λογικὴν
785 1492 873 1518 κτίσιν

88 1541 113 1565 ἐν
126 1540 158 1574 τῇ
174 1539 221 1565 τοῦ
232 1539 335 1570 παντὸς
351 1539 570 1566 ἁποκαταστὰσει
582 1539 649 1574 πρὸς
663 1539 708 1565 τὸν
716 1538 764 1564 τοῦ
775 1538 873 1570 παντὸς

87 1584 264 1620 ἐξηγούμενον
285 1584 406 1619 βλέπειν,
422 1585 451 1611 ἐν
467 1582 507 1615 οἷς
521 1584 576 1619 (67)
599 1583 783 1618 καταχθονίων
805 1592 873 1618 μνη-

90 1630 190 1664 μονεύει
205 1630 288 1656 τινῶν
303 1629 336 1655 δι’
358 1629 517 1663 Ἐπιστολῆς
538 1629 605 1664 πρὸς
622 1628 821 1663 Φιλιππησίους
836 1628 874 1654 εί-

90 1676 156 1702 πών·
168 1676 209 1702 ὅτι
222 1675 303 1710 Αὐτῷ
314 1676 368 1702 πᾶν
382 1675 443 1709 γόνυ
457 1675 559 1709 κάμψει
574 1675 742 1710 ἐπουρανίων
755 1674 802 1700 κα).
816 1675 874 1699 ὲπι-

89 1722 164 1755 γείων
181 1722 226 1747 καὶ
241 1721 441 1755 καταχθονίωνς
452 1735 487 1739 —
497 1721 533 1746 M.
550 1719 749 1754 Ἐπιμενοῦμεν
765 1718 803 1754 τῷ
817 1719 874 1753 δόγ-

91 1775 160 1802 ματι,
171 1768 280 1802 φησὶνὴ
293 1767 462 1798 διδάσκαλος,
473 1765 523 1793 κᾶν
535 1766 620 1792 ταῦτα
631 1766 764 1800 λεγόντων
770 1766 874 1792 ἀκούω-

92 1821 145 1847 μεν,
161 1814 224 1848 περὶ
238 1813 331 1848 μέντοι
341 1813 398 1847 (68)
415 1812 461 1838 τοῦ
471 1810 599 1846 εἶναιτὴν
611 1811 699 1846 ψυχὴν
715 1811 817 1838 καὶτὸν
832 1812 875 1838 ἁν-

91 1859 222 1892 τιλὲγοντα
239 1858 386 1894 σύμψηφον
397 1858 515 1892 ἔχοντες,
529 1857 593 1893 περὶ
603 1857 686 1884 τόπου
701 1857 769 1893 (69),
784 1857 874 1888 καθὼς

92 1905 117 1929 ἐν
131 1906 184 1936 τοῖς
199 1905 334 1938 φθάσασιν
347 1905 466 1939 εἴρηται,
476 1904 525 1931 οὐκ
536 1903 718 1938 ἐνιστάμενοι.
729 1918 764 1922 —
772 1903 801 1929 1".
812 1903 874 1933 Τοῖς

92 1947 133 1975 οὖν
144 1949 328 1984 ἐπιζητοῦσιν,
343 1948 429 1981 εἷπον,
445 1950 495 1984 τὴν
511 1949 692 1984 ἀποστολικὴν
713 1948 769 1984 (70)
788 1948 817 1974 ὲν
839 1950 874 1984 τῇ

94 1997 162 2029 φωνῇ
180 1995 268 2031 ταύτῃ
285 1995 340 2029 (71)
357 1995 484 2026 διάνοιαν,
500 1994 526 2021 τί
538 1994 569 2020 ἄν
585 2003 626 2026 τις
645 1994 719 2030 εἴπῃ⁷
736 1994 814 2028 εἴπερ
827 1992 876 2026 τῆς

93 2041 200 2075 τοπιχῆς
211 2050 244 2076 ση
250 2041 351 2076 μαοίας
362 2041 520 2075 ἀποκινοίης
529 2040 584 2075 (72)
593 2040 642 2074 τὴν
654 2040 725 2072 λέξιν
734 2048 741 2070 ς
749 2054 782 2058 -
791 2040 828 2065 Μ.
842 2038 873 2065 Ἠ

924 1493 1066 1526 producat,
1084 1492 1219 1518 dicentem
1237 1493 1309 1527 quod
1327 1493 1417 1520 ominis
1435 1497 1562 1520 creatura
1577 1494 1712 1528 particeps

924 1537 1039 1563 rationis
1049 1537 1075 1563 in
1086 1537 1447 1565 restitutioneuniversitatis
1453 1538 1595 1572 praesidem
1604 1539 1712 1566 unirer-

925 1589 1017 1608 sarum
1037 1589 1126 1608 rerum
1148 1581 1326 1608 obsetvalura
1342 1582 1378 1608 sit
1398 1592 1404 1608 :
1420 1582 1465 1608 tibi
1478 1583 1559 1609 etiam
1575 1583 1711 1610 subterra-

926 1635 1040 1654 neorum
1056 1627 1247 1653 nonnullorum
1263 1627 1382 1662 Epistola
1398 1627 1430 1654 ad
1452 1627 1639 1662 l’liilippenses
1656 1635 1710 1655 me-

925 1672 1003 1699 minit
1011 1673 1051 1700 Itis
1058 1673 1163 1700 verbis:
1174 1671 1226 1707 lpsi
1236 1681 1317 1699 omne
1325 1681 1395 1708 genu
1403 1674 1535 1704 llectclur,
1546 1674 1710 1706 cutlestium,

927 1719 1096 1746 terrestrium
1105 1723 1132 1745 et
1140 1719 1381 1746 subterraneormn
1391 1719 1475 1746 ?—-M.
1487 1719 1711 1746 Permanebinms

925 1773 956 1791 ac
968 1765 1212 1799 perseverabimus,
1224 1766 1313 1800 inquit
1323 1766 1463 1801 magistra,
1476 1766 1502 1792 in
1518 1772 1592 1792 certa
1606 1766 1711 1793 stabili-

925 1819 976 1845 quc
986 1812 1130 1842 sententia,
1141 1811 1247 1839 etiamsi
1256 1812 1399 1838 audiamus
1408 1812 1464 1839 inec
1472 1812 1604 1845 dicentes,
1612 1812 1712 1847 quippe

925 1866 987 1884 cum
1004 1858 1037 1885 de
1051 1866 1083 1884 co
1095 1858 1204 1892 quidem
1221 1859 1293 1892 quod
1309 1859 1398 1885 anima
1419 1860 1465 1889 sit,
1480 1860 1561 1885 etiam
1580 1859 1711 1886 adversa-

925 1903 994 1929 rium
1017 1902 1228 1929 concordante"!
1245 1908 1272 1930 et
1292 1904 1485 1931 assentientem
1504 1905 1662 1936 habeamus,
1678 1904 1712 1932 de

925 1947 987 1974 loco
1000 1952 1091 1974 autem
1107 1947 1153 1974 ubi
1167 1952 1310 1975 versatura
1327 1949 1372 1979 sit,
1393 1948 1465 1974 sicut
1481 1948 1506 1974 in
1523 1949 1711 1982 superioribus

926 1992 1029 2019 dictum
1050 1997 1103 2024 est,
1123 2000 1177 2019 non
1194 2000 1384 2027 repugnemus.
1401 2007 1435 2011 —
1449 1991 1480 2019 G.
1499 1992 1568 2025 Quid
1580 1984 1645 2026 ergo
1665 2000 1710 2019 re-

926 2039 1110 2072 quirentibus,
1126 2038 1248 2073 inquam,
1270 2039 1447 2073 apostolicam
1460 2037 1487 2064 in
1506 2040 1555 2066 hac
1571 2047 1637 2066 voce
1650 2047 1712 2066 sen-

95 2086 129 2118 δὲ,
143 2086 178 2113 Οὔ
193 2096 236 2122 μοι
251 2088 337 2118 δοκεῖ,
347 2087 439 2121 φησὶν,
456 2088 470 2112 ό
483 2086 554 2117 θεῖος
574 2084 872 2116 Ἀπόστολος,τοπικῶς

929 2085 1041 2112 tentiam
1058 2085 1158 2119 aliquis
1172 2085 1283 2117 dixerit,
1300 2092 1333 2111 an
1349 2085 1421 2119 quod
1442 2085 1538 2111 attinet
1553 2085 1586 2111 ad
1605 2085 1656 2112 loci
1673 2085 1710 2111 si-

94 2131 137 2166 τὴν
151 2132 242 2167 νοερὰν
267 2132 410 2166 διακρίνων
427 2131 528 2163 οὐσίαν,
544 2130 574 2156 τὸ
588 2131 636 2164 μὲν
652 2130 820 2164 ἐπουράνιον,
845 2128 876 2154 τὸ

135 2177 263 2210 ἐπίγειον,
280 2177 310 2203 τὸ
326 2177 355 2203 δὲ
372 2176 550 2212 καταχθόνιον
567 2175 698 2211 ὀνομάσαι
714 2175 780 2210 (75).
803 2174 872 2201 ’Λλλ’

97 2222 182 2258 ἐπειδὴ
196 2225 272 2259 τρεῖς
296 2223 344 2257 τῆς
367 2222 478 2257 λογικῆς
497 2222 603 2256 φύσεώς
620 2222 672 2248 εἱσι
693 2222 873 2252 καταστάσεις

99 2267 156 2301 ἡμῖν
177 2268 243 2302 (74),
271 2267 300 2299 ἐξ
320 2268 407 2302 ἀρχῆς
424 2267 472 2301 τὴν
493 2266 639 2301 ἀσώματον
662 2266 790 2301 λαχοῦσαι
818 2266 872 2301 (75)

99 2312 211 2348 ζωὴν,ἦν
223 2313 370 2348 ἀγγελικὴν
384 2312 551 2348 ὀνομάζομεν
562 2321 568 2327 “
584 2313 601 2347 ὴ
611 2312 638 2338 δὲ
646 2312 714 2347 πρὸς
725 2311 774 2347 τὴν
785 2312 874 2348 σάρκα

125 2384 176 2418 (58)
190 2386 257 2412 Κατ’
270 2387 372 2412 αὐτόν.
389 2386 411 2412 Α
425 2385 495 2412 κατὰ
508 2387 615 2413 ταύτόν.

125 2418 176 2456 (59)
191 2421 382 2456 Προσϐᾀλλῃ.
397 2422 418 2447 Α
433 2421 453 2446 Β
468 2421 618 2456 προσϐάλῃ.

126 2454 175 2490 (9'9)
193 2456 269 2490 Πρρς
277 2454 343 2488 τήν.
359 2456 385 2490 Βγ
395 2456 441 2481 ἐπὶ
452 2454 510 2490 τήν.

98 2521 108 2529 ἢ
127 2488 176 2529 (61)
206 2489 247 2522 Τῷ
274 2489 390 2524 ἡλιακῷ
417 2488 524 2525 δρόμῳ.
557 2491 578 2515 Β
598 2490 667 2516 κατὰ
689 2491 733 2517 τὸν
759 2491 868 2526 ἡλιακὸν

96 2523 194 2583 δρόμον.
469 2523 475 2525 ⁷

127 2558 178 2594 (ἓ)
192 2559 304 2585 Σκότει.
318 2559 340 2585 Α
352 2562 380 2594 et
393 2558 413 2584 Β
428 2559 524 2594 σκότῳ.

129 2591 178 2625 (65)
194 2594 301 2621 Τᾶλλα.
321 2594 344 2619 Λ
356 2593 390 2619 τὰ
401 2593 475 2620 ἄλλα.

129 2626 178 2658 (64)
189 2628 263 2655 Πᾶν.
274 2628 296 2654 Β
312 2628 410 2654 πάντα.

190 2663 299 2698 Μόνον.
317 2663 339 2688 Β
355 2662 451 2696 μόνων,
469 2664 489 2689 A
503 2664 527 2690 in
543 2665 663 2697 margine
676 2664 773 2698 μόνων.

129 2694 180 2732 (ἓξ)
194 2694 406 2732 Προϐᾴλλοὶτο.
420 2699 444 2732 ιζ
455 2698 476 2723 Β
489 2694 657 2732 προϐάλοῖτο.

129 2729 178 2765 (67)
196 2729 242 2759 ‘Er
257 2730 316 2765 οἷς.
337 2733 359 2758 Δ
377 2732 405 2757 ὲν
419 2731 457 2764 οἷς
473 2729 526 2759 καί.

927 2130 1142 2164 gnilicationem,
1156 2130 1303 2157 dictionem
1316 2131 1469 2158 removeat?
1480 2147 1512 2150 —
1526 2130 1561 2158 Μ.
1572 2130 1618 2157 illa
1629 2139 1710 2158 vero:

928 2174 985 2201 Non
1004 2175 1112 2202 videtur
1136 2175 1201 2202 mihi
1229 2175 1350 2209 divinus,
1376 2176 1472 2210 inquit,
1497 2176 1647 2210 Apostolus
1667 2184 1711 2202 ra-

927 2223 1063 2249 tioneloci
1081 2227 1206 2250 naturam
1223 2228 1313 2251 mente
1323 2229 1404 2258 atque
1420 2224 1596 2258 intelligentia
1613 2224 1709 2259 prmdi-

928 2273 982 2295 tam
995 2268 1156 2295 discernens
1169 2273 1250 2303 atque
1262 2269 1445 2303 distinguens,
1456 2269 1527 2296 aliud
1538 2270 1646 2303 quidem
1655 2276 1710 2296 coe-

928 2313 1005 2345 leste,
1018 2312 1091 2339 aliud
1105 2321 1169 2340 vero
1183 2317 1321 2345 terrestre,
1334 2313 1407 2340 aliud
1424 2313 1487 2341 item
1501 2314 1709 2342 subterraneum

956 2387 1012 2422 (68)
1022 2387 1140 2414 Μέντοι.
1154 2388 1175 2413 Ᾱ
1188 2387 1245 2422 μέν.

954 2423 1011 2458 (69)
1029 2422 1097 2455 Περὶ
1108 2423 1212 2449 τόπου.
1222 2425 1244 2448 Δ
1260 2423 1323 2458 περὶ
1336 2423 1364 2449 δὲ
1377 2422 1423 2448 τοῦ
1431 2423 1513 2449 τόπου
1529 2423 1595 2449 ὅπου
1604 2423 1703 2454 καθως.

919 2455 940 2482 Β
955 2455 1048 2484 itidem
1071 2457 1151 2484 habet
1165 2457 1204 2483 δέ.

955 2491 1012 2527 (70)
1032 2491 1256 2527 ’Λποστρλικήπ
1279 2491 1298 2517 Β
1312 2491 1452 2526 praemittit
1468 2492 1563 2527 αὐτὴν.

953 2526 1010 2561 (7|)
1024 2527 1129 2560 Ταύτῃ.
1143 2526 1163 2551 Β
1176 2526 1287 2560 ταύτην.

956 2560 1012 2595 (72)
1036 2561 1228 2593 Ἁποκινοίης.
1244 2562 1265 2586 Δ
1284 2561 1304 2585 Β
1317 2560 1468 2595 ἁποκινοίη.

955 2595 1014 2664 (73)
1035 2596 1222 2629 Ὠνόμασται.
1236 2595 1257 2620 Β
1272 2595 1413 2629 ὀνομάσαι.

958 2630 1002 2664 (76
1034 2629 1129 2663 Ἡμῖν.
1146 2629 1166 2655 Β
1179 2630 1200 2655 Α
1218 2630 1235 2664 ἡ
1249 2629 1309 2664 μέν.

958 2629 1014 2664 (76)
1034 2629 1129 2663 Ἡμῖν.
1146 2629 1166 2655 Β
1179 2630 1200 2655 Α
1218 2630 1235 2664 ἡ
1249 2629 1309 2664 μέν.

958 2630 1014 2664 (τι)
1034 2630 1129 2663 Ἡμῖν.
1146 2630 1166 2655 Β
1179 2630 1200 2655 Α
1218 2630 1309 2689 Ἦμεν.

958 2665 1014 2698 (75)
1029 2664 1192 2698 Λαχοῦσαι.
1205 2664 1231 2699 BV
1248 2663 1362 2698 αχοῦσα,
1373 2664 1393 2689 Α
1403 2663 1429 2691 in
1439 2666 1513 2690 textu
1521 2662 1554 2690 τὰ
1561 2662 1703 2699 ἀσώμπτθν

922 2698 1031 2733 ἔχουσα,
1045 2700 1072 2725 in
1089 2699 1212 2734 margine
1226 2698 1356 2733 λαχοῦσα.
