1919 3069
204 81 236 109 71
869 75 899 104 S.
915 73 1079 103 GREGORII
1098 73 1246 102 NYSSENI
1806 73 1842 102 72

205 138 374 167 nominasse.
388 135 440 163 Sed
460 134 589 170 quoniam
613 137 717 162 natura:
741 134 848 161 ratione
876 133 996 168 praedita!

1050 133 1296 168 συμπεπλεγμένην
1317 131 1372 167 (76)
1390 131 1562 166 ἀνθρωπίνην
1581 131 1686 166 φαμέν·
1710 131 1728 166 ἡ
1747 130 1778 158 δὲ
1798 132 1842 159 6d

205 189 262 210 tres
291 187 380 209 status
397 185 479 216 atque
505 180 677 210 conditiones
698 184 763 207 sunt
778 188 785 207 ε
803 187 858 206 una
874 179 995 214 quidem,

205 229 249 257 cui
265 229 300 255 ab
318 228 397 255 initio
411 226 469 253 vita
484 226 620 261 contingit
633 225 798 260 incorporea
812 231 893 259 quam
914 231 997 259 ange-

205 275 286 303 licam
301 273 491 306 nominamus;
507 272 593 298 altera
610 278 676 298 vero
690 278 752 298 cum
768 278 852 297 carne
868 272 996 297 conserta

206 324 288 354 atque
302 325 436 349 connexa,
449 324 531 351 quam
548 317 695 343 humanam
723 315 858 348 dicimus;
877 314 930 341 alia
947 321 997 341 au-

206 370 260 393 tetn
275 373 324 399 per
341 368 457 391 mortem
469 370 483 389 a
503 361 662 389 carnalibus
685 361 821 388 absoluta.
833 359 899 393 Qua:
911 367 956 387 res
969 360 996 387 in

207 411 352 438 animabus
380 408 625 439 animadvertitur,
642 407 696 434 ltoc
711 407 822 441 opinor,
851 405 997 433 altitudine

207 456 348 492 sapientia:
371 455 509 482 videntem
540 453 663 481 divinum
682 452 853 488 Apostolunt,
875 459 936 479 eum
949 451 997 486 qui

207 502 353 538 aliquando
376 503 485 529 futurus
508 505 561 532 est,
582 501 716 527 universa:
743 499 850 526 ratione
879 498 998 533 praedita:

207 552 314 575 natura:
328 548 356 575 in
374 548 447 574 bono
460 554 626 575 consensum
645 545 822 580 signiﬁcare;
837 551 869 571 ac
887 544 998 571 caeleste

207 593 319 628 quidem
346 601 455 625 vocare,
475 591 634 627 angelicum
644 595 672 618 et
699 591 915 624 incorporeum;
942 593 998 616 ter-

208 644 295 666 restre
309 646 384 671 vero,
402 638 563 672 implicitum
579 641 605 665 et
618 641 774 664 consertum
787 643 850 662 cum
864 643 996 670 corpore;

208 685 417 712 subterraneum
441 687 532 710 autem
547 683 574 710 id
589 683 660 718 quod
677 683 733 717 jam
748 690 762 708 a
783 688 898 716 corpore
920 688 999 716 sepa-

207 733 297 757 ratum
315 734 396 764 atque
410 729 577 764 disiunctum
600 729 646 760 sit,
664 733 711 755 aut
736 731 811 755 certe
827 727 854 754 si
864 727 916 753 alia
932 734 999 761 quo-

206 783 260 810 que
273 779 370 810 praeter
385 779 560 802 ennmeratas
577 778 686 805 natura,
699 773 771 801 inter
783 773 889 800 ratione
904 770 999 806 prmdi-

207 824 250 848 tas
268 820 508 853 animadvertitur;
523 827 605 855 quam
621 820 679 847 sive
694 819 756 854 quis
773 818 928 850 daemonas,
937 818 997 846 sive

206 865 328 900 spiritus.
346 865 404 893 sive
430 865 532 900 aliquid
559 865 632 892 aliud
659 864 712 892 tale
736 863 853 891 voluerit
866 863 994 891 denomi-

206 918 282 943 nare,
300 919 353 938 non
369 911 575 942 cnntendemus,
589 910 636 938 sed
649 918 754 945 sttsqne
765 909 854 944 deque
864 909 994 937 feremus}

205 955 371 983 Persuasum
398 961 441 984 est
469 957 540 984 enim
560 961 615 983 tant
633 964 665 983 ex
687 955 829 983 commttni
854 954 995 990 opinione,

205 1008 286 1036 quam
298 1010 331 1029 ex
339 1002 543 1037 Scripturarunt
553 1002 713 1034 traditione,
724 1010 784 1029 esse
794 1001 939 1036 quamdam
948 1008 998 1028 na-

203 1050 294 1074 turam
306 1050 388 1083 extra,
397 1048 460 1074 talia
473 1055 600 1082 corpora,
614 1056 675 1082 qua:
688 1051 762 1074 recto
780 1053 863 1082 atque
880 1046 997 1074 honesto

204 1091 318 1119 adversa
344 1093 539 1126 contrariaque
566 1093 612 1122 sit,
643 1096 670 1119 et
697 1092 724 1118 in
741 1091 867 1119 humana:
891 1095 996 1119 natura:

204 1136 397 1164 detrimentum
435 1141 518 1172 atque
549 1138 697 1171 perniciem
732 1137 897 1169 incumbat;
933 1135 995 1172 qua:

203 1187 300 1217 sponte
316 1191 365 1211 sua
382 1191 396 1210 a
413 1183 526 1210 meliore
540 1188 614 1210 sorte
631 1184 764 1211 exciderit
777 1188 859 1218 atque
875 1183 996 1211 deﬂuxe-

203 1227 250 1259 rit,
268 1231 295 1254 et
318 1227 344 1254 in
367 1227 456 1254 locum
471 1227 535 1254 boni
550 1231 577 1254 et
597 1228 715 1259 honesti,
737 1235 818 1263 aquo
838 1227 949 1261 defecit,
966 1228 992 1256 id

1046 180 1161 207 Θανάτου
1183 178 1238 204 τῶν
1263 176 1402 213 σαρκικῶν
1417 176 1473 211 (77)
1489 175 1687 211 ἀπολελυμένη.
1707 176 1798 212 Ὅπερ
1811 177 1842 203 ὲν

1044 225 1144 261 ψυχαῖς
1156 225 1307 260 θεωρεῖται.
1328 222 1408 249 τοῦτο
1423 220 1510 257 οἶμαι,
1525 221 1565 257 τῷ
1581 222 1657 257 βάθει
1671 223 1722 258 τῆς
1743 223 1841 257 σοφίας

1047 271 1180 306 βλέποντα
1200 270 1245 296 τὸν
1269 270 1340 296 θεῖον
1366 268 1536 300 Ἀπόστολον,
1553 268 1643 303 πάσης
1658 268 1710 303 τῆς
1725 267 1841 302 λογικῆς

1047 316 1155 352 φύσεως
1179 316 1228 351 τὴν
1253 316 1281 342 ὲν
1301 315 1340 350 τῷ
1363 314 1457 350 ἀγαθῷ
1472 322 1537 340 ποτε
1560 314 1746 349 γενησομένην
1771 322 1840 348 συμ-

1047 363 1149 398 φωνίαν
1170 361 1367 397 ἀποσημαίνειν
1381 369 1388 377 ·
1407 360 1568 396 ἐπουράνιον
1585 360 1635 395 μὲν
1656 359 1793 386 καλοῦντα
1811 360 1841 385 τὸ

1047 407 1192 442 ἀγγελικον
1213 406 1260 433 καὶ
1275 405 1434 441 ἀσώματον·
1456 405 1575 439 ἐπίγειον
1590 405 1618 431 δὲ
1640 405 1670 431 τὸ
1685 404 1842 439 συμπεπὶε-

1047 454 1146 488 γμένον
1163 452 1201 488 τῷ
1217 451 1339 487 σώματι·
1364 451 1541 486 καταχθόνιον
1555 451 1583 478 δὲ
1593 451 1624 477 τὸ
1636 451 1840 485 διακεκρυμμέ-

1046 509 1092 527 νον
1109 499 1165 534 (78)
1189 499 1238 534 ἤδη
1255 498 1302 525 τοῦ
1321 499 1456 533 σώματος,
1479 498 1495 533 ἢ
1513 497 1545 533 δή
1567 506 1608 529 τις
1635 497 1690 532 (79)
1708 497 1756 524 καὶ
1773 497 1839 531 ἄλλη

1048 545 1124 581 παρὰ
1147 544 1182 571 τὰ
1196 543 1328 579 εἰρημένα
1344 543 1425 577 φύσις
1444 543 1472 568 ὲν
1491 543 1585 578 λογικῇ
1604 542 1660 576 (81))
1685 542 1837 577 θεωρεῖται,

1047 590 1081 626 ἣν
1097 590 1151 616 εἴτε
1167 589 1296 624 δαίμονας
1311 588 1365 615 εῐτε
1382 588 1524 623 πνεύματα
1534 609 1541 620 ,
1566 587 1621 613 εἴτε
1643 587 1766 613 τοιοῦτον
1783 587 1839 620 (81)

1049 636 1134 662 ἐθέλοι
1161 643 1203 667 τις
1225 634 1431 669 κατονομάζειν,
1446 634 1475 660 οὐ
1498 633 1662 668 διοισόμεθα.
1690 633 1841 659 Πεπίστευο

1048 690 1093 708 ται
1108 681 1162 716 (82)
1178 680 1231 716 γὰρ
1243 679 1275 706 ἐκ
1287 688 1317 706 τε
1331 680 1380 715 τῆς
1392 680 1483 715 κοινῆς
1499 679 1667 714 ὑπολήψεως,
1684 678 1732 705 κα).
1744 679 1776 704 ὲκ
1792 678 1840 712 τῆς

1049 727 1102 754 τῶν
1117 727 1173 762 (85)
1188 725 1305 762 Γραφῶν
1319 725 1504 761 παραδόσεως,
1525 723 1595 751 εἷναί
1618 733 1678 751 τινα
1693 723 1775 758 φύσιν
1790 724 1840 756 ἔξω

1048 772 1102 800 τῶν
1124 771 1251 799 τοιούτων
1272 771 1406 806 σωμάτων
1426 770 1593 802 ὑπεναντίως
1610 770 1678 806 πρὸς
1705 769 1735 796 τὸ
1758 770 1840 796 καλὸν

1048 818 1232 853 διακειμένην,
1251 818 1297 844 καὶ
1314 817 1465 852 βλαπτικὴν
1483 817 1532 852 τῆς
1555 816 1730 851 ἀνθρωπίνης
1755 815 1838 850 ζωῆς,

1048 863 1178 895 ἑκουσίως
1188 863 1236 899 τῆς
1247 863 1399 898 κρείττονος
1410 862 1570 897 ὑπολήψεως
1577 862 1633 897 (84)
1645 862 1838 897 inopemm-

1049 909 1096 936 κα).
1108 910 1141 945 τῇ
1156 909 1304 936 ἀποστάσει
1317 908 1366 935 τοῦ
1382 907 1466 934 καλοῦ
1479 907 1510 934 τὸ
1526 908 1558 934 ἐκ
1571 907 1619 934 τοῦ
1636 907 1757 934 ἐναντίου
1769 907 1839 933 νοού-

1050 962 1130 990 μενον
1146 955 1174 981 ὲν
1189 955 1259 990 αὐτῇ
1277 954 1332 988 (85)
1351 954 1561 988 ὐποστήσασανν
1576 954 1664 989 ἤνπερ
1679 953 1745 987 φασὶ
1760 962 1840 979 κατα-

1045 999 1166 1036 χθονίοις
1189 995 1346 1036 ἐναριθμεῖν
1363 999 1408 1026 τὸν
1427 999 1600 1031 Ἀπόστολον,
1624 998 1703 1025 τοῦτο
1717 999 1746 1024 ὲν
1769 998 1840 1024 ἐκεί-

1049 1055 1087 1082 νῳ
1105 1046 1160 1082 (86)
1176 1047 1214 1082 τῷ
1234 1047 1306 1082 λόγῳ
1330 1045 1506 1082 σημαίνοντα,
1528 1046 1568 1072 ὅτι
1586 1045 1635 1080 τῆς
1657 1045 1756 1076 κακίας
1776 1045 1840 1071 ποτὲ

1048 1093 1108 1123 ταῖς
1134 1093 1250 1127 μακραῖς
1277 1092 1331 1118 τῶν
1348 1091 1452 1118 αἰώνων
1476 1091 1608 1126 περιόδοις
1631 1089 1837 1124 ἀφανισθείσης.

1048 1137 1123 1163 οὐδὲν
1149 1137 1201 1170 ἔξω
1218 1131 1268 1164 τοῦ
1292 1136 1394 1171 ἀγαθοῦ
1417 1136 1671 1171 καταλειφθήσεται.
1698 1135 1779 1161 Ἀλλὰ
1793 1134 1840 1162 καὶ

1048 1183 1113 1218 παρ’
1136 1182 1246 1208 ἐκείνων
1275 1182 1423 1218 ὁμοφώνως
1446 1182 1502 1218 (87)
1528 1183 1544 1218 ὴ
1566 1182 1694 1217 ὁμολογία
1719 1183 1768 1217 τῆς
1793 1181 1839 1208 τοῦ

1048 1227 1166 1263 Χριστοῦ
1184 1229 1342 1263 κυριότητος
1357 1229 1442 1255 ἔσται.

203 1271 275 1305 qttod
296 1279 328 1298 ex
345 1272 485 1299 contrario
503 1273 675 1308 intelligitur,
689 1274 716 1300 in
738 1281 800 1302 sese
824 1273 1018 1301 substittterit:
1035 1281 1115 1309 quant
1134 1273 1212 1300 aiunt
1229 1274 1388 1308 Apostolnm
1407 1275 1478 1302 inter
1496 1275 1676 1314 subterranea
1689 1280 1716 1302 et
1732 1274 1838 1301 inferna

204 1324 367 1349 numerare,
391 1317 417 1344 id
434 1317 479 1344 illo
498 1325 624 1346 sermone
644 1316 840 1354 signiﬁcantem
861 1319 935 1355 quod
952 1320 1099 1347 vitio‘sitale
1123 1319 1211 1353 longis
1231 1321 1392 1347 saeculorum
1407 1321 1578 1348 anfractibus
1592 1326 1618 1347 et
1631 1321 1840 1348 cireuition'bns

207 1363 354 1397 aliquando
379 1363 482 1391 abolita
510 1367 591 1399 atque
616 1365 759 1396 exstincta,
781 1365 848 1392 nihil
866 1369 963 1400 praeter
978 1366 1080 1394 b0nunt
1103 1365 1283 1401 relinquetur.
1300 1365 1353 1393 Sed
1372 1367 1454 1393 etiam
1470 1366 1607 1394 daemones
1623 1366 1798 1394 concorditer
1813 1373 1840 1395 et

204 1409 409 1437 eonsetttienter
423 1409 638 1436 dominationem
658 1410 757 1437 Christi
773 1407 988 1438 conﬁtebuntur.

239 1453 376 1487 Quoeirca
400 1461 463 1481 cunt
485 1454 543 1482 haec
569 1456 606 1482 ita
629 1456 694 1488 sint,
719 1464 799 1483 nemo
813 1463 864 1484 nos
879 1456 996 1491 coegerit

1086 1458 1193 1485 Τούτων
1208 1457 1264 1493 (88)
1281 1456 1368 1489 οὕτως
1391 1457 1515 1492 ἐχόντων,
1541 1457 1629 1483 οὐκέτ’
1648 1457 1681 1484 ἄν
1701 1466 1744 1489 τις
1766 1460 1838 1494 ἡμᾶς

204 1500 447 1528 ενιιιιεττοιιθοτυηι
478 1506 505 1528 et
528 1501 698 1529 inferuerunt
724 1503 834 1529 nomine
860 1503 998 1530 subterra-

204 1553 285 1573 nettm
299 1545 560 1580 intelligerelocum,
580 1546 681 1581 quippe
701 1554 762 1573 cum
787 1553 834 1574 aer
855 1547 998 1581 aequaliter

204 1590 328 1624 undique
344 1594 424 1618 terrae
445 1591 630 1619 circmttfusus
645 1589 690 1624 sit,
704 1597 733 1619 ut
746 1593 822 1620 nttlla
845 1592 906 1628 ejus
932 1601 997 1628 pars

203 1637 238 1663 ab
253 1636 325 1663 aeris
342 1636 468 1671 amplexu
496 1644 581 1664 vacua
599 1645 630 1664 ac
661 1639 732 1666 nuda
763 1639 995 1674 deprehendatur.

204 1681 394 1711 _G.Ilzecubi
403 1683 528 1718 magistra
540 1682 671 1718 exposuit.
683 1684 818 1719 paulisper
835 1689 994 1717 cunctatus,

203 1726 340 1758 Nondum,
357 1727 479 1761 inquam,
492 1728 559 1754 satis
575 1728 701 1761 quaesivi,
718 1736 769 1755 nec
781 1729 845 1756 ntilti
858 1729 995 1763 qttaarenti

205 1771 377 1799 satisfactum
401 1776 443 1799 est
461 1779 468 1798 :
496 1773 542 1799 sed
572 1772 654 1799 etiam
683 1781 756 1800 nunc
778 1781 861 1811 super
880 1775 913 1803 iis
935 1782 996 1809 qua:

207 1817 280 1844 dicta
295 1820 360 1844 sunt
372 1825 448 1845 meus
460 1817 585 1853 ambigua
605 1818 669 1844 mihi
682 1818 882 1853 quodammodo
894 1823 994 1850 manet,

206 1870 239 1889 ac
255 1870 332 1897 rogo,
351 1866 381 1889 ut
395 1861 508 1889 omissis
524 1862 634 1897 quidem
652 1863 687 1891 iis
701 1864 735 1891 de
749 1863 850 1898 quibus
861 1863 917 1898 jam
932 1871 997 1891 con-

204 1907 278 1934 venit
289 1907 359 1934 inter
372 1914 432 1938 nos.
454 1907 486 1933 ad
505 1907 629 1935 eamdem
655 1908 879 1943 cOnsequentiam
895 1909 996 1936 iterum

205 1953 295 1980 oratio
310 1952 377 1979 milti
388 1952 545 1980 reducatur.
556 1951 622 1980 Nam
635 1953 706 1981 haud
719 1954 863 1982 difﬁculter
877 1954 997 1983 arbitror

204 2006 264 2029 eos,
272 1998 317 2033 qni
327 2005 381 2024 non
390 1997 536 2025 admodum
547 1997 612 2026 'duri
620 2006 651 2025 ac
662 2000 817 2033 pervicaces
830 2000 895 2032 sint,
904 2009 952 2036 per
964 2008 996 2029 ea

203 2051 266 2079 qum
279 2044 351 2071 dicta
367 2048 431 2071 sunt
446 2044 589 2071 inductum
606 2045 650 2076 iri,
667 2053 700 2072 tte
710 2050 771 2080 post
781 2053 927 2081 corporum
942 2048 997 2075 dis'-

205 2090 385 2121 solutionem,
402 2088 522 2116 animam
534 2089 636 2117 ducant
651 2089 685 2117 ad
704 2090 844 2118 interitum
858 2095 885 2119 el.
909 2092 1020 2120 aboli---

1048 1502 1196 1536 ἀναγκάζοι
1208 1502 1248 1537 τῷ
1262 1501 1316 1528 τῶν
1332 1502 1514 1537 καταχθονίων
1526 1502 1636 1537 ὀνόματι
1653 1502 1698 1529 τὸν
1713 1503 1839 1538 ὑπόγειον

1046 1547 1146 1574 ἐννοεῖν
1163 1547 1266 1583 χῶρον·
1283 1547 1380 1582 ἐπίσης
1394 1547 1441 1573 τοῦ
1452 1547 1532 1582 ἀέρος
1549 1548 1716 1582 πανταχόθεν
1733 1557 1839 1584 περικε-

1049 1593 1166 1628 χυμένου
1176 1595 1208 1628 τῇ
1219 1594 1265 1628 γῇ,
1274 1593 1311 1624 ὡς
1320 1592 1403 1627 μηδὲν
1411 1591 1496 1626 αὐτῆς
1504 1593 1585 1626 μέρος
1596 1591 1698 1626 γυμνὴν
1705 1591 1754 1625 τῆς
1764 1599 1836 1626 περι-

1049 1637 1130 1674 σολῆς
1142 1639 1188 1665 τοῦ
1197 1639 1277 1674 ἀέρος
1289 1637 1556 1672 καταλαμϐάνεσθαι.
1565 1653 1599 1656 -
1606 1637 1633 1663 Γ.
1644 1636 1737 1663 Ταῦτα
1745 1637 1772 1662 δὲ
1783 1637 1836 1672 (89)

1047 1682 1233 1717 διεξελθούσης
1251 1683 1299 1716 τῆς
1314 1681 1483 1713 διδασκάλου,
1500 1681 1597 1716 μικρὸν
1613 1681 1743 1716 ἐπισχὼν,
1756 1683 1838 1708 Οὔπω

1048 1728 1147 1760 ἱκανῶς
1164 1728 1226 1764 ἔχω,
1240 1728 1321 1762 φημὶ,
1335 1727 1381 1754 τοῦ
1397 1726 1577 1762 ζητουμένου·
1593 1726 1650 1754 ἀλλ¹
1664 1727 1704 1753 ἔτι
1723 1735 1768 1762 μοι
1782 1727 1838 1758 τοῖς

1047 1773 1201 1808 εἰρημένοις
1217 1773 1382 1804 ὲπιδιστάζει
1394 1780 1452 1803 πως
1465 1773 1482 1807 ἡ
1494 1772 1606 1804 διάνοια,
1622 1773 1670 1798 καὶ.
1683 1772 1780 1808 δέομαι
1792 1773 1838 1800 πά-

1043 1817 1089 1845 λιν
1107 1818 1292 1853 ὲπαναχθῆναί
1311 1827 1355 1853 μοι
1372 1818 1439 1854 πρὸς
1454 1817 1502 1853 τὴν
1518 1818 1601 1852 αὐτὴν
1615 1817 1777 1844 ἀκολουθίαν
1791 1818 1837 1845 τὸν

1046 1863 1136 1898 λόγον,
1159 1864 1214 1890 τῶν
1229 1864 1278 1899 μὲν
1292 1865 1342 1900 ἤδη
1366 1863 1604 1899 συμϐιϐασθέντων
1626 1864 1691 1898 ήμῖν
1716 1863 1838 1890 ἀπαλλα-

1047 1909 1139 1944 γέντα.
1162 1910 1281 1944 Μέτριον
1296 1909 1354 1944 (90)
1378 1911 1432 1946 γὰρ
1447 1908 1523 1945 οἶμαι
1543 1910 1587 1937 διὰ
1610 1909 1663 1936 τῶν
1685 1909 1837 1945 εἰρημένων

1043 1956 1109 1987 τοὺς
1125 1955 1161 1991 μὴ
1178 1955 1237 1982 λίαν
1251 1955 1404 1987 ἀντιτύπως
1415 1955 1524 1990 ἔχοντας
1541 1954 1735 1990 ἑναχθήσεσθαι
1752 1955 1790 1990 μὴ
1799 1955 1838 1986 εἰς

1047 2001 1188 2037 ἀναίρεσιν
1211 2001 1258 2027 καὶ
1272 2000 1444 2036 ἀνυπαρξίαν
1466 2000 1515 2035 τὴν
1529 2000 1618 2035 ψυχὴν
1633 1999 1702 2035 μετὰ
1718 1999 1768 2035 τὴν
1778 1999 1837 2026 διά-

1045 2043 1122 2071 λυσιν
1134 2045 1188 2071 τῶν
1213 2045 1347 2080 σωμάτων
1363 2045 1450 2079 ἄγειν,
1473 2044 1540 2080 μηδὲ
1557 2044 1770 2076 κατασκευάζειν
1786 2053 1839 2079 μη-

1045 2089 1133 2126 δαμοῦ
1149 2090 1280 2117 δύνασθαι
1303 2090 1388 2126 αὐτὴν
1411 2091 1441 2116 ἐν
1463 2091 1519 2122 τοῖς
1544 2088 1619 2116 οὖσιν
1646 2087 1716 2116 εῖναι
1742 2089 1786 2116 διὰ
1809 2090 1838 2116 τὸ

205 2135 318 2166 tionem,
334 2143 397 2167 neu,
419 2135 491 2169 quod
507 2135 542 2161 ab
565 2135 761 2162 elementorum
775 2140 872 2163 natura
887 2136 995 2165 diversa

1047 2135 1204 2174 ἑτεροειδῶς
1226 2135 1283 2172 (91)
1300 2135 1372 2171 ἔχειν
1390 2135 1466 2171 ’πρὸς
1488 2135 1539 2170 τὴν
1551 2135 1606 2161 τῶν
1630 2135 1770 2170 στοιχείων
1792 2135 1837 2161 οὗ-

203 2184 257 2212 est.
273 2181 375 2208 idcirco
395 2180 540 2212 aﬁirntent,
570 2188 631 2207 eam
643 2188 778 2216 nusquam
798 2182 824 2208 itt
839 2182 921 2210 rebus
935 2183 994 2210 uni-

1049 2182 1118 2208 σίαν.
1139 2182 1197 2208 Κᾶν
1222 2182 1259 2217 μὴ
1275 2181 1411 2217 συμϐαίνῃ
1434 2181 1487 2217 γὰρ
1503 2181 1636 2216 τούτοιςὴ
1651 2181 1733 2216 νοερά
1745 2190 1776 2207 τε
1792 2182 1837 2208 καὶ

205 2229 292 2255 versis
306 2235 368 2255 esse
385 2235 476 2262 posse.
490 2226 565 2253 Licet
581 2227 653 2254 cnitn
681 2229 743 2254 eum
769 2227 911 2256 elementis
938 2235 993 2256 non

1047 2226 1128 2259 ἄῡλος
1152 2226 1241 2261 φύσις,
1265 2226 1296 2252 τὸ
1310 2225 1379 2253 εἶναι
1395 2227 1487 2257 αὐτοῖς
1503 2226 1557 2261 (92)
1582 2226 1613 2252 οὗ
1636 2225 1781 2258 κωλύεται,
1797 2226 1836 2252 δι-

204 2278 338 2307 t-ongruat
355 2278 436 2308 atque
450 2274 597 2300 conveniat
618 2273 802 2308 intelligentiae
818 2274 956 2310 particeps
966 2279 994 2303 et

1047 2271 1125 2307 χόθεν
1141 2272 1207 2307 ἡμῖν
1221 2272 1269 2306 τῆς
1283 2271 1444 2306 ὑπολήψεως
1459 2271 1561 2305 ταύτης
1577 2270 1775 2306 βεὸαιουμένης
1785 2292 1793 2303 ,
1807 2271 1836 2297 ἐκ

205 2321 326 2347 materia:
356 2322 468 2354 expers
487 2324 598 2351 natura,
625 2326 686 2346 esse
710 2321 801 2345 tamen
827 2319 855 2346 in
880 2319 922 2346 eis
939 2327 993 2346 non

1047 2325 1076 2343 τε
1097 2316 1144 2343 τοῦ
1159 2316 1214 2344 νῦν
1237 2317 1266 2342 ὲν
1279 2316 1383 2351 τῇζωῇ
1400 2317 1487 2352 ταύτῃ
1501 2317 1551 2351 τὴν
1565 2316 1654 2351 ψυχὴν
1669 2316 1698 2342 ὲν
1713 2318 1771 2348 τοῖς
1784 2316 1836 2342 σώ-

205 2365 366 2400 prohiltett-r
383 2374 389 2391 :
404 2365 506 2399 quippe
517 2364 621 2399 duplici
638 2363 840 2391 rationc.nobis
857 2363 915 2391 haec
934 2364 995 2400 opi-

1049 2371 1130 2398 μασιν
1147 2361 1226 2393 εἶναι,
1243 2362 1307 2389 ἄλλο
1324 2371 1350 2388 τι
1364 2362 1439 2396 παρὰ
1452 2363 1482 2388 τὸ
1500 2362 1578 2397 σῶμα
1594 2362 1664 2388 κατὰ
1678 2362 1728 2397 τὴν
1744 2362 1836 2388 οὐσίαν

205 2411 251 2437 Itin
263 2409 451 2441 conﬁrmatur,
467 2414 523 2436 tuttt
537 2417 569 2436 ex
587 2415 619 2436 eo
643 2403 716 2443 quod
733 2416 805 2435 nunc
820 2408 846 2435 itt
863 2408 914 2435 hac
927 2409 992 2440 vita,

1047 2408 1232 2443 ὑπάρχουσαν,
1256 2401 1347 2434 καῒὲκ
1368 2407 1417 2434 τοῦ
1433 2407 1482 2443 τὴν
1506 2407 1581 2434 θείαν
1604 2407 1683 2441 φύσιν
1696 2406 1835 2438 ἀποδεῖξαι

1051 2502 1054 2507 ·
1082 2495 1139 2531 (85)
1158 2496 1207 2521 Ἐγ
1220 2494 1308 2529 αὐτῇ.
1330 2495 1350 2522 Β
1362 2496 1391 2521 ὲν
1405 2497 1500 2531 ἑαυτῇ.
1518 2497 1539 2522 Α
1557 2497 1584 2523 in
1603 2498 1725 2531 margine
1740 2496 1770 2522 ἔα
1779 2497 1833 2531 κῇ.

1083 2530 1138 2563 (86)
1162 2531 1209 2556 Ἐν
1227 2531 1341 2562 ἐκείνῳ.
1367 2531 1411 2556 Ἐν
1428 2530 1499 2558 delet
1512 2531 1540 2557 Β.

1082 2565 1138 2601 (87)
1158 2564 1342 2601 Ὀμοεέώνωᾳ
1358 2566 1378 2591 Α
1394 2567 1421 2593 in
1439 2567 1561 2601 margine
1575 2565 1729 2600 ὁμόφωνος.

238 2497 294 2531 (76)
311 2498 520 2531 Σπνμπεπλεγμ.
542 2497 561 2522 Α
579 2496 600 2522 Β
616 2495 862 2531 συμπεπλεγμένη,
877 2496 921 2531 ἥν.

239 2533 295 2564 (77)
311 2532 476 2565 Σαρκικῶν.
493 2534 513 2567 Δ
530 2531 648 2567 σαρκῶν.

239 2567 296 2601 (78)
310 2565 577 2600 Διακεπρυμμὲνον(¹
595 2568 614 2592 A
635 2567 652 2593 P-
669 2565 887 2601 διακεκριμένον.

240 2599 297 2635 (791
317 2602 350 2627 Ἢ
365 2599 481 2633 eam;
503 2601 522 2627 Β
536 2602 560 2627 εί
572 2601 600 2626 δέ
614 2610 664 2632 τις.
768 2599 773 2601 ⁷
799 2599 803 2600 ⁷
1083 2600 1139 2635 (88)
1158 2600 1282 2635 Τούτων.
1299 2600 1318 2626 Β
1328 2601 1428 2626 τούτων
1446 2599 1501 2627 οὗν.

251 2636 296 2667 80)
311 2635 434 2670 Λογικῇ.
456 2635 475 2661 Β
489 2636 619 2669 λογικοῖς.

1083 2634 1138 2670 (89)
1157 2634 1251 2670 Ίαῦτα
1267 2635 1310 2661 δέ.
1327 2635 1360 2661 Δέ
1380 2636 1470 2662 dolent
1483 2637 1500 2661 Α
1518 2634 1546 2662 Β.

238 2638 296 2703 (80)
311 2638 434 2670 Λογικῇ.
456 2638 475 2661 ll
489 2638 619 2671 λογικοῖς.

250 2671 294 2703 81)
312 2670 460 2697 Τοιοῦτον.
479 2671 499 2696 Β
515 2671 578 2696 ἄλλο
595 2679 620 2696 τι
631 2670 729 2697 colo-3:.

1083 2638 1138 2668 (89)
1157 2638 1251 2660 Tavta
1267 2638 1310 2661 δέ.
1327 2638 1360 2661 Δέ
1380 2638 1470 2662 dolent
1483 2638 1500 2661 Α

1084 2668 1139 2705 (90)
1154 2669 1332 2705 Μέτριονηᾼ
1350 2670 1370 2696 Β
1389 2671 1515 2705 μετρίως.

239 2705 297 2739 (82)
315 2706 524 2740 Πεπίστευται.
542 2706 564 2731 Α
580 2705 732 2731 πέπεισται.

1083 2704 1140 2740 (9))
1162 2703 1355 2740 ’ξτεροειδῶο
1372 2705 1393 2730 A
1411 2703 1607 2740 Ιῖςέτεροιρυῶς.

240 2736 296 2779 ea
316 2739 451 2779 ne
472 2740 492 2765 Α
505 2740 651 2779 dels-us:-

1083 2738 1139 2774 (θῖ)
1154 2736 1237 2766 Εἶναι
1253 2739 1364 2772 αὐτοῖς.
1382 2740 1404 2766 Λ
1417 2736 1534 2766 εἶναιἐν
1547 2740 1646 2772 αὐτοῖς.

240 2775 297 2810 (84)
318 2775 522 2808 ’Υπολήψεωςκ
544 2775 566 2800 Α
581 2775 694 2808 λήξεως.
