1919 3069
208 99 246 130 ’19

825 98 853 125 S.
879 98 1042 127 GREGORII
1062 99 1210 127 NYSSENI

1811 104 1843 132 80

209 168 281 197 opus
308 160 420 188 redacta
436 159 537 186 fuerint
555 166 586 186 ex
608 158 668 185 rudi
690 162 804 186 materia
825 159 862 186 lit.
881 159 919 186 Ita
937 163 990 186 tant

1052 169 1077 186 τι
1096 161 1200 193 σκεῦος,
1213 162 1227 187 ὁ
1250 161 1310 188 καθ’
1332 161 1447 188 ἕκαστόν
1468 162 1542 188 ἐστιν
1558 162 1714 198 ἄνθρωπος,
1742 161 1775 188 ἐκ
1794 163 1844 196 τῆς

208 214 289 242 quam
305 214 354 234 vas
370 205 508 241 quoddam
530 205 614 231 homo
632 205 750 239 quisque
772 205 921 240 singularis
944 210 997 237 cst,

206 260 240 281 ex
257 253 458 280 elementorum
473 258 612 278 concursu
634 258 647 277 a
664 250 802 277 communi
815 251 929 278 materia
942 251 999 278 for-

206 305 308 332 matus,
333 299 465 334 peculiari
485 305 599 334 prorsus
625 298 709 332 ﬁgura
729 299 844 324 multum
869 297 998 326 dill‘erens

207 346 242 372 ab
262 353 296 372 eo
313 345 386 380 quod
411 344 533 380 ejusdem
555 343 663 378 generis
693 347 745 370 est.
773 343 833 376 Quo
851 343 997 376 dissoluto,

207 391 386 419 nihilominus
405 392 487 419 ctiam
504 398 536 418 ex
551 390 675 425 reliquiis
689 390 778 416 anima
795 397 856 424 qua;
878 391 998 424 possidet

206 444 273 470 vas,
299 436 439 472 proprium
469 435 605 470 agnoscit,
638 443 726 470 neque
750 435 776 461 in
803 436 999 463 communione

205 487 292 518 atque
314 482 476 510 confusione
492 481 719 517 l‘ragmentorum.
745 489 833 516 neque
855 482 877 509 si
902 481 997 509 eadem

206 534 270 555 cum
295 527 356 554 rudi
382 527 578 554 elementorum
605 527 719 554 materia
740 526 962 559 commisceatur,
982 535 998 554 a

207 573 320 608 proprio
336 573 492 604 discedens.
510 573 558 600 sed
575 580 683 607 semper
704 573 794 600 sciens
812 580 903 605 suum,
917 573 998 608 quale

205 623 281 647 esset
299 623 358 646 tum
374 626 436 646 cum
461 619 487 646 in
512 619 599 645 forma
624 619 801 651 consisteret,
819 623 842 646 et
866 623 927 654 post
941 618 998 646 dis-

205 665 370 692 solutionem
393 672 426 692 ex
443 665 531 699 signis
551 672 612 699 quae
631 665 658 692 in
687 665 812 700 reliquiis
827 668 996 697 manserunt,

205 710 280 737 circa
296 711 438 744 proprium
447 718 500 737 non
508 709 683 738 errans.-—G.
696 709 753 744 Ego
761 716 827 735 vero
837 708 998 743 approbatis

209 754 243 780 iis
259 761 320 787 quae
345 752 418 779 dicta
434 757 523 784 erant,
553 757 582 779 ut
609 752 743 788 apposite.
769 757 831 787 apte
848 759 930 788 atque
951 760 998 780 ac-

205 798 378 826 commodate
400 798 434 826 ad
459 799 630 834 propositum
656 804 847 834 argumentum
875 799 995 830 inventa.

207 845 269 872 llzec
286 845 407 880 quidem,
436 845 556 880 inquam,
585 846 636 872 hoc
662 845 742 872 modo
758 849 814 872 tum
843 845 908 876 dici,
935 850 991 872 tum
1011 836 1030 864 Β

202 890 278 918 credi
294 895 397 918 rectum
412 895 439 918 ct
449 898 555 925 :equum
572 895 623 921 est.
637 890 684 917 sed
695 890 718 917 si
730 890 792 925 quis
805 889 991 917 narrationem

205 935 312 963 Domini
327 943 399 969 eam,
418 944 478 971 qua:
495 940 537 964 est
555 937 581 963 in
599 935 744 972 Evangelio
758 935 792 963 de
810 935 844 964 iis
865 935 912 971 qui
929 939 994 963 sunt

205 981 232 1009 in
257 982 374 1015 inferno,
401 982 531 1010 adversus
555 990 587 1010 ea
609 990 670 1017 quae
686 981 757 1009 dicta
780 985 844 1010 sunt
861 981 992 1017 proferat,

204 1028 284 1063 quasi
307 1037 361 1055 non
390 1034 586 1063 congruentem
609 1034 636 1056 et
658 1029 864 1056 convenientem
897 1036 959 1056 cum
982 1029 1017 1057 iis

203 1080 355 1107 pra-parare
373 1081 423 1100 nos
435 1073 468 1099 ad
487 1073 693 1107 responsionem
708 1073 834 1107 oportet?

240 1116 274 1142 Μ,
288 1116 322 1142 At
334 1115 388 1148 illa,
403 1116 443 1143 Ad
457 1123 558 1151 corpus
569 1115 679 1151 quidem
691 1116 936 1150 accommodatius,
948 1116 993 1144 in—

201 1159 272 1193 quit,
299 1167 390 1186 sermo
416 1159 604 1186 narrationem
631 1160 756 1195 exponit,
781 1160 882 1188 multas
902 1165 995 1189 tamen

202 1205 334 1240 inspergit
357 1206 487 1232 materias
509 1209 536 1232 et
553 1213 663 1238 causas,
680 1214 729 1242 per
753 1215 822 1243 quas
841 1207 875 1235 ad
903 1207 994 1235 subti-

203 1251 296 1277 liorem
329 1251 542 1285 speculationem
580 1251 696 1283 invitat.
728 1253 751 1280 si
778 1253 841 1288 quis
866 1258 993 1281 accurate

201 1296 392 1331 exquisite-que
408 1304 465 1324 rem
483 1296 657 1324 intellexerit.
673 1297 740 1325 Nam
754 1299 800 1334 qui
818 1299 892 1326 hiatu
915 1304 992 1326 vasto

201 1341 300 1368 malqu
320 1349 334 1367 a
348 1342 419 1368 bono
434 1341 542 1368 dirimit
561 1346 644 1376 atque
659 1342 798 1376 discludit,
815 1343 861 1378 qui
884 1348 989 1378 guttam

201 1387 320 1422 aliquam
344 1395 405 1422 qtnc
421 1396 470 1422 per
490 1388 604 1423 digitum
624 1387 812 1421 admoveatur,
829 1389 990 1417 desideran-

200 1435 254 1459 tem
281 1432 346 1459 fecit
369 1440 431 1460 cum
471 1433 517 1467 qui
545 1432 731 1465 erm-iabatnr,
758 1434 804 1469 qui
829 1434 991 1468 patriarcha:

200 1478 292 1505 sinum
308 1478 332 1505 ei
361 1478 406 1513 qui
425 1486 472 1512 per
486 1478 556 1505 hanc
570 1477 654 1504 vitam
669 1478 751 1505 malis
766 1483 792 1505 et
808 1478 989 1507 incommodis

199 1528 313 1552 vexatus
339 1523 439 1556 fuerat,
468 1524 501 1551 ad
527 1524 646 1559 quietem
669 1525 832 1560 proposuit,
856 1526 902 1561 qui
924 1526 989 1553 item

199 1574 277 1596 antea
305 1574 428 1598 mortuos
456 1577 504 1597 eos
540 1577 572 1597 ac
598 1570 745 1605 sepultqu
771 1571 887 1599 traditos
909 1579 992 1605 expo-

198 1616 264 1648 suit,
283 1624 337 1643 non
365 1624 460 1651 parum
477 1621 574 1644 avocat
598 1621 624 1644 et
650 1617 761 1644 abducit
777 1617 811 1644 ab
831 1625 863 1644 ea
882 1621 992 1644 Senten-

200 1662 238 1688 tia
258 1670 319 1696 quae
335 1662 361 1689 in
386 1666 514 1697 promptu
539 1666 579 1689 est
603 1670 665 1690 eum
697 1663 743 1698 qui
773 1663 844 1690 haud
867 1663 949 1690 stulte
965 1667 992 1689 ct

199 1708 334 1742 imperite.
361 1708 408 1734 sed
431 1708 616 1742 intelligentct‘
641 1709 723 1736 verba
746 1713 888 1743 sequatur.
915 1708 990 1741 Quos

202 1755 276 1781 enim
294 1755 390 1782 oculos
405 1755 502 1782 attollit
525 1756 551 1781 in
570 1755 678 1782 inferno
693 1756 769 1783 dives
793 1756 849 1787 ille.
865 1756 911 1791 qui
929 1764 990 1783 car-

199 1806 267 1826 neos
293 1799 389 1826 oculos
419 1800 445 1826 in
472 1799 599 1834 sepulcro
630 1801 795 1834 reliquerat?
820 1801 880 1834 Quo
909 1806 990 1836 pacto

199 1844 264 1871 item
288 1844 423 1871 ﬂammam
455 1847 538 1872 sentit
567 1845 593 1872 id
617 1847 690 1880 quod
714 1847 904 1882 incorporeum
929 1847 990 1875 est?

198 1891 285 1926 Quam
306 1899 370 1918 vero
386 1892 507 1927 linguam
532 1892 686 1926 refrigerari
706 1901 753 1927 per
770 1898 873 1928 guttam
896 1894 990 1928 cupie-

199 1937 254 1968 Ιιοι,
272 1944 335 1964 eum
352 1937 376 1964 ei
401 1944 501 1964 carnea
518 1937 610 1972 lingua
637 1945 692 1965 non
712 1938 840 1966 adesset?
855 1939 917 1974 quis
937 1947 988 1966 au-

197 1987 251 2011 tem
279 1984 324 2010 ille
347 1983 461 2018 digitus.
493 1984 539 2018 qui
566 1984 707 2018 praeferret
727 1985 752 2012 ei
779 1985 903 2020 guttam?
929 1985 988 2021 lpse

197 2029 261 2056 item
288 2029 366 2057 sinus
394 2030 536 2064 requietis,
561 2030 646 2064 quis?
681 2030 750 2057 Cum
777 2031 849 2058 enim
871 2039 987 2067 corpora

196 2079 287 2102 essent
309 2075 335 2101 in
349 2075 495 2110 sepulcris,
520 2075 610 2102 anima
633 2083 697 2103 vero
716 2085 804 2111 neque
824 2078 850 2104 in
873 2085 987 2113 corpore

196 2125 279 2152 esset,
302 2128 389 2156 neque
404 2129 435 2148 ex
451 2122 576 2155 partibus
602 2126 751 2155 constaret,
776 2123 884 2151 difﬁcile
905 2124 986 2152 fuerit

196 2167 363 2193 narrationis
386 2171 566 2200 strueturam,
595 2172 675 2202 prout
697 2169 822 2203 protinus
843 2176 874 2196 ac
896 2170 985 2204 prima

196 2213 288 2240 fronte
322 2212 501 2247 intelligitur,
533 2213 565 2240 ad
594 2215 734 2241 veritatem
758 2216 983 2249 accommodare,

195 2259 249 2286 nisi
263 2259 326 2294 quis
351 2258 508 2293 singulatim
525 2266 639 2294 quaeque
653 2260 735 2287 verlia
753 2268 767 2287 a
792 2268 908 2296 corpore
924 2266 982 2289 tra-

195 2305 278 2332 ducat
289 2305 322 2331 ad
341 2312 399 2331 eam
411 2312 472 2340 qua:
486 2309 576 2332 mente
590 2306 739 2340 percipitur
753 2307 979 2341 speculationem,

195 2357 224 2379 ut
242 2352 344 2383 hiatus,
366 2352 413 2387 qui
430 2352 533 2379 dirimit
552 2356 634 2388 atque
649 2353 780 2389 disiungit
808 2355 981 2382 communio-

230 2441 290 2502 (711)
305 2440 590 2502 ⁸’.ιυῐατῖετυπιιιμένος.
611 2442 631 2468 Α
647 2442 673 2468 in
689 2443 810 2478 margine
823 2443 980 2479 τετυπωμέ-

230 2485 247 2502 :.
305 2484 331 2502 Ill
360 2485 390 2502 ex
408 2485 434 2502 ιι.

193 2485 247 2507 νος,
270 2480 290 2502 Β
305 2484 331 2502 Ill
349 2480 434 2503 textu.

228 2511 284 2552 (72)
301 2511 504 2552 Διιέλγθένςτος.
530 2511 551 2536 Α
570 2511 596 2537 in
619 2515 692 2538 textu
705 2512 927 2547 διαγνωσθέντος,
952 2513 979 2540 in

193 2543 315 2581 margine
334 2543 512 2577 διαλυθέντος.

228 2582 284 2617 (75)
300 2581 373 2607 Οὔτε
385 2580 469 2617 sIaEi
486 2580 558 2617 delet
570 2580 600 2608 Β.

240 2616 284 2650 74)
297 2615 464 2648 Συνεστώς.
486 2615 507 2642 Β
521 2616 647 2647 συνετῶς.

239 2652 283 2686 75)
305 2650 550 2687 Ἀπομεινάνζων.
573 2651 593 2676 Δ
609 2651 855 2687 ἐναπομεινάντων.

240 2687 283 2721 76)
299 2686 476 2721 Προσφέροι.
489 2685 510 2712 Β
524 2687 665 2721 προφέρει.

226 2722 282 2763 (77)
302 2721 544 2763 Ἐξήτασμξνοιᾳ
563 2722 585 2746 Α
601 2723 628 2748 in
645 2727 718 2749 textu
733 2723 928 2759 ἐξισταμένοις,
947 2723 975 2750 in

191 2757 313 2789 margine
331 2757 532 2792 ὲξητασμένοις.

227 2791 281 2819 ¹78ὶ
303 2791 333 2822 Ἡ
344 2790 537 2824 διδάσκαλος.
554 2791 573 2817 Λ
587 2790 607 2817 ι]
624 2792 725 2822 delent.

1050 207 1201 242 συνδρομῆς
1217 206 1271 233 τῶν
1292 207 1431 242 στοιχείων
1452 207 1507 233 ἁπδ
1525 208 1575 242 τῆς
1587 207 1678 243 κοινῆς
1695 207 1762 241 ὕλης
1779 207 1842 233 ἀνα-

1048 252 1239 288 τετυπωμένος
1255 253 1322 287 (71»,
1337 253 1367 279 ὲν
1397 253 1524 283 ἰδιάζοντι
1539 253 1647 284 πάντως
1661 253 1702 287 τῷ
1723 254 1841 288 σχήματι

1048 298 1148 334 πολλὴν
1171 299 1238 334 πρὸς
1262 300 1292 324 τδ
1317 299 1446 334 ομογενὲς
1470 299 1520 334 τὴν
1541 298 1672 334 διαφορὰν
1699 298 1782 333 ἔχων.
1806 296 1843 325 Ui;

1048 345 1216 376 διαλυθέντος
1237 345 1293 380 (72)
1311 344 1386 371 οὐδὲν
1397 342 1479 380 ἦττον
1496 344 1542 371 καὶ
1562 344 1617 371 ἀπὸ
1628 344 1692 370 ιτῶν
1707 343 1842 378 λειᾴάνων

1049 392 1065 426 ἡ
1077 391 1232 426 κεκτημένη
1250 390 1280 417 τὸ
1296 390 1392 422 σκεῦος
1405 390 1478 425 ψυχὴ
1492 390 1523 417 τδ
1540 391 1639 417 οἰκεῖον
1651 389 1840 424 ἐπιγινώσκει,

1047 435 1109 463 οὔτε
1124 437 1153 462 ἐν
1167 436 1223 470 (75)
1243 437 1275 471 τῇ
1291 436 1418 471 κοινωνίᾳ
1431 434 1484 463 τῶν
1499 436 1724 471 συντριμμάτων,
1739 434 1803 461 οὔτε
1817 435 1841 461 εἰ

1048 482 1116 517 πρὸς
1127 482 1156 509 τὺ
1172 482 1377 517 άκατέργαστον
1391 482 1440 517 τῆς
1453 482 1507 508 τῶν
1519 482 1656 517 στοιχείων
1671 481 1740 516 ὕλης
1757 489 1840 507 κατα-

1049 527 1170 563 μιχθείη.
1195 528 1242 554 τοῦ
1263 527 1364 554 οἰκείου
1384 528 1565 562 ἀφισταμένη,
1586 527 1643 554 ἀλλ’
1661 527 1704 554 ἀεὶ
1729 527 1841 553 ἐπιστα-

1049 574 1116 607 μένη
1133 573 1163 599 τὺ
1179 572 1255 603 ἴδιον,
1270 570 1325 599 οἶόν
1338 581 1368 598 τε
1385 572 1519 604 συνεστὼς
1541 573 1597 607 (74)
1617 573 1645 598 ὲν
1660 572 1700 607 τῷ
1717 572 1840 606 σχήματι

1046 617 1090 654 ἦν,
1105 619 1151 645 καὶ
1169 619 1238 653 μετὰ
1251 619 1299 654 τὴν
1312 619 1431 645 διάλυσιν
1449 619 1481 645 ὲκ
1497 618 1549 645 τῶν
1560 618 1772 653 ἁπομεινάντων
1782 617 1837 651 (75)

1047 664 1167 698 σημείων
1180 665 1236 695 τοῖς
1250 664 1385 698 λειψάνοις
1404 664 1433 690 οὺ
1451 663 1613 698 πλανωμένη
1628 663 1693 698 περ).
1714 662 1747 688 τὸ
1761 662 1834 687 ἴδιον.

1044 723 1080 727 -
1090 707 1119 733 Γ.
1140 705 1348 741 Ἐπιδεξάμενος
1359 706 1386 732 δὲ.
1396 706 1430 732 τὰ
1446 706 1580 741 εἰρημένα
1595 705 1632 737 ὡς
1644 705 1792 741 προσφυῶς
1809 714 1837 731 τε

1045 753 1091 780 καὶ
1107 753 1215 784 οἰκείως
1233 753 1300 788 πρὸς
1312 752 1357 778 τὸν
1372 752 1550 788 προκείμενον
1565 751 1710 788 εὑρεθέντα
1725 751 1837 783 σκοπὸν,

1043 798 1136 825 Ταῦτα
1149 798 1199 833 μὲν
1210 797 1307 830 οὕτως,
1324 795 1410 830 εἷπον,
1425 798 1552 832 λὲγεσοαί
1562 806 1591 824 τε
1602 797 1648 824 καὶ
1660 796 1838 823 πιστεύεσθαι

1043 844 1132 876 καλῶς
1149 844 1221 879 ἔχει·
1232 846 1256 870 εί
1275 844 1302 871 δέ
1312 853 1353 877 τις
1368 844 1397 871 τὸ
1410 845 1438 871 ὲν
1449 844 1488 880 τῷ
1503 843 1717 879 Εὐάγγελίῳτοῦ
1732 843 1836 878 Κυρίου

1044 889 1108 925 περ).
1123 889 1177 916 τῶν
1197 889 1226 915 ὲν
1241 888 1304 924 ᾂδου
1317 889 1439 924 διήγημα
1459 889 1527 924 πρὸς
1546 889 1579 914 τὰ
1602 888 1736 923 εἰρημένα
1751 895 1835 923 προσ-

1044 934 1123 970 φέροι
1141 933 1208 969 (76),
1223 933 1260 965 ὡς
1277 934 1306 960 οὐ
1321 933 1468 969 συμὸαἰνον
1480 935 1536 964 τοῖς
1550 932 1746 968 ἐξητασμένοις
1766 932 1833 967 (77),

1044 980 1102 1013 πῶς
1115 980 1168 1016 χρὴ
1183 979 1443 1016 παρασκευάσασθαι
1459 979 1528 1016 πρὸς
1542 980 1591 1014 τὴν
1610 979 1757 1014 ἀπόκρισιν
1771 988 1777 1011 ;

1048 1036 1108 1064 qua:
1131 1028 1285 1056 examinata
1307 1032 1389 1063 atque
1416 1036 1550 1063 perpensa
1574 1032 1649 1060 sunt,
1680 1035 1736 1062 quo
1756 1030 1836 1062 pacto

1077 1117 1117 1145 M.
1125 1118 1157 1145 Ἢ
1163 1116 1382 1154 διδάσκαλος(78)
1389 1118 1415 1145 δὲ
1420 1140 1427 1150 ,
1436 1119 1617 1155 Σωμιτικώτε
1621 1129 1666 1155 ρον
1672 1119 1732 1154 μὲν,
1742 1117 1834 1151 φησὶν,

1046 1160 1061 1187 ό
1072 1160 1150 1196 λόγος
1163 1161 1300 1188 ἐκτίθεται
1313 1161 1343 1188 τὸ
1353 1162 1483 1197 διήγημα,
1500 1163 1598 1193 πολλὰς
1608 1162 1636 1188 δὲ
1651 1163 1835 1198 κατασπείρει

1045 1206 1093 1239 τὰς
1109 1207 1246 1242 ἀφορμὰς,
1270 1207 1304 1234 δι’
1320 1204 1357 1234 ὧν
1372 1209 1411 1239 εἰς
1435 1208 1598 1244 λεπτοτέραν
1617 1208 1735 1245 οεωρίαν
1751 1210 1834 1236 ἑκκα-

1044 1252 1131 1279 λεῖται
1153 1253 1198 1280 τὸν
1221 1253 1366 1290 ἐξεταστὴν
1387 1254 1442 1289 (79)
1470 1255 1608 1282 ἐπαΐοντα.
1644 1256 1673 1282 '0
1699 1256 1755 1291 γάρ
1785 1257 1835 1291 χά-

1045 1307 1129 1334 σματι
1145 1299 1199 1334 (80)
1215 1299 1325 1336 μεγάλῳ
1337 1300 1462 1335 διείργων
1473 1300 1503 1327 τὸ
1517 1301 1600 1328 κακὸν
1620 1302 1652 1328 ὲκ
1672 1301 1719 1328 τοῦ
1741 1303 1833 1337 κρείτ-

1043 1352 1128 1376 τονος,
1145 1345 1273 1379 σταγόνος
1293 1346 1322 1372 τέ
1337 1355 1407 1378 τινος
1423 1346 1546 1383 δακτύλῳ
1569 1347 1624 1382 (Si)
1649 1349 1835 1383 κομιζομένης

1045 1391 1139 1418 ἐπιδεᾶ
1166 1392 1281 1427 ποιήσας
1301 1392 1347 1419 τὸν
1371 1392 1552 1428 ὀδυνώμενον,
1580 1394 1627 1420 κα).
1663 1395 1834 1430 πατριάρχου

1045 1437 1143 1464 κόλπον
1154 1437 1192 1473 τῷ
1204 1437 1247 1464 διὰ
1261 1437 1309 1472 τῆς
1320 1438 1391 1473 ζωῆς
1405 1439 1506 1474 ταύτης
1521 1439 1708 1475 κεκακωμένῳ
1723 1441 1834 1472 ὑποθεὶς

1045 1483 1196 1510 ἀνάπαυσιν
1211 1483 1267 1518 (82)
1280 1505 1287 1516 ,
1305 1484 1357 1519 πρὸ
1373 1484 1474 1511 τούτων
1488 1485 1516 1512 δὲ
1533 1486 1579 1511 καὶ
1594 1485 1623 1511 τδ
1641 1486 1772 1513 τεονᾱνάι
1786 1487 1834 1512 αὖ·

1044 1529 1115 1561 τοὺς,
1140 1530 1188 1556 καὶ
1211 1531 1283 1565 ταςῇ
1303 1530 1413 1565 δοθῆναι
1435 1530 1643 1566 διηγησάμενος,
1674 1532 1705 1558 οὐ
1728 1533 1834 1568 μικρῶς

1005 1564 1027 1593 c
1043 1574 1172 1609 ἀφίστησι
1195 1575 1245 1609 τῆς
1260 1564 1329 1602 κατὰ
1344 1564 1488 1610 πρόχειρον
1508 1564 1564 1611 (85)
1584 1577 1702 1609 διανοίας
1724 1564 1786 1605 τὸν.
1797 1579 1834 1615 μὴ

1042 1619 1179 1652 ἀσυνέτως
1196 1620 1251 1655 (84)
1273 1622 1328 1653 τοῖς
1341 1621 1496 1656 λεγομένοις
1511 1621 1652 1657 ἑπόμενον.
1669 1624 1766 1655 Ποίους
1780 1626 1833 1660 γὰρ

1042 1665 1198 1701 ὀφθαλμοὺς
1212 1666 1319 1701 ἐπαίρει
1333 1667 1362 1693 ὲν
1379 1667 1417 1702 τῷ
1439 1668 1490 1704 ᾄδῃ
1510 1670 1524 1695 ὁ
1544 1669 1680 1701 πλούσιος,
1700 1670 1765 1701 τοὺς
1784 1671 1833 1706 τῆς

1043 1709 1142 1745 σαρκὸς
1175 1710 1285 1744 ἐναψεὶς
1310 1711 1365 1745 (85)
1392 1711 1430 1747 τῷ
1465 1713 1559 1747 τάφῳ;
1589 1713 1650 1745 Πῶς
1675 1713 1703 1739 δὲ
1735 1714 1832 1748 φλογὸς

1041 1755 1173 1790 ᾐσθάνετο
1190 1756 1246 1790 (86)
1260 1756 1289 1782 τὸ
1300 1757 1445 1792 ἀσώματον
1458 1767 1464 1791 ;
1480 1759 1562 1784 Ποίαν
1574 1759 1602 1785 δὲ
1616 1759 1742 1792 γλῶσσαν
1754 1768 1832 1786 κατα-

1040 1801 1175 1836 ψυχθῆναι
1197 1801 1241 1829 διὰ
1262 1802 1312 1837 τῆς
1328 1803 1456 1837 σταγόνος
1477 1805 1613 1839 ἐπιθυμεῖ,
1633 1805 1683 1840 τῆς
1698 1807 1832 1841 σαρκίνης

1040 1849 1114 1884 αὐτῷ
1132 1850 1168 1885 μὴ
1184 1851 1340 1886 παρούσης
1365 1851 1414 1882 Τίς
1435 1851 1462 1877 εὲ
1484 1850 1496 1876 ὁ
1513 1851 1676 1886 διακομίζων
1691 1852 1767 1886 αὐτῷ
1784 1853 1832 1886 τὴν

1041 1895 1134 1930 ῥανὶδα
1145 1896 1274 1928 δάκτυλος
1286 1905 1292 1929 ;
1302 1897 1386 1929 Αὐτὸς
1399 1897 1427 1924 δὲ
1439 1898 1453 1923 ὁ
1464 1897 1562 1929 κόλπος
1571 1898 1620 1932 τῆς
1634 1897 1828 1929 ἀναπαύσεως,

1039 1941 1098 1974 τίς;
1127 1943 1188 1970 Τῶν
1211 1943 1266 1978 γὰρ
1285 1944 1418 1979 σωμάτων
1441 1946 1470 1972 ὲν
1491 1945 1588 1978 τάφοις
1607 1943 1702 1976 ὄντων,
1726 1945 1778 1979 τῆς
1801 1945 1829 1970 δὲ

1037 1987 1126 2023 ψυχῆς
1142 1988 1203 2015 οὔτε
1219 1990 1247 2016 ὲν
1267 1990 1373 2025 σώματι
1393 1990 1490 2025 οῦσης,
1517 1991 1578 2017 οὔτε
1605 1992 1636 2017 ἐκ
1652 1992 1745 2026 μερῶν
1766 2000 1830 2018 συν-

1038 2035 1170 2070 εστώσης,
1178 2035 1280 2071 ἄπορον
1292 2036 1324 2063 ἂν
1336 2037 1378 2071 εἴη
1391 2037 1439 2072 τὴν
1448 2037 1493 2064 τοῦ
1502 2037 1669 2072 διηγήματος
1680 2038 1829 2072 διασκευὴν

1037 2081 1106 2108 κατὰ
1119 2081 1150 2107 τὸ
1160 2082 1312 2119 προχείρως
1329 2082 1472 2117 νοούμενον
1487 2084 1639 2118 ἐφαρμόσαι
1651 2085 1683 2119 τῇ
1701 2084 1827 2119 ἀληθείᾳ,

1037 2127 1060 2153 εί
1077 2127 1114 2162 μή
1129 2135 1172 2159 τις
1192 2128 1331 2164 μεταλάϐῃ
1347 2128 1404 2164 (87)
1418 2129 1452 2155 τὰ
1466 2128 1527 2154 καθ’
1543 2129 1656 2155 ἕκαστον
1669 2129 1709 2160 είς
1729 2131 1827 2164 νοητὴν

1036 2172 1151 2208 θεωρίαν
1164 2181 1171 2188 ’
1191 2172 1261 2200 ὥστε
1276 2175 1369 2209 χάσμα
1386 2174 1416 2200 τὸ
1437 2174 1554 2208 διεῖργον
1568 2174 1622 2200 τῶν
1639 2175 1764 2209 ἀμίκτων
1779 2176 1828 2210 τὴν

1001 2232 1023 2260 D
1038 2217 1190 2248 κοινωνίαν,
1203 2217 1240 2252 μὴ
1249 2217 1300 2251 γῆς
1307 2218 1446 2244 διάστασιν
1454 2218 1510 2251 (68)
1520 2217 1633 2244 dacem:
1643 2218 1682 2252 τῷ
1692 2219 1747 2254 γὰρ
1757 2221 1828 2246 ἀσω-

1039 2263 1116 2298 μάτῳ
1133 2262 1180 2289 κα).
1193 2262 1288 2298 νοερῷ,
1302 2262 1343 2294 τίς
1358 2263 1439 2294 πόνος
1453 2262 1599 2297 διαπτῆναι
1615 2266 1645 2290 τὸ
1659 2265 1765 2299 χάσμα.
1781 2266 1826 2292 καὶ

1038 2309 1062 2334 εί
1085 2307 1215 2343 μήκιστον
1229 2306 1280 2343 ἦν;
1299 2307 1370 2334 Διό-ιι
1387 2308 1417 2334 τδ
1433 2308 1524 2343 νοερὸν
1546 2309 1578 2344 τῆ
1595 2309 1684 2342 φύσει,
1704 2311 1733 2336 ὲν
1749 2309 1826 2346 ᾧπερ

1038 2354 1071 2380 ἂν
1087 2354 1167 2390 ἐθέλῃ
1178 2353 1299 2389 ἀχρόνως
1312 2353 1424 2387 γίνεται.
1442 2369 1475 2373 -
1490 2353 1518 2380 Γ.
1534 2353 1566 2379 Τί
1578 2351 1623 2380 οὖν
1633 2354 1665 2380 ἂν
1679 2355 1825 2391 εἶη.φημὶ,

1068 2440 1125 2475 (79)
1149 2441 1339 2475 Ἐξεταστήν.
1353 2442 1372 2468 A
1387 2441 1406 2467 li
1419 2441 1609 2475 ἐξεταστικῶς.

1057 2475 1123 2517 ’(80)
1143 2476 1284 2511 Χάσματι,
1312 2477 1334 2502 Α
1359 2478 1385 2503 in
1412 2482 1486 2504 textu
1502 2480 1629 2514 σχήματι,
1654 2477 1681 2504 in
1699 2478 1823 2512 margine

1050 2519 1161 2544 ασματι.

1032 2519 1161 2545 χάσματι.

1067 2546 1122 2579 (81)
1139 2546 1289 2579 Δακτὺλῳ.
1304 2547 1325 2572 Α
1346 2546 1366 2572 Β
1382 2546 1426 2573 διὰ
1440 2547 1582 2574 δακτύλου.

1067 2580 1122 2614 (82)
1144 2581 1339 2608 Ἀνάπαυσιν.
1360 2582 1382 2608 Α
1403 2581 1423 2608 Β
1440 2584 1481 2614 εἰς
1496 2583 1660 2611 ἀνάπαυσιν.

1066 2615 1122 2651 (85)
1139 2617 1311 2650 Πρόχειρον.
1327 2617 1349 2643 Α
1365 2617 1386 2642 Β
1399 2618 1512 2651 praeﬁgit
1528 2618 1568 2645 τό.

1067 2650 1122 2684 (84)
1145 2651 1317 2684 Ἁσυνέτως.
1333 2652 1352 2677 Α
1372 2650 1537 2685 Βσυνετῶς.

1066 2685 1123 2719 (85)
1142 2686 1290 2720 Ἐναφείς.
1305 2686 1326 2712 Β
1340 2687 1429 2720 ἀφείς.

1064 2720 1120 2754 (86)
1142 2721 1309 2755 ᾙσθάνετο.
1328 2721 1347 2746 Il
1361 2722 1567 2751 ἐπαισθάνεται.

1064 2755 1119 2789 (87)
1136 2755 1305 2789 Μεταλάϐῃ.
1324 2757 1344 2782 Λ
1362 2758 1517 2790 μεταλάϐοι.

1066 2790 1122 2826 (88)
1137 2791 1311 2817 Διάστιισιν.
1331 2793 1350 2817 Λ
1368 2793 1395 2818 in
1411 2794 1532 2829 margine
1547 2795 1695 2830 διάστημα.
