1919 3069
78 93 107 122 ει
618 87 663 116 DE
677 87 786 116 ANIMA
803 87 848 114 er
869 87 1169 116 nasuuuacrioszc.
1683 94 1719 122 sa

78 156 106 182 τὸ
120 154 185 189 πῦρ,
206 153 223 188 ἢ
240 153 272 179 τὺ
288 153 392 187 χάσμα,
409 151 472 186 ῆτὰ
491 150 572 176 λοιπὰ
596 149 651 176 τῶν
670 149 833 184 εἰρημένων,
851 148 867 183 ἢ

930 153 991 173 nem
1007 154 1114 178 eorum,
1134 148 1204 174 Inter
1217 156 1287 182 quos
1305 148 1379 175 nulla
1399 149 1519 178 societas
1544 151 1717 181 intercedere

79 201 114 236 μὴ
130 199 185 233 (89)
199 199 217 226 a
231 199 346 232 λέγεται
361 198 434 232 (90);
448 213 482 218 -
497 197 534 223 Μ.
552 195 629 230 Ἐμοὶ
642 195 725 226 δοκεῖ,
739 194 870 228 φησὶ,δό-

78 246 165 281 γματά
176 253 239 271 τινα
256 244 325 279 περὶ
336 243 389 269 τῶν
402 242 471 269 κατά
480 241 568 277 ψυχὴν
584 241 640 275 (91)
653 240 826 275 ζητουμένων
836 239 870 265 δι’

78 292 189 318 ἑκάστου
205 290 316 316 τούτων
332 288 529 323 ὑποσημαίνειν
543 288 574 313 το
589 286 763 321 Εὑαγγέλιον.
776 285 870 320 “post-

77 331 132 358 πὼν
145 331 201 366 (92)
218 331 277 367 γὰρ
298 332 368 368 πρὸς
392 331 438 357 τὸν
463 330 589 357 πλούσιον
600 331 615 357 ό
630 330 813 366 πατριάρχης,
835 330 877 357 ὅτι

83 378 212 412 Ἀπέσχες
230 377 272 413 τῷ
292 378 338 404 διὰ
353 377 456 413 σαρκὸς
474 377 524 412 βίῳ
547 377 601 403 τῶν
623 376 734 410 ἀγαθῶν
750 376 799 412 τὴν
817 377 875 411 μοῖ-

78 433 134 459 ραν,
149 424 197 450 καὶ
215 424 284 459 περὶ
307 423 354 450 τοῦ
373 423 481 458 πτωχοῦ
502 423 532 449 τὸ
552 420 611 450 ἴσον
632 421 732 454 εἰπὼν,
752 422 793 448 ὅτι
819 422 875 449 Καὶ

76 469 149 501 οὗτος
163 471 313 506 ἀπέπλησε
331 471 405 506 παρὰ
415 471 461 497 τὸν
473 470 530 505 βίον
543 469 595 504 τῆς
608 469 662 496 τῶν
674 468 766 496 κακῶν
778 477 876 504 μετου-

78 516 135 546 σίας
145 515 323 550 λειτουργίας
336 516 391 551 (95)
405 524 411 531 ’
430 513 480 542 εἷθ’
495 515 582 546 οὕτως
595 513 744 549 ἐπαγαγὼν
755 514 819 549 περὶ
827 513 875 539 τοῦ

77 562 224 598 χάσματος,
238 561 280 593 ὡς
296 562 345 588 ἀπ’
359 561 414 596 (94)
432 561 555 597 ἀλλήλων
571 559 789 595 διατειχίζονται,
806 559 877 594 μέγα

77 617 102 634 τι
118 608 171 641 (95)
185 608 230 635 διὰ
247 608 308 644 (96)
324 608 426 635 τούτων
440 608 527 634 ἔοικεν
544 607 729 634 ὑποδεικνύειν
742 606 781 641 τῷ
795 606 876 639 λόγω.

929 197 1028 226 potest,
1045 200 1099 219 non
1114 197 1194 220 terra:
1206 195 1324 228 spatium
1342 199 1370 222 ct
1388 196 1561 224 intervallum
1576 199 1719 226 existime-

927 243 989 269 tur;
1011 245 1072 264 nam
1087 238 1153 273 quid
1173 240 1274 274 negotii
1296 239 1379 268 fuerit
1393 241 1418 268 ci
1437 242 1510 276 quod
1525 243 1716 278 incorporeum

926 288 954 310 et
975 284 1034 312 sola
1056 289 1148 312 tuente
1163 285 1307 320 praeditum
1332 290 1386 320 est,
1411 288 1580 315 transvolare
1601 289 1716 321 hiatum,

928 340 943 358 c
958 332 1036 358 iamsi
1054 331 1227 358 vastissimus
1239 331 1285 362 sit,
1303 330 1404 365 quippe
1416 339 1477 357 cum
1493 331 1518 358 id
1535 333 1605 366 quod
1620 339 1718 362 natura

929 377 982 404 tale
993 381 1045 408 est,
1064 381 1093 403 nt
1104 381 1195 404 mente
1205 376 1263 403 sola
1274 380 1392 408 constet,
1408 376 1567 412 ubicunque
1582 386 1645 406 esse
1655 380 1720 407 velit.

927 423 1003 450 nullo
1017 422 1150 458 temporis
1167 422 1354 450 intercedente
1367 423 1465 458 spatio,
1483 423 1529 450 illo
1542 429 1663 458 penetret
1675 430 1717 452 at-

927 478 980 505 que
997 469 1159 497 evadat?—-
1171 468 1201 495 ϐ.
1217 468 1287 500 Quid
1301 468 1384 503 igi‘nr
1395 469 1487 500 fuerit.
1502 469 1623 504 inquam,
1636 472 1716 505 ignis.

927 517 968 543 vel
984 515 1086 547 hiatus,
1108 515 1150 542 vcl
1163 519 1262 542 caetera
1275 523 1336 549 qua:
1348 515 1420 542 dicta
1443 519 1518 548 sunt,
1543 515 1565 543 si
1582 524 1634 543 non
1653 521 1715 543 sunt

925 571 958 590 ea
986 571 1048 597 qum
1072 562 1221 589 dicantur?
1239 577 1275 581 -—
1300 561 1334 589 M.
1361 562 1424 589 Mihi
1450 563 1579 598 quidem,
1613 564 1715 598 inquit,

926 613 1018 636 certas
1034 609 1204 643 stabilesque
1219 609 1352 644 quasdam
1368 609 1520 636 sententias
1535 610 1568 636 de
1587 609 1619 637 iis
1635 610 1717 636 rrbus

78 665 136 691 qua:
158 658 233 684 circa
255 659 379 683 animam
394 659 568 691 quaeruntur,
588 663 636 689 per
659 653 878 688 unumquodque
918 651 1017 678 horum
1045 651 1221 686 Evangclmm
1257 652 1410 686 signiﬁcare
1430 651 1544 678 videtur.
1560 651 1627 680 Cum
1647 651 1719 679 enim

79 707 114 733 ita
131 706 163 732 ad
178 705 295 733 divitem
316 705 471 740 patriarcha
491 708 555 731 ante
571 703 711 732 dixisset:
736 701 874 737 Recepisti
895 700 923 728 in
939 701 1006 732 vita,
1024 707 1106 735 quam
1125 700 1151 726 in
1169 707 1253 727 carne
1272 700 1441 735 transegisti,
1480 700 1633 734 portionem
1673 700 1719 727 bo-

81 763 184 786 norum,
205 759 293 789 atque
315 754 412 781 eodem
439 754 520 781 modo
538 753 572 780 de
593 752 721 780 mendico
735 751 873 778 dixisset:
913 749 945 776 Et
963 749 1007 776 hic
1035 749 1062 776 in
1079 749 1132 775 vita
1155 749 1290 779 malorum
1310 753 1337 775 et
1353 748 1589 775 incommodorum
1610 749 1720 783 partici-

81 802 194 836 pationis
211 809 330 828 munere
341 801 451 828 functus
466 805 527 831 est;
545 803 573 827 et
595 799 636 827 sic
653 797 784 833 deinceps
798 797 963 832 subjecissct
976 796 1009 823 de
1025 795 1112 826 hiatu,
1134 802 1190 830 quo
1207 795 1287 822 alteri
1321 794 1355 821 ab
1377 794 1471 821 allcris
1487 794 1720 824 discluderentur,

82 855 200 882 magnam
211 846 363 881 quamdam
378 846 544 878 doctrinam,
571 848 730 880 certamque
744 851 777 871 ac
796 842 923 871 stabilem
948 841 1111 868 sententiam
1125 848 1173 874 per
1189 840 1246 867 haec
1279 839 1361 867 verba
1397 839 1531 866 orationis
1565 839 1721 874 signiﬁcare

82 894 195 922 videtur.

115 976 149 1002 Τὸ
171 976 200 1002 δὲ
221 975 327 1010 δόγμα,
346 975 417 1002 κατὰ
438 983 470 1009 γε
493 974 538 1000 τὸν
563 974 629 1009 ὲμὺν
651 973 740 1007 λόγον,
757 972 878 1000 τοιοῦτόν

85 1024 146 1050 ἐπι·
158 1021 306 1052 Μονοειδὲς
320 1021 377 1056 (97)
392 1019 426 1056 ἦν
446 1022 464 1056 ἡ
487 1020 541 1047 τῶν
558 1019 615 1055 (98)
633 1018 786 1056 ἀνθρώπων
803 1019 874 1054 ζωὴ,

85 1068 213 1104 μονοειδὲς
233 1067 263 1093 δὲ
296 1067 352 1101 (99)
379 1066 450 1101 λέγω
475 1066 524 1101 τὴν
547 1067 576 1092 ἐν
605 1065 679 1100 μόνῳ
712 1065 751 1100 τῷ
783 1064 877 1099 ἀγαθῷ

85 1113 219 1150 ὁρωμένην
228 1113 280 1147 (l),
291 1113 339 1139 καὶ
356 1112 423 1148 προς
435 1112 464 1138 τὸ
483 1111 568 1138 κακὸν
580 1112 768 1147 ἀνεπίμικτον.
782 1111 833 1137 Τὸν
848 1110 877 1137 δὲ

85 1160 197 1186 τοιοῦτον
213 1160 297 1194 λόγον
322 1160 336 1186 ὁ
359 1158 466 1194 πρῶτος
491 1159 539 1185 τοῦ
560 1158 629 1185 Θεοῦ
660 1158 742 1193 νόμος
776 1166 878 1193 μαρτυ-

88 1207 166 1241 ρεῖται
181 1205 230 1240 (2),
261 1206 276 1232 ὀ
293 1205 340 1231 τοῦ
362 1205 462 1235 παντὸς
483 1205 532 1239 μὲν
552 1204 614 1236 δοὺς
629 1204 684 1230 τῶν
699 1205 728 1230 ὲν
737 1204 777 1239 τῷ
789 1212 878 1239 παρα-

86 1253 160 1287 δείσῳ
177 1251 266 1278 καλῶν
294 1251 410 1285 ἄφθονον
435 1251 474 1286 τῷ
499 1250 634 1286 ἀνθρώπῳ
656 1251 706 1286 τὴν
721 1250 875 1286 μετουσίαν,

87 1295 218 1331 ἀπείργων
232 1295 261 1322 δὲ
282 1296 364 1330 μόνου
382 1295 485 1322 ἐκείνου
509 1292 531 1330 ᾧ
549 1296 703 1331 σύμμικτος
716 1293 750 1331 ἦν
771 1296 804 1322 ἐκ
823 1295 877 1322 τῶν

87 1341 206 1368 ἐναντίων
224 1342 241 1377 ἡ
258 1342 354 1375 φύσις,
372 1341 419 1368 τοῦ
437 1341 522 1368 κακοῦ
539 1342 607 1377 πρὸς
627 1342 657 1368 τὺ
680 1342 762 1369 καλὸν
779 1350 878 1376 συγκε-

87 1387 227 1422 κραμένου,
253 1386 372 1414 θάνατον
397 1387 501 1419 ἐπιθεὶς
524 1387 564 1422 τῷ
585 1388 810 1424 παρανομήσαντι
828 1388 878 1423 τὴν

88 1433 191 1468 ζημίαν.
217 1434 290 1460 Ἀλλ’
308 1433 439 1465 ἑκουσίως
456 1433 470 1459 ὁ
492 1434 635 1468 ἄνθρωπος
652 1434 680 1460 ὲν
697 1433 736 1468 τῷ
752 1433 880 1466 αὐτεξου-

89 1479 133 1514 σίῳ
155 1479 289 1514 κινήματι
313 1479 470 1506 καταλιπὼν
494 1479 543 1514 τὴν
567 1480 654 1515 ἀμιγῆ
682 1479 730 1505 τοῦ
753 1479 877 1516 χείρονος

90 1526 196 1560 μοῖραν,
210 1526 259 1561 τὴν
289 1526 321 1552 ὲκ
345 1525 399 1552 τῶν
422 1526 551 1552 ἐναντίων
573 1526 724 1562 σύγκρατον
741 1526 814 1562 ζωὴν
830 1527 880 1553 ὲπ-

89 1570 230 1597 εσπάσατο.
259 1570 301 1597 οὐ
332 1571 384 1606 μὴν
403 1570 508 1605 ἀφῆκεν
530 1570 547 1606 ἡ
574 1569 634 1596 Θεία
651 1570 805 1606 προμήθεια
829 1569 878 1606 τὴν

964 967 1026 994 llaec
1058 972 1148 994 autem
1176 967 1326 1000 sententia,
1351 975 1410 995 mea
1437 968 1548 1003 quidem
1577 968 1719 1003 opinione,

931 1013 995 1040 talis
1014 1017 1057 1040 est
1073 1022 1079 1040 :
1095 1013 1137 1039 Ab
1160 1012 1239 1039 initio
1258 1013 1315 1039 vita
1338 1013 1457 1040 humana
1479 1014 1593 1048 simplex
1617 1018 1643 1041 et
1660 1015 1720 1042 nni~

929 1058 1024 1086 formis
1047 1064 1117 1086 erat.
1143 1058 1302 1094 Simpliccm
1325 1065 1415 1086 autem
1438 1064 1465 1087 et
1486 1060 1642 1088 uniusmodi
1659 1060 1721 1088 dico

928 1113 988 1133 eam
1011 1112 1071 1140 quae
1084 1105 1113 1132 in
1139 1105 1198 1132 solo
1215 1105 1288 1131 bono
1313 1105 1552 1139 animadvertitur,
1570 1110 1597 1133 et
1618 1107 1720 1135 nullius

928 1151 993 1178 mali
1009 1151 1203 1178 communione
1222 1151 1352 1184 permista
1368 1155 1421 1178 est.
1444 1151 1536 1179 Talem
1554 1156 1646 1180 autem
1662 1154 1720 1189 opi-

929 1198 1039 1225 nionem
1062 1198 1149 1232 prima
1170 1198 1212 1224 lex
1226 1197 1320 1225 divina
1345 1197 1504 1225 testimonio
1532 1206 1583 1226 suo
1597 1206 1721 1234 compro-

928 1244 985 1276 bat,
999 1252 1059 1278 qua:
1072 1252 1134 1271 cum
1149 1244 1277 1271 omnibus
1289 1244 1401 1279 quidem
1417 1244 1508 1276 bonis,
1525 1252 1586 1280 quae
1599 1249 1678 1273 erant
1692 1246 1721 1273 in

927 1291 1068 1326 paradiso,
1086 1291 1222 1317 hominem
1244 1290 1351 1318 abunde
1371 1290 1423 1317 frui
1440 1295 1467 1318 et
1482 1291 1520 1318 uti
1537 1292 1721 1326 permisisset,

928 1337 964 1364 ab
979 1337 1026 1364 illo
1050 1337 1110 1364 solo
1135 1336 1310 1372 prohibebat,
1334 1336 1427 1371 cujus,
1452 1344 1515 1363 cum
1534 1338 1636 1364 malum
1657 1345 1721 1365 cum

929 1383 1002 1410 bono
1018 1386 1254 1417 contemperath
1271 1387 1355 1413 esset,
1368 1382 1514 1410 conunista
1527 1390 1560 1410 ex
1576 1383 1723 1411 contrariis

929 1432 988 1456 erat
1002 1434 1110 1461 natura,
1126 1432 1298 1463 mortemque
1310 1429 1345 1461 ei,
1368 1429 1415 1464 qni
1432 1434 1527 1457 contra
1549 1429 1621 1458 hanc
1635 1430 1723 1466 legem

929 1474 1051 1504 iecisset.
1073 1482 1181 1509 pmnam
1204 1475 1342 1510 apposuit.
1370 1475 1425 1503 Sed
1450 1475 1532 1503 homo
1556 1481 1656 1512 sponte
1671 1485 1723 1505 sua

929 1520 1094 1556 propriaque
1109 1520 1250 1548 voluntate
1269 1524 1296 1547 et
1312 1521 1428 1549 arbitrio
1443 1522 1539 1550 relicta
1557 1526 1645 1556 sorte,
1661 1531 1723 1559 qua:

930 1573 945 1592 a
962 1565 1034 1592 malo
1051 1566 1156 1601 integra
1181 1570 1250 1599 erat,
1272 1574 1332 1593 eam
1349 1575 1409 1601 quae
1433 1574 1465 1594 ex
1483 1568 1634 1595 contrariis
1657 1575 1723 1596 eon-

89 1616 206 1643 ἀὸουλίαν
220 1617 302 1652 ὴμῶν
327 1616 497 1652 ἀδιόρθωτον.
520 1616 589 1642 Ἀλλ’
601 1616 694 1652 ἐπειδὴ
711 1617 767 1647 τοῖς
787 1625 875 1652 παρα-

931 1615 1083 1646 temperata
1101 1615 1170 1643 erat,
1187 1613 1271 1638 vitam
1284 1612 1382 1639 ascivit
1396 1616 1423 1639 et
1439 1613 1584 1647 amplexus
1597 1618 1650 1641 est.
1667 1613 1722 1642 Sed

89 1661 210 1696 ϐεϐηκόσι
235 1662 286 1688 τὸν
312 1661 393 1696 νόμον
421 1663 435 1688 ὁ
463 1661 567 1697 κριθεὶς
593 1661 635 1688 ἐπ’
661 1661 736 1695 αὑτῷ
763 1661 878 1693 θάνατος

91 1707 236 1741 ἀναγκαίως
251 1706 472 1743 ἐπηκολούθησε,
496 1707 556 1743 διχῆ
575 1707 690 1743 μερίσας
703 1707 753 1743 τὴν
773 1707 878 1743 ἀνθρω-

91 1752 162 1786 πίνην
177 1753 260 1788 ζωὴν,
287 1752 328 1784 εἷς
345 1745 375 1779 τε
395 1753 445 1788 τὴν
458 1753 502 1780 διὰ
524 1753 624 1788 σαρκὸς
644 1753 756 1789 ταύτην,
772 1753 820 1780 καὶ
838 1753 878 1785 είς

90 1798 136 1834 τὴν
148 1798 197 1832 ἔξω
212 1799 260 1826 τοῦ
280 1798 405 1834 σώματος
423 1799 492 1834 μετὰ
506 1799 618 1834 ταύτην,
634 1799 664 1825 οὺ
683 1801 754 1826 κατὰ
769 1799 798 1825 τὸ
817 1797 877 1825 ἴσον

91 1844 179 1879 μέτρον
195 1845 240 1872 τοῦ
266 1845 463 1880 διαστήματος,
489 1845 555 1871 ἀλλὰ
568 1845 617 1881 τὴν
641 1845 690 1881 μὲν
715 1844 878 1881 βραχυτάτῳ

91 1890 138 1916 τινὶ
149 1890 185 1926 τῷ
199 1890 320 1926 χρονικῷ
337 1890 510 1926 περιγράψας
527 1891 597 1926 ὅρῳ·
617 1891 667 1926 τὴν
691 1890 719 1917 δὲ
743 1891 877 1927 παρατεί-

90 1944 132 1967 νας
149 1937 185 1971 (5)
205 1938 246 1969 εὶς
261 1937 296 1963 τὸ
317 1932 412 1968 ἀΐδιόν,
429 1937 553 1969 ἐξουσίαν
578 1936 676 1963 ἔδωκεν
703 1937 756 1963 ὑπὸ
782 1937 876 1972 φιλαν-

91 1981 213 2017 Θρωπίας,
228 1984 258 2010 ὲν
285 1980 308 2017 ᾧ
321 1991 363 2014 τις
384 1983 519 2018 βούλεται,
535 1982 638 2009 τούτων
653 1983 782 2019 ἑκάτερον
805 1982 877 2018 ἔχειν

92 2029 164 2063 (τότε
174 2029 277 2063 ἀγαθὸν
290 2029 360 2063 λέγω
374 2030 421 2056 καὶ
434 2029 466 2056 τὸ
479 2029 586 2065 κακον),
602 2028 700 2064 ἥκατά
709 2029 755 2055 τὶν
772 2028 874 2064 βραχὺν

91 2073 174 2100 τοῦτον
187 2075 234 2101 καὶ
250 2074 396 2109 ὠκύμορον
410 2073 478 2109 βίον,
490 2074 506 2108 ἢ
524 2073 594 2100 κατά
606 2074 668 2105 τοὺς
680 2073 875 2108 ἀτελευτήτους

91 2120 201 2152 ἐκείνους
221 2120 334 2153 αἰῶνας,
352 2118 388 2147 ὧν
411 2120 499 2156 πέρας
513 2121 530 2156 ἡ
551 2120 662 2155 ἀπειρία
677 2119 760 2146 ἐστίν.
786 2119 875 2154 Ὁμω-

90 2164 173 2199 νὺμως
190 2165 218 2192 δὲ
239 2165 388 2200 λεγομένου
407 2165 455 2192 τοῦ
471 2174 501 2192 τε
514 2165 618 2199 ἀγαθοῦ
634 2165 683 2192 καὶ
706 2165 753 2191 τοῦ
777 2165 874 2197 κακοῦ,

91 2209 132 2235 καὶ
145 2210 272 2245 ἑκατέρου
288 2210 389 2237 τούτων
403 2210 442 2245 (ὦ)
461 2210 527 2245 πρὸς
550 2211 647 2246 διπλῆν
669 2210 773 2237 ἔννοιαν
796 2219 875 2246 μερι-

91 2253 194 2289 ζομένου
212 2255 293 2291 (πρὸς
315 2255 377 2282 νοῦν
390 2265 420 2282 τε
442 2256 514 2290 λέγω
533 2256 580 2282 καὶ
594 2256 743 2291 αἴσθησιν),
760 2257 807 2283 καὶ
821 2256 875 2282 τῶν

929 1664 985 1684 non
1011 1657 1116 1693 absque
1137 1658 1308 1685 correctione
1338 1662 1365 1685 et
1391 1658 1584 1687 emendatione
1605 1663 1724 1687 temera-

928 1705 1000 1732 rium
1021 1709 1049 1732 et
1076 1705 1205 1733 stolidum
1224 1705 1291 1732 illud
1314 1705 1461 1733 consilium
1487 1710 1612 1734 nostrum
1629 1707 1722 1735 divina

928 1752 1102 1788 providentia
1126 1752 1247 1787 reliquit.
1278 1751 1332 1780 Sed
1353 1753 1483 1788 quoniam
1502 1757 1722 1789 transgressores

928 1798 996 1834 legis
1010 1805 1092 1833 paena
1112 1799 1220 1829 mortis,
1244 1806 1305 1834 quae
1321 1798 1373 1834 legi
1388 1798 1494 1834 judicio
1511 1799 1607 1828 latoris
1623 1803 1650 1828 et
1671 1808 1721 1828 au—

928 1844 1014 1872 ctoris
1028 1845 1087 1880 ejus
1104 1845 1228 1880 apposita
1241 1848 1312 1878 erat,
1328 1845 1487 1873 necessario
1504 1849 1653 1873 consecuta
1668 1850 1720 1879 est,

929 1895 1109 1926 posteaquam
1130 1891 1213 1918 vitam
1234 1891 1383 1918 humanam
1401 1890 1528 1918 bifariam
1541 1891 1660 1926 partitus
1676 1898 1722 1920 es-

930 1940 985 1968 set,
1004 1942 1030 1964 et
1046 1937 1073 1963 in
1091 1936 1164 1964 hanc
1187 1944 1248 1972 qnze
1263 1944 1312 1972 per
1328 1944 1439 1964 carnem
1456 1937 1627 1972 transigitur,
1651 1942 1680 1966 et
1694 1938 1722 1965 in

927 1981 1003 2008 illam
1028 1990 1090 2017 quae
1112 1987 1175 2017 post
1201 1982 1272 2010 hanc
1300 1986 1378 2010 extra
1399 1990 1502 2018 corpus
1517 1984 1636 2019 degitur,
1665 1991 1721 2011 non

927 2027 986 2062 pari
1001 2028 1138 2055 intervalli
1156 2027 1238 2055 modo
1254 2032 1337 2063 atque
1350 2036 1489 2061 mensura,
1504 2029 1550 2056 scd
1569 2029 1642 2056 illam
1657 2029 1721 2064 qui—

928 2071 989 2099 dem
1006 2072 1169 2099 brevissimo
1186 2073 1305 2108 quatiam
1323 2074 1441 2101 termino
1460 2074 1593 2109 temporis
1619 2079 1646 2102 et
1662 2082 1723 2110 spa-

929 2117 966 2144 tio
979 2118 1216 2154 circumscripsit;
1232 2119 1304 2147 hanc
1315 2127 1380 2147 vero
1393 2120 1425 2146 ad
1440 2121 1621 2148 aeternitatem
1634 2129 1722 2157 usque

928 2164 1051 2192 extendit
1069 2169 1153 2199 atque
1167 2164 1305 2199 produxit,
1320 2172 1352 2192 ac
1367 2165 1485 2200 benigno
1502 2170 1583 2201 atque
1599 2166 1721 2194 humano

928 2210 1045 2238 consilio
1073 2218 1150 2243 usus,
1168 2215 1330 2246 potestatem
1353 2211 1438 2243 dedit,
1467 2215 1496 2238 ut
1521 2213 1548 2238 in
1575 2217 1637 2239 utra
1658 2213 1720 2248 quis

927 2256 984 2283 vita
1005 2257 1082 2287 velit,
1113 2257 1210 2284 horum
1239 2258 1403 2284 alterutrum
1427 2257 1525 2284 habeat
1540 2257 1653 2291 (bonum
1677 2259 1720 2285 in-

92 2300 135 2335 μὲν
148 2301 224 2328 τοῦτο
238 2304 269 2328 ἐν
283 2301 385 2336 ἀγαθοῦ
412 2303 493 2337 μοίρᾳ
510 2303 656 2338 κρινόντων
677 2303 745 2338 ὅπερ
769 2303 802 2329 ἂν
823 2302 873 2338 ἡδὺ

930 2310 1007 2337 quam
1026 2307 1052 2329 et
1069 2302 1194 2337 malum),
1210 2303 1250 2330 vel
1268 2310 1316 2337 per
1328 2303 1434 2330 brevem
1448 2303 1517 2330 hanc
1530 2302 1684 2338 lluxamque
1695 2307 1722 2330 et

90 2347 119 2381 τῇ
132 2347 251 2382 αἰσθήσει
341 2356 349 2364 ·
365 2348 420 2374 τῶν
431 2348 459 2374 δὲ
476 2348 555 2384 μόνον
567 2348 596 2374 τὸ
615 2348 684 2375 κατὰ
700 2348 819 2376 διάνοιαν
834 2349 872 2383 (5)

91 2390 267 2428 θεωρούμενον
289 2394 510 2420 πεπιστευκότων
534 2393 636 2428 ἀγαθὸν
660 2392 728 2420 εἶναι
747 2395 793 2421 καὶ
814 2395 872 2421 ὀνο-

94 2438 224 2471 μάζεσθαι.
240 2436 288 2471 Ui};
305 2440 354 2475 μὲν
366 2439 540 2474 ἀγύμναστος
555 2441 629 2467 ἐστιν
640 2440 654 2466 ὁ
673 2439 811 2477 λογισμὸς,
828 2440 873 2467 καὶ

123 2536 174 2571 (89)
189 2538 287 2572 "Hm.
304 2538 325 2564 Α
336 2538 360 2564 εἰ
373 2539 421 2572 μή.

133 2572 173 2607 90)
189 2573 321 2607 Λέγεται.
334 2573 355 2599 Α
371 2573 446 2600 addit
460 2574 544 2601 ἐστίν.

133 2575 163 2599 90
189 2575 321 2607 Λέγεται.
334 2575 355 2599 Δ
371 2575 446 2600 addit
460 2575 544 2601 ἐστίν.

193 2609 273 2637 Κατὰ
287 2608 403 2644 ⁴Ψυχὴν.
419 2608 439 2634 Β
454 2609 526 2635 κατὰ
540 2608 588 2644 τὴν
602 2609 632 2643 ψ.

184 2643 347 2677 Προειπών.
363 2644 385 2669 Α
404 2642 571 2678 προσειπώνξ

125 2677 174 2716 (θᾷ)
191 2678 392 2716 ᾼειτρυργίᾳς)
481 2679 531 2713 τὴν
544 2678 728 2716 λειτουργίαν.

134 2712 174 2745 94)
193 2715 241 2745 Ὧς
253 2711 325 2741 ἀπςῖ⁷
337 2715 358 2739 Α
373 2711 395 2746 ᾧ
406 2715 463 2740 ἀπ’.

134 2747 174 2779 95)
190 2749 270 2783 Μέγα
285 2758 322 2775 τι.
339 2749 434 2784 Δόγμα
451 2750 568 2784 ιιιΙιΙίιξῦ.

125 2783 175 2818 (96)
191 2784 250 2810 Διά.
267 2785 286 2810 Λ
305 2783 351 2809 διὰ
364 2784 460 2818 δόγμα.

125 2816 175 2855 (97)
189 2818 365 2851 Μονεειδὲς.
381 2816 404 2845 Α
415 2816 551 2855 μονοειδῆ.

927 2348 1059 2376 caducam
1085 2349 1179 2380 vitam,
1205 2349 1245 2376 vel
1275 2357 1323 2384 per
1343 2349 1389 2376 illa
1414 2349 1580 2384 sempiterna
1608 2350 1719 2382 sa'cula,

928 2402 1044 2430 quorum
1065 2394 1199 2422 terminus
1225 2398 1266 2422 cst
1283 2395 1418 2422 intinitus.
1437 2395 1506 2422 Cum
1524 2400 1614 2422 autem
1634 2396 1719 2430 aequi—

927 2448 994 2468 voce
1022 2440 1131 2469 dicatur
1151 2445 1178 2467 et
1196 2441 1295 2468 bonum
1324 2445 1351 2469 et
1379 2441 1494 2474 malum,
1522 2445 1604 2476 atque
1621 2441 1719 2468 horum

963 2539 1018 2574 (98)
1040 2540 1074 2567 ἸΙ
1082 2539 1150 2566 τῶν.
1165 2539 1184 2565 Β
1199 2540 1228 2566 τὸ
1240 2540 1299 2567 κατ’
1314 2540 1400 2575 ἀρχὰς
1413 2541 1428 2575 ἡ
1443 2541 1507 2567 τῶν.

963 2575 1018 2610 (99)
1034 2575 1194 2607 Μονοειδὲς
1207 2575 1253 2602 δέ.
1273 2575 1295 2601 Λ
1311 2575 1331 2600 Β
1346 2575 1469 2610 μονοειδῆ
1488 2575 1528 2602 δέ.

962 2610 1000 2644 (l)
1024 2610 1200 2646 Ὂρωμένῃν.
1224 2609 1244 2636 Λ
1266 2609 1502 2646 Ιξθεώρουμένήν.

962 2645 999 2681 ('2)
1013 2645 1217 2679 Μίιρτυρεῖται.
1241 2647 1261 2671 A
1278 2644 1299 2671 Β
1314 2644 1493 2681 μαρτύρεται.

962 2677 1000 2715 (5)
1022 2677 1214 2714 Πάραὲείνας.
1250 2682 1272 2706 Α
1303 2677 1330 2708 in
1355 2677 1433 2708 textu
1457 2677 1658 2715 παραγράψας.
1689 2679 1716 2705 iﬂ

926 2716 1048 2747 margine
1063 2715 1242 2750 παρατείνας.

963 2751 1000 2784 (i)
1022 2751 1145 2777 Τούτων.
1164 2750 1183 2775 Β
1200 2759 1306 2777 τουτου.

963 2782 1001 2821 (ὅ)
1021 2785 1167 2813 Διάνοιιιν.
1184 2785 1206 2812 Α
1222 2786 1307 2819 addit,
1321 2786 1389 2822 ὅπερ
1445 2782 1478 2820 ἦν
1490 2782 1686 2820 θεωρούμενον.
