1919 3069
186 90 222 119 83
788 89 817 116 S.
837 87 1001 116 GREGOBII
1020 87 1167 116 NYSSENI
1787 87 1822 114 8|

188 151 334 181 utrumque
348 145 377 173 in
401 145 538 180 duplicem
559 144 728 172 intellectum
749 144 889 172 dividalur
905 144 972 178 (tum

1033 145 1071 172 τοῦ
1087 144 1218 180 βελτίονος
1229 143 1438 172 ἁνεπίσκεπτας.
1451 137 1525 168 οὗτοι
1537 141 1588 168 ὑπὸ
1598 143 1768 178 λαιμαργεαν
1781 146 1820 177 ili)

187 195 215 219 in
237 195 366 223 mentem,
392 190 517 225 inquam,
542 193 599 216 tum
625 190 652 216 in
675 189 810 224 sensum).
825 193 908 225 atque
931 189 976 216 alii

187 237 309 273 quidem,
334 236 407 272 quod
434 236 528 263 sensui
556 243 641 264 suave
668 240 695 263 et
718 235 869 270 jucundum
888 235 976 262 visum

189 283 283 314 fuerit,
299 282 324 310 id
350 282 412 310 loco
431 282 495 309 boni
522 281 662 309 habeant:
680 281 726 308 alii
740 288 813 313 vero,
838 281 864 308 id
887 280 976 309 solum

188 329 290 356 bonum
310 332 339 356 et
355 336 416 356 esse
439 333 466 356 et
481 328 617 355 nominari
637 327 760 360 credam,
776 328 849 362 quod
870 327 976 362 cogita-

189 374 264 402 tione
282 381 314 401 ac
330 373 431 401 mentis
451 373 600 409 agitatione
625 372 852 400 animadvertitur
869 377 896 399 et
909 379 978 399 con-

190 419 339 452 sideratur,
363 419 465 455 quibus
485 419 597 454 quidem
628 419 806 447 inexercitata
831 418 902 445 ratio
922 421 975 450 est,

191 470 220 492 ut
234 465 299 500 quid
314 465 413 493 melius
427 465 464 494 sit
478 465 654 493 considerare
668 472 722 492 non
738 464 856 499 possint.
875 463 914 494 hi,
930 471 977 498 per

190 511 338 546 ingluviem
355 515 382 538 et
398 511 650 546 intemperantiam,
670 511 697 537 in
714 509 817 537 carnali
839 509 894 536 vita
915 515 976 536 eum

1028 192 1057 218 ὲν
1071 191 1109 225 τῷ
1121 191 1241 226 σαρκίνῳ
1258 189 1308 225 βίῳ
1323 189 1373 224 τὴν
1388 189 1612 225 χρεωστουμὲνην
1623 191 1656 224 τῇ
1675 190 1756 224 φύσει
1771 190 1822 216 ’τοῦ

1027 235 1129 269 ἀγαθοῦ
1160 237 1256 271 μοῖραν
1288 235 1547 271 προαναλίσκουσιν,
1572 235 1647 262 οὐδὲν
1675 235 1715 270 τῷ
1749 235 1822 270 μετὰ

1026 282 1112 309 ταῦτα
1126 282 1175 318 βίῳ
1196 282 1403 317 ταμιευόμενοι·
1421 283 1446 308 οι
1471 281 1499 308 δὲ
1515 281 1636 317 λογισμῷ
1655 281 1822 316 διακριτικῷ

1026 336 1056 354 τε
1070 327 1118 354 καὶ
1141 327 1259 362 σώφρονι
1272 327 1321 361 τὴν
1338 327 1442 354 ἑαυτῶν
1465 325 1670 361 οίκονομοῦντες
1687 325 1772 361 ζωὴν,
1791 325 1823 352 ἐν

1029 372 1068 408 τῷ
1079 372 1175 408 βραχεῖ
1190 372 1275 408 τούτῳ
1291 372 1350 407 βίῳ,
1365 371 1408 398 διὰ
1427 372 1480 399 τῶν
1495 372 1545 406 τὴν
1561 371 1686 406 αἴσθησιν
1702 370 1822 397 λυπούν-

1030 427 1083 445 των
1094 418 1257 450 ἀνιαθέντες,
1269 417 1309 453 τῷ
1319 418 1417 453 ἑφεξῆς
1431 418 1507 445 αίῶνι
1518 417 1549 444 τὸ
1564 417 1663 451 ἀγαθὸν
1678 416 1823 452 ταμιεύον-

1029 470 1085 494 ται,
1108 462 1178 489 ὥστε
1202 463 1294 495 αὐτοῖς
1316 464 1349 498 τῇ
1371 462 1448 498 ἀϊδίῳ
1467 461 1524 497 ζωῇ
1540 462 1591 498 τὴν
1607 462 1726 497 κρείττω
1742 461 1822 496 λῆξιν

1030 516 1061 535 συ
1065 517 1190 544 μπαρατε
1195 508 1306 536 ίνεσθαι.

191 563 252 591 quae
297 561 402 584 natura).
427 556 546 584 debelur
573 555 639 583 boni
667 558 769 582 sortem
799 558 863 581 ante
888 557 997 587 tempus
1033 557 1200 581 consumunt
1220 559 1302 588 atque
1329 551 1508 588 profundunt,
1536 552 1603 580 nihil
1629 551 1657 579 in
1677 559 1739 579 eam
1759 559 1822 587 qua

192 601 307 636 posthac
341 601 433 629 futura
457 606 500 630 est
542 601 624 628 vitam
665 605 839 628 reservantes
877 603 903 626 et
925 603 1147 634 comparcenles;
1176 599 1222 625 alii
1251 606 1316 626 vero
1344 599 1449 626 ratione
1480 606 1546 626 sana
1575 605 1607 625 ac
1627 598 1822 633 dijudicatrice

191 655 270 675 smm
285 647 366 675 vitam
386 647 581 683 gubernantes,
603 647 630 675 in
650 648 700 675 hac
716 647 789 674 brevi
814 646 869 674 vita
902 652 950 680 per
961 653 993 673 ea
1012 653 1073 680 qua:
1094 652 1204 672 sensum
1231 645 1333 672 laedunt
1367 645 1522 673 contristati
1547 650 1629 681 atque
1652 646 1755 676 vexati,
1791 644 1820 672 in

192 694 315 721 futurum
340 694 471 722 saeculum
496 694 597 722 bonum
621 697 802 729 comparcunt
831 697 914 728 atque
939 693 1101 725 recondunt,
1124 697 1152 720 ut
1166 691 1218 719 sibi
1251 699 1306 718 una
1331 699 1393 719 cum
1426 692 1592 727 sempiterna
1627 692 1682 719 vita
1722 691 1821 718 melior

192 748 252 768 sors
266 740 428 768 extendatur
443 744 524 774 atque
540 743 712 774 prorogetur.

227 820 275 848 llic
295 820 389 855 igitur,
415 825 444 848 ut
468 827 529 848 mea
556 820 665 855 quidem
691 818 784 853 opinio
799 817 860 850 fert,
889 817 980 844 hialus

192 866 237 893 illc
249 869 302 898 est,
316 865 362 900 qui
375 873 430 892 non
445 869 518 893 terra
539 865 696 892 discedente
711 868 793 899 atque
814 863 923 890 diducta
938 862 978 894 ﬁt,

192 912 240 939 sed
256 919 338 946 quem
354 910 489 945 judicium
515 917 563 945 per
585 910 656 937 hanc
683 911 767 936 vitam
795 909 822 936 in
843 909 979 936 contraria

193 956 284 984 studia
310 959 394 991 atque
418 956 545 984 instituta
572 955 691 983 divisum
726 959 809 990 atque
838 955 979 982 diductum

192 1002 268 1029 facit.
283 1001 351 1029 Nam
365 1002 412 1037 qui
427 1002 510 1030 semel
524 1001 656 1037 quidquid
673 1001 700 1028 in
716 1001 767 1028 hac
781 1000 835 1028 vita
851 1007 935 1027 suave
948 1007 980 1027 ac

191 1047 343 1082 jucundum
360 1052 402 1075 est
414 1048 538 1083 elegerit,
557 1055 606 1074 nec
623 1046 786 1081 pwnitentia
798 1045 899 1073 ductus
921 1049 980 1072 sto-

193 1092 278 1120 lidum
307 1100 340 1120 ac
365 1092 541 1120 temerarium
575 1099 655 1119 suum
690 1091 836 1118 consilium
869 1090 980 1125 corrigit

193 1143 276 1174 atque
294 1138 432 1170 emendat,
455 1137 626 1165 inaccessum
647 1141 673 1164 et
692 1137 794 1164 invium
820 1136 871 1163 sibi
890 1136 979 1164 locum

194 1184 328 1211 bonorum
349 1183 464 1218 posthac
488 1182 580 1214 edicit,
606 1189 667 1209 cum
690 1182 762 1209 hanc
783 1180 978 1212 inevitabilem.

193 1235 254 1263 quae
274 1228 387 1256 transiri
411 1235 465 1256 non
493 1228 590 1263 possit.
618 1227 821 1259 necessitatem,
849 1230 979 1262 tanquam

194 1273 355 1300 barathrum
369 1272 506 1308 quoddam
528 1278 635 1300 vastum
649 1276 675 1300 ct
690 1271 806 1304 invium,
824 1279 878 1306 qua
892 1275 981 1298 trans~

194 1319 228 1346 iri
253 1326 308 1346 non
333 1318 431 1354 possit,
460 1318 594 1347 adversus
618 1325 678 1345 sese
702 1316 863 1352 perfoderit.
879 1316 981 1349 Quam-

192 1364 287 1392 obrem
311 1364 411 1392 bonum
432 1371 541 1399 quoque
567 1363 665 1391 animae
681 1367 794 1395 statum,
821 1363 848 1389 in
862 1369 916 1397 quo
929 1368 979 1396 pa-

194 1410 296 1438 tientiae
320 1410 449 1438 athletam
478 1417 569 1442 sermo
592 1409 763 1446 requiescere
788 1408 864 1441 facit,
888 1408 978 1436 sinum

1065 817 1149 847 τοῦτο
1173 815 1218 845 οὖν
1243 819 1325 849 ἐστιν,
1343 817 1381 850 ὥς
1399 827 1430 852 γε
1449 818 1464 845 ὸ
1480 817 1545 853 ἐμὸς
1560 817 1648 852 λόγος,
1665 817 1696 844 τὸ
1710 817 1819 853 χάσμα,

1029 866 1044 892 ὃ
1059 865 1119 900 οὐχ).
1135 865 1185 899 γῆς
1200 863 1364 899 διασχούσης
1380 864 1494 897 γίνεται,
1510 864 1568 891 ἀλλ’
1583 864 1599 898 ἡ
1617 864 1655 899 (7)
1671 864 1748 899 παρὰ
1772 864 1819 891 τὸν

1031 910 1086 945 βίον
1104 909 1192 945 κρίσις
1215 908 1283 944 πρὸς
1307 908 1357 940 τὰς
1380 909 1502 940 ἐναντίας
1528 908 1699 944 προαιρέσεις
1714 908 1818 944 διασχι-

1030 954 1124 981 σθεῖσα
1146 953 1227 980 ποιεῖ.
1258 953 1286 979 ’0
1313 953 1367 988 γὰρ
1387 953 1461 985 ἅπαξ
1483 953 1514 980 τὸ
1537 953 1586 989 ἡδὺ
1605 954 1675 981 κατὰ
1696 955 1742 981 τὸν
1760 954 1818 989 βίον

1029 999 1122 1026 τοῦτον
1136 998 1279 1033 ἑλκόμενος
1295 998 1345 1034 (8),
1366 999 1412 1026 καὶ
1427 999 1463 1034 μὴ
1480 999 1650 1035 θεραπεύσας
1664 1001 1703 1036 (9)
1719 1003 1751 1029 ἐκ
1767 1011 1818 1038 με-

1030 1043 1174 1077 ταμελείας
1197 1044 1246 1079 τὴν
1261 1043 1400 1076 ἀδουλίαν,
1424 1043 1523 1074 ἇδατον
1541 1045 1630 1080 ἑαυτῷ
1647 1046 1716 1081 μετὰ
1731 1047 1818 1075 ταῦτα

1029 1088 1078 1123 τὴν
1090 1087 1144 1114 τῶν
1161 1088 1269 1122 ἀγαθῶν
1283 1088 1374 1124 χώραν
1394 1088 1450 1124 (10)
1469 1090 1626 1125 ἐργάζεται,
1641 1093 1691 1128 τὴν
1705 1093 1819 1120 ἀδιάϐα-

1029 1144 1074 1162 τον
1092 1135 1193 1170 ταύτην
1209 1135 1341 1170 ἀνάγκην,
1364 1136 1488 1172 καθάπερ
1514 1145 1540 1163 τι
1566 1137 1700 1174 βάραθρον
1718 1139 1818 1174 ἀχανές

1029 1189 1059 1207 τε
1078 1181 1124 1207 καὶ
1144 1181 1325 1217 ἁπαρόδευτον
1349 1182 1408 1208 καθ’
1429 1182 1526 1210 ἑαυτοῦ
1548 1183 1682 1219 διορύξας.
1703 1185 1749 1211 Διό
1772 1194 1818 1220 μοι

1029 1227 1102 1254 δοκεῖ
1126 1227 1172 1254 καὶ
1192 1228 1241 1262 τὴν
1256 1227 1362 1263 ἀγαθὴν
1378 1229 1426 1264 τῆς
1440 1228 1529 1264 ψυχῆς
1550 1230 1725 1262 κατάστασιν,
1746 1231 1775 1258 ἐν

1029 1273 1074 1300 τὸν
1090 1273 1139 1307 τῆς
1157 1273 1293 1308 ὑπομονῆς
1308 1273 1426 1309 ἀθλητὴν
1437 1274 1571 1301 ἀναπαύει
1586 1276 1600 1302 ό
1614 1275 1702 1310 λόγος,
1718 1276 1818 1303 κόλπον

1029 1319 1075 1346 τοῦ
1103 1318 1228 1355 ’Δὸραὰμ
1246 1319 1387 1354 ὀνομάσαι.
1414 1319 1525 1354 Πρῶτος
1549 1320 1603 1356 γὰρ
1625 1318 1702 1353 οὗτος
1725 1323 1740 1348 ὀ
1763 1331 1818 1348 πα-

1029 1363 1160 1399 τριάρχης
1195 1363 1249 1390 τῶν
1276 1364 1385 1390 πώποτε
1419 1365 1568 1398 γεγονότων
1598 1366 1738 1402 ἱστόρηται
1767 1366 1818 1401 τὴν

1030 1409 1126 1436 ἐλπίδα
1146 1409 1200 1435 τῶν
1222 1408 1372 1444 μελλόντων
1385 1410 1435 1445 τῆς
1447 1410 1624 1442 ἀπολαύσεως
1642 1411 1696 1438 τῶν
1715 1412 1818 1448 παρόν.

193 1455 310 1484 Αὶπτιὴιο
329 1456 488 1484 nominasse
502 1456 569 1483 mihi
584 1456 699 1483 videtur.
716 1454 825 1482 Primus
842 1455 914 1482 enim
935 1454 978 1481 hic

1033 1463 1084 1482 των
1108 1455 1349 1490 ἀνταλλαξάμενος,
1369 1455 1398 1487 ὃς
1413 1464 1444 1489 γε
1470 1457 1578 1483 πάντων
1597 1458 1760 1492 γυμνωθεὶς,
1789 1459 1818 1486 ὲν

193 1501 349 1535 patriarcha
369 1509 402 1529 ex
424 1501 458 1528 iis
473 1501 520 1536 qui
534 1501 598 1528 olim
621 1500 743 1533 fuerunt,
762 1507 825 1527 cum
843 1507 891 1534 spe
908 1498 979 1526 fulu-

193 1553 297 1579 rorum,
312 1546 488 1581 praesentium
506 1546 713 1574 commodorum
733 1552 814 1573 usum
835 1550 917 1579 atque
930 1552 978 1572 νο-

193 1592 324 1627 luptatem
339 1597 525 1621 commutasse
538 1596 716 1623 memoratur,
730 1591 777 1627 qui
790 1591 900 1625 quidem
917 1597 978 1617 om-

193 1637 275 1667 nibus
290 1638 420 1671 nudatus,
436 1638 463 1665 in
474 1637 576 1673 quibus
591 1638 617 1666 ei
631 1637 686 1664 vita
701 1637 735 1664 ab
749 1636 828 1665 initio
843 1636 979 1664 consiste-

193 1682 251 1715 bat,
280 1682 351 1710 inter
377 1683 481 1710 alienos
505 1682 733 1714 conversabatur,
761 1686 789 1710 et
809 1680 979 1711 domicilium

193 1728 322 1760 habebat,
341 1735 390 1763 per
412 1727 575 1755 adlictiones
596 1731 623 1756 et
647 1726 818 1755 incommoda
835 1726 979 1761 praesentis

193 1771 266 1805 vitae,
278 1779 338 1799 eam
353 1779 415 1807 qua
429 1775 555 1806 speratur
575 1772 771 1800 beatitudinem
794 1778 929 1807 quaerens.
945 1770 980 1798 Ut

194 1817 279 1851 igitur
294 1821 397 1847 certam
422 1817 541 1852 aliquam
563 1817 651 1852 pelagi
677 1821 782 1853 partem
805 1816 980 1844 circumscri-

193 1866 341 1898 ptam,per
366 1863 483 1894 abusum
500 1861 657 1897 quemdam.
677 1862 768 1890 sinum
793 1861 978 1893 nominamus,

194 1908 231 1936 ita
249 1908 315 1936 mihi
331 1915 422 1937 sermo
439 1908 549 1936 nomine
564 1908 641 1937 sinus
656 1908 853 1938 immensarum
869 1907 980 1935 illorum

192 1957 351 1984 nostrarum
379 1954 512 1983 bonorum
540 1953 801 1984 demonstrationem
825 1954 980 1989 signiﬁcare

193 2000 301 2031 videtur
316 2010 322 2028 :
337 2001 364 2030 in
387 2008 441 2036 quo
456 2001 519 2029 sinu
541 2000 613 2029 bono
629 2008 736 2032 omnes,
758 2000 805 2035 qui
823 2007 870 2035 per
886 2001 980 2032 virtu-

193 2050 249 2075 tem
272 2046 415 2081 prasentis
435 2046 497 2075 vita:
516 2052 627 2073 cursum
651 2045 812 2078 conﬁciunt,
830 2052 891 2072 cum
915 2045 980 2073 hinc

194 2091 336 2124 solverint,
350 2095 480 2127 tanquam
502 2091 530 2119 in
551 2095 630 2126 portu
645 2098 698 2118 non
713 2090 833 2121 obnoxio
847 2090 978 2118 ﬂuctuum

1031 1498 1071 1532 οἷς
1083 1498 1117 1535 ἦν
1131 1499 1206 1535 αὐτῷ
1219 1499 1358 1535 καταρχὰς
1373 1501 1389 1535 ὴ
1403 1500 1469 1535 ζωὴ,
1488 1501 1516 1527 ὲν
1531 1501 1680 1535 ἀλλοτρίοις
1697 1500 1753 1538 εἶχε
1769 1502 1818 1538 τὴν

1030 1546 1144 1578 δίαιταν,
1164 1545 1208 1572 διὰ
1230 1547 1279 1580 τῆς
1295 1545 1435 1580 παρούσης
1457 1546 1650 1579 κακοπαθείας,
1674 1546 1723 1582 τὴν
1742 1547 1818 1574 ὲλπι-

1032 1591 1148 1627 ζομένην
1172 1592 1318 1628 εὖκληρίαν
1336 1593 1564 1628 ἐμπορευόμενος.
1582 1593 1687 1629 Ὥσπερ
1703 1591 1750 1620 οὖν
1769 1593 1818 1629 τὴν

1032 1636 1111 1663 ποιὰν
1132 1636 1179 1665 τοῦ
1205 1637 1338 1671 πελάγους
1363 1637 1536 1674 περιγραφὴν
1561 1638 1594 1665 ὲκ
1623 1639 1817 1674 καταχρήσεώς

1032 1690 1102 1714 τινος
1120 1683 1287 1719 ὀνομάζομεν
1305 1683 1413 1715 κόλπον,
1431 1684 1501 1711 οὕτω
1519 1684 1574 1720 (11)
1591 1684 1664 1711 δοκεῑ
1682 1685 1736 1711 τῶν
1753 1685 1818 1720 άμε-

1032 1727 1139 1762 τρήτων
1154 1728 1264 1755 ἐκείνων
1278 1728 1388 1763 ἀγαθῶν
1408 1729 1456 1765 τὴν
1471 1729 1582 1763 ἔνδειξιν
1595 1731 1609 1756 ὀ
1625 1730 1702 1764 λόγος
1718 1730 1758 1765 τῷ
1772 1730 1818 1757 τοῦ

1033 1773 1132 1799 κόλπου
1148 1773 1333 1808 διασημαίνειν
1347 1774 1469 1809 ὀνόματι,
1485 1772 1507 1809 ᾧ
1523 1775 1622 1807 πάντες
1634 1777 1658 1802 οἱ
1672 1776 1705 1802 δι’
1718 1776 1820 1811 ἀρετῆς

1032 1818 1076 1847 τὸν
1093 1818 1213 1853 παρόντα
1233 1819 1403 1851 διαπλέοντες
1425 1819 1493 1854 βίον,
1508 1820 1572 1846 ὅταν
1588 1819 1712 1847 ἐντεῦθεν
1734 1821 1819 1848 ἀπαί-

1033 1872 1116 1899 ρωσιν
1146 1863 1220 1898 (12),
1247 1863 1342 1900 ὥσπερ
1373 1866 1402 1892 ὲν
1427 1865 1624 1901 smmum,
1661 1866 1751 1901 λιμένι
1780 1866 1820 1902 τῷ

1032 1909 1127 1945 ἁγαθῷ
1143 1909 1236 1945 κόλπῳ
1257 1910 1306 1942 τὰς
1323 1910 1411 1946 ψυχὰς
1426 1911 1613 1947 ὲνορμίζονται
1640 1912 1708 1947 (15),
1724 1914 1781 1944 τοῖς
1791 1912 1819 1939 δὲ

1032 1955 1135 1987 λοιποῖς
1151 1956 1168 1990 ἠ
1189 1955 1243 1982 τῶν
1267 1957 1436 1992 φαινομένων
1453 1958 1543 1989 αὐτοῖς
1561 1957 1670 1992 ἀγαθῶν
1693 1958 1818 1993 στέρησις

1033 2000 1098 2034 φλὸξ
1112 2001 1214 2035 γίνεται
1226 2001 1275 2037 τὴν
1285 2001 1374 2037 ψυχὴν
1387 2002 1571 2038 διασμύχουσα
1582 2003 1649 2038 (14),
1662 2003 1768 2038 ῥανίδος
1780 2012 1819 2030 τι-

1032 2044 1075 2077 νὺς
1094 2045 1126 2071 ἐκ
1143 2045 1189 2072 τοῦ
1204 2045 1338 2081 πελάγους
1353 2046 1407 2073 τῶν
1419 2048 1482 2079 τοὺς
1499 2047 1588 2079 ὁσίους
1603 2047 1819 2082 περικλυξόντων

1033 2090 1142 2125 ἀγαθῶν
1157 2091 1196 2123 εἰς
1211 2091 1386 2127 παραμυθίαν
1402 2092 1596 2128 προσδεομένη,
1612 2093 1658 2119 καὶ
1673 2092 1704 2119 ού
1719 2093 1818 2128 τυγχά-

194 2138 333 2173 procellis,
352 2138 459 2166 animas
472 2137 602 2172 appulsas
617 2145 649 2165 ac
661 2137 739 2172 quasi
753 2136 904 2164 subductas
920 2141 977 2165 sta-

1033 2144 1124 2164 νουσα.
1142 2137 1271 2165 Γλῶσσαν
1286 2137 1314 2164 δὲ
1329 2138 1376 2164 καὶ
1390 2137 1538 2173 ὀφθαλμὸν,
1552 2138 1599 2165 καὶ
1614 2138 1758 2170 δάκτυλον,
1775 2138 1818 2165 καὶ

194 2185 285 2213 tuunt.
301 2181 425 2218 Reliquis
443 2187 533 2212 autem
557 2190 652 2211 eorum
681 2189 741 2218 quze
765 2182 836 2210 bona
854 2182 980 2212 videntur

193 2229 234 2259 eis
261 2228 360 2263 ejeclio
378 2228 550 2263 privatioque
572 2227 682 2257 ﬂamma
706 2228 825 2255 animam
846 2235 980 2262 perurens

193 2273 312 2305 exsistit,
327 2277 430 2308 guttam
452 2274 570 2309 aliquam
592 2281 626 2301 ex
643 2273 737 2308 pelago
756 2273 900 2305 bonorum,
918 2273 980 2308 qui-

194 2320 246 2349 bus
263 2319 351 2349 sancti
368 2319 482 2346 aﬂluunt
495 2322 522 2348 et
540 2318 690 2351 abundant,
706 2318 739 2345 ad
763 2318 980 2346 consolationem

193 2364 365 2397 desiderans,
381 2369 409 2392 et
425 2373 479 2392 non
495 2365 661 2400 adipiscens.
680 2364 763 2392 Porro
777 2371 839 2391 cum
860 2364 979 2399 linguam

194 2414 222 2443 et
237 2411 348 2442 oculum
363 2415 390 2441 et
411 2410 538 2446 digitum,
556 2410 716 2447 reliquaque
733 2410 844 2441 numina
867 2411 900 2440 ad
918 2417 980 2438 cor-

194 2463 246 2491 pus
260 2456 426 2492 pertinentia
442 2456 470 2484 in
490 2455 628 2491 colloquio
642 2455 865 2490 incorporearum
891 2456 980 2483 anim-

231 2545 269 2581 (6)
288 2548 485 2582 Λαιμαρτίαν,
499 2546 521 2573 Α
533 2546 553 2582 Β
568 2546 743 2582 λαιμαργίας,

231 2581 269 2617 (7)
291 2582 366 2608 Ἀλλ’
381 2581 412 2614 ἢ.
428 2582 451 2612 Α
462 2581 549 2617 ἀλλ’γό
565 2582 593 2617 ἠ.

231 2584 270 2651 (7;
291 2584 366 2608 Ἀλλ’
381 2584 412 2614 ἠ.
428 2584 451 2612 A
462 2584 521 2607 ἀλλ’
535 2584 549 2607 ὃ

231 2617 259 2653 (8
287 2617 474 2653 Ἐλκόμεγοᾳ
487 2618 515 2653 Ar
556 2616 692 2653 ἑλόμενος.

231 2651 270 2685 (9)
284 2652 484 2685 Θεραπεύσας,
504 2652 526 2678 Α
539 2651 566 2678 in
580 2651 655 2679 textu
666 2651 838 2687 θεραπεύσας
852 2653 884 2678 ὲκ
897 2661 979 2687 μετα-

195 2686 421 2723 δουλίας-ἄϐατον
432 2694 441 2723 ’ν
457 2687 487 2723 _in
498 2687 628 2723 margine
644 2695 651 2713 :
669 2687 715 2713 καὶ
730 2687 768 2723 μὴ
785 2688 816 2715 ὲκ
835 2686 978 2723 μετανοίας

196 2721 354 2757 θεραπεύων
368 2721 416 2757 τὴν
431 2721 567 2757 ἀϐουλίαν.

232 2756 287 2790 (10)
305 2755 363 2787 Τὴν
375 2755 482 2791 χώραν.
495 2756 516 2782 A
532 2756 552 2782 Β
570 2757 614 2782 τὸν
630 2756 726 2791 χῶρον.

232 2791 286 2827 (11)
302 2790 391 2819 Οὕτωζ
405 2792 428 2819 Α
444 2791 464 2818 Β
477 2791 547 2818 οὕτω
563 2800 615 2830 μοι.

1033 2182 1066 2209 τὰ
1078 2181 1158 2209 λοιπὰ
1178 2182 1231 2210 τῶν
1252 2182 1413 2218 σωματικῶν
1433 2183 1572 2218 ὀνομάτων
1597 2184 1625 2209 ὲν
1649 2183 1688 2218 τῷ
1700 2183 1817 2218 διαλόγῳ

1033 2228 1086 2257 τῶν
1103 2228 1256 2263 ἀσωμάτων
1290 2227 1397 2263 βλέπων
1418 2248 1425 2261 ,
1447 2229 1493 2256 τὸν
1512 2229 1735 2264 καταστοχασμὸν
1752 2229 1817 2264 (15),

1033 2275 1099 2309 ἡμῖν
1128 2274 1178 2309 ἤδη
1208 2274 1328 2309 νοηθέντι
1353 2275 1416 2309 περὶ
1437 2274 1526 2310 ψυχῆς
1554 2274 1625 2310 λόγῳ
1667 2274 1818 2309 συμφώνως

1034 2319 1105 2354 ἔχειν
1114 2320 1301 2355 ὁμολογήσεις,
1320 2320 1535 2355 ἐπισκεψάμενος
1545 2320 1598 2347 τῶν
1615 2320 1703 2356 ῥητῶν
1714 2320 1817 2356 (lli-17)

1034 2366 1082 2401 τὴν
1102 2366 1229 2393 διάνοιαν.
1250 2366 1355 2401 ’Ὠσπερ
1369 2366 1424 2401 γάρ
1440 2366 1495 2401 (18)
1514 2366 1574 2393 ὅλου
1592 2365 1638 2394 τοῦ
1661 2365 1787 2401 σώματος
1800 2367 1818 2401 ὴ

1033 2411 1086 2442 τῶν
1111 2410 1250 2448 στοιχείων
1278 2410 1413 2448 συνδρομὴ
1438 2412 1510 2437 ποιεῖ
1531 2410 1579 2448 τὴν
1602 2410 1713 2442 οὐσίαν,
1733 2409 1817 2441 οὕτως

1034 2457 1106 2489 εἰκὸς
1129 2456 1243 2483 καὶτῶν
1266 2457 1293 2483 ὲν
1315 2456 1353 2491 τῷ
1375 2456 1481 2491 σώματι
1504 2456 1593 2492 μερῶν
1610 2458 1641 2483 ὲκ
1656 2456 1707 2491 τῆς
1734 2455 1816 2490 αὐτῆς

1065 2547 1121 2582 (12)
1145 2547 1333 2581 Ἀπαίρωσιν,
1349 2546 1371 2573 Α
1381 2546 1402 2573 Β
1418 2546 1570 2582 ἁπάρωσιν.

1065 2582 1122 2617 (13)
1142 2581 1368 2616 Ἐνορμίζονται.
1382 2582 1405 2609 Α
1422 2582 1448 2608 in
1463 2582 1585 2616 margine
1604 2581 1787 2616 ἑνορμίζουσι.

1064 2617 1121 2653 (14)
1139 2617 1362 2652 Διωμύχουσα.
1387 2618 1408 2643 Α
1421 2617 1619 2653 διασμήχουσα.

1139 2653 1194 2680 Τὸν
1211 2650 1476 2687 καταστοχασμόν,
1486 2650 1540 2679 etc;
1554 2652 1576 2678 Δ
1588 2650 1608 2677 Β
1620 2650 1659 2686 τῷ
1675 2651 1746 2678 κατὰ
1758 2661 1815 2681 στο-

1027 2688 1130 2722 χασμὸν
1143 2687 1192 2722 ἥδη
1212 2687 1343 2722 νοηθέντι,

1067 2697 1079 2714 3
1102 2697 1130 2714 ον
1143 2697 1192 2722 ηοη
1212 2697 1343 2721 νοηυεντι.

1067 2697 1138 2756 (ἥς-ι
1146 2723 1172 2756 7)
1194 2721 1314 2757 Ῥητῶττ.
1331 2721 1350 2748 Β
1358 2756 1361 2757 ν
1368 2723 1400 2757 ρη
1405 2722 1506 2756 μάτων.

1068 2757 1122 2794 (18)
1141 2758 1252 2791 ’Ὧι-πει)
1269 2756 1331 2792 γάρ.
1351 2756 1372 2783 It
1383 2757 1418 2788 ὡς
1431 2757 1492 2795 γάρ.
