1919 3069
103 77 139 106 85
498 113 501 116 _
648 83 693 112 DE
711 84 820 113 ANIMA
845 86 891 114 ET
908 87 1207 117 IKESURRECTIONE.
1706 93 1740 122 86

103 137 188 168 αίτίας
208 136 268 171 (19)
293 138 524 174 συμπληροῦσθαι
545 139 594 175 τὴν
610 139 701 175 φύσιν.
723 141 754 168 Εἰ
767 140 814 168 οὖν
834 142 893 177 πάρ

954 143 1083 175 advenis,
1102 143 1126 171 si
1143 143 1289 171 verborum
1314 148 1477 172 sententiam
1495 145 1659 181 inspexeris,
1676 155 1739 177 cum

103 189 174 208 εστιν
188 181 205 216 ὴ
220 180 298 217 ψυχὴ
311 185 375 215 τοῖς
386 185 418 210 ὲκ
433 183 478 211 τοῦ
498 183 622 220 σῴματος
636 187 776 221 στοιχείοις
789 187 857 222 πρὸς
871 187 901 214 τὸ

102 228 155 254 πᾶν
177 227 380 262 ἀναμιχθεῖσιν
394 229 462 264 (20),
479 230 509 256 οὐ
535 231 614 265 μόνον
636 231 667 257 τὸ
690 232 825 268 πλήρωμα
846 232 901 260 τῶν

102 273 139 304 εἷς
162 272 224 298 ὅλον
253 272 287 299 τδ
319 274 462 310 σύγκριμα
487 274 744 311 συνδεδραμηκότων
764 277 899 312 γνωρίσει,

100 317 145 345 καὶ
167 317 198 344 ὲν
213 318 315 350 αὐτοῖς
343 319 436 346 ἔσται’
459 319 517 346 ἀλλ’
541 320 572 346 οὐ
598 321 648 355 τὴν
670 321 725 357 (21)
751 322 901 355 ἰδιάζουσαν

99 363 215 390 ἑκάστου
241 364 302 390 τῶν
322 364 416 400 μερῶν
436 365 565 392 σύστασιν
588 366 727 402 ἀγνοήσει.
752 368 795 394 διὰ
817 369 901 396 ποίων

98 409 151 436 τῶν
164 410 194 437 ἐν
212 411 274 442 τοῖς
291 411 437 446 στοιχείοις
453 411 555 446 μορίων
571 412 737 448 ἀποτελεσθῇ
755 413 810 449 (22)
825 413 860 440 τὰ
873 415 901 440 ὲν

97 456 162 491 ἡμῖν
180 456 265 492 μέλη.

954 189 1083 225 opinione
1102 196 1184 224 quam
1218 189 1275 224 jam
1306 197 1353 224 per
1378 190 1564 225 conjecturam
1590 193 1624 220 de
1650 195 1740 223 anima

954 238 1046 262 mente
1059 238 1192 270 concepta
1214 235 1392 270 exposuimus
1412 238 1559 265 convenire
1586 246 1640 266 non
1657 248 1739 275 nega-

954 280 1007 308 bis.
1028 279 1063 307 Ut
1075 281 1147 308 enim
1163 288 1315 309 concursus
1326 281 1523 309 elementorum
1544 284 1628 311 totius
1643 292 1739 319 corpo-

955 326 994 353 ris
1013 326 1094 354 cliicit
1115 332 1240 354 naturam
1256 336 1263 354 :
1279 327 1316 354 ita
1339 328 1479 362 probabile
1505 333 1557 361 est,
1579 330 1660 356 etiam
1678 338 1739 365 par-

955 371 1022 398 tium
1045 372 1168 407 corporis
1191 380 1223 400 ex
1239 372 1335 400 eadem
1350 380 1433 400 causa
1452 374 1583 409 compleri
1601 380 1737 402 naturam.

955 416 982 444 Si
1000 418 1081 452 igitur
1098 418 1188 446 anima
1208 418 1288 447 adest
1305 419 1447 447 elementis
1473 427 1505 447 ex
1519 427 1635 455 eorp0re
1649 421 1739 447 disso-

953 462 1011 490 luto
1040 463 1074 490 ad
1096 472 1187 492 rerum
1208 465 1365 493 universam
1387 470 1512 492 naturam
1536 465 1634 493 refusis
1657 470 1738 500 atque

97 502 229 533 reversis.
250 511 313 530 non
338 503 420 531 modo
457 503 612 539 congeriem
660 508 687 532 et
711 505 938 540 complementum
959 514 1054 535 eorum
1067 516 1128 543 qua:
1147 509 1180 536 ad
1193 513 1277 536 totam
1292 510 1552 545 coagmentationem
1570 511 1738 538 οοιιειίιιιιιιι-

96 549 158 576 dam
174 553 388 577 concurrerunt
417 552 558 584 agnoscet,
573 553 600 576 et
614 549 641 576 in
657 549 698 577 eis
717 551 788 581 erit;
805 549 853 577 sed
866 558 900 578 ne
920 551 1083 586 peculiarem
1101 553 1210 588 quidem
1225 554 1360 589 cujusque
1396 554 1480 589 partis
1510 555 1735 583 constitutionem

96 599 123 622 et
135 596 354 623 concretionem
373 596 521 631 ignorabit,
543 602 592 630 per
609 602 681 630 quas
694 595 823 622 nimirum
838 596 989 630 particulas
1003 598 1201 626 elementorum
1216 600 1335 627 membra
1351 603 1445 629 nostra
1463 600 1587 628 absoluta
1606 601 1674 628 sint.

130 640 188 676 Τὴν
205 638 256 667 οὖν
273 641 336 676 (25)
358 641 387 667 ὲν
409 641 490 668 παντὶ
514 638 596 668 οὖσαν
618 640 656 675 τῷ
678 640 733 667 τῶν
757 642 897 676 στοιχείων

97 684 280 720 πληρώματι,
299 686 349 712 καὶ
367 687 396 712 ὲν
421 687 476 717 τοῖς
501 686 561 712 καθ’
575 686 690 712 ἕκαστον
716 683 795 720 εἶναι,
821 686 897 713 οὐδὲν

96 730 148 764 ἔξω
161 730 211 756 τοῦ
236 731 350 762 εἰκότος
371 731 459 757 ἐστίν·
475 731 523 757 καὶ
543 730 614 757 οὕτω
635 731 703 765 πρὸς
721 732 755 758 τὰ
777 731 897 767 στοιχεῖά

95 785 137 808 τις
151 776 277 811 βλέπων.
300 775 343 809 οἷς
362 777 507 812 ἐνυπάρχει
522 778 554 812 τῇ
578 777 691 812 δυνάμει
707 777 741 804 τὰ
754 777 815 804 καθ’
830 777 895 804 ἕκα-

97 831 158 850 στον
183 823 257 858 μέλη
283 823 335 850 τοῦ
366 823 500 858 σώματος,
515 823 645 850 δάκτυλόν
666 831 696 849 τε
722 823 786 858 περὶ
809 823 894 859 αὐτὴν

97 866 166 895 εἶναι
180 869 232 895 καὶ
248 869 393 905 ὀφθαλμὸν
407 868 454 895 καὶ
464 868 600 902 γλῶσσαν,
615 869 662 895 καὶ
676 868 709 895 τά
725 868 792 895 ἄλλα
808 868 895 895 πάντα

99 914 168 950 μετὰ
186 914 240 950 τὴν
253 915 382 942 διάλυσιν
396 913 445 940 τοῦ
458 914 643 949 συγκρίματος
659 913 708 948 τὴν
723 913 834 949 Γραφὴν
849 913 895 940 λέ-

98 969 155 994 γειν
169 960 311 992 ὑπονοῶν,
326 959 374 986 τοῦ
390 960 491 991 εἰκότος
507 959 555 994 οὐχ
576 960 773 999 ἁμαρτήσεται.
796 960 834 986 Εἰ.
849 957 895 986 οὖν

98 1005 132 1032 τὰ
145 1005 206 1032 παῦ’
215 1006 341 1032 ἕκαστον
355 1005 456 1039 ἀπάγει
470 1005 526 1039 (24)
536 1004 581 1031 τὸν
597 1003 658 1031 νοῦν
672 1004 722 1039 τῆς
736 1005 896 1040 σωματικῆς

100 1052 162 1086 περὶ
183 1051 234 1078 τοῦ
264 1051 434 1086 διηγήματος
454 1049 625 1085 ὑπολήψεως,
648 1050 721 1082 είκδς
743 1049 829 1086 δήπου
847 1051 895 1078 καὶ

100 1097 144 1124 τὸν
164 1096 392 1132 μνημονευθέντα
417 1096 464 1123 νῦν
480 1095 546 1131 ᾅδην
564 1096 602 1131 μὴ
628 1095 709 1122 τόπον
730 1095 791 1123 τινὰ
808 1095 895 1129 οὕτως

99 1143 311 1178 ὸνομαζόμενον
329 1142 443 1173 οεεσθαι,
462 1142 530 1169 ἀλλά
553 1149 614 1168 τινα
631 1142 796 1169 κατάστασιν
822 1142 894 1178 ζωῆς

101 1189 175 1223 ἀειδῆ
199 1190 249 1216 καὶ
267 1188 421 1223 ἀσώματον,
435 1185 453 1225 ᾖ
469 1187 518 1223 τὴν
531 1187 620 1224 ψυχὴν
637 1188 805 1222 ὲμόιοτεύειν
819 1188 894 1224 παρὰ

101 1234 150 1269 τῆς
171 1234 288 1270 Γραφῆς
304 1233 519 1268 ὲκδιδασκόμεθα
543 1233 611 1269 (25).
639 1233 720 1260 Ἀλλὰ
741 1234 788 1260 καὶ
801 1234 894 1270 ἕτερον

102 1280 129 1306 ὲν
150 1279 191 1314 τῷ
215 1280 293 1307 κατὰ
316 1279 362 1306 τὸν
392 1279 518 1305 πλούσιον
541 1279 588 1305 καὶ
613 1279 719 1314 πτωχὸν
746 1280 893 1315 διηγήματι

101 1325 186 1360 δόγμα
203 1325 391 1360 μανθάνομεν,
405 1323 419 1350 ὃ
437 1324 536 1360 πολλὴν
557 1324 612 1359 ἔχει
628 1324 685 1360 (26)
706 1324 775 1359 πρὸς
787 1325 822 1351 τὰ
836 1326 893 1361 ὲξη-

101 1370 224 1405 τασμένα
246 1370 297 1405 τὴν
316 1369 480 1404 οἰκειότητα.
504 1369 647 1404 Ἐποίησεν
667 1369 770 1395 ἐκεῖνον
785 1369 830 1396 τὸν
844 1371 893 1405 ἐμ-

105 1415 175 1450 παοῆ
191 1415 242 1442 καὶ
261 1415 433 1450 φιλόσαρκον,
459 1414 552 1449 ἐπειδὴ
573 1414 604 1440 τὸ
628 1413 747 1448 ἄφυκτον
771 1411 825 1441 εἶδε
844 1415 893 1450 τῆς

986 643 1121 682 Quocirca
1136 653 1197 680 quae
1216 645 1243 672 in
1259 646 1386 676 universo
1400 646 1597 675 elementorum
1613 647 1736 680 comple-

950 695 1042 717 mento
1068 689 1107 722 ﬁt,
1124 698 1182 718 eam
1199 691 1279 717 etiam
1306 691 1333 723 in
1361 691 1548 726 singularibus
1569 699 1641 723 esse,
1661 693 1736 718 mullo

950 735 1055 763 modoa
1083 736 1274 771 probabilitate
1295 743 1327 763 ac
1357 736 1592 768 verisimilitudine
1614 737 1734 764 alienant

949 786 1007 814 est;
1024 785 1105 816 atque
1120 782 1156 808 ita
1174 781 1196 809 si
1215 782 1277 817 quis
1298 785 1403 816 spectet
1421 781 1453 808 ad
1468 782 1612 813 elementa,
1627 782 1655 808 in
1675 783 1735 816 qui-

946 825 998 852 bus
1012 825 1160 860 singularia
1174 825 1296 853 membra
1311 825 1433 859 corporis
1455 825 1548 852 insunt
1566 826 1624 860 ipsa
1640 829 1736 859 poten-

945 872 992 902 tia,
1012 875 1095 905 atque
1106 871 1276 906 Scripturam
1297 871 1387 898 dicere
1400 870 1558 903 arbitretur,
1577 874 1603 898 et
1618 870 1734 907 digitum

944 917 1018 944 circa
1037 917 1123 952 ipsam
1141 917 1260 944 animam
1285 924 1345 944 esse
1358 921 1385 944 et
1395 917 1504 944 oculum
1529 921 1556 943 et
1592 916 1735 951 linguam,

944 967 1096 998 caeteraquc
1120 964 1211 990 omnia
1227 964 1307 995 etiam
1331 966 1393 998 post
1423 962 1631 993 dissolutionem
1669 969 1734 988 con-

944 1009 1021 1041 creti,
1040 1017 1054 1035 a
1070 1009 1260 1044 probabilitate
1278 1016 1310 1039 ac
1326 1007 1564 1036 verisimilitudine
1583 1014 1636 1034 non
1653 1007 1735 1034 aber-

944 1055 1023 1082 rabit.
1039 1055 1068 1081 Si
1094 1055 1176 1090 igitur
1191 1054 1341 1089 singularia
1357 1058 1473 1081 mentem
1489 1052 1629 1079 abducunt
1650 1052 1683 1079 ab
1697 1059 1731 1079 eo

942 1101 990 1135 qui
1004 1099 1038 1126 ad
1060 1107 1159 1135 corpus
1176 1099 1293 1127 refertur
1323 1098 1489 1126 narrationis
1514 1097 1665 1129 intellectu,
1685 1104 1734 1132 par

943 1150 970 1174 et
985 1149 1197 1173 consentaneum
1213 1145 1343 1172 nimirum
1368 1148 1422 1177 est,
1437 1148 1466 1172 ut
1483 1147 1565 1172 etiam
1588 1147 1669 1172 modo
1681 1152 1734 1173 me-

943 1195 1078 1219 moratum
1093 1191 1238 1223 infernum,
1260 1198 1314 1218 non
1341 1191 1430 1220 locum
1453 1190 1498 1225 qui
1521 1191 1561 1219 sic
1580 1191 1735 1221 nominetur

943 1243 1005 1263 esse
1019 1240 1156 1270 putemus.
1177 1235 1223 1262 sed
1237 1235 1381 1270 quemdam
1399 1235 1469 1262 vitae.
1483 1239 1584 1262 statum
1603 1235 1732 1269 incorpo-

943 1288 1031 1314 reum,
1050 1281 1097 1316 qui
1112 1281 1197 1308 videri
1214 1288 1267 1307 non
1288 1281 1383 1315 possit,
1403 1280 1429 1307 in
1447 1288 1502 1315 quo
1517 1280 1635 1307 animam
1649 1281 1740 1307 vitam.

942 1327 1040 1361 degere
1056 1333 1071 1353 a
1098 1326 1237 1361 Scriptura
1266 1326 1406 1354 docemur.
1440 1326 1527 1361 Atque
1546 1326 1628 1353 etiam
1651 1326 1733 1352 aliam

943 1371 970 1398 in
988 1371 1144 1398 narratione
1151 1379 1211 1406 quae
1223 1371 1255 1398 ad
1267 1371 1379 1399 divitem
1400 1374 1426 1398 et
1436 1370 1590 1398 mendicum
1603 1371 1732 1405 pertinet.

943 1421 1044 1445 certam
1062 1417 1222 1452 ﬁrmamque
1242 1417 1374 1445 discimus
1397 1417 1572 1449 sententiam,
1595 1424 1656 1452 qua:
1673 1423 1731 1442 ma-

105 1461 168 1496 παρ’
188 1461 289 1488 ἑαυτοῦ
304 1461 361 1496 (27)
377 1461 528 1496 συμφορᾶς,
544 1460 671 1496 φροντίδα
687 1460 740 1487 τῶν
756 1460 826 1495 ὑπὲρ
840 1461 892 1494 γῆς

948 1471 1023 1498 gnam
1044 1470 1106 1490 cum
1122 1463 1155 1491 iis
1170 1470 1230 1498 qua:
1250 1463 1366 1490 scrutati
1379 1467 1474 1490 sutnus
1497 1466 1524 1490 et
1548 1461 1733 1494 excussimus,

105 1507 178 1543 αὺτῷ
200 1507 274 1534 κατὰ
294 1507 325 1533 τὸ
346 1506 422 1541 γένος
437 1505 594 1541 προσεκτῶν
609 1506 665 1541 (28)
681 1506 763 1541 ἔχειν,
783 1507 829 1532 καὶ
846 1506 892 1532 τοῦ

112 1553 236 1589 Ἀϐραὰμ
253 1553 375 1584 εἰπόντος
393 1553 430 1588 μὴ
445 1552 612 1588 ἀπρονόητον
626 1550 757 1579 εἶναιτῶν
773 1553 801 1578 ὲν
813 1552 894 1587 σαρκὶ

107 1599 212 1632 ζώντων
230 1598 287 1634 βίον
311 1598 379 1633 (29),
404 1598 472 1625 ἀλλὰ
496 1598 557 1624 κατ’
585 1597 710 1630 ἐξουσίαν
735 1597 895 1632 προκεῖσθαι

107 1646 194 1676 αὐτοῖς
207 1645 259 1680 τὴν
278 1645 311 1671 ὲκ
331 1644 378 1671 τοῦ
400 1644 485 1679 νόμου
508 1643 555 1670 καὶ
574 1643 628 1670 τῶν
653 1642 798 1678 προφητῶν
822 1651 896 1678 χειρ-

108 1690 245 1724 αγωγίανο
273 1690 314 1716 ἔτι
338 1689 506 1725 παραμένειν
532 1689 769 1725 προσλιπαροῦντα
793 1689 838 1716 τὸν
857 1689 893 1716 δί-

110 1743 182 1763 καιον
198 1736 268 1773 (30),
282 1736 356 1767 ὅπως
375 1736 408 1762 ἂν
430 1736 463 1762 ἐκ
478 1735 525 1762 τοῦ
544 1735 695 1771 παραδόξου
712 1736 823 1763 πιθανὸν
844 1736 892 1762 αὺ-

109 1782 160 1812 τοῖς
175 1782 206 1808 τὺ
225 1782 358 1817 κήρυγμα
374 1780 489 1815 γένοιτο,
509 1780 561 1806 ὑπό
577 1789 649 1813 τινος
664 1782 696 1808 ἐκ
716 1780 770 1808 τῶν
790 1781 893 1817 νεκρῶν

110 1826 321 1858 ἁναὸεΰιωκότος
338 1825 596 1861 καταγγελλόμενον.

943 1508 1101 1536 atlinitatem
1119 1509 1210 1536 habet.
1227 1507 1302 1536 Facit
1332 1508 1407 1536 illiilli
1438 1508 1564 1535 humanis
1592 1507 1734 1535 atl'cctibus

943 1561 975 1581 ac
990 1552 1242 1587 perturbationibus
1251 1553 1410 1582 obnoxium.
1419 1554 1566 1587 carnisque
1579 1552 1733 1580 studiosum

943 1599 1065 1630 divitem,
1094 1603 1271 1633 posteaquam
1302 1606 1335 1626 ex
1368 1605 1418 1626 sua
1446 1598 1603 1625 calamitate
1623 1605 1652 1625 se
1678 1605 1733 1624 non

945 1652 1026 1680 posse
1036 1643 1159 1679 expediri
1179 1648 1206 1671 et
1215 1644 1334 1679 ell'ugere
1350 1643 1556 1677 animadvertit,
1573 1650 1668 1670 curam
1685 1643 1734 1670 ha-

945 1691 1010 1718 bere
1031 1697 1127 1717 eorum
1142 1689 1189 1725 qui
1211 1697 1295 1725 super
1309 1694 1410 1717 terram
1433 1697 1494 1717 cum
1509 1697 1607 1724 genere
1624 1689 1734 1716 contin-

946 1735 1060 1770 gebant;
1084 1743 1200 1770 cutnque
1216 1735 1352 1762 Abraham
1368 1739 1494 1770 negasset
1524 1743 1619 1763 eorum
1642 1735 1688 1770 qui
1705 1735 1734 1762 in

946 1788 1030 1809 carne
1041 1781 1162 1809 viverem
1177 1781 1260 1808 vitam
1273 1781 1437 1816 provisionis
1451 1780 1588 1816 expertem
1601 1788 1671 1813 esse,
1685 1780 1734 1808 sed

948 1827 1058 1855 abunde
1076 1828 1117 1856 eis
1132 1827 1297 1863 propositam
1312 1835 1374 1854 esse
1387 1826 1540 1854 det-trinam
1556 1830 1638 1861 atque
1655 1826 1733 1854 insti-

111 1873 239 1900 tutionem
269 1871 338 1907 legis
361 1879 394 1899 ac
420 1871 632 1906 prophetarum;
652 1870 742 1898 adhuc
759 1878 934 1906 perseverare
952 1871 1064 1900 divitem
1078 1872 1225 1900 instantem
1243 1879 1274 1899 ac
1295 1871 1470 1907 ﬂagitantem,
1495 1875 1524 1898 ut
1535 1879 1567 1899 ex
1585 1871 1733 1906 improviso

112 1922 136 1945 et
177 1918 319 1952 inopinato
342 1917 480 1945 credibilis
505 1917 544 1945 eis
571 1917 728 1952 prtedicatio
754 1917 842 1950 ﬂeret,
863 1925 925 1952 qua
948 1918 982 1946 ab
1010 1918 1103 1954 aliquo
1129 1918 1175 1954 qui
1199 1926 1234 1946 ex
1265 1918 1380 1945 mortuis
1405 1917 1548 1945 revixisset
1585 1918 1732 1944 annuntia-

112 1969 193 1992 retur.

148 2021 176 2047 Γ.
192 2020 225 2047 Τί
244 2017 301 2052 οὖν,
324 2017 409 2052 εἷπον,
431 2020 460 2046 ὲν
480 2019 584 2051 τούτοις
600 2020 658 2046 ἐστὶ
674 2019 704 2046 τὺ
719 2019 807 2054 δόγμα
822 2019 893 2054 (3|);

984 2018 1017 2046 G.
1032 2017 1162 2051 Qtttenam
1178 2018 1260 2053 igitur
1276 2018 1303 2045 in
1316 2018 1369 2051 bis,
1386 2019 1508 2053 inquam.
1526 2018 1659 2045 sententia
1674 2019 1734 2045 est?

115 2082 146 2087 —
157 2067 195 2094 Μ.
215 2066 337 2101 Ἐπειδὴ,
349 2066 425 2102 φησὶ.
438 2065 485 2092 τοῦ
497 2066 547 2101 μὲν
561 2065 687 2101 Λαζάρου
704 2065 771 2100 πρὸς
782 2066 838 2097 τοῖς
849 2073 893 2091 πα-

948 2078 981 2084 -
992 2064 1028 2091 Μ.
1040 2063 1187 2096 Quoniam,
1200 2064 1300 2098 inquit,
1314 2063 1408 2090 Lazari
1427 2063 1535 2098 quidem
1554 2064 1644 2089 anima
1659 2063 1732 2089 circa

117 2112 204 2147 ροῦσιν
221 2111 333 2146 ἄσχολός
345 2112 419 2138 ἐστιν
430 2111 446 2146 ή
459 2110 544 2146 ψυχὴ,
554 2110 601 2137 καὶ
616 2110 683 2145 πρὸς
695 2109 771 2136 οὐδὲν
782 2110 835 2137 τῶν
846 2118 893 2136 κα-

948 2110 1090 2145 praesentia
1109 2114 1242 2144 occupata
1262 2113 1314 2142 cst,
1327 2114 1352 2136 et
1365 2110 1397 2137 ad
1417 2110 1518 2136 nullam
1535 2117 1628 2136 earnm
1642 2117 1731 2135 rerum

114 2157 307 2192 ταλειφϐἐντων
323 2156 422 2192 ἑαυτὴν
437 2156 605 2191 ἐπιστρέφει,
629 2156 644 2182 δ
663 2155 691 2182 δὲ
707 2155 831 2187 πλούσιος
844 2155 893 2182 οίο‹

948 2159 1013 2186 quas
1031 2151 1177 2186 reliquerat
1204 2159 1264 2178 sese
1278 2152 1429 2184 convertit;
1460 2152 1536 2180 dives
1552 2156 1654 2184 autem,
1670 2157 1731 2180 tan<

113 2203 151 2230 νεὶ
173 2203 231 2239 (52)
255 2203 303 2238 ἰξῷ
315 2212 368 2230 τινι
383 2203 415 2237 τῇ
436 2202 552 2239 σαρκίνῃ
566 2203 622 2238 ζωῇ
638 2202 685 2229 καὶ
702 2202 771 2237 μετὰ
785 2201 893 2228 Θάνατον

948 2204 1025 2232 quam
1042 2197 1116 2223 visco
1132 2196 1251 2229 cuidam,
1278 2198 1382 2224 carnali
1401 2197 1462 2224 vine
1479 2198 1561 2224 etiam
1580 2204 1641 2232 post
1658 2206 1732 2226 mor-

113 2249 150 2276 ἐτι
165 2249 342 2284 προσίσχεται
355 2248 423 2283 (55).
433 2249 466 2283 ἣν
477 2248 538 2274 οὐδὲ
547 2247 722 2283 παυσάμενος
733 2247 780 2274 τοῦ
790 2248 839 2282 ζῇν
849 2256 893 2273 κα-

948 2246 997 2270 tem
1013 2242 1101 2270 adhuc
1116 2242 1237 2269 adhmret
1253 2252 1258 2269 :
1272 2251 1354 2278 quam
1375 2250 1424 2271 nec
1440 2251 1501 2270 cum
1518 2243 1608 2270 vivere
1621 2243 1733 2278 quidem

111 2291 198 2326 θαρῶς
210 2290 375 2322 ἀπεδύσατο,
390 2289 447 2316 ἀλλ’
463 2289 503 2316 ἐτι
517 2289 591 2325 αὐτῷ
603 2289 647 2316 διὰ
669 2289 807 2325 φροντίδος
820 2289 893 2316 ἐστὶν

948 2289 1070 2318 desiisset
1096 2289 1204 2324 penitus
1226 2292 1350 2320 exuerat,
1363 2289 1410 2316 sed
1427 2289 1515 2316 adlmc
1538 2289 1649 2316 eicuraz
1668 2297 1734 2316 caro

111 2337 126 2372 ἡ
148 2335 215 2371 σὰρξ
229 2335 277 2362 καὶ
299 2335 330 2361 τὸ
350 2332 419 2370 αἷμα
436 2335 479 2369 (δι’
495 2334 533 2362 ὢν
547 2335 602 2371 γὰρ
622 2335 685 2367 τοὺς
704 2334 893 2367 κοινωνοῦντας

948 2339 970 2368 et
985 2335 1098 2370 sanguis
1109 2340 1166 2362 erat
1178 2336 1239 2369 (per
1248 2335 1301 2361 hoc
1316 2336 1390 2362 enim
1408 2335 1481 2370 quod
1495 2339 1571 2370 rogat
1584 2339 1612 2361 nt
1629 2335 1668 2365 illi
1685 2336 1731 2370 qui

111 2381 184 2419 αὐτῷ,
194 2381 242 2408 τοῦ
259 2381 354 2415 γένους
370 2381 541 2417 ἐξαιρεθῆναι
559 2380 615 2407 τῶν
627 2380 726 2414 κακῶν,
737 2380 833 2414 δεῖται,
849 2381 893 2417 δῆ-

948 2380 1138 2409 communione
1148 2380 1257 2416 generis
1273 2387 1334 2407 eum
1353 2381 1560 2420 contingebant,
1578 2380 1657 2408 malis
1680 2381 1735 2408 exi.

111 2426 151 2458 λός
164 2427 224 2454 ἐστι
242 2426 326 2461 μήπω
346 2425 396 2460 τῆς
419 2426 553 2462 σαρκικῆς
565 2425 620 2462 (34)
634 2425 757 2458 ὲκλυθεὶς
771 2434 893 2462 προσπα-

948 2431 1097 2460 merentur,
1124 2426 1297 2462 perspicuum
1325 2430 1371 2454 est
1382 2427 1454 2462 quod
1483 2427 1603 2455 nondum
1630 2426 1734 2457 carnali

982 2518 1039 2553 (27)
1056 2519 1126 2552 Παρ*
1138 2517 1259 2546 ἑαυτοῦ.
1278 2517 1300 2553 ᾼ
1319 2517 1380 2544 κατ’
1392 2516 1482 2553 αὐτόν.

982 2551 1039 2587 (28)
1052 2551 1240 2587 Πρὸσεκτῶνι.
1253 2553 1272 2588 Α
1285 2551 1519 2588 Βπροσηκόντων.

982 2589 1038 2621 (29)
1054 2589 1135 2615 Βίον.
1154 2589 1176 2614 Δ
1192 2588 1237 2614 τὸν
1257 2587 1325 2621 βίον.

983 2623 1037 2657 (30)
1055 2624 1185 2650 Δίκαιον.
1198 2623 1219 2649 Δ
1231 2623 1368 2649 πλούσιον.

141 2516 197 2585 (19)
213 2516 315 2552 Αὐτῆς
325 2515 438 2549 αἰτίας-,ἓ
449 2515 470 2542 Β
479 2516 591 2551 οὐσίαςεξ

153 2552 198 2592 20)
226 2551 466 2592 Ἀνᾳμιχρςῖσινλ
524 2552 552 2578 in
572 2554 646 2592 textu
663 2551 822 2583 ἀνελθοῦσιν
832 2560 844 2574 ·-
866 2551 892 2579 in

111 2586 229 2621 margine
248 2596 255 2612 :
269 2586 422 2621 άναχθεῖσι.
447 2586 467 2612 Β
483 2586 665 2621 ἀνασχεθεῖσι.

142 2622 196 2648 (2|)
211 2622 253 2648 οὐ
267 2621 334 2648 τήν.
350 2622 372 2647 A
385 2620 409 2648 Β
421 2621 481 2647 οὐδὲ
498 2622 558 2648 τήν.

142 2622 196 2655 (21)
211 2622 253 2649 οὐ
267 2622 334 2654 τήν.
350 2622 375 2652 Α,
385 2622 409 2648 Β
421 2622 481 2647 οὐδὲ
498 2622 558 2654 τήν.

144 2657 199 2687 (22)
218 2655 428 2692 Ἄποτεξεσθῇ.
479 2655 657 2692 άπετελέσθη.

983 2623 1037 2657 (30)
1055 2624 1185 2650 Δίκαιον.
1198 2623 1219 2649 Δ
1231 2623 1368 2649 πλούσιον.

983 2659 1040 2691 (51)
1052 2657 1090 2684 Τὸ
1102 2658 1206 2692 δόγμα.
1218 2657 1239 2683 Β
1254 2657 1326 2692 delet
1339 2658 1380 2685 τό.

145 2692 199 2726 (25)
221 2692 291 2727 Τὴνῄ
301 2688 368 2717 οὖν.
386 2691 411 2727 A_
427 2690 454 2727 τί
467 2688 523 2717 οὖν.
639 2688 645 2691 ⁷
985 2688 1041 2727 (52)
1056 2688 1162 2720 Οίονείῖ
1176 2693 1196 2718 Α
1213 2692 1234 2718 Β
1244 2691 1310 2719 οἷον.

145 2727 198 2763 (git)
220 2725 350 2763 ξᾼπᾴπει.
361 2726 385 2751 Α
395 2725 529 2763 άπάγειν.
539 2760 549 2763 _
565 2760 573 2763 _
638 2761 643 2763 _
685 2761 692 2763 _
985 2728 1041 2763 (55)
1053 2728 1265 2763 Προσίσχετᾳι.
1283 2727 1304 2753 Α
1319 2728 1491 2763 προσέχεται.

144 2760 199 2794 (25)
219 2760 484 2793 Ἐκδιδασκόμεθα.
504 2760 725 2797 Δ-διδασκόμεθα.
985 2760 1041 2798 (δι)
1057 2760 1251 2798 Σαρκικνῆςηβ
1263 2760 1404 2800 σαρκίνης.

145 2795 200 2829 (26)
214 2796 312 2830 Ἔχει.
325 2795 348 2822 Δ
365 2793 387 2825 Β
402 2794 469 2830 ἕξει.

214 2796 312 2833 Ἔχει.
325 2796 348 2822 Δ
365 2796 387 2825 Β
402 2796 469 2830 ἕξει.
