1919 3069
82 94 124 120 tm
610 89 654 117 DE
673 88 781 117 ANIMA
799 88 843 116 E'l'
863 88 1164 117 RESURRELTiONE.

1659 93 1710 123 102

81 148 225 184 ἡκόλασις,
240 147 305 175 ὅσον
317 148 470 184 ἠλάττωται
489 147 529 183 τῷ
544 147 593 183 τῆς
619 148 716 179 κακίας
734 148 826 183 μέτρῳ
839 147 869 174 τὺ

922 146 1027 174 ﬂamma
1035 147 1186 180 doloriﬁea.
1198 149 1319 184 quandiu
1337 150 1420 178 fuerit
1433 151 1460 178 id
1477 152 1549 187 quod
1569 159 1628 180 eam
1643 154 1707 186 alat,

80 195 266 229 ὑποκείμενον.
286 194 346 230 Χρὴ
364 194 418 231 γὰρ
437 194 527 228 πάντη
544 194 591 220 καὶ
603 194 714 224 πάντως
727 193 871 228 ἐξαιρεθῆ-

79 241 119 266 val
140 248 204 266 ποτε
220 240 253 266 τὸ
274 240 359 266 κακδν
374 240 407 266 ὲκ
426 239 473 266 τοῦ
498 239 584 270 ὄντος,
603 239 651 266 καὶ
674 239 743 273 ὅπερ
767 239 796 264 ὲν
815 239 872 269 τοῖς

79 285 207 320 φθάσασιν
216 285 337 321 εἴρηται,
351 285 382 312 τδ
392 285 474 317 ὅντως
486 285 542 320 (76)
555 285 594 320 μὴ
609 284 650 316 ὃν,
662 284 722 319 μηδ’
735 281 805 310 εἶναι
816 283 872 317 (77)

77 331 149 366 ὅλως.
177 331 291 366 Ἐπειδὴ
319 330 372 366 γὰρ
394 330 446 363 ἔξω
468 331 517 365 τῆς
541 330 727 365 προαιρέσεως
749 330 767 364 ἡ
790 328 873 355 κακία

79 373 142 402 εἶναι
154 375 236 409 φύσιν
253 375 305 402 οὐχ
319 375 387 410 ἔχει,
401 376 465 401 ὅταν
479 375 554 401 πᾶσα
574 373 736 409 προαίρεσις
755 373 813 407 (78)
839 373 869 398 ἐν

78 421 113 456 τῷ
126 420 184 455 Θεῷ
198 420 325 456 γένηται,
345 422 385 453 είς
399 421 517 456 παντελῆ
531 420 711 456 ἁφανισμὸνή
731 419 814 446 κακία
829 419 867 454 μὴ

78 469 191 504 χωρήσει
206 468 278 503 (79).
294 468 333 503 τῷ
349 468 431 503 μηδὲν
445 467 528 502 αὐτῆς
542 466 740 502 ὑπολειφθῆναι
753 465 867 500 δοχεῖον.

919 193 1096 220 accendetur.
1127 194 1177 220 Cui
1206 195 1289 229 igitur
1316 203 1442 230 magnum
1470 197 1609 224 inhaeserit
1637 205 1709 226 onus

919 239 1071 271 materiale,
1094 239 1120 266 in
1147 247 1180 266 eo
1206 248 1319 268 necesse
1338 244 1381 267 est
1401 248 1525 276 magnam
1549 250 1582 270 ac
1603 243 1707 271 diutius

920 283 1063 311 durantem
1083 292 1146 312 esse
1166 284 1314 316 ﬂammam,
1331 292 1392 320 quas
1412 287 1553 313 materiam
1567 295 1626 315 eam
1640 296 1707 316 con-

921 335 1012 356 sumat
1037 338 1042 356 :
1063 329 1090 356 in
1118 337 1151 356 eo
1174 336 1250 360 vero.
1270 330 1315 357 cui
1340 330 1439 357 minori
1463 332 1552 366 spatio
1577 334 1707 368 temporis

921 373 993 407 ignis
1008 373 1054 400 ille
1081 381 1248 402 consumens
1269 374 1440 409 admovetur,
1455 380 1560 404 tantum
1574 378 1608 406 de
1626 379 1706 406 vehe-

922 419 1054 447 mentiore
1071 423 1153 454 atque
1176 421 1282 448 acriore
1303 422 1461 456 operatione
1482 430 1561 457 poma
1582 425 1704 458 remittit,

921 469 1066 499 quantum,
1084 464 1156 500 quod
1172 465 1206 492 ad
1223 466 1333 494 modum
1350 467 1509 496 vitiositatis
1522 469 1628 501 attinet.
1639 470 1705 498 sub-

75 513 174 547 jectum
196 514 284 541 fuerit
302 514 479 541 diminutum.
496 514 610 550 Oportet
624 515 698 542 enim
735 513 846 548 penitus
877 519 909 539 ac
927 519 1039 547 prorsus
1065 513 1212 548 aliquando
1230 514 1333 541 malum
1359 515 1441 542 eximi
1463 523 1495 543 ex
1518 523 1552 543 eo
1569 517 1641 551 quod
1662 522 1704 546 est

77 563 103 587 et
121 559 193 594 quod
217 560 246 587 in
270 560 461 595 superioribus
484 559 587 587 dictum
606 564 659 591 est,
694 559 720 587 id
745 559 817 594 quod
860 558 949 592 reipsa
973 565 1029 584 non
1057 562 1111 591 est,
1142 567 1178 586 ne
1203 567 1264 587 esse
1285 560 1394 595 quidem
1421 562 1544 589 omnino.
1572 561 1707 594 Quoniam

78 604 146 631 enim
167 612 199 632 ea
222 606 286 632 vitii
316 605 498 640 nequitiaque
521 609 620 632 natura
643 610 696 636 est,
727 609 757 631 ut
785 607 863 631 extra
882 603 1050 630 voluntatem
1066 607 1094 631 et
1117 604 1263 632 arbitrium
1297 614 1351 633 non
1376 606 1422 639 sit,
1445 614 1507 634 cum
1543 607 1632 635 omnis
1659 615 1706 635 vo-

80 652 165 679 luntas
186 657 214 680 et
234 660 323 680 omne
339 653 483 680 arbitrium
501 653 528 679 in
553 652 609 680 Deo
625 652 716 685 fuerit,
733 651 767 678 ad
804 650 956 678 absolutam
987 654 1070 685 atque
1095 650 1244 686 perfectam
1271 656 1299 680 et
1338 657 1487 681 extremam
1530 651 1705 681 abolitionem

78 700 104 723 et
126 696 268 723 interitum
297 696 432 724 vitiositas
454 696 605 731 redigetur,
627 700 657 723 ut
678 695 783 722 nullum
805 693 867 729 ejus
886 695 1090 729 receptaculum
1112 696 1292 731 relinquatur.

110 756 227 787 tum
238 759 265 787 τί
280 758 375 797 κέρδο;
383 761 438 798 (80)
444 764 493 799 τῆς
501 761 622 797 χρηστῆς
633 761 739 792 ἐλπίδος
750 760 818 795 (8i).
828 756 868 786 εἴ-

83 811 128 828 τον
141 804 205 836 ἐγὼ,
224 803 264 839 τῷ
286 804 454 841 λογιζομένῳ
468 807 530 833 ὅσον
549 807 607 833 ἐστὶ
618 806 701 833 κακὸν
716 806 762 832 καὶ
776 806 866 831 ἐνιαυ-

956 761 988 789 G.
998 762 1050 790 Sed
1062 761 1134 797 quod
1143 762 1249 790 lucrum
1262 766 1290 790 et
1301 769 1392 796 operte
1399 763 1518 798 pretium
1529 767 1582 795 est,
1594 768 1704 796 inquam

917 812 977 840 ego,
992 804 1073 839 hujus
1087 805 1165 832 home
1182 805 1238 840 spei
1251 807 1382 840 reputanti
1393 811 1524 842 quantum
1542 807 1578 835 sit
1593 808 1704 838 malum,

83 847 166 874 σιαίαν
178 848 234 882 (8Ξ)
252 845 341 885 μόνην
355 848 483 886 ὗποσχεῖν
496 851 643 886 ἀλγηδόνα,
667 852 692 877 εί
712 851 733 877 δ’
750 851 789 881 είς
804 849 868 877 αἰώ-

922 850 960 876 vel
979 857 1100 876 annuum
1126 850 1214 877 solum
1238 851 1375 878 sustinere
1401 852 1564 884 cruciatum,
1585 852 1658 886 quod
1682 853 1705 879 si

83 893 134 918 νιόν
148 901 173 918 τι
182 893 324 928 διάστημα
334 895 351 930 ἡ
367 896 478 931 ἄσχετος
488 897 578 931 ἐκείνη
589 897 667 931 ὀδύνη
685 895 866 932 παραταθείη,

82 938 120 970 τίς
131 939 162 965 ἐκ
175 936 292 975 (83)τῆς
305 940 417 976 ὕστερον
429 942 535 974 ἐλπίδος
550 942 739 969 ὑπολέλειπται
752 942 806 977 (84)
817 949 868 967 πα-

84 985 208 1019 ραμυθία,
224 982 248 1020 ᾧ
262 987 332 1022 πρὸς
351 987 411 1015 ὅλον
425 987 510 1014 αἰῶνα
525 988 758 1022 συνδιαμετρεῖται
781 988 797 1023 ἡ
821 986 868 1013 κό-

83 1027 166 1059 λασιςς
175 1030 255 1057 -—M.
265 1028 347 1057 τΩστε
359 1030 414 1066 (85)
425 1031 586 1066 προνοητέον
597 1030 613 1065 ἢ
627 1029 740 1057 καθόλου
751 1028 805 1055 τῶν
819 1029 869 1065 τῆς

83 1072 175 1104 κακίας
189 1072 244 1107 (86)
260 1071 442 1107 μολυσμάτων
455 1071 568 1105 φυλάξαι
583 1071 631 1106 τὴν
639 1071 727 1107 ψυχὴν
742 1071 828 1108 ἀμιγῆ
839 1081 869 1099 τε

84 1118 128 1144 καὶ
143 1116 329 1152 ἀκοινώνητον
341 1125 348 1132 ·
375 1117 392 1152 ἢ
417 1117 441 1143 εἰ
462 1117 541 1143 τοῦτο
560 1117 647 1153 πάντη
670 1118 810 1153 ἀμήχανον
826 1118 870 1145 διὰ

84 1163 112 1190 τὺ
127 1163 247 1198 ἑμπαθες
262 1163 323 1198 (87)
337 1162 386 1197 τῆς
401 1162 508 1197 φύσεως
529 1163 624 1198 ἡμῶν,
640 1163 677 1194 ὡς
693 1163 735 1190 ὅτι
753 1163 870 1198 μάλιστα

85 1208 111 1234 ἰν
135 1209 255 1244 μετρίοις
278 1209 338 1234 τισὶ
365 1209 412 1235 καὶ
432 1208 640 1243 εὐθεραπεύτοις
668 1207 737 1235 εἶναι
766 1208 798 1234 τὰ
822 1210 870 1244 τῆς

85 1255 178 1290 ἀρετῆς
197 1253 407 1288 ἀποτεύγματα.
430 1252 489 1280 Οἵδε
505 1254 558 1289 γὰρ
574 1254 590 1289 ἡ
611 1254 774 1288 εὖαγγελικὴ
798 1254 870 1280 διδα-

86 1299 176 1326 σκαλία
193 1300 240 1326 καὶ
252 1299 360 1335 μυρίων
372 1299 511 1334 ὀφειλέτην
522 1299 582 1326 τινὰ
596 1300 734 1326 ταλάντων
750 1299 869 1334 (88-89).

85 1346 126 1372 καὶ
141 1346 329 1373 πεντακοσίων
339 1345 484 1381 δηναρίων,
502 1345 548 1372 καὶ
566 1346 743 1381 πεντήκοντα,
761 1345 807 1372 καὶ
824 1353 870 1370 κο-

84 1392 189 1426 δράντου
212 1393 286 1424 τινὸς
305 1392 373 1427 (90),
398 1392 465 1426 ὅπερ
495 1392 526 1418 τὸ
540 1391 654 1426 ἔσχατόν
675 1392 747 1418 ἐστιν
770 1390 826 1426 (91)
843 1391 872 1416 ἐν

86 1439 227 1473 νομίσμασι
241 1446 247 1452 '
266 1438 319 1473 τὴν
333 1437 361 1464 δὲ
377 1436 424 1463 τοῦ
436 1436 504 1464 Θεοῦ
520 1437 627 1464 δικαίαν
644 1437 734 1473 κρίσιν
746 1436 789 1463 διὰ
803 1436 872 1463 πάν-

85 1492 134 1510 των
147 1483 285 1516 διεξιέναι,
309 1483 356 1509 καὶ
369 1482 407 1518 τῷ
427 1483 505 1518 βάρει
529 1482 575 1509 τοῦ
589 1483 744 1518 ὀφλήματος
760 1490 871 1509 συνεπι-

85 1529 218 1556 τείνουσαν
231 1529 283 1564 τὴν
297 1528 419 1563 ἀνάγκην
430 1529 477 1562 τῆς
489 1528 674 1563 ἀπαιτήσεως.
689 1528 737 1554 καὶ
745 1527 804 1554 οὐδὲ
814 1527 871 1562 (92)

84 1575 134 1600 τῶν
152 1574 343 1610 σμικροτάτων
363 1573 550 1609 ὑπερορῶσαν.
567 1571 622 1609 Τὴν
636 1573 664 1599 δὲ
679 1573 805 1600 ἀπόδοσιν
818 1572 872 1600 τῶν

84 1619 241 1654 ὀφλημάτων
259 1617 292 1645 τὸ
316 1619 480 1653 Εὑαγτέλιον
497 1615 573 1645 εἶπεν
598 1618 648 1644 οὐκ
671 1619 703 1644 ἐκ
724 1617 872 1653 χρημάτων

85 1664 227 1696 διαλύσεως
245 1664 380 1698 γίνεσθαι.
399 1664 467 1691 ἀλλὰ
481 1663 674 1700 παραδίδοσθαι
688 1665 745 1695 τοῖς
761 1663 872 1699 βασανι-

87 1713 154 1742 σταῖς
165 1711 210 1738 τὸν
223 1711 384 1746 ὑπόχρεων,
406 1710 459 1742 ἕως
479 1710 522 1742 ἃν,
540 1709 621 1745 φησὶν
632 1729 641 1742 ,
664 1709 755 1745 ἀποδῷ
771 1711 825 1736 πᾶν
841 1708 872 1735 τὸ

87 1757 270 1792 ὀφειλόμενον·
288 1757 357 1792 ὅπερ
371 1756 447 1783 οὐδὲν
462 1755 555 1791 ἔτερόν
571 1756 656 1786 ὲστιν,
675 1755 692 1790 ἢ
704 1755 751 1782 6ιά
766 1756 815 1790 τῆς
827 1755 873 1790 βα-

88 1802 162 1829 σάνου
170 1802 218 1837 τὴν
227 1801 384 1836 ἀναγκαίαν
394 1801 505 1835 ὀφειλὴν
515 1801 655 1833 ἀποτίσαι,
665 1800 695 1827 τὸ
706 1801 816 1836 ὕφλημα
823 1801 872 1836 τῆς

87 1847 136 1874 τῶν
149 1847 279 1882 λυπηρῶν
299 1847 453 1882 μετουσίας,
467 1843 504 1874 ὤν
518 1848 574 1881 (95)
589 1846 664 1882 παρὰ
676 1847 721 1873 τὸν
735 1847 792 1882 βίον
806 1847 873 1874 ὑπό·

88 1902 167 1929 xpeto;
176 1893 298 1928 ἐγένετο,
311 1894 397 1928 ἀμιγῆ
409 1902 439 1920 τε
450 1893 496 1920 καὶ
508 1893 624 1929 ἄκρατον
632 1893 679 1920 τοῦ
690 1893 812 1920 ἐναντίου
823 1893 872 1928 τὴν

87 1940 175 1976 ἡδονὴν
190 1941 243 1967 ὑπὸ
257 1940 388 1972 ἀϐουλίας
401 1940 537 1974 ἐλόμενος,
552 1941 598 1966 καὶ
613 1940 709 1972 οὕτως,
730 1939 802 1968 ἆπαν
816 1940 871 1976 (9-1)

87 1985 247 2021 ἀποθέμενος
259 1986 292 2013 τὸ
307 1986 445 2021 ἀλλότριον
459 1985 566 2019 ἑαυτοῦ,
581 1986 648 2022 ὅπερ
666 1986 740 2012 ἐστὶν
757 1987 773 2022 ἡ
787 1987 873 2022 ἀμαρ-

87 2031 136 2062 τέα,
148 2032 194 2058 καὶ
209 2031 259 2067 τὴν
273 2033 306 2059 ὲκ
321 2031 376 2058 τῶν
383 2031 548 2067 ὀφλημάτων
557 2032 687 2066 αἰσχύνην
698 2031 872 2067 ἀποδυσάμε-

87 2084 137 2107 νος.
144 2077 172 2103 ὲν
182 2076 328 2112 ἐλευθερίᾳ
339 2085 368 2103 τε
378 2076 425 2103 καὶ
436 2075 578 2112 παρρησίᾳ
588 2077 709 2111 γένηται.
722 2076 754 2102 Ἦ
764 2076 786 2102 δ’
797 2075 872 2102 ἐλευ-

88 2119 160 2154 θερία
184 2121 259 2148 ἐστιν
273 2121 292 2156 ἡ
309 2120 377 2156 πρὸς
391 2120 421 2147 τὸ
437 2121 584 2147 arguam
600 2128 628 2147 τε
642 2121 689 2147 καὶ
705 2119 872 2156 αὐτοκρατὲς

918 903 1006 931 usque
1022 895 1055 923 ad
1070 899 1203 923 aeternum
1220 895 1356 930 quoddam
1378 896 1550 924 intervallum
1575 897 1705 924 intolera-

918 941 982 968 bilis
1003 941 1048 968 ille
1072 941 1151 968 dolor
1167 945 1331 976 prorogetur
1345 961 1352 974 ,
1369 948 1493 975 quanam
1518 949 1550 968 ex
1568 942 1706 976 posterius

918 987 1011 1014 futura
1033 995 1081 1022 spe
1095 987 1249 1014 consolatio
1270 986 1436 1022 relinquitur
1455 987 1479 1014 ei
1496 987 1541 1014 cui
1559 987 1592 1014 ad
1619 991 1704 1014 totam

919 1032 1099 1059 aeternitatem
1124 1038 1211 1067 paenae
1234 1031 1332 1059 modus
1351 1038 1383 1058 ac
1406 1039 1535 1060 mensura
1553 1031 1706 1068 redigitur?

927 1074 993 1101 —M.
1005 1074 1099 1110 Itaque
1108 1074 1308 1110 providendum
1321 1075 1404 1103 fuerit
1415 1079 1446 1102 ut
1458 1076 1500 1102 vel
1512 1076 1623 1110 penitus
1635 1081 1663 1103 et
1678 1076 1707 1103 in

920 1120 1080 1148 universum
1107 1120 1142 1147 ab
1168 1120 1384 1155 inquinamentis
1418 1120 1575 1148 vitiositatis
1602 1120 1708 1155 integra

920 1170 1002 1201 atque
1014 1165 1104 1194 omnis
1116 1165 1289 1201 cognationis
1299 1173 1398 1201 expers
1411 1166 1501 1193 anima
1511 1171 1707 1198 conservetur;

921 1215 967 1238 aut
982 1211 1005 1239 si
1029 1212 1056 1238 id
1077 1216 1189 1247 propter
1206 1211 1320 1240 aﬂ‘ectus
1340 1216 1367 1239 et
1388 1211 1466 1244 vitia,
1485 1211 1586 1247 quibus
1610 1216 1709 1239 natura

921 1261 1014 1285 nostra
1028 1257 1147 1285 obnoxia
1164 1260 1216 1290 est,
1235 1257 1310 1284 nulla
1326 1257 1433 1286 ratione
1453 1264 1569 1293 prorsus
1584 1254 1708 1292 expediri

921 1311 952 1330 ac
976 1303 1035 1331 ﬁeri
1055 1306 1155 1339 potest,
1186 1306 1216 1330 ut
1235 1302 1262 1330 in
1282 1311 1364 1338 quam
1382 1304 1504 1332 maxime
1523 1303 1709 1331 mediocribus

921 1349 1086 1384 quibusdam
1104 1351 1259 1383 curatuque
1282 1344 1408 1376 facilibus
1429 1349 1538 1377 delictis
1555 1349 1710 1376 consistant

921 1395 1033 1422 virtutis
1057 1395 1231 1423 incommoda
1247 1399 1328 1431 atque
1353 1395 1527 1423 detrimenta.
1541 1394 1622 1431 Novit
1635 1396 1708 1423 enim

922 1440 1079 1475 evangelica
1093 1439 1219 1467 doctrina
1237 1444 1265 1468 et
1280 1439 1370 1467 decies
1390 1439 1463 1468 mille
1489 1441 1665 1473 talentorum,
1682 1444 1710 1468 et

922 1484 1136 1519 quingentorum
1147 1484 1323 1512 denariorum
1341 1487 1369 1512 et
1379 1485 1586 1520 quinquaginta,
1601 1489 1628 1513 et
1639 1493 1709 1521 qua-

923 1531 1028 1558 drantis
1052 1530 1181 1565 alicujus,
1202 1530 1276 1566 quod
1301 1531 1328 1558 in
1349 1535 1458 1558 moneta
1477 1537 1631 1559 extremum
1654 1536 1708 1564 est,

923 1575 1069 1611 quemdam
1088 1576 1258 1603 debitorem:
1276 1583 1308 1603 ac
1321 1576 1425 1611 justum
1442 1576 1487 1604 Dei
1501 1577 1635 1611 judicium
1653 1585 1711 1604 om-

925 1621 970 1648 nia
986 1621 1125 1656 persequi,
1141 1628 1247 1656 proque
1264 1622 1454 1656 magnitudine
1467 1621 1531 1649 :eris
1547 1622 1627 1649 alieni
1647 1630 1710 1657 pro-

923 1673 1021 1701 rogare
1037 1671 1064 1693 et
1078 1666 1225 1694 extendere
1242 1666 1434 1694 necessitatem
1457 1667 1611 1699 solutionis.
1630 1675 1662 1694 ac
1677 1676 1711 1695 ne

923 1711 1037 1740 minima
1052 1711 1162 1747 quidem
1174 1712 1316 1747 despicere
1328 1720 1360 1739 ac
1374 1713 1522 1748 praeterire.
1540 1712 1709 1741 Solutionem

922 1763 1013 1786 autem
1031 1758 1187 1785 debitorum
1203 1765 1259 1785 non
1274 1765 1306 1786 ex
1325 1759 1502 1793 pecuniarum
1517 1758 1658 1787 decisione
1678 1767 1710 1787 ac

922 1803 1106 1831 dissolutione
1123 1803 1182 1830 ﬁeri
1201 1802 1378 1838 Evangelium
1398 1803 1478 1836 dixit.
1498 1804 1545 1832 sed
1563 1805 1634 1832 tradi
1652 1808 1709 1832 tor-

922 1849 1030 1877 toribus
1046 1848 1209 1881 obmmtum,
1221 1848 1307 1877 donec
1324 1849 1444 1882 solverit,
1462 1850 1562 1885 inquit.
1575 1850 1710 1886 quidquid

923 1894 1026 1929 debet(
1043 1896 1115 1930 quod
1138 1894 1206 1922 nihil
1221 1893 1295 1922 aliud
1318 1899 1370 1927 est,
1392 1895 1445 1923 nisi
1468 1903 1517 1930 per
1543 1900 1710 1924 tormentum

922 1941 1112 1968 necessarium
1126 1947 1164 1969 aes
1178 1940 1297 1968 alienum
1311 1941 1428 1973 solvere,
1438 1941 1571 1974 debitum,
1588 1942 1709 1977 inquam,

923 1986 1144 2022 participationis
1159 1994 1252 2014 rerum
1272 1986 1393 2014 tristium
1413 1991 1440 2015 et
1454 1988 1625 2021 acerharum,
1640 1996 1709 2024 qua-

923 2039 982 2058 rum
1000 2032 1217 2066 participationis
1232 2039 1281 2067 per
1296 2036 1405 2067 tempus
1420 2032 1482 2060 vitae
1498 2032 1605 2061 debitor
1619 2034 1710 2062 factus

922 2081 974 2108 est,
991 2084 1054 2104 cum
1067 2084 1169 2104 meram
1183 2077 1370 2112 contrariique
1383 2077 1549 2106 admislione
1568 2086 1624 2106 non
1646 2083 1711 2107 tem-

923 2125 1043 2156 peratam
1069 2121 1238 2156 voluptatem
1264 2122 1374 2149 consilii
1402 2123 1554 2151 stoliditate
1578 2125 1710 2158 expetivit

87 2165 238 2200 ἐξομοίωσις
249 2185 258 2199 ,
283 2166 301 2201 ἡ
315 2165 375 2193 κατ’
389 2164 476 2201 ἀρχὰς
492 2164 540 2200 μὲν
556 2164 623 2200 ἡμῖν
640 2165 716 2202 παρὰ
731 2165 798 2192 Θεθῦ
814 2165 870 2200 (95)

923 2171 1005 2203 atque
1016 2166 1122 2202 elegit).
1137 2171 1220 2202 atque
1234 2167 1271 2195 ita
1292 2167 1337 2195 ubi
1354 2168 1488 2203 quidquid
1505 2176 1519 2195 a
1540 2177 1570 2197 se
1590 2170 1709 2197 alienum

87 2210 266 2247 δεδωρημένη,
277 2211 495 2245 συγκαλυφθεῐσα
502 2212 535 2246 τῇ
543 2211 597 2237 τῶν
603 2211 768 2246 ὀφλημάτων
778 2211 872 2247 aiax-.3.

87 2263 124 2291 νῃ.
142 2257 217 2283 Πᾶσα
224 2257 246 2283 δ’
261 2256 401 2291 ἐλευθερία
420 2256 470 2292 μία
483 2256 524 2288 τίς
533 2257 591 2283 ἑστι
602 2258 635 2292 τῇ
653 2257 732 2292 φύσει
742 2257 790 2284 κα)¹
803 2257 871 2293 πρὸς

88 2302 180 2338 ἑαυτὴν
188 2302 296 2334 οἰκείως
306 2303 373 2337 ἔχει.
382 2302 546 2335 Ἀκολούθως
556 2302 603 2330 οὖν
615 2303 669 2329 πᾶν
680 2302 735 2338 (96)
749 2303 780 2329 τὸ
794 2303 872 2330 ἐλεύ-

89 2346 160 2383 θερον
172 2347 210 2383 τῷ
229 2347 316 2383 ὁμοίῳ
330 2347 582 2384 συναρμοσθήσεται
594 2356 602 2363 ⁸
620 2348 705 2385 ἀρετὴ
717 2348 745 2374 δὲ
760 2348 872 2375 ἀδέσπο-

121 2448 175 2481 (76)
197 2448 231 2484 Td
249 2449 352 2481 ὅντως.
371 2448 427 2484 ΑΒ
440 2448 479 2484 τῷ
493 2448 561 2475 ὄντι.

75 2494 85 2501 ε-
100 2508 105 2518 ,
121 2484 175 2519 (77)
192 2482 278 2511 Εἶναι
295 2484 366 2511 delet
386 2483 416 2510 Β.

120 2517 173 2553 (78)
193 2519 280 2546 Πᾶσα
294 2518 466 2553 προαίρεσις
481 2517 551 2545 delet
566 2517 596 2544 Β.

122 2554 175 2586 (79)
194 2553 242 2586 Μὴ
258 2552 398 2587 χωρήσει.
413 2554 434 2579 Λ
450 2554 470 2578 Β
490 2552 698 2588 μεταχωρήσειε.

120 2588 174 2621 (se)
193 2588 271 2622 Κέρδ

121 2624 174 2657 (Si)
200 2621 349 2655 Ἐλπίδος.
364 2624 385 2649 Δ
404 2623 424 2648 Β
439 2621 540 2657 ταύτης
556 2621 673 2654 ἐλπίδος.

121 2658 173 2691 (81)
199 2658 412 2685 Ἐνιαυσιαίαν.
432 2658 452 2683 Β
467 2657 610 2684 ἐνιαύσιον.

121 2693 173 2728 (85)
195 2694 243 2724 Τίς
254 2693 298 2720 ἐκ.
317 2694 339 2718 Α
357 2693 424 2728 τίςὴ
442 2693 483 2728 ἐκ.

122 2729 174 2758 (8i)
197 2727 462 2754 ’ΥπολέλειπταιΒ
475 2727 660 2754 ὑπολείπεται.

122 2729 163 2758 (8b
197 2729 403 2754 ’Υπολέλειπτι

195 2763 296 2799 Ἷζστε.
353 2762 403 2788 ὅτι.

132 2797 175 2833 86)
197 2797 254 2832 Τῆς
269 2797 385 2830 κακίας.
405 2797 460 2831 Τῆς
477 2797 548 2826 delet
561 2797 595 2832 Δ,
618 2798 666 2827 sed
695 2798 714 2826 Β
737 2799 817 2827 habet
839 2799 872 2826 ἐκ

272 2598 315 2629 ος.
334 2591 355 2614 Δ
405 2588 435 2629 ,τὸ
448 2588 553 2629 κέρδος.

924 2217 976 2244 est.
992 2211 1019 2239 id
1033 2216 1076 2240 est
1093 2216 1233 2247 peceatum
1248 2212 1407 2248 deposuerit
1418 2217 1446 2241 et
1465 2214 1606 2249 ahjeeerit,
1622 2215 1710 2250 pudo—

925 2266 1049 2294 remque,
1075 2267 1155 2293 quem
1170 2267 1204 2287 ex
1219 2259 1319 2288 debitis
1340 2264 1526 2292 contraxerat.
1548 2261 1665 2294 exuerit,
1682 2262 1709 2288 in

925 2304 1050 2332 libertate
1067 2306 1150 2333 simul
1172 2310 1199 2334 et
1217 2305 1316 2334 ﬁducia
1333 2310 1470 2334 versetur.
1494 2307 1581 2335 Porro
1595 2307 1710 2335 libertas

924 2354 967 2379 est
983 2350 1147 2380 assimilatio
1169 2356 1197 2380 et
1218 2353 1373 2388 exaequatio
1388 2360 1457 2388 cum
1473 2361 1506 2382 eo
1528 2354 1600 2389 quod
1621 2353 1710 2381 domi-

924 2449 1032 2476 κακίας.

959 2459 1200 2523 ἴέῖῗζᾜμπαᾷες.
1216 2488 1282 2523 ΑΒ.
1301 2487 1430 2523 ἐμπαθές.

959 2521 1066 2554 (88-89)
1091 2522 1157 2548 Τινίι
1172 2521 1335 2550 ταλάντωίκ
1353 2523 1372 2548 Β
1387 2523 1524 2549 τα)άντων
1544 2522 1614 2550 τινά.

960 2555 1017 2590 (90)
1039 2556 1132 2588 Τινός.
1154 2556 1175 2582 Β
1195 2557 1279 2589 Ἐνός.

959 2590 1016 2628 (9i)
1038 2590 1125 2628 ζατερ
1139 2591 1172 2628 τὸ
1183 2591 1255 2628 sex.
1275 2592 1299 2620 ἐ.
1319 2592 1338 2618 Β
1351 2593 1418 2628 ὅπερ
1434 2592 1492 2618 tu).
1505 2591 1535 2618 τὸ
1550 2592 1673 2626 ἔσχατον.

958 2625 1015 2660 (92)
1035 2625 1122 2660 ρῠδέ.
1141 2625 1270 2660 nemo.

957 2657 1014 2694 (95)
1034 2657 1100 2686 τον.
1119 2660 1140 2686 B
1156 2657 1188 2695 ᾧ.

958 2695 1015 2730 (94)
1036 2696 1129 2722 Ὅταν
1144 2695 1213 2723 delet
1227 2697 1257 2723 Β.

958 2729 1014 2765 (95)
1035 2730 1115 2763 Παρὰ
1129 2731 1212 2757 Θεοῦ.
1229 2732 1250 2758 Δ
1266 2732 1348 2760 noxa
1360 2732 1405 2759 τοῦ
1419 2729 1498 2758 Θεοῦ.

959 2766 1014 2801 (96)
1035 2765 1099 2793 mir
1114 2766 1185 2793 delet
1199 2766 1229 2794 Β.
