  <div class='ocr_page' id='page_1' title='image "/cluster/home/n/w/nwhite01/storage/ocr_20150623/46/njp.32101077772604/062.png"; bbox 0 0 1919 3069; ppageno 0'>
   <div class='ocr_carea' id='block_1_1' title="bbox 72 28 121 55">
    <p class='ocr_par' dir='ltr' id='par_1_1' title="bbox 72 28 121 55">
     <span class='ocr_line' id='line_1_1' title="bbox 72 28 121 55; baseline 0 0"><span class='ocrx_word' id='word_1_1' title='bbox 72 28 121 55; x_wconf 74' lang='grc'><strong>105</strong></span> 
     </span>
    </p>
   </div>
   <div class='ocr_carea' id='block_1_2' title="bbox 679 24 1096 54">
    <p class='ocr_par' dir='ltr' id='par_1_2' title="bbox 679 24 1096 54">
     <span class='ocr_line' id='line_1_2' title="bbox 679 24 1096 54; baseline 0 0"><span class='ocrx_word' id='word_1_2' title='bbox 679 24 711 54; x_wconf 75' lang='lat' dir='ltr'><strong>IN</strong></span> <span class='ocrx_word' id='word_1_3' title='bbox 732 26 823 54; x_wconf 80' lang='grc' dir='ltr'><strong>ΠΕΧΑ</strong></span> <span class='ocrx_word' id='word_1_4' title='bbox 829 25 967 54; x_wconf 77' lang='lat' dir='ltr'><strong>EMERON</strong></span> <span class='ocrx_word' id='word_1_5' title='bbox 985 27 1096 54; x_wconf 77' lang='lat' dir='ltr'><strong>LIBER.</strong></span> 
     </span>
    </p>
   </div>
   <div class='ocr_carea' id='block_1_3' title="bbox 1643 27 1694 57">
    <p class='ocr_par' dir='ltr' id='par_1_3' title="bbox 1643 27 1694 57">
     <span class='ocr_line' id='line_1_3' title="bbox 1643 27 1694 57; baseline 0 0"><span class='ocrx_word' id='word_1_6' title='bbox 1643 27 1694 57; x_wconf 77' lang='grc'><strong>1116</strong></span> 
     </span>
    </p>
   </div>
   <div class='ocr_carea' id='block_1_4' title="bbox 70 85 871 124">
    <p class='ocr_par' dir='ltr' id='par_1_4' title="bbox 70 85 868 124">
     <span class='ocr_line' id='line_1_4' title="bbox 70 85 868 124; baseline -0.003 -9"><span class='ocrx_word' id='word_1_7' title='bbox 70 90 102 116; x_wconf 74' lang='grc' dir='ltr'>ἂν</span> <span class='ocrx_word' id='word_1_8' title='bbox 119 91 187 116; x_wconf 75' lang='grc' dir='ltr'>πᾶσι</span> <span class='ocrx_word' id='word_1_9' title='bbox 203 89 238 115; x_wconf 82' lang='grc' dir='ltr'>τὸ</span> <span class='ocrx_word' id='word_1_10' title='bbox 259 90 404 124; x_wconf 85' lang='grc' dir='ltr'>γινόμενον</span> <span class='ocrx_word' id='word_1_11' title='bbox 420 85 463 124; x_wconf 84' lang='grc' dir='ltr'><strong>ἦν,</strong></span> <span class='ocrx_word' id='word_1_12' title='bbox 487 89 531 115; x_wconf 86' lang='grc' dir='ltr'><strong>διὰ</strong></span> <span class='ocrx_word' id='word_1_13' title='bbox 545 88 592 115; x_wconf 84' lang='grc' dir='ltr'>τοῦ</span> <span class='ocrx_word' id='word_1_14' title='bbox 605 88 729 123; x_wconf 79' lang='grc' dir='ltr'>δέχεσθαι</span> <span class='ocrx_word' id='word_1_15' title='bbox 753 88 783 114; x_wconf 83' lang='grc' dir='ltr'><strong>τὺ</strong></span> <span class='ocrx_word' id='word_1_16' title='bbox 799 85 868 118; x_wconf 85' lang='grc' dir='ltr'>εἶδος</span> 
     </span>
    </p>
   </div>
   <div class='ocr_carea' id='block_1_5' title="bbox 921 85 1692 124">
    <p class='ocr_par' dir='ltr' id='par_1_5' title="bbox 921 85 1692 124">
     <span class='ocr_line' id='line_1_5' title="bbox 921 85 1692 124; baseline 0.003 -10"><span class='ocrx_word' id='word_1_17' title='bbox 921 88 1042 122; x_wconf 81' lang='lat' dir='ltr'><strong>siniaque</strong></span> <span class='ocrx_word' id='word_1_18' title='bbox 1062 91 1158 114; x_wconf 87' lang='lat' dir='ltr'><strong>natura</strong></span> <span class='ocrx_word' id='word_1_19' title='bbox 1172 88 1199 114; x_wconf 93' lang='lat' dir='ltr'><strong>in</strong></span> <span class='ocrx_word' id='word_1_20' title='bbox 1218 87 1363 122; x_wconf 79' lang='lat' dir='ltr'><strong>vaporibus</strong></span> <span class='ocrx_word' id='word_1_21' title='bbox 1373 93 1423 121; x_wconf 79' lang='lat' dir='ltr'><strong>est,</strong></span> <span class='ocrx_word' id='word_1_22' title='bbox 1440 85 1466 115; x_wconf 86' lang='lat' dir='ltr'><strong>hi</strong></span> <span class='ocrx_word' id='word_1_23' title='bbox 1482 96 1547 116; x_wconf 84' lang='lat' dir='ltr'><strong>vero</strong></span> <span class='ocrx_word' id='word_1_24' title='bbox 1567 96 1599 115; x_wconf 89' lang='lat' dir='ltr'><strong>eo</strong></span> <span class='ocrx_word' id='word_1_25' title='bbox 1612 97 1692 124; x_wconf 87' lang='lat' dir='ltr'><strong>quem</strong></span> 
     </span>
    </p>
   </div>
   <div class='ocr_carea' id='block_1_6' title="bbox 69 132 867 169">
    <p class='ocr_par' dir='ltr' id='par_1_6' title="bbox 69 132 867 169">
     <span class='ocr_line' id='line_1_6' title="bbox 69 132 867 169; baseline -0.005 -8"><span class='ocrx_word' id='word_1_26' title='bbox 69 134 257 169; x_wconf 79' lang='grc' dir='ltr'>δεικνύμενον.</span> <span class='ocrx_word' id='word_1_27' title='bbox 280 135 356 161; x_wconf 77' lang='grc' dir='ltr'>Ἐπεὶ</span> <span class='ocrx_word' id='word_1_28' title='bbox 370 134 398 161; x_wconf 75' lang='grc' dir='ltr'>δὲ</span> <span class='ocrx_word' id='word_1_29' title='bbox 409 133 439 160; x_wconf 82' lang='grc' dir='ltr'>τὸ</span> <span class='ocrx_word' id='word_1_30' title='bbox 451 132 613 160; x_wconf 81' lang='grc' dir='ltr'>λεπτότατόν</span> <span class='ocrx_word' id='word_1_31' title='bbox 626 141 654 159; x_wconf 84' lang='grc' dir='ltr'><strong>τε</strong></span> <span class='ocrx_word' id='word_1_32' title='bbox 667 133 714 159; x_wconf 81' lang='grc' dir='ltr'>καὶ</span> <span class='ocrx_word' id='word_1_33' title='bbox 723 132 867 158; x_wconf 84' lang='grc' dir='ltr'>διειδέστα-</span> 
     </span>
    </p>
   </div>
   <div class='ocr_carea' id='block_1_7' title="bbox 72 177 865 214">
    <p class='ocr_par' dir='ltr' id='par_1_7' title="bbox 72 177 865 214">
     <span class='ocr_line' id='line_1_7' title="bbox 72 177 865 214; baseline -0.004 -8"><span class='ocrx_word' id='word_1_34' title='bbox 72 189 116 206; x_wconf 88' lang='grc' dir='ltr'><strong>τον</strong></span> <span class='ocrx_word' id='word_1_35' title='bbox 135 180 188 214; x_wconf 78' lang='grc' dir='ltr'>τῆς</span> <span class='ocrx_word' id='word_1_36' title='bbox 204 180 264 206; x_wconf 81' lang='grc' dir='ltr'><strong>τῶν</strong></span> <span class='ocrx_word' id='word_1_37' title='bbox 285 180 389 206; x_wconf 75' lang='grc' dir='ltr'>ὑδάτων</span> <span class='ocrx_word' id='word_1_38' title='bbox 405 180 513 214; x_wconf 83' lang='grc' dir='ltr'>φύσεως</span> <span class='ocrx_word' id='word_1_39' title='bbox 532 179 561 205; x_wconf 82' lang='grc' dir='ltr'>ὲν</span> <span class='ocrx_word' id='word_1_40' title='bbox 573 180 628 210; x_wconf 87' lang='grc' dir='ltr'>τοῖς</span> <span class='ocrx_word' id='word_1_41' title='bbox 646 179 741 213; x_wconf 80' lang='grc' dir='ltr'><strong>ἀτμοῖς</strong></span> <span class='ocrx_word' id='word_1_42' title='bbox 752 177 865 212; x_wconf 74' lang='grc' dir='ltr'>γίνεται,</span> 
     </span>
    </p>
   </div>
   <div class='ocr_carea' id='block_1_8' title="bbox 70 223 866 261">
    <p class='ocr_par' dir='ltr' id='par_1_8' title="bbox 70 223 866 261">
     <span class='ocr_line' id='line_1_8' title="bbox 70 223 866 261; baseline -0.001 -10"><span class='ocrx_word' id='word_1_43' title='bbox 70 223 140 252; x_wconf 73' lang='grc' dir='ltr'>οὗτοι</span> <span class='ocrx_word' id='word_1_44' title='bbox 147 225 175 251; x_wconf 78' lang='grc' dir='ltr'>δὲ</span> <span class='ocrx_word' id='word_1_45' title='bbox 186 225 262 251; x_wconf 77' lang='grc' dir='ltr'>κατὰ</span> <span class='ocrx_word' id='word_1_46' title='bbox 279 225 324 252; x_wconf 67' lang='grc' dir='ltr'><strong>τὸν</strong></span> <span class='ocrx_word' id='word_1_47' title='bbox 333 225 579 261; x_wconf 78' lang='grc' dir='ltr'>προαποδειχθέντα</span> <span class='ocrx_word' id='word_1_48' title='bbox 586 225 664 258; x_wconf 88' lang='grc' dir='ltr'>λόγον</span> <span class='ocrx_word' id='word_1_49' title='bbox 675 223 866 259; x_wconf 74' lang='grc' dir='ltr'>ὲναποθέμενοι</span> 
     </span>
    </p>
   </div>
   <div class='ocr_carea' id='block_1_9' title="bbox 70 269 868 306">
    <p class='ocr_par' dir='ltr' id='par_1_9' title="bbox 70 269 868 306">
     <span class='ocr_line' id='line_1_9' title="bbox 70 269 868 306; baseline -0.003 -10"><span class='ocrx_word' id='word_1_50' title='bbox 70 272 108 305; x_wconf 73' lang='grc' dir='ltr'>τῷ</span> <span class='ocrx_word' id='word_1_51' title='bbox 123 271 190 305; x_wconf 72' lang='grc' dir='ltr'>πυρὶ</span> <span class='ocrx_word' id='word_1_52' title='bbox 200 271 254 305; x_wconf 82' lang='grc' dir='ltr'>τὴν</span> <span class='ocrx_word' id='word_1_53' title='bbox 273 271 361 306; x_wconf 77' lang='grc' dir='ltr'>ὑγρὰν</span> <span class='ocrx_word' id='word_1_54' title='bbox 376 271 514 305; x_wconf 70' lang='grc' dir='ltr'>ποιότητα,</span> <span class='ocrx_word' id='word_1_55' title='bbox 523 269 589 306; x_wconf 81' lang='grc' dir='ltr'>πρὸς</span> <span class='ocrx_word' id='word_1_56' title='bbox 598 270 627 296; x_wconf 77' lang='grc' dir='ltr'>τὸ</span> <span class='ocrx_word' id='word_1_57' title='bbox 636 270 715 306; x_wconf 66' lang='grc' dir='ltr'>ξηρὸν</span> <span class='ocrx_word' id='word_1_58' title='bbox 723 269 868 304; x_wconf 68' lang='grc' dir='ltr'>ἠλλοιώθη-</span> 
     </span>
    </p>
   </div>
   <div class='ocr_carea' id='block_1_10' title="bbox 72 314 866 351">
    <p class='ocr_par' dir='ltr' id='par_1_10' title="bbox 72 314 866 351">
     <span class='ocr_line' id='line_1_10' title="bbox 72 314 866 351; baseline -0.004 -8"><span class='ocrx_word' id='word_1_59' title='bbox 72 324 127 343; x_wconf 82' lang='grc' dir='ltr'>σαν·</span> <span class='ocrx_word' id='word_1_60' title='bbox 136 316 250 351; x_wconf 75' lang='grc' dir='ltr'>ἀνάγκη</span> <span class='ocrx_word' id='word_1_61' title='bbox 261 316 474 350; x_wconf 79' lang='grc' dir='ltr'>πᾶσα,καθαρδν</span> <span class='ocrx_word' id='word_1_62' title='bbox 485 316 564 342; x_wconf 82' lang='grc' dir='ltr'>τοῦτο</span> <span class='ocrx_word' id='word_1_63' title='bbox 573 316 621 342; x_wconf 82' lang='grc' dir='ltr'>καὶ</span> <span class='ocrx_word' id='word_1_64' title='bbox 630 315 745 351; x_wconf 81' lang='grc' dir='ltr'><strong>ἀερῶδες</strong></span> <span class='ocrx_word' id='word_1_65' title='bbox 755 314 866 347; x_wconf 78' lang='grc' dir='ltr'>οἴεσθαι,</span> 
     </span>
    </p>
   </div>
   <div class='ocr_carea' id='block_1_11' title="bbox 69 360 869 397">
    <p class='ocr_par' dir='ltr' id='par_1_11' title="bbox 69 360 869 397">
     <span class='ocr_line' id='line_1_11' title="bbox 69 360 869 397; baseline -0.004 -9"><span class='ocrx_word' id='word_1_66' title='bbox 69 364 109 389; x_wconf 71' lang='grc' dir='ltr'>ὄτι</span> <span class='ocrx_word' id='word_1_67' title='bbox 122 363 188 388; x_wconf 78' lang='grc' dir='ltr'>ποτὲ</span> <span class='ocrx_word' id='word_1_68' title='bbox 200 363 251 388; x_wconf 72' lang='grc' dir='ltr'>καὶ</span> <span class='ocrx_word' id='word_1_69' title='bbox 267 360 339 389; x_wconf 79' lang='grc' dir='ltr'>εἶναι</span> <span class='ocrx_word' id='word_1_70' title='bbox 349 362 413 389; x_wconf 71' lang='grc' dir='ltr'>αὐτὸ</span> <span class='ocrx_word' id='word_1_71' title='bbox 426 361 650 397; x_wconf 74' lang='grc' dir='ltr'>καταλαμϐάνειή</span> <span class='ocrx_word' id='word_1_72' title='bbox 657 360 744 387; x_wconf 82' lang='grc' dir='ltr'>ἔννοια</span> <span class='ocrx_word' id='word_1_73' title='bbox 750 360 779 386; x_wconf 82' lang='grc' dir='ltr'>τὸ</span> <span class='ocrx_word' id='word_1_74' title='bbox 788 361 820 395; x_wconf 83' lang='grc' dir='ltr'>τῇ</span> <span class='ocrx_word' id='word_1_75' title='bbox 829 360 869 386; x_wconf 84' lang='grc' dir='ltr'>λε-</span> 
     </span>
    </p>
   </div>
   <div class='ocr_carea' id='block_1_12' title="bbox 70 405 868 444">
    <p class='ocr_par' dir='ltr' id='par_1_12' title="bbox 70 405 868 444">
     <span class='ocr_line' id='line_1_12' title="bbox 70 405 868 444; baseline -0.004 -10"><span class='ocrx_word' id='word_1_76' title='bbox 70 409 182 443; x_wconf 66' lang='grc' dir='ltr'>πτότητι</span> <span class='ocrx_word' id='word_1_77' title='bbox 190 408 346 443; x_wconf 75' lang='grc' dir='ltr'><strong>διαφεῦγον</strong></span> <span class='ocrx_word' id='word_1_78' title='bbox 352 408 400 444; x_wconf 87' lang='grc' dir='ltr'>τὴν</span> <span class='ocrx_word' id='word_1_79' title='bbox 408 408 581 443; x_wconf 77' lang='grc' dir='ltr'><strong>κατανόησιν.</strong></span> <span class='ocrx_word' id='word_1_80' title='bbox 594 407 625 434; x_wconf 84' lang='grc' dir='ltr'><strong>Εἰ</strong></span> <span class='ocrx_word' id='word_1_81' title='bbox 633 406 661 433; x_wconf 83' lang='grc' dir='ltr'>δὲ</span> <span class='ocrx_word' id='word_1_82' title='bbox 675 407 724 441; x_wconf 83' lang='grc' dir='ltr'>τῆς</span> <span class='ocrx_word' id='word_1_83' title='bbox 730 406 777 432; x_wconf 80' lang='grc' dir='ltr'>τοῦ</span> <span class='ocrx_word' id='word_1_84' title='bbox 789 405 868 439; x_wconf 83' lang='grc' dir='ltr'>λόγου</span> 
     </span>
    </p>
   </div>
   <div class='ocr_carea' id='block_1_13' title="bbox 71 452 867 490">
    <p class='ocr_par' dir='ltr' id='par_1_13' title="bbox 71 452 867 490">
     <span class='ocr_line' id='line_1_13' title="bbox 71 452 867 490; baseline -0.005 -9"><span class='ocrx_word' id='word_1_85' title='bbox 71 455 255 490; x_wconf 77' lang='grc' dir='ltr'>καταλήψεως</span> <span class='ocrx_word' id='word_1_86' title='bbox 272 454 500 489; x_wconf 75' lang='grc' dir='ltr'><strong>ἀξιοπιστοτέραν</strong></span> <span class='ocrx_word' id='word_1_87' title='bbox 514 453 599 480; x_wconf 71' lang='grc' dir='ltr'>οἴεταί</span> <span class='ocrx_word' id='word_1_88' title='bbox 615 461 656 484; x_wconf 88' lang='grc' dir='ltr'><strong>τις</strong></span> <span class='ocrx_word' id='word_1_89' title='bbox 669 454 718 488; x_wconf 82' lang='grc' dir='ltr'>τὴν</span> <span class='ocrx_word' id='word_1_90' title='bbox 732 452 867 486; x_wconf 83' lang='grc' dir='ltr'>αῐσθησιν,</span> 
     </span>
    </p>
   </div>
   <div class='ocr_carea' id='block_1_14' title="bbox 71 497 866 535">
    <p class='ocr_par' dir='ltr' id='par_1_14' title="bbox 71 497 866 535">
     <span class='ocr_line' id='line_1_14' title="bbox 71 497 866 535; baseline -0.006 -9"><span class='ocrx_word' id='word_1_91' title='bbox 71 500 115 527; x_wconf 74' lang='grc' dir='ltr'>καὶ</span> <span class='ocrx_word' id='word_1_92' title='bbox 129 499 212 535; x_wconf 78' lang='grc' dir='ltr'>ζητεῖ</span> <span class='ocrx_word' id='word_1_93' title='bbox 228 499 273 534; x_wconf 79' lang='grc' dir='ltr'>τῷ</span> <span class='ocrx_word' id='word_1_94' title='bbox 293 499 425 534; x_wconf 76' lang='grc' dir='ltr'>ὀφθαλμῷ</span> <span class='ocrx_word' id='word_1_95' title='bbox 439 500 501 530; x_wconf 80' lang='grc' dir='ltr'>τοὺς</span> <span class='ocrx_word' id='word_1_96' title='bbox 514 498 626 533; x_wconf 73' lang='grc' dir='ltr'>ἀμερεῖς</span> <span class='ocrx_word' id='word_1_97' title='bbox 644 502 673 524; x_wconf 76' lang='grc' dir='ltr'><strong>τε</strong></span> <span class='ocrx_word' id='word_1_98' title='bbox 690 497 738 523; x_wconf 72' lang='grc' dir='ltr'>καὶ</span> <span class='ocrx_word' id='word_1_99' title='bbox 754 497 866 530; x_wconf 73' lang='grc' dir='ltr'>ἀφανεῖς</span> 
     </span>
    </p>
   </div>
   <div class='ocr_carea' id='block_1_15' title="bbox 72 542 868 579">
    <p class='ocr_par' dir='ltr' id='par_1_15' title="bbox 72 542 868 579">
     <span class='ocr_line' id='line_1_15' title="bbox 72 542 868 579; baseline -0.006 -7"><span class='ocrx_word' id='word_1_100' title='bbox 72 546 192 577; x_wconf 68' lang='grc' dir='ltr'>ἐκείνους</span> <span class='ocrx_word' id='word_1_101' title='bbox 215 545 321 579; x_wconf 72' lang='grc' dir='ltr'>ὄγκους</span> <span class='ocrx_word' id='word_1_102' title='bbox 351 544 516 571; x_wconf 82' lang='grc' dir='ltr'>θεάσασθαι·</span> <span class='ocrx_word' id='word_1_103' title='bbox 539 543 627 576; x_wconf 73' lang='grc' dir='ltr'>ἔξεστι</span> <span class='ocrx_word' id='word_1_104' title='bbox 652 542 690 577; x_wconf 82' lang='grc' dir='ltr'>τῷ</span> <span class='ocrx_word' id='word_1_105' title='bbox 714 542 868 577; x_wconf 74' lang='grc' dir='ltr'><strong>βουλομένῳ</strong></span> 
     </span>
    </p>
   </div>
   <div class='ocr_carea' id='block_1_16' title="bbox 72 589 867 625">
    <p class='ocr_par' dir='ltr' id='par_1_16' title="bbox 72 589 867 625">
     <span class='ocr_line' id='line_1_16' title="bbox 72 589 867 625; baseline -0.005 -7"><span class='ocrx_word' id='word_1_106' title='bbox 72 591 166 618; x_wconf 75' lang='grc' dir='ltr'>ναστὸν</span> <span class='ocrx_word' id='word_1_107' title='bbox 176 591 235 618; x_wconf 83' lang='grc' dir='ltr'><strong>τῶν</strong></span> <span class='ocrx_word' id='word_1_108' title='bbox 245 591 378 617; x_wconf 74' lang='grc' dir='ltr'><strong>τοιούτων</strong></span> <span class='ocrx_word' id='word_1_109' title='bbox 392 591 491 625; x_wconf 84' lang='grc' dir='ltr'>μορίων</span> <span class='ocrx_word' id='word_1_110' title='bbox 503 590 550 616; x_wconf 83' lang='grc' dir='ltr'><strong>τὸν</strong></span> <span class='ocrx_word' id='word_1_111' title='bbox 562 589 631 625; x_wconf 81' lang='grc' dir='ltr'>ἀέρα</span> <span class='ocrx_word' id='word_1_112' title='bbox 644 589 719 619; x_wconf 82' lang='grc' dir='ltr'>ἰδεῖν,</span> <span class='ocrx_word' id='word_1_113' title='bbox 732 589 795 615; x_wconf 78' lang='grc' dir='ltr'>ὅταν</span> <span class='ocrx_word' id='word_1_114' title='bbox 808 589 867 614; x_wconf 77' lang='lat' dir='ltr'><strong>sia-</strong></span> 
     </span>
    </p>
   </div>
   <div class='ocr_carea' id='block_1_17' title="bbox 73 633 867 673">
    <p class='ocr_par' dir='ltr' id='par_1_17' title="bbox 73 633 867 673">
     <span class='ocr_line' id='line_1_17' title="bbox 73 633 867 673; baseline -0.005 -9"><span class='ocrx_word' id='word_1_115' title='bbox 73 638 181 673; x_wconf 81' lang='grc' dir='ltr'>χεθείσα</span> <span class='ocrx_word' id='word_1_116' title='bbox 197 637 244 664; x_wconf 80' lang='grc' dir='ltr'><strong>διὰ</strong></span> <span class='ocrx_word' id='word_1_117' title='bbox 260 636 370 672; x_wconf 81' lang='grc' dir='ltr'><strong>θυρίδος</strong></span> <span class='ocrx_word' id='word_1_118' title='bbox 384 636 465 667; x_wconf 72' lang='grc' dir='ltr'>αὐτὸς</span> <span class='ocrx_word' id='word_1_119' title='bbox 476 656 483 667; x_wconf 85' lang='lat'><strong>,</strong></span> <span class='ocrx_word' id='word_1_120' title='bbox 501 635 676 670; x_wconf 80' lang='grc' dir='ltr'><strong>ἐκδηλότερον</strong></span> <span class='ocrx_word' id='word_1_121' title='bbox 697 635 796 670; x_wconf 81' lang='grc' dir='ltr'><strong>ποιήσῃ</strong></span> <span class='ocrx_word' id='word_1_122' title='bbox 819 633 867 660; x_wconf 83' lang='grc' dir='ltr'><strong>τοῦ</strong></span> 
     </span>
    </p>
   </div>
   <div class='ocr_carea' id='block_1_18' title="bbox 74 680 866 718">
    <p class='ocr_par' dir='ltr' id='par_1_18' title="bbox 74 680 866 718">
     <span class='ocr_line' id='line_1_18' title="bbox 74 680 866 718; baseline -0.004 -9"><span class='ocrx_word' id='word_1_123' title='bbox 74 684 152 718; x_wconf 76' lang='grc' dir='ltr'>ἀέρος</span> <span class='ocrx_word' id='word_1_124' title='bbox 172 683 269 709; x_wconf 77' lang='grc' dir='ltr'>ἐκεῖνο</span> <span class='ocrx_word' id='word_1_125' title='bbox 282 702 290 713; x_wconf 85' lang='grc'><strong><em>,</em></strong></span> <span class='ocrx_word' id='word_1_126' title='bbox 314 683 377 709; x_wconf 84' lang='grc' dir='ltr'>ὅσον</span> <span class='ocrx_word' id='word_1_127' title='bbox 400 682 432 709; x_wconf 78' lang='grc' dir='ltr'>ἂν</span> <span class='ocrx_word' id='word_1_128' title='bbox 455 681 500 708; x_wconf 81' lang='grc' dir='ltr'><strong>διὰ</strong></span> <span class='ocrx_word' id='word_1_129' title='bbox 524 682 572 716; x_wconf 82' lang='grc' dir='ltr'>τῆς</span> <span class='ocrx_word' id='word_1_130' title='bbox 589 681 675 716; x_wconf 84' lang='grc' dir='ltr'>αύγῆς</span> <span class='ocrx_word' id='word_1_131' title='bbox 693 680 866 717; x_wconf 76' lang='grc' dir='ltr'>καταλάμψῃ.</span> 
     </span>
    </p>
   </div>
   <div class='ocr_carea' id='block_1_19' title="bbox 78 725 867 764">
    <p class='ocr_par' dir='ltr' id='par_1_19' title="bbox 78 725 867 764">
     <span class='ocr_line' id='line_1_19' title="bbox 78 725 867 764; baseline -0.006 -9"><span class='ocrx_word' id='word_1_132' title='bbox 78 730 108 755; x_wconf 86' lang='lat'><strong>&quot;0</strong></span> <span class='ocrx_word' id='word_1_133' title='bbox 119 728 172 764; x_wconf 72' lang='grc' dir='ltr'>γὰρ</span> <span class='ocrx_word' id='word_1_134' title='bbox 189 729 220 754; x_wconf 79' lang='grc' dir='ltr'>ἐν</span> <span class='ocrx_word' id='word_1_135' title='bbox 233 727 277 762; x_wconf 83' lang='grc' dir='ltr'>τῷ</span> <span class='ocrx_word' id='word_1_136' title='bbox 295 726 382 761; x_wconf 83' lang='grc' dir='ltr'>λοιπῷ</span> <span class='ocrx_word' id='word_1_137' title='bbox 395 727 455 762; x_wconf 84' lang='grc' dir='ltr'>ἀέρι</span> <span class='ocrx_word' id='word_1_138' title='bbox 469 727 525 757; x_wconf 75' lang='grc' dir='ltr'>τοῖς</span> <span class='ocrx_word' id='word_1_139' title='bbox 539 725 686 760; x_wconf 72' lang='grc' dir='ltr'><strong>ὀφθαλμοῖς</strong></span> <span class='ocrx_word' id='word_1_140' title='bbox 700 726 772 751; x_wconf 76' lang='grc' dir='ltr'>ἐστιν</span> <span class='ocrx_word' id='word_1_141' title='bbox 784 725 867 759; x_wconf 79' lang='grc' dir='ltr'>ἀνέφ-</span> 
     </span>
    </p>
   </div>
   <div class='ocr_carea' id='block_1_20' title="bbox 77 768 867 806">
    <p class='ocr_par' dir='ltr' id='par_1_20' title="bbox 77 768 867 806">
     <span class='ocr_line' id='line_1_20' title="bbox 77 768 867 806; baseline -0.008 -6"><span class='ocrx_word' id='word_1_142' title='bbox 77 779 166 805; x_wconf 78' lang='grc' dir='ltr'>ικτον,</span> <span class='ocrx_word' id='word_1_143' title='bbox 199 772 286 799; x_wconf 85' lang='grc' dir='ltr'>τοῦτο</span> <span class='ocrx_word' id='word_1_144' title='bbox 314 772 358 799; x_wconf 70' lang='grc' dir='ltr'><strong>διὰ</strong></span> <span class='ocrx_word' id='word_1_145' title='bbox 380 771 429 806; x_wconf 84' lang='grc' dir='ltr'>τῆς</span> <span class='ocrx_word' id='word_1_146' title='bbox 458 772 567 802; x_wconf 80' lang='grc' dir='ltr'><strong>ἀκτῖνος</strong></span> <span class='ocrx_word' id='word_1_147' title='bbox 596 771 690 805; x_wconf 77' lang='grc' dir='ltr'>ὁρᾶται</span> <span class='ocrx_word' id='word_1_148' title='bbox 715 770 744 795; x_wconf 86' lang='grc' dir='ltr'>ὲν</span> <span class='ocrx_word' id='word_1_149' title='bbox 771 768 867 804; x_wconf 75' lang='grc' dir='ltr'>πλήθει,</span> 
     </span>
    </p>
   </div>
   <div class='ocr_carea' id='block_1_21' title="bbox 76 813 867 855">
    <p class='ocr_par' dir='ltr' id='par_1_21' title="bbox 76 813 867 855">
     <span class='ocr_line' id='line_1_21' title="bbox 76 813 867 855; baseline -0.006 -9"><span class='ocrx_word' id='word_1_150' title='bbox 76 819 178 855; x_wconf 79' lang='grc' dir='ltr'>ἀπείρῳ</span> <span class='ocrx_word' id='word_1_151' title='bbox 196 819 273 845; x_wconf 76' lang='grc' dir='ltr'>κατὰ</span> <span class='ocrx_word' id='word_1_152' title='bbox 289 818 337 845; x_wconf 77' lang='grc' dir='ltr'>τὸν</span> <span class='ocrx_word' id='word_1_153' title='bbox 352 817 420 853; x_wconf 88' lang='grc' dir='ltr'>ἀέρα</span> <span class='ocrx_word' id='word_1_154' title='bbox 439 816 632 852; x_wconf 79' lang='grc' dir='ltr'><strong>στρεφόμενον.</strong></span> <span class='ocrx_word' id='word_1_155' title='bbox 653 817 683 843; x_wconf 89' lang='lat'><strong>&#39;0</strong></span> <span class='ocrx_word' id='word_1_156' title='bbox 693 813 738 842; x_wconf 81' lang='grc' dir='ltr'>οὖν</span> <span class='ocrx_word' id='word_1_157' title='bbox 750 814 867 851; x_wconf 82' lang='grc' dir='ltr'>ἐπισχὼν</span> 
     </span>
    </p>
   </div>
   <div class='ocr_carea' id='block_1_22' title="bbox 75 859 868 899">
    <p class='ocr_par' dir='ltr' id='par_1_22' title="bbox 75 859 868 899">
     <span class='ocr_line' id='line_1_22' title="bbox 75 859 868 899; baseline -0.008 -7"><span class='ocrx_word' id='word_1_158' title='bbox 75 865 177 897; x_wconf 79' lang='grc' dir='ltr'>τούτοις</span> <span class='ocrx_word' id='word_1_159' title='bbox 187 865 237 892; x_wconf 78' lang='grc' dir='ltr'><strong>τὸν</strong></span> <span class='ocrx_word' id='word_1_160' title='bbox 251 863 403 899; x_wconf 77' lang='grc' dir='ltr'>ὀφθαλμὸν,</span> <span class='ocrx_word' id='word_1_161' title='bbox 420 860 529 898; x_wconf 77' lang='grc' dir='ltr'><strong>εὑρήσει</strong></span> <span class='ocrx_word' id='word_1_162' title='bbox 543 862 587 888; x_wconf 79' lang='grc' dir='ltr'>ἀεὶ</span> <span class='ocrx_word' id='word_1_163' title='bbox 606 859 673 897; x_wconf 77' lang='grc' dir='ltr'>πρὸς</span> <span class='ocrx_word' id='word_1_164' title='bbox 687 861 717 887; x_wconf 82' lang='grc' dir='ltr'>τὸ</span> <span class='ocrx_word' id='word_1_165' title='bbox 732 860 807 887; x_wconf 84' lang='grc' dir='ltr'>κάτω</span> <span class='ocrx_word' id='word_1_166' title='bbox 819 860 868 894; x_wconf 84' lang='grc' dir='ltr'>τὴν</span> 
     </span>
    </p>
   </div>
   <div class='ocr_carea' id='block_1_23' title="bbox 78 906 869 944">
    <p class='ocr_par' dir='ltr' id='par_1_23' title="bbox 78 906 869 944">
     <span class='ocr_line' id='line_1_23' title="bbox 78 906 869 944; baseline -0.008 -6"><span class='ocrx_word' id='word_1_167' title='bbox 78 911 130 939; x_wconf 86' lang='grc' dir='ltr'><strong>τῶν</strong></span> <span class='ocrx_word' id='word_1_168' title='bbox 148 910 262 937; x_wconf 82' lang='grc' dir='ltr'>λεπτῶν</span> <span class='ocrx_word' id='word_1_169' title='bbox 278 910 395 937; x_wconf 76' lang='grc' dir='ltr'>ἐκείνων</span> <span class='ocrx_word' id='word_1_170' title='bbox 413 909 498 944; x_wconf 79' lang='grc' dir='ltr'>φορὰν</span> <span class='ocrx_word' id='word_1_171' title='bbox 514 908 728 943; x_wconf 72' lang='grc' dir='ltr'>καταρρέουσαν.</span> <span class='ocrx_word' id='word_1_172' title='bbox 747 906 785 933; x_wconf 80' lang='grc' dir='ltr'><strong>Τὸ</strong></span> <span class='ocrx_word' id='word_1_173' title='bbox 800 907 828 933; x_wconf 79' lang='grc' dir='ltr'>δὲ</span> <span class='ocrx_word' id='word_1_174' title='bbox 840 908 869 933; x_wconf 86' lang='grc' dir='ltr'>ὲν</span> 
     </span>
    </p>
   </div>
   <div class='ocr_carea' id='block_1_24' title="bbox 78 951 868 992">
    <p class='ocr_par' dir='ltr' id='par_1_24' title="bbox 78 951 868 992">
     <span class='ocr_line' id='line_1_24' title="bbox 78 951 868 992; baseline -0.006 -9"><span class='ocrx_word' id='word_1_175' title='bbox 78 957 115 992; x_wconf 72' lang='grc' dir='ltr'>τῷ</span> <span class='ocrx_word' id='word_1_176' title='bbox 135 957 212 991; x_wconf 79' lang='grc' dir='ltr'>μέρει</span> <span class='ocrx_word' id='word_1_177' title='bbox 238 955 291 982; x_wconf 79' lang='grc' dir='ltr'><strong>τοῦ</strong></span> <span class='ocrx_word' id='word_1_178' title='bbox 314 954 395 990; x_wconf 83' lang='grc' dir='ltr'>ἀέρος</span> <span class='ocrx_word' id='word_1_179' title='bbox 409 953 581 989; x_wconf 77' lang='grc' dir='ltr'>δεικνύμενον</span> <span class='ocrx_word' id='word_1_180' title='bbox 596 952 731 985; x_wconf 79' lang='grc' dir='ltr'>ἀπόδειξίς</span> <span class='ocrx_word' id='word_1_181' title='bbox 749 953 807 979; x_wconf 78' lang='grc' dir='ltr'>ἐστι</span> <span class='ocrx_word' id='word_1_182' title='bbox 821 951 868 979; x_wconf 76' lang='grc' dir='ltr'>τοῦ</span> 
     </span>
    </p>
   </div>
   <div class='ocr_carea' id='block_1_25' title="bbox 79 996 869 1036">
    <p class='ocr_par' dir='ltr' id='par_1_25' title="bbox 79 996 869 1036">
     <span class='ocr_line' id='line_1_25' title="bbox 79 996 869 1036; baseline -0.008 -7"><span class='ocrx_word' id='word_1_183' title='bbox 79 1009 123 1029; x_wconf 68' lang='grc' dir='ltr'><strong>και</strong></span> <span class='ocrx_word' id='word_1_184' title='bbox 138 1003 166 1028; x_wconf 85' lang='grc' dir='ltr'>ὲν</span> <span class='ocrx_word' id='word_1_185' title='bbox 182 1001 224 1036; x_wconf 87' lang='grc' dir='ltr'><strong>τῷ</strong></span> <span class='ocrx_word' id='word_1_186' title='bbox 248 999 336 1027; x_wconf 75' lang='grc' dir='ltr'>παντὶ</span> <span class='ocrx_word' id='word_1_187' title='bbox 350 1000 382 1027; x_wconf 85' lang='grc' dir='ltr'><strong>τδ</strong></span> <span class='ocrx_word' id='word_1_188' title='bbox 401 999 521 1026; x_wconf 82' lang='grc' dir='ltr'>τοιοῦτον</span> <span class='ocrx_word' id='word_1_189' title='bbox 539 996 626 1030; x_wconf 78' lang='grc' dir='ltr'>εἶναι,</span> <span class='ocrx_word' id='word_1_190' title='bbox 640 998 734 1033; x_wconf 71' lang='grc' dir='ltr'>ἐπειδὴ</span> <span class='ocrx_word' id='word_1_191' title='bbox 757 997 869 1033; x_wconf 83' lang='grc' dir='ltr'>συνεχές</span> 
     </span>
    </p>
   </div>
   <div class='ocr_carea' id='block_1_26' title="bbox 80 1043 869 1081">
    <p class='ocr_par' dir='ltr' id='par_1_26' title="bbox 80 1043 869 1081">
     <span class='ocr_line' id='line_1_26' title="bbox 80 1043 869 1081; baseline -0.005 -7"><span class='ocrx_word' id='word_1_192' title='bbox 80 1049 134 1074; x_wconf 76' lang='grc' dir='ltr'>ἐστι</span> <span class='ocrx_word' id='word_1_193' title='bbox 147 1047 177 1074; x_wconf 80' lang='grc' dir='ltr'><strong>τὸ</strong></span> <span class='ocrx_word' id='word_1_194' title='bbox 193 1047 250 1073; x_wconf 78' lang='grc' dir='ltr'><strong>πᾶν</strong></span> <span class='ocrx_word' id='word_1_195' title='bbox 273 1045 365 1081; x_wconf 81' lang='grc' dir='ltr'>ἑαυτῷ</span> <span class='ocrx_word' id='word_1_196' title='bbox 375 1066 383 1077; x_wconf 86' lang='grc'><strong>,</strong></span> <span class='ocrx_word' id='word_1_197' title='bbox 395 1045 442 1072; x_wconf 75' lang='grc' dir='ltr'>καὶ</span> <span class='ocrx_word' id='word_1_198' title='bbox 456 1046 488 1072; x_wconf 81' lang='grc' dir='ltr'>ὲκ</span> <span class='ocrx_word' id='word_1_199' title='bbox 503 1044 593 1081; x_wconf 72' lang='grc' dir='ltr'>μερῶν</span> <span class='ocrx_word' id='word_1_200' title='bbox 617 1044 824 1080; x_wconf 80' lang='grc' dir='ltr'>συμπληροῠται</span> <span class='ocrx_word' id='word_1_201' title='bbox 838 1043 869 1070; x_wconf 81' lang='grc' dir='ltr'><strong>τὺ</strong></span> 
     </span>
    </p>
   </div>
   <div class='ocr_carea' id='block_1_27' title="bbox 80 1089 868 1126">
    <p class='ocr_par' dir='ltr' id='par_1_27' title="bbox 80 1089 868 1126">
     <span class='ocr_line' id='line_1_27' title="bbox 80 1089 868 1126; baseline -0.004 -7"><span class='ocrx_word' id='word_1_202' title='bbox 80 1094 146 1120; x_wconf 80' lang='grc' dir='ltr'>ὅλον.</span> <span class='ocrx_word' id='word_1_203' title='bbox 167 1093 199 1119; x_wconf 77' lang='lat' dir='ltr'><strong>Et</strong></span> <span class='ocrx_word' id='word_1_204' title='bbox 215 1092 244 1118; x_wconf 78' lang='grc' dir='ltr'>δὲ</span> <span class='ocrx_word' id='word_1_205' title='bbox 259 1092 379 1119; x_wconf 81' lang='grc' dir='ltr'>πάντοτε</span> <span class='ocrx_word' id='word_1_206' title='bbox 401 1092 418 1126; x_wconf 81' lang='grc' dir='ltr'>ἡ</span> <span class='ocrx_word' id='word_1_207' title='bbox 433 1090 488 1117; x_wconf 87' lang='grc' dir='ltr'><strong>τῶν</strong></span> <span class='ocrx_word' id='word_1_208' title='bbox 501 1090 607 1118; x_wconf 82' lang='grc' dir='ltr'>λεπτῶν</span> <span class='ocrx_word' id='word_1_209' title='bbox 623 1089 725 1117; x_wconf 81' lang='grc' dir='ltr'>τούτων</span> <span class='ocrx_word' id='word_1_210' title='bbox 746 1089 792 1116; x_wconf 74' lang='grc' dir='ltr'>καὶ</span> <span class='ocrx_word' id='word_1_211' title='bbox 805 1089 868 1116; x_wconf 86' lang='grc' dir='ltr'>ἀτό-</span> 
     </span>
    </p>
   </div>
   <div class='ocr_carea' id='block_1_28' title="bbox 84 1135 869 1173">
    <p class='ocr_par' dir='ltr' id='par_1_28' title="bbox 84 1135 869 1173">
     <span class='ocr_line' id='line_1_28' title="bbox 84 1135 869 1173; baseline -0.006 -8"><span class='ocrx_word' id='word_1_212' title='bbox 84 1147 138 1173; x_wconf 86' lang='grc' dir='ltr'><strong>μων</strong></span> <span class='ocrx_word' id='word_1_213' title='bbox 149 1138 220 1173; x_wconf 83' lang='grc' dir='ltr'>φορὰ</span> <span class='ocrx_word' id='word_1_214' title='bbox 236 1137 284 1164; x_wconf 81' lang='grc' dir='ltr'><strong>διὰ</strong></span> <span class='ocrx_word' id='word_1_215' title='bbox 304 1137 352 1163; x_wconf 82' lang='grc' dir='ltr'>τοῦ</span> <span class='ocrx_word' id='word_1_216' title='bbox 365 1137 445 1172; x_wconf 81' lang='grc' dir='ltr'>ἀέρος</span> <span class='ocrx_word' id='word_1_217' title='bbox 457 1135 504 1162; x_wconf 73' lang='grc' dir='ltr'><strong>ἐπὶ</strong></span> <span class='ocrx_word' id='word_1_218' title='bbox 516 1136 566 1171; x_wconf 86' lang='grc' dir='ltr'>τὴν</span> <span class='ocrx_word' id='word_1_219' title='bbox 577 1135 629 1170; x_wconf 83' lang='grc' dir='ltr'><strong>γῆν</strong></span> <span class='ocrx_word' id='word_1_220' title='bbox 643 1135 798 1170; x_wconf 73' lang='grc' dir='ltr'>καταρῤέει,</span> <span class='ocrx_word' id='word_1_221' title='bbox 815 1142 869 1168; x_wconf 84' lang='grc' dir='ltr'>φα-</span> 
     </span>
    </p>
   </div>
   <div class='ocr_carea' id='block_1_29' title="bbox 82 1179 869 1220">
    <p class='ocr_par' dir='ltr' id='par_1_29' title="bbox 82 1179 869 1220">
     <span class='ocr_line' id='line_1_29' title="bbox 82 1179 869 1220; baseline -0.005 -10"><span class='ocrx_word' id='word_1_222' title='bbox 82 1184 156 1220; x_wconf 70' lang='grc' dir='ltr'>νερὸν</span> <span class='ocrx_word' id='word_1_223' title='bbox 168 1184 198 1210; x_wconf 74' lang='grc' dir='ltr'>δὲ</span> <span class='ocrx_word' id='word_1_224' title='bbox 211 1184 255 1210; x_wconf 85' lang='grc' dir='ltr'>ὃτι</span> <span class='ocrx_word' id='word_1_225' title='bbox 272 1183 307 1210; x_wconf 83' lang='grc' dir='ltr'><strong>οὐ</strong></span> <span class='ocrx_word' id='word_1_226' title='bbox 324 1183 355 1209; x_wconf 72' lang='grc' dir='ltr'>τὸ</span> <span class='ocrx_word' id='word_1_227' title='bbox 375 1183 493 1218; x_wconf 80' lang='grc' dir='ltr'>αἰθέριον</span> <span class='ocrx_word' id='word_1_228' title='bbox 504 1179 573 1214; x_wconf 81' lang='grc' dir='ltr'>εἶδος</span> <span class='ocrx_word' id='word_1_229' title='bbox 593 1183 632 1213; x_wconf 82' lang='grc' dir='ltr'><strong>εἰς</strong></span> <span class='ocrx_word' id='word_1_230' title='bbox 652 1181 738 1208; x_wconf 70' lang='grc' dir='ltr'>ταῦτα</span> <span class='ocrx_word' id='word_1_231' title='bbox 752 1180 869 1216; x_wconf 81' lang='grc' dir='ltr'>θρυπτό-</span> 
     </span>
    </p>
   </div>
   <div class='ocr_carea' id='block_1_30' title="bbox 86 1224 869 1264">
    <p class='ocr_par' dir='ltr' id='par_1_30' title="bbox 86 1224 869 1264">
     <span class='ocr_line' id='line_1_30' title="bbox 86 1224 869 1264; baseline 0.009 -10"><span class='ocrx_word' id='word_1_232' title='bbox 86 1238 159 1264; x_wconf 82' lang='grc' dir='ltr'>μενον</span> <span class='ocrx_word' id='word_1_233' title='bbox 177 1228 369 1254; x_wconf 81' lang='grc' dir='ltr'>διασκίδναται</span> <span class='ocrx_word' id='word_1_234' title='bbox 381 1227 445 1262; x_wconf 80' lang='grc' dir='ltr'>(τὴν</span> <span class='ocrx_word' id='word_1_235' title='bbox 458 1227 511 1262; x_wconf 84' lang='grc' dir='ltr'><strong>γὰρ</strong></span> <span class='ocrx_word' id='word_1_236' title='bbox 523 1227 563 1258; x_wconf 79' lang='grc' dir='ltr'><strong>εἰς</strong></span> <span class='ocrx_word' id='word_1_237' title='bbox 577 1225 611 1252; x_wconf 66' lang='grc' dir='ltr'><strong>τὰ</strong></span> <span class='ocrx_word' id='word_1_238' title='bbox 629 1225 715 1252; x_wconf 76' lang='grc' dir='ltr'>λεπτά</span> <span class='ocrx_word' id='word_1_239' title='bbox 731 1224 828 1260; x_wconf 57' lang='grc' dir='ltr'>θρύψιν</span> <span class='ocrx_word' id='word_1_240' title='bbox 839 1232 869 1250; x_wconf 71' lang='grc' dir='ltr'><strong>τε</strong></span> 
     </span>
    </p>
   </div>
   <div class='ocr_carea' id='block_1_31' title="bbox 85 1269 869 1309">
    <p class='ocr_par' dir='ltr' id='par_1_31' title="bbox 85 1269 869 1309">
     <span class='ocr_line' id='line_1_31' title="bbox 85 1269 869 1309; baseline -0.006 -8"><span class='ocrx_word' id='word_1_241' title='bbox 85 1276 127 1301; x_wconf 72' lang='grc' dir='ltr'>καὶ</span> <span class='ocrx_word' id='word_1_242' title='bbox 137 1275 261 1309; x_wconf 71' lang='grc' dir='ltr'>διάχυσιν</span> <span class='ocrx_word' id='word_1_243' title='bbox 275 1275 294 1309; x_wconf 78' lang='grc' dir='ltr'><strong>ἡ</strong></span> <span class='ocrx_word' id='word_1_244' title='bbox 306 1273 353 1300; x_wconf 81' lang='grc' dir='ltr'><strong>τοῦ</strong></span> <span class='ocrx_word' id='word_1_245' title='bbox 366 1269 451 1309; x_wconf 69' lang='grc' dir='ltr'>πυρὸς</span> <span class='ocrx_word' id='word_1_246' title='bbox 464 1271 544 1307; x_wconf 84' lang='grc' dir='ltr'>φύσις</span> <span class='ocrx_word' id='word_1_247' title='bbox 555 1273 585 1299; x_wconf 80' lang='grc' dir='ltr'><strong>οὐ</strong></span> <span class='ocrx_word' id='word_1_248' title='bbox 601 1272 699 1306; x_wconf 73' lang='grc' dir='ltr'>πάσχει</span> <span class='ocrx_word' id='word_1_249' title='bbox 710 1271 720 1306; x_wconf 88' lang='grc'>)</span> <span class='ocrx_word' id='word_1_250' title='bbox 733 1278 740 1286; x_wconf 92' lang='grc'><strong>·</strong></span> <span class='ocrx_word' id='word_1_251' title='bbox 761 1270 869 1304; x_wconf 80' lang='grc' dir='ltr'>ἀνάγκη</span> 
     </span>
    </p>
   </div>
   <div class='ocr_carea' id='block_1_32' title="bbox 88 1312 869 1354">
    <p class='ocr_par' dir='ltr' id='par_1_32' title="bbox 88 1312 869 1354">
     <span class='ocr_line' id='line_1_32' title="bbox 88 1312 869 1354; baseline -0.008 -7"><span class='ocrx_word' id='word_1_252' title='bbox 88 1323 155 1347; x_wconf 75' lang='grc' dir='ltr'>πᾶσα</span> <span class='ocrx_word' id='word_1_253' title='bbox 169 1321 287 1347; x_wconf 75' lang='grc' dir='ltr'>ἐκείνων</span> <span class='ocrx_word' id='word_1_254' title='bbox 301 1320 351 1353; x_wconf 84' lang='grc' dir='ltr'>τὴν</span> <span class='ocrx_word' id='word_1_255' title='bbox 371 1319 436 1354; x_wconf 88' lang='grc' dir='ltr'>’ύλην</span> <span class='ocrx_word' id='word_1_256' title='bbox 459 1317 582 1345; x_wconf 77' lang='grc' dir='ltr'>κατιέναι</span> <span class='ocrx_word' id='word_1_257' title='bbox 606 1316 755 1347; x_wconf 74' lang='grc' dir='ltr'>πιστεύειν,</span> <span class='ocrx_word' id='word_1_258' title='bbox 769 1312 806 1342; x_wconf 80' lang='grc' dir='ltr'><strong>ὧν</strong></span> <span class='ocrx_word' id='word_1_259' title='bbox 819 1314 869 1348; x_wconf 84' lang='grc' dir='ltr'>τὴν</span> 
     </span>
    </p>
   </div>
   <div class='ocr_carea' id='block_1_33' title="bbox 86 1358 871 1398">
    <p class='ocr_par' dir='ltr' id='par_1_33' title="bbox 86 1358 871 1398">
     <span class='ocr_line' id='line_1_33' title="bbox 86 1358 871 1398; baseline -0.009 -7"><span class='ocrx_word' id='word_1_260' title='bbox 86 1364 171 1391; x_wconf 78' lang='grc' dir='ltr'>ἄνοδον</span> <span class='ocrx_word' id='word_1_261' title='bbox 184 1365 199 1390; x_wconf 81' lang='grc' dir='ltr'>ὁ</span> <span class='ocrx_word' id='word_1_262' title='bbox 213 1363 298 1397; x_wconf 82' lang='grc' dir='ltr'>λόγος</span> <span class='ocrx_word' id='word_1_263' title='bbox 311 1363 356 1389; x_wconf 77' lang='grc' dir='ltr'><strong>διὰ</strong></span> <span class='ocrx_word' id='word_1_264' title='bbox 368 1363 421 1389; x_wconf 82' lang='grc' dir='ltr'><strong>τῶν</strong></span> <span class='ocrx_word' id='word_1_265' title='bbox 438 1362 532 1398; x_wconf 84' lang='grc' dir='ltr'>ἀτμῶν</span> <span class='ocrx_word' id='word_1_266' title='bbox 546 1361 708 1397; x_wconf 74' lang='grc' dir='ltr'>ἐθεώρησεν,</span> <span class='ocrx_word' id='word_1_267' title='bbox 719 1359 789 1386; x_wconf 84' lang='grc' dir='ltr'>ὥστε</span> <span class='ocrx_word' id='word_1_268' title='bbox 799 1358 871 1394; x_wconf 82' lang='grc' dir='ltr'>ὑγρά</span> 
     </span>
    </p>
   </div>
   <div class='ocr_carea' id='block_1_34' title="bbox 89 1404 869 1444">
    <p class='ocr_par' dir='ltr' id='par_1_34' title="bbox 89 1404 869 1444">
     <span class='ocr_line' id='line_1_34' title="bbox 89 1404 869 1444; baseline -0.008 -9"><span class='ocrx_word' id='word_1_269' title='bbox 89 1409 134 1444; x_wconf 80' lang='grc' dir='ltr'>μὲν</span> <span class='ocrx_word' id='word_1_270' title='bbox 147 1408 210 1435; x_wconf 75' lang='grc' dir='ltr'>ὄντα</span> <span class='ocrx_word' id='word_1_271' title='bbox 234 1409 293 1435; x_wconf 74' lang='grc' dir='ltr'><strong>ὑπὸ</strong></span> <span class='ocrx_word' id='word_1_272' title='bbox 313 1408 363 1442; x_wconf 77' lang='grc' dir='ltr'>τῆς</span> <span class='ocrx_word' id='word_1_273' title='bbox 378 1407 482 1443; x_wconf 73' lang='grc' dir='ltr'>θερμῆς</span> <span class='ocrx_word' id='word_1_274' title='bbox 497 1405 657 1433; x_wconf 80' lang='grc' dir='ltr'>ἀνέλκεσθαι</span> <span class='ocrx_word' id='word_1_275' title='bbox 680 1405 786 1440; x_wconf 84' lang='grc' dir='ltr'>φύσεως</span> <span class='ocrx_word' id='word_1_276' title='bbox 798 1424 805 1437; x_wconf 89' lang='grc'><em>,</em></span> <span class='ocrx_word' id='word_1_277' title='bbox 820 1404 869 1430; x_wconf 83' lang='grc' dir='ltr'><strong>ὲκ-</strong></span> 
     </span>
    </p>
   </div>
   <div class='ocr_carea' id='block_1_35' title="bbox 88 1449 872 1488">
    <p class='ocr_par' dir='ltr' id='par_1_35' title="bbox 88 1449 872 1488">
     <span class='ocr_line' id='line_1_35' title="bbox 88 1449 872 1488; baseline -0.008 -7"><span class='ocrx_word' id='word_1_278' title='bbox 88 1454 215 1481; x_wconf 80' lang='grc' dir='ltr'>καυθέντα</span> <span class='ocrx_word' id='word_1_279' title='bbox 234 1454 264 1481; x_wconf 79' lang='grc' dir='ltr'>δὲ</span> <span class='ocrx_word' id='word_1_280' title='bbox 285 1454 329 1480; x_wconf 71' lang='grc' dir='ltr'>καὶ</span> <span class='ocrx_word' id='word_1_281' title='bbox 341 1453 427 1488; x_wconf 82' lang='grc' dir='ltr'>γεώδη</span> <span class='ocrx_word' id='word_1_282' title='bbox 442 1452 586 1487; x_wconf 81' lang='grc' dir='ltr'>γενόμενα,</span> <span class='ocrx_word' id='word_1_283' title='bbox 601 1451 698 1486; x_wconf 79' lang='grc' dir='ltr'>μηκέτι</span> <span class='ocrx_word' id='word_1_284' title='bbox 713 1451 741 1477; x_wconf 86' lang='grc' dir='ltr'>ὲν</span> <span class='ocrx_word' id='word_1_285' title='bbox 753 1450 792 1485; x_wconf 83' lang='grc' dir='ltr'>τῷ</span> <span class='ocrx_word' id='word_1_286' title='bbox 807 1449 872 1485; x_wconf 77' lang='grc' dir='ltr'>πυρὶ</span> 
     </span>
    </p>
   </div>
   <div class='ocr_carea' id='block_1_36' title="bbox 90 1494 870 1534">
    <p class='ocr_par' dir='ltr' id='par_1_36' title="bbox 90 1494 870 1534">
     <span class='ocr_line' id='line_1_36' title="bbox 90 1494 870 1534; baseline -0.006 -8"><span class='ocrx_word' id='word_1_287' title='bbox 90 1499 250 1534; x_wconf 74' lang='grc' dir='ltr'>κρατεῖσθαι,</span> <span class='ocrx_word' id='word_1_288' title='bbox 263 1499 334 1525; x_wconf 73' lang='grc' dir='ltr'>ἀλλὰ</span> <span class='ocrx_word' id='word_1_289' title='bbox 346 1499 413 1534; x_wconf 78' lang='grc' dir='ltr'>πρὸς</span> <span class='ocrx_word' id='word_1_290' title='bbox 420 1498 469 1533; x_wconf 80' lang='grc' dir='ltr'>τὴν</span> <span class='ocrx_word' id='word_1_291' title='bbox 477 1499 528 1533; x_wconf 83' lang='grc' dir='ltr'>γῆν</span> <span class='ocrx_word' id='word_1_292' title='bbox 540 1497 618 1524; x_wconf 82' lang='grc' dir='ltr'>πάλιν</span> <span class='ocrx_word' id='word_1_293' title='bbox 631 1494 870 1523; x_wconf 83' lang='grc' dir='ltr'>ἀποκαθίστασθαι.</span> 
     </span>
    </p>
   </div>
   <div class='ocr_carea' id='block_1_37' title="bbox 91 1542 873 1581">
    <p class='ocr_par' dir='ltr' id='par_1_37' title="bbox 91 1542 873 1581">
     <span class='ocr_line' id='line_1_37' title="bbox 91 1542 873 1581; baseline -0.005 -10"><span class='ocrx_word' id='word_1_294' title='bbox 91 1546 219 1581; x_wconf 74' lang='grc' dir='ltr'>Καθάπερ</span> <span class='ocrx_word' id='word_1_295' title='bbox 234 1546 264 1572; x_wconf 80' lang='grc' dir='ltr'>δὲ</span> <span class='ocrx_word' id='word_1_296' title='bbox 292 1546 342 1580; x_wconf 81' lang='grc' dir='ltr'>τῆς</span> <span class='ocrx_word' id='word_1_297' title='bbox 365 1546 394 1571; x_wconf 81' lang='grc' dir='ltr'>ὲν</span> <span class='ocrx_word' id='word_1_298' title='bbox 415 1545 480 1579; x_wconf 82' lang='grc' dir='ltr'>ἡμῖν</span> <span class='ocrx_word' id='word_1_299' title='bbox 502 1544 606 1580; x_wconf 78' lang='grc' dir='ltr'>τροφῆς</span> <span class='ocrx_word' id='word_1_300' title='bbox 631 1544 670 1574; x_wconf 86' lang='grc' dir='ltr'><strong>είς</strong></span> <span class='ocrx_word' id='word_1_301' title='bbox 693 1542 794 1577; x_wconf 75' lang='grc' dir='ltr'>λεπτὴν</span> <span class='ocrx_word' id='word_1_302' title='bbox 812 1549 873 1568; x_wconf 87' lang='grc' dir='ltr'>τινα</span> 
     </span>
    </p>
   </div>
   <div class='ocr_carea' id='block_1_38' title="bbox 91 1583 872 1626">
    <p class='ocr_par' dir='ltr' id='par_1_38' title="bbox 91 1583 872 1626">
     <span class='ocr_line' id='line_1_38' title="bbox 91 1583 872 1626; baseline -0.006 -9"><span class='ocrx_word' id='word_1_303' title='bbox 91 1592 215 1626; x_wconf 76' lang='grc' dir='ltr'>ποιότητα</span> <span class='ocrx_word' id='word_1_304' title='bbox 233 1590 284 1617; x_wconf 74' lang='grc' dir='ltr'><strong>διὰ</strong></span> <span class='ocrx_word' id='word_1_305' title='bbox 296 1591 345 1625; x_wconf 84' lang='grc' dir='ltr'><strong>τῆς</strong></span> <span class='ocrx_word' id='word_1_306' title='bbox 361 1589 470 1624; x_wconf 76' lang='grc' dir='ltr'>πέψεως</span> <span class='ocrx_word' id='word_1_307' title='bbox 488 1588 690 1623; x_wconf 83' lang='grc' dir='ltr'>ἁλλοιωθείσης,</span> <span class='ocrx_word' id='word_1_308' title='bbox 705 1583 728 1621; x_wconf 83' lang='grc' dir='ltr'>ᾧ</span> <span class='ocrx_word' id='word_1_309' title='bbox 742 1587 775 1614; x_wconf 82' lang='grc' dir='ltr'>ἂν</span> <span class='ocrx_word' id='word_1_310' title='bbox 787 1587 872 1621; x_wconf 78' lang='grc' dir='ltr'>ἐμπε-</span> 
     </span>
    </p>
   </div>
   <div class='ocr_carea' id='block_1_39' title="bbox 94 1631 873 1672">
    <p class='ocr_par' dir='ltr' id='par_1_39' title="bbox 94 1631 873 1672">
     <span class='ocr_line' id='line_1_39' title="bbox 94 1631 873 1672; baseline -0.009 -8"><span class='ocrx_word' id='word_1_311' title='bbox 94 1636 164 1664; x_wconf 74' lang='grc' dir='ltr'>λάσει</span> <span class='ocrx_word' id='word_1_312' title='bbox 176 1637 219 1664; x_wconf 82' lang='grc' dir='ltr'><strong>διὰ</strong></span> <span class='ocrx_word' id='word_1_313' title='bbox 234 1638 288 1672; x_wconf 78' lang='grc' dir='ltr'>τῆς</span> <span class='ocrx_word' id='word_1_314' title='bbox 301 1636 452 1666; x_wconf 83' lang='grc' dir='ltr'>ἀναδόσεως</span> <span class='ocrx_word' id='word_1_315' title='bbox 467 1635 544 1670; x_wconf 83' lang='grc' dir='ltr'>μέρει</span> <span class='ocrx_word' id='word_1_316' title='bbox 557 1634 604 1661; x_wconf 81' lang='grc' dir='ltr'>τοῦ</span> <span class='ocrx_word' id='word_1_317' title='bbox 617 1633 752 1669; x_wconf 85' lang='grc' dir='ltr'>σώματος,</span> <span class='ocrx_word' id='word_1_318' title='bbox 770 1631 873 1659; x_wconf 77' lang='grc' dir='ltr'>ἐκείνου</span> 
     </span>
    </p>
   </div>
   <div class='ocr_carea' id='block_1_40' title="bbox 93 1676 873 1715">
    <p class='ocr_par' dir='ltr' id='par_1_40' title="bbox 93 1676 873 1715">
     <span class='ocr_line' id='line_1_40' title="bbox 93 1676 873 1715; baseline -0.006 -8"><span class='ocrx_word' id='word_1_319' title='bbox 93 1680 226 1715; x_wconf 77' lang='grc' dir='ltr'>προσθήκη</span> <span class='ocrx_word' id='word_1_320' title='bbox 235 1680 268 1706; x_wconf 80' lang='grc' dir='ltr'><strong>τὺ</strong></span> <span class='ocrx_word' id='word_1_321' title='bbox 280 1679 467 1713; x_wconf 68' lang='grc' dir='ltr'>ἀναδιδόμενον</span> <span class='ocrx_word' id='word_1_322' title='bbox 476 1678 588 1712; x_wconf 79' lang='grc' dir='ltr'>γίνεται,</span> <span class='ocrx_word' id='word_1_323' title='bbox 603 1678 649 1704; x_wconf 72' lang='grc' dir='ltr'>καὶ</span> <span class='ocrx_word' id='word_1_324' title='bbox 659 1677 784 1712; x_wconf 87' lang='grc' dir='ltr'>ποικίλης</span> <span class='ocrx_word' id='word_1_325' title='bbox 790 1676 873 1711; x_wconf 79' lang='grc' dir='ltr'>οῠσης</span> 
     </span>
    </p>
   </div>
   <div class='ocr_carea' id='block_1_41' title="bbox 92 1722 874 1761">
    <p class='ocr_par' dir='ltr' id='par_1_41' title="bbox 92 1722 874 1761">
     <span class='ocr_line' id='line_1_41' title="bbox 92 1722 874 1761; baseline -0.005 -10"><span class='ocrx_word' id='word_1_326' title='bbox 92 1726 119 1751; x_wconf 85' lang='grc' dir='ltr'>ἐν</span> <span class='ocrx_word' id='word_1_327' title='bbox 130 1727 161 1761; x_wconf 81' lang='grc' dir='ltr'>τῇ</span> <span class='ocrx_word' id='word_1_328' title='bbox 170 1726 301 1753; x_wconf 79' lang='grc' dir='ltr'>συστάσει</span> <span class='ocrx_word' id='word_1_329' title='bbox 309 1724 356 1752; x_wconf 73' lang='grc' dir='ltr'>τοῦ</span> <span class='ocrx_word' id='word_1_330' title='bbox 365 1724 488 1759; x_wconf 88' lang='grc' dir='ltr'>σώματος</span> <span class='ocrx_word' id='word_1_331' title='bbox 493 1724 542 1758; x_wconf 80' lang='grc' dir='ltr'>τῆς</span> <span class='ocrx_word' id='word_1_332' title='bbox 547 1723 602 1750; x_wconf 85' lang='grc' dir='ltr'><strong>τῶν</strong></span> <span class='ocrx_word' id='word_1_333' title='bbox 613 1723 701 1758; x_wconf 86' lang='grc' dir='ltr'>μελῶν</span> <span class='ocrx_word' id='word_1_334' title='bbox 707 1722 835 1757; x_wconf 79' lang='grc' dir='ltr'>διαφορᾶς</span> <span class='ocrx_word' id='word_1_335' title='bbox 845 1722 874 1747; x_wconf 79' lang='grc' dir='ltr'>ἐν</span> 
     </span>
    </p>
   </div>
   <div class='ocr_carea' id='block_1_42' title="bbox 92 1767 871 1806">
    <p class='ocr_par' dir='ltr' id='par_1_42' title="bbox 92 1767 871 1806">
     <span class='ocr_line' id='line_1_42' title="bbox 92 1767 871 1806; baseline -0.005 -9"><span class='ocrx_word' id='word_1_336' title='bbox 92 1770 206 1806; x_wconf 75' lang='grc' dir='ltr'>τῷξηρῴ</span> <span class='ocrx_word' id='word_1_337' title='bbox 213 1779 243 1797; x_wconf 87' lang='grc' dir='ltr'><strong>τε</strong></span> <span class='ocrx_word' id='word_1_338' title='bbox 252 1771 304 1806; x_wconf 58' lang='grc' dir='ltr'>καὶ</span> <span class='ocrx_word' id='word_1_339' title='bbox 320 1769 403 1805; x_wconf 77' lang='grc' dir='ltr'>ὑγρῷ,</span> <span class='ocrx_word' id='word_1_340' title='bbox 416 1769 461 1796; x_wconf 76' lang='grc' dir='ltr'>καὶ</span> <span class='ocrx_word' id='word_1_341' title='bbox 474 1769 512 1804; x_wconf 83' lang='grc' dir='ltr'>τῷ</span> <span class='ocrx_word' id='word_1_342' title='bbox 521 1769 624 1795; x_wconf 84' lang='grc' dir='ltr'>καίοντι</span> <span class='ocrx_word' id='word_1_343' title='bbox 636 1768 683 1795; x_wconf 75' lang='grc' dir='ltr'>καὶ</span> <span class='ocrx_word' id='word_1_344' title='bbox 696 1767 736 1803; x_wconf 82' lang='grc' dir='ltr'>τῷ</span> <span class='ocrx_word' id='word_1_345' title='bbox 746 1767 871 1803; x_wconf 70' lang='grc' dir='ltr'>ψύχοντι·</span> 
     </span>
    </p>
   </div>
   <div class='ocr_carea' id='block_1_43' title="bbox 95 1804 874 1852">
    <p class='ocr_par' dir='ltr' id='par_1_43' title="bbox 95 1804 874 1852">
     <span class='ocr_line' id='line_1_43' title="bbox 95 1804 874 1852; baseline -0.005 -9"><span class='ocrx_word' id='word_1_346' title='bbox 95 1804 151 1852; x_wconf 73' lang='grc' dir='ltr'>παρ’</span> <span class='ocrx_word' id='word_1_347' title='bbox 217 1816 250 1842; x_wconf 87' lang='grc' dir='ltr'>ἂν</span> <span class='ocrx_word' id='word_1_348' title='bbox 269 1804 380 1850; x_wconf 72' lang='grc' dir='ltr'>γένηται</span> <span class='ocrx_word' id='word_1_349' title='bbox 393 1814 423 1841; x_wconf 80' lang='grc' dir='ltr'><strong>τὸ</strong></span> <span class='ocrx_word' id='word_1_350' title='bbox 438 1814 487 1850; x_wconf 85' lang='grc' dir='ltr'>τῆς</span> <span class='ocrx_word' id='word_1_351' title='bbox 505 1814 608 1849; x_wconf 86' lang='grc' dir='ltr'>τροφῆς</span> <span class='ocrx_word' id='word_1_352' title='bbox 627 1813 717 1849; x_wconf 81' lang='grc' dir='ltr'>μέρος,</span> <span class='ocrx_word' id='word_1_353' title='bbox 730 1814 817 1840; x_wconf 79' lang='grc' dir='ltr'>ἐκεῖνο</span> <span class='ocrx_word' id='word_1_354' title='bbox 832 1813 874 1847; x_wconf 87' lang='grc' dir='ltr'>γί-</span> 
     </span>
    </p>
   </div>
   <div class='ocr_carea' id='block_1_44' title="bbox 94 1858 874 1895">
    <p class='ocr_par' dir='ltr' id='par_1_44' title="bbox 94 1858 874 1895">
     <span class='ocr_line' id='line_1_44' title="bbox 94 1858 874 1895; baseline -0.001 -9"><span class='ocrx_word' id='word_1_355' title='bbox 94 1869 171 1892; x_wconf 79' lang='grc' dir='ltr'>νεται,</span> <span class='ocrx_word' id='word_1_356' title='bbox 190 1861 204 1888; x_wconf 80' lang='grc' dir='ltr'>ὃ</span> <span class='ocrx_word' id='word_1_357' title='bbox 226 1861 259 1888; x_wconf 76' lang='grc' dir='ltr'><strong>τὸ</strong></span> <span class='ocrx_word' id='word_1_358' title='bbox 286 1860 464 1895; x_wconf 81' lang='grc' dir='ltr'>ὑποκείμενον</span> <span class='ocrx_word' id='word_1_359' title='bbox 479 1859 550 1886; x_wconf 80' lang='grc' dir='ltr'><strong>κατά</strong></span> <span class='ocrx_word' id='word_1_360' title='bbox 568 1859 648 1893; x_wconf 83' lang='grc' dir='ltr'>φύσιν</span> <span class='ocrx_word' id='word_1_361' title='bbox 665 1860 738 1886; x_wconf 72' lang='grc' dir='ltr'>ἐστὶν</span> <span class='ocrx_word' id='word_1_362' title='bbox 757 1858 806 1893; x_wconf 82' lang='grc' dir='ltr'><strong>(τὸ</strong></span> <span class='ocrx_word' id='word_1_363' title='bbox 821 1858 874 1893; x_wconf 83' lang='grc' dir='ltr'>γὰρ</span> 
     </span>
    </p>
   </div>
   <div class='ocr_carea' id='block_1_45' title="bbox 97 1904 875 1942">
    <p class='ocr_par' dir='ltr' id='par_1_45' title="bbox 97 1904 875 1942">
     <span class='ocr_line' id='line_1_45' title="bbox 97 1904 875 1942; baseline -0.004 -9"><span class='ocrx_word' id='word_1_364' title='bbox 97 1907 252 1941; x_wconf 79' lang='grc' dir='ltr'>ἐπικρατοῦν</span> <span class='ocrx_word' id='word_1_365' title='bbox 272 1906 407 1942; x_wconf 71' lang='grc' dir='ltr'>εὐκαίρως</span> <span class='ocrx_word' id='word_1_366' title='bbox 427 1906 475 1941; x_wconf 85' lang='grc' dir='ltr'>τὴν</span> <span class='ocrx_word' id='word_1_367' title='bbox 490 1905 643 1940; x_wconf 85' lang='grc' dir='ltr'>λεπτότητα</span> <span class='ocrx_word' id='word_1_368' title='bbox 660 1905 709 1940; x_wconf 79' lang='grc' dir='ltr'>τῆς</span> <span class='ocrx_word' id='word_1_369' title='bbox 724 1904 875 1936; x_wconf 82' lang='grc' dir='ltr'>ἀναδόσεως</span> 
     </span>
    </p>
   </div>
   <div class='ocr_carea' id='block_1_46' title="bbox 97 1949 876 1988">
    <p class='ocr_par' dir='ltr' id='par_1_46' title="bbox 97 1949 876 1988">
     <span class='ocr_line' id='line_1_46' title="bbox 97 1949 876 1988; baseline -0.003 -11"><span class='ocrx_word' id='word_1_370' title='bbox 97 1952 177 1987; x_wconf 78' lang='grc' dir='ltr'>ἑαυτῷ</span> <span class='ocrx_word' id='word_1_371' title='bbox 191 1951 405 1988; x_wconf 82' lang='grc' dir='ltr'>προσῳκείωσε)</span> <span class='ocrx_word' id='word_1_372' title='bbox 417 1959 425 1967; x_wconf 73' lang='grc'><strong><em>³</em></strong></span> <span class='ocrx_word' id='word_1_373' title='bbox 442 1950 487 1977; x_wconf 79' lang='grc' dir='ltr'><strong>τὸν</strong></span> <span class='ocrx_word' id='word_1_374' title='bbox 506 1949 587 1977; x_wconf 80' lang='grc' dir='ltr'>αὑτὸν</span> <span class='ocrx_word' id='word_1_375' title='bbox 602 1950 701 1985; x_wconf 85' lang='grc' dir='ltr'>τρόπον</span> <span class='ocrx_word' id='word_1_376' title='bbox 712 1949 876 1983; x_wconf 82' lang='grc' dir='ltr'>ἀνεπαίσθη-</span> 
     </span>
    </p>
   </div>
   <div class='ocr_carea' id='block_1_47' title="bbox 99 1994 875 2031">
    <p class='ocr_par' dir='ltr' id='par_1_47' title="bbox 99 1994 875 2031">
     <span class='ocr_line' id='line_1_47' title="bbox 99 1994 875 2031; baseline -0.004 -7"><span class='ocrx_word' id='word_1_377' title='bbox 99 2005 140 2028; x_wconf 59' lang='lat' dir='ltr'><strong>re;</strong></span> <span class='ocrx_word' id='word_1_378' title='bbox 156 1998 257 2031; x_wconf 87' lang='grc' dir='ltr'>γίνεται</span> <span class='ocrx_word' id='word_1_379' title='bbox 283 1996 330 2023; x_wconf 84' lang='grc' dir='ltr'>διὰ</span> <span class='ocrx_word' id='word_1_380' title='bbox 350 1996 403 2023; x_wconf 81' lang='grc' dir='ltr'><strong>τῶν</strong></span> <span class='ocrx_word' id='word_1_381' title='bbox 422 1996 533 2031; x_wconf 84' lang='grc' dir='ltr'>ἀμερῶν</span> <span class='ocrx_word' id='word_1_382' title='bbox 556 1996 667 2022; x_wconf 79' lang='grc' dir='ltr'>ἐκείνων</span> <span class='ocrx_word' id='word_1_383' title='bbox 689 1995 778 2029; x_wconf 77' lang='grc' dir='ltr'>δγκων</span> <span class='ocrx_word' id='word_1_384' title='bbox 799 1995 816 2030; x_wconf 79' lang='grc' dir='ltr'>ὴ</span> <span class='ocrx_word' id='word_1_385' title='bbox 832 1994 875 2022; x_wconf 70' lang='grc' dir='ltr'>ἀεὶ</span> 
     </span>
    </p>
   </div>
   <div class='ocr_carea' id='block_1_48' title="bbox 98 2040 875 2077">
    <p class='ocr_par' dir='ltr' id='par_1_48' title="bbox 98 2040 875 2077">
     <span class='ocr_line' id='line_1_48' title="bbox 98 2040 875 2077; baseline -0.003 -9"><span class='ocrx_word' id='word_1_386' title='bbox 98 2042 217 2077; x_wconf 82' lang='grc' dir='ltr'>γινομένη</span> <span class='ocrx_word' id='word_1_387' title='bbox 227 2043 261 2077; x_wconf 80' lang='grc' dir='ltr'><strong>τῇ</strong></span> <span class='ocrx_word' id='word_1_388' title='bbox 273 2043 310 2077; x_wconf 79' lang='grc' dir='ltr'><strong>γῇ</strong></span> <span class='ocrx_word' id='word_1_389' title='bbox 322 2040 474 2076; x_wconf 82' lang='grc' dir='ltr'>προσθήκη.</span> <span class='ocrx_word' id='word_1_390' title='bbox 487 2041 648 2067; x_wconf 77' lang='grc' dir='ltr'>Διότιπαντὶ</span> <span class='ocrx_word' id='word_1_391' title='bbox 659 2040 696 2076; x_wconf 81' lang='grc' dir='ltr'>τῷ</span> <span class='ocrx_word' id='word_1_392' title='bbox 706 2040 875 2075; x_wconf 83' lang='grc' dir='ltr'>ὑποκειμένῳ</span> 
     </span>
    </p>
   </div>
   <div class='ocr_carea' id='block_1_49' title="bbox 918 134 1693 169">
    <p class='ocr_par' dir='ltr' id='par_1_49' title="bbox 918 134 1693 169">
     <span class='ocr_line' id='line_1_49' title="bbox 918 134 1693 169; baseline 0.001 -8"><span class='ocrx_word' id='word_1_393' title='bbox 918 142 1002 168; x_wconf 83' lang='lat' dir='ltr'><strong>supra</strong></span> <span class='ocrx_word' id='word_1_394' title='bbox 1019 134 1138 161; x_wconf 77' lang='lat' dir='ltr'><strong>diximus</strong></span> <span class='ocrx_word' id='word_1_395' title='bbox 1155 134 1246 167; x_wconf 84' lang='lat' dir='ltr'><strong>modo,</strong></span> <span class='ocrx_word' id='word_1_396' title='bbox 1265 134 1292 159; x_wconf 89' lang='lat' dir='ltr'><strong>in</strong></span> <span class='ocrx_word' id='word_1_397' title='bbox 1309 134 1370 166; x_wconf 70' lang='lat' dir='ltr'><strong>igne</strong></span> <span class='ocrx_word' id='word_1_398' title='bbox 1378 134 1458 168; x_wconf 86' lang='lat' dir='ltr'><strong>positi</strong></span> <span class='ocrx_word' id='word_1_399' title='bbox 1471 135 1629 169; x_wconf 70' lang='lat' dir='ltr'><strong>qualitatem</strong></span> <span class='ocrx_word' id='word_1_400' title='bbox 1642 136 1693 162; x_wconf 86' lang='lat' dir='ltr'><strong>hu-</strong></span> 
     </span>
    </p>
   </div>
   <div class='ocr_carea' id='block_1_50' title="bbox 916 177 1692 215">
    <p class='ocr_par' dir='ltr' id='par_1_50' title="bbox 916 177 1692 215">
     <span class='ocr_line' id='line_1_50' title="bbox 916 177 1692 215; baseline 0.005 -12"><span class='ocrx_word' id='word_1_401' title='bbox 916 177 1016 204; x_wconf 86' lang='lat' dir='ltr'><strong>midam</strong></span> <span class='ocrx_word' id='word_1_402' title='bbox 1028 178 1053 204; x_wconf 90' lang='lat' dir='ltr'><strong>in</strong></span> <span class='ocrx_word' id='word_1_403' title='bbox 1062 178 1162 204; x_wconf 80' lang='lat' dir='ltr'><strong>siccam</strong></span> <span class='ocrx_word' id='word_1_404' title='bbox 1171 182 1341 208; x_wconf 80' lang='lat' dir='ltr'><strong>convertunt,</strong></span> <span class='ocrx_word' id='word_1_405' title='bbox 1350 186 1460 205; x_wconf 87' lang='lat' dir='ltr'><strong>necesse</strong></span> <span class='ocrx_word' id='word_1_406' title='bbox 1467 184 1518 210; x_wconf 83' lang='lat' dir='ltr'><strong>est,</strong></span> <span class='ocrx_word' id='word_1_407' title='bbox 1527 180 1692 215; x_wconf 89' lang='lat' dir='ltr'><strong>utquidquid</strong></span> 
     </span>
    </p>
   </div>
   <div class='ocr_carea' id='block_1_51' title="bbox 916 223 1690 261">
    <p class='ocr_par' dir='ltr' id='par_1_51' title="bbox 916 223 1690 261">
     <span class='ocr_line' id='line_1_51' title="bbox 916 223 1690 261; baseline 0.005 -12"><span class='ocrx_word' id='word_1_408' title='bbox 916 223 981 249; x_wconf 90' lang='lat' dir='ltr'><strong>illud</strong></span> <span class='ocrx_word' id='word_1_409' title='bbox 1001 223 1093 254; x_wconf 78' lang='lat' dir='ltr'><strong>fuerit,</strong></span> <span class='ocrx_word' id='word_1_410' title='bbox 1105 224 1178 258; x_wconf 85' lang='lat' dir='ltr'><strong>quod</strong></span> <span class='ocrx_word' id='word_1_411' title='bbox 1191 231 1223 250; x_wconf 80' lang='lat' dir='ltr'><strong>ex</strong></span> <span class='ocrx_word' id='word_1_412' title='bbox 1239 224 1292 251; x_wconf 87' lang='lat' dir='ltr'><strong>illis</strong></span> <span class='ocrx_word' id='word_1_413' title='bbox 1306 224 1444 250; x_wconf 87' lang='lat' dir='ltr'><strong>redactum</strong></span> <span class='ocrx_word' id='word_1_414' title='bbox 1459 225 1549 251; x_wconf 88' lang='lat' dir='ltr'><strong>animo</strong></span> <span class='ocrx_word' id='word_1_415' title='bbox 1569 233 1690 261; x_wconf 47' lang='lat' dir='ltr'><strong>compre‘</strong></span> 
     </span>
    </p>
   </div>
   <div class='ocr_carea' id='block_1_52' title="bbox 917 267 1693 303">
    <p class='ocr_par' dir='ltr' id='par_1_52' title="bbox 917 267 1693 303">
     <span class='ocr_line' id='line_1_52' title="bbox 917 267 1693 303; baseline 0.005 -10"><span class='ocrx_word' id='word_1_416' title='bbox 917 267 1101 299; x_wconf 83' lang='lat' dir='ltr'><strong>henderimus,</strong></span> <span class='ocrx_word' id='word_1_417' title='bbox 1111 276 1207 303; x_wconf 86' lang='lat' dir='ltr'><strong>purum</strong></span> <span class='ocrx_word' id='word_1_418' title='bbox 1223 272 1249 295; x_wconf 91' lang='lat' dir='ltr'><strong>et</strong></span> <span class='ocrx_word' id='word_1_419' title='bbox 1260 275 1367 295; x_wconf 84' lang='lat' dir='ltr'><strong>aereum</strong></span> <span class='ocrx_word' id='word_1_420' title='bbox 1377 267 1489 302; x_wconf 88' lang='lat' dir='ltr'><strong>aliquid,</strong></span> <span class='ocrx_word' id='word_1_421' title='bbox 1503 269 1574 302; x_wconf 90' lang='lat' dir='ltr'><strong>quod</strong></span> <span class='ocrx_word' id='word_1_422' title='bbox 1586 270 1693 297; x_wconf 78' lang='lat' dir='ltr'><strong>subtili-</strong></span> 
     </span>
    </p>
   </div>
   <div class='ocr_carea' id='block_1_53' title="bbox 918 313 1695 350">
    <p class='ocr_par' dir='ltr' id='par_1_53' title="bbox 918 313 1695 350">
     <span class='ocr_line' id='line_1_53' title="bbox 918 313 1695 350; baseline 0.005 -11"><span class='ocrx_word' id='word_1_423' title='bbox 918 317 972 340; x_wconf 89' lang='lat' dir='ltr'><strong>tate</strong></span> <span class='ocrx_word' id='word_1_424' title='bbox 991 320 1040 340; x_wconf 89' lang='lat' dir='ltr'><strong>sua</strong></span> <span class='ocrx_word' id='word_1_425' title='bbox 1058 313 1239 348; x_wconf 74' lang='lat' dir='ltr'><strong>cognitionem</strong></span> <span class='ocrx_word' id='word_1_426' title='bbox 1254 313 1372 348; x_wconf 73' lang='lat' dir='ltr'><strong>effugiat,</strong></span> <span class='ocrx_word' id='word_1_427' title='bbox 1387 314 1545 348; x_wconf 76' lang='lat' dir='ltr'><strong>cogitemus.</strong></span> <span class='ocrx_word' id='word_1_428' title='bbox 1561 314 1609 342; x_wconf 88' lang='lat' dir='ltr'><strong>Sin</strong></span> <span class='ocrx_word' id='word_1_429' title='bbox 1622 316 1695 350; x_wconf 90' lang='lat' dir='ltr'><strong>quis-</strong></span> 
     </span>
    </p>
   </div>
   <div class='ocr_carea' id='block_1_54' title="bbox 917 359 1693 395">
    <p class='ocr_par' dir='ltr' id='par_1_54' title="bbox 917 359 1693 395">
     <span class='ocr_line' id='line_1_54' title="bbox 917 359 1693 395; baseline 0.001 -9"><span class='ocrx_word' id='word_1_430' title='bbox 917 359 989 393; x_wconf 83' lang='lat' dir='ltr'><strong>piam</strong></span> <span class='ocrx_word' id='word_1_431' title='bbox 1008 361 1100 387; x_wconf 84' lang='lat' dir='ltr'><strong>sensui</strong></span> <span class='ocrx_word' id='word_1_432' title='bbox 1116 360 1201 393; x_wconf 78' lang='lat' dir='ltr'><strong>magis</strong></span> <span class='ocrx_word' id='word_1_433' title='bbox 1216 367 1296 394; x_wconf 89' lang='lat' dir='ltr'><strong>quam</strong></span> <span class='ocrx_word' id='word_1_434' title='bbox 1311 359 1409 386; x_wconf 76' lang='lat' dir='ltr'><strong>rationi</strong></span> <span class='ocrx_word' id='word_1_435' title='bbox 1425 359 1588 387; x_wconf 91' lang='lat' dir='ltr'><strong>credendum</strong></span> <span class='ocrx_word' id='word_1_436' title='bbox 1607 364 1693 395; x_wconf 92' lang='lat' dir='ltr'><strong>putat,</strong></span> 
     </span>
    </p>
   </div>
   <div class='ocr_carea' id='block_1_55' title="bbox 918 405 1694 440">
    <p class='ocr_par' dir='ltr' id='par_1_55' title="bbox 918 405 1694 440">
     <span class='ocr_line' id='line_1_55' title="bbox 918 405 1694 440; baseline 0.004 -10"><span class='ocrx_word' id='word_1_437' title='bbox 918 405 1070 439; x_wconf 61' lang='lat' dir='ltr'><strong>quaeritque</strong></span> <span class='ocrx_word' id='word_1_438' title='bbox 1086 405 1175 432; x_wconf 90' lang='lat' dir='ltr'><strong>oculis</strong></span> <span class='ocrx_word' id='word_1_439' title='bbox 1188 405 1326 432; x_wconf 89' lang='lat' dir='ltr'><strong>individua</strong></span> <span class='ocrx_word' id='word_1_440' title='bbox 1345 412 1377 431; x_wconf 90' lang='lat' dir='ltr'><strong>ac</strong></span> <span class='ocrx_word' id='word_1_441' title='bbox 1391 412 1461 432; x_wconf 59' lang='lat' dir='ltr'><strong>caeca</strong></span> <span class='ocrx_word' id='word_1_442' title='bbox 1473 405 1518 432; x_wconf 90' lang='lat' dir='ltr'><strong>illa</strong></span> <span class='ocrx_word' id='word_1_443' title='bbox 1534 407 1694 440; x_wconf 85' lang='lat' dir='ltr'><strong>corpuscula</strong></span> 
     </span>
    </p>
   </div>
   <div class='ocr_carea' id='block_1_56' title="bbox 918 450 1694 485">
    <p class='ocr_par' dir='ltr' id='par_1_56' title="bbox 918 450 1694 485">
     <span class='ocr_line' id='line_1_56' title="bbox 918 450 1694 485; baseline 0.003 -9"><span class='ocrx_word' id='word_1_444' title='bbox 918 451 1051 482; x_wconf 87' lang='lat' dir='ltr'><strong>contueri,</strong></span> <span class='ocrx_word' id='word_1_445' title='bbox 1070 451 1093 477; x_wconf 89' lang='lat' dir='ltr'><strong>is</strong></span> <span class='ocrx_word' id='word_1_446' title='bbox 1111 450 1209 485; x_wconf 87' lang='lat' dir='ltr'><strong>poterit</strong></span> <span class='ocrx_word' id='word_1_447' title='bbox 1229 456 1317 477; x_wconf 85' lang='lat' dir='ltr'><strong>aerem</strong></span> <span class='ocrx_word' id='word_1_448' title='bbox 1334 450 1434 478; x_wconf 80' lang='lat' dir='ltr'><strong>talibus</strong></span> <span class='ocrx_word' id='word_1_449' title='bbox 1450 452 1589 485; x_wconf 76' lang='lat' dir='ltr'><strong>particulis</strong></span> <span class='ocrx_word' id='word_1_450' title='bbox 1609 451 1694 479; x_wconf 79' lang='lat' dir='ltr'><strong>refer-</strong></span> 
     </span>
    </p>
   </div>
   <div class='ocr_carea' id='block_1_57' title="bbox 918 496 1695 531">
    <p class='ocr_par' dir='ltr' id='par_1_57' title="bbox 918 496 1695 531">
     <span class='ocr_line' id='line_1_57' title="bbox 918 496 1695 531; baseline 0.003 -9"><span class='ocrx_word' id='word_1_451' title='bbox 918 496 975 522; x_wconf 87' lang='lat' dir='ltr'><strong>tum</strong></span> <span class='ocrx_word' id='word_1_452' title='bbox 989 496 1122 531; x_wconf 72' lang='lat' dir='ltr'><strong>aspicere,</strong></span> <span class='ocrx_word' id='word_1_453' title='bbox 1140 497 1248 530; x_wconf 88' lang='lat' dir='ltr'><strong>quando</strong></span> <span class='ocrx_word' id='word_1_454' title='bbox 1259 496 1326 523; x_wconf 84' lang='lat' dir='ltr'><strong>radii</strong></span> <span class='ocrx_word' id='word_1_455' title='bbox 1341 497 1407 523; x_wconf 88' lang='lat' dir='ltr'><strong>solis</strong></span> <span class='ocrx_word' id='word_1_456' title='bbox 1423 504 1470 530; x_wconf 84' lang='lat' dir='ltr'><strong>per</strong></span> <span class='ocrx_word' id='word_1_457' title='bbox 1486 496 1633 524; x_wconf 78' lang='lat' dir='ltr'><strong>fenestram</strong></span> <span class='ocrx_word' id='word_1_458' title='bbox 1648 503 1695 525; x_wconf 73' lang='lat' dir='ltr'><strong>es-</strong></span> 
     </span>
    </p>
   </div>
   <div class='ocr_carea' id='block_1_58' title="bbox 920 541 1694 576">
    <p class='ocr_par' dir='ltr' id='par_1_58' title="bbox 920 541 1694 576">
     <span class='ocr_line' id='line_1_58' title="bbox 920 541 1694 576; baseline 0.003 -8"><span class='ocrx_word' id='word_1_459' title='bbox 920 541 1001 575; x_wconf 87' lang='lat' dir='ltr'><strong>cepti,</strong></span> <span class='ocrx_word' id='word_1_460' title='bbox 1032 549 1092 568; x_wconf 87' lang='lat' dir='ltr'><strong>eam</strong></span> <span class='ocrx_word' id='word_1_461' title='bbox 1118 542 1189 569; x_wconf 87' lang='lat' dir='ltr'><strong>aeris</strong></span> <span class='ocrx_word' id='word_1_462' title='bbox 1215 546 1317 576; x_wconf 86' lang='lat' dir='ltr'><strong>partem</strong></span> <span class='ocrx_word' id='word_1_463' title='bbox 1347 542 1488 569; x_wconf 88' lang='lat' dir='ltr'><strong>clariorem</strong></span> <span class='ocrx_word' id='word_1_464' title='bbox 1518 542 1694 576; x_wconf 83' lang='lat' dir='ltr'><strong>reddiderint,</strong></span> 
     </span>
    </p>
   </div>
   <div class='ocr_carea' id='block_1_59' title="bbox 918 588 1695 622">
    <p class='ocr_par' dir='ltr' id='par_1_59' title="bbox 918 588 1695 622">
     <span class='ocr_line' id='line_1_59' title="bbox 918 588 1695 622; baseline 0.003 -8"><span class='ocrx_word' id='word_1_465' title='bbox 918 594 978 622; x_wconf 67' lang='lat' dir='ltr'><strong>quae</strong></span> <span class='ocrx_word' id='word_1_466' title='bbox 997 588 1140 622; x_wconf 88' lang='lat' dir='ltr'><strong>splendore</strong></span> <span class='ocrx_word' id='word_1_467' title='bbox 1165 588 1246 615; x_wconf 81' lang='lat' dir='ltr'><strong>fuerit</strong></span> <span class='ocrx_word' id='word_1_468' title='bbox 1267 588 1412 616; x_wconf 88' lang='lat' dir='ltr'><strong>illustrata.</strong></span> <span class='ocrx_word' id='word_1_469' title='bbox 1430 588 1480 616; x_wconf 91' lang='lat' dir='ltr'><strong>Hic</strong></span> <span class='ocrx_word' id='word_1_470' title='bbox 1498 589 1569 616; x_wconf 89' lang='lat' dir='ltr'><strong>enim</strong></span> <span class='ocrx_word' id='word_1_471' title='bbox 1589 589 1695 616; x_wconf 85' lang='lat' dir='ltr'><strong>inlinita</strong></span> 
     </span>
    </p>
   </div>
   <div class='ocr_carea' id='block_1_60' title="bbox 918 633 1695 670">
    <p class='ocr_par' dir='ltr' id='par_1_60' title="bbox 918 633 1695 670">
     <span class='ocr_line' id='line_1_60' title="bbox 918 633 1695 670; baseline 0.003 -11"><span class='ocrx_word' id='word_1_472' title='bbox 918 634 1145 668; x_wconf 89' lang='lat' dir='ltr'><strong>corpusculorum</strong></span> <span class='ocrx_word' id='word_1_473' title='bbox 1161 633 1187 660; x_wconf 92' lang='lat' dir='ltr'><strong>in</strong></span> <span class='ocrx_word' id='word_1_474' title='bbox 1202 641 1266 661; x_wconf 89' lang='lat' dir='ltr'><strong>aere</strong></span> <span class='ocrx_word' id='word_1_475' title='bbox 1278 634 1446 661; x_wconf 82' lang='lat' dir='ltr'><strong>volitantium</strong></span> <span class='ocrx_word' id='word_1_476' title='bbox 1464 634 1617 666; x_wconf 80' lang='lat' dir='ltr'><strong>multitudo,</strong></span> <span class='ocrx_word' id='word_1_477' title='bbox 1635 642 1695 670; x_wconf 79' lang='lat' dir='ltr'><strong>qua:</strong></span> 
     </span>
    </p>
   </div>
   <div class='ocr_carea' id='block_1_61' title="bbox 918 678 1693 714">
    <p class='ocr_par' dir='ltr' id='par_1_61' title="bbox 918 678 1693 714">
     <span class='ocr_line' id='line_1_61' title="bbox 918 678 1693 714; baseline 0.001 -9"><span class='ocrx_word' id='word_1_478' title='bbox 918 678 945 705; x_wconf 92' lang='lat' dir='ltr'><strong>in</strong></span> <span class='ocrx_word' id='word_1_479' title='bbox 962 678 1066 713; x_wconf 85' lang='lat' dir='ltr'><strong>reliquo</strong></span> <span class='ocrx_word' id='word_1_480' title='bbox 1083 679 1154 706; x_wconf 88' lang='lat' dir='ltr'><strong>aeris</strong></span> <span class='ocrx_word' id='word_1_481' title='bbox 1168 680 1255 714; x_wconf 88' lang='lat' dir='ltr'><strong>spatio</strong></span> <span class='ocrx_word' id='word_1_482' title='bbox 1273 680 1359 707; x_wconf 87' lang='lat' dir='ltr'><strong>oculis</strong></span> <span class='ocrx_word' id='word_1_483' title='bbox 1375 679 1446 707; x_wconf 87' lang='lat' dir='ltr'><strong>cerni</strong></span> <span class='ocrx_word' id='word_1_484' title='bbox 1463 685 1517 707; x_wconf 88' lang='lat' dir='ltr'><strong>non</strong></span> <span class='ocrx_word' id='word_1_485' title='bbox 1537 684 1634 714; x_wconf 84' lang='lat' dir='ltr'><strong>potest,</strong></span> <span class='ocrx_word' id='word_1_486' title='bbox 1649 686 1693 706; x_wconf 91' lang='lat' dir='ltr'><strong>ra-</strong></span> 
     </span>
    </p>
   </div>
   <div class='ocr_carea' id='block_1_62' title="bbox 918 723 1694 761">
    <p class='ocr_par' dir='ltr' id='par_1_62' title="bbox 918 723 1694 761">
     <span class='ocr_line' id='line_1_62' title="bbox 918 723 1694 761; baseline 0.003 -11"><span class='ocrx_word' id='word_1_487' title='bbox 918 723 1024 751; x_wconf 90' lang='lat' dir='ltr'><strong>diorum</strong></span> <span class='ocrx_word' id='word_1_488' title='bbox 1047 724 1177 752; x_wconf 81' lang='lat' dir='ltr'><strong>beneﬁcio</strong></span> <span class='ocrx_word' id='word_1_489' title='bbox 1195 726 1364 760; x_wconf 81' lang='lat' dir='ltr'><strong>perspicitur.</strong></span> <span class='ocrx_word' id='word_1_490' title='bbox 1383 726 1411 754; x_wconf 87' lang='lat' dir='ltr'><strong>Si</strong></span> <span class='ocrx_word' id='word_1_491' title='bbox 1430 726 1491 761; x_wconf 87' lang='lat' dir='ltr'><strong>quis</strong></span> <span class='ocrx_word' id='word_1_492' title='bbox 1507 725 1589 760; x_wconf 78' lang='lat' dir='ltr'><strong>igitur</strong></span> <span class='ocrx_word' id='word_1_493' title='bbox 1608 726 1694 753; x_wconf 87' lang='lat' dir='ltr'><strong>aciem</strong></span> 
     </span>
    </p>
   </div>
   <div class='ocr_carea' id='block_1_63' title="bbox 917 770 1694 806">
    <p class='ocr_par' dir='ltr' id='par_1_63' title="bbox 917 770 1694 806">
     <span class='ocr_line' id='line_1_63' title="bbox 917 770 1694 806; baseline 0.001 -10"><span class='ocrx_word' id='word_1_494' title='bbox 917 770 1056 797; x_wconf 89' lang='lat' dir='ltr'><strong>oculorum</strong></span> <span class='ocrx_word' id='word_1_495' title='bbox 1084 770 1238 804; x_wconf 87' lang='lat' dir='ltr'><strong>intenderit,</strong></span> <span class='ocrx_word' id='word_1_496' title='bbox 1253 772 1413 806; x_wconf 86' lang='lat' dir='ltr'><strong>corpuscula</strong></span> <span class='ocrx_word' id='word_1_497' title='bbox 1436 772 1479 798; x_wconf 85' lang='lat' dir='ltr'><strong>illa</strong></span> <span class='ocrx_word' id='word_1_498' title='bbox 1498 771 1608 799; x_wconf 86' lang='lat' dir='ltr'><strong>subtilia</strong></span> <span class='ocrx_word' id='word_1_499' title='bbox 1625 771 1694 798; x_wconf 78' lang='lat' dir='ltr'><strong>assi-</strong></span> 
     </span>
    </p>
   </div>
   <div class='ocr_carea' id='block_1_64' title="bbox 918 814 1695 851">
    <p class='ocr_par' dir='ltr' id='par_1_64' title="bbox 918 814 1695 851">
     <span class='ocr_line' id='line_1_64' title="bbox 918 814 1695 851; baseline 0.003 -9"><span class='ocrx_word' id='word_1_500' title='bbox 918 816 971 843; x_wconf 90' lang='lat' dir='ltr'><strong>due</strong></span> <span class='ocrx_word' id='word_1_501' title='bbox 991 814 1135 843; x_wconf 80' lang='lat' dir='ltr'><strong>deliuentia</strong></span> <span class='ocrx_word' id='word_1_502' title='bbox 1149 816 1276 844; x_wconf 86' lang='lat' dir='ltr'><strong>deorsum</strong></span> <span class='ocrx_word' id='word_1_503' title='bbox 1297 817 1361 844; x_wconf 80' lang='lat' dir='ltr'><strong>ferri</strong></span> <span class='ocrx_word' id='word_1_504' title='bbox 1381 817 1537 851; x_wconf 83' lang='lat' dir='ltr'><strong>conspiciet.</strong></span> <span class='ocrx_word' id='word_1_505' title='bbox 1555 816 1632 850; x_wconf 85' lang='lat' dir='ltr'><strong>Quod</strong></span> <span class='ocrx_word' id='word_1_506' title='bbox 1646 822 1695 844; x_wconf 84' lang='lat' dir='ltr'><strong>au-</strong></span> 
     </span>
    </p>
   </div>
   <div class='ocr_carea' id='block_1_65' title="bbox 917 862 1693 897">
    <p class='ocr_par' dir='ltr' id='par_1_65' title="bbox 917 862 1693 897">
     <span class='ocr_line' id='line_1_65' title="bbox 917 862 1693 897; baseline 0.001 -9"><span class='ocrx_word' id='word_1_507' title='bbox 917 865 971 888; x_wconf 87' lang='lat' dir='ltr'><strong>tem</strong></span> <span class='ocrx_word' id='word_1_508' title='bbox 987 862 1013 888; x_wconf 91' lang='lat' dir='ltr'><strong>in</strong></span> <span class='ocrx_word' id='word_1_509' title='bbox 1029 869 1081 889; x_wconf 90' lang='lat' dir='ltr'><strong>una</strong></span> <span class='ocrx_word' id='word_1_510' title='bbox 1094 866 1170 897; x_wconf 89' lang='lat' dir='ltr'><strong>parte</strong></span> <span class='ocrx_word' id='word_1_511' title='bbox 1186 862 1257 889; x_wconf 81' lang='lat' dir='ltr'><strong>aeris</strong></span> <span class='ocrx_word' id='word_1_512' title='bbox 1269 862 1431 893; x_wconf 86' lang='lat' dir='ltr'><strong>ostenditur.</strong></span> <span class='ocrx_word' id='word_1_513' title='bbox 1445 862 1545 890; x_wconf 88' lang='lat' dir='ltr'><strong>indicio</strong></span> <span class='ocrx_word' id='word_1_514' title='bbox 1555 868 1608 895; x_wconf 84' lang='lat' dir='ltr'><strong>est,</strong></span> <span class='ocrx_word' id='word_1_515' title='bbox 1623 862 1693 889; x_wconf 87' lang='lat' dir='ltr'><strong>idem</strong></span> 
     </span>
    </p>
   </div>
   <div class='ocr_carea' id='block_1_66' title="bbox 918 906 1697 942">
    <p class='ocr_par' dir='ltr' id='par_1_66' title="bbox 918 906 1697 942">
     <span class='ocr_line' id='line_1_66' title="bbox 918 906 1697 942; baseline 0.004 -10"><span class='ocrx_word' id='word_1_516' title='bbox 918 907 945 933; x_wconf 93' lang='lat' dir='ltr'><strong>in</strong></span> <span class='ocrx_word' id='word_1_517' title='bbox 962 906 1088 934; x_wconf 88' lang='lat' dir='ltr'><strong>universo</strong></span> <span class='ocrx_word' id='word_1_518' title='bbox 1111 907 1212 934; x_wconf 88' lang='lat' dir='ltr'><strong>nmndo</strong></span> <span class='ocrx_word' id='word_1_519' title='bbox 1232 907 1299 939; x_wconf 88' lang='lat' dir='ltr'><strong>ﬁeri,</strong></span> <span class='ocrx_word' id='word_1_520' title='bbox 1319 907 1451 942; x_wconf 88' lang='lat' dir='ltr'><strong>siquidem</strong></span> <span class='ocrx_word' id='word_1_521' title='bbox 1473 909 1543 935; x_wconf 90' lang='lat' dir='ltr'><strong>inter</strong></span> <span class='ocrx_word' id='word_1_522' title='bbox 1560 915 1589 936; x_wconf 87' lang='lat' dir='ltr'><strong>se</strong></span> <span class='ocrx_word' id='word_1_523' title='bbox 1608 908 1697 935; x_wconf 86' lang='lat' dir='ltr'><strong>couti-</strong></span> 
     </span>
    </p>
   </div>
   <div class='ocr_carea' id='block_1_67' title="bbox 917 954 1696 989">
    <p class='ocr_par' dir='ltr' id='par_1_67' title="bbox 917 954 1696 989">
     <span class='ocr_line' id='line_1_67' title="bbox 917 954 1696 989; baseline 0.001 -9"><span class='ocrx_word' id='word_1_524' title='bbox 917 960 989 980; x_wconf 83' lang='lat' dir='ltr'><strong>nuus</strong></span> <span class='ocrx_word' id='word_1_525' title='bbox 1003 957 1055 984; x_wconf 82' lang='lat' dir='ltr'><strong>est.</strong></span> <span class='ocrx_word' id='word_1_526' title='bbox 1074 958 1102 981; x_wconf 90' lang='lat' dir='ltr'><strong>et</strong></span> <span class='ocrx_word' id='word_1_527' title='bbox 1121 961 1155 981; x_wconf 82' lang='lat' dir='ltr'><strong>ex</strong></span> <span class='ocrx_word' id='word_1_528' title='bbox 1180 954 1302 988; x_wconf 86' lang='lat' dir='ltr'><strong>partibus</strong></span> <span class='ocrx_word' id='word_1_529' title='bbox 1321 958 1490 989; x_wconf 63' lang='lat' dir='ltr'><strong>compactust</strong></span> <span class='ocrx_word' id='word_1_530' title='bbox 1505 954 1590 982; x_wconf 86' lang='lat' dir='ltr'><strong>Porro</strong></span> <span class='ocrx_word' id='word_1_531' title='bbox 1613 955 1636 982; x_wconf 82' lang='lat' dir='ltr'><strong>sl</strong></span> <span class='ocrx_word' id='word_1_532' title='bbox 1657 959 1696 981; x_wconf 87' lang='lat' dir='ltr'><strong>te-</strong></span> 
     </span>
    </p>
   </div>
   <div class='ocr_carea' id='block_1_68' title="bbox 917 998 1693 1035">
    <p class='ocr_par' dir='ltr' id='par_1_68' title="bbox 917 998 1693 1035">
     <span class='ocr_line' id='line_1_68' title="bbox 917 998 1693 1035; baseline 0.003 -11"><span class='ocrx_word' id='word_1_533' title='bbox 917 998 982 1025; x_wconf 88' lang='lat' dir='ltr'><strong>nuia</strong></span> <span class='ocrx_word' id='word_1_534' title='bbox 998 998 1055 1025; x_wconf 78' lang='lat' dir='ltr'><strong>haec</strong></span> <span class='ocrx_word' id='word_1_535' title='bbox 1070 999 1263 1034; x_wconf 86' lang='lat' dir='ltr'><strong>individuaque</strong></span> <span class='ocrx_word' id='word_1_536' title='bbox 1279 999 1450 1034; x_wconf 88' lang='lat' dir='ltr'><strong>corpuscula,</strong></span> <span class='ocrx_word' id='word_1_537' title='bbox 1467 1008 1527 1035; x_wconf 67' lang='lat' dir='ltr'><strong>quae</strong></span> <span class='ocrx_word' id='word_1_538' title='bbox 1538 1000 1566 1027; x_wconf 89' lang='lat' dir='ltr'><strong>in</strong></span> <span class='ocrx_word' id='word_1_539' title='bbox 1582 1007 1644 1028; x_wconf 86' lang='lat' dir='ltr'><strong>aere</strong></span> <span class='ocrx_word' id='word_1_540' title='bbox 1653 999 1693 1034; x_wconf 57' lang='lat' dir='ltr'><strong>jaA</strong></span> 
     </span>
    </p>
   </div>
   <div class='ocr_carea' id='block_1_69' title="bbox 917 1044 1697 1080">
    <p class='ocr_par' dir='ltr' id='par_1_69' title="bbox 917 1044 1697 1080">
     <span class='ocr_line' id='line_1_69' title="bbox 917 1044 1697 1080; baseline 0.003 -9"><span class='ocrx_word' id='word_1_541' title='bbox 917 1048 1035 1076; x_wconf 83' lang='lat' dir='ltr'><strong>ctantur,</strong></span> <span class='ocrx_word' id='word_1_542' title='bbox 1050 1045 1077 1071; x_wconf 93' lang='lat' dir='ltr'><strong>in</strong></span> <span class='ocrx_word' id='word_1_543' title='bbox 1095 1048 1195 1072; x_wconf 87' lang='lat' dir='ltr'><strong>terram</strong></span> <span class='ocrx_word' id='word_1_544' title='bbox 1215 1044 1357 1072; x_wconf 86' lang='lat' dir='ltr'><strong>deﬂuunt:</strong></span> <span class='ocrx_word' id='word_1_545' title='bbox 1378 1049 1536 1080; x_wconf 85' lang='lat' dir='ltr'><strong>certumque</strong></span> <span class='ocrx_word' id='word_1_546' title='bbox 1555 1050 1597 1073; x_wconf 80' lang='lat' dir='ltr'><strong>est</strong></span> <span class='ocrx_word' id='word_1_547' title='bbox 1614 1045 1697 1073; x_wconf 71' lang='lat' dir='ltr'><strong>atthe-</strong></span> 
     </span>
    </p>
   </div>
   <div class='ocr_carea' id='block_1_70' title="bbox 918 1089 1696 1126">
    <p class='ocr_par' dir='ltr' id='par_1_70' title="bbox 918 1089 1696 1126">
     <span class='ocr_line' id='line_1_70' title="bbox 918 1089 1696 1126; baseline 0 -9"><span class='ocrx_word' id='word_1_548' title='bbox 918 1089 986 1117; x_wconf 88' lang='lat' dir='ltr'><strong>riam</strong></span> <span class='ocrx_word' id='word_1_549' title='bbox 1013 1090 1129 1125; x_wconf 82' lang='lat' dir='ltr'><strong>speciem</strong></span> <span class='ocrx_word' id='word_1_550' title='bbox 1156 1098 1210 1117; x_wconf 89' lang='lat' dir='ltr'><strong>non</strong></span> <span class='ocrx_word' id='word_1_551' title='bbox 1236 1091 1353 1125; x_wconf 89' lang='lat' dir='ltr'><strong>discerpi</strong></span> <span class='ocrx_word' id='word_1_552' title='bbox 1379 1091 1406 1118; x_wconf 91' lang='lat' dir='ltr'><strong>in</strong></span> <span class='ocrx_word' id='word_1_553' title='bbox 1429 1098 1461 1118; x_wconf 79' lang='lat' dir='ltr'><strong>ea</strong></span> <span class='ocrx_word' id='word_1_554' title='bbox 1483 1098 1534 1118; x_wconf 80' lang='lat' dir='ltr'><strong>nec</strong></span> <span class='ocrx_word' id='word_1_555' title='bbox 1557 1091 1696 1126; x_wconf 75' lang='lat' dir='ltr'><strong>dissipari.</strong></span> 
     </span>
    </p>
   </div>
   <div class='ocr_carea' id='block_1_71' title="bbox 918 1135 1696 1172">
    <p class='ocr_par' dir='ltr' id='par_1_71' title="bbox 918 1135 1696 1172">
     <span class='ocr_line' id='line_1_71' title="bbox 918 1135 1696 1172; baseline 0.001 -10"><span class='ocrx_word' id='word_1_556' title='bbox 918 1136 1027 1171; x_wconf 84' lang='lat' dir='ltr'><strong>quando</strong></span> <span class='ocrx_word' id='word_1_557' title='bbox 1054 1135 1268 1164; x_wconf 82' lang='lat' dir='ltr'><strong>confractionem</strong></span> <span class='ocrx_word' id='word_1_558' title='bbox 1289 1141 1370 1172; x_wconf 89' lang='lat' dir='ltr'><strong>atque</strong></span> <span class='ocrx_word' id='word_1_559' title='bbox 1389 1135 1547 1164; x_wconf 75' lang='lat' dir='ltr'><strong>effusionem</strong></span> <span class='ocrx_word' id='word_1_560' title='bbox 1563 1135 1696 1171; x_wconf 80' lang='lat' dir='ltr'><strong>ejusmodi</strong></span> 
     </span>
    </p>
   </div>
   <div class='ocr_carea' id='block_1_72' title="bbox 918 1181 1696 1217">
    <p class='ocr_par' dir='ltr' id='par_1_72' title="bbox 918 1181 1696 1217">
     <span class='ocr_line' id='line_1_72' title="bbox 918 1181 1696 1217; baseline 0.003 -9"><span class='ocrx_word' id='word_1_561' title='bbox 918 1188 971 1208; x_wconf 91' lang='lat' dir='ltr'><strong>non</strong></span> <span class='ocrx_word' id='word_1_562' title='bbox 985 1181 1086 1216; x_wconf 88' lang='lat' dir='ltr'><strong>patitur</strong></span> <span class='ocrx_word' id='word_1_563' title='bbox 1098 1181 1168 1217; x_wconf 76' lang='lat' dir='ltr'><strong>ignis</strong></span> <span class='ocrx_word' id='word_1_564' title='bbox 1183 1185 1278 1209; x_wconf 87' lang='lat' dir='ltr'><strong>natura</strong></span> <span class='ocrx_word' id='word_1_565' title='bbox 1291 1190 1298 1209; x_wconf 89' lang='lat'>:</span> <span class='ocrx_word' id='word_1_566' title='bbox 1319 1189 1430 1209; x_wconf 71' lang='lat' dir='ltr'><strong>neceSSe</strong></span> <span class='ocrx_word' id='word_1_567' title='bbox 1442 1185 1483 1209; x_wconf 80' lang='lat' dir='ltr'><strong>est</strong></span> <span class='ocrx_word' id='word_1_568' title='bbox 1500 1185 1529 1209; x_wconf 96' lang='lat' dir='ltr'><strong>ut</strong></span> <span class='ocrx_word' id='word_1_569' title='bbox 1543 1183 1696 1214; x_wconf 70' lang='lat' dir='ltr'><strong>credamus.</strong></span> 
     </span>
    </p>
   </div>
   <div class='ocr_carea' id='block_1_73' title="bbox 918 1227 1696 1264">
    <p class='ocr_par' dir='ltr' id='par_1_73' title="bbox 918 1227 1696 1264">
     <span class='ocr_line' id='line_1_73' title="bbox 918 1227 1696 1264; baseline 0.001 -10"><span class='ocrx_word' id='word_1_570' title='bbox 918 1227 1059 1254; x_wconf 80' lang='lat' dir='ltr'><strong>materiam</strong></span> <span class='ocrx_word' id='word_1_571' title='bbox 1078 1235 1140 1255; x_wconf 87' lang='lat' dir='ltr'><strong>esse</strong></span> <span class='ocrx_word' id='word_1_572' title='bbox 1157 1227 1263 1254; x_wconf 91' lang='lat' dir='ltr'><strong>illorum</strong></span> <span class='ocrx_word' id='word_1_573' title='bbox 1280 1235 1420 1262; x_wconf 84' lang='lat' dir='ltr'><strong>vaporum,</strong></span> <span class='ocrx_word' id='word_1_574' title='bbox 1438 1235 1552 1263; x_wconf 88' lang='lat' dir='ltr'><strong>quorum</strong></span> <span class='ocrx_word' id='word_1_575' title='bbox 1568 1227 1696 1264; x_wconf 71' lang='lat' dir='ltr'><strong>digestio-</strong></span> 
     </span>
    </p>
   </div>
   <div class='ocr_carea' id='block_1_74' title="bbox 918 1272 1698 1308">
    <p class='ocr_par' dir='ltr' id='par_1_74' title="bbox 918 1272 1698 1308">
     <span class='ocr_line' id='line_1_74' title="bbox 918 1272 1698 1308; baseline 0.003 -10"><span class='ocrx_word' id='word_1_576' title='bbox 918 1280 979 1299; x_wconf 84' lang='lat' dir='ltr'><strong>nem</strong></span> <span class='ocrx_word' id='word_1_577' title='bbox 997 1275 1059 1300; x_wconf 84' lang='lat' dir='ltr'><strong>ante</strong></span> <span class='ocrx_word' id='word_1_578' title='bbox 1075 1272 1328 1300; x_wconf 84' lang='lat' dir='ltr'><strong>consideravimus:</strong></span> <span class='ocrx_word' id='word_1_579' title='bbox 1346 1273 1391 1308; x_wconf 93' lang='lat' dir='ltr'><strong>qui</strong></span> <span class='ocrx_word' id='word_1_580' title='bbox 1408 1281 1469 1300; x_wconf 90' lang='lat' dir='ltr'><strong>cum</strong></span> <span class='ocrx_word' id='word_1_581' title='bbox 1484 1273 1588 1300; x_wconf 84' lang='lat' dir='ltr'><strong>humidi</strong></span> <span class='ocrx_word' id='word_1_582' title='bbox 1603 1273 1668 1305; x_wconf 83' lang='lat' dir='ltr'><strong>sint,</strong></span> <span class='ocrx_word' id='word_1_583' title='bbox 1682 1277 1698 1300; x_wconf 86' lang='lat' dir='ltr'><strong>a</strong></span> 
     </span>
    </p>
   </div>
   <div class='ocr_carea' id='block_1_75' title="bbox 918 1316 1697 1353">
    <p class='ocr_par' dir='ltr' id='par_1_75' title="bbox 918 1316 1697 1353">
     <span class='ocr_line' id='line_1_75' title="bbox 918 1316 1697 1353; baseline 0.005 -11"><span class='ocrx_word' id='word_1_584' title='bbox 918 1316 1005 1343; x_wconf 84' lang='lat' dir='ltr'><strong>calida</strong></span> <span class='ocrx_word' id='word_1_585' title='bbox 1025 1317 1200 1344; x_wconf 81' lang='lat' dir='ltr'><strong>attrahuntur</strong></span> <span class='ocrx_word' id='word_1_586' title='bbox 1221 1321 1329 1350; x_wconf 83' lang='lat' dir='ltr'><strong>natura,</strong></span> <span class='ocrx_word' id='word_1_587' title='bbox 1349 1318 1493 1353; x_wconf 80' lang='lat' dir='ltr'><strong>exustiqne</strong></span> <span class='ocrx_word' id='word_1_588' title='bbox 1506 1325 1538 1345; x_wconf 89' lang='lat' dir='ltr'><strong>ac</strong></span> <span class='ocrx_word' id='word_1_589' title='bbox 1553 1322 1697 1346; x_wconf 81' lang='lat' dir='ltr'><strong>terrestres</strong></span> 
     </span>
    </p>
   </div>
   <div class='ocr_carea' id='block_1_76' title="bbox 919 1361 1696 1396">
    <p class='ocr_par' dir='ltr' id='par_1_76' title="bbox 919 1361 1696 1396">
     <span class='ocr_line' id='line_1_76' title="bbox 919 1361 1696 1396; baseline 0.003 -8"><span class='ocrx_word' id='word_1_590' title='bbox 919 1361 1019 1393; x_wconf 80' lang='lat' dir='ltr'><strong>eﬂ‘ecti,</strong></span> <span class='ocrx_word' id='word_1_591' title='bbox 1031 1369 1084 1389; x_wconf 92' lang='lat' dir='ltr'><strong>non</strong></span> <span class='ocrx_word' id='word_1_592' title='bbox 1099 1362 1214 1396; x_wconf 86' lang='lat' dir='ltr'><strong>amplius</strong></span> <span class='ocrx_word' id='word_1_593' title='bbox 1226 1362 1253 1389; x_wconf 91' lang='lat' dir='ltr'><strong>in</strong></span> <span class='ocrx_word' id='word_1_594' title='bbox 1263 1370 1325 1390; x_wconf 87' lang='lat' dir='ltr'><strong>aere</strong></span> <span class='ocrx_word' id='word_1_595' title='bbox 1334 1363 1517 1396; x_wconf 85' lang='lat' dir='ltr'><strong>continentur,</strong></span> <span class='ocrx_word' id='word_1_596' title='bbox 1529 1362 1575 1391; x_wconf 91' lang='lat' dir='ltr'><strong>sed</strong></span> <span class='ocrx_word' id='word_1_597' title='bbox 1588 1371 1696 1391; x_wconf 84' lang='lat' dir='ltr'><strong>rursum</strong></span> 
     </span>
    </p>
   </div>
   <div class='ocr_carea' id='block_1_77' title="bbox 921 1407 1699 1441">
    <p class='ocr_par' dir='ltr' id='par_1_77' title="bbox 921 1407 1699 1441">
     <span class='ocr_line' id='line_1_77' title="bbox 921 1407 1699 1441; baseline 0.003 -7"><span class='ocrx_word' id='word_1_598' title='bbox 921 1407 950 1434; x_wconf 89' lang='lat' dir='ltr'><strong>in</strong></span> <span class='ocrx_word' id='word_1_599' title='bbox 965 1411 1066 1434; x_wconf 86' lang='lat' dir='ltr'><strong>terram</strong></span> <span class='ocrx_word' id='word_1_600' title='bbox 1079 1412 1263 1435; x_wconf 85' lang='lat' dir='ltr'><strong>revertuntur.</strong></span> <span class='ocrx_word' id='word_1_601' title='bbox 1274 1408 1505 1441; x_wconf 76' lang='lat' dir='ltr'><strong>Quemadmodum</strong></span> <span class='ocrx_word' id='word_1_602' title='bbox 1518 1412 1607 1437; x_wconf 82' lang='lat' dir='ltr'><strong>autem</strong></span> <span class='ocrx_word' id='word_1_603' title='bbox 1621 1409 1699 1436; x_wconf 83' lang='lat' dir='ltr'><strong>cibus</strong></span> 
     </span>
    </p>
   </div>
   <div class='ocr_carea' id='block_1_78' title="bbox 923 1452 1698 1489">
    <p class='ocr_par' dir='ltr' id='par_1_78' title="bbox 923 1452 1698 1489">
     <span class='ocr_line' id='line_1_78' title="bbox 923 1452 1698 1489; baseline 0.004 -11"><span class='ocrx_word' id='word_1_604' title='bbox 923 1452 950 1478; x_wconf 91' lang='lat' dir='ltr'><strong>in</strong></span> <span class='ocrx_word' id='word_1_605' title='bbox 975 1452 1054 1479; x_wconf 89' lang='lat' dir='ltr'><strong>nobis</strong></span> <span class='ocrx_word' id='word_1_606' title='bbox 1080 1460 1128 1487; x_wconf 91' lang='lat' dir='ltr'><strong>per</strong></span> <span class='ocrx_word' id='word_1_607' title='bbox 1150 1453 1352 1481; x_wconf 89' lang='lat' dir='ltr'><strong>concoctionem</strong></span> <span class='ocrx_word' id='word_1_608' title='bbox 1378 1453 1407 1480; x_wconf 88' lang='lat' dir='ltr'><strong>in</strong></span> <span class='ocrx_word' id='word_1_609' title='bbox 1429 1458 1536 1481; x_wconf 87' lang='lat' dir='ltr'><strong>tenuem</strong></span> <span class='ocrx_word' id='word_1_610' title='bbox 1554 1455 1698 1489; x_wconf 80' lang='lat' dir='ltr'><strong>quamdam</strong></span> 
     </span>
    </p>
   </div>
   <div class='ocr_carea' id='block_1_79' title="bbox 922 1499 1699 1536">
    <p class='ocr_par' dir='ltr' id='par_1_79' title="bbox 922 1499 1699 1536">
     <span class='ocr_line' id='line_1_79' title="bbox 922 1499 1699 1536; baseline 0.003 -10"><span class='ocrx_word' id='word_1_611' title='bbox 922 1499 1079 1533; x_wconf 81' lang='lat' dir='ltr'><strong>qualitatem</strong></span> <span class='ocrx_word' id='word_1_612' title='bbox 1095 1499 1262 1530; x_wconf 86' lang='lat' dir='ltr'><strong>immutatur.</strong></span> <span class='ocrx_word' id='word_1_613' title='bbox 1282 1504 1310 1527; x_wconf 82' lang='lat' dir='ltr'><strong>et</strong></span> <span class='ocrx_word' id='word_1_614' title='bbox 1327 1500 1481 1535; x_wconf 81' lang='lat' dir='ltr'><strong>cuicunque</strong></span> <span class='ocrx_word' id='word_1_615' title='bbox 1494 1501 1617 1535; x_wconf 90' lang='lat' dir='ltr'><strong>corporis</strong></span> <span class='ocrx_word' id='word_1_616' title='bbox 1630 1502 1699 1536; x_wconf 85' lang='lat' dir='ltr'><strong>parti</strong></span> 
     </span>
    </p>
   </div>
   <div class='ocr_carea' id='block_1_80' title="bbox 922 1544 1699 1581">
    <p class='ocr_par' dir='ltr' id='par_1_80' title="bbox 922 1544 1699 1581">
     <span class='ocr_line' id='line_1_80' title="bbox 922 1544 1699 1581; baseline 0.003 -10"><span class='ocrx_word' id='word_1_617' title='bbox 922 1552 971 1580; x_wconf 89' lang='lat' dir='ltr'><strong>per</strong></span> <span class='ocrx_word' id='word_1_618' title='bbox 986 1544 1164 1579; x_wconf 81' lang='lat' dir='ltr'><strong>digestionem</strong></span> <span class='ocrx_word' id='word_1_619' title='bbox 1187 1546 1343 1577; x_wconf 84' lang='lat' dir='ltr'><strong>accesserit,</strong></span> <span class='ocrx_word' id='word_1_620' title='bbox 1358 1553 1417 1573; x_wconf 88' lang='lat' dir='ltr'><strong>eam</strong></span> <span class='ocrx_word' id='word_1_621' title='bbox 1432 1550 1522 1581; x_wconf 81' lang='lat' dir='ltr'><strong>auget.</strong></span> <span class='ocrx_word' id='word_1_622' title='bbox 1541 1553 1655 1581; x_wconf 89' lang='lat' dir='ltr'><strong>cumque</strong></span> <span class='ocrx_word' id='word_1_623' title='bbox 1672 1546 1699 1573; x_wconf 90' lang='lat' dir='ltr'><strong>in</strong></span> 
     </span>
    </p>
   </div>
   <div class='ocr_carea' id='block_1_81' title="bbox 922 1589 1701 1624">
    <p class='ocr_par' dir='ltr' id='par_1_81' title="bbox 922 1589 1701 1624">
     <span class='ocr_line' id='line_1_81' title="bbox 922 1589 1701 1624; baseline 0 -7"><span class='ocrx_word' id='word_1_624' title='bbox 922 1589 1047 1624; x_wconf 88' lang='lat' dir='ltr'><strong>corporis</strong></span> <span class='ocrx_word' id='word_1_625' title='bbox 1061 1590 1256 1617; x_wconf 88' lang='lat' dir='ltr'><strong>constitutione</strong></span> <span class='ocrx_word' id='word_1_626' title='bbox 1272 1590 1347 1616; x_wconf 87' lang='lat' dir='ltr'><strong>varia</strong></span> <span class='ocrx_word' id='word_1_627' title='bbox 1364 1590 1400 1618; x_wconf 87' lang='lat' dir='ltr'><strong>sit</strong></span> <span class='ocrx_word' id='word_1_628' title='bbox 1414 1590 1594 1617; x_wconf 87' lang='lat' dir='ltr'><strong>membrorum</strong></span> <span class='ocrx_word' id='word_1_629' title='bbox 1608 1590 1634 1617; x_wconf 89' lang='lat' dir='ltr'><strong>in</strong></span> <span class='ocrx_word' id='word_1_630' title='bbox 1650 1590 1701 1618; x_wconf 84' lang='lat' dir='ltr'><strong>sic-</strong></span> 
     </span>
    </p>
   </div>
   <div class='ocr_carea' id='block_1_82' title="bbox 923 1635 1700 1671">
    <p class='ocr_par' dir='ltr' id='par_1_82' title="bbox 923 1635 1700 1671">
     <span class='ocr_line' id='line_1_82' title="bbox 923 1635 1700 1671; baseline -0.001 -8"><span class='ocrx_word' id='word_1_631' title='bbox 923 1643 956 1663; x_wconf 85' lang='lat' dir='ltr'><strong>co</strong></span> <span class='ocrx_word' id='word_1_632' title='bbox 970 1640 997 1662; x_wconf 89' lang='lat' dir='ltr'><strong>et</strong></span> <span class='ocrx_word' id='word_1_633' title='bbox 1010 1635 1134 1668; x_wconf 87' lang='lat' dir='ltr'><strong>humido,</strong></span> <span class='ocrx_word' id='word_1_634' title='bbox 1151 1640 1178 1663; x_wconf 88' lang='lat' dir='ltr'><strong>et</strong></span> <span class='ocrx_word' id='word_1_635' title='bbox 1191 1635 1280 1662; x_wconf 86' lang='lat' dir='ltr'><strong>calido</strong></span> <span class='ocrx_word' id='word_1_636' title='bbox 1295 1639 1323 1662; x_wconf 88' lang='lat' dir='ltr'><strong>et</strong></span> <span class='ocrx_word' id='word_1_637' title='bbox 1340 1635 1438 1670; x_wconf 80' lang='lat' dir='ltr'><strong>frigido</strong></span> <span class='ocrx_word' id='word_1_638' title='bbox 1453 1635 1613 1669; x_wconf 79' lang='lat' dir='ltr'><strong>diﬂ&#39;erentia,</strong></span> <span class='ocrx_word' id='word_1_639' title='bbox 1632 1644 1700 1671; x_wconf 85' lang='lat' dir='ltr'><strong>quo-</strong></span> 
     </span>
    </p>
   </div>
   <div class='ocr_carea' id='block_1_83' title="bbox 923 1682 1700 1718">
    <p class='ocr_par' dir='ltr' id='par_1_83' title="bbox 923 1682 1700 1718">
     <span class='ocr_line' id='line_1_83' title="bbox 923 1682 1700 1718; baseline 0.001 -9"><span class='ocrx_word' id='word_1_640' title='bbox 923 1689 1030 1716; x_wconf 90' lang='lat' dir='ltr'><strong>cunque</strong></span> <span class='ocrx_word' id='word_1_641' title='bbox 1057 1686 1205 1710; x_wconf 89' lang='lat' dir='ltr'><strong>concoctus</strong></span> <span class='ocrx_word' id='word_1_642' title='bbox 1232 1683 1410 1717; x_wconf 80' lang='lat' dir='ltr'><strong>digestusque</strong></span> <span class='ocrx_word' id='word_1_643' title='bbox 1437 1682 1605 1718; x_wconf 81' lang='lat' dir='ltr'><strong>pervenerit,</strong></span> <span class='ocrx_word' id='word_1_644' title='bbox 1638 1683 1700 1711; x_wconf 87' lang='lat' dir='ltr'><strong>talis</strong></span> 
     </span>
    </p>
   </div>
   <div class='ocr_carea' id='block_1_84' title="bbox 923 1727 1701 1764">
    <p class='ocr_par' dir='ltr' id='par_1_84' title="bbox 923 1727 1701 1764">
     <span class='ocr_line' id='line_1_84' title="bbox 923 1727 1701 1764; baseline 0.003 -10"><span class='ocrx_word' id='word_1_645' title='bbox 923 1728 1023 1759; x_wconf 84' lang='lat' dir='ltr'><strong>evadit,</strong></span> <span class='ocrx_word' id='word_1_646' title='bbox 1039 1727 1129 1763; x_wconf 82' lang='lat' dir='ltr'><strong>qualis</strong></span> <span class='ocrx_word' id='word_1_647' title='bbox 1147 1732 1188 1755; x_wconf 89' lang='lat' dir='ltr'><strong>est</strong></span> <span class='ocrx_word' id='word_1_648' title='bbox 1205 1734 1237 1755; x_wconf 91' lang='lat' dir='ltr'><strong>ea</strong></span> <span class='ocrx_word' id='word_1_649' title='bbox 1257 1728 1381 1763; x_wconf 90' lang='lat' dir='ltr'><strong>corporis</strong></span> <span class='ocrx_word' id='word_1_650' title='bbox 1394 1735 1456 1763; x_wconf 89' lang='lat' dir='ltr'><strong>pars</strong></span> <span class='ocrx_word' id='word_1_651' title='bbox 1473 1736 1488 1755; x_wconf 88' lang='lat' dir='ltr'><strong>a</strong></span> <span class='ocrx_word' id='word_1_652' title='bbox 1512 1736 1564 1764; x_wconf 88' lang='lat' dir='ltr'><strong>qua</strong></span> <span class='ocrx_word' id='word_1_653' title='bbox 1585 1729 1701 1764; x_wconf 87' lang='lat' dir='ltr'><strong>suscipi-</strong></span> 
     </span>
    </p>
   </div>
   <div class='ocr_carea' id='block_1_85' title="bbox 923 1773 1702 1810">
    <p class='ocr_par' dir='ltr' id='par_1_85' title="bbox 923 1773 1702 1810">
     <span class='ocr_line' id='line_1_85' title="bbox 923 1773 1702 1810; baseline 0.001 -9"><span class='ocrx_word' id='word_1_654' title='bbox 923 1777 978 1806; x_wconf 90' lang='lat' dir='ltr'><strong>tur,</strong></span> <span class='ocrx_word' id='word_1_655' title='bbox 992 1781 1052 1809; x_wconf 78' lang='lat' dir='ltr'><strong>qua:</strong></span> <span class='ocrx_word' id='word_1_656' title='bbox 1070 1773 1178 1809; x_wconf 87' lang='lat' dir='ltr'><strong>quidem</strong></span> <span class='ocrx_word' id='word_1_657' title='bbox 1199 1778 1349 1808; x_wconf 89' lang='lat' dir='ltr'><strong>opportune</strong></span> <span class='ocrx_word' id='word_1_658' title='bbox 1368 1775 1526 1801; x_wconf 83' lang='lat' dir='ltr'><strong>tenuitatem</strong></span> <span class='ocrx_word' id='word_1_659' title='bbox 1543 1774 1702 1810; x_wconf 73' lang='lat' dir='ltr'><strong>digestionis</strong></span> 
     </span>
    </p>
   </div>
   <div class='ocr_carea' id='block_1_86' title="bbox 923 1817 1701 1854">
    <p class='ocr_par' dir='ltr' id='par_1_86' title="bbox 923 1817 1701 1854">
     <span class='ocr_line' id='line_1_86' title="bbox 923 1817 1701 1854; baseline -0.001 -8"><span class='ocrx_word' id='word_1_660' title='bbox 923 1817 1138 1854; x_wconf 86' lang='lat' dir='ltr'><strong>comprehendit.</strong></span> <span class='ocrx_word' id='word_1_661' title='bbox 1151 1826 1265 1854; x_wconf 85' lang='lat' dir='ltr'><strong>eamque</strong></span> <span class='ocrx_word' id='word_1_662' title='bbox 1279 1819 1329 1846; x_wconf 90' lang='lat' dir='ltr'><strong>sibi</strong></span> <span class='ocrx_word' id='word_1_663' title='bbox 1341 1819 1537 1850; x_wconf 85' lang='lat' dir='ltr'><strong>accommodat.</strong></span> <span class='ocrx_word' id='word_1_664' title='bbox 1548 1823 1574 1846; x_wconf 90' lang='lat' dir='ltr'><strong>et</strong></span> <span class='ocrx_word' id='word_1_665' title='bbox 1587 1819 1701 1846; x_wconf 89' lang='lat' dir='ltr'><strong>similem</strong></span> 
     </span>
    </p>
   </div>
   <div class='ocr_carea' id='block_1_87' title="bbox 924 1861 1701 1897">
    <p class='ocr_par' dir='ltr' id='par_1_87' title="bbox 924 1861 1701 1897">
     <span class='ocr_line' id='line_1_87' title="bbox 924 1861 1701 1897; baseline 0.001 -10"><span class='ocrx_word' id='word_1_666' title='bbox 924 1868 956 1887; x_wconf 84' lang='lat' dir='ltr'><strong>ac</strong></span> <span class='ocrx_word' id='word_1_667' title='bbox 970 1861 1107 1896; x_wconf 90' lang='lat' dir='ltr'><strong>propriam</strong></span> <span class='ocrx_word' id='word_1_668' title='bbox 1122 1861 1208 1889; x_wconf 87' lang='lat' dir='ltr'><strong>reddit</strong></span> <span class='ocrx_word' id='word_1_669' title='bbox 1224 1869 1230 1889; x_wconf 74' lang='grc' dir='ltr'><strong><em>Ζ</em></strong></span> <span class='ocrx_word' id='word_1_670' title='bbox 1245 1862 1338 1890; x_wconf 89' lang='lat' dir='ltr'><strong>eodem</strong></span> <span class='ocrx_word' id='word_1_671' title='bbox 1352 1867 1429 1897; x_wconf 88' lang='lat' dir='ltr'><strong>pacto</strong></span> <span class='ocrx_word' id='word_1_672' title='bbox 1442 1863 1505 1890; x_wconf 78' lang='lat' dir='ltr'><strong>licet</strong></span> <span class='ocrx_word' id='word_1_673' title='bbox 1523 1871 1575 1890; x_wconf 93' lang='lat' dir='ltr'><strong>non</strong></span> <span class='ocrx_word' id='word_1_674' title='bbox 1599 1863 1701 1890; x_wconf 86' lang='lat' dir='ltr'><strong>sentia-</strong></span> 
     </span>
    </p>
   </div>
   <div class='ocr_carea' id='block_1_88' title="bbox 923 1907 1701 1943">
    <p class='ocr_par' dir='ltr' id='par_1_88' title="bbox 923 1907 1701 1943">
     <span class='ocr_line' id='line_1_88' title="bbox 923 1907 1701 1943; baseline 0.003 -9"><span class='ocrx_word' id='word_1_675' title='bbox 923 1911 978 1939; x_wconf 85' lang='lat' dir='ltr'><strong>tur,</strong></span> <span class='ocrx_word' id='word_1_676' title='bbox 1001 1907 1111 1934; x_wconf 84' lang='lat' dir='ltr'><strong>assidua</strong></span> <span class='ocrx_word' id='word_1_677' title='bbox 1135 1911 1212 1935; x_wconf 68' lang='lat' dir='ltr'><strong>terra:</strong></span> <span class='ocrx_word' id='word_1_678' title='bbox 1232 1908 1260 1935; x_wconf 78' lang='lat' dir='ltr'><strong>fit</strong></span> <span class='ocrx_word' id='word_1_679' title='bbox 1288 1909 1409 1936; x_wconf 82' lang='lat' dir='ltr'><strong>accessio</strong></span> <span class='ocrx_word' id='word_1_680' title='bbox 1432 1916 1480 1943; x_wconf 90' lang='lat' dir='ltr'><strong>per</strong></span> <span class='ocrx_word' id='word_1_681' title='bbox 1498 1909 1636 1936; x_wconf 83' lang='lat' dir='ltr'><strong>individua</strong></span> <span class='ocrx_word' id='word_1_682' title='bbox 1656 1908 1701 1936; x_wconf 87' lang='lat' dir='ltr'><strong>illa</strong></span> 
     </span>
    </p>
   </div>
   <div class='ocr_carea' id='block_1_89' title="bbox 924 1952 1703 1988">
    <p class='ocr_par' dir='ltr' id='par_1_89' title="bbox 924 1952 1703 1988">
     <span class='ocr_line' id='line_1_89' title="bbox 924 1952 1703 1988; baseline 0.005 -9"><span class='ocrx_word' id='word_1_683' title='bbox 924 1953 1096 1987; x_wconf 84' lang='lat' dir='ltr'><strong>corpuscula.</strong></span> <span class='ocrx_word' id='word_1_684' title='bbox 1118 1952 1299 1985; x_wconf 84' lang='lat' dir='ltr'><strong>Quamobrem</strong></span> <span class='ocrx_word' id='word_1_685' title='bbox 1319 1954 1449 1988; x_wconf 89' lang='lat' dir='ltr'><strong>quidquid</strong></span> <span class='ocrx_word' id='word_1_686' title='bbox 1469 1954 1566 1981; x_wconf 87' lang='lat' dir='ltr'><strong>alicubi</strong></span> <span class='ocrx_word' id='word_1_687' title='bbox 1583 1955 1703 1983; x_wconf 60' lang='lat' dir='ltr'><strong>cohaese-</strong></span> 
     </span>
    </p>
   </div>
   <div class='ocr_carea' id='block_1_90' title="bbox 925 1998 1701 2034">
    <p class='ocr_par' dir='ltr' id='par_1_90' title="bbox 925 1998 1701 2034">
     <span class='ocr_line' id='line_1_90' title="bbox 925 1998 1701 2034; baseline 0.003 -10"><span class='ocrx_word' id='word_1_688' title='bbox 925 1998 970 2030; x_wconf 84' lang='lat' dir='ltr'><strong>rit,</strong></span> <span class='ocrx_word' id='word_1_689' title='bbox 989 2001 1016 2025; x_wconf 89' lang='lat' dir='ltr'><strong>et</strong></span> <span class='ocrx_word' id='word_1_690' title='bbox 1030 1998 1173 2030; x_wconf 86' lang='lat' dir='ltr'><strong>coaluerit,</strong></span> <span class='ocrx_word' id='word_1_691' title='bbox 1190 1999 1263 2026; x_wconf 90' lang='lat' dir='ltr'><strong>illius</strong></span> <span class='ocrx_word' id='word_1_692' title='bbox 1281 1999 1365 2033; x_wconf 91' lang='lat' dir='ltr'><strong>partis</strong></span> <span class='ocrx_word' id='word_1_693' title='bbox 1385 2006 1399 2025; x_wconf 85' lang='lat' dir='ltr'><strong>a</strong></span> <span class='ocrx_word' id='word_1_694' title='bbox 1412 2007 1466 2033; x_wconf 85' lang='lat' dir='ltr'><strong>qua</strong></span> <span class='ocrx_word' id='word_1_695' title='bbox 1481 2003 1634 2034; x_wconf 85' lang='lat' dir='ltr'><strong>susceptum</strong></span> <span class='ocrx_word' id='word_1_696' title='bbox 1649 2004 1701 2031; x_wconf 75' lang='lat' dir='ltr'><strong>est.</strong></span> 
     </span>
    </p>
   </div>
   <div class='ocr_carea' id='block_1_91' title="bbox 926 2044 1703 2080">
    <p class='ocr_par' dir='ltr' id='par_1_91' title="bbox 926 2044 1703 2080">
     <span class='ocr_line' id='line_1_91' title="bbox 926 2044 1703 2080; baseline 0.001 -9"><span class='ocrx_word' id='word_1_697' title='bbox 926 2048 1052 2072; x_wconf 87' lang='lat' dir='ltr'><strong>naturam</strong></span> <span class='ocrx_word' id='word_1_698' title='bbox 1068 2044 1152 2074; x_wconf 86' lang='lat' dir='ltr'><strong>subit.</strong></span> <span class='ocrx_word' id='word_1_699' title='bbox 1170 2044 1251 2078; x_wconf 75' lang='lat' dir='ltr'><strong>(itque</strong></span> <span class='ocrx_word' id='word_1_700' title='bbox 1265 2045 1342 2080; x_wconf 72' lang='lat' dir='ltr'><strong>gleba</strong></span> <span class='ocrx_word' id='word_1_701' title='bbox 1356 2045 1382 2071; x_wconf 92' lang='lat' dir='ltr'><strong>in</strong></span> <span class='ocrx_word' id='word_1_702' title='bbox 1400 2044 1488 2078; x_wconf 78' lang='lat' dir='ltr'><strong>gleba,</strong></span> <span class='ocrx_word' id='word_1_703' title='bbox 1508 2051 1589 2072; x_wconf 89' lang='lat' dir='ltr'><strong>arena</strong></span> <span class='ocrx_word' id='word_1_704' title='bbox 1604 2045 1630 2072; x_wconf 93' lang='lat' dir='ltr'><strong>in</strong></span> <span class='ocrx_word' id='word_1_705' title='bbox 1642 2049 1703 2072; x_wconf 57' lang='lat' dir='ltr'><strong>area»</strong></span> 
     </span>
    </p>
   </div>
   <div class='ocr_carea' id='block_1_92' title="bbox 100 2085 871 2125">
    <p class='ocr_par' dir='ltr' id='par_1_92' title="bbox 100 2085 871 2122">
     <span class='ocr_line' id='line_1_92' title="bbox 100 2085 871 2122; baseline 0 -10"><span class='ocrx_word' id='word_1_706' title='bbox 100 2087 257 2122; x_wconf 73' lang='grc' dir='ltr'>σνμφυέντα,</span> <span class='ocrx_word' id='word_1_707' title='bbox 271 2088 341 2122; x_wconf 84' lang='grc' dir='ltr'>ὅπερ</span> <span class='ocrx_word' id='word_1_708' title='bbox 354 2087 387 2113; x_wconf 80' lang='grc' dir='ltr'>ἂν</span> <span class='ocrx_word' id='word_1_709' title='bbox 398 2086 457 2113; x_wconf 80' lang='grc' dir='ltr'>κατ’</span> <span class='ocrx_word' id='word_1_710' title='bbox 470 2085 588 2122; x_wconf 80' lang='grc' dir='ltr'>οὐσίανῇ</span> <span class='ocrx_word' id='word_1_711' title='bbox 604 2086 633 2112; x_wconf 83' lang='grc' dir='ltr'><strong>τὺ</strong></span> <span class='ocrx_word' id='word_1_712' title='bbox 643 2086 794 2122; x_wconf 84' lang='grc' dir='ltr'>δεχόμενον,</span> <span class='ocrx_word' id='word_1_713' title='bbox 808 2085 871 2121; x_wconf 80' lang='grc' dir='ltr'>πρὸς</span> 
     </span>
    </p>
   </div>
   <div class='ocr_carea' id='block_1_93' title="bbox 921 2085 1702 2125">
    <p class='ocr_par' dir='ltr' id='par_1_93' title="bbox 927 2089 1702 2125">
     <span class='ocr_line' id='line_1_93' title="bbox 927 2089 1702 2125; baseline 0 -9"><span class='ocrx_word' id='word_1_714' title='bbox 927 2097 972 2123; x_wconf 86' lang='lat' dir='ltr'><strong>na,</strong></span> <span class='ocrx_word' id='word_1_715' title='bbox 991 2090 1060 2124; x_wconf 84' lang='lat' dir='ltr'><strong>lapis</strong></span> <span class='ocrx_word' id='word_1_716' title='bbox 1084 2090 1111 2116; x_wconf 93' lang='lat' dir='ltr'><strong>in</strong></span> <span class='ocrx_word' id='word_1_717' title='bbox 1137 2090 1235 2125; x_wconf 85' lang='lat' dir='ltr'><strong>lapide,</strong></span> <span class='ocrx_word' id='word_1_718' title='bbox 1254 2094 1281 2116; x_wconf 89' lang='lat' dir='ltr'><strong>et</strong></span> <span class='ocrx_word' id='word_1_719' title='bbox 1299 2090 1326 2116; x_wconf 91' lang='lat' dir='ltr'><strong>in</strong></span> <span class='ocrx_word' id='word_1_720' title='bbox 1354 2089 1480 2117; x_wconf 81' lang='lat' dir='ltr'><strong>universo</strong></span> <span class='ocrx_word' id='word_1_721' title='bbox 1494 2089 1661 2123; x_wconf 87' lang='lat' dir='ltr'><strong>universum,</strong></span> <span class='ocrx_word' id='word_1_722' title='bbox 1675 2092 1702 2117; x_wconf 87' lang='lat' dir='ltr'><strong>et</strong></span> 
     </span>
    </p>
   </div>
   <div class='ocr_carea' id='block_1_94' title="bbox 101 2132 874 2168">
    <p class='ocr_par' dir='ltr' id='par_1_94' title="bbox 101 2132 874 2168">
     <span class='ocr_line' id='line_1_94' title="bbox 101 2132 874 2168; baseline 0 -10"><span class='ocrx_word' id='word_1_723' title='bbox 101 2133 200 2168; x_wconf 78' lang='grc' dir='ltr'>ἐκείνην</span> <span class='ocrx_word' id='word_1_724' title='bbox 213 2133 348 2168; x_wconf 76' lang='grc' dir='ltr'>ἠλλοιώθη</span> <span class='ocrx_word' id='word_1_725' title='bbox 369 2132 418 2168; x_wconf 79' lang='grc' dir='ltr'>τὴν</span> <span class='ocrx_word' id='word_1_726' title='bbox 436 2133 528 2167; x_wconf 79' lang='grc' dir='ltr'>φύσιν,</span> <span class='ocrx_word' id='word_1_727' title='bbox 549 2133 597 2159; x_wconf 74' lang='grc' dir='ltr'>καὶ</span> <span class='ocrx_word' id='word_1_728' title='bbox 609 2133 717 2166; x_wconf 77' lang='grc' dir='ltr'>ἐγένετο</span> <span class='ocrx_word' id='word_1_729' title='bbox 739 2132 824 2167; x_wconf 88' lang='grc' dir='ltr'>βῶλος</span> <span class='ocrx_word' id='word_1_730' title='bbox 846 2133 874 2158; x_wconf 79' lang='grc' dir='ltr'>ὲν</span> 
     </span>
    </p>
   </div>
   <div class='ocr_carea' id='block_1_95' title="bbox 101 2177 876 2214">
    <p class='ocr_par' dir='ltr' id='par_1_95' title="bbox 101 2177 876 2214">
     <span class='ocr_line' id='line_1_95' title="bbox 101 2177 876 2214; baseline -0.004 -8"><span class='ocrx_word' id='word_1_731' title='bbox 101 2177 182 2214; x_wconf 81' lang='grc' dir='ltr'>βώλῳ.</span> <span class='ocrx_word' id='word_1_732' title='bbox 198 2180 245 2206; x_wconf 76' lang='grc' dir='ltr'>καὶ</span> <span class='ocrx_word' id='word_1_733' title='bbox 259 2178 375 2214; x_wconf 79' lang='grc' dir='ltr'>ψάμμος</span> <span class='ocrx_word' id='word_1_734' title='bbox 387 2178 416 2204; x_wconf 77' lang='grc' dir='ltr'>ἐν</span> <span class='ocrx_word' id='word_1_735' title='bbox 424 2178 539 2213; x_wconf 76' lang='grc' dir='ltr'>ψάμμῳ,</span> <span class='ocrx_word' id='word_1_736' title='bbox 552 2178 599 2204; x_wconf 71' lang='grc' dir='ltr'>καὶ</span> <span class='ocrx_word' id='word_1_737' title='bbox 612 2178 684 2209; x_wconf 84' lang='grc' dir='ltr'>λίθος</span> <span class='ocrx_word' id='word_1_738' title='bbox 695 2179 724 2204; x_wconf 85' lang='grc' dir='ltr'>ὲν</span> <span class='ocrx_word' id='word_1_739' title='bbox 736 2178 816 2213; x_wconf 84' lang='grc' dir='ltr'>λίθῳ,</span> <span class='ocrx_word' id='word_1_740' title='bbox 830 2178 876 2204; x_wconf 77' lang='grc' dir='ltr'>καὶ</span> 
     </span>
    </p>
   </div>
   <div class='ocr_carea' id='block_1_96' title="bbox 101 2223 876 2259">
    <p class='ocr_par' dir='ltr' id='par_1_96' title="bbox 101 2223 876 2259">
     <span class='ocr_line' id='line_1_96' title="bbox 101 2223 876 2259; baseline 0 -10"><span class='ocrx_word' id='word_1_741' title='bbox 101 2224 127 2250; x_wconf 78' lang='grc' dir='ltr'>ὲν</span> <span class='ocrx_word' id='word_1_742' title='bbox 139 2225 216 2251; x_wconf 84' lang='grc' dir='ltr'>παντὶ</span> <span class='ocrx_word' id='word_1_743' title='bbox 226 2226 293 2256; x_wconf 78' lang='grc' dir='ltr'>πᾶν,</span> <span class='ocrx_word' id='word_1_744' title='bbox 307 2225 402 2259; x_wconf 80' lang='grc' dir='ltr'>ὅτιπερ</span> <span class='ocrx_word' id='word_1_745' title='bbox 413 2225 446 2250; x_wconf 88' lang='grc' dir='ltr'>ἂν</span> <span class='ocrx_word' id='word_1_746' title='bbox 457 2223 525 2259; x_wconf 86' lang='grc' dir='ltr'><strong>τύχῃ</strong></span> <span class='ocrx_word' id='word_1_747' title='bbox 540 2224 593 2250; x_wconf 87' lang='grc' dir='ltr'><strong>τῶν</strong></span> <span class='ocrx_word' id='word_1_748' title='bbox 609 2224 791 2259; x_wconf 71' lang='grc' dir='ltr'>στερῤοτέρων</span> <span class='ocrx_word' id='word_1_749' title='bbox 802 2223 876 2256; x_wconf 76' lang='grc' dir='ltr'>δεξά-</span> 
     </span>
    </p>
   </div>
   <div class='ocr_carea' id='block_1_97' title="bbox 104 2267 875 2305">
    <p class='ocr_par' dir='ltr' id='par_1_97' title="bbox 104 2267 875 2305">
     <span class='ocr_line' id='line_1_97' title="bbox 104 2267 875 2305; baseline -0.003 -9"><span class='ocrx_word' id='word_1_750' title='bbox 104 2277 184 2303; x_wconf 83' lang='grc' dir='ltr'>μενον,</span> <span class='ocrx_word' id='word_1_751' title='bbox 203 2270 272 2305; x_wconf 77' lang='grc' dir='ltr'>πρὸς</span> <span class='ocrx_word' id='word_1_752' title='bbox 285 2269 316 2296; x_wconf 77' lang='grc' dir='ltr'><strong>τὸ</strong></span> <span class='ocrx_word' id='word_1_753' title='bbox 339 2269 505 2305; x_wconf 73' lang='grc' dir='ltr'>ἐπικρατοῦν</span> <span class='ocrx_word' id='word_1_754' title='bbox 521 2267 662 2304; x_wconf 67' lang='grc' dir='ltr'>μετετέθη.</span> <span class='ocrx_word' id='word_1_755' title='bbox 678 2269 709 2295; x_wconf 80' lang='grc' dir='ltr'><strong>Εἰ</strong></span> <span class='ocrx_word' id='word_1_756' title='bbox 725 2268 753 2294; x_wconf 75' lang='grc' dir='ltr'>δὲ</span> <span class='ocrx_word' id='word_1_757' title='bbox 773 2268 875 2294; x_wconf 81' lang='grc' dir='ltr'>δυσπα-</span> 
     </span>
    </p>
   </div>
   <div class='ocr_carea' id='block_1_98' title="bbox 104 2313 876 2350">
    <p class='ocr_par' dir='ltr' id='par_1_98' title="bbox 104 2313 876 2350">
     <span class='ocr_line' id='line_1_98' title="bbox 104 2313 876 2350; baseline -0.004 -8"><span class='ocrx_word' id='word_1_758' title='bbox 104 2315 223 2350; x_wconf 74' lang='grc' dir='ltr'>ρὰδεκτον</span> <span class='ocrx_word' id='word_1_759' title='bbox 240 2315 327 2342; x_wconf 77' lang='grc' dir='ltr'>οἴεταί</span> <span class='ocrx_word' id='word_1_760' title='bbox 347 2324 389 2347; x_wconf 85' lang='grc' dir='ltr'><strong>τις</strong></span> <span class='ocrx_word' id='word_1_761' title='bbox 414 2314 461 2341; x_wconf 77' lang='grc' dir='ltr'>τοῦ</span> <span class='ocrx_word' id='word_1_762' title='bbox 484 2314 557 2341; x_wconf 88' lang='grc' dir='ltr'>λίθου</span> <span class='ocrx_word' id='word_1_763' title='bbox 581 2314 629 2348; x_wconf 85' lang='grc' dir='ltr'>τὴν</span> <span class='ocrx_word' id='word_1_764' title='bbox 647 2314 807 2340; x_wconf 85' lang='grc' dir='ltr'>ἀντιτυπίαν</span> <span class='ocrx_word' id='word_1_765' title='bbox 827 2313 876 2348; x_wconf 84' lang='grc' dir='ltr'>τῆς</span> 
     </span>
    </p>
   </div>
   <div class='ocr_carea' id='block_1_99' title="bbox 103 2358 875 2396">
    <p class='ocr_par' dir='ltr' id='par_1_99' title="bbox 103 2358 875 2396">
     <span class='ocr_line' id='line_1_99' title="bbox 103 2358 875 2396; baseline -0.003 -10"><span class='ocrx_word' id='word_1_766' title='bbox 103 2362 220 2396; x_wconf 74' lang='grc' dir='ltr'>τοιαύτης</span> <span class='ocrx_word' id='word_1_767' title='bbox 239 2361 409 2396; x_wconf 80' lang='grc' dir='ltr'>προσθήκης,</span> <span class='ocrx_word' id='word_1_768' title='bbox 428 2360 479 2387; x_wconf 78' lang='grc' dir='ltr'>κᾶν</span> <span class='ocrx_word' id='word_1_769' title='bbox 492 2361 506 2386; x_wconf 90' lang='grc' dir='ltr'><strong>ὸ</strong></span> <span class='ocrx_word' id='word_1_770' title='bbox 520 2360 597 2394; x_wconf 86' lang='grc' dir='ltr'>λόγος</span> <span class='ocrx_word' id='word_1_771' title='bbox 608 2359 638 2386; x_wconf 86' lang='grc' dir='ltr'><strong>τὸ</strong></span> <span class='ocrx_word' id='word_1_772' title='bbox 650 2359 793 2386; x_wconf 84' lang='grc' dir='ltr'>ἀκόλουθον</span> <span class='ocrx_word' id='word_1_773' title='bbox 808 2358 857 2394; x_wconf 74' lang='grc' dir='ltr'><strong>ἔχῃ</strong></span> <span class='ocrx_word' id='word_1_774' title='bbox 868 2378 875 2388; x_wconf 82' lang='lat'><strong><em>.</em></strong></span> 
     </span>
    </p>
   </div>
   <div class='ocr_carea' id='block_1_100' title="bbox 104 2403 876 2442">
    <p class='ocr_par' dir='ltr' id='par_1_100' title="bbox 104 2403 876 2442">
     <span class='ocr_line' id='line_1_100' title="bbox 104 2403 876 2442; baseline -0.001 -10"><span class='ocrx_word' id='word_1_775' title='bbox 104 2407 171 2440; x_wconf 72' lang='grc' dir='ltr'>ὅμως</span> <span class='ocrx_word' id='word_1_776' title='bbox 184 2407 237 2441; x_wconf 83' lang='grc' dir='ltr'><strong>ὲγὼ</strong></span> <span class='ocrx_word' id='word_1_777' title='bbox 250 2407 320 2442; x_wconf 84' lang='grc' dir='ltr'>πρὸς</span> <span class='ocrx_word' id='word_1_778' title='bbox 335 2407 397 2437; x_wconf 80' lang='grc' dir='ltr'>τοὺς</span> <span class='ocrx_word' id='word_1_779' title='bbox 409 2406 496 2433; x_wconf 82' lang='grc' dir='ltr'>ταῦτα</span> <span class='ocrx_word' id='word_1_780' title='bbox 512 2406 675 2442; x_wconf 81' lang='grc' dir='ltr'>φρονοῦντας</span> <span class='ocrx_word' id='word_1_781' title='bbox 688 2426 695 2437; x_wconf 84' lang='grc'>,</span> <span class='ocrx_word' id='word_1_782' title='bbox 708 2405 784 2432; x_wconf 80' lang='grc' dir='ltr'>οὐδὲν</span> <span class='ocrx_word' id='word_1_783' title='bbox 801 2403 876 2439; x_wconf 77' lang='grc' dir='ltr'>οἶμαι</span> 
     </span>
    </p>
   </div>
   <div class='ocr_carea' id='block_1_101' title="bbox 104 2453 876 2490">
    <p class='ocr_par' dir='ltr' id='par_1_101' title="bbox 104 2453 876 2490">
     <span class='ocr_line' id='line_1_101' title="bbox 104 2453 876 2490; baseline -0.001 -11"><span class='ocrx_word' id='word_1_784' title='bbox 104 2453 152 2480; x_wconf 81' lang='grc' dir='ltr'>δεῖν</span> <span class='ocrx_word' id='word_1_785' title='bbox 163 2453 370 2490; x_wconf 82' lang='grc' dir='ltr'>ἀντιμάχεσθαι.</span> <span class='ocrx_word' id='word_1_786' title='bbox 383 2453 464 2481; x_wconf 83' lang='grc' dir='ltr'>Οὐδὲν</span> <span class='ocrx_word' id='word_1_787' title='bbox 475 2453 529 2490; x_wconf 86' lang='grc' dir='ltr'>γὰρ</span> <span class='ocrx_word' id='word_1_788' title='bbox 543 2454 597 2487; x_wconf 74' lang='grc' dir='ltr'>ἕξει</span> <span class='ocrx_word' id='word_1_789' title='bbox 609 2453 640 2480; x_wconf 86' lang='grc' dir='ltr'><strong>τὸ</strong></span> <span class='ocrx_word' id='word_1_790' title='bbox 649 2453 722 2483; x_wconf 81' lang='grc' dir='ltr'>εἰκὸς</span> <span class='ocrx_word' id='word_1_791' title='bbox 735 2454 752 2488; x_wconf 79' lang='grc' dir='ltr'><strong>ἡ</strong></span> <span class='ocrx_word' id='word_1_792' title='bbox 766 2453 876 2488; x_wconf 85' lang='grc' dir='ltr'>θεωρία,</span> 
     </span>
    </p>
   </div>
   <div class='ocr_carea' id='block_1_102' title="bbox 105 2498 878 2536">
    <p class='ocr_par' dir='ltr' id='par_1_102' title="bbox 105 2498 878 2536">
     <span class='ocr_line' id='line_1_102' title="bbox 105 2498 878 2536; baseline -0.003 -11"><span class='ocrx_word' id='word_1_793' title='bbox 105 2499 144 2526; x_wconf 79' lang='grc' dir='ltr'><strong>διὰ</strong></span> <span class='ocrx_word' id='word_1_794' title='bbox 156 2501 320 2536; x_wconf 83' lang='grc' dir='ltr'>πνευμάτων</span> <span class='ocrx_word' id='word_1_795' title='bbox 335 2500 388 2526; x_wconf 85' lang='grc' dir='ltr'>ἀπὸ</span> <span class='ocrx_word' id='word_1_796' title='bbox 408 2499 454 2526; x_wconf 84' lang='grc' dir='ltr'>τοῦ</span> <span class='ocrx_word' id='word_1_797' title='bbox 468 2499 504 2535; x_wconf 82' lang='grc' dir='ltr'>μὴ</span> <span class='ocrx_word' id='word_1_798' title='bbox 521 2499 728 2535; x_wconf 84' lang='grc' dir='ltr'>περιδεχομένου</span> <span class='ocrx_word' id='word_1_799' title='bbox 739 2518 746 2530; x_wconf 89' lang='grc'><strong><em>,</em></strong></span> <span class='ocrx_word' id='word_1_800' title='bbox 762 2498 830 2534; x_wconf 85' lang='grc' dir='ltr'>πρὸς</span> <span class='ocrx_word' id='word_1_801' title='bbox 848 2498 878 2524; x_wconf 81' lang='grc' dir='ltr'>τὸ</span> 
     </span>
    </p>
   </div>
   <div class='ocr_carea' id='block_1_103' title="bbox 107 2543 878 2580">
    <p class='ocr_par' dir='ltr' id='par_1_103' title="bbox 107 2543 878 2580">
     <span class='ocr_line' id='line_1_103' title="bbox 107 2543 878 2580; baseline -0.001 -11"><span class='ocrx_word' id='word_1_802' title='bbox 107 2545 285 2580; x_wconf 67' lang='grc' dir='ltr'>συμφυόμενον</span> <span class='ocrx_word' id='word_1_803' title='bbox 299 2545 349 2578; x_wconf 81' lang='grc' dir='ltr'>τῆς</span> <span class='ocrx_word' id='word_1_804' title='bbox 358 2544 461 2571; x_wconf 83' lang='grc' dir='ltr'>ἀνωθεν</span> <span class='ocrx_word' id='word_1_805' title='bbox 471 2543 518 2570; x_wconf 85' lang='grc' dir='ltr'><strong>τοῦ</strong></span> <span class='ocrx_word' id='word_1_806' title='bbox 527 2543 644 2579; x_wconf 83' lang='grc' dir='ltr'>γεώδους</span> <span class='ocrx_word' id='word_1_807' title='bbox 653 2543 782 2578; x_wconf 74' lang='grc' dir='ltr'>ἐπιρροῆς</span> <span class='ocrx_word' id='word_1_808' title='bbox 794 2551 878 2577; x_wconf 83' lang='grc' dir='ltr'>μετα-</span> 
     </span>
    </p>
   </div>
   <div class='ocr_carea' id='block_1_104' title="bbox 108 2587 878 2626">
    <p class='ocr_par' dir='ltr' id='par_1_104' title="bbox 108 2587 878 2626">
     <span class='ocr_line' id='line_1_104' title="bbox 108 2587 878 2626; baseline -0.001 -12"><span class='ocrx_word' id='word_1_809' title='bbox 108 2590 258 2626; x_wconf 77' lang='grc' dir='ltr'>πιπτούσης.</span> <span class='ocrx_word' id='word_1_810' title='bbox 268 2590 338 2617; x_wconf 78' lang='grc' dir='ltr'>Ἀλλ“</span> <span class='ocrx_word' id='word_1_811' title='bbox 348 2591 406 2625; x_wconf 80' lang='grc' dir='ltr'>ἐρεῖ</span> <span class='ocrx_word' id='word_1_812' title='bbox 412 2599 453 2622; x_wconf 88' lang='grc' dir='ltr'><strong>τις</strong></span> <span class='ocrx_word' id='word_1_813' title='bbox 461 2590 525 2622; x_wconf 76' lang='grc' dir='ltr'>ἴσως</span> <span class='ocrx_word' id='word_1_814' title='bbox 533 2590 570 2625; x_wconf 89' lang='grc' dir='ltr'>μὴ</span> <span class='ocrx_word' id='word_1_815' title='bbox 579 2590 645 2624; x_wconf 80' lang='grc' dir='ltr'>πρὸς</span> <span class='ocrx_word' id='word_1_816' title='bbox 653 2589 698 2616; x_wconf 80' lang='grc' dir='ltr'>τὸν</span> <span class='ocrx_word' id='word_1_817' title='bbox 708 2588 771 2615; x_wconf 81' lang='grc' dir='ltr'>ἴδιον</span> <span class='ocrx_word' id='word_1_818' title='bbox 779 2587 878 2614; x_wconf 68' lang='grc' dir='ltr'>σκοπὸν</span> 
     </span>
    </p>
   </div>
   <div class='ocr_carea' id='block_1_105' title="bbox 109 2633 878 2671">
    <p class='ocr_par' dir='ltr' id='par_1_105' title="bbox 109 2633 878 2671">
     <span class='ocr_line' id='line_1_105' title="bbox 109 2633 878 2671; baseline -0.003 -10"><span class='ocrx_word' id='word_1_819' title='bbox 109 2635 205 2669; x_wconf 77' lang='grc' dir='ltr'>βλέπειν</span> <span class='ocrx_word' id='word_1_820' title='bbox 214 2637 259 2663; x_wconf 60' lang='grc' dir='ltr'>τον</span> <span class='ocrx_word' id='word_1_821' title='bbox 268 2637 348 2671; x_wconf 87' lang='grc' dir='ltr'>λόγον</span> <span class='ocrx_word' id='word_1_822' title='bbox 360 2636 448 2671; x_wconf 78' lang='grc' dir='ltr'>ἡμῶν,</span> <span class='ocrx_word' id='word_1_823' title='bbox 455 2635 523 2662; x_wconf 81' lang='grc' dir='ltr'>ἀλλὰ</span> <span class='ocrx_word' id='word_1_824' title='bbox 530 2635 676 2671; x_wconf 62' lang='grc' dir='ltr'>’προθέσθαι</span> <span class='ocrx_word' id='word_1_825' title='bbox 686 2633 735 2669; x_wconf 81' lang='grc' dir='ltr'>μὲν</span> <span class='ocrx_word' id='word_1_826' title='bbox 742 2633 878 2665; x_wconf 77' lang='grc' dir='ltr'>ἀποδεῖξαι</span> 
     </span>
    </p>
   </div>
   <div class='ocr_carea' id='block_1_106' title="bbox 109 2679 879 2717">
    <p class='ocr_par' dir='ltr' id='par_1_106' title="bbox 109 2679 879 2717">
     <span class='ocr_line' id='line_1_106' title="bbox 109 2679 879 2717; baseline 0 -12"><span class='ocrx_word' id='word_1_827' title='bbox 109 2681 151 2716; x_wconf 77' lang='grc' dir='ltr'>τὴν</span> <span class='ocrx_word' id='word_1_828' title='bbox 159 2681 237 2717; x_wconf 78' lang='grc' dir='ltr'>ὑγρὰν</span> <span class='ocrx_word' id='word_1_829' title='bbox 249 2682 332 2717; x_wconf 77' lang='grc' dir='ltr'>φύσιν</span> <span class='ocrx_word' id='word_1_830' title='bbox 341 2682 387 2707; x_wconf 70' lang='grc' dir='ltr'><strong>ἐπὶ</strong></span> <span class='ocrx_word' id='word_1_831' title='bbox 394 2681 439 2708; x_wconf 82' lang='grc' dir='ltr'>τοῦ</span> <span class='ocrx_word' id='word_1_832' title='bbox 448 2681 477 2713; x_wconf 76' lang='grc' dir='ltr'><strong>ἐξ</strong></span> <span class='ocrx_word' id='word_1_833' title='bbox 489 2682 574 2717; x_wconf 83' lang='grc' dir='ltr'>ἀρχῆς</span> <span class='ocrx_word' id='word_1_834' title='bbox 585 2681 681 2716; x_wconf 81' lang='grc' dir='ltr'>μέτρου</span> <span class='ocrx_word' id='word_1_835' title='bbox 689 2679 769 2715; x_wconf 84' lang='grc' dir='ltr'>μέχρι</span> <span class='ocrx_word' id='word_1_836' title='bbox 781 2679 879 2710; x_wconf 73' lang='grc' dir='ltr'>παντὸς</span> 
     </span>
    </p>
   </div>
   <div class='ocr_carea' id='block_1_107' title="bbox 108 2724 878 2762">
    <p class='ocr_par' dir='ltr' id='par_1_107' title="bbox 108 2724 878 2762">
     <span class='ocr_line' id='line_1_107' title="bbox 108 2724 878 2762; baseline -0.001 -9"><span class='ocrx_word' id='word_1_837' title='bbox 108 2724 287 2762; x_wconf 68' lang='grc' dir='ltr'>διαμέιουσαν,</span> <span class='ocrx_word' id='word_1_838' title='bbox 304 2727 397 2754; x_wconf 78' lang='grc' dir='ltr'>λαθεῖν</span> <span class='ocrx_word' id='word_1_839' title='bbox 412 2727 440 2753; x_wconf 79' lang='grc' dir='ltr'>δὲ</span> <span class='ocrx_word' id='word_1_840' title='bbox 456 2729 487 2754; x_wconf 54' lang='lat' dir='ltr'><strong>ci;</strong></span> <span class='ocrx_word' id='word_1_841' title='bbox 501 2727 618 2755; x_wconf 77' lang='grc' dir='ltr'>ἐναντίον</span> <span class='ocrx_word' id='word_1_842' title='bbox 635 2725 878 2758; x_wconf 77' lang='grc' dir='ltr'>κατασκευάζοντα.</span> 
     </span>
    </p>
   </div>
   <div class='ocr_carea' id='block_1_108' title="bbox 196 2773 534 2806">
    <p class='ocr_par' dir='ltr' id='par_1_108' title="bbox 196 2773 534 2806">
     <span class='ocr_line' id='line_1_108' title="bbox 196 2773 534 2806; baseline 0.003 -1"><span class='ocrx_word' id='word_1_843' title='bbox 196 2775 330 2806; x_wconf 65' lang='lat' dir='ltr'><strong>Parnm.</strong></span> <span class='ocrx_word' id='word_1_844' title='bbox 355 2773 411 2804; x_wconf 70' lang='lat' dir='ltr'><strong>Gtt.</strong></span> <span class='ocrx_word' id='word_1_845' title='bbox 431 2775 534 2806; x_wconf 78' lang='lat' dir='ltr'><strong>XLIV.</strong></span> 
     </span>
    </p>
   </div>
   <div class='ocr_carea' id='block_1_109' title="bbox 924 2134 1701 2170">
    <p class='ocr_par' dir='ltr' id='par_1_109' title="bbox 924 2134 1701 2170">
     <span class='ocr_line' id='line_1_109' title="bbox 924 2134 1701 2170; baseline -0.001 -8"><span class='ocrx_word' id='word_1_846' title='bbox 924 2135 1105 2170; x_wconf 89' lang='lat' dir='ltr'><strong>quodcunque</strong></span> <span class='ocrx_word' id='word_1_847' title='bbox 1125 2135 1205 2162; x_wconf 80' lang='lat' dir='ltr'><strong>fuerit</strong></span> <span class='ocrx_word' id='word_1_848' title='bbox 1224 2135 1351 2166; x_wconf 89' lang='lat' dir='ltr'><strong>solidum,</strong></span> <span class='ocrx_word' id='word_1_849' title='bbox 1367 2134 1432 2161; x_wconf 93' lang='lat' dir='ltr'><strong>illud</strong></span> <span class='ocrx_word' id='word_1_850' title='bbox 1444 2143 1458 2161; x_wconf 88' lang='lat' dir='ltr'><strong>a</strong></span> <span class='ocrx_word' id='word_1_851' title='bbox 1476 2142 1530 2169; x_wconf 91' lang='lat' dir='ltr'><strong>quo</strong></span> <span class='ocrx_word' id='word_1_852' title='bbox 1542 2135 1701 2170; x_wconf 76' lang='lat' dir='ltr'><strong>suscipitur,</strong></span> 
     </span>
    </p>
   </div>
   <div class='ocr_carea' id='block_1_110' title="bbox 924 2179 1702 2214">
    <p class='ocr_par' dir='ltr' id='par_1_110' title="bbox 924 2179 1702 2214">
     <span class='ocr_line' id='line_1_110' title="bbox 924 2179 1702 2214; baseline 0 -8"><span class='ocrx_word' id='word_1_853' title='bbox 924 2181 951 2207; x_wconf 88' lang='lat' dir='ltr'><strong>in</strong></span> <span class='ocrx_word' id='word_1_854' title='bbox 971 2180 1089 2214; x_wconf 84' lang='lat' dir='ltr'><strong>ejusdem</strong></span> <span class='ocrx_word' id='word_1_855' title='bbox 1106 2184 1230 2207; x_wconf 86' lang='lat' dir='ltr'><strong>naturam</strong></span> <span class='ocrx_word' id='word_1_856' title='bbox 1246 2183 1437 2207; x_wconf 89' lang='lat' dir='ltr'><strong>commutatur.</strong></span> <span class='ocrx_word' id='word_1_857' title='bbox 1455 2179 1532 2212; x_wconf 85' lang='lat' dir='ltr'><strong>Quod</strong></span> <span class='ocrx_word' id='word_1_858' title='bbox 1554 2179 1577 2207; x_wconf 87' lang='lat' dir='ltr'><strong>si</strong></span> <span class='ocrx_word' id='word_1_859' title='bbox 1599 2181 1660 2214; x_wconf 87' lang='lat' dir='ltr'><strong>quis</strong></span> <span class='ocrx_word' id='word_1_860' title='bbox 1675 2180 1702 2206; x_wconf 82' lang='lat' dir='ltr'><strong>in</strong></span> 
     </span>
    </p>
   </div>
   <div class='ocr_carea' id='block_1_111' title="bbox 925 2224 1703 2260">
    <p class='ocr_par' dir='ltr' id='par_1_111' title="bbox 925 2224 1703 2260">
     <span class='ocr_line' id='line_1_111' title="bbox 925 2224 1703 2260; baseline 0 -8"><span class='ocrx_word' id='word_1_861' title='bbox 925 2224 1012 2259; x_wconf 86' lang='lat' dir='ltr'><strong>lapide</strong></span> <span class='ocrx_word' id='word_1_862' title='bbox 1028 2229 1138 2260; x_wconf 89' lang='lat' dir='ltr'><strong>propter</strong></span> <span class='ocrx_word' id='word_1_863' title='bbox 1154 2224 1282 2252; x_wconf 90' lang='lat' dir='ltr'><strong>duritiam</strong></span> <span class='ocrx_word' id='word_1_864' title='bbox 1297 2229 1372 2260; x_wconf 86' lang='lat' dir='ltr'><strong>putet</strong></span> <span class='ocrx_word' id='word_1_865' title='bbox 1387 2233 1447 2252; x_wconf 82' lang='lat' dir='ltr'><strong>esse</strong></span> <span class='ocrx_word' id='word_1_866' title='bbox 1459 2224 1576 2258; x_wconf 77' lang='lat' dir='ltr'><strong>diﬂicile,</strong></span> <span class='ocrx_word' id='word_1_867' title='bbox 1595 2225 1657 2252; x_wconf 87' lang='lat' dir='ltr'><strong>licet</strong></span> <span class='ocrx_word' id='word_1_868' title='bbox 1677 2225 1703 2252; x_wconf 90' lang='lat' dir='ltr'><strong>id</strong></span> 
     </span>
    </p>
   </div>
   <div class='ocr_carea' id='block_1_112' title="bbox 925 2271 1704 2306">
    <p class='ocr_par' dir='ltr' id='par_1_112' title="bbox 925 2271 1704 2306">
     <span class='ocr_line' id='line_1_112' title="bbox 925 2271 1704 2306; baseline -0.003 -8"><span class='ocrx_word' id='word_1_869' title='bbox 925 2272 1012 2306; x_wconf 87' lang='lat' dir='ltr'><strong>ipsum</strong></span> <span class='ocrx_word' id='word_1_870' title='bbox 1036 2271 1106 2298; x_wconf 87' lang='lat' dir='ltr'><strong>ratio</strong></span> <span class='ocrx_word' id='word_1_871' title='bbox 1128 2271 1301 2306; x_wconf 86' lang='lat' dir='ltr'><strong>persuadeat,</strong></span> <span class='ocrx_word' id='word_1_872' title='bbox 1324 2278 1373 2306; x_wconf 80' lang='lat' dir='ltr'><strong>ego</strong></span> <span class='ocrx_word' id='word_1_873' title='bbox 1393 2274 1483 2297; x_wconf 89' lang='lat' dir='ltr'><strong>tamen</strong></span> <span class='ocrx_word' id='word_1_874' title='bbox 1505 2278 1567 2298; x_wconf 87' lang='lat' dir='ltr'><strong>cum</strong></span> <span class='ocrx_word' id='word_1_875' title='bbox 1587 2271 1634 2298; x_wconf 93' lang='lat' dir='ltr'><strong>illo</strong></span> <span class='ocrx_word' id='word_1_876' title='bbox 1648 2278 1704 2297; x_wconf 89' lang='lat' dir='ltr'><strong>non</strong></span> 
     </span>
    </p>
   </div>
   <div class='ocr_carea' id='block_1_113' title="bbox 925 2313 1705 2348">
    <p class='ocr_par' dir='ltr' id='par_1_113' title="bbox 925 2313 1705 2348">
     <span class='ocr_line' id='line_1_113' title="bbox 925 2313 1705 2348; baseline -0.006 -5"><span class='ocrx_word' id='word_1_877' title='bbox 925 2316 1079 2344; x_wconf 82' lang='lat' dir='ltr'><strong>decertabo.</strong></span> <span class='ocrx_word' id='word_1_878' title='bbox 1097 2315 1279 2342; x_wconf 86' lang='lat' dir='ltr'><strong>Nihilominus</strong></span> <span class='ocrx_word' id='word_1_879' title='bbox 1295 2316 1366 2342; x_wconf 89' lang='lat' dir='ltr'><strong>enim</strong></span> <span class='ocrx_word' id='word_1_880' title='bbox 1378 2314 1544 2345; x_wconf 82' lang='lat' dir='ltr'><strong>conﬁcictur,</strong></span> <span class='ocrx_word' id='word_1_881' title='bbox 1559 2313 1630 2348; x_wconf 92' lang='lat' dir='ltr'><strong>quod</strong></span> <span class='ocrx_word' id='word_1_882' title='bbox 1642 2321 1705 2347; x_wconf 92' lang='lat' dir='ltr'><strong>pro-</strong></span> 
     </span>
    </p>
   </div>
   <div class='ocr_carea' id='block_1_114' title="bbox 926 2358 1702 2396">
    <p class='ocr_par' dir='ltr' id='par_1_114' title="bbox 926 2358 1702 2396">
     <span class='ocr_line' id='line_1_114' title="bbox 926 2358 1702 2396; baseline -0.003 -8"><span class='ocrx_word' id='word_1_883' title='bbox 926 2361 1041 2396; x_wconf 89' lang='lat' dir='ltr'><strong>positum</strong></span> <span class='ocrx_word' id='word_1_884' title='bbox 1055 2365 1105 2392; x_wconf 88' lang='lat' dir='ltr'><strong>est,</strong></span> <span class='ocrx_word' id='word_1_885' title='bbox 1118 2368 1179 2387; x_wconf 92' lang='lat' dir='ltr'><strong>cum</strong></span> <span class='ocrx_word' id='word_1_886' title='bbox 1191 2360 1328 2387; x_wconf 86' lang='lat' dir='ltr'><strong>terrestris</strong></span> <span class='ocrx_word' id='word_1_887' title='bbox 1342 2359 1455 2386; x_wconf 87' lang='lat' dir='ltr'><strong>materia</strong></span> <span class='ocrx_word' id='word_1_888' title='bbox 1467 2359 1593 2386; x_wconf 90' lang='lat' dir='ltr'><strong>deorsum</strong></span> <span class='ocrx_word' id='word_1_889' title='bbox 1606 2358 1702 2396; x_wconf 53' lang='lat' dir='ltr'><strong>lingis,</strong></span> 
     </span>
    </p>
   </div>
   <div class='ocr_carea' id='block_1_115' title="bbox 926 2393 1704 2441">
    <p class='ocr_par' dir='ltr' id='par_1_115' title="bbox 926 2393 1704 2441">
     <span class='ocr_line' id='line_1_115' title="bbox 926 2393 1704 2441; baseline -0.004 -8"><span class='ocrx_word' id='word_1_890' title='bbox 926 2393 941 2433; x_wconf 56' lang='grc' dir='ltr'><strong>α</strong></span> <span class='ocrx_word' id='word_1_891' title='bbox 956 2406 1078 2441; x_wconf 84' lang='lat' dir='ltr'><strong>partibus</strong></span> <span class='ocrx_word' id='word_1_892' title='bbox 1093 2413 1152 2433; x_wconf 87' lang='lat' dir='ltr'><strong>eam</strong></span> <span class='ocrx_word' id='word_1_893' title='bbox 1171 2413 1226 2432; x_wconf 91' lang='lat' dir='ltr'><strong>non</strong></span> <span class='ocrx_word' id='word_1_894' title='bbox 1246 2404 1457 2439; x_wconf 87' lang='lat' dir='ltr'><strong>suscipientibus</strong></span> <span class='ocrx_word' id='word_1_895' title='bbox 1474 2403 1507 2431; x_wconf 89' lang='lat' dir='ltr'><strong>ad</strong></span> <span class='ocrx_word' id='word_1_896' title='bbox 1522 2393 1704 2438; x_wconf 60' lang='lat' dir='ltr'><strong>suscipieritcs</strong></span> 
     </span>
    </p>
   </div>
   <div class='ocr_carea' id='block_1_116' title="bbox 927 2449 1704 2485">
    <p class='ocr_par' dir='ltr' id='par_1_116' title="bbox 927 2449 1704 2485">
     <span class='ocr_line' id='line_1_116' title="bbox 927 2449 1704 2485; baseline -0.006 -5"><span class='ocrx_word' id='word_1_897' title='bbox 927 2461 941 2479; x_wconf 80' lang='grc' dir='ltr'><strong>ιι</strong></span> <span class='ocrx_word' id='word_1_898' title='bbox 955 2452 1042 2480; x_wconf 86' lang='lat' dir='ltr'><strong>ventis</strong></span> <span class='ocrx_word' id='word_1_899' title='bbox 1054 2451 1244 2479; x_wconf 74' lang='lat' dir='ltr'><strong>transferatur.</strong></span> <span class='ocrx_word' id='word_1_900' title='bbox 1258 2451 1292 2477; x_wconf 81' lang='lat' dir='ltr'><strong>At</strong></span> <span class='ocrx_word' id='word_1_901' title='bbox 1306 2450 1406 2485; x_wconf 90' lang='lat' dir='ltr'><strong>aliquis</strong></span> <span class='ocrx_word' id='word_1_902' title='bbox 1416 2449 1487 2477; x_wconf 90' lang='lat' dir='ltr'><strong>dicet</strong></span> <span class='ocrx_word' id='word_1_903' title='bbox 1504 2449 1630 2480; x_wconf 80' lang='lat' dir='ltr'><strong>fortasse,</strong></span> <span class='ocrx_word' id='word_1_904' title='bbox 1646 2455 1704 2475; x_wconf 80' lang='lat' dir='ltr'><strong>ora-</strong></span> 
     </span>
    </p>
   </div>
   <div class='ocr_carea' id='block_1_117' title="bbox 928 2494 1702 2530">
    <p class='ocr_par' dir='ltr' id='par_1_117' title="bbox 928 2494 1702 2530">
     <span class='ocr_line' id='line_1_117' title="bbox 928 2494 1702 2530; baseline -0.008 -5"><span class='ocrx_word' id='word_1_905' title='bbox 928 2499 1026 2525; x_wconf 90' lang='lat' dir='ltr'><strong>tionem</strong></span> <span class='ocrx_word' id='word_1_906' title='bbox 1039 2502 1158 2524; x_wconf 87' lang='lat' dir='ltr'><strong>nostram</strong></span> <span class='ocrx_word' id='word_1_907' title='bbox 1173 2504 1227 2524; x_wconf 92' lang='lat' dir='ltr'><strong>non</strong></span> <span class='ocrx_word' id='word_1_908' title='bbox 1244 2504 1277 2524; x_wconf 92' lang='lat' dir='ltr'><strong>eo</strong></span> <span class='ocrx_word' id='word_1_909' title='bbox 1294 2496 1414 2527; x_wconf 89' lang='lat' dir='ltr'><strong>tendere,</strong></span> <span class='ocrx_word' id='word_1_910' title='bbox 1426 2503 1480 2530; x_wconf 90' lang='lat' dir='ltr'><strong>quo</strong></span> <span class='ocrx_word' id='word_1_911' title='bbox 1491 2494 1681 2530; x_wconf 87' lang='lat' dir='ltr'><strong>proposuimus</strong></span> <span class='ocrx_word' id='word_1_912' title='bbox 1695 2500 1702 2519; x_wconf 87' lang='lat'><strong>:</strong></span> 
     </span>
    </p>
   </div>
   <div class='ocr_carea' id='block_1_118' title="bbox 927 2540 1704 2577">
    <p class='ocr_par' dir='ltr' id='par_1_118' title="bbox 927 2540 1704 2577">
     <span class='ocr_line' id='line_1_118' title="bbox 927 2540 1704 2577; baseline -0.005 -6"><span class='ocrx_word' id='word_1_913' title='bbox 927 2544 1006 2571; x_wconf 88' lang='lat' dir='ltr'><strong>nobis</strong></span> <span class='ocrx_word' id='word_1_914' title='bbox 1028 2544 1101 2571; x_wconf 89' lang='lat' dir='ltr'><strong>enim</strong></span> <span class='ocrx_word' id='word_1_915' title='bbox 1124 2543 1210 2570; x_wconf 80' lang='lat' dir='ltr'><strong>fuisse</strong></span> <span class='ocrx_word' id='word_1_916' title='bbox 1238 2542 1421 2577; x_wconf 88' lang='lat' dir='ltr'><strong>propositum,</strong></span> <span class='ocrx_word' id='word_1_917' title='bbox 1451 2545 1481 2568; x_wconf 94' lang='lat' dir='ltr'><strong>ut</strong></span> <span class='ocrx_word' id='word_1_918' title='bbox 1500 2540 1704 2569; x_wconf 80' lang='lat' dir='ltr'><strong>ostenderemus</strong></span> 
     </span>
    </p>
   </div>
   <div class='ocr_carea' id='block_1_119' title="bbox 928 2585 1703 2625">
    <p class='ocr_par' dir='ltr' id='par_1_119' title="bbox 928 2585 1703 2625">
     <span class='ocr_line' id='line_1_119' title="bbox 928 2585 1703 2625; baseline -0.006 -8"><span class='ocrx_word' id='word_1_919' title='bbox 928 2598 1025 2625; x_wconf 88' lang='lat' dir='ltr'><strong>aquam</strong></span> <span class='ocrx_word' id='word_1_920' title='bbox 1041 2597 1148 2624; x_wconf 80' lang='lat' dir='ltr'><strong>semper</strong></span> <span class='ocrx_word' id='word_1_921' title='bbox 1163 2590 1190 2616; x_wconf 88' lang='lat' dir='ltr'><strong>in</strong></span> <span class='ocrx_word' id='word_1_922' title='bbox 1201 2596 1232 2616; x_wconf 88' lang='lat' dir='ltr'><strong>ea</strong></span> <span class='ocrx_word' id='word_1_923' title='bbox 1246 2596 1383 2620; x_wconf 87' lang='lat' dir='ltr'><strong>mensura,</strong></span> <span class='ocrx_word' id='word_1_924' title='bbox 1397 2596 1477 2623; x_wconf 88' lang='lat' dir='ltr'><strong>quam</strong></span> <span class='ocrx_word' id='word_1_925' title='bbox 1487 2587 1564 2615; x_wconf 85' lang='lat' dir='ltr'><strong>initio</strong></span> <span class='ocrx_word' id='word_1_926' title='bbox 1575 2585 1703 2616; x_wconf 85' lang='lat' dir='ltr'><strong>obtinuit.</strong></span> 
     </span>
    </p>
   </div>
   <div class='ocr_carea' id='block_1_120' title="bbox 929 2633 1706 2669">
    <p class='ocr_par' dir='ltr' id='par_1_120' title="bbox 929 2633 1706 2669">
     <span class='ocr_line' id='line_1_120' title="bbox 929 2633 1706 2669; baseline -0.006 -8"><span class='ocrx_word' id='word_1_927' title='bbox 929 2642 1106 2669; x_wconf 84' lang='lat' dir='ltr'><strong>permanere;</strong></span> <span class='ocrx_word' id='word_1_928' title='bbox 1124 2633 1309 2668; x_wconf 87' lang='lat' dir='ltr'><strong>imprudenter</strong></span> <span class='ocrx_word' id='word_1_929' title='bbox 1322 2637 1411 2661; x_wconf 90' lang='lat' dir='ltr'><strong>autem</strong></span> <span class='ocrx_word' id='word_1_930' title='bbox 1427 2634 1491 2660; x_wconf 88' lang='lat' dir='ltr'><strong>illuc</strong></span> <span class='ocrx_word' id='word_1_931' title='bbox 1503 2639 1564 2660; x_wconf 85' lang='lat' dir='ltr'><strong>esse</strong></span> <span class='ocrx_word' id='word_1_932' title='bbox 1580 2637 1706 2666; x_wconf 79' lang='lat' dir='ltr'><strong>pragres-</strong></span> 
     </span>
    </p>
   </div>
   <div class='ocr_carea' id='block_1_121' title="bbox 930 2676 1706 2710">
    <p class='ocr_par' dir='ltr' id='par_1_121' title="bbox 930 2676 1706 2710">
     <span class='ocr_line' id='line_1_121' title="bbox 930 2676 1706 2710; baseline -0.008 -3"><span class='ocrx_word' id='word_1_933' title='bbox 930 2687 985 2710; x_wconf 84' lang='lat' dir='ltr'><strong>sos,</strong></span> <span class='ocrx_word' id='word_1_934' title='bbox 1008 2685 1037 2706; x_wconf 90' lang='lat' dir='ltr'><strong>ut</strong></span> <span class='ocrx_word' id='word_1_935' title='bbox 1047 2679 1213 2706; x_wconf 87' lang='lat' dir='ltr'><strong>contrarium</strong></span> <span class='ocrx_word' id='word_1_936' title='bbox 1232 2679 1474 2706; x_wconf 81' lang='lat' dir='ltr'><strong>conﬁrmaremus:</strong></span> <span class='ocrx_word' id='word_1_937' title='bbox 1495 2678 1551 2705; x_wconf 83' lang='lat' dir='ltr'><strong>sive</strong></span> <span class='ocrx_word' id='word_1_938' title='bbox 1572 2676 1643 2703; x_wconf 87' lang='lat' dir='ltr'><strong>enim</strong></span> <span class='ocrx_word' id='word_1_939' title='bbox 1663 2676 1706 2702; x_wconf 71' lang='lat' dir='ltr'><strong>di-</strong></span> 
     </span>
    </p>
   </div>
   <div class='ocr_carea' id='block_1_122' title="bbox 931 2723 1707 2761">
    <p class='ocr_par' dir='ltr' id='par_1_122' title="bbox 931 2723 1707 2761">
     <span class='ocr_line' id='line_1_122' title="bbox 931 2723 1707 2761; baseline -0.008 -9"><span class='ocrx_word' id='word_1_940' title='bbox 931 2725 996 2761; x_wconf 77' lang='lat' dir='ltr'><strong>gesti</strong></span> <span class='ocrx_word' id='word_1_941' title='bbox 1011 2732 1124 2759; x_wconf 81' lang='lat' dir='ltr'><strong>vapores</strong></span> <span class='ocrx_word' id='word_1_942' title='bbox 1144 2724 1171 2751; x_wconf 91' lang='lat' dir='ltr'><strong>in</strong></span> <span class='ocrx_word' id='word_1_943' title='bbox 1192 2725 1253 2759; x_wconf 78' lang='lat' dir='ltr'><strong>igne</strong></span> <span class='ocrx_word' id='word_1_944' title='bbox 1268 2723 1437 2756; x_wconf 86' lang='lat' dir='ltr'><strong>consideant,</strong></span> <span class='ocrx_word' id='word_1_945' title='bbox 1457 2723 1515 2750; x_wconf 88' lang='lat' dir='ltr'><strong>sive</strong></span> <span class='ocrx_word' id='word_1_946' title='bbox 1538 2724 1707 2749; x_wconf 76' lang='lat' dir='ltr'><strong>revertantur</strong></span> 
     </span>
    </p>
   </div>
   <div class='ocr_carea' id='block_1_123' title="bbox 1541 2767 1559 2798">
    <p class='ocr_par' dir='ltr' id='par_1_123' title="bbox 1541 2767 1559 2798">
     <span class='ocr_line' id='line_1_123' title="bbox 1541 2767 1559 2798; baseline 0 0"><span class='ocrx_word' id='word_1_947' title='bbox 1541 2767 1559 2798; x_wconf 59' lang='grc' dir='ltr'><strong><em>Β</em></strong></span> 
     </span>
    </p>
   </div>
  </div>
