1919 3069
217 18 267 45 107

833 21 860 47 S.
882 19 1043 47 GIKEGORII
1058 19 1200 47 NYSSICNI

1803 24 1862 52 108

217 78 248 107 in
264 84 362 106 terram
378 88 383 105 :
403 83 517 113 utraque
540 87 567 106 re
585 79 791 107 diminutionem
807 87 883 115 aquae
903 80 996 115 pariter

1055 79 1114 106 Εἴτε
1128 80 1181 114 γὰρ
1194 81 1222 105 ἐν
1237 79 1275 115 τῷ
1292 80 1357 115 πυρὶ
1372 79 1401 106 τὸ
1418 79 1607 114 ἀναδιδόμενον
1623 80 1710 115 μένοι,
1727 81 1785 106 εἴτε
1805 83 1859 108 καὶ

221 125 308 160 sequi,
323 133 409 159 eoque
424 126 483 159 ipso
505 125 610 159 copiam
632 132 764 160 aquarum
787 125 906 157 ostendi,
930 125 1003 160 quod

221 171 332 198 omnino
361 179 467 205 semper
490 171 678 198 absuniantur.
703 170 894 198 Necessarium
921 171 1003 206 igitur

220 217 282 248 erit,
300 221 329 243 ut
344 224 434 243 rerum
446 220 571 243 naturam
593 217 690 243 iterum
711 217 925 248 consideremus,
947 223 1003 252 quo

221 262 371 296 disputatio
391 265 484 288 nostra
500 261 602 288 rectius
623 268 671 295 per
686 261 771 288 i-isam
789 261 823 287 ad
842 262 922 288 linem
938 268 1001 295 pro-

222 307 338 342 positum
355 307 532 342 perducatur.

257 444 386 478 Quaenam
403 444 485 479 igitur
499 448 541 471 est
563 451 654 471 rerum
674 444 790 471 natura?
806 443 876 471 Nihil
897 452 1001 478 eorum,

222 498 283 525 qua:
305 493 454 516 cernuntur
481 489 576 516 ordine
602 494 700 516 terram
727 489 840 520 ambire,
862 494 1001 520 constans,

222 537 340 568 lirmum,
360 540 387 563 et
410 535 579 563 immutabile
604 535 783 562 constitutum
806 539 848 562 est
872 542 886 561 a
910 543 1002 562 rerum

222 582 342 609 omnium
357 582 453 617 opiﬁce
477 581 552 608 Deo:
574 581 621 608 sed
639 581 730 608 omnia
748 582 818 608 inter
833 589 862 608 se
880 581 1002 608 vicissim

222 633 432 656 commutantur.
447 628 519 655 lnest
533 628 604 654 enim
620 627 742 661 quzedam
755 627 808 658 vis,
821 626 900 661 cujus
912 634 1004 661 perpe-

222 678 270 701 tuo
284 673 402 708 quodam
421 673 450 700 in
465 672 559 700 orbem
578 676 653 698 motu
676 675 776 698 cuncta
799 671 854 698 hare
873 671 1002 698 inferiora

223 720 456 752 circumaguntur,
477 722 504 744 et
519 720 719 752 permutantur,
736 725 898 751 rursumque
917 717 943 744 in
961 725 1001 744 se-

1057 125 1187 160 ξηρανοὲν
1196 125 1276 152 πάλιν
1284 126 1329 152 ἐπὶ
1337 126 1385 160 τὴν
1397 125 1447 160 γῆν
1460 126 1645 160 ἑπανέρχοιτο,
1655 126 1700 161 ἴση
1713 126 1778 153 καθ’
1787 127 1858 154 ἐκά-

1055 180 1134 207 τερον
1143 173 1159 206 ἡ
1180 171 1226 198 τοῦ
1238 171 1332 202 ὓδατος
1344 171 1492 202 ἐλάττωσις
1508 171 1584 198 ἔσται
1592 180 1598 186 -
1617 172 1665 198 καὶ
1677 172 1754 198 οὐδὲν
1766 171 1857 208 ἦττον

1055 216 1099 243 διὰ
1109 217 1158 251 τῆς
1168 216 1340 252 κατασκευῆς
1354 217 1455 251 ταύτης
1468 217 1604 250 ἀναγκαία
1613 217 1750 244 δείκνυται
1771 219 1788 252 ἡ
1804 218 1856 244 τοῦ

1055 262 1139 298 ὑγροῦ
1159 262 1311 298 περιουσία,
1332 262 1376 289 διὰ
1393 263 1423 289 τὸ
1441 262 1548 294 πάντως
1564 263 1650 289 εἰσαεὶ
1661 263 1854 290 δαπανᾶσθαι,

1056 308 1159 334 Οὐκοῦν
1170 308 1315 342 ἀναγκαῖον
1322 308 1355 335 ἂν
1365 308 1406 343 εἴη
1423 308 1490 344 πρὸς
1503 308 1548 334 τὸν
1561 308 1638 343 λόγον
1646 308 1750 340 τοῦτον.
1764 310 1852 337 πάλιν

1055 353 1104 388 τὴν
1116 353 1196 388 φύσιν
1206 353 1260 379 τῶν
1271 354 1354 380 όντων
1368 354 1586 388 κατανοῆσαι,ὼς
1597 354 1630 381 ἂν
1639 355 1768 390 διἀύτῆς
1781 357 1853 391 ἡμῖν

1056 399 1196 434 εὐοδωοείη
1211 400 1277 435 πρὸς
1294 400 1338 426 τὸν
1350 400 1527 436 προκείμενον
1542 401 1641 427 σκοπὸν
1655 401 1686 427 τὸ
1699 401 1850 437 θεώρημα.

1091 445 1138 476 Τίς
1162 443 1207 472 οὖν
1226 446 1242 480 ή
1261 445 1358 479 φύσις;
1386 445 1468 472 Οὐδὲν
1487 445 1540 472 τῶν
1567 446 1744 481 στοιχειωδῶς
1766 448 1798 473 ἐν
1813 449 1850 482 τῇ

1057 489 1184 516 συστάσει
1209 489 1255 516 τοῦ
1273 490 1411 525 περιγείου
1427 490 1527 525 κόσμου
1544 490 1739 526 θεωρουμένων
1764 492 1851 528 ἄτρε-

1056 536 1122 562 πτόν
1148 544 1178 561 τε
1208 536 1254 561 καὶ
1281 535 1459 562 ἀναλλοίωτον
1487 537 1562 572 παρὰ
1590 536 1637 563 τοῦ
1668 538 1849 573 Δημιουργοῦ

1056 582 1108 608 τῶν
1139 582 1206 608 ὅλων
1239 582 1406 617 πεποίηται·
1439 582 1507 609 ἀλλὰ
1542 583 1630 610 πάντα
1659 584 1688 610 ὲν
1718 583 1849 619 ἀλλήλοις

1055 627 1127 657 ἐστὶ,
1149 627 1195 653 καὶ
1224 627 1257 654 δι’
1277 627 1398 663 ἀλλήλων
1426 628 1628 663 διακρατείται,
1646 629 1696 664 τῆς
1722 629 1849 665 τρεπτῆς

1055 673 1194 708 δυνάμεως
1222 674 1266 700 διά
1294 683 1366 706 τινος
1398 675 1541 708 ἐγκυκλίου
1571 676 1722 710 περιφορᾶς
1751 675 1847 702 πάντα

1056 720 1096 750 εἰς
1128 719 1230 754 ἄλληλα
1256 719 1292 746 τὰ
1321 720 1408 755 γεώδη
1440 720 1679 755 μεταϐαλλούσης,
1715 721 1760 747 κάιλ
1795 721 1847 747 ἀπ’

223 763 338 798 metipsa
353 763 530 790 reducuntur.
544 761 610 794 Qum
623 762 731 797 quidem
748 761 923 789 commutatio
937 769 996 788 cum

1051 765 1170 800 ἀλλήλων
1197 766 1236 796 εἰς
1264 765 1348 791 ἑαυτὰ
1371 765 1451 792 πάλιν
1468 766 1673 801 ὲπαναγούσης’
1699 767 1786 802 αὐτῆς
1815 767 1846 793 δὲ

224 810 280 837 lieri
296 816 434 844 nunquam
450 811 550 840 cesset,
569 815 682 835 necesse
697 813 750 839 est,
770 808 797 834 in
811 808 863 834 alia
881 807 1000 834 vicissim

221 855 312 882 omnia
328 854 454 885 transire,
474 859 501 881 et
521 862 569 889 per
587 855 681 881 eadem
701 854 799 880 iterum
825 853 935 888 vestigia
959 860 1003 880 re-

222 907 321 928 meare.
335 899 407 927 Nihil
426 900 498 927 enim
515 900 611 927 borum
628 908 644 926 a
664 907 693 927 se
709 900 768 934 ipso
781 903 1001 932 conservaretur,

221 946 274 972 nisi
288 953 348 972 cum
366 946 451 972 altero
467 953 565 980 genere
586 945 759 972 commistum
782 949 907 971 naturam
925 952 1002 971 suam

220 991 366 1019 obtineret.
383 990 536 1023 Quomodo,
555 991 674 1025 inquies,
692 991 738 1017 illa
757 989 940 1016 commutandi
961 990 1002 1016 vis

220 1045 268 1073 per
282 1041 399 1072 quatuor
424 1037 560 1065 elementa
579 1037 607 1063 in
627 1037 720 1064 orbem
738 1036 889 1063 commeat?
911 1034 1003 1070 Neque

219 1085 291 1112 enim
306 1084 432 1119 qualibet
449 1091 480 1110 ex
496 1083 662 1118 quibuslibet
677 1082 797 1110 vicissim
817 1082 894 1114 liunt,
915 1090 1002 1116 neque

220 1129 443 1157 commutationis
460 1129 580 1155 circulus
595 1136 651 1162 per.
662 1135 706 1156 res
726 1127 848 1162 singulas
863 1127 1003 1162 :equaliter

219 1180 332 1210 vagatur
348 1184 354 1202 :
374 1175 421 1202 sed
445 1182 515 1209 aqua
535 1173 644 1208 quidem
666 1181 714 1208 per
732 1181 845 1208 vapores
864 1173 891 1200 in
911 1180 1001 1200 aerem

219 1221 385 1253 refunditur,
400 1227 515 1254 vapores
530 1223 623 1247 autem
646 1219 746 1254 pabulo
767 1219 882 1247 ﬂamma:
899 1219 1003 1246 submi-

218 1267 333 1294 nistrato
351 1271 494 1294 terrestres
519 1266 598 1298 llunt,
614 1266 641 1292 in
663 1265 780 1292 cinerem
797 1264 1002 1299 'quodammodo

218 1314 330 1344 redacti,
354 1316 531 1346 posteaquam
555 1319 618 1339 cum
644 1313 706 1346 igne
732 1311 831 1338 versati
852 1315 925 1339 sunt.
953 1311 1001 1339 His

220 1366 283 1385 vero
299 1358 432 1392 susceptis
447 1361 518 1385 terra
541 1357 702 1384 mutationis
720 1357 746 1383 in
767 1365 797 1384 se
809 1357 940 1383 circulum
962 1356 999 1383 si-

217 1403 274 1429 stit.
289 1402 381 1437 Neque
394 1403 467 1429 enim
484 1410 561 1437 aqua:
585 1406 682 1429 natura
696 1410 791 1429 rursus
809 1407 897 1429 ortum
917 1402 997 1430 habet

217 1457 232 1475 c
248 1453 331 1476 terra.
350 1448 408 1481 Qua
429 1449 538 1484 quidem
558 1449 664 1476 ratione
688 1448 852 1482 relinquitur
873 1449 999 1476 conside—

218 1494 342 1527 randum,
358 1498 446 1521 utrum
463 1499 533 1521 terra
548 1495 574 1521 in
594 1502 670 1529 aqua:
682 1491 806 1520 naturam
820 1494 916 1520 mutari
933 1502 995 1528 pos-

217 1543 264 1568 sit.
283 1539 359 1572 Quod
376 1541 440 1567 dum
461 1541 668 1575 investigamus,
684 1548 765 1568 nemo
778 1541 927 1568 orationem
945 1548 996 1567 no-

166 1610 171 1616 .
217 1591 301 1614 stram
319 1591 349 1614 ut
367 1587 516 1622 longiorem
542 1591 662 1614 accuset.
680 1586 810 1614 Videmus
824 1594 854 1613 ea
874 1594 933 1621 qua).
949 1594 997 1613 na-

218 1637 278 1660 tura
295 1637 358 1660 sunt
378 1633 462 1665 sicca,
486 1637 583 1667 sponte
600 1640 649 1660 sua
670 1632 787 1659 naturali
802 1632 918 1667 quadam
934 1639 996 1667 pro-

215 1678 329 1712 prietate
348 1677 497 1704 madeﬁeri.
517 1677 550 1704 Ut
568 1678 595 1704 in
612 1678 668 1705 sale
692 1678 755 1705 licet
774 1679 884 1709 intueri,
899 1679 996 1706 metal-

217 1726 262 1756 lis,
284 1730 310 1752 et
331 1727 358 1752 in
377 1726 411 1752 iis
430 1733 491 1760 qua:
511 1733 542 1751 ex
565 1726 678 1752 humore
701 1725 793 1760 aliquo
808 1719 996 1760 conglaciante

216 1771 382 1798 consistunt.
401 1770 501 1797 llorum
517 1778 578 1797 cutn
595 1771 704 1797 siccitas
720 1771 828 1805 propria
843 1771 889 1802 sit,
905 1775 995 1797 tamen

216 1816 238 1841 si
253 1815 363 1849 quidam
378 1823 411 1842 ex
427 1815 493 1848 ipsis
507 1814 596 1849 liquor
611 1814 769 1844 descendat.
792 1813 901 1840 humida
917 1813 993 1845 ﬁunt,

216 1860 421 1893 siccitatemquc
443 1866 520 1885 suam
541 1858 568 1884 in
592 1858 727 1884 humidam
750 1858 906 1892 qualitatem
930 1865 995 1884 con-

216 1910 333 1932 vertunt.
355 1905 427 1931 Talis
449 1905 529 1931 etiam
551 1904 671 1931 cernitur
692 1903 780 1930 mellis
798 1907 905 1934 natura,
922 1903 994 1937 quod

215 1951 305 1977 calore
316 1951 492 1981 exsiccatum,
508 1957 616 1977 rursum
627 1957 692 1977 casu
707 1949 798 1983 aliquo
812 1948 838 1975 in
852 1948 993 1976 humorem

214 1996 367 2023 resolvitur.
392 1994 444 2022 Sed
465 1995 521 2022 hac
540 1995 722 2022 omittantur:
744 1998 853 2029 praestat
872 1995 944 2022 enim
961 2003 993 2022 ex

1052 810 1100 845 τῆς
1143 810 1312 842 ἀλλοιώσεως
1350 811 1497 842 ἀπαύστως
1534 813 1563 838 ὲν
1604 814 1659 844 τοῖς
1699 813 1846 848 στοιχείοις

1052 855 1262 890 ἐνεργουμένης,
1294 856 1400 891 ἀνάγκη
1435 857 1523 884 πάντα
1556 858 1596 888 εἰς
1628 858 1730 893 ἄλληλα
1759 867 1844 894 μετα-

1053 899 1170 931 ϐαίνειν,
1197 899 1359 936 ἑξιστάμενά
1389 910 1418 927 τε
1446 902 1492 928 ἀπ’
1520 901 1659 937 ἀλλήλων,
1686 903 1732 929 καὶ
1758 903 1845 930 πάλιν

1052 946 1123 972 κατὰ
1143 946 1173 972 τὸ
1190 943 1249 973 ἶσον
1273 946 1398 981 ἀλλήλοις
1414 947 1622 982 ὲπεμὸαίνοντα.
1638 949 1675 974 Οὐ
1693 949 1748 984 γὰρ
1764 950 1798 976 ἄν
1813 959 1842 975 τι

1051 991 1154 1018 τούτων
1168 992 1317 1027 φυλαχθείη
1338 993 1380 1026 ἐφ’
1397 993 1505 1024 ἑαυτοῦ,
1521 994 1545 1019 εἰ
1567 993 1603 1029 μὴ
1617 995 1633 1029 ἠ
1653 995 1720 1029 πρὸς
1740 995 1772 1021 τὸ
1786 995 1843 1021 ἑτε-

1055 1037 1162 1072 ρογενὲς
1174 1037 1300 1072 ἐπιμιξία
1315 1037 1474 1073 διακρατοίη
1490 1039 1539 1073 τὴν
1555 1039 1646 1073 φύσιν.
1665 1039 1727 1071 Πῶς
1739 1037 1788 1066 οὖν
1802 1041 1843 1066 εἰ-

1053 1091 1099 1109 ποι
1113 1091 1154 1114 τις
1169 1082 1202 1109 ἂν
1212 1102 1219 1114 ,
1237 1082 1281 1109 διὰ
1299 1082 1354 1109 τῶν
1373 1083 1512 1118 τεσσάρων
1530 1084 1579 1118 τὴν
1595 1084 1798 1120 μετασλητικήν
1810 1093 1841 1111 τε

1053 1129 1100 1154 καὶ
1117 1127 1293 1163 ἀλλοιωτικὴν
1306 1128 1435 1163 δύναμιν,
1452 1129 1616 1164 περιοδεύειν
1632 1130 1839 1164 κνκλεύουσαν;

1054 1175 1091 1201 Οὐ
1103 1175 1156 1210 γὰρ
1170 1175 1257 1202 πάντα
1276 1175 1309 1201 δι’
1324 1174 1447 1210 ἀλλήλων
1466 1176 1570 1209 γίνεται
1582 1198 1589 1209 ,
1605 1176 1665 1203 οὐδὲ
1681 1176 1714 1203 δι’
1734 1177 1839 1211 ὁμαλοῦ

1052 1222 1067 1247 ὁ
1085 1221 1134 1255 τῆς
1161 1220 1328 1252 ἀλλοιώσεως
1352 1221 1450 1251 κύκλος
1463 1241 1470 1253 ,
1488 1221 1521 1248 δι’
1545 1222 1660 1248 ἑκάστου
1675 1222 1731 1249 τῶν
1750 1223 1838 1249 ὄντων

1053 1267 1219 1301 περιχωρεῖ,
1238 1266 1306 1292 ἀλλὰ
1322 1266 1352 1292 τὸ
1367 1267 1416 1301 μὲν
1435 1266 1505 1302 ὕδωρ
1529 1268 1597 1301 πρὸς
1624 1268 1671 1294 τὸν
1693 1268 1763 1303 ἀέρα
1787 1268 1832 1295 διὰ

1052 1310 1106 1337 τῶν
1132 1310 1227 1345 ἀτμῶν
1252 1311 1386 1346 ἁνεχέθη,
1409 1313 1432 1338 οί
1449 1312 1477 1338 δὲ
1496 1313 1576 1347 ἀτμοὶ
1591 1313 1640 1348 τὴν
1661 1314 1750 1348 φλόγα
1775 1314 1837 1349 θρέ-

1051 1356 1151 1392 ψαντες
1174 1357 1254 1383 πάλιν
1275 1357 1483 1393 ἀπεγεώθησαν,
1505 1356 1560 1385 οἷόν
1587 1367 1627 1390 τις
1651 1359 1749 1386 σποδιὰ
1765 1360 1836 1395 μετὰ

1011 1385 1033 1414 c
1048 1385 1078 1427 τὸ
1093 1400 1130 1435 τῷ
1141 1385 1215 1436 ⁷’πυρὶ
1231 1385 1418 1436 καθομιλῆσαι⁵
1426 1385 1566 1436 γενόμενοι
1580 1411 1586 1417 ·
1639 1403 1667 1429 δὲ

1050 1446 1184 1481 δεξαμένη
1207 1446 1320 1481 ἔστησεν
1344 1447 1372 1472 ὲν
1407 1447 1490 1481 ἑαυτῇ
1520 1446 1564 1473 τὸν
1588 1446 1637 1482 τῆς
1665 1447 1837 1480 ἀλλοιώσεως

1047 1493 1156 1528 δρόμον.
1190 1492 1273 1519 Οὔπω
1301 1492 1355 1526 γὰρ
1384 1493 1546 1528 ἐξήτασται,
1575 1494 1598 1520 εἰ
1622 1494 1638 1529 ἡ
1662 1493 1709 1520 τοῦ
1738 1494 1836 1526 ὕδατος

1048 1538 1128 1572 φύσις
1151 1539 1182 1564 ὲκ
1203 1538 1253 1573 γῆς
1281 1538 1337 1573 ἔχει
1350 1539 1398 1574 τὴν
1422 1539 1538 1572 γένεσιν.
1563 1539 1666 1566 Οὐκοῦν
1690 1539 1779 1575 τούτῳ
1796 1541 1836 1576 τῷ

1049 1584 1186 1619 σκέμματι
1209 1584 1349 1616 λείπεται,
1367 1585 1391 1610 εἰ
1414 1584 1525 1611 δυνατόν
1556 1586 1614 1611 ἐστι
1630 1585 1679 1620 τὴν
1711 1587 1764 1620 γῆν
1795 1587 1834 1618 εἰς

1048 1629 1142 1661 ὓδατος
1173 1630 1338 1665 μεταστῆναι
1359 1630 1449 1664 φύσιν.
1473 1630 1584 1662 Πάντως
1604 1631 1632 1657 δὲ
1660 1632 1747 1663 οὐδεὶς
1767 1634 1833 1667 ἡμῖν

1047 1675 1204 1711 ἀδολεσχίαν
1220 1676 1406 1709 ἐπεγκαλέσει.
1424 1676 1457 1702 δι’
1473 1673 1510 1702 ὧν
1525 1675 1557 1702 ἂν
1581 1674 1615 1712 ἦν
1637 1677 1748 1703 δυνατὸν
1766 1679 1831 1704 ἀνα-

1047 1721 1157 1756 ζητοῦσι
1174 1721 1203 1747 τὺ
1228 1722 1256 1747 ὲν
1274 1722 1330 1752 τοῖς
1352 1721 1507 1756 εἰρημένοις
1529 1721 1684 1748 ἀκόλουθον.
1709 1723 1831 1758 Ὀρῶμεν

1045 1767 1133 1793 τοίνυν
1147 1767 1230 1793 πολλὰ
1243 1767 1297 1793 τῶν
1317 1766 1415 1802 ξηρῶν,
1430 1766 1589 1801 αὐτομάτως
1611 1767 1642 1793 ἐκ
1655 1776 1726 1799 τινος
1752 1777 1830 1803 φυσι-

1046 1812 1097 1846 κῆς
1135 1812 1265 1847 ἰδιότητος
1291 1812 1492 1848 ύγραινόμενα,
1525 1810 1580 1839 οἷον
1606 1814 1652 1839 ἐπὶ
1679 1814 1734 1840 τῶν
1758 1815 1829 1842 ἁλῶν

1045 1858 1118 1885 ἔστιν
1141 1858 1215 1890 ἰδεῖν,
1240 1858 1294 1884 τῶν
1319 1867 1348 1884 τε
1377 1858 1622 1893 μεταλλευομένων,
1649 1859 1695 1886 καὶ
1718 1860 1772 1887 τῶν
1798 1861 1828 1886 ἔκ

1044 1912 1115 1935 τινος
1132 1903 1216 1938 ὑγροῦ
1233 1903 1473 1938 καταφρυγομένου
1497 1905 1711 1939 συνισταμένων,
1728 1902 1765 1932 ὧν
1783 1905 1826 1941 ξη-

1047 1949 1126 1984 ρότης
1142 1949 1190 1983 μέν
1203 1950 1260 1975 ἐστι
1273 1949 1303 1976 τὺ
1314 1949 1418 1984 ἰδίωμα,
1432 1950 1456 1975 εἰ
1471 1949 1498 1976 δέ
1514 1958 1555 1981 τις
1571 1950 1660 1976 αὐτῶν
1674 1951 1749 1977 νοτία
1763 1952 1827 1978 καθ-

1047 1995 1139 2027 ίκοιτο,
1156 1995 1279 2030 ἰκμαλέοι
1292 1995 1419 2028 γίνονται,
1439 1995 1486 2021 καὶ
1501 1995 1568 2030 πρὸς
1582 1995 1630 2030 τὴν
1649 1997 1735 2032 ὑγρὰν
1753 1997 1825 2024 ποιό-

213 2041 348 2076 principio
371 2042 462 2076 aliquo
483 2042 639 2068 necessario
660 2041 854 2076 disputationis
869 2041 992 2068 ordinem

1049 2049 1112 2076 τητα
1147 2040 1176 2067 τὸ
1208 2042 1237 2067 ἐν
1270 2040 1343 2075 σφισι
1369 2040 1449 2076 ξηρὸν
1481 2041 1700 2076 μεταϐάλλουσιν.
1735 2043 1826 2075 Οὕτως

211 2095 416 2122 persequamur.
443 2086 692 2114 Animadvertimus
716 2094 769 2114 non
787 2094 840 2114 una
861 2087 991 2122 qualitate

211 2133 343 2160 elementa
360 2133 465 2166 singula
480 2133 620 2163 constitui.
636 2139 662 2160 ct
673 2133 706 2160 ab
720 2133 780 2160 aliis
792 2133 934 2160 elementis
948 2140 990 2160 σοι

206 2179 312 2213 parari,
333 2178 378 2205 sed
396 2179 477 2206 variis
499 2179 675 2213 qualitatibus
695 2178 897 2213 comprehendi,
922 2185 989 2213 qua-

207 2232 270 2252 trum
283 2225 342 2251 alia:
357 2226 426 2251 inter
440 2232 468 2251 se
479 2229 609 2259 pugnant,
628 2224 686 2251 alia:
699 2224 779 2251 simul
796 2223 988 2258 inspiciuntur,

209 2274 237 2296 et
252 2269 434 2304 pugnantibus
455 2270 525 2296 inter
550 2277 579 2296 se
601 2269 704 2303 pariter
724 2269 861 2296 coharent
874 2273 900 2296 et
923 2276 990 2303 qua-

210 2316 300 2342 drant.
328 2314 362 2342 Ut
385 2315 412 2341 in
435 2319 507 2342 terra
529 2319 556 2341 et
575 2322 644 2349 aqua
665 2315 773 2342 siccitas
792 2318 819 2342 et
840 2314 988 2342 hutniditas

209 2360 337 2395 conjungi
352 2363 504 2394 nequeunt;
525 2359 620 2386 horum
637 2363 727 2387 tamen
741 2359 849 2394 utrique
862 2367 894 2387 ex
911 2367 989 2394 aequo

210 2406 343 2441 frigiditas
368 2406 448 2436 inest,
472 2412 524 2439 qua
547 2409 697 2440 pugnantes
718 2405 917 2440 quodammodo
939 2405 987 2432 de~

209 2452 375 2479 vinciuntur.
396 2452 474 2485 Aqua
491 2451 554 2478 item
572 2455 598 2478 et
617 2458 663 2478 aer
677 2452 807 2485 gravitate
826 2451 988 2485 levitateque

209 2501 384 2533 separantur.
406 2497 452 2524 sed
481 2497 508 2523 in
528 2496 570 2523 his
593 2504 700 2530 quoque
726 2496 859 2531 frigiditas
879 2496 987 2530 utrique

209 2543 382 2574 conveniens,
396 2545 425 2568 ut
440 2542 557 2568 medium
577 2541 712 2576 quoddam
724 2542 862 2568 vinculum
880 2547 987 2576 specta-

207 2593 260 2616 tur.
286 2589 424 2623 Diserepat
442 2596 488 2616 aer
508 2589 542 2615 ab
558 2588 618 2623 igne
638 2596 668 2615 ea
684 2595 743 2623 qua:
759 2593 800 2615 est
816 2588 886 2615 inter
910 2588 987 2622 frigi-

207 2636 273 2662 dtun
298 2638 325 2662 et
339 2634 457 2661 calidum
479 2633 642 2666 diﬂ‘erentia,
658 2633 705 2661 sed
731 2633 840 2661 levitate
865 2633 936 2660 inter
957 2641 986 2660 se

207 2681 387 2708 conciliantur
401 2683 481 2714 atque
495 2680 670 2706 conveniunt.
686 2678 756 2714 Ignis
767 2678 884 2713 denique
899 2686 914 2704 a
930 2682 986 2705 ter-

206 2734 236 2754 ra
251 2727 357 2754 levitate
371 2725 533 2761 sejungitur,
555 2725 603 2753 sed
627 2725 760 2754 siccitatis
783 2724 985 2754 necessitudine

1045 2086 1129 2120 ἔγνων
1145 2085 1192 2112 καὶ
1211 2085 1260 2120 τὴν
1276 2085 1322 2112 τοῦ
1339 2086 1445 2120 μέλιτος
1460 2086 1539 2120 φύσιν
1554 2086 1639 2121 ξηρὰν
1654 2087 1754 2122 τρόπον
1767 2089 1824 2115 τινὰ

1043 2131 1087 2157 διὰ
1103 2132 1152 2166 τῆς
1166 2132 1305 2166 ὀπτήσεως
1318 2131 1472 2166 γινομένην,
1489 2131 1535 2157 καὶ
1553 2131 1632 2158 πάλιν
1648 2132 1679 2158 ἐκ
1695 2134 1823 2168 περιστὰ-

1045 2177 1111 2209 σεώς
1127 2185 1198 2208 τινος
1209 2177 1248 2208 είς
1262 2177 1292 2203 τὺ
1304 2177 1384 2212 ὑγρὸν
1399 2177 1575 2204 ἀναλύουσαν.
1592 2177 1671 2203 Ἀλλὰ
1686 2179 1823 2213 παρείσθω

1042 2224 1139 2250 ταῦτα·
1152 2225 1274 2259 κρεῖττον
1285 2223 1338 2259 γὰρ
1350 2223 1378 2256 ἐξ
1393 2223 1479 2258 ἀρχῆς
1492 2231 1562 2255 τινος
1576 2223 1727 2258 ἀναγκαίας
1735 2225 1822 2252 δοῦναι

1042 2270 1091 2305 τὴν
1109 2270 1267 2296 ἀκολουθίαν
1281 2269 1320 2304 τῷ
1335 2269 1502 2305 θεωρήματι.
1520 2271 1557 2296 Οὐ
1575 2270 1639 2305 μίαν
1655 2270 1822 2307 γινώσκομεν

1042 2316 1083 2350 ἐφ’
1113 2317 1227 2342 ἑκάστου
1251 2316 1304 2342 τῶν
1323 2316 1461 2351 στοιχείων
1486 2317 1624 2352 ποιότητα,
1650 2317 1683 2343 δι’
1706 2315 1739 2352 ἧς
1757 2326 1822 2352 συμ-

1043 2362 1191 2397 πληροῦται
1213 2362 1242 2388 τὸ
1262 2362 1448 2397 ὑποκείμενον,
1467 2363 1513 2389 καὶ
1530 2362 1576 2388 τοῦ
1594 2363 1821 2398 ἀντιποιχοῦντος

1041 2406 1250 2441 ἀποχωρίζεται,
1271 2405 1328 2432 ἀλλ’
1351 2407 1380 2433 ἐν
1396 2406 1532 2441 διαφόροις
1551 2407 1664 2433 ἕκαστον
1681 2407 1819 2442 καταλαμ-

1041 2451 1150 2478 ϐάνεται
1175 2453 1236 2482 ταῖς
1263 2451 1412 2486 ποιότησιν,
1440 2448 1478 2478 ὧν
1502 2452 1530 2477 αἱ
1563 2452 1611 2486 μὲν
1636 2452 1820 2488 ἁκοινωνήτως

1041 2496 1131 2532 ἔχουσι
1154 2497 1221 2531 πρὸς
1239 2496 1364 2531 ἀλλήλας,
1377 2498 1405 2523 αἱ
1419 2496 1446 2522 δὲ
1461 2496 1531 2522 κατὰ
1542 2496 1573 2522 τὸ
1584 2495 1641 2523 ἴσον
1660 2497 1818 2532 ὲνθεωροῦν-

1039 2551 1100 2575 ται,
1124 2543 1231 2574 οἰκείως
1256 2551 1285 2568 τε
1311 2543 1357 2569 καὶ
1386 2542 1521 2578 ἁρμοδίως
1543 2542 1652 2576 ἔχουσαι
1677 2542 1744 2577 πρὸς
1772 2543 1818 2574 τὰς

1042 2588 1197 2624 μαχομένας
1217 2589 1344 2624 ἀλλήλαις
1369 2588 1512 2622 ποιότητας
1525 2596 1531 2602 ·
1550 2586 1605 2614 οἷον
1627 2587 1673 2614 ἐπὶ
1698 2587 1747 2622 τῆς
1770 2588 1817 2623 γῆς

1040 2635 1086 2661 καὶ
1108 2634 1155 2660 τοῦ
1176 2634 1279 2666 ὓδατος,
1304 2634 1425 2669 ἀμίκτως
1442 2633 1490 2668 μὲν
1507 2633 1597 2668 ἔχουσι
1620 2632 1688 2668 πρὸς
1704 2633 1816 2668 ἀλλήλας

1038 2681 1055 2714 ἡ
1081 2680 1195 2715 ξηρότης
1207 2689 1236 2706 τε
1260 2680 1307 2707 καὶ
1321 2680 1446 2714 ὑγρότης,
1463 2679 1559 2714 ἐπίσης
1574 2678 1602 2704 δὲ
1626 2678 1744 2713 ἑκατέρᾳ
1759 2678 1816 2705 τού-

1037 2734 1091 2753 των
1109 2725 1230 2753 σύνεστιν
1256 2727 1273 2761 ἡ
1296 2726 1442 2762 ψυχρότης,
1468 2725 1564 2753 ἐνοῦσα
1581 2725 1679 2761 τρόπον
1702 2725 1763 2752 τινὰ
1783 2727 1814 2752 δι’
