1919 3069
150 108 204 136 109

757 109 788 136 IN
810 108 828 134 ll
835 108 898 134 ΕΧᾹ
904 109 1041 137 EMERON
1064 109 1168 137 LIBER.

1719 108 1768 136 H0

150 165 250 198 ἑαυτῆς
275 166 310 191 τά
333 167 483 201 μαχόμενα.
504 167 587 194 Πάλιν
603 167 749 203 χωρίζεται
764 165 794 191 τὸ
813 165 884 199 ὕδωρ
904 165 934 189 ὲκ

987 165 1157 198 copulantur,
1174 169 1201 191 et
1217 164 1304 192 [trdus
1324 164 1429 191 ineunt.
1449 163 1514 196 Quze
1534 163 1557 190 si
1573 163 1700 191 volumus
1718 164 1767 192 de-

150 211 196 236 τπλῦ
211 210 302 246 ἀέρος,
318 213 350 246 τῇ
367 212 413 238 τοῦ
430 213 575 248 ἐμϐριθοῦς
595 214 662 249 πρὸς
684 212 715 239 τὸ
737 210 837 245 κοῦφον
859 210 936 235 ἐναν-

150 257 253 291 whth
265 266 272 271 ·
289 257 357 284 ἀλλὰ
376 259 423 285 καὶ
439 259 542 290 τούτοις
558 259 693 294 μεσιτεύει
709 257 779 284 κατὰ
794 256 823 283 τὸ
839 255 896 281 ἴσον
908 255 936 281 ὲν

150 303 181 335 τῇ
210 302 342 338 ἑκατέρου
366 303 446 337 φύσει
471 304 502 330 τὸ
526 305 609 340 ὑγρὸν
635 303 828 339 θεωρούμενον.
853 300 937 327 Πάλιν

148 347 284 374 διΐσταται
300 348 346 374 τοῦ
364 349 448 384 πυρὸς
463 351 477 376 ό
492 349 556 385 ἀὴρ,
573 351 605 385 τῇ
631 349 677 376 τοῦ
697 347 798 383 θερμοῦ
817 346 884 381 πρὸς
906 345 936 371 τὸ

987 210 1103 241 clarare,
1117 210 1156 237 sic
1168 209 1512 244 exordiamurzFrigiditas
1523 210 1633 245 quidem
1654 211 1680 237 in
1695 214 1767 238 terra

987 253 1077 286 simul,
1099 260 1125 282 et
1147 262 1227 289 aqua,
1242 259 1269 281 et
1293 262 1355 281 aere
1372 255 1544 289 perspicitur,
1566 256 1660 289 majori
1678 260 1767 283 tamen

986 308 1018 327 ex
1034 304 1110 334 parte
1122 301 1248 335 congruit
1262 291 1348 334 aquae,
1362 305 1387 327 et
1401 300 1461 333 ejus
1476 301 1502 326 in
1521 308 1550 328 se
1570 300 1769 334 quodammodo

985 349 1113 371 naturam
1128 349 1282 375 conservat,
1302 344 1484 379 injuriamque
1499 352 1514 370 a
1533 345 1656 372 siccitate
1672 352 1769 379 prove-

147 391 252 427 ψυχρὸν
268 394 341 428 μάχῃ
357 395 560 430 ἐναντιούμενος
570 404 576 409 ·
591 395 659 422 ἀλλὰ
678 396 798 422 κοινωνεῖ
814 395 848 428 τῇ
865 392 935 419 κατὰ

987 391 1104 417 uienlem
1117 390 1253 425 propellit,
1272 398 1304 417 ea
1320 391 1495 425 repugnantia
1509 397 1588 425 quam
1610 390 1691 418 habet
1705 397 1768 418 cum

147 439 178 464 τὸ
194 439 296 473 κοῦφον
314 441 446 476 ποιότητι,
471 442 518 468 καὶ
539 442 589 476 τῆς
604 442 723 476 φυσικῆς
743 440 831 467 αὐτῶν
851 440 934 465 ἐναν-
987 436 1084 464 calido.

145 483 271 519 τιότητος
281 483 336 512 οἷόν
345 494 387 517 τις
409 486 597 522 χαταλλάκτης
608 487 625 522 ἠ
637 485 761 513 κοινωνία
774 486 823 520 τῆς
837 484 977 518 ποιότητος
990 482 1103 516 γίνεται.
1119 478 1186 508 Εἶτα
1198 481 1229 507 τὸ
1244 480 1299 516 πῦρ
1315 482 1368 508 άπὸ
1382 482 1430 516 τῆς
1444 481 1494 515 γῆς
1509 480 1547 516 τῷ
1571 481 1647 517 βάρει
1664 481 1711 508 καὶ
1729 481 1768 516 τῷ

145 528 241 563 κούφῳ
252 530 425 566 κεχώρισται,
443 531 498 557 ἀλλ’
511 533 527 566 ἡ
539 531 654 567 ξηρότης
667 531 828 566 ἀμφοτέρων
843 529 899 556 ἐστὶ
915 527 1000 563 κοινὴ,
1015 526 1062 553 καὶ
1076 526 1118 552 διὰ
1133 526 1234 560 ταύτης
1243 526 1374 553 ἐνσπονδά
1386 536 1444 558 πως
1456 526 1579 561 ἀλλήλοις
1593 528 1626 553 τὰ
1636 526 1767 552 διεστῶτα

146 575 262 608 γίνεται.
280 576 312 602 Τί
334 576 362 602 δὲ
383 575 540 611 βουλόμενος
555 576 677 603 ἐντεῦθεν
692 576 740 611 τῆς
755 575 904 608 ἐξετάσεως
922 573 1054 608 άρχομαι;
1072 572 1112 597 ὃτι
1127 572 1144 606 ἡ
1161 571 1296 606 ψυχρότης
1314 572 1413 605 ὁμοίως
1439 571 1486 606 μὲν
1505 571 1675 606 ἐνθεωρεῖται
1691 573 1723 607 τῇ
1737 581 1766 598 τε

145 624 180 657 γῇ
198 623 248 650 καὶ
270 623 309 658 τῷ
345 623 421 650 ὕδατι
442 625 488 650 καὶ
501 624 539 659 τῷ
565 624 637 659 ἀέρι,
656 624 757 650 πλείονι
777 623 806 649 δὲ
834 622 915 657 μοίρᾳ
940 620 978 655 τῷ
1003 618 1078 654 ὑγρῷ
1091 619 1308 654 προσῳκείωται.
1324 619 1492 654 συντηροῦσά
1505 627 1564 650 πως
1577 619 1605 645 ὲν
1618 619 1701 654 ἑαυτῇ
1717 619 1767 654 τὴν

143 669 193 695 τοῦ
216 669 310 700 ὕδατος
324 670 412 704 φύσιν,
428 670 472 696 διὰ
487 671 537 705 τῆς
554 670 622 705 πρὸς
636 670 666 696 τὸ
681 669 780 704 θερμὸν
804 666 987 697 ἀντιπαθείας,
999 666 1049 700 τὴν
1071 666 1102 691 ἐκ
1125 665 1170 690 τοῦ
1188 665 1268 700 ξηροῦ
1288 665 1388 700 βλάϐην
1404 666 1625 700 ἀπαμϐλύνουσα.

187 716 233 748 Ὠς
257 717 345 742 τοίνυν
371 717 410 752 τῷ
435 717 528 752 θερμῷ
557 717 671 753 ξηρότης
696 716 856 751 ἐμπέφυκε,
885 714 933 741 καὶ

1020 712 1253 745 Quemadmodum
1270 711 1352 746 igitur
1379 711 1456 738 adest
1472 711 1560 738 calido
1586 711 1695 739 siccitas
1716 718 1767 738 na-

143 763 197 788 οὑκ
227 762 284 788 ἔστι
314 762 392 797 μόνον
415 764 443 789 ἐν
464 763 503 798 τῷ
531 764 616 798 ἑτέρῳ
640 763 670 789 τὸ
697 763 753 797 πῦρ
778 761 930 796 δειχθῆναι·

987 759 1091 789 turalis,
1106 765 1156 785 nec
1178 757 1249 793 ignis
1270 757 1346 784 solus
1364 757 1391 783 in
1405 757 1458 783 alio
1478 761 1567 792 potest
1581 757 1708 784 ostendi:
1727 757 1768 784 sic

143 807 233 838 οὕτως
263 808 335 839 εἰκός
360 809 432 835 ἐστιν
458 808 575 843 ἡνῶσθαι
599 808 687 842 λέγειν
713 808 752 843 τῷ
782 807 857 843 ὑγρῷ
884 807 932 840 τὴν

987 803 1127 831 dieendum
1151 807 1204 836 est,
1224 810 1285 830 cum
1308 803 1419 829 humido
1443 802 1616 838 frigiditatem
1637 803 1766 838 conjungi

141 853 322 889 ψυχρότητα,
349 853 393 880 διὰ
422 854 452 880 τὸ
475 854 530 880 δεῖν
558 854 680 889 ἐκατέρῳ
703 854 757 880 τῶν
788 862 817 880 τε
842 854 870 879 ἐν
894 852 933 887 τῷ

144 900 215 935 πυρὶ
237 899 432 935 θεωρουμένων
451 899 520 926 εἷναι
539 901 586 927 καὶ
602 901 630 927 ὲν
646 900 684 935 τῷ
698 900 773 927 ὕδατι
793 899 841 934 τὴν
862 900 935 925 άντι-

145 945 309 979 στοιχοῦσαν
333 944 472 980 ποιότητα,
490 945 559 971 ὥστε
587 945 719 980 μάχεσθαι
735 945 774 979 τῷ
795 945 844 979 μὲν
861 943 936 979 ξηρῷ

144 991 197 1025 τὴν
212 991 360 1026 ὑγρότητα,
385 990 424 1025 τῷ
439 990 468 1017 δὲ
487 990 582 1025 ψυχρῷ
597 991 646 1025 τὴν
662 990 825 1026 θερμότητα.
843 991 874 1016 Εἰ
889 988 935 1016 οὖν

149 1036 250 1071 ἐπίσης
275 1036 313 1071 τῷ
337 1036 413 1071 ὑγρῷ
443 1035 671 1071 συμπληρωτικὸν
697 1035 748 1070 τῆς
771 1035 817 1061 τοῦ
841 1035 935 1066 ὓδατος

147 1081 257 1116 φύσεως
274 1082 321 1108 καὶ
337 1081 367 1108 τὸ
389 1081 491 1116 ψυχρὸν
512 1081 668 1116 ἀπεδείχθη,
687 1081 830 1108 ἀκόλουθον
843 1081 876 1108 ἂν
893 1081 935 1116 εἴη

146 1127 314 1161 λογίζεσθαι,
337 1127 379 1153 ότι
400 1127 450 1162 τῆς
473 1126 579 1162 ψυχρᾶς
604 1127 755 1162 ποιότητος,
773 1127 820 1153 καὶ
843 1128 876 1162 τῇ
899 1129 934 1163 γῇ

148 1173 270 1206 φυσικῶς
285 1173 446 1208 ἐγκειμένης
464 1173 587 1209 δυνάμει,
606 1174 650 1200 καὶ
668 1174 698 1200 τὸ
720 1173 792 1209 ὓδωρ
804 1174 834 1199 ὲν
850 1175 883 1209 τῇ
899 1175 934 1209 γῇ

147 1220 217 1249 ἐστι,
237 1218 284 1244 καὶ
308 1219 324 1253 ἡ
349 1218 385 1253 γῆ
410 1219 438 1245 ἐν
464 1219 502 1254 τῷ
533 1219 619 1246 ὒδατι.
640 1220 673 1245 'H
694 1220 748 1255 γὰρ
766 1220 864 1254 φυσικὴ
889 1220 933 1246 τοῦ

147 1263 231 1299 ὑγροῦ
246 1263 313 1298 πρὸς
329 1263 358 1289 τὸ
372 1263 473 1300 ψυχρὸν
489 1264 603 1298 συζυγία
626 1265 675 1291 οὑκ
696 1265 727 1299 ἐᾷ
746 1263 935 1299 διαζευχθῆναι

146 1310 194 1336 τοῦ
207 1310 303 1345 ἐτέρου
317 1310 347 1337 τὺ
361 1310 453 1345 ἕτερον
467 1310 581 1337 καθόλου
591 1319 597 1325 “
616 1310 684 1338 ἀλλὰ
705 1311 756 1338 κᾶν
773 1320 837 1337 ποτε
851 1319 935 1337 κατα-

149 1358 233 1393 μόνας
246 1358 287 1392 ὲφ¹
300 1357 396 1384 ἑαυτοῦ
406 1357 474 1393 τύχῃ
486 1358 587 1384 τούτων
602 1358 742 1393 ἑκάτερον,
756 1357 806 1383 οὑκ
816 1357 935 1392 ἀκριϐῶς

148 1403 231 1438 μόνον
248 1403 334 1433 ἐστὶν,
353 1403 421 1429 ἀλλὰ
443 1404 476 1438 τῇ
499 1402 611 1438 δυνάμει
630 1403 661 1429 τὸ
683 1402 884 1438 συναμφότερον
907 1403 935 1428 ἐν

146 1449 186 1484 τῷ
203 1450 243 1476 ἐνὶ
264 1449 423 1484 καθορᾶται.
442 1449 547 1484 Ὥσπερ
567 1449 620 1484 γὰρ
640 1448 687 1475 τοῦ
709 1448 792 1483 ὑγροῦ
809 1448 876 1485 πρὸς
890 1448 934 1474 τὸν

985 857 1016 876 ac
1029 849 1171 876 devinciri.
1187 848 1265 881 Quod
1289 848 1312 876 si
1328 848 1468 875 humidum
1493 849 1573 875 simul
1598 853 1624 875 et
1639 848 1766 884 frigidum

984 903 1061 930 aquae
1078 898 1203 922 naturam
1222 894 1402 925 constituunt,
1421 894 1516 928 frigida
1541 898 1631 920 autem
1649 894 1767 928 qualitas

985 945 1064 969 terrae
1081 940 1242 967 naturaliter
1258 940 1330 966 inest
1346 947 1352 964 :
1372 939 1507 974 sequitur,
1533 943 1564 966 ut
1580 943 1715 974 potestate
1739 944 1767 967 et

985 995 1054 1022 aqua
1070 987 1134 1013 insit
1145 986 1171 1013 in
1184 990 1266 1018 terra,
1278 990 1305 1013 et
1320 990 1391 1012 terra
1404 986 1432 1012 in
1443 993 1524 1021 aqua.
1539 985 1677 1013 Naturalis
1692 986 1765 1014 enim

984 1033 1088 1059 humidi
1113 1039 1174 1059 cum
1198 1031 1296 1066 frigido
1323 1032 1461 1066 copulatio
1489 1039 1542 1058 non
1570 1032 1710 1067 permittit,
1737 1036 1767 1059 ut

985 1086 1068 1105 unum
1095 1079 1128 1105 ab
1153 1078 1238 1104 altero
1258 1077 1364 1112 penitus
1387 1077 1570 1112 sejungatur:
1596 1077 1642 1105 sed
1660 1078 1766 1105 etiamsi

985 1124 1123 1159 contingat
1146 1123 1301 1157 aliquando,
1327 1126 1356 1149 ut
1378 1123 1493 1150 alterum
1508 1123 1534 1149 iu
1551 1124 1642 1158 seipso
1655 1132 1767 1160 Separa-

986 1169 1034 1195 tim
1050 1170 1195 1201 consistat,
1211 1169 1237 1196 id
1249 1177 1302 1195 non
1314 1169 1394 1203 plane
1402 1169 1490 1196 solutn
1503 1174 1554 1202 est,
1571 1170 1617 1197 sed
1632 1175 1768 1205 potestate

986 1219 1133 1250 utrumque
1157 1217 1183 1243 in
1209 1223 1263 1242 uno
1281 1216 1454 1250 perspicitur.
1473 1216 1540 1244 Nam
1561 1221 1591 1245 ut
1611 1218 1723 1246 humido
1740 1218 1768 1245 in

985 1269 1074 1289 aerem
1094 1262 1202 1295 diﬂ‘uso,
1224 1261 1356 1297 frigiditas
1379 1269 1508 1296 vaporum
1525 1264 1672 1298 particulas
1693 1264 1768 1292 inse-

985 1308 1095 1342 quitur:
1114 1309 1153 1336 sic
1172 1316 1188 1335 e
1201 1310 1348 1342 contrario,
1372 1310 1400 1337 in
1422 1310 1527 1338 intimis
1549 1314 1627 1338 terrae
1645 1311 1768 1345 partibus

986 1353 1084 1389 frigido
1107 1360 1303 1387 commorante,
1322 1357 1469 1384 humiditas
1490 1361 1633 1392 cognatam
1651 1357 1768 1393 qualita-

985 1403 1039 1426 tem
1062 1407 1117 1427 non
1139 1401 1318 1435 derelinquit;
1342 1403 1389 1429 sed
1407 1402 1502 1438 frigida
1525 1403 1576 1434 vis,
1605 1411 1665 1437 qua;
1689 1407 1768 1430 terra:

986 1446 1148 1473 naturaliter
1166 1446 1247 1478 inest,
1261 1451 1390 1482 tauquam
1408 1448 1517 1483 aliquod
1533 1448 1650 1476 humidae
1665 1453 1769 1476 natura:

147 1495 218 1530 ἀέρα
232 1495 414 1530 διαχυθέντος,
427 1495 472 1521 καὶ
486 1496 502 1529 ἡ
516 1495 595 1530 ψύξις
607 1496 663 1526 τοῖς
673 1495 726 1521 τῶν
737 1495 827 1530 ὑγρῶν
840 1493 934 1529 ἀτμῶν

987 1499 1077 1519 semen
1099 1492 1222 1525 eﬂicitur.
1247 1501 1408 1529 semperque
1431 1503 1462 1522 ex
1476 1502 1505 1522 se
1520 1495 1693 1528 conjunctam
1717 1495 1769 1522 sibi

150 1541 256 1577 μορίοις
280 1541 512 1576 ἐπηκολούθησεν·
541 1541 612 1568 οὕτω
635 1541 664 1568 τὺ
681 1541 797 1577 ἔμπαλιν
818 1541 868 1576 τῆς
888 1540 936 1575 ψυ-

146 1587 281 1624 χρότητος
299 1588 328 1614 ἐν
343 1587 382 1622 τῷ
397 1587 473 1621 βάθει
492 1588 541 1623 τῆς
559 1588 610 1621 γῆς
626 1587 813 1623 διαιτωμένης,
837 1587 896 1613 οὺδέ
919 1587 935 1622 ἡ

148 1633 268 1668 ὑγρότης
290 1633 339 1668 τῆς
357 1633 471 1667 συζύγου
490 1633 630 1668 ποιότητος
644 1633 828 1665 ἀπολείπεται,
846 1632 902 1658 ἀλλ’
918 1633 935 1667 ἡ

147 1679 242 1714 ψυχρὰ
263 1678 376 1714 δύναμις
401 1678 521 1713 φυσικῶς
543 1678 688 1713 ἐγκειμένη
712 1680 745 1714 τῇ
771 1679 818 1713 γῇ,
839 1675 894 1704 οἷόν
909 1686 936 1703 τι

148 1724 263 1760 σπέρμα
278 1724 328 1758 τῆς
345 1723 390 1750 τοῦ
410 1723 493 1759 ὑγροῦ
512 1723 617 1757 φύσεως
633 1724 746 1757 γίνεται,
761 1723 804 1749 ἀεὶ
820 1723 852 1748 δι’
873 1723 936 1748 ἐαυ-

148 1770 199 1804 τῆς
213 1770 263 1804 τὴν
279 1769 454 1805 συνημμένην
468 1771 550 1805 ἑαυτῇ
564 1770 691 1804 ποιότητα
708 1769 820 1804 φύουσα,
846 1769 895 1804 τῆς
908 1769 936 1795 δὲ

149 1816 329 1850 ἀλλοιωτικῆς
342 1816 479 1850 ἐνεργείας
490 1815 539 1851 τὴν
555 1816 616 1850 γῆν,
628 1816 672 1842 διὰ
681 1816 729 1851 τῆς
740 1815 808 1849 ἄγαν
820 1815 936 1850 ψύξεως,

150 1862 192 1894 εἰς
216 1861 312 1893 ὕδατος
336 1862 442 1895 γένεσιν
469 1862 696 1897 μεταϐαλλούσης.
724 1861 832 1888 Τούτων
854 1861 882 1888 δέ
912 1862 937 1887 εἰ

152 1908 203 1943 μὲν
223 1908 269 1934 τὸν
282 1908 360 1942 λόγον
373 1909 445 1944 ἡμᾶς
464 1917 505 1939 τις
527 1908 665 1942 ἀπαιτοίη,
683 1906 742 1939 πῶς
766 1908 873 1942 ἐνεργεῖ
888 1908 937 1941 τὴν

150 1953 199 1980 τοῦ
217 1953 330 1989 στερροῦ
345 1954 413 1988 πρὸς
433 1953 464 1980 τὸ
477 1953 558 1988 ὑγρὸν
585 1952 735 1988 μεταὸο).ὴν
758 1953 774 1986 ή
797 1952 937 1984 ἀλλοίωσις

151 2000 262 2033 ἐπίσης,
277 1999 499 2034 ἀμηχανήσομεν,
513 1999 550 2030 ὡς
565 1999 613 2025 καὶ
633 1999 679 2025 ἐπὶ
699 1998 752 2024 τῶν
766 1998 853 2024 ἀλλων
867 1998 936 2024 πάν-

151 2054 217 2072 των.
237 2045 299 2076 Πῶς
314 2044 369 2080 γὰρ
381 2044 513 2079 διαχεῖται
527 2045 557 2070 τὸ
575 2044 646 2079 ὕδωρ
665 2043 732 2079 πρὸς
746 2043 791 2069 τὸν
807 2043 885 2078 ἀέρα,
899 2043 938 2078 τῷ

152 2090 248 2126 κούφῳ
259 2091 289 2117 τὸ
303 2091 458 2125 κατωφερὲς
479 2089 675 2125 ἐποχούμενον·
696 2089 713 2125 ἢ
732 2089 789 2121 πῶς
806 2089 836 2115 τὸ
855 2089 938 2124 βάρος

153 2139 194 2168 εἰς
210 2138 310 2171 κοῦφον
328 2136 504 2171 μετεποίησεν
517 2137 534 2172 ἡ
549 2136 705 2169 ἀλλοίωσις;
721 2136 812 2162 Ταῦτα
828 2136 869 2162 ὅτι
888 2135 936 2170 μὲν

987 1539 1142 1573 qualitatem
1166 1539 1261 1574 gignit,
1286 1547 1347 1566 cum
1365 1540 1410 1567 illa
1433 1541 1474 1567 vis
1489 1540 1672 1568 commutandi
1686 1542 1767 1568 vehe-

987 1585 1069 1612 menti
1087 1584 1233 1619 frigiditate
1253 1590 1352 1612 terram
1378 1586 1404 1612 in
1422 1594 1518 1621 aquam
1541 1591 1692 1614 convertat.
1713 1587 1783 1624 lla-1

987 1637 1046 1656 rum
1069 1637 1158 1657 rerum
1188 1631 1210 1657 si
1233 1631 1294 1665 quis
1310 1639 1324 1657 a
1348 1631 1426 1659 nobis
1445 1633 1577 1659 rationem
1604 1637 1630 1659 et
1655 1640 1768 1660 causam

987 1676 1122 1710 exquirat,
1149 1681 1278 1711 rogetquc
1301 1685 1361 1711 quae
1381 1678 1423 1705 vis
1451 1686 1484 1705 ex
1507 1686 1584 1713 a'quo
1605 1678 1719 1705 solidum
1740 1680 1768 1706 in

987 1723 1127 1750 humidum
1152 1727 1292 1750 convertat
1305 1732 1311 1749 :
1326 1723 1398 1759 quod
1411 1724 1449 1751 illi
1465 1725 1688 1760 respondeamus,
1713 1733 1770 1753 non

988 1768 1159 1802 habebimus,
1184 1772 1214 1795 ut
1231 1769 1257 1796 in
1283 1769 1396 1804 reliquis
1419 1770 1499 1797 etiam
1520 1771 1657 1803 onmibus,
1673 1778 1770 1806 nempe

988 1814 1126 1849 quomodo
1141 1821 1209 1850 aqua
1226 1815 1252 1841 in
1271 1822 1359 1842 aerem
1371 1815 1547 1848 diﬂ'undatur,
1562 1820 1589 1843 et
1606 1816 1676 1851 quod
1688 1816 1770 1844 deor-

988 1867 1048 1888 sum
1065 1860 1160 1892 tendit,
1174 1860 1291 1888 insideat
1309 1861 1372 1894 levi,
1387 1869 1524 1896 graveque
1539 1863 1566 1889 iu
1584 1862 1642 1890 leve
1655 1870 1769 1890 conver-

989 1909 1074 1933 tatur.
1090 1905 1153 1933 Haec
1169 1907 1241 1934 enim
1260 1907 1317 1934 ﬁeri
1333 1915 1413 1935 sensu
1430 1908 1489 1942 ipso
1509 1908 1684 1943 percipimus,
1701 1911 1769 1943 quo:

988 1952 1068 1979 modo
1095 1956 1184 1980 autem
1209 1961 1224 1980 ιι
1243 1957 1338 1980 natura
1369 1953 1444 1987 ﬁant,
1467 1955 1571 1982 ratione
1593 1954 1690 1982 docere
1713 1962 1767 1981 non

988 2005 1144 2032 possumus.
1174 1998 1222 2026 Sin
1246 2000 1380 2035 quispiam
1403 2001 1598 2035 experimentis
1621 2001 1690 2028 hanc
1708 2001 1768 2036 opi-

987 2044 1096 2071 nionem
1121 2045 1292 2079 comprobari
1314 2046 1416 2080 cupiat,
1437 2046 1463 2072 id
1480 2046 1598 2073 adducto
1625 2052 1768 2081 puteorum

987 2090 1111 2124 exemplo
1128 2089 1205 2117 facile
1226 2091 1424 2125 praestabimus.
1444 2091 1538 2126 Neque
1562 2091 1646 2124 enim,
1675 2092 1698 2120 si
1713 2095 1768 2119 ter-

988 2142 1044 2161 ram
1061 2135 1162 2162 siccam
1181 2135 1301 2168 etfodias,
1314 2137 1437 2171 protinus
1461 2145 1557 2172 aquam
1574 2136 1702 2170 oll'endes,
1718 2138 1768 2165 sed

152 2184 275 2216 γίνεται,
306 2183 340 2217 τῇ
372 2182 496 2217 αἰσθήσει
523 2182 783 2217 καταλαμϐάνομεν,
810 2181 882 2216 λόγῳ
907 2181 935 2207 δὲ

988 2182 1103 2215 primtnn
1119 2185 1191 2208 tactu
1204 2182 1296 2209 nescio
1307 2183 1370 2217 quid
1388 2183 1550 2218 uliginosum
1563 2184 1679 2217 senties;
1694 2183 1768 2218 quod

151 2226 329 2261 παραστῆσαι
352 2226 385 2252 τὰ
401 2225 469 2261 ἔργα
487 2226 535 2261 τῆς
559 2226 666 2260 φύσεως
689 2226 880 2261 ἀδυνατοῦμεν.
904 2226 935 2252 ΕΞ

152 2273 181 2299 δέ
195 2281 237 2304 τις
250 2273 299 2307 τὴν
313 2273 407 2307 πεῖραν
420 2273 459 2303 εἰς
476 2272 624 2308 μαρτυρίαν
634 2272 684 2306 τῆς
696 2272 822 2307 τοιαύτης
838 2272 937 2306 ὑπολή-

151 2318 226 2353 ψεως
250 2317 363 2352 δέχοιτο,
387 2318 501 2352 ἑτοίμως
519 2317 706 2352 ἀποδείξομεν,
732 2318 871 2353 μάρτυρας
889 2318 935 2345 τοῦ

153 2365 233 2398 λόγου
249 2364 311 2394 τοὺς
327 2363 502 2398 φρεωρύχους
519 2363 696 2399 παράγοντες.
722 2364 798 2390 Ἐπεὶ
817 2364 870 2399 γὰρ
883 2365 937 2391 τῶν

152 2411 181 2435 ἐν
195 2407 273 2443 βάθει
291 2407 570 2442 καταλαμϐανομένων
582 2407 684 2434 ὑδάτων
700 2408 750 2442 τὴν
761 2408 873 2443 ἄνικμον
886 2409 937 2443 γῆν

152 2454 322 2490 διορύξωσιν,
338 2453 382 2479 ἐπὶ
402 2453 433 2479 τὸ
445 2453 520 2479 κάτω
538 2454 677 2488 προϊόντες
690 2455 723 2488 τῇ
743 2454 867 2490 ἐργασίᾳ,
888 2455 938 2481 οὐκ

152 2500 234 2530 εὐθὺς
259 2499 451 2533 ἐντυγχάνουσι
477 2500 510 2534 τῇ
531 2500 657 2525 συστάσει
680 2500 726 2526 τοῦ
751 2499 853 2532 ὕδατος,
870 2500 938 2526 ἀλλὰ

153 2546 262 2581 πρῶτον
277 2545 327 2580 μὲν
347 2546 379 2580 τῇ
398 2546 452 2580 ἁφῇ
475 2546 596 2580 μετέχειν
611 2546 682 2577 τινὸς
700 2546 810 2580 ἰκμάδος
824 2546 874 2581 τὴν
887 2547 937 2582 γῆν

152 2591 351 2626 ἑστοχάσαντο’
381 2589 440 2618 εἶτα
465 2591 533 2627 πρὸς
558 2592 588 2618 τὺ
615 2592 713 2626 μᾶλλον
734 2592 938 2626 κατεψυγμένον

152 2638 196 2664 διὰ
209 2637 257 2665 τοῦ
272 2637 371 2672 βάθους
382 2638 563 2672 χωρήσαντες,
575 2638 779 2672 πηλωδεστέραν
793 2637 842 2672 τὴν
854 2637 938 2672 βῶλον

153 2682 410 2717 καταλαμϐάνουσι·
439 2682 508 2717 μετὰ
527 2682 606 2708 τοῦτο
619 2683 687 2716 πρὸς
702 2682 732 2708 τὸ
753 2682 851 2716 μᾶλλον
873 2690 938 2709 κατ-

153 2727 306 2762 εψυγμένον
338 2726 522 2762 βαθυνομένης
547 2728 595 2762 τῆς
620 2728 759 2763 ἐργασίας,
789 2727 867 2763 ἱδρώς
897 2736 939 2758 τις

153 2773 275 2807 ἀμυδρὺς
293 2771 489 2806 ἀποφαίνεται·
508 2770 566 2799 εἶτα
580 2772 662 2808 πόρου
679 2773 750 2804 τινὸς
762 2772 939 2808 ἐντμηθέντος

155 2817 207 2844 ὑπὸ
220 2817 264 2844 τὸν
282 2816 407 2852 πυθμένα
422 2818 468 2844 τοῦ
484 2818 556 2845 λίθου
566 2826 573 2833 ·
593 2818 656 2845 ἔνθα
677 2817 776 2853 μᾶλλον
798 2817 870 2849 εἰκός
882 2818 939 2844 ἐστι

989 2227 1011 2253 si
1040 2226 1166 2254 fodiendo
1177 2228 1258 2255 altius
1268 2229 1306 2256 ire
1320 2237 1415 2264 pergas
1429 2229 1462 2255 ad
1481 2230 1538 2256 loca
1553 2229 1702 2265 frigidiora,
1714 2230 1768 2265 gle-

988 2271 1047 2298 bam
1057 2273 1143 2307 magis
1157 2281 1295 2301 crenosam
1309 2274 1431 2302 invenies
1446 2284 1452 2301 :
1465 2278 1492 2302 at
1501 2275 1522 2302 si
1533 2275 1565 2301 ad
1582 2276 1668 2311 magis
1678 2276 1767 2303 adhuc

988 2317 1083 2352 frigida
1094 2318 1153 2345 loca
1163 2319 1347 2353 deseeuderis,
1360 2320 1467 2348 turbida
1477 2322 1598 2356 quaadam
1611 2329 1680 2356 aqua
1689 2329 1769 2357 appa-

987 2363 1057 2391 rebit
1068 2371 1075 2390 :
1088 2364 1130 2391 sin
1156 2369 1245 2391 autem
1263 2366 1315 2393 sub
1329 2366 1383 2392 imo
1396 2374 1508 2401 prorsus
1522 2367 1592 2399 solo,
1611 2375 1665 2401 quo
1677 2368 1767 2395 minus

987 2409 1135 2436 verisimile
1156 2410 1191 2437 sit
1207 2411 1325 2437 calorem
1343 2412 1408 2438 solis
1424 2414 1578 2445 penetrare,
1586 2413 1700 2448 lapidem
1717 2414 1768 2440 ali-

989 2463 1068 2489 quem
1085 2455 1227 2485 incideris,
1250 2456 1312 2483 licet
1331 2456 1417 2490 ipsius
1434 2457 1532 2492 lapidis
1551 2458 1671 2486 densitas
1694 2459 1768 2486 obsi-

989 2503 1060 2526 stere
1076 2499 1210 2530 videatur,
1224 2505 1312 2528 tamen
1328 2509 1402 2528 venae
1412 2503 1534 2536 quaedam
1550 2503 1718 2537 aperiuntur,
1734 2512 1767 2530 ex

990 2545 1088 2579 quibus
1104 2545 1223 2579 undique
1236 2545 1361 2573 defossus
1380 2552 1476 2581 puteus
1496 2548 1574 2582 aquis
1596 2547 1768 2575 amuentibus

990 2590 1149 2625 completur.
1166 2590 1243 2623 Quod
1265 2592 1346 2626 igitur
1359 2592 1387 2619 in
1404 2593 1464 2620 loco
1487 2601 1568 2620 manu
1587 2597 1668 2627 atque
1685 2601 1768 2628 opera

990 2635 1063 2662 facto
1077 2641 1263 2671 excavatoque
1276 2638 1426 2673 contingit,
1443 2642 1473 2665 ut
1488 2639 1585 2665 humor
1598 2637 1718 2672 undique
1740 2639 1768 2666 in

994 2686 1105 2717 puteum
1121 2682 1255 2716 conﬂuat,
1274 2683 1301 2710 id
1315 2684 1343 2710 in
1358 2685 1431 2711 omni
1447 2685 1505 2712 loco
1520 2692 1568 2719 par
1585 2688 1625 2710 est
1640 2685 1767 2712 evenire:

989 2735 1050 2754 cum
1076 2735 1106 2754 ea
1131 2735 1200 2762 aqua
1215 2735 1274 2761 quae
1290 2736 1338 2763 per
1360 2734 1454 2756 tenues
1470 2728 1606 2763 colligitur
1627 2727 1768 2761 humores,

991 2782 1038 2808 per
1051 2781 1134 2800 venas
1149 2774 1282 2808 quasdam
1299 2775 1335 2802 ad
1349 2775 1458 2801 latiores
1472 2778 1576 2801 meatus
1591 2772 1768 2807 perducatur,

991 2825 1017 2846 et
1042 2819 1140 2847 humor
1165 2828 1194 2847 se
1223 2820 1382 2847 naturaliter
1405 2819 1432 2845 in
1459 2826 1542 2846 unum
1565 2820 1662 2852 cogat,
1689 2822 1770 2852 alqie
