1919 3069
139 106 184 132 ill
768 108 797 136 S.
819 107 982 135 GRECONI
1002 107 1148 136 NYSSENI
1712 110 1766 138 “'2

137 167 290 192 conservet.
307 164 353 191 Sic
365 171 431 200 ergo
444 171 514 199 aqua
526 164 679 197 coniicitur.
691 164 818 200 frigidum
832 166 926 193 made-

980 167 1078 202 μηκέτι
1100 166 1149 202 τὴν
1172 166 1288 202 ἡλιακὴν
1311 165 1466 202 θερμότητα
1481 168 1636 195 διαδύεσθαι
1656 169 1689 204 τῇ
1713 178 1767 195 πυ-

139 209 219 243 laclt,
236 214 264 237 et
279 209 377 237 humor
396 217 428 237 ex
447 209 595 245 frigiditate
608 215 692 238 totam
709 219 786 247 aqua!
799 217 924 240 naturam

139 255 296 290 perﬁciente
313 255 503 284 constituitur.
523 257 560 283 Ex
578 264 648 292 aqua
662 265 728 285 vero
742 262 838 286 coacta
859 266 927 286 con-

138 305 305 336 gregataque
316 301 446 329 ﬂuentum
460 306 619 337 generatum
631 323 639 334 ,
661 310 825 339 quacunque
849 304 928 331 detur

139 347 245 380 aditus,
265 352 368 376 terram
391 349 497 383 aperit,
522 353 550 376 et
575 349 636 377 fons
663 350 826 385 appellatur.
847 349 926 383 Quod

139 398 231 422 autem
251 402 384 430 aquarum
405 399 483 422 ortus
502 398 599 422 auctor
612 400 640 422 et
654 402 738 423 causa
754 396 790 424 sit
804 396 863 431 ipsa
879 395 926 423 fri-

140 439 260 474 giditas.
277 439 344 466 illud
364 439 496 466 indicium
516 439 568 471 sit.
586 440 660 474 quod
680 441 740 468 loca
760 442 927 476 septentrio—

140 484 223 512 nibus
248 486 443 522 propinquiora
473 485 668 521 frigidioraquc
683 487 771 522 magis
788 487 927 515 abundant

140 538 274 566 aquarum
288 531 378 566 copia.
398 531 499 566 Aprica
515 531 587 560 enim
603 531 726 567 profecto
740 537 768 561 et
779 541 865 569 opaca
879 533 928 562 de-

141 585 289 613 pressaque
303 582 396 606 essent
409 578 552 614 aequaliter
565 579 643 614 aquis
665 579 767 615 irrigua
778 599 787 612 ,
807 580 830 608 si
852 581 928 616 frigi-

141 623 236 652 tlitatis
250 624 374 652 absentia
398 624 468 652 nihil
490 631 625 660 aquarum
652 630 744 654 ortum
771 627 926 662 impediret.

142 669 376 702 Quemadmodum
399 675 490 698 autem
511 678 545 699 ex
567 671 695 699 imbrium
715 673 799 708 guttis
814 673 926 701 collecta

144 723 214 750 aqua
229 719 365 744 torrentes
381 720 544 750 nascuntur,
565 717 628 745 licet
645 722 736 753 guttas
751 719 824 754 ipsas
845 726 926 754 sepa-

142 761 224 788 ratim
239 761 375 797 aspiciens
385 782 393 794 ,
408 762 531 797 singulas
547 770 594 798 per
610 771 640 791 se
654 764 782 799 pusillum
797 765 926 800 quiddam

144 811 171 833 et
186 814 236 842 pro
249 807 337 835 nihilo
351 807 507 836 habendum
521 809 663 837 existimes
677 817 685 837 :
701 811 741 838 sic
755 818 789 838 ex
803 811 927 840 humoris

143 853 244 880 sensim
253 861 268 881 e
276 857 346 881 terra
364 855 500 882 manantis
508 856 585 890 copia
597 856 689 884 multis
699 856 808 885 ﬂuentis
823 858 927 886 coactis

142 899 268 926 oriuntur
280 898 391 926 ﬂumina
405 910 412 928 :
428 908 543 935 quorum
565 901 588 929 si
612 902 674 937 quis
694 903 925 938 magnitudinem.

144 952 333 980 perennesque
349 953 450 974 cursus
465 947 622 975 consideret
635 968 642 979 .
665 948 802 976 undenam
824 957 924 985 suppe-

141 988 222 1016 ditari
242 993 346 1016 tantam
365 997 498 1026 aquarum
518 991 713 1020 abundantiam
737 994 929 1022 existimabit?

142 1033 211 1062 Num
227 1034 333 1071 aliquos
348 1035 401 1063 sibi
415 1035 443 1063 in
457 1041 537 1064 terrae
554 1037 660 1066 sinibus
679 1038 758 1067 lacus
772 1039 928 1075 continget?

141 1079 258 1113 Quinam
268 1100 276 1113 ,
289 1081 420 1115 obsecro,
434 1082 503 1109 tanti
520 1083 596 1111 lacus
609 1090 670 1111 esse
682 1089 797 1119 queant,
812 1087 858 1121 qui
873 1086 927 1114 nisi

142 1133 212 1153 nova
228 1126 338 1154 assidue
354 1127 487 1154 accedant
505 1127 608 1155 auxilia
619 1148 627 1160 ,
645 1136 699 1156 non
712 1129 787 1158 brevi
804 1134 928 1166 tempore

141 1171 361 1199 exhauriantur?
376 1171 411 1199 At
434 1172 513 1204 alios,
537 1172 644 1208 inquis,
670 1174 746 1203 lacus
761 1176 928 1212 excogitabi-

142 1225 214 1244 mus.
229 1216 284 1252 Ego
293 1224 357 1245 vero
369 1218 518 1252 requirant,
529 1218 659 1253 quidnam
668 1220 737 1248 alios
745 1220 806 1249 illos
817 1229 926 1250 rursum

141 1262 289 1290 exhaustos
303 1262 433 1297 explebit.
449 1261 526 1295 Quod
542 1263 565 1290 si
581 1263 649 1292 alios
666 1268 749 1300 atque
768 1266 837 1294 alios
851 1267 927 1295 lacus

142 1308 292 1340 inveneris,
314 1315 365 1343 ego
389 1308 510 1336 vicissim
535 1309 718 1345 interrogabo.
737 1311 809 1339 unde
831 1319 927 1341 omnes

141 1353 250 1382 tandem
262 1353 394 1382 exinaniti
405 1354 625 1389 complebuntur.
640 1355 753 1392 Cogeris
767 1357 851 1393 igitur
864 1366 927 1393 pro-

142 1399 217 1435 gredi
236 1399 263 1427 in
279 1399 432 1432 inﬁnitum,
448 1404 531 1435 atque
544 1401 580 1427 ita
595 1401 684 1428 oratio
700 1407 744 1429 tua
761 1403 837 1431 lacus
853 1404 927 1431 lacu-

143 1445 194 1473 bus
215 1445 411 1478 accumulans.
433 1453 468 1473 ne
490 1446 612 1474 fontibus
629 1447 718 1475 desint
739 1448 831 1480 lacus.
855 1451 927 1478 unde

143 1495 281 1525 postremo
295 1497 366 1526 aqua
381 1495 460 1519 ortus
473 1492 639 1527 principium
655 1493 753 1520 habeat
763 1513 770 1526 ,
785 1502 926 1530 nunquam
940 1512 963 1543 c

142 1536 286 1564 consistet.
310 1535 509 1569 Quamobrem,
529 1545 591 1565 cum
610 1538 769 1573 reperienda
787 1540 823 1567 sit
844 1548 927 1568 causa

142 1590 196 1617 qua
220 1583 314 1618 prima:
337 1591 415 1619 aquae
436 1588 533 1611 natura
551 1585 742 1617 constituitur,
761 1586 848 1621 magis
864 1593 929 1614 con-

143 1632 303 1657 sentaneum
317 1634 378 1662 est,
391 1637 451 1657 eam
466 1630 492 1657 in
508 1630 582 1664 ipsos
598 1629 688 1658 fontes
699 1631 835 1663 conferre,
846 1639 928 1666 quam

142 1675 195 1702 sub
209 1679 282 1702 terra
296 1675 373 1704 lacus
388 1675 545 1711 contingere
554 1697 561 1709 ,
576 1684 693 1712 quorum
706 1678 775 1705 ratio
788 1685 930 1706 commen-

142 1721 201 1747 titia
222 1721 314 1748 statim
328 1721 363 1749 ab
385 1729 463 1756 aqua:
484 1727 581 1750 natura
605 1723 731 1751 deorsum
748 1724 876 1752 tendente
890 1725 929 1752 la-

143 1765 308 1799 befactetur,
329 1771 357 1794 et
376 1768 555 1795 convellatur.
573 1768 716 1802 Quomodo
731 1770 803 1797 enim
819 1777 928 1798 sursum

144 1811 225 1844 ﬂuet,
251 1812 341 1846 quod,
366 1812 492 1840 deorsum
524 1817 553 1840 ut
577 1813 658 1845 ﬂuat,
684 1817 809 1841 naturam
832 1814 931 1842 habet?

144 1855 292 1888 Praeterea.
321 1865 403 1892 quam
433 1858 556 1893 ingentes
589 1859 697 1886 lacuum
728 1860 814 1888 moles
848 1864 930 1887 erunt

144 1903 347 1938 excogitanda},
378 1911 454 1938 quae,
481 1911 544 1931 cum
571 1912 705 1940 perennes
731 1911 771 1933 tot
796 1913 929 1942 aquarum

145 1949 229 1984 copia:
243 1949 350 1976 saeculis
364 1949 491 1977 omnibus
509 1949 636 1983 eﬂluant,
662 1955 690 1978 et
713 1951 780 1978 nihil
809 1960 930 1987 unquam

146 1998 311 2030 reponatur,
347 2003 402 2023 non
434 1996 626 2024 exinaniantur
664 2001 756 2025 tamen
794 2005 845 2025 nec
882 2006 930 2025 ex-

146 2039 327 2067 baurianturl
358 2039 473 2068 Constat
508 2040 590 2076 igitur
629 2049 663 2068 ex
698 2041 732 2070 iis
765 2050 825 2078 quae
857 2042 930 2070 dicta

146 2089 227 2118 sunt,
250 2085 310 2113 ideo
331 2084 489 2113 ﬂuminibus
507 2092 606 2121 aquam
632 2094 686 2114 non
704 2086 838 2121 deﬂcere,
857 2088 929 2123 quod

146 2135 219 2159 terra
232 2132 260 2159 in
273 2132 346 2159 illam
358 2136 566 2160 transmutetur.
580 2131 671 2161 Terrae
681 2141 745 2162 vero
759 2135 928 2170 magnitudo,

976 213 1086 247 κνότητι
1098 212 1145 239 τοῦ
1159 212 1232 239 λίθου
1247 213 1436 249 κωλυομένην·
1451 215 1511 241 τότε
1523 214 1620 241 λεπταί
1634 223 1707 246 τινες
1717 215 1768 242 τοῦ

977 258 1072 290 ὕδατος
1087 257 1185 293 φλέϐες
1198 258 1242 285 διὰ
1253 258 1302 293 τῆς
1315 259 1444 294 ἐργασίας
1464 259 1704 295 ἁνεστομώθησαν,
1718 261 1768 295 ἀφ’

975 299 1014 329 ὢν
1030 303 1059 329 ἐν
1070 302 1161 338 κύκλῳ
1173 302 1237 338 περὶ
1246 302 1276 329 τὸ
1293 303 1374 338 βάθος
1382 303 1433 339 τῆς
1449 303 1598 336 συνδέσεως
1607 305 1767 340 γινομένης.

977 347 1129 382 εὐθηνεῖται
1145 347 1176 374 τὸ
1191 348 1278 384 φρέαρ
1289 348 1328 384 τῷ
1342 347 1430 377 ὕδατι.
1443 349 1532 385 Ὅπερ
1543 350 1632 376 τοίνυν
1650 350 1768 377 ἐνταῦθα

977 393 1080 427 γίνεται
1093 393 1160 428 πρὸς
1178 393 1227 428 τὴν
1248 394 1436 430 χειροποίητον
1455 395 1609 429 κοιλότητα,
1632 395 1769 422 συνδοθεί-

977 447 1028 474 σης
1047 439 1096 474 τῆς
1116 439 1283 474 πανταχόθεν
1307 441 1371 475 περὶ
1391 440 1422 467 τὸ
1444 441 1533 476 φρέαρ
1552 441 1769 477 συνθλιϐομένης

979 485 1101 520 ἰκμάδος,
1117 485 1196 512 τοῦτο
1210 485 1283 516 εἰκὸς
1299 487 1328 512 ἐν
1345 487 1425 513 παντὶ
1439 487 1560 521 γίνεσθαι
1573 487 1659 523 τόπῳ,
1676 488 1724 514 καὶ
1736 488 1769 514 τὸ

976 529 1020 557 διὰ.
1034 530 1083 566 τῆς
1095 530 1197 566 λεπτῆς
1214 531 1327 566 ἰκμάδος
1343 532 1386 558 ἀεὶ
1402 533 1586 568 συνδιδόμενον
1599 533 1643 560 διὰ
1658 533 1769 568 φλέδων

976 576 1057 602 τινῶν
1074 576 1121 602 ἐπὶ
1132 576 1196 608 τοὺς
1214 576 1377 612 εὐρυτέρους
1397 577 1568 612 όχετεὺεσθαι
1590 578 1700 613 πόρους,
1714 578 1766 614 ἤδη

976 622 1026 657 τῆς
1038 622 1138 657 λεπτῆς
1160 622 1288 658 συρροίας
1300 622 1369 659 πρὸς
1382 623 1479 658 ἑαυτὴν
1502 623 1656 659 ἑνωθείσης.
1672 623 1768 655 Οὕτως

977 664 1024 694 οὗν
1043 667 1224 702 ἀπογεννᾶται
1238 667 1269 694 τὸ
1291 667 1372 703 ὕδωρ,
1385 669 1433 694 τοῦ
1453 669 1501 703 μὲν
1517 669 1621 704 ψυχροῦ
1647 669 1698 704 τὴν
1713 669 1768 704 γῆν

977 712 1214 748 καθυγραίνοντος,
1228 713 1278 748 τῆς
1295 713 1323 740 δὲ
1338 714 1486 749 ὑγρότητος
1501 715 1550 749 τῆς
1560 715 1592 741 ἐκ
1602 714 1650 741 τοῦ
1659 714 1765 750 ψυχροῦ

978 758 1195 793 συνισταμένης,
1224 759 1271 785 καὶ
1282 758 1346 793 ὅλην
1368 759 1419 795 τὴν
1440 759 1488 786 τοῦ
1510 759 1605 791 ὓδατος
1630 759 1712 794 φύσιν
1735 761 1766 786 ἐν

978 804 1061 839 ἑαυτῇ
1077 803 1242 840 τελειούσης.
1260 805 1341 832 Ὅθεν
1353 805 1495 841 ἀθροισθὲν
1515 806 1576 841 ἤδη,
1591 806 1638 832 καὶ
1658 805 1766 842 ῥεῖθρον

977 848 1132 884 γενόμενον,
1155 846 1227 885 ᾗπερ
1253 849 1286 877 ἂν
1309 850 1436 886 εὐοδωθῇ,
1453 852 1513 878 κατ’
1533 852 1621 878 ἐκεῖνο
1639 851 1690 888 τὴν
1712 853 1765 887 γῆν

977 894 1175 929 ἀναστόμωσιν.
1192 894 1278 922 Τοῦτο
1291 895 1318 922 δέ
1336 896 1411 932 πηγὴ
1426 897 1597 932 ὀνομάζεται.
1609 898 1764 932 Τεκμήριον

976 937 1005 965 δὲ
1020 938 1067 965 τοῦ
1082 939 1261 975 καθηγεῖσθαι
1283 941 1332 976 τὴν
1348 941 1505 977 ψυχρότητα
1528 942 1577 978 τῆς
1594 943 1649 970 τῶν
1661 942 1766 970 ὑδάτων

976 984 1120 1018 γενέσεως,
1145 985 1175 1012 τὺ
1198 986 1262 1018 τοὺς
1285 987 1352 1022 πρὸς
1376 987 1516 1022 ἀρκτῴους
1530 988 1585 1014 τῶν
1605 988 1697 1016 τόπων
1717 988 1765 1015 καὶ

979 1030 1078 1065 μᾶλλον
1099 1031 1322 1066 κατεψυγμένους
1340 1033 1510 1068 εὑθηνεῖσθαι
1526 1035 1581 1066 τοῖς
1603 1035 1707 1062 ὕδασιν.
1725 1033 1763 1061 Ἦ

976 1075 1031 1112 γὰρ
1048 1076 1081 1102 ἂν
1096 1077 1192 1112 ἐπίσης
1211 1077 1246 1104 τὰ
1264 1077 1411 1114 ἡλιούμενά
1433 1088 1463 1106 τε
1478 1081 1524 1107 καὶ
1537 1080 1622 1112 νότια,
1635 1080 1765 1117 διάδροχα

976 1123 1032 1154 τοῖς
1050 1121 1144 1149 ὕδασιν
1155 1120 1200 1158 ἦν,
1221 1124 1245 1150 εἰ
1268 1124 1352 1159 μηδὲν
1369 1125 1385 1160 ἡ
1405 1125 1524 1153 ἀπουσία
1537 1126 1588 1161 τῆς
1609 1126 1715 1162 ψύξεως
1730 1128 1764 1162 τῇ

977 1169 1081 1202 γενέσει
1094 1168 1147 1195 τῶν
1167 1169 1259 1205 ὑγρῶν
1275 1171 1437 1204 ἐνεπόδιζεν.
1452 1172 1558 1208 Ὠσπερ
1573 1172 1601 1199 δὲ
1613 1173 1644 1200 τὸ
1665 1173 1693 1206 ἐξ
1715 1173 1765 1208 ὀμ-

978 1214 1058 1250 ϐρίας
1072 1214 1143 1250 ὕδωρ
1157 1215 1299 1250 ἀθροισθὲν
1312 1217 1362 1252 μὲν
1377 1218 1410 1244 ὲκ
1418 1219 1467 1254 τῆς
1479 1217 1534 1244 τῶν
1546 1219 1684 1253 σταγόνων
1700 1221 1766 1256 συρ-

977 1260 1062 1295 ροίας.
1077 1261 1243 1296 χειμάρρους
1257 1262 1371 1296 γίνεται,
1387 1263 1411 1289 εἰ
1421 1263 1449 1289 δὲ
1463 1263 1549 1295 αὐτὰς
1567 1264 1616 1296 τὰς
1629 1265 1763 1299 σταγόνας

976 1303 1018 1336 ἐφ’
1029 1303 1132 1330 ἑαυτῶν
1141 1312 1183 1336 τις
1196 1304 1298 1339 βλέποι,
1309 1305 1395 1342 βραχύ
1403 1315 1428 1333 τι
1438 1307 1486 1333 καὶ
1499 1308 1557 1335 ἀντ’
1571 1309 1712 1341 οὐδενὸςτὺ
1727 1310 1760 1337 ἐν

980 1348 1084 1385 ἑκάστῃ
1095 1350 1243 1385 φανήσεται
1251 1359 1259 1366 ·
1272 1350 1344 1378 οὕτω
1351 1352 1397 1379 καὶ
1408 1353 1425 1388 ἡ
1434 1353 1484 1388 τῆς
1491 1353 1561 1380 κατὰ
1574 1353 1670 1382 λεπτὸν
1678 1356 1766 1382 κάτω-

978 1394 1024 1421 θεν
1043 1394 1087 1421 ἁεὶ
1115 1395 1162 1421 τοῦ
1183 1396 1266 1431 ὑγροῦ
1292 1398 1488 1434 συνισταμένης
1508 1400 1673 1436 ποσότητος·
1701 1401 1767 1429 ὅταν

977 1439 1006 1466 ἓν
1019 1441 1051 1467 ἐκ
1071 1441 1175 1468 πολλῶν
1195 1442 1310 1478 ῥείθρων
1321 1443 1352 1470 τὸ
1365 1444 1418 1471 τῶν
1437 1445 1542 1473 λεπτῶν
1560 1446 1697 1482 ἄθροισμα
1718 1448 1767 1482 γέ-

977 1494 1066 1521 νηται,
1084 1487 1116 1513 τὸ
1136 1487 1256 1515 τοιοῦτον
1272 1490 1313 1521 εἰς
1331 1491 1455 1525 ποταμοῦ
1470 1492 1552 1526 φύσιν
1565 1493 1708 1522 ἐκδίδοται.
1737 1494 1767 1521 '0

978 1532 1007 1559 δὲ
1019 1532 1120 1565 ταύτας
1132 1533 1182 1566 τὰς
1197 1534 1342 1571 ὑπολήψεις
1362 1539 1619 1574 παραγραφόμενος,
1637 1540 1719 1568 πόθεν
1733 1541 1768 1568 ἂν

978 1579 1083 1615 οἰηθείη
1107 1581 1171 1612 τοὺς
1195 1581 1323 1614 ἀεννάους
1344 1583 1400 1610 τῶν
1420 1585 1552 1620 ποταμῶν
1575 1586 1765 1620 ἁναδίδοσθαις

979 1623 1052 1661 ’Λρα
1077 1627 1113 1662 μή
1133 1635 1210 1659 τινας
1233 1627 1330 1663 λίμνας
1348 1629 1424 1662 ἐντὸς
1443 1630 1497 1657 τῶν
1514 1631 1565 1666 τῆς
1585 1632 1638 1667 γῆς
1658 1633 1767 1660 κόλπων

979 1673 1167 1708 ὑπονοήσειεν;
1191 1674 1269 1701 Ἀλλὰ
1280 1674 1327 1701 καὶ
1337 1672 1416 1702 αὗται
1435 1676 1544 1709 πάντως
1559 1678 1583 1704 εἰ
1599 1678 1637 1713 μὴ
1651 1678 1682 1705 τὸ
1692 1680 1767 1714 ἐπιρ-

980 1719 1041 1753 ρέον
1066 1719 1171 1754 ἔχοιεν,
1197 1721 1227 1747 ἐν
1253 1720 1348 1756 βραχεῖ
1373 1722 1585 1758 κενωθήσονται,
1614 1724 1684 1752 ὥστε
1705 1726 1767 1753 κατ’

978 1764 1100 1800 ἀνάγκην
1122 1766 1169 1792 καὶ
1191 1766 1274 1798 ἄλλας
1298 1767 1399 1794 τούτων
1414 1768 1591 1804 ὑπερκεῖσθαι
1611 1772 1732 1806 νομίσει·
1747 1773 1764 1808 ἠ

979 1809 1006 1836 δέ
1025 1810 1169 1838 ἀκολουθία
1185 1811 1232 1838 τοῦ
1247 1812 1337 1846 λόγου,
1360 1813 1408 1840 καὶ
1432 1813 1481 1846 τὰς
1498 1815 1580 1847 ἄλλας
1593 1816 1766 1852 ἀναπληροῦν

979 1855 1156 1891 ἁναζητήσει·
1170 1856 1223 1883 κᾶν
1242 1857 1324 1890 ἄλλας
1343 1859 1518 1894 ὑπερκεῖσθαι
1537 1860 1634 1896 λίμνας
1653 1862 1765 1888 ἐκείνων

980 1901 1151 1937 ὑποτίθηται,
1172 1903 1219 1929 καὶ
1233 1903 1262 1930 τὸ
1277 1903 1330 1930 τῶν
1346 1904 1434 1932 ἄλλων
1456 1906 1592 1941 πλήρωμα
1611 1908 1690 1940 ποίας
1708 1908 1765 1944 ἔχει

979 1946 1028 1978 τὰς
1051 1947 1177 1983 ἀφορμὰς
1197 1949 1351 1983 ἀναγκαίως
1374 1950 1584 1986 διερευνήσεται.
1607 1954 1662 1980 Καὶ
1677 1954 1765 1987 οὔτως

980 1992 1021 2024 εἰς
1034 1992 1145 2028 ἄπειρον
1159 1994 1261 2029 προῖὼν
1271 1995 1285 2021 ὁ
1295 1995 1372 2030 λόγος
1382 1997 1499 2032 οὐδαμοῦ
1511 1999 1648 2034 στήσεται,
1660 1999 1766 2035 λιμνῶν

980 2037 1077 2072 λίμνας
1093 2038 1248 2075 ὑπερτιθείς
1259 2049 1266 2055 ·
1291 2041 1333 2067 ἴνα
1347 2042 1375 2068 αἰ
1394 2043 1462 2077 πρὸς
1481 2045 1541 2075 ταῖς
1555 2046 1656 2079 πηγαῖς
1670 2045 1764 2081 λίμναι

982 2083 1019 2119 μὴ
1037 2084 1223 2117 ἐπιλείπωσιν,
1239 2087 1292 2118 ἔως
1311 2087 1344 2114 ἂν
1362 2087 1417 2114 τῶν
1438 2089 1559 2124 ἐσχάτων
1570 2090 1619 2122 τὰς
1637 2091 1765 2127 ἀφορμὰς

981 2129 1131 2167 καταλάϐῃ,
1151 2131 1186 2157 δι’
1208 2128 1246 2159 ῶν
1259 2133 1276 2167 ἡ
1295 2132 1342 2159 τοῦ
1365 2133 1460 2166 ὕδατος
1481 2135 1586 2169 γένεσις
1609 2136 1658 2172 τὴν
1677 2138 1765 2173 ἀρχὴν

148 2177 211 2205 licet
229 2181 334 2205 tantum
355 2186 387 2205 ex
409 2186 440 2205 ea
460 2178 538 2213 copia
560 2187 692 2214 aquarum
712 2185 852 2216 erumpat,
874 2190 928 2210 non

980 2175 1123 2210 λαμϐάνει,
1143 2177 1230 2211 Ὅπερ
1252 2178 1340 2205 τοίνυν
1357 2179 1429 2211 εἰκός
1443 2181 1500 2207 ἐστι
1515 2181 1566 2216 τῆς
1587 2182 1697 2218 πρώτης
1715 2183 1762 2210 τοῦ

147 2224 328 2256 imminuitur,
343 2224 470 2259 quoniam
494 2224 602 2253 assidue
622 2226 656 2252 ab
678 2227 822 2255 exsiccatis
845 2236 929 2263 vapo-

148 2271 225 2298 ribus
240 2270 419 2298 instauratur.
436 2270 486 2299 His
500 2272 538 2299 ita
551 2273 708 2300 constitutis
718 2293 725 2305 ,
741 2281 796 2301 non
812 2275 929 2310 amplius

148 2321 242 2344 mutua
269 2316 349 2344 nobis
374 2317 572 2346 elementorum
600 2319 672 2347 inter
696 2327 726 2347 se
750 2321 929 2348 commutatio

147 2362 324 2390 claudicabit.
343 2363 462 2398 Apparet
475 2364 549 2392 enim
564 2365 647 2397 ordo,
662 2373 717 2400 quo
738 2366 820 2394 unius
842 2366 869 2394 in
891 2367 930 2394 al-

147 2414 237 2436 terum
252 2411 431 2437 commutatio
448 2414 490 2438 est
505 2416 582 2439 ortus
599 2412 671 2439 illius
688 2419 781 2440 causa.
806 2412 929 2449 Exempli

148 2455 255 2490 gratia:
272 2463 341 2490 aqua
354 2463 402 2490 per
416 2464 531 2492 vapores
545 2457 652 2484 sublata
675 2457 704 2484 [lt
724 2465 781 2486 aer.
804 2458 858 2486 Aer
873 2467 930 2486 ma-

148 2500 271 2528 defactus
285 2500 314 2528 in
329 2501 472 2536 superiore
485 2501 592 2529 ﬂamma
607 2503 770 2530 exsiccatur.
785 2503 862 2537 Quod
877 2509 930 2532 ler-

149 2552 243 2572 renum
259 2549 302 2573 est
316 2553 364 2580 per
379 2546 450 2582 ignis
465 2551 590 2574 naturam
613 2549 647 2575 ab
670 2549 782 2576 humido
806 2550 929 2577 secerni-

148 2600 202 2628 tur,
219 2599 352 2632 terraeque
369 2597 504 2626 redditum
522 2607 570 2634 per
584 2600 743 2634 qualitatem
760 2600 884 2635 frigidam
900 2601 929 2629 in

149 2656 246 2683 aquam
259 2654 454 2679 commutatur.
472 2650 510 2678 Ex
524 2659 579 2687 quo
596 2651 642 2684 ﬁt,
657 2657 688 2680 ut
703 2653 761 2680 sine
774 2653 830 2681 ullo
844 2654 930 2690 impe-

148 2699 269 2728 dimento
290 2709 397 2737 semper
418 2702 552 2730 elementa
577 2703 700 2731 vicissim
722 2704 793 2731 inter
812 2713 841 2733 se
855 2713 931 2732 com-

149 2755 240 2780 meent
253 2772 260 2785 ,
276 2757 303 2781 et
317 2753 555 2786 circumferantur,
575 2755 734 2791 nullumque
754 2764 788 2784 ex
809 2757 863 2786 illis
883 2763 929 2786 aut

149 2809 327 2833 consumatur
341 2810 387 2834 aut
398 2805 531 2835 redundet
546 2811 627 2842 atque
642 2807 789 2842 exuberet,
806 2809 854 2837 sed
870 2817 930 2838 om-

981 2221 1076 2253 ὕδατος
1085 2222 1191 2257 φύσεως
1205 2223 1295 2250 αἰτίαν
1310 2224 1495 2261 ἐξευρεθῆναι,
1504 2227 1571 2254 πολὺ
1580 2228 1613 2254 ἂν
1621 2229 1766 2263 εὐλογώτε-

982 2276 1028 2303 ρον
1044 2268 1086 2303 εἵη
1097 2268 1177 2295 τοῦτο
1196 2270 1259 2305 περὶ
1275 2269 1323 2306 τὴν
1330 2271 1384 2297 τῶν
1393 2271 1491 2307 πηγῶν
1505 2273 1633 2300 σύστασιν
1653 2275 1763 2307 ἐννοεῖν,

980 2313 1029 2340 καὶ
1046 2313 1082 2348 μὴ
1103 2314 1153 2346 τὰς
1176 2314 1319 2348 ὑπογείους
1343 2316 1441 2352 λίμνας
1457 2319 1647 2352 φαντάζεσθαι,
1664 2321 1711 2356 ἀφ’
1726 2318 1764 2348 ὦν

980 2357 1060 2390 εὐθὺς
1081 2359 1128 2386 καὶ
1147 2359 1177 2385 τὸ
1196 2361 1354 2396 κατωφερὲς
1369 2361 1418 2396 τῆς
1429 2362 1476 2389 τοῦ
1491 2363 1586 2396 ὕδατος
1605 2365 1712 2399 φύσεως
1734 2367 1764 2400 ἐξ

980 2403 1100 2430 ἐναντίου
1123 2404 1191 2439 πρὸς
1210 2404 1256 2431 τὸν
1280 2404 1358 2439 λόγον
1376 2406 1492 2435 ἵσταται.
1521 2408 1583 2440 Πῶς
1598 2409 1652 2445 γὰρ
1668 2411 1715 2438 ἐπὶ
1732 2412 1764 2438 τὸ

979 2449 1035 2476 ἄνω
1061 2449 1190 2484 ρυήσεται
1212 2448 1243 2478 οὑ
1274 2451 1291 2486 ἡ
1315 2452 1395 2486 φύσις
1420 2453 1489 2480 ἰδίαν
1513 2454 1568 2490 ἔχει
1591 2455 1641 2492 τὴν
1662 2458 1709 2484 ἐπὶ
1733 2457 1764 2485 τὸ

980 2494 1054 2520 κάτω
1068 2495 1170 2530 φοράν;
1197 2496 1313 2524 Ἔπειτα
1331 2497 1360 2524 δέ
1383 2498 1430 2525 καὶ
1449 2499 1511 2526 ὅσον
1526 2500 1556 2526 τὸ
1579 2501 1694 2536 μέγεθος
1708 2503 1763 2530 τῶν

979 2540 1083 2575 λιμνῶν
1108 2541 1220 2568 ἐκείνων
1243 2543 1259 2577 ή
1280 2543 1406 2580 διηνεκὴς
1428 2545 1482 2572 τῶν
1504 2546 1638 2574 τοσούτων
1659 2548 1763 2577 ὑδάτων

979 2584 1102 2620 ἀπορροὴ
1121 2586 1297 2621 στοχάζεσθαι
1321 2588 1438 2623 δίδωσιν,
1453 2589 1522 2617 ὥστε
1545 2592 1671 2619 τοσοῦτον
1694 2603 1762 2630 προ-

980 2630 1110 2665 χεύουσαν
1126 2631 1155 2657 ὲν
1167 2632 1304 2665 τοσούτοις
1313 2633 1429 2669 χρόνοις,
1440 2636 1575 2664 ἁκένωτον
1595 2638 1696 2673 μένειν,
1712 2649 1763 2676 μηο

978 2675 1053 2707 δενὸς
1078 2675 1183 2704 ἔνδοθεν
1203 2678 1233 2704 τὸ
1253 2678 1323 2710 ἐξιὸν
1343 2679 1556 2715 ἀντεισάγοντος;
1583 2683 1662 2711 ’Δλλὰ
1683 2675 1762 2720 δῆλον

980 2721 1014 2747 ἂν
1029 2721 1072 2757 εῐη
1087 2721 1132 2748 διὰ
1145 2722 1199 2750 τῶν
1214 2722 1415 2759 ἐξητασμένων,
1429 2726 1469 2753 ὄντι
1484 2727 1523 2762 τῷ
1542 2729 1655 2765 ποταμῷ
1670 2731 1720 2766 μὲν
1731 2731 1761 2758 οὐ

979 2765 1067 2792 λείπει
1091 2767 1108 2801 ἠ
1131 2768 1246 2803 χορηγία
1268 2768 1314 2795 τοῦ
1337 2769 1441 2801 ὓδατος,
1456 2771 1507 2806 τῆς
1524 2772 1577 2806 γῆς
1596 2775 1664 2810 πρὸς
1683 2775 1761 2802 τοῦτο

982 2811 1192 2848 μεθισταμένης.
1216 2813 1244 2840 '0
1263 2813 1291 2840 δὲ
1312 2814 1394 2848 δγκος
1410 2816 1460 2851 τῆς
1479 2817 1531 2852 γῆς
1543 2818 1593 2844 οὐκ
1605 2819 1759 2848 ἐλαττοῦται
