1919 3069
158 119 213 147 Ηδ
775 129 806 156 ΙΝ
828 130 1063 160 IIEXAEML'RON
1084 132 1186 160 LIBER
1746 137 1795 164 H’o

216 177 267 228 τοῦ
284 179 455 214 ὑπεξιόντος,
465 182 515 218 τῆς
524 183 638 211 πάντοτε
649 185 794 220 γινομένης
803 186 856 213 τῶν
867 187 957 223 ξηρῶν

1012 189 1052 216 nia
1066 189 1092 216 in
1107 197 1160 225 qua
1175 190 1293 225 primum
1307 195 1455 219 constituta
1471 196 1535 219 sunt
1552 201 1680 221 mensura
1697 202 1713 230 p
1731 203 1794 230 rpe-

155 223 257 273 άτμῶλν
281 227 449 273 perduxi—1;,
471 229 501 255 τὸ
525 229 568 256 ἀεὶ
592 230 752 265 μειούμενον
765 231 797 258 ἐκ
813 233 859 259 τοῦ
878 233 959 267 ὄγκου

1014 241 1059 263 tuo
1074 240 1212 263 maneant.

158 269 460 321 ξὶκνμπλῖιροιὸσηςετίὶν
481 275 640 309 γινομένων,
665 276 754 303 οὐκέτ’
774 276 808 304 ἂν
832 279 898 313 ἡμῖν
923 279 939 314 ὴ
967 280 1006 312 εἰς
1019 280 1120 316 ἄλληλα
1143 281 1197 308 τῶν
1225 280 1362 316 στοιχείων
1387 281 1528 314 ἀλλοίωσις
1551 282 1661 315 σκάζειν
1692 284 1796 317 δοκοίη.

154 315 226 364 am
248 317 286 344 δι’
306 319 454 348 ἀκολούθου
475 322 613 357 δεσμεῖται
631 323 646 349 ὁ
672 323 768 358 λόγος,
799 325 848 359 τὴν
871 326 986 353 ἑκάστου
1016 315 1084 363 πρὸς
1106 328 1136 355 τὺ
1162 329 1253 364 ἕτερον
1281 315 1402 363 τροπὴν,
1425 329 1530 363 γένεσιν
1555 330 1657 357 ἑκείνου
1688 331 1735 356 τοῦ
1756 315 1796 362 είς

154 361 350 412 ξιμ-ετεὸλήθη
374 366 489 402 βλέπων,
506 369 554 395 καὶ
569 370 619 404 τὴν
632 370 679 396 ἀπ’
696 370 800 398 ἐκείνου
814 371 883 407 πρὸς
908 373 937 398 τὸ
963 373 992 406 ἑξ
1006 361 1094 410 ἀρχῆς
1114 375 1194 402 πάλιν
1210 361 1441 404 άποκατάστασινι
1458 374 1519 403 οἷον
1531 376 1561 403 τδ
1577 376 1647 412 ὕδωρ
1666 377 1734 412 πρὸς
1750 361 1795 403 τὸν

156 404 228 459 ἀέρα
309 411 363 439 τῶν
383 413 478 448 ἀτμῶν
498 414 631 450 ἀναχθὲν,
654 416 709 452 ἀὴρ
726 404 849 451 ἐγένετο·
870 419 883 445 ὁ
903 419 957 455 ἀὴρ
974 404 1117 456 ῦγρανθπεὶς
1139 423 1169 447 ἑν
1191 422 1229 457 τῷ
1254 423 1445 459 ὕπερκειμένῳ
1464 422 1577 457 φλογμῷ
1587 404 1794 458 κατεξηράνθηο

156 457 188 481 τὸ
217 457 328 490 γεῶδες
350 459 397 485 τοῦ
421 459 505 495 ὖτροῦ
529 460 574 487 διὰ
601 460 651 495 τῆς
669 461 717 488 τοῦ
741 463 827 498 πυρὸς
853 463 960 499 φύσεως
989 466 1144 502 ἀπεκρίθη·
1168 468 1247 494 τοῦτο
1267 457 1350 504 ἐν’τῇ
1372 457 1411 504 γῇ
1431 457 1573 503 γενόμενον
1592 467 1635 495 διὰ
1664 468 1713 503 τῆς
1741 457 1794 503 ψυε

155 504 229 551 χρᾶς
254 505 404 540 ποιότητος
422 507 463 539 εἷς
489 508 561 542 ὕδωρ
585 510 768 545 μετεποιήθη·
792 512 839 538 καὶ
859 511 946 544 οὕτως
962 513 1133 547 ἀδιάλειπτος
1145 513 1173 548 ,⁹
1187 516 1378 551 καὶάνωμένου
1402 516 1448 543 καὶ
1465 516 1571 548 οὐδενὸς
1591 516 1792 551 πλεονάζοντος,

155 550 216 577 ἀλλ’
228 551 261 577 ἑν
275 553 335 584 τοῖς
347 553 377 585 ἑξ
386 553 473 589 ἀρχῆς
484 554 593 590 μέτροις
604 557 643 587 είς
653 556 684 582 τὸ
696 556 816 592 διηνεκὲς
829 558 1009 593 διαμένοντος.

202 597 319 624 Οὐκοῦν
353 598 418 625 ἄλλο
447 607 473 626 τι
503 601 579 636 παρὰ
614 601 664 637 τὴν
694 602 780 638 ὑγρὰν
814 603 895 637 φύσιν
927 604 962 631 τά

156 642 357 678 ὑπερκείμενα
380 645 427 671 τοῦ
453 645 641 682 περεὼματος
665 647 749 674 ύδατα
769 649 882 684 νοεῖν,ἡ
907 648 961 676 τῶν

156 688 369 721 ἑξετασθέντων
396 690 540 718 ἀκολουθία
570 692 695 725 δίδωσιν,
725 692 803 730 είπερ
842 694 881 729 τῷ
923 694 960 730 μὴ

155 735 318 770 τρέφεσθαι
346 737 380 772 τῇ
410 736 458 763 τοῦ
487 737 571 773 ὑγροῦ
588 737 694 775 δαπάνῃ
732 738 783 774 τὴν
806 739 854 765 τοῦ
875 739 961 775 πυρὸς

157 780 246 814 φύσιν
270 781 308 808 ὲκ
328 781 384 808 τῶν
406 782 557 818 εἰρημένων
580 785 794 818 κατενοήσαμεν.
821 784 960 811 Δέδεικται

158 826 217 862 γὰρ
237 827 270 853 ἑν
292 828 350 858 τοῖς
369 827 574 863 ἐξητασμένοις,
587 828 627 855 ὅτι
646 829 676 855 τὸ
690 829 791 864 θερμὸν
808 830 846 864 τῷ
863 829 959 865 ψυχρῷ

157 872 224 908 οὐχὶ
244 873 392 909 τρέφεται,
414 874 481 900 ἀλλὰ
507 875 665 902 σϐέννυται’
688 876 736 902 καὶ
757 876 788 902 τὸ
820 876 903 912 ὑγρὸν
921 876 959 912 τῷ

159 917 241 953 ξηρῷ
265 919 438 953 ἀφανίζεται,
456 919 487 946 οὑ
500 920 650 951 πλεονάζει.
677 920 746 948 Ἀλλ’
759 921 805 947 ἐπὶ
819 922 850 948 τὸ
866 922 959 957 ἕτερον

1048 603 1086 630 Ex
1101 604 1146 637 iis,
1160 611 1221 638 quae
1232 603 1368 639 disputata
1378 609 1456 636 sunt,
1469 603 1605 639 sequitur,
1618 607 1647 631 ut
1657 610 1735 639 aqua:
1745 611 1793 631 su-

1010 657 1059 685 pra
1070 649 1268 677 firmamentum
1279 651 1338 679 siue
1348 651 1382 677 ab
1393 651 1444 678 hac
1456 650 1566 678 humida
1579 654 1676 677 natura
1687 650 1792 678 discre-

1011 699 1086 731 pent.
1103 695 1181 723 Patet
1195 696 1267 723 enim
1283 696 1387 724 humidi
1402 700 1482 732 pastu
1497 700 1625 724 naturam
1639 696 1711 731 ignis
1735 703 1790 723 non

1011 742 1046 768 ali
1059 741 1347 777 :demonstratumque
1356 745 1409 775 est,
1421 741 1538 770 calidum
1548 741 1647 777 {rigido
1658 749 1713 769 non
1727 749 1792 769 enu-

1011 787 1070 814 triri
1080 807 1087 818 ,
1099 787 1147 815 sed
1158 787 1292 823 exstingui
1307 797 1314 815 :
1327 792 1353 815 et
1367 787 1478 815 humido
1491 788 1594 815 siccum
1609 786 1713 820 deleri,
1733 794 1789 813 non

1011 833 1144 867 adjuvari.
1158 833 1339 866 Quamobrem
1351 837 1460 869 tempus
1470 837 1512 861 est
1522 852 1530 865 ,
1541 837 1572 860 ut
1580 832 1731 860 orationem
1745 839 1792 858 no-

1009 883 1095 906 stram
1121 879 1175 906 alio
1194 883 1403 913 convertamus,
1424 887 1635 915 quaeramusque
1653 878 1790 913 quomodo

1009 924 1090 951 tertio
1099 923 1142 951 die
1152 924 1229 951 factae
1237 929 1301 952 sunt
1310 931 1414 956 omnes,
1425 932 1485 959 quae
1496 924 1523 951 in
1532 924 1602 952 caelo
1613 928 1686 956 sunt,
1694 924 1789 952 stellae.

159 963 217 989 τῶν
241 963 421 1000 ζητουμένων
435 965 531 1001 καιρὸς
547 966 580 992 ἂν
595 966 637 1001 εἴη
646 966 744 1002 τρέψαι
764 967 813 1002 τὴν
832 967 959 1003 θεωρίαν,

1012 969 1086 1002 Quod
1097 970 1178 1004 igitur
1188 970 1314 997 omnibus
1326 970 1408 997 rebus
1421 969 1589 997 admirandis
1595 976 1655 1004 quae
1663 976 1792 1003 procrea-

162 1009 225 1042 πῶς
247 1010 323 1046 μετὰ
337 1011 386 1045 τὴν
403 1011 499 1047 τρίτην
518 1011 625 1047 ἡμέραν
647 1013 748 1044 πάντες
762 1014 786 1039 οἱ
807 1014 867 1040 κατ’
880 1014 960 1049 οὐρα-

160 1055 209 1082 νὺν
226 1056 377 1091 φωστῆρες
390 1057 560 1091 πεποίηνται.
578 1057 640 1084 Ὀτι
655 1058 704 1092 μὲν
715 1055 760 1085 οὖν
771 1058 886 1085 ἑκάστου
905 1058 960 1085 τῶν

163 1101 325 1135 γινομένων
351 1102 497 1137 θαυμάτων
526 1102 606 1137 λόγος
631 1112 674 1135 τις
701 1104 772 1135 θεῖος
798 1104 960 1140 καθηγεῖται

163 1148 387 1182 προστακτικὸς,
410 1148 481 1175 οὕτω
505 1148 553 1175 τοῦ
576 1150 699 1181 Μωσέως
722 1150 864 1186 ίστορικῶς
886 1151 960 1185 ἡμᾶς

162 1191 199 1218 τά
220 1191 317 1227 ὑψηλὰ
339 1191 394 1218 τῶν
416 1192 557 1227 δογμάτων
579 1193 806 1226 διδάσκοντος,ἐν
819 1196 875 1227 τοῖς
893 1195 961 1230 φθά-

163 1246 249 1264 σασιν
276 1237 447 1274 ἑξητάσαμεν
465 1238 572 1272 λόγοις,
588 1240 617 1266 ἑν
635 1238 676 1271 οἷς
697 1239 777 1266 τοῦτο
794 1241 960 1276 κατενοήσα-

166 1292 218 1319 μεν
232 1304 241 1317 ,
256 1284 289 1311 τὺ
303 1284 341 1320 μὴ
356 1284 519 1320 πρόσταγμα
535 1282 604 1312 εἶναι
615 1284 659 1312 διὰ
675 1286 804 1321 ῥημάτων
820 1286 961 1321 γινόμενον

164 1330 216 1365 τὴν
233 1330 313 1357 θείαν
333 1331 439 1366 φωνὴν,
453 1330 522 1358 ἀλλὰ
541 1332 590 1366 τὴν
611 1333 740 1367 τεχνικήν
761 1341 791 1359 τε
809 1333 857 1359 καὶ
877 1332 961 1368 σοφὴν

163 1376 288 1412 δύναμιν
301 1377 416 1404 ἑκάστου
433 1377 487 1404 τῶν
501 1377 661 1413 γινομένων,
679 1378 740 1405 καθ’
763 1379 796 1414 ἣν
810 1379 961 1414 ἐνεργεῖται

165 1422 202 1449 τά
215 1423 248 1449 ἑν
263 1424 319 1454 τοῖς
334 1421 394 1450 οὖσι
405 1423 541 1459 θαύματα,
557 1423 637 1451 τοῦτο
652 1424 730 1459 λόγον
743 1424 810 1451 Θεοῦ
825 1426 871 1452 καὶ
888 1423 959 1452 εἶναι

166 1468 217 1494 καὶ
228 1468 376 1503 λέγεσθαι,
396 1470 443 1496 καὶ
455 1469 497 1496 ὅτι
512 1470 614 1502 παντὸς
629 1471 734 1505 ἁθρόως
750 1469 797 1497 τοῦ
821 1471 892 1497 κατὰ
911 1470 961 1506 τὴν

168 1514 263 1541 κτίσιν
286 1515 468 1551 πληρώματος
492 1517 521 1542 ἑν
541 1515 581 1551 τῷ
602 1515 703 1551 πρώτῳ
727 1516 774 1542 τοῦ
792 1516 859 1543 Θεοῦ
884 1516 961 1552 θελής

169 1566 238 1593 ματι
259 1559 420 1592 συστάντος,
433 1561 451 1595 ἡ
470 1560 626 1595 ἀναγκαίως
647 1560 718 1587 κατὰ
734 1561 783 1596 τὴν
796 1561 961 1597 ὲγκειμένην

167 1605 226 1636 τοῖς
240 1602 302 1631 οὖσι
319 1605 416 1639 σοφίαν
434 1605 554 1642 ἑπομένη
571 1605 663 1640 τάξις,
689 1606 758 1642 πρὸς
778 1607 827 1643 τὴν
843 1607 960 1634 ἑκάστου

169 1649 225 1676 τῶν
253 1650 393 1685 στοιχείων
414 1651 559 1685 ἀνάδειξιν,
576 1652 630 1678 τῶν
646 1651 725 1679 θείων
741 1652 962 1688 προσταγμάτων

168 1695 220 1731 τὴν
229 1696 394 1724 ἀκολουθίαν
412 1697 478 1732 ἔχει.
497 1697 618 1726 Συνελὼν
631 1698 686 1734 γάρ
697 1699 726 1726 ἑν
745 1699 778 1734 τῇ
801 1698 896 1734 πρώτῃ
912 1699 962 1734 τῆς

171 1741 338 1777 αίσθητικῆς
354 1742 468 1774 κτίσεως
486 1743 650 1776 ὑποστάσει,
670 1743 853 1779 περιληπτικῇ
867 1744 941 1779 φωνῇ
953 1762 961 1775 ,

171 1787 202 1813 τὺ
227 1787 284 1814 πᾶν
308 1789 322 1815 ό
345 1787 446 1823 Μωσῆς
473 1788 625 1821 ἐνεδείξατο
645 1789 747 1816 εἰπών’
780 1798 791 1815 ‹
822 1789 865 1816 Ἐν
890 1789 961 1824 ἀρχῇ

171 1832 302 1868 εποίησεν
320 1834 336 1859 ό
349 1833 416 1866 Θεὸς
432 1834 479 1861 τδν
497 1835 609 1870 οὐρανὸν
624 1834 671 1861 καὶ
689 1834 739 1870 τὴν
753 1835 816 1870 γῆν.
837 1844 846 1860 ι
864 1834 901 1861 Τὸ
914 1832 962 1861 οὖν

173 1878 314 1914 πλήρωμα
327 1878 381 1906 τῶν
394 1879 478 1907 ὄντων
496 1879 580 1906 εἰπὼν
593 1881 633 1906 ὅτι
647 1880 785 1915 ἑποίησεν,
797 1879 914 1915 καθεξῆς
933 1880 962 1907 ἑν

172 1923 251 1956 τάξει
263 1925 318 1951 τινὶ
341 1927 442 1961 φυσικῇ
456 1925 505 1961 τὴν
523 1925 668 1961 γινομένην
683 1926 798 1953 ἑκάστου
813 1926 867 1952 τῶν
878 1926 962 1953 ὅντων

172 1969 308 2002 ἀνάδειξιν
336 1971 543 2006 ἑπισημειοῦται
569 1971 608 2006 τῷ
638 1971 719 2006 λόγῳ.
748 1972 846 2006 Γέγονε
872 1971 962 1998 τοίνυν

175 2018 245 2052 μετὰ
261 2017 370 2044 πάντων
388 2017 419 2044 τὸ
435 2017 508 2052 φῶς,
523 2017 580 2044 ἀλλ’
593 2017 644 2043 οὐκ
659 2017 738 2048 εὐθὺς
755 2016 896 2053 προεφάνη
907 2016 961 2043 τῶν

174 2063 298 2096 πάντων,
312 2063 364 2094 ἕως
384 2062 419 2090 τά
431 2063 540 2098 ἀφεγγῆ
553 2064 602 2098 τῆς
621 2062 736 2094 κτίσεως
750 2062 819 2098 μέρη
834 2062 882 2098 τῆς
905 2070 962 2096 φω-

173 2110 297 2146 τιστικῆς
312 2110 528 2145 ἐπιπροσθοῦντα
543 2110 683 2146 δυνάμεως
701 2109 796 2145 ἔμενεν
806 2117 814 2125 ⁸
841 2109 908 2145 ὁμοῦ
932 2109 961 2135 δὲ

173 2156 214 2191 τῷ
232 2156 341 2191 δοθῆναι
364 2156 440 2191 παρά
457 2156 504 2182 τοῦ
525 2155 592 2182 Θεοῦ
604 2157 638 2192 τῇ
652 2156 738 2182 κτίσει
753 2155 822 2191 πρὸς
837 2155 886 2191 τὴν
901 2154 960 2182 δια·
974 2166 999 2196 D

174 2201 310 2236 κόσμησιν
330 2201 414 2236 αὐτῆς
433 2201 464 2228 τὸ
488 2201 637 2236 ἐνδόσιμον,
658 2201 675 2235 ὴ
704 2201 832 2236 πυρώδης
858 2209 888 2227 τε
911 2201 960 2227 καὶ

175 2246 325 2282 φωτιστικὴ
347 2246 461 2281 δύναμις
486 2247 536 2281 τῆς
560 2246 674 2278 κτίσεως
704 2247 843 2282 προεφάνη
865 2246 895 2273 ὲν
921 2245 961 2281 τῷ

175 2291 268 2326 κούφῳ
295 2292 341 2318 καὶ
365 2292 497 2331 εὐκινήτῳ
522 2292 572 2328 τῆς
591 2291 715 2326 φύσεως,
739 2291 959 2327 προεξαλλομένη

174 2337 228 2363 τῶν
243 2337 340 2364 ἄλλων.
366 2338 422 2364 Καὶ
447 2339 516 2370 τέως
539 2338 589 2374 μὲν
619 2335 654 2373 ἦν
672 2338 748 2365 πᾶσα
768 2337 833 2373 περὶ
856 2338 960 2373 ἑαυτὴν

175 2382 340 2419 ¹ἡθροισμένη
355 2383 402 2410 καὶ
415 2383 599 2421 περιπολοῦσα
612 2383 643 2411 τὺ
659 2385 712 2411 πᾶν
723 2392 729 2399 ·
745 2384 814 2419 μετὰ
829 2383 908 2410 τοῦτο
929 2383 958 2410 δὲ

176 2428 257 2455 πάλιν
282 2430 338 2461 τοῖς
363 2429 437 2462 ίδίοις
460 2429 564 2466 μορίοις
589 2429 657 2465 πρὸς
678 2429 712 2456 τὰ
725 2429 843 2465 συγγενῆ
866 2437 895 2455 τε
911 2429 959 2455 καὶ

176 2475 331 2510 κατάλληλα
349 2475 524 2512 διακρίνεται.
543 2476 627 2511 Δῆλον
644 2475 698 2511 γὰρ
719 2477 751 2502 ἑκ
777 2475 832 2501 τῶν
851 2474 958 2510 ὁρωμέ-

175 2530 239 2554 νων,
258 2522 299 2548 ὅτι
321 2522 352 2549 οὐ
370 2523 418 2558 μία
433 2524 482 2558 τῆς
494 2523 658 2558 φωτιστικῆς
672 2521 778 2557 φύσεώς
797 2521 898 2556 ἑστινὴ
913 2520 960 2547 δύ-

1009 1018 1044 1041 ta:
1065 1019 1129 1042 sunt
1142 1034 1149 1046 ,
1164 1014 1286 1042 divinum
1307 1014 1442 1049 quoddam
1458 1014 1614 1041 mandatum
1630 1013 1791 1049 imperium-

1010 1067 1063 1095 que
1084 1060 1221 1095 sigillatim
1247 1060 1435 1095 praecesserit,
1458 1067 1491 1087 ex
1512 1059 1595 1088 Mosis
1618 1059 1731 1087 historia
1752 1059 1793 1086 sic

1009 1106 1116 1133 excelsa
1136 1106 1194 1133 haec
1216 1105 1324 1134 decreta
1343 1105 1542 1140 complectente
1555 1106 1583 1132 in
1601 1105 1791 1141 superioribus

1009 1152 1267 1184 animadvertimus,
1294 1151 1517 1187 didicimusque,
1543 1151 1666 1178 divinam
1694 1158 1791 1178 vocem

1010 1205 1064 1225 non
1093 1205 1155 1225 esse
1171 1198 1328 1225 mandatum
1345 1198 1435 1226 verbis
1458 1205 1630 1233 expressum.
1654 1201 1681 1224 et
1703 1196 1792 1231 expli-

1009 1245 1114 1275 catum,
1131 1241 1178 1269 sed
1190 1242 1322 1269 artificem
1333 1249 1365 1269 ac
1379 1243 1529 1276 sapientem
1541 1242 1569 1268 in
1583 1242 1664 1269 rebus
1676 1240 1791 1275 singulis

1009 1290 1187 1322 potestatem,
1206 1295 1259 1322 qua
1276 1295 1318 1319 ea,
1333 1295 1395 1322 quae
1412 1288 1439 1314 in
1455 1288 1522 1322 ipsis
1537 1292 1689 1315 cernuntur
1703 1287 1791 1313 admi-

1009 1334 1122 1365 rabilia,
1146 1333 1269 1368 perfecta
1291 1337 1372 1365 sunt,
1402 1334 1545 1368 primaque
1569 1333 1617 1361 Dei
1651 1333 1792 1360 voluntate

1010 1379 1103 1406 statim
1117 1379 1230 1406 omnino
1246 1387 1337 1407 rerum
1353 1379 1558 1406 universitatem
1576 1378 1727 1411 exstitisse,
1747 1386 1794 1405 or-

1010 1425 1159 1461 dinemque
1188 1425 1333 1460 sapientia
1363 1426 1391 1452 in
1419 1425 1488 1461 ipsis
1521 1425 1610 1453 insita:
1634 1425 1794 1452 necessario

1011 1475 1216 1507 permanentem
1225 1471 1380 1499 divinorum
1391 1472 1583 1499 mandatorum
1594 1471 1647 1498 vim
1656 1476 1683 1498 et
1694 1471 1794 1498 seriem

1012 1517 1145 1545 obtinere.
1170 1516 1291 1544 Breviter
1313 1517 1386 1544 enim
1412 1524 1518 1548 rerum,
1541 1524 1604 1551 quae
1629 1523 1714 1544 sensu
1730 1523 1793 1550 per-

1011 1562 1161 1597 cipiuntur,
1189 1563 1411 1597 procreationem
1441 1563 1638 1597 complectens,
1662 1562 1793 1589 mundum

1011 1608 1169 1635 universum
1182 1607 1312 1640 ostendit,
1329 1617 1338 1634 ι
1348 1608 1376 1635 1η
1388 1608 1535 1643 principio,
1552 1618 1561 1634 I
1580 1608 1720 1642 inquiens,
1730 1617 1739 1633 ι
1754 1607 1795 1635 fe-

1011 1652 1049 1679 cit
1065 1652 1138 1680 Deus
1158 1652 1259 1680 coelum
1275 1656 1302 1679 et
1315 1656 1427 1679 terram.
1440 1661 1450 1678 ι
1468 1652 1574 1685 Quibus
1592 1651 1682 1679 verbis
1699 1658 1792 1678 rerum

1010 1697 1194 1725 universitate
1218 1697 1436 1732 comprehensa,
1471 1697 1603 1732 deinceps
1637 1697 1792 1723 naturalem

1012 1742 1155 1778 quemdam
1169 1743 1342 1778 singulorum
1358 1744 1483 1771 ordinem
1500 1742 1684 1779 persequitur.
1704 1741 1794 1769 Simul

1011 1789 1095 1824 igitur
1116 1796 1178 1815 cum
1205 1788 1320 1823 reliquis
1344 1788 1427 1816 rebus
1454 1788 1583 1815 omnibus
1610 1789 1739 1822 generata
1753 1789 1794 1812 est

1011 1835 1070 1866 lux,
1093 1834 1141 1862 sed
1163 1841 1218 1862 non
1242 1834 1378 1869 extemplo
1403 1834 1486 1861 rebus
1510 1833 1639 1861 omnibus
1656 1831 1793 1868 praelusit,

1011 1880 1133 1916 quandiu
1152 1885 1243 1914 partes
1258 1887 1349 1907 rerum
1365 1879 1489 1907 obscurae
1505 1879 1559 1906 vim
1575 1878 1636 1913 ejus
1653 1878 1794 1905 illustran-

1012 1929 1067 1952 tem
1084 1924 1303 1959 impediverunt;
1326 1928 1354 1951 at
1369 1924 1451 1951 simul
1478 1929 1561 1959 atque
1579 1924 1649 1951 ratio
1663 1930 1794 1950 concessa

1011 1972 1055 1997 est
1081 1977 1096 1996 a
1113 1969 1180 2002 Deo,
1198 1969 1277 2005 ignea
1291 1968 1333 1996 vis
1346 1968 1504 1997 illustrandi
1517 1966 1793 2002 praefulsitomnibus,

1012 2015 1121 2051 sibique
1142 2020 1246 2043 natura:
1264 2015 1383 2048 levitate,
1409 2021 1442 2041 ac
1467 2014 1630 2047 mobilitate,
1655 2012 1792 2048 patefacta

1012 2062 1067 2094 via,
1092 2062 1238 2097 prosilivit.
1268 2061 1308 2088 Ac
1331 2065 1398 2089 tunc
1426 2060 1536 2096 quidem
1557 2060 1684 2087 universa
1709 2059 1737 2086 in
1764 2066 1794 2085 se

1012 2111 1109 2135 coacta
1127 2107 1259 2134 mundum
1273 2107 1367 2135 obibat
1383 2115 1390 2134 :
1406 2113 1468 2134 mox
1495 2109 1586 2133 autem
1603 2104 1722 2140 propriis
1737 2111 1801 2138 par-

1012 2153 1087 2180 tibus
1102 2153 1129 2180 in
1141 2160 1184 2185 ea,
1198 2159 1259 2188 quae
1280 2152 1331 2180 sibi
1350 2156 1467 2188 cognata
1483 2151 1687 2186 conjunctaque
1705 2153 1794 2180 erant,

1012 2199 1098 2227 divisa
1117 2203 1169 2228 est.
1197 2198 1274 2232 Quod
1299 2202 1391 2226 autem
1413 2198 1475 2233 ejus
1499 2202 1597 2225 natura
1619 2204 1675 2224 non
1700 2198 1736 2224 sit
1762 2203 1795 2223 ex

1010 2246 1055 2278 iis,
1070 2253 1131 2280 qua:
1145 2245 1282 2276 videntur,
1300 2244 1475 2280 perspicuum
1493 2248 1546 2271 est.
1569 2241 1599 2269 Si
1621 2242 1683 2277 quis
1703 2246 1794 2268 tamen

1012 2292 1100 2319 lucem
1113 2299 1146 2319 ex
1164 2291 1294 2318 omnibus
1310 2293 1433 2317 coactam
1450 2296 1532 2316 uuam
1550 2295 1613 2316 esse
1633 2295 1732 2322 genere
1754 2287 1794 2314 di-

1011 2341 1067 2370 cat,
1095 2345 1151 2365 non
1181 2337 1296 2370 errabit,
1327 2336 1438 2372 quando
1462 2336 1572 2362 divinus
1599 2335 1681 2362 etiam
1704 2341 1794 2362 sermo

1012 2383 1147 2418 singulari
1171 2390 1239 2411 voce
1265 2383 1423 2410 universam
1448 2381 1594 2417 signiﬁcat,
1621 2381 1792 2417 praecipiens,

1013 2433 1044 2456 ut
1056 2429 1100 2456 lux
1111 2449 1118 2462 ,
1136 2436 1191 2456 non
1207 2433 1308 2461 autem,
1331 2432 1360 2456 ut
1377 2429 1469 2464 plures
1484 2429 1560 2457 iiant.
1578 2428 1676 2455 Verum
1694 2427 1717 2454 si
1732 2428 1794 2460 quis

1013 2482 1055 2508 ea,
1066 2481 1126 2509 qua:
1140 2473 1280 2506 videntur,
1297 2474 1444 2509 aspexerit,
1461 2474 1639 2509 multiplicem
1655 2473 1794 2500 illustran-

1012 2521 1048 2548 tis
1063 2520 1191 2556 potentia:
1205 2520 1388 2548 diﬂ‘crentiam
1414 2521 1441 2548 in
1459 2521 1543 2549 rebus
1559 2519 1775 2547 animadvertet.

175 2575 274 2603 ναμις’
294 2567 363 2595 ἀλλὰ
380 2568 419 2604 τῷ
442 2569 490 2604 μὲν
515 2567 616 2603 γενικῷ
634 2567 705 2602 λόγῳ
726 2567 755 2593 ἑν
781 2575 822 2598 τις
846 2565 986 2602 ὀνομάζων
1005 2567 1063 2602 φῶς
1082 2567 1113 2594 τδ
1132 2568 1165 2593 ἑκ
1185 2567 1294 2594 πάντων
1316 2567 1524 2603 ἀθροιζόμενον,
1545 2565 1595 2592 οὐκ
1609 2564 1642 2591 ἃν
1661 2564 1794 2600 ἁμάρτοι,

176 2614 236 2641 ἐπεὶ
249 2614 296 2641 καὶ
306 2615 320 2641 ὁ
335 2614 405 2646 θεῖος
419 2615 496 2649 λόγος
509 2615 542 2650 τῇ
558 2614 633 2649 ἑνικῇ
650 2614 725 2649 φωνῇ
740 2613 880 2649 καταρχὰς
891 2613 922 2639 τὸ
938 2614 991 2639 πᾶν
1005 2613 1191 2648 διασημαίνει,
1213 2613 1280 2648 φῶς,
1303 2614 1363 2649 οὐχὶ
1378 2614 1454 2648 φῶτα
1471 2611 1616 2648 γενηθῆναι
1630 2612 1794 2646 προστάξας.

177 2662 208 2688 Εἰ
224 2661 252 2688 δὲ
263 2660 331 2696 πρὸς
346 2660 379 2687 τὰ
394 2661 543 2696 φαινόμενα
557 2659 650 2696 βλέποι
662 2667 713 2693 τις,
734 2659 833 2695 πολλὴν
847 2659 896 2694 τὴν
910 2659 960 2694 τῆς
973 2659 1140 2694 φωτιστικῆς
1157 2660 1295 2695 δυνάμεως
1311 2660 1440 2695 διαφορὰν
1454 2660 1482 2686 ἑν
1496 2659 1551 2689 τοῖς
1567 2655 1626 2683 οὖσι
1636 2657 1736 2692 και-ὀψε
1744 2666 1791 2684 ιιαι.

212 2707 292 2735 Ὀθεν
312 2707 360 2733 καὶ
387 2708 401 2734 ὁ
415 2707 568 2743 Ψαλμῳδός
593 2715 689 2743 φησιν·
719 2715 729 2732 ι
747 2705 792 2741 Τῷ
819 2706 961 2741 ποιήσαντι

176 2753 253 2788 φῶτα
279 2754 386 2789 μεγάλα
410 2754 491 2790 μόνῳ.
518 2764 526 2781 ι
543 2753 616 2787 Καὶ,
635 2763 644 2780 ι
671 2753 754 2788 Ἀλλη
768 2752 832 2785 δόξα
849 2753 957 2788 hunc”

211 2845 234 2861 ³³
248 2845 321 2874 Psal.
336 2854 433 2878 cxxxv.
445 2847 471 2875 4.

1048 2704 1219 2741 Quapropter
1243 2706 1324 2733 etiam
1349 2705 1484 2740 Propheta
1510 2703 1601 2730 dicit:
1621 2712 1630 2727 ι
1651 2702 1703 2735 Qui
1728 2703 1791 2729 iacit

1013 2752 1159 2780 luminaria
1174 2759 1270 2787 magna
1287 2751 1362 2779 solus
1371 2751 1403 2777 ³³.
1418 2759 1428 2776 ι
1443 2749 1475 2777 Et
1485 2748 1630 2784 Apostolus
1646 2757 1653 2775 :
1669 2757 1678 2774 ι
1695 2748 1766 2780 Alia,
1782 2757 1790 2774 ι
