1919 3069
124 131 171 160 115

121 190 218 224 inquit,
244 198 252 214 ι
267 193 309 216 est
327 189 439 217 claritas
452 190 530 223 solis,
548 190 599 217 alia
616 190 727 219 claritas
751 193 832 224 lunae,
846 193 898 219 alia
914 196 936 223 Α

122 234 233 262 claritas
259 235 401 262 stellarum
418 245 424 262 :
443 235 523 263 stella
542 237 616 263 enim
637 236 727 264 diﬂ‘ert
745 245 760 264 a
778 238 857 265 stella
873 239 901 264 in

121 281 246 308 claritate
267 280 306 315 ³⁸;
331 291 342 307 ι
366 281 460 316 itaque
483 283 568 310 multa
597 283 668 310 lucis
699 283 810 310 omnino
838 287 902 310 sunt

120 325 291 353 discrimina.
306 326 339 354 Et
354 335 510 362 quanquam
522 328 625 360 omnia,
638 336 698 363 quae
710 329 812 356 Paulus
829 336 900 355 enu-

120 371 246 404 meravit,
258 371 412 399 illustrandi
423 373 476 400 vim
493 373 604 406 habent,
616 378 643 401 et
665 381 714 401 sua
727 374 900 409 unumquod-

119 425 174 451 que
206 421 342 452 potestate
372 419 551 454 claritaleque
585 420 841 454 comprehenditur,
871 426 901 448 ut

121 468 220 490 cuncta
246 465 384 492 communi
410 465 520 493 nomine
542 465 588 492 lux
613 473 667 493 una
696 470 771 493 recte
794 466 900 501 possint

121 509 263 543 appellari,
286 515 368 536 certae
390 514 481 538 tamen
506 510 532 537 in
554 510 597 537 his
615 511 807 546 distinctaeque
823 511 900 540 diﬂ'e-

120 554 215 580 i'entiaa
237 558 406 588 spectantur.
425 554 490 588 Qua:
506 562 568 582 cum
581 555 618 582 ita
633 564 662 583 se
677 557 802 588 habeant.
819 565 869 584 nos
884 565 899 584 a

121 606 185 626 vero
197 599 308 626 minime
323 607 482 628 recessuros
495 600 631 632 existimo,
647 601 669 628 si
689 601 849 635 dixerimus,
862 602 899 629 ita

120 644 221 671 Mosem
248 644 416 673 intellexisse
445 654 453 672 :
487 646 568 673 initio
596 647 704 681 quidem
730 643 814 674 lotam
844 648 898 674 vim

120 688 277 716 illustrandi
302 690 330 717 in
352 698 435 717 unum
456 696 647 727 congregatam
668 692 755 720 fuisse
772 703 777 719 :
792 700 898 724 verum.

120 741 182 760 cum
208 735 301 762 multae
323 740 415 763 essent
438 736 465 763 in
498 737 650 764 subtilitate
673 737 896 773 mobilitateque,

119 783 252 813 quantum
285 780 318 806 ad
343 781 473 814 majorem
497 782 686 817 mitioremque
711 784 897 817 praestantiam

120 824 248 858 pertinet.
268 824 295 851 in
310 825 494 853 universitatis
515 832 613 853 natura
631 827 801 860 dilferentiaa,
816 828 897 855 trium

119 869 224 897 dierum
241 870 358 905 spatium
377 871 463 899 fuisse
476 873 544 900 satis
563 872 595 899 ad
614 880 672 900 eam
692 881 754 900 vera
771 877 898 909 certaque
913 875 933 903 Β

119 914 225 943 ratione
242 916 471 951 distinguendam,
495 922 534 950 ut,
557 918 629 952 quod
651 920 678 945 in
702 924 800 946 natura
820 920 898 955 ignea

119 959 236 988 maxime
257 964 315 987 erat
338 961 446 993 subtile,
469 970 501 990 ac
517 963 584 996 leve,
611 967 637 990 et
662 972 730 998 pure
747 972 762 992 a
786 966 898 993 materia

119 1010 264 1037 remotum,
280 1014 416 1034 summum
437 1015 539 1042 rerum,
564 1017 624 1045 qua:
645 1011 697 1037 sub
720 1019 829 1038 sensum
850 1020 897 1039 εει-

117 1048 197 1081 dunt,
215 1048 354 1084 fastigium
371 1050 506 1079 obtineret
522 1061 528 1078 :
542 1051 593 1079 hoc
607 1059 670 1079 vero
684 1053 859 1088 intelligibilis
871 1058 898 1082 et

119 1093 281 1128 incorporea
295 1097 392 1121 natura
414 1095 552 1122 admittit:
567 1097 640 1130 quod
663 1100 752 1124 autem
773 1098 896 1131 inertius,

119 1145 151 1165 ac
162 1138 285 1173 segnius,
302 1139 372 1166 intra
388 1139 540 1167 subtilioris
554 1140 718 1176 leviorisquc
729 1143 897 1177 complexum

117 1183 299 1217 consisteret;
322 1188 349 1211 et
367 1185 418 1212 hoc
436 1191 546 1212 rursum
565 1193 598 1213 ex
619 1186 706 1213 insitae
725 1188 898 1222 proprietatis

117 1229 270 1257 differentia
285 1230 313 1257 in
334 1235 436 1265 septem
455 1231 523 1259 lucis
539 1236 629 1266 partes
647 1232 824 1266 divideretur,
840 1241 899 1260 om-

117 1281 166 1301 nes
187 1275 258 1302 inter
278 1283 308 1302 se
330 1276 433 1304 similes
481 1281 562 1312 atque
587 1283 733 1312 cognatas,
761 1279 898 1313 sejunctas

117 1327 208 1350 autem
224 1331 239 1350 a
255 1324 345 1357 rebus,
357 1332 417 1359 quae
425 1325 523 1352 diversi
535 1326 642 1360 generis
654 1326 751 1353 forent.
764 1326 898 1355 Omnibus

116 1375 180 1402 ergo
196 1368 347 1402 particulis,
364 1377 424 1404 qua:
438 1369 464 1396 in
482 1370 548 1397 solis
573 1370 754 1398 illustrantem
771 1376 897 1398 naturam

116 1412 248 1447 conjecta:
272 1418 357 1446 sunt,
378 1415 608 1443 concurrentibus
623 1435 630 1447 ,
660 1423 744 1442 unum
768 1416 897 1451 quiddam

116 1466 244 1493 magnum
258 1459 382 1488 effectum
402 1465 454 1489 cst.
471 1461 549 1494 Quod
567 1461 660 1489 itidem
676 1462 765 1489 evenit
777 1462 804 1489 in
823 1463 896 1494 luna,

115 1506 276 1539 caeterisque
283 1509 339 1532 tum
348 1505 502 1534 errantibus
511 1510 567 1533 tum
575 1513 629 1533 non
638 1507 791 1534 errantibus
799 1507 895 1539 stellis,

115 1553 146 1576 ut
158 1549 286 1576 similium
299 1551 433 1586 cujusque
446 1551 641 1586 particularum
650 1560 802 1579 concursus
814 1560 894 1580 unam
909 1545 931 1576 ο

115 1593 235 1628 aliquam
250 1601 344 1621 earum
358 1595 491 1629 efﬁceret;
505 1600 586 1631 atque
600 1596 638 1624 ita
654 1604 750 1624 omnes
766 1597 897 1625 confecta:

115 1642 191 1666 sunt.
213 1639 364 1668 Contentus
385 1646 474 1669 autem
486 1641 585 1675 Moses,
599 1650 631 1670 ex
645 1643 677 1670 iis
691 1643 825 1671 luminare
837 1649 897 1670 tan-

115 1688 172 1711 tum
187 1685 276 1719 majus
289 1690 317 1713 et
336 1686 469 1714 luminare
486 1688 577 1715 minus
602 1688 768 1720 nominasse,
784 1694 896 1716 caeteras

114 1737 209 1758 onmes
227 1732 367 1773 communi
394 1733 503 1760 nomine
524 1733 617 1761 stellas
643 1734 796 1768 appellavit.
817 1735 895 1768 Quod

119 1779 210 1803 autem
225 1776 355 1812 fatigetur
370 1785 447 1806 mens
462 1783 564 1812 nostra,
575 1784 603 1806 et
614 1781 732 1814 pondere
742 1788 792 1808 suo
802 1789 895 1816 pressa

118 1829 174 1849 non
192 1822 278 1856 possit
300 1823 399 1851 divinae
422 1825 563 1859 sapientiae.
576 1825 758 1853 subtilitatem
775 1828 894 1862 assequi,

113 1875 194 1895 nemo
216 1868 382 1900 admiretur,
412 1870 459 1897 sed
487 1874 590 1897 naturae
611 1875 711 1898 nostra:
736 1872 894 1899 tenuitatem

113 1917 248 1947 excuset;
272 1921 333 1942 cum
352 1922 405 1950 qua
426 1915 556 1950 praeclare
576 1917 676 1951 agitur,
701 1924 755 1943 non
776 1917 799 1943 si
820 1917 894 1944 nulla

112 1961 139 1986 in
157 1963 183 1987 te
208 1960 389 1994 aberraverit,
413 1962 462 1990 sed
484 1962 508 1990 si
530 1964 572 1990 vel
597 1971 678 1990 unam
700 1964 830 1998 consequi
847 1971 896 1998 po-

113 2006 206 2032 tuerit.
228 2005 292 2034 Haec
316 2011 406 2035 autem
423 2007 496 2041 dico,
514 2009 579 2036 illuc
594 2009 755 2043 respiciens,
775 2017 835 2044 quae
860 2010 894 2036 sit

112 2051 182 2078 ratio
206 2050 289 2086 hujus
300 2054 383 2079 trium
409 2053 517 2081 dierum
535 2054 626 2088 spatii,
644 2054 716 2089 quod
732 2054 800 2082 satis
813 2054 894 2082 fuerit

111 2096 145 2122 ad
171 2104 203 2124 ea
228 2097 432 2132 distinguenda,
450 2107 510 2134 qua:
528 2100 587 2127 luce
610 2099 721 2134 praedita
750 2105 824 2127 sunt.
846 2099 894 2127 Est

111 2141 183 2168 enim
199 2143 290 2177 aliqua
313 2143 443 2172 nimirum
464 2145 549 2178 ratio,
570 2145 634 2173 licet
653 2147 827 2180 prastantior
846 2146 892 2178 sit,

112 2193 192 2220 quam
212 2191 242 2213 ut
257 2195 316 2215 eam
332 2196 383 2217 nos
395 2189 546 2224 intelligere
559 2191 708 2222 valeamus,
724 2200 777 2227 qua
788 2197 893 2227 tempo-

111 2231 150 2258 ris
176 2232 258 2267 hujus
282 2241 411 2261 mensura
426 2235 507 2263 rebus
522 2237 622 2263 lucidis
633 2237 810 2272 disponendis
824 2246 893 2273 prte-

112 2278 213 2310 scripta
228 2282 280 2311 est,
305 2279 427 2308 adhibito
449 2283 582 2316 temporis
598 2283 678 2310 modo
700 2288 726 2311 et
742 2286 892 2318 quantitate

113 2324 231 2351 actionis
247 2325 318 2359 ignis
330 2325 356 2352 in
369 2330 454 2359 motu,
472 2327 597 2363 factaque
612 2329 680 2357 lucis
696 2330 831 2358 divisione
843 2339 891 2366 pro

112 2376 206 2396 earum
222 2375 336 2402 natura,
356 2371 424 2399 adeo
446 2376 492 2405 ut,
508 2381 569 2400 cum
591 2374 646 2402 sint
663 2375 690 2402 in
707 2377 748 2403 eis
764 2375 890 2403 innume-

112 2413 212 2441 rabiles
231 2415 399 2449 differentiae,
419 2418 447 2444 in
473 2427 522 2446 suo
544 2424 634 2447 tamen
658 2421 772 2455 singulae
796 2422 849 2449 situ
877 2430 891 2449 a

113 2460 231 2486 naturali
253 2463 419 2496 proprietate
441 2464 579 2492 collocatie
602 2466 667 2498 sint,
690 2475 744 2501 quo
761 2467 890 2495 nimirum

113 2509 217 2532 naturae
237 2505 279 2534 vis
305 2507 385 2534 insita
407 2509 527 2544 singulas
549 2510 636 2537 duxit.
665 2511 719 2538 Nec
747 2512 801 2538 ulla
826 2520 891 2539 con-

113 2555 206 2577 secuta
229 2551 355 2580 confusio
376 2558 428 2586 est,
452 2559 499 2582 aut
511 2558 688 2591 perturbatio,
709 2562 819 2592 propter
845 2566 890 2584 or-

113 2595 202 2623 dinem
227 2604 242 2623 a
266 2597 358 2625 divina
384 2600 516 2634 sapientia
545 2609 592 2636 pro
616 2602 735 2628 naturali
759 2602 891 2636 cujusque

114 2642 277 2675 proprietate
298 2644 412 2679 singulis
438 2645 601 2679 adhibitum,
636 2647 842 2680 immutabilem,
863 2651 892 2674 ut

113 2686 280 2720 superiorem
300 2691 438 2724 regionem
455 2692 574 2719 circulus
599 2693 746 2728 obliquus,
778 2701 824 2720 scu
855 2693 892 2719 si-

113 2731 200 2766 gnifer
223 2740 380 2769 occuparet.
407 2737 436 2765 in
459 2737 512 2764 hoc
544 2743 635 2765 autem
666 2743 768 2766 certam
795 2745 892 2765 unum-

908 2212 930 2239 D

147 2812 169 2828 ³⁵
187 2812 267 2840 lCor.
285 2822 310 2846 v,
331 2815 373 2842 41.

732 133 758 161 S.
781 132 942 161 GREGORH
962 131 1106 159 NYSSENI

1683 128 1736 157 “6

950 193 1030 227 φησὶν
1046 192 1060 218 ὀ
1074 190 1247 221 Ἀπόστολος,
1277 197 1286 214 ι
1301 188 1348 215 καὶ
1371 187 1435 222 ἄλλη
1459 186 1521 218 δόξα
1545 186 1666 222 σελήνης,
1689 187 1736 213 καὶ

951 237 1016 272 ἄλλη
1044 236 1107 268 δόξα
1133 235 1270 270 ἀστέρων·
1295 232 1382 268 ἀστὴρ
1409 231 1463 266 γὰρ
1476 231 1588 265 ἀστέρος
1612 231 1736 266 διαφέρει

951 283 979 308 ὲν
992 281 1053 317 δόξῃ
1063 302 1069 313 ,
1088 291 1097 306 ι
1114 280 1151 312 ὡς
1165 280 1265 314 πολλῆς
1279 278 1387 309 πάντως
1396 278 1444 312 τῆς
1460 276 1530 303 κατὰ
1541 275 1570 302 τὸ
1581 275 1638 310 φῶς
1651 275 1737 310 of;qu

949 327 1089 362 διαφορᾶς.
1112 327 1143 352 Εἰ
1153 325 1208 362 γὰρ
1221 325 1268 351 καὶ
1281 324 1370 351 πάντα
1384 323 1512 357 φωτίζειν
1523 321 1644 356 πέφυκεν
1660 322 1712 348 ὅσα
1722 322 1737 347 6

950 373 1054 404 Παῦλος
1070 373 1171 407 ἀπηριθ
1176 373 1290 407 μήσατο,
1304 371 1351 397 καὶ
1359 370 1473 396 ἕκαστον
1486 370 1514 395 ὲν
1529 367 1664 404 ἰδιαζούσῃ
1679 368 1736 394 τινὶ

949 419 1061 454 δυνάμει
1073 419 1119 445 καὶ
1135 417 1197 453 δόξῃ
1212 415 1468 451 καταλαμϐάνεται’
1492 413 1583 445 καλῶς
1608 414 1641 440 ἂν
1666 413 1735 448 ἔχοι,

949 465 978 490 ἓν
997 464 1054 499 φῶς
1074 463 1107 490 τὰ
1120 463 1206 489 πάντα
1224 461 1296 489 κατὰ
1313 462 1358 487 τὸν
1373 461 1480 495 γενικὸν
1497 459 1678 494 ὀνομάζεσθαι
1692 459 1737 485 λό-

949 518 1007 544 γον,
1018 509 1167 544 ἁσύγχυτον
1183 509 1211 535 δὲ
1221 508 1268 535 καὶ
1280 506 1448 543 διῃρημένην
1458 506 1508 540 τὴν
1518 506 1547 531 ἐν
1558 505 1662 536 τούτοις
1675 505 1735 531 δια-

950 555 1035 590 φορὰν
1053 555 1174 589 θεωρεῖν.
1196 554 1226 580 El
1243 553 1272 579 δὲ
1285 553 1369 578 ταῦτα
1381 551 1474 578 τοῦτον
1490 550 1545 586 ἔχει
1559 550 1604 577 τὸν
1621 551 1734 586 τρόπον,

949 600 998 626 οὐκ
1009 600 1042 626 ἂν
1050 597 1292 634 οἷμαιδιαμαρτεῖν
1304 597 1353 633 τῆς
1363 595 1522 626 ἀκολουθίας
1532 596 1580 630 τὴν
1595 594 1735 630 ἡμετέραν

949 644 1092 679 ὑπόληψιν,
1099 644 1205 670 εἰτοῦτο
1214 643 1395 678 ὑπολάϐοιμεν
1401 642 1557 675 νενοηκέναι
1566 642 1611 668 τὸν
1622 641 1732 668 Μωσέα·

948 691 989 717 ὃτι
1002 690 1141 725 καταρχὰς
1149 689 1197 724 μὲν
1207 690 1304 724 πᾶσαὴ
1315 688 1463 723 φωτιστικὴ
1474 687 1586 722 δύναμις
1599 688 1666 722 πρὸς
1674 688 1735 714 ἑαυ-

948 736 997 771 τὴν
1005 735 1177 770 ἀθροισθεῖσα
1189 734 1218 761 ἓν
1226 735 1332 768 ἐγένετο
1341 735 1408 769 φῶς·
1419 734 1478 761 ἐπεὶ
1485 734 1512 760 δὲ
1520 733 1603 768 πολλή
1613 731 1692 767 τιςῆν
1704 734 1734 759 ἐν

948 780 987 815 τῷ
997 780 1085 815 λεπτῷ
1095 789 1125 806 τε
1138 780 1184 806 καὶ
1198 780 1332 815 εὐκινήτῳ
1346 781 1420 816 παρὰ
1436 781 1467 807 τὸ
1484 781 1582 816 μᾶλλον
1593 780 1638 806 καὶ
1650 777 1733 815 ἦττον

948 827 965 861 ἡ
974 826 1088 862 διαφορὰ
1114 827 1142 852 ὲν
1154 827 1186 860 τῇ
1197 826 1249 852 τῶν
1259 826 1326 852 ὅλων
1342 827 1420 861 φύσει
1434 826 1618 862 θεωρουμένη,
1630 826 1732 861 ἢρκεσε

947 873 977 898 τὸ
993 873 1139 908 τριήμερον
1158 872 1253 906 χρόνου
1265 872 1414 908 διάστημα,
1430 873 1480 906 τὴν
1498 873 1612 900 ἑκάστου
1628 872 1732 898 τούτων

948 919 1082 954 διάκρισιν
1101 917 1207 952 τρανῶς
1227 927 1257 944 τε
1280 919 1327 945 καὶ
1345 918 1505 953 ἀσυγχύτως
1534 919 1580 945 ἀπ’
1608 918 1731 952 ἀλλήλων

949 964 1120 999 ποιήσασθαι,
1145 963 1214 990 ὣστε
1233 964 1263 990 τὸ
1284 964 1332 998 μὲν
1345 963 1436 999 ἄκρως
1450 964 1547 990 λεπτὸν
1558 972 1587 989 τε
1606 964 1652 990 καὶ
1666 962 1730 989 κοῦ-

948 1017 998 1043 φον
1008 1009 1057 1044 τῆς
1071 1008 1208 1044 πυρώδους
1215 1009 1318 1041 οὐσίας,
1329 1009 1374 1034 καὶ
1389 1008 1515 1044 καθαρῶς
1531 1008 1626 1039 ἄῡλον,
1643 1010 1671 1034 ὲν
1690 1007 1730 1042 τῷ

948 1055 1090 1090 ἀκροτάτῳ
1109 1054 1232 1087 γενέσθαι
1250 1054 1299 1087 τῆς
1321 1054 1452 1090 αἰσθητῆς
1474 1055 1588 1085 κτίσεως
1612 1055 1696 1089 (ὅπερ
1712 1054 1728 1087 ἡ

948 1099 1028 1134 νοητὴ
1051 1107 1080 1124 τε
1099 1099 1145 1124 καὶ
1164 1097 1309 1132 ἀσώματος
1333 1098 1482 1133 διαδέχεται
1504 1099 1617 1132 φύσις)·
1644 1099 1674 1124 τὸ
1699 1098 1728 1124 δὲ

948 1144 1094 1180 ἀργότερόν
1124 1152 1152 1169 τε
1172 1143 1219 1170 καὶ
1239 1143 1454 1178 ναρκωδέστερον
1480 1144 1567 1175 ἆπαν,
1591 1144 1664 1174 ἐντὸς
1678 1143 1729 1177 τῆς

948 1190 1078 1226 περιοχῆς
1102 1190 1149 1216 τοῦ
1170 1189 1268 1216 λεπτοῦ
1295 1197 1324 1215 τε
1344 1189 1392 1215 καὶ
1411 1188 1511 1223 κούφου
1528 1189 1590 1224 περὶ
1630 1189 1728 1216 ἑαυτοῦ

948 1235 1090 1270 συστῆναι·
1111 1235 1189 1261 τοῦτο
1208 1234 1236 1260 δὲ
1266 1234 1346 1260 πάλιν
1368 1236 1437 1261 κατὰ
1458 1235 1506 1269 τὴν
1527 1233 1658 1269 διαφορὰν
1678 1233 1728 1266 τῆς

948 1282 1109 1316 ἐγκειμένης
1126 1281 1199 1316 αὑτῷ
1211 1280 1339 1315 ἰδιότητος
1354 1281 1457 1315 ἑπταχῆ
1472 1280 1642 1316 μερισθῆναι*
1658 1279 1728 1306 πάν-

947 1337 1001 1356 των
1022 1328 1076 1355 τῶν
1097 1328 1268 1363 καταλλήλων
1289 1335 1319 1352 τε
1340 1327 1387 1353 καὶ
1406 1325 1547 1360 ὁμοφύλων
1568 1325 1614 1352 τοῦ
1640 1324 1728 1359 φωτὸς

950 1375 1050 1410 μορίων
1074 1374 1196 1409 ἀλλήλοις
1208 1373 1278 1401 κατὰ
1289 1373 1318 1399 τὸ
1329 1373 1457 1406 συγγενὲς
1469 1371 1644 1406 συμφυέντων
1652 1391 1660 1402 ,
1680 1371 1729 1397 καὶ

948 1421 1001 1448 ἀπὸ
1017 1420 1070 1447 τῶν
1088 1420 1252 1455 ἐτερογενῶς
1270 1418 1385 1454 ἑχόντων
1406 1417 1608 1452 διακριθέντων.
1634 1415 1728 1446 Οὕτως

947 1464 993 1494 οὗν
1005 1467 1064 1493 ὅσον
1083 1467 1110 1492 ὲν
1126 1467 1159 1501 τῇ
1177 1465 1326 1499 φωτιστικῇ
1340 1463 1417 1498 οὐσίᾳ
1432 1463 1479 1498 τῆς
1491 1462 1606 1497 ἡλιακῆς
1621 1461 1729 1496 φύσεως

948 1509 1155 1544 ὲνεσπαρμένων
1171 1508 1278 1534 πάντων
1293 1507 1347 1532 τῶν
1367 1506 1468 1541 μορίων
1486 1505 1586 1531 τούτων
1602 1505 1670 1539 πρὸς
1682 1504 1728 1530 ἆλ-

946 1555 1013 1591 ληλα
1025 1554 1238 1590 συνδραμόντων,
1251 1553 1279 1579 ἓν
1301 1552 1371 1587 μέγα⁴
1399 1551 1506 1585 ἐγένετο
1516 1558 1524 1566 ο
1539 1550 1667 1581 ὡσαύτως
1681 1550 1728 1575 καὶ

947 1602 993 1628 ἐπὶ
1009 1602 1058 1636 τῆς
1079 1600 1193 1635 σελήνης
1206 1599 1252 1625 καὶ
1263 1599 1305 1632 ἐφ’
1317 1598 1431 1624 ἑκάστου
1444 1597 1497 1623 τῶν
1511 1596 1598 1623 ἄλλων
1611 1595 1664 1621 τῶν
1676 1604 1726 1621 πε-

946 1646 1124 1682 πλανημένων
1148 1646 1194 1671 καὶ
1209 1644 1262 1671 τῶν
1279 1643 1534 1678 κατεστηριγμένων
1553 1642 1690 1676 ἀστέρωι,
1709 1642 1727 1675 ἡ

946 1693 1013 1728 πρὸς
1028 1692 1061 1718 τὰ
1071 1691 1188 1726 ὁμογενῆ
1200 1691 1254 1716 τῶν
1265 1689 1378 1716 ἑκάστου
1390 1689 1490 1724 μορίων
1501 1687 1646 1723 συνδρομὴ.
1656 1687 1686 1713 ’ἐν
1699 1696 1726 1713 τι

945 1738 998 1764 τῶν
1009 1737 1175 1772 φαινομένων
1187 1736 1321 1770 ἐποίησεν
1333 1735 1380 1761 καὶ
1389 1735 1459 1761 οὕτω
1469 1734 1502 1760 τὰ
1510 1735 1598 1760 πάντα
1605 1733 1724 1767 ἐγένετο.

952 1783 980 1810 Ἠ
986 1783 1085 1818 ρκέσθη
1092 1782 1120 1809 δὲ
1130 1783 1144 1808 6
1156 1782 1240 1817 μέγας
1250 1781 1353 1816 Μωσῆς
1361 1781 1395 1806 τὰ
1401 1779 1598 1815 γνωριμώτερα
1609 1779 1687 1813 μόνον
1697 1779 1726 1804 ὲν

945 1829 1050 1860 τούτοις
1066 1828 1267 1862 κατονομάσας,
1289 1827 1334 1853 τὸν
1354 1827 1440 1862 μέγαν
1458 1826 1587 1861 φωστῆρα
1613 1825 1660 1850 καὶ
1679 1824 1725 1850 τὸν

945 1876 1063 1908 ἐλάσσω,
1078 1875 1111 1901 τὰ
1123 1874 1189 1901 ἄλλα
1211 1874 1297 1900 πάντα
1313 1873 1429 1908 γενικῶς
1447 1873 1605 1907 προσειπεῖν
1621 1870 1660 1905 τῷ
1670 1870 1725 1896 τῶν

945 1920 1065 1955 ἀστέρων
1078 1920 1197 1954 ὀνόματι.
1209 1919 1276 1945 Εἰδὲ
1287 1919 1378 1953 κάμνῃ
1387 1917 1464 1952 ἡμῶν
1481 1917 1497 1952 ἡ
1517 1916 1563 1943 τοῦ
1575 1916 1620 1942 νού
1637 1915 1724 1950 παχύ-

943 1975 1002 2001 της,
1016 1966 1052 2001 μὴ
1064 1965 1199 2000 δυναμένη
1214 1966 1246 2000 τῇ
1258 1964 1400 1999 λεπτότητι
1414 1963 1578 1995 συνεξελθεῖν
1590 1962 1638 1996 τῆς
1649 1961 1723 1992 θείας

946 2008 1056 2043 σοφίας,
1075 2008 1217 2041 ξενιζέσθω
1238 2009 1286 2043 μὲν
1311 2008 1404 2042 μηδεὶς
1424 2007 1492 2042 προς
1512 2006 1561 2041 τὴν
1587 2005 1723 2040 πτωχείαν

943 2055 992 2090 τῆς
1007 2054 1113 2089 φύσεως
1129 2054 1205 2090 ἡμῶν
1218 2053 1406 2085 ἀποϐλέπων“,
1454 2053 1595 2087 ἀγαπητόν
1609 2053 1682 2078 ἐστιν
1693 2051 1723 2078 οὑ

943 2101 973 2128 τὸ
991 2100 1102 2135 μηδενὸς
1124 2101 1292 2135 διαμαρτεῖν,
1307 2099 1374 2126 ἀλλὰ
1388 2099 1418 2125 τὸ
1429 2099 1486 2130 ἐνὸς
1503 2098 1566 2132 γοῦν
1586 2099 1724 2133 ἐπιτυχεῖν

943 2147 1099 2182 δυνηθῆναι.
1117 2146 1209 2173 Ταῦτα
1228 2146 1256 2172 δέ
1273 2155 1342 2180 φημι
1367 2145 1433 2180 πρὸς
1444 2146 1531 2170 ἐκεῖνο
1551 2143 1666 2178 βλέπων,
1682 2144 1723 2175 τίς

943 2193 957 2218 6
967 2192 1044 2226 λόγος
1062 2191 1108 2218 τοῦ
1126 2191 1275 2226 τριημέρου
1285 2190 1379 2216 τούτου
1393 2189 1584 2223 διαστήματος,
1596 2187 1666 2214 ὥστε
1678 2187 1723 2212 τὸν

945 2237 1069 2264 τοσοῦτον
1095 2237 1189 2271 χρόνον
1210 2235 1324 2271 ἀρκέσαι
1349 2234 1417 2269 πρὸς
1434 2234 1481 2268 τὴν
1496 2234 1611 2259 ἑκάστου
1625 2233 1678 2258 τῶν
1694 2232 1723 2258 ὲν

945 2283 982 2317 τῷ
994 2283 1063 2317 φωτὶ
1075 2281 1265 2317 θεωρουμένων
1277 2280 1420 2315 διάκρισιν.
1440 2279 1522 2314 Δῆλον
1537 2278 1591 2314 γὰρ
1604 2278 1644 2304 ὅτι
1657 2278 1724 2304 πάν-

943 2336 996 2358 τως
1016 2326 1073 2353 ὲστί
1091 2336 1132 2357 τις
1148 2326 1239 2359 λόγος,
1262 2325 1312 2352 κᾶν
1332 2325 1460 2360 κρείττων
1515 2324 1563 2358 τῆς
1588 2323 1724 2358 ἡμετέρας

943 2373 1081 2407 ἐπόψεως,
1103 2371 1162 2398 καθ’
1187 2371 1216 2397 ὃν
1234 2370 1375 2404 συμϐαίνει
1390 2370 1420 2395 τὸ
1437 2370 1544 2404 μέτριον
1559 2368 1605 2394 τοῦ
1627 2368 1721 2403 χρόνον

945 2419 1037 2445 τούτου
1064 2418 1130 2451 πρὸς
1152 2417 1200 2450 τὴν
1223 2416 1355 2451 διάκρισιν
1370 2415 1418 2450 τῆς
1438 2414 1602 2448 φωτιστικῆς
1619 2413 1722 2445 οὐσίας,

943 2465 975 2498 τῇ
990 2461 1180 2498 μεμετρημένῃ
1195 2460 1343 2495 παρατάσει
1354 2459 1399 2486 τοῦ
1413 2460 1518 2495 χρόνου,
1533 2460 1579 2485 καὶ
1596 2459 1635 2493 τῷ
1648 2458 1722 2494 ποσῷ

942 2509 992 2543 τῆς
998 2508 1066 2534 κατὰ
1073 2509 1122 2542 τὴν
1132 2507 1235 2541 κίνησιν
1244 2506 1290 2532 τοῦ
1299 2506 1382 2541 πυρὸς
1391 2506 1431 2532 ὲνε
1437 2506 1537 2540 ργεεας,
1546 2505 1594 2540 τῆς
1603 2504 1657 2530 τῶν
1669 2503 1723 2538 φώ-

945 2554 1142 2588 τωνδιαστολῆς
1168 2554 1195 2579 ὲν
1211 2555 1244 2587 τῇ
1265 2553 1318 2579 τῶν
1337 2553 1487 2587 φωστήρων
1501 2551 1611 2586 ἰδιότητι
1621 2551 1722 2585 διαιρε-

946 2600 1048 2634 θείσης,
1062 2599 1130 2626 ὥστε
1143 2599 1190 2629 τὰς
1203 2599 1331 2634 ἀπείρους
1345 2597 1445 2629 ταύτας
1455 2597 1510 2623 τῶν
1521 2596 1616 2631 φώτων
1628 2596 1722 2630 διαφο-

946 2645 996 2680 ρὰς
1011 2645 1079 2679 πρὸς
1090 2645 1137 2679 τὴν
1147 2644 1248 2670 οἰκείαν
1263 2643 1335 2669 θέσιν
1344 2643 1459 2677 ἑκάστην
1471 2641 1660 2677 ἀποκριθῆναι,
1671 2640 1723 2666 ὑπὸ

944 2691 992 2725 τῆς
1004 2690 1120 2724 φυσικῆς
1144 2690 1272 2724 ἰδιότητος
1299 2690 1357 2716 ἐκεῖ
1379 2689 1534 2724 ταχθείσας,
1557 2689 1623 2714 ὅπου
1643 2688 1721 2722 ήὲγ-

946 2736 1058 2771 κειμένη
1077 2736 1176 2770 φυσικὴ
1189 2735 1300 2771 δύναμις
1329 2735 1447 2770 ἑκάστην
1461 2735 1572 2770 ἢγαγεν,
1589 2733 1721 2769 μηδεμιᾶς
