1919 3069
81 166 124 194 H7

698 170 733 198 ιΝ
753 171 990 200 HEXAEMERON
1010 171 1122 199 LIBER.

1654 170 1702 198 H8

80 228 105 254 ἐν
117 227 220 259 τούτοις
243 228 372 263 ἀταξίας,
393 231 409 266 ἢ
432 231 587 267 συγχύσεως
605 232 764 268 γενομένης,
777 233 820 263 διὰ
835 233 866 259 τὸ

924 233 1042 269 [uodquc
1067 233 1175 268 signum
1197 232 1288 260 sedem
1311 230 1466 263 obtineret,
1490 230 1518 257 in
1540 229 1626 264 signis
1640 235 1705 256 vero

81 272 215 310 κεκρίσθαι
235 276 268 302 ὲν
283 276 378 308 αὐτοῖς
399 278 432 303 ἐκ
447 277 521 310 θείας
542 278 648 313 σοφίας,
669 279 739 305 κατά
762 279 810 314 τὴν
824 280 867 306 ὲν-

78 319 193 347 τεθείσαν
205 321 320 357 ἑκάστῳ
338 323 453 358 φυσικὴν
469 323 598 358 ἰδιότητα,
619 325 668 359 τὴν
690 325 868 360 ἀπαράὸατσν

80 365 158 398 τάξιν,
176 365 249 392 ὣστε
262 367 316 402 τὴν
328 368 377 403 μὲν
391 369 523 396 ἀνωτάτω
535 368 627 405 χώραν
638 371 761 406 ἐπισχεῖν
777 372 870 398 ἐκεῖνα

80 411 109 438 τὰ
121 411 210 447 πάσης
227 413 390 449 ἀνωφεροῦς
403 415 497 446 οὐσίας
527 415 754 450 ἀνωφερέστερα·
772 417 819 442 καὶ
840 417 868 443 ἐν

79 456 186 488 ἐκείνοις
198 457 284 484 πάλιν
301 459 318 495 ἢ
336 460 366 486 ὲν
386 459 426 494 τῷ
441 460 513 495 μέσῳ
537 460 678 496 ταχθῆναι,
696 460 712 495 ἢ
733 461 808 488 νότια
822 470 867 495 γε-

920 280 1035 314 singulis
1058 279 1143 306 stellm
1159 286 1214 306 non
1236 277 1359 309 fortuito,
1376 277 1422 304 sed
1442 275 1538 303 ordine
1559 274 1618 302 suis
1631 281 1705 308 qua:-

921 333 973 360 que
990 324 1057 351 lucis
1071 324 1286 354 collocarentur,
1308 321 1490 357 aaquabilique
1501 327 1533 346 ac
1548 319 1665 346 naturali
1679 319 1705 346 vi

923 376 972 396 sua
985 369 1117 401 adductae,
1135 368 1288 395 immobiles
1299 375 1330 394 ac
1347 367 1430 393 ﬁrmat
1442 368 1644 400 permanerent,
1658 364 1705 391 ubi

920 415 1103 449 procreatoris
1124 414 1257 449 sapientia
1272 413 1476 449 praescribebat.

79 503 165 530 νέσθαι
178 504 251 537 τινὰ,
269 505 287 540 ἢ
303 505 371 541 πρὸς
394 506 502 541 ἄρκτια,
532 507 547 542 ἢ
575 505 624 542 τὴν
647 506 746 541 μεταξὺ
759 506 851 542 χώραν
878 507 1084 542 καταλαϐεῖν,ἢ
1111 508 1156 534 τὸν
1180 507 1321 542 γαλαξίαν,
1349 507 1365 542 ἢ
1388 507 1432 533 τὸν
1454 505 1582 538 ζωδιακὸν
1607 503 1704 531 κύκλον

80 549 282 585 ἀναπληρῶσαι,
299 551 348 577 καὶ
377 551 456 578 πάλιν
477 552 506 578 ὲν
529 551 627 587 τούτῳ,
648 552 665 587 ἢ
681 551 811 587 ταύτηνῆ
828 551 876 587 τὴν
890 553 984 588 ἑτέραν
1008 553 1054 579 τοῦ
1075 553 1174 588 ἄστρου
1191 552 1362 589 περιγραφὴν
1383 551 1599 587 ἀπεργάσασθαι,
1615 551 1662 576 καὶ
1676 551 1705 576 ὲν

80 596 114 631 τῷ
125 596 215 632 ἄστρῳ
232 598 328 631 πάλιν,
343 598 464 634 μὴκατὰ
477 599 507 625 τὸ
518 599 669 634 αὐτόματον
691 600 805 626 ἕκαστον
832 599 885 626 τῶν
900 601 929 625 ὲν
947 600 986 635 τῷ
1004 601 1120 635 σχήματι
1142 600 1274 635 κειμένων
1305 600 1420 635 ἄστρων,
1442 600 1457 634 ἢ
1476 596 1525 625 ὦδε
1540 599 1556 634 ἢ
1578 595 1628 624 ὦδε
1655 597 1705 632 τὴν

80 644 148 670 θέσιν
170 644 253 679 ἔχειν,
273 645 343 672 ἀλλὰ
359 646 492 681 ίσομερῶς
512 647 657 682 ἐγκειμένη
678 646 751 681 αὐτῴ
769 646 868 681 ἰδιότης
882 648 1034 682 ἀπήγαγεν,
1063 648 1121 674 ἐκεῖ
1147 648 1237 682 μένειν
1253 649 1282 674 ἐν
1304 647 1462 682 ἀμεταθέτῳ
1485 648 1518 681 τῇ
1548 645 1703 680 παγιότητι,

78 691 110 725 τῇ
129 690 176 725 τῆς
197 691 268 722 ἰδίας
286 691 394 726 φύσεως
408 692 531 727 δυνάμει,
554 692 624 719 κατὰ
639 693 688 728 τὴν
708 693 753 719 τοῦ
773 694 953 728 πεποιηκότος
983 694 1079 728 σοφίαν
1106 694 1363 729 περικρατούμενον.

112 735 200 762 ταῦτά
213 737 273 762 ἐστι
289 737 338 763 καὶ
351 737 385 764 τὰ
400 738 521 771 τοιαῦτα,
537 739 604 774 πρὸς
617 739 634 766 ἃ
652 739 758 774 βλέπων
773 740 786 766 ὁ
808 739 871 771 νοῦς

82 782 202 817 ίλλιγγιᾷ,
213 783 261 809 καὶ
276 783 328 818 τῆς
340 783 407 816 ἰδίας
416 784 529 816 νωθείας
541 784 768 821 καταψηφίζεται,
780 786 816 821 μὴ
826 785 871 812 δυ-

81 827 187 862 νάμενος
194 827 318 863 ἐξευρεῖν
326 829 370 855 τὸν
378 829 465 864 λόγον,
474 831 532 862 πῶς
540 831 555 866 ἡ
564 831 625 866 τριή
630 840 662 866 με
667 840 710 866 ρος
719 831 765 857 τοῦ
774 832 870 866 χρόνου

83 870 228 905 παράτασις
236 872 307 907 πρὸς
313 873 363 909 τὴν
370 874 503 901 τοσούτων
513 875 635 910 ἀστέρων
645 876 779 911 διάκρισιν
787 876 870 911 ἦρκε-

85 925 136 948 σεν,
147 916 163 952 ἢ
175 917 234 949 πῶς
242 917 289 944 διὰ
297 919 348 954 τὴν
358 919 472 955 ἄπειρον
483 920 532 955 τῆς
542 921 677 953 ἀπλανοῦς
687 922 803 957 σφαίρας
816 922 872 949 τῶν

84 962 222 995 περιγείων
233 962 385 990 ὑπόστασιν
395 965 423 990 ὲν
436 965 509 999 μέσῳ
517 965 564 992 τοῦ
573 967 671 998 παντὸς
679 966 869 1002 διαστήματος,

86 1006 129 1042 τὴν
142 1006 254 1043 ἡλιακὴν
269 1008 351 1043 φύσιν
381 1010 398 1045 ή
419 1011 523 1045 μεγάλη
543 1011 590 1038 τοῦ
610 1012 677 1038 Θεοῦ
706 1013 785 1047 σοφία
805 1021 871 1039 κατ-

85 1053 182 1088 έταξεν,
198 1055 235 1086 ὡς
258 1054 293 1082 ἂν
315 1055 352 1091 μὴ
373 1056 482 1088 τελείως
505 1059 534 1084 ὲν
552 1057 591 1093 τῷ
610 1059 697 1094 σκότῳ
711 1059 869 1094 διαϐιῶμεν,

87 1099 131 1134 τῆς
146 1100 177 1127 ὲκ
187 1100 242 1127 τῶν
254 1101 365 1137 ἄστρων
378 1103 609 1139 ἀπαυγαζομένης
624 1104 795 1140 λαμπηδόνος
806 1106 871 1140 πρὶν

87 1146 148 1181 ῆείς
157 1147 230 1181 ἡμᾶς
246 1147 335 1174 ἐλθεῖν
349 1148 576 1185 ὲνδαπανωμένης
591 1150 630 1186 τῷ
642 1151 741 1185 μεταξὺ
759 1151 870 1187 διαστή-

91 1201 158 1227 ματι.
174 1190 210 1219 Ui)
222 1193 304 1229 χάριν
316 1194 366 1230 τὴν
380 1195 568 1232 ἒκλαμπτικὴν
579 1196 628 1232 τῆς
638 1197 754 1232 ἡλιακῆς
765 1197 871 1232 φύσεως

89 1237 193 1273 δύναμιν
215 1240 345 1267 τοσοῦτον
382 1241 460 1276 ἡμῶν
485 1242 669 1278 ὑπερέθηκεν,
703 1243 772 1270 ὥστε
803 1245 871 1279 μήτε

90 1283 270 1318 ἀμαυροῦσθαι
282 1286 333 1321 τὴν
347 1286 443 1314 ἀκτῖνα
453 1287 492 1322 τῷ
507 1288 597 1324 πολλῷ
612 1289 786 1325 διαστήματι,
802 1291 870 1324 μήτε

90 1329 125 1364 τῷ
135 1330 200 1363 ἄγαν
214 1333 412 1368 προσεγγισμῴ
428 1333 550 1369 λυπηρὰν
566 1333 644 1367 εἶναι,
662 1335 679 1370 ἢ
699 1335 759 1366 πῶς
774 1335 803 1361 τὺ
816 1336 871 1361 ὑλι-

91 1376 199 1412 ώτερόν
213 1386 242 1404 τε
257 1378 309 1405 καὶ
326 1379 479 1415 παχύτερον
495 1382 526 1407 ἐκ
545 1381 599 1408 τῶν
611 1381 825 1417 ὑπερκειμένων,
841 1383 870 1408 τὸ

92 1423 220 1458 σεληναῖον
235 1425 318 1460 σῶμά
334 1434 415 1461 φημι,
437 1427 504 1462 πρὸς
518 1427 547 1453 τὸ
563 1427 717 1462 κατώτερον
735 1428 871 1455 κατεσπά-

93 1467 146 1503 σθη,
157 1469 255 1496 καὶτὸν
267 1470 408 1505 περίγειον
417 1471 504 1507 χῶρον
515 1473 673 1507 περιπολεῖ·
688 1469 717 1498 οὗ
734 1473 802 1508 μέση
813 1482 871 1505 πως

93 1513 223 1549 θεωρεῖται
242 1517 259 1551 ἡ
275 1516 367 1550 φύσις,
383 1517 432 1552 τῆς
443 1526 472 1544 τε
491 1518 643 1554 ἀλαμποῦς,
661 1519 708 1545 καὶ
722 1520 770 1554 τῆς
786 1528 870 1553 φωτι-

94 1561 179 1595 στικῆς
191 1561 332 1597 δυνάμεως
354 1563 424 1589 κατά
444 1564 474 1589 τὺ
492 1565 547 1591 ἴσον
570 1564 730 1599 μετέχουσα,
748 1565 803 1600 Τὴν
822 1565 871 1600 μὲν

958 740 1020 768 llaac
1039 746 1065 768 et
1085 742 1182 769 similia
1200 745 1264 768 sunt
1281 749 1312 768 ea
1328 748 1388 775 quae
1404 747 1482 766 mens
1496 739 1631 774 aspiciens
1649 738 1704 766 lue-

923 787 998 817 sitat,
1017 791 1044 814 et
1057 787 1273 814 imbecillitatem
1286 793 1318 813 ae
1335 786 1475 821 segnitiem
1490 792 1568 815 suam
1581 789 1702 816 accusat,

923 832 995 866 quod
1019 833 1151 859 rationem
1174 832 1329 867 excogitare
1357 839 1409 859 non
1436 831 1532 865 possit,
1557 838 1610 865 qua
1634 837 1703 865 pra:-

922 878 1028 904 ﬁnitum
1055 878 1134 904 trium
1157 878 1264 905 dierum
1290 877 1407 912 spatium
1433 876 1467 903 ad
1495 880 1538 903 tot
1565 875 1703 903 stellarum

923 924 1126 952 distinctionem
1144 923 1212 951 satis
1226 923 1306 950 fuerit
1320 933 1325 949 :
1340 927 1386 950 aut
1402 922 1547 957 quomodo,
1563 929 1626 948 cum
1643 921 1705 948 iuli-

921 970 977 997 nita
993 973 1064 998 esset
1078 969 1224 997 inerrantis
1239 969 1349 1004 sphmrae
1365 969 1398 995 ab
1418 968 1451 996 iis
1472 976 1531 1003 qua:
1551 971 1613 995 sunt
1630 968 1703 994 circa

921 1020 1020 1043 terram
1032 1015 1170 1048 distantia,
1184 1015 1212 1042 in
1224 1015 1315 1042 medio
1329 1013 1422 1041 mundi
1438 1014 1525 1048 spatio
1543 1020 1641 1048 magna
1658 1013 1704 1040 Dei

922 1061 1056 1095 sapientia
1082 1061 1166 1088 solem
1191 1059 1378 1092 constituerit,
1407 1067 1451 1091 ne,
1476 1066 1537 1086 cum
1561 1058 1702 1085 stellarum

922 1106 1050 1142 splendor
1067 1111 1178 1141 propter
1201 1106 1364 1133 immensum
1385 1105 1558 1132 intervallum
1585 1108 1647 1130 ante
1659 1103 1703 1130 dc-

922 1153 1005 1184 tieiat,
1021 1159 1103 1187 quam
1117 1151 1149 1178 ad
1173 1159 1224 1178 nos
1241 1151 1383 1186 pervenire
1407 1151 1505 1185 possit,
1523 1151 1550 1177 in
1564 1150 1702 1185 perpetuis

922 1198 1043 1226 tenebris
1063 1198 1227 1224 viveremus.
1252 1196 1446 1231 Splendentem
1465 1196 1549 1231 igitur
1564 1194 1631 1223 solis
1647 1195 1702 1222 vim

921 1243 959 1270 ita
979 1251 1063 1278 supra
1089 1251 1139 1271 nos
1159 1243 1314 1274 collocavit,
1335 1250 1370 1270 ne
1392 1242 1587 1270 obscuraretur
1608 1240 1703 1267 radius

921 1297 976 1324 prie
1003 1289 1085 1324 longo
1108 1289 1271 1321 intervallo,
1296 1295 1364 1315 neve
1390 1286 1595 1322 propinquitate
1618 1284 1703 1312 nimia

921 1334 1073 1362 molestiam
1091 1333 1216 1364 ali‘erret.
1240 1337 1287 1360 aut
1312 1331 1449 1368 quomodo
1472 1331 1594 1358 materiae
1617 1329 1704 1364 magis

920 1379 1078 1407 immersum
1089 1379 1230 1414 magisque
1242 1385 1366 1406 crassum
1383 1378 1453 1404 luna:
1467 1383 1567 1410 corpus
1583 1374 1699 1402 inferius

921 1425 1100 1452 constitutum
1118 1425 1165 1456 sit,
1179 1424 1343 1458 oberretque
1358 1427 1437 1450 terra:
1449 1423 1600 1457 proximam
1615 1419 1704 1455 regio-

921 1478 982 1498 nem
1000 1480 1007 1497 :
1023 1473 1069 1497 aut
1084 1470 1146 1498 talis
1162 1470 1197 1497 sit
1210 1469 1339 1504 splendor
1354 1469 1424 1503 ejus,
1438 1475 1498 1502 qua).
1508 1474 1570 1494 cum
1587 1466 1704 1494 obscura

921 1515 967 1547 sit,
986 1515 1142 1543 illuslrandi
1168 1519 1261 1542 tamen
1283 1515 1382 1542 habeat
1405 1513 1573 1540 facultatem.
1595 1511 1705 1538 Naturae

921 1561 993 1588 enim
1006 1561 1092 1595 ipsius
1107 1560 1262 1588 crassitudo
1278 1560 1420 1595 proprium
1435 1559 1549 1586 nitorem
1567 1557 1703 1588 obtundit,

94 1605 142 1641 γὰρ
156 1607 257 1634 οἴκοθεν
271 1608 433 1644 λαμπηδόνα
444 1610 461 1644 ἡ
472 1609 522 1644 τῆς
534 1609 627 1642 οὐσίας
642 1610 765 1645 παχύτης
776 1611 831 1646 ἀπή
837 1620 870 1645 μ-

924 1604 970 1633 sed
984 1605 1109 1640 opposito
1126 1605 1192 1632 solis
1208 1605 1346 1632 radiorum
1370 1603 1472 1630 lumine
1493 1603 1526 1630 ab
1549 1602 1705 1630 illustrandi

95 1649 175 1682 ὄλυνε,
181 1651 218 1686 τῷ
223 1652 251 1679 δὲ
257 1653 450 1689 ἀντιφωτισμῷ
456 1654 504 1690 τῆς
509 1654 623 1690 ἡλιακῆς
631 1656 737 1687 ἀκτῖνος
745 1656 775 1682 οὺ
783 1657 870 1692 πάντη

95 1696 138 1731 τῆς
151 1699 312 1734 φωτιστικῆς
328 1699 505 1735 ἠλλοτρίωται
525 1701 640 1735 φύσεως.
664 1702 742 1729 Ἀλλά
760 1702 805 1729 τῆν
824 1703 872 1738 μὲν

96 1741 165 1774 λόγον
177 1743 223 1778 τῆς
235 1745 262 1771 ὲν
281 1745 388 1780 ἑκάστῳ
410 1745 463 1772 τῶν
488 1746 571 1773 όντων
591 1748 756 1783 φαινομένης
777 1749 872 1783 σοφίας

99 1786 155 1814 ἰδεῖν
176 1790 192 1824 ὴ
206 1791 328 1825 πτωχεία
345 1791 395 1826 τῆς
410 1791 516 1826 φύσεως
526 1793 604 1828 ὴμῶν
617 1793 752 1827 ἀδυνατεῖ,
769 1794 799 1820 τὺ
813 1794 873 1830 μέν-

98 1841 133 1859 τοι
149 1835 214 1862 κατά
226 1836 276 1870 τὴν
300 1837 454 1863 ὲκτεθείσαν
476 1838 550 1873 παρὰ
570 1838 617 1865 τοῦ
636 1840 780 1874 νομοθέτου
794 1840 869 1872 τάξιν

100 1879 140 1905 ἐπὶ
157 1879 201 1914 τῆς
221 1882 276 1908 τῶν
299 1882 384 1909 ὄντων
408 1884 534 1916 κτίσεως,
556 1884 714 1912 ἀκολουθίαν
736 1886 796 1912 τινὰ
815 1887 870 1918 τοῖς

101 1925 225 1958 γεγονόσιν
240 1927 418 1963 ἐνθεωρῆσαι,
442 1929 545 1962 τούτοις
568 1928 644 1966 οἶμαι
661 1931 772 1958 δυνατὴν
789 1931 868 1965 εἶναι,

101 1969 128 1995 τὺ
140 1971 246 2006 μετρίως
263 1973 333 2008 πρὸς
346 1973 376 2000 τὸ
391 1973 536 2000 ἀκόλουθον
550 1975 739 2010 ἐπισταμένοις
750 1976 868 2010 βλέπειν,

101 2014 140 2041 διὰ
158 2025 232 2045 τινων
250 2019 411 2055 στοχασμῶν
434 2021 556 2047 ὁπωσοῦν
576 2021 749 2057 κατανοῆσαι.

133 2062 228 2090 Οὐκοῦν
239 2065 418 2100 ἀναλάϐωμεν
426 2066 474 2101 τὴν
483 2066 534 2094 τῶν
543 2068 690 2101 γεγονότων
700 2068 871 2097 ἀκολουθίαν.

105 2108 172 2135 Ἐστι
179 2109 205 2136 δὲ
216 2110 284 2147 αὕτη
293 2119 300 2127 σ
314 2112 360 2138 τοῦ
369 2112 511 2140 καθολικοῦ
518 2122 548 2140 τε
559 2114 605 2140 καὶ
611 2114 718 2149 γενικοῦ
734 2115 822 2149 φωτὸς
830 2116 872 2142 διὰ

103 2153 129 2180 τὸ
143 2156 274 2192 εὐκίνητον
292 2158 474 2193 προφανέντος
489 2159 542 2186 τῶν
562 2159 658 2193 ἄλλων,
668 2160 872 2196 ἐπηκολούθησε

104 2199 143 2225 τοῦ
156 2202 338 2237 περεὼματος
351 2204 519 2240 περιγραφὴ,
535 2206 568 2239 τῇ
588 2205 744 2240 κυκλοτερεῖ
757 2205 871 2241 περιόδῳ

104 2244 144 2270 τοῦ
156 2247 235 2282 πυρὸς
246 2248 394 2283 όρισθεῖσα.
406 2249 460 2284 Τῆς
474 2249 502 2275 δὲ
519 2249 621 2286 κούφης
635 2249 740 2284 φύσεως
753 2250 806 2277 τῶν
823 2250 870 2286 βα-

108 2281 213 2327 ρυτέρων
232 2281 806 2331 ἀποκριθείσης,’ἀκολούθωςηδιαστέλλονται
823 2281 873 2323 ἀπ’
888 2281 911 2309 D

106 2335 212 2372 ἀλλήλων
236 2341 262 2367 αἱ
284 2340 389 2376 βαρεῖαι
415 2341 562 2376 ποιότητες,
578 2342 606 2368 ὲν
628 2343 662 2377 γῇ
678 2350 707 2367 τε
730 2343 776 2368 καὶ
797 2341 872 2369 ὕδατι

106 2379 278 2418 διακριθεῖσαι.
296 2386 354 2420 Τῆς
368 2386 396 2412 δὲ
413 2387 485 2413 κάτω
506 2386 613 2421 φύσεως
634 2387 872 2422 διακοσμηθείσης,

108 2426 210 2466 ἡλεπτή
228 2440 257 2458 τε
279 2432 326 2458 καὶ
346 2432 433 2467 κούφη
450 2432 496 2458 καὶ
517 2432 651 2468 μετέωρος
671 2433 758 2464 οὐσία,
782 2433 825 2459 διά
843 2432 873 2459 τὸ

109 2474 141 2509 μὴ
155 2476 236 2503 πᾶσαν
251 2478 335 2513 αὐτὴν
350 2477 475 2512 όμοφυῶς
487 2478 554 2513 πρὸς
570 2478 668 2514 ἑαυτὴν
683 2478 763 2514 ἔχειν,
778 2480 806 2504 ὲν
823 2487 872 2512 με·

109 2519 164 2551 ταξὺ
174 2521 329 2558 διαστήματι
343 2523 390 2550 τοῦ
407 2524 600 2559 παρῳχηκότος
613 2524 720 2559 χρόνου,
741 2524 808 2560 πρὸς
823 2524 873 2556 τὰς

110 2564 231 2599 ὁμογενεῖς
245 2569 376 2604 ἰδιότητας
393 2569 425 2596 ἐκ
438 2569 485 2596 τοῦ
504 2569 592 2596 κοινοῦ
615 2570 792 2605 διακρίνεται,
810 2572 838 2597 ὲν

110 2608 135 2635 τὸ
145 2611 244 2648 ἄπειρον
258 2615 312 2641 τῶν
324 2615 430 2650 ἄστρων
447 2615 547 2651 πλῆθος
558 2616 722 2649 ὲξαπλωθὲν,
740 2617 811 2644 κατά
823 2617 872 2653 τὴν

111 2654 252 2695 ὲ’(κειξιιιεένην
273 2661 380 2695 ἑκάστῳ
397 2660 473 2696 μέρει
498 2662 615 2697 φυσικὴν
635 2662 763 2697 ἰδιότητα,
777 2663 823 2689 ἐπὶ
842 2663 872 2689 τὸ

111 2697 240 2734 ἀκρότατον
261 2706 312 2740 τῆς
334 2705 448 2737 κτίσεως
470 2705 623 2741 ἀνατρέχει,
638 2706 685 2733 καὶ
702 2707 731 2733 ἐν
754 2706 793 2742 τῷ
815 2707 871 2742 ἰδίῳ

112 2743 208 2774 ἕκαστον
219 2750 321 2783 γίνεται
339 2750 424 2785 τόπῳ,
441 2750 502 2777 οὔτε
519 2752 669 2787 παυόμενον
688 2752 738 2787 τῆς
753 2753 875 2788 ἀεικινή-

114 2795 152 2815 του
166 2795 250 2829 φορᾶς,
271 2795 332 2822 οὒτε
351 2796 578 2832 μετακινούμενον
592 2797 645 2824 ἀπὸ
661 2798 710 2833 τῆς
729 2799 757 2825 ὲν
770 2794 792 2832 ᾧ
818 2799 876 2824 ἐστι

114 2833 207 2870 θέσειιικὶ-
231 2841 298 2868 Ἀλλ’
319 2843 335 2877 ἡ
359 2843 408 2877 μὲν
428 2842 504 2874 τάξις
526 2844 554 2870 ἐν
579 2843 683 2875 τούτοις
698 2844 729 2870 τὸ
748 2844 875 2879 ἀκίνητον

115 2878 168 2914 ἔχει.
184 2884 234 2919 ἡδὲ
248 2887 328 2922 φύσις
344 2888 374 2914 τὸ
393 2888 553 2924 ἀεικίνητον.
576 2888 686 2925 Ἐφεξῆς
703 2889 731 2916 δὲ
751 2890 768 2925 ὴ
788 2889 875 2915 δευτε-

921 1651 949 1677 vi
965 1658 1019 1677 non
1034 1655 1076 1677 est
1090 1658 1203 1685 prorsus
1226 1650 1326 1677 aliena.
1341 1649 1476 1676 Caeterum
1492 1648 1631 1682 sapientiae
1646 1649 1705 1675 sin-

922 1696 994 1732 gulis
1009 1697 1036 1724 in
1051 1697 1133 1724 rebus
1146 1697 1305 1731 conspicuae
1328 1695 1461 1722 rationem
1485 1699 1589 1721 natura
1605 1698 1706 1722 nostra

922 1742 1066 1769 inﬁrmitas
1083 1741 1182 1769 intueri
1194 1749 1249 1768 non
1261 1745 1360 1776 potest,
1372 1741 1515 1776 quemdam
1526 1745 1614 1767 tamen
1627 1748 1706 1767 mun-

923 1787 950 1814 di
969 1787 1052 1815 totius
1070 1787 1193 1815 ordinem
1209 1787 1236 1814 in
1253 1787 1287 1814 iis
1298 1794 1358 1821 qua:
1372 1786 1444 1813 facta
1456 1792 1531 1819 sunt,
1548 1794 1581 1814 ex
1594 1786 1700 1813 descri-

923 1833 1016 1867 ptione
1039 1832 1214 1868 legislatoris,
1234 1833 1268 1860 ab
1289 1832 1323 1860 iis
1337 1832 1385 1867 qui
1406 1831 1578 1859 mediocriter
1603 1834 1705 1858 norunt

922 1877 1066 1912 dispicere,
1083 1885 1143 1912 quae
1157 1885 1189 1905 ex
1206 1878 1306 1912 quibus
1322 1882 1537 1911 consequantur,
1555 1884 1603 1911 per
1618 1883 1703 1911 quas-

922 1923 986 1950 dam
1009 1923 1202 1958 conjecturas,
1228 1928 1367 1958 utcunque
1396 1922 1526 1958 cognosci
1557 1930 1636 1957 posse
1659 1929 1703 1947 ar-

923 1968 1020 1995 bitror.

958 2069 1138 2102 Quamobrem
1175 2072 1332 2104 repetamus
1365 2068 1486 2096 ordinem
1519 2075 1613 2095 eorum
1642 2075 1702 2102 qua!

923 2115 994 2142 facta
1014 2120 1078 2142 sunt
1101 2123 1107 2142 :
1134 2114 1174 2142 sic
1194 2119 1284 2142 autem
1307 2114 1389 2141 habet
1405 2113 1524 2141 :Lucem
1548 2114 1702 2142 universam

924 2161 1074 2188 mobilitate
1084 2167 1134 2188 sua
1148 2163 1211 2187 ante
1223 2160 1278 2186 alia
1289 2159 1468 2194 prodeuntem
1483 2159 1643 2186 ﬁrmamenti
1660 2159 1704 2186 ab-

925 2207 1025 2234 solutio
1040 2206 1074 2233 ab
1095 2205 1167 2241 ignis
1184 2205 1288 2233 circulo
1302 2205 1413 2233 deﬁnita
1433 2206 1620 2240 consequitur.
1640 2205 1703 2232 Levi

925 2255 1014 2279 autem
1032 2255 1129 2278 natura
1150 2258 1164 2278 a
1180 2251 1352 2286 gravioribus
1368 2256 1503 2285 separata,
1520 2258 1614 2285 graves
1634 2251 1705 2277 inter

930 2303 959 2323 se
976 2296 1121 2330 qualitates
1145 2295 1362 2330 distinguuntur,
1377 2296 1403 2322 in
1418 2299 1490 2323 terra
1511 2300 1538 2322 et
1553 2303 1622 2330 aqua
1639 2303 1704 2322 con-

928 2341 1031 2367 stituta:
1048 2351 1054 2367 :
1078 2339 1207 2368 inferiore
1222 2348 1288 2368 vero
1303 2346 1400 2368 natura
1419 2343 1560 2373 exornata,
1583 2341 1702 2371 subtilis.

924 2390 951 2413 et
967 2386 1044 2418 levis,
1060 2386 1233 2421 emelsaque,
1251 2387 1379 2421 quoniam
1394 2394 1447 2413 non
1460 2387 1549 2414 omnis
1562 2390 1620 2413 erat
1633 2387 1704 2414 inter

925 2438 955 2458 se
974 2431 1082 2463 similis,
1106 2431 1240 2466 interjecti
1257 2431 1389 2467 temporis
1411 2432 1500 2467 spatio
1515 2439 1547 2459 ex
1565 2432 1611 2458 illa
1629 2439 1704 2459 com-

925 2478 1057 2505 munitate
1069 2478 1098 2504 in
1109 2483 1238 2513 cognatas
1253 2478 1384 2505 dividitur
1402 2478 1598 2513 proprietates:
1611 2478 1636 2504 in
1650 2484 1703 2511 qua

926 2523 1133 2551 innumerabilis
1160 2525 1301 2552 stellarum
1327 2524 1470 2551 multitudo
1494 2523 1627 2558 explicata
1654 2530 1704 2557 pro

925 2571 1007 2598 insita
1023 2571 1123 2606 cuique
1139 2573 1249 2607 propria
1262 2572 1299 2604 vi,
1314 2571 1407 2598 mundi
1425 2571 1563 2605 fastigium
1578 2572 1702 2603 occupat,

925 2622 1006 2653 atque
1020 2618 1057 2645 ita
1071 2618 1099 2645 in
1114 2626 1164 2646 sua
1180 2618 1374 2653 quaeque-sede
1391 2618 1484 2648 lurret,
1504 2619 1533 2643 ut
1555 2623 1617 2642 cum
1632 2622 1704 2642 sem--

925 2672 974 2699 per
985 2663 1204 2697 circumferatur,
1216 2671 1355 2699 nunquam
1367 2667 1456 2690 tamen
1467 2663 1556 2689 locum
1568 2661 1703 2695 relinquat

925 2717 1014 2737 suum.
1029 2709 1131 2736 Horum
1153 2710 1225 2737 enim
1248 2713 1278 2736 ut
1297 2709 1364 2736 ordo
1386 2707 1561 2735 immutabilis
1582 2711 1637 2738 est,
1663 2706 1702 2732 sic

923 2757 1020 2780 natura
1037 2761 1144 2788 semper
1158 2754 1276 2781 mobilis.
1300 2753 1366 2780 Post
1381 2751 1579 2779 velocissimum
1598 2754 1698 2776 motum

924 2799 1049 2833 sequitur
1063 2799 1264 2830 secundoloco,
1280 2806 1340 2833 qua:
1354 2797 1499 2824 velocitate
1515 2795 1638 2831 proxima
1649 2800 1690 2820 est

924 2844 1139 2878 subeuntemquc
1165 2844 1297 2871 circulum
1322 2842 1441 2873 obtinet,
1469 2841 1550 2868 tertio
1575 2840 1701 2871 deinceps

924 2891 986 2923 alia,
1009 2894 1036 2918 et
1053 2895 1162 2926 quarto,
1189 2889 1222 2916 ad
1244 2889 1388 2923 septimum
1411 2894 1496 2921 usque
1525 2894 1573 2921 pro
1597 2883 1702 2912 ratione
