1919 3069
194 165 246 195 “9
804 162 833 191 S.
849 161 1011 191 GREGORH

1033 162 1053 188 Ν
1058 161 1179 190 YSSENI
1760 157 1829 185 £20

194 221 355 249 velocitatis.
376 219 466 248 Tanto
492 220 563 248 enim
583 227 754 255 nnaqumque
771 219 879 256 longius
899 219 975 247 abest

1041 219 1141 247 ονοῦσα
1163 219 1201 254 (a)
1219 217 1288 255 μετὰ
1302 218 1353 253 τὴν
1373 217 1506 253 ὀξυτάτην
1529 216 1633 251 κίνησιν
1649 215 1679 242 ὲν
1700 216 1735 251 τῇ
1761 216 1831 250 ἰδίᾳ.

195 276 209 298 a
235 267 386 303 Μιναῖοι-θ,
401 271 504 303 quanto
518 266 563 293 illa
581 267 613 295 ad
631 266 791 294 movendum
808 270 904 293 natura
920 271 976 293 tar-

195 311 255 339 dior
268 315 320 342 est‘
346 309 409 337 Haec
432 311 515 344 igitur
542 314 642 345 quarto
663 309 706 337 die
727 309 796 337 facta
820 314 893 342 sunt,
920 317 976 336 non

195 357 267 392 quod
279 361 344 384 tunc
361 355 442 383 fuerit
455 356 500 382 lux
516 359 671 390 prccreata,
686 354 732 382 sed
748 354 820 389 quod
836 355 976 382 illustran-

196 403 223 431 di
235 403 260 430 vi
274 409 323 437 pro
339 406 437 429 natura
448 409 497 429 sua
516 401 595 428 simul
609 404 714 432 coacta,
727 401 902 435 apparuerint
913 408 976 428 cum

197 447 307 482 reliqua:
323 447 417 478 stellae,
439 450 495 473 tum
515 446 566 474 illa:
585 453 645 483 qua:
666 445 854 480 magnitudine
872 446 977 472 caeteris

205 496 345 529 prmstant,
359 492 398 520 sol
414 496 441 519 et
458 492 531 524 luna,
543 499 660 528 quorum
678 496 754 519 ortus
772 491 880 526 quidem
895 498 976 519 occa-

199 539 242 566 sio
258 538 363 568 exstitit
376 538 446 565 lucis
470 538 498 564 in
515 537 713 572 procreatione,
728 537 872 572 utriusque
887 541 976 564 autem

199 584 360 613 constitutio
388 583 508 618 (quando
523 587 647 610 movetur
665 583 692 610 in
707 587 828 618 tempore
846 582 977 617 quidquid

198 632 333 661 movetur,
351 632 379 656 et
391 633 504 656 mutuus
529 628 724 663 particularum
740 635 893 655 concursus
917 631 978 662 eget

198 675 290 710 aliquo
309 674 438 709 temporis
461 674 617 709 intervallo)
639 673 727 700 tribus
741 672 838 700 diebus
857 672 978 708 perfecta

199 722 253 746 cst.
276 718 365 756 Quare
388 726 442 745 non
464 718 582 746 absurde
604 718 731 745 conditus
747 717 821 745 orbis
841 725 856 744 a
881 725 979 752 magno

201 763 276 791 Mose
305 764 342 790 ita
365 764 541 793 describitur.
567 767 597 790 ut
624 767 756 798 quantum
777 763 809 790 ad
837 763 977 791 materiam

199 810 325 847 pertinet,
336 808 417 836 simul
430 808 520 837 omnia
537 808 663 836 dicantur
686 808 784 835 virtute
794 807 900 842 opiﬁcis
911 815 978 834 con-

199 855 295 883 stituta
316 863 324 882 ι
346 854 492 889 singularis
512 858 602 881 autem
624 861 729 886 eorum,
749 861 809 888 qua:
828 853 855 880 in
877 853 978 880 mundo

1025 266 1105 301 φορᾷ,
1119 264 1165 290 τὸν
1182 263 1370 299 ὐποϐεϐηκότα
1385 263 1483 290 κύκλον
1497 261 1671 297 διαλαμϐάνει
1680 269 1688 276 ο
1703 261 1751 288 καὶ
1761 261 1829 288 πά-

1024 311 1065 338 λιν
1082 313 1113 338 ὲκ
1137 311 1228 346 τρίτου
1250 310 1296 337 καὶ
1309 309 1440 344 τετάρτου
1463 308 1511 335 καὶ
1532 307 1583 339 ἕως
1605 307 1720 342 ἑϐδόμου
1743 307 1830 342 πρὸς

1025 356 1103 390 λόγον
1112 355 1161 390 τῆς
1175 354 1244 381 κατὰ
1255 354 1285 380 τὸ
1299 353 1380 388 τάχος
1396 352 1512 387 φύσεως.
1527 351 1659 378 Τοσοῦτον
1673 351 1831 377 ὑποκατα-

1025 401 1114 428 ϐαίνει
1130 401 1176 427 τοῦ
1190 400 1319 436 ἀνωτέρω
1334 400 1458 432 ἕκαστον,
1472 398 1533 424 ὅσον
1551 397 1625 432 αὑτῷ
1637 397 1827 432 σχολαιοτέρα

1025 447 1080 473 τῶν
1102 445 1335 482 ὑπερκειμένωνή
1356 444 1437 479 φύσις
1457 444 1514 470 ἐστὶ
1533 444 1601 479 πρὸς
1621 444 1670 479 τὴν
1692 443 1824 478 κίνησιν.

1026 492 1117 519 Ταῦτα
1127 490 1172 519 οὖν
1183 492 1285 526 γίνεται
1296 491 1366 519 κατὰ
1377 491 1426 526 τὴν
1437 491 1568 526 τετάρτην
1580 490 1697 526 ἡμέραν,
1709 490 1741 517 οὐ
1752 491 1824 516 τότε

1026 540 1072 571 τοῦ
1093 540 1182 575 φωτὸς
1204 539 1461 575 δημιουργηθέντος,
1483 538 1551 565 ἀλλὰ
1573 539 1622 574 τῆς
1648 539 1826 573 φωτιστικῆς

1029 587 1159 622 ἰδιότητος
1174 586 1238 621 περὶ
1255 585 1286 611 τὸ
1305 584 1375 611 κατὰ
1390 584 1470 618 φύσιν
1486 584 1567 619 ἑαυτῇ
1582 584 1630 610 καὶ
1649 583 1831 618 κατάλληλον

1027 631 1230 667 ἀθροισθείσης·
1243 630 1278 657 τά
1291 638 1321 656 τε
1331 629 1398 656 ἄλλα
1415 629 1531 664 ἐξεφάνη
1545 629 1599 655 τῶν
1619 629 1754 665 ἀστέρων,
1770 629 1828 655 καὶ

1027 676 1052 702 οι
1075 675 1104 700 ὲν
1124 673 1226 709 μείζονι
1249 673 1324 708 δγκῳ
1340 673 1403 708 περὶ
1426 673 1461 699 τὰ
1484 673 1564 699 λοιπὰ
1589 673 1787 708 καθορώμενοι.
1804 673 1827 699 ὀ

1028 719 1101 755 ἥλιός
1113 728 1143 745 τε
1157 719 1202 746 καὶ
1217 718 1350 754 ήσελήνη,
1364 715 1401 745 ὧν
1416 719 1433 754 ἡ
1445 719 1492 753 μὲν
1505 718 1620 752 γένεσις,
1632 720 1660 745 ὲν
1672 720 1705 753 τῇ
1720 718 1826 754 πρώτῃ

1028 766 1174 801 καταϐολῇ,
1198 765 1244 791 τοῦ
1260 765 1348 800 φωτὸς
1365 764 1414 796 τὰς
1432 764 1558 800 ἀφορμὰς
1577 764 1696 800 {axem-il
1722 764 1752 791 δὲ
1773 764 1828 790 σύ-

1029 820 1122 843 στασις
1132 810 1246 838 ἑκάστου
1258 811 1359 846 (ἐπειδὴ
1370 810 1478 842 πάντως
1490 811 1518 837 ὲν
1533 811 1619 847 χρόνῳ
1631 812 1747 838 κινεῖται
1765 812 1825 837 πᾶν

1028 856 1060 884 τὸ
1079 857 1245 892 κινούμενον,
1263 857 1310 883 καὶ
1328 855 1368 882 δεῖ
1379 856 1428 891 τὴν
1441 856 1495 883 τῶν
1518 857 1618 892 μορίων
1631 857 1700 893 πρὸς
1716 856 1825 889 ἄλληλα.

197 898 335 931 videntur,
357 899 496 928 distinctio
521 898 615 926 ordine
629 899 745 933 quodam
764 907 796 929 ac
809 898 879 925 serie
899 902 981 925 natu-

1041 902 1195 938 ιὐνδρομὴν,
1209 903 1257 930 καὶ
1272 901 1396 937 χρονικοῦ
1406 910 1477 934 τινος
1490 902 1684 939 διαστήματος)
1721 903 1754 929 ὲν
1761 903 1823 934 sui;

171 981 176 986 κ
199 945 263 977 tali,
279 952 312 972 eo
334 945 422 981 spatio
443 945 515 980 quod
541 944 644 975 dictum
659 948 713 978 est,
743 944 877 971 absoluta.
904 943 980 974 Tunc

199 992 282 1020 simul
301 992 428 1021 universa
448 991 494 1021 lux
516 991 631 1023 exstitit,
647 994 712 1017 tunc
731 990 820 1019 omnis
835 997 925 1016 rerum
947 989 981 1016 il-

199 1037 378 1067 lustrantium
401 1041 498 1064 natura
525 1036 643 1071 propriis
671 1035 800 1063 distincta
822 1035 982 1062 diﬂerentiis

201 1085 340 1121 apparuit,
362 1092 478 1120 quarum
497 1092 513 1112 e
530 1091 645 1111 numero
674 1084 714 1111 sol
736 1088 788 1114 est,
801 1087 828 1111 et
847 1083 922 1110 luna.
943 1084 981 1112 Ac

200 1128 432 1165 quemadmodum
450 1136 481 1156 ea
498 1136 558 1164 quae
579 1127 706 1155 ﬂuentem
730 1129 784 1155 vim
800 1128 911 1160 habent,
928 1136 981 1155 non

201 1178 268 1205 sunt
289 1175 371 1202 unius
386 1175 494 1210 generis
512 1174 615 1208 omnia,
637 1174 683 1202 sed
699 1174 849 1202 diﬂ‘crentia
864 1175 982 1209 quadam

200 1220 273 1250 inter
282 1228 313 1248 se
327 1220 446 1248 vicissim
462 1219 629 1255 discrepant,
642 1224 672 1246 ut
685 1220 777 1247 videre
790 1220 853 1247 licet
866 1220 894 1247 in
910 1221 981 1252 oleo,

200 1270 228 1296 et
242 1273 324 1301 aqua,
338 1270 366 1294 et
381 1270 493 1301 argento
507 1266 580 1298 vivo,
601 1273 661 1302 qua:
681 1265 703 1293 si
720 1266 783 1300 quis
797 1265 886 1292 omnia
901 1266 982 1293 simul

201 1312 230 1340 in
244 1319 300 1339 uno
317 1319 382 1340 vase
398 1311 558 1342 confundat,
576 1319 658 1346 parva
676 1311 817 1345 interjecta
836 1319 911 1338 mora
927 1312 984 1348 pri~

200 1366 275 1386 mum
292 1357 406 1393 aspiciet
420 1361 560 1394 argentum
578 1357 669 1385 vivum
685 1358 720 1385 ob
738 1358 890 1392 graviorem
902 1358 983 1385 deor-

200 1410 317 1439 sumque
336 1403 490 1430 tendentem
515 1407 640 1431 naturam
664 1403 692 1430 in
710 1403 795 1431 fundo
815 1407 902 1431 totum
918 1411 983 1431 con-

202 1449 302 1482 sidere,
325 1449 390 1477 licet
405 1449 497 1477 omnia
522 1449 664 1477 commisla
685 1448 870 1482 sint;deinde
886 1457 983 1484 aquam

203 1495 283 1522 simul
305 1499 429 1523 coactam
451 1501 559 1522 omnem
580 1494 746 1528 succedere;
773 1500 912 1530 postremo
932 1495 984 1522 olei

203 1545 381 1576 congregatas
397 1541 546 1576 particulas
561 1544 741 1576 supernatare
762 1546 789 1568 et
806 1549 888 1576 super
903 1545 986 1571 utro-

203 1595 258 1624 que
273 1587 424 1615 consistere
439 1596 446 1614 :
463 1587 557 1615 eodem
572 1591 652 1622 pacto
663 1586 697 1614 de
712 1594 742 1614 re
755 1587 835 1615 nobis
846 1588 878 1614 ad
894 1588 988 1623 dispu-
1000 1579 1022 1608 Ο

203 1633 317 1663 tandum
336 1633 475 1668 proposita
489 1640 638 1668 possumus
656 1633 804 1667 conjicere,
819 1633 886 1662 illud
903 1641 987 1660 unum

204 1679 232 1706 in
257 1679 381 1714 exemplo
406 1682 513 1706 tantum
537 1682 751 1711 commutantes,
780 1683 810 1706 ut
838 1679 910 1714 quod
935 1679 991 1707 illic

206 1728 317 1760 propter
337 1724 511 1758 gravitatem.
538 1723 583 1751 hic
607 1728 702 1751 contra
726 1729 837 1760 propter
854 1725 989 1753 levitatem

204 1771 322 1799 eveniat.
342 1770 371 1799 In
387 1770 476 1805 prima
495 1770 568 1798 enim
585 1777 676 1796 rerum
697 1770 904 1800 constitutione.
931 1779 991 1805 qum

206 1816 317 1846 levitate
342 1822 452 1843 sursum
473 1815 632 1846 tendebant.
650 1815 773 1850 quandiu
789 1815 824 1842 ob
836 1817 987 1843 naturalem

205 1859 260 1887 vim
278 1859 388 1887 insitam
406 1859 544 1887 celeritate
557 1859 690 1889 valebant.
703 1859 805 1894 pariter
817 1860 909 1888 omnia
924 1867 990 1888 con-

207 1909 363 1937 currerunt,
379 1908 435 1931 tum
450 1911 481 1931 ex
498 1904 651 1932 velocitatis
672 1904 829 1939 praestantia
846 1905 903 1940 ipsa
921 1914 990 1941 quo-

206 1956 260 1984 que
279 1949 350 1976 inter
370 1956 399 1976 se
414 1948 545 1976 distincta
562 1952 635 1977 sunt.

1032 949 1120 984 τρισὶν
1133 948 1251 984 ἡμέραις
1263 947 1404 983 ἐτελειώθη
1413 956 1419 963 ·
1431 948 1468 979 ὡς
1482 948 1563 983 μηδὲν
1574 948 1626 981 ἔξω
1637 950 1686 983 τῆς
1703 948 1823 975 ἀκολου-

1033 995 1095 1027 θίας
1120 994 1195 1030 παρὰ
1217 993 1263 1023 τοῦ
1283 993 1402 1029 μεγάλου
1414 994 1534 1026 Μωσέως
1556 995 1585 1020 ὲν
1602 995 1636 1029 τῇ
1661 994 1717 1020 τῶν
1734 994 1825 1021 ὅντων

1033 1040 1160 1075 διασκευῇ
1175 1039 1337 1076 γεγράφθαι.
1350 1041 1374 1066 εί
1389 1039 1495 1066 πάντων
1509 1039 1580 1067 κατὰ
1591 1040 1621 1066 τὸ
1633 1039 1733 1075 ἁθρόον
1745 1039 1824 1074 παρὰ

1034 1087 1083 1122 τῆς
1098 1086 1144 1112 τοῦ
1154 1085 1325 1121 Δημιουργοῦ
1337 1085 1478 1121 δυνάμεως
1486 1085 1584 1117 ὑλικῶς
1596 1084 1825 1120 προκαταϐεϐλη-

1036 1133 1136 1168 μένων,
1148 1132 1214 1167 πρὸς
1225 1131 1274 1167 τὴν
1289 1131 1342 1158 τῶν
1354 1131 1439 1158 ὄντων
1453 1131 1592 1162 σύστασιν,
1611 1132 1628 1166 ἡ
1646 1131 1746 1167 μερικὴ
1768 1131 1827 1158 τῶν

1035 1178 1063 1204 ἐν
1085 1177 1124 1213 τῷ
1148 1177 1242 1212 κόσμῳ
1259 1176 1472 1212 τεθεωρημένων
1499 1176 1643 1209 ἀνάδειξις,
1672 1175 1749 1208 τάξει
1769 1176 1826 1202 τινὶ

1036 1223 1136 1258 φυσικῇ
1150 1222 1195 1248 καὶ
1207 1221 1352 1257 ἀκολουθίᾳ
1363 1223 1392 1248 ὲν
1403 1222 1477 1258 ῥητῷ
1486 1222 1650 1257 διαστήματι
1665 1221 1826 1256 ἐτελειώθη·

1035 1268 1095 1295 τότε
1106 1268 1156 1303 μὲν
1169 1267 1268 1303 ἀθρόου
1280 1267 1328 1294 τοῦ
1347 1268 1434 1302 φωτὸς
1447 1267 1619 1303 ἐπιφανέντος,
1634 1266 1682 1293 νῦν
1692 1267 1721 1293 δὲ
1734 1267 1828 1302 πάσης

1035 1315 1084 1349 τῆς
1100 1313 1267 1348 φωτιστικῆς
1283 1312 1392 1347 φύσεως
1411 1313 1501 1345 ίδικῶς
1517 1313 1701 1349 διαφανείσης,
1717 1310 1756 1340 ὧν
1768 1314 1829 1339 ἐστι

1037 1360 1084 1387 καὶ
1101 1360 1115 1386 ὁ
1128 1359 1213 1394 ἥλιος.
1228 1359 1274 1385 καὶ
1287 1359 1304 1394 ὴ
1325 1358 1434 1394 σελήνη.
1447 1359 1501 1386 Καὶ
1516 1359 1609 1394 ὥσπερ
1625 1359 1672 1385 ἐπὶ
1693 1358 1748 1385 τῶν
1762 1359 1828 1394 ρευ-

1037 1405 1103 1439 στήν
1120 1412 1180 1431 τινα
1195 1403 1308 1438 δύναμιν
1327 1403 1451 1438 ἐχόντων,
1471 1403 1521 1432 κᾶν
1535 1404 1624 1431 πάντα
1637 1404 1697 1439 ῥέῃ,
1713 1403 1743 1430 οὗ
1758 1403 1828 1430 πάν-

1036 1458 1090 1481 τως
1105 1449 1241 1484 ὁμογενῶς
1255 1450 1311 1485 ἔχει
1327 1449 1395 1484 πρὸς
1410 1449 1521 1484 ἄλληλα,
1534 1449 1601 1476 ἀλλά
1615 1449 1655 1481 τίς
1669 1451 1743 1475 ἐστιν
1762 1449 1829 1475 ἑκά-

1039 1504 1093 1530 στῳ
1116 1495 1231 1530 διαφορὰ
1260 1494 1327 1529 πρὸς
1353 1494 1384 1520 τὸ
1409 1494 1511 1531 ἕτερον,
1535 1492 1591 1521 οἷον
1611 1495 1641 1521 ὲν
1672 1494 1756 1530 ἐλαίῳ
1781 1494 1829 1521 καὶ

1038 1541 1200 1577 ὑδραργύρῳ
1223 1541 1268 1567 καὶ
1293 1540 1379 1571 ὕδατι,
1401 1540 1473 1576 ἅπερ
1498 1540 1524 1567 ετ
1542 1549 1584 1571 τις
1599 1540 1718 1575 ἀναχέας
1737 1540 1829 1567 πάντα

1038 1588 1104 1623 πρὸς
1124 1586 1224 1622 ἄλληλα
1252 1586 1292 1615 ἐνὶ
1316 1585 1456 1621 περιϐάλοι
1478 1586 1590 1620 ἀγγείῳ,
1616 1586 1730 1622 βραχέος
1748 1586 1831 1619 ὲγγε-

1037 1633 1149 1668 νομένου
1163 1631 1271 1667 χρόνου,
1286 1631 1393 1666 πρῶτον
1409 1630 1503 1665 ὄψεται
1522 1631 1570 1666 τὴν
1586 1631 1767 1667 ὐδράργυρον,
1782 1631 1829 1659 διὰ

1038 1678 1069 1704 τὸ
1085 1677 1238 1713 βαρυτέραν
1256 1684 1286 1703 τε
1300 1676 1345 1703 καὶ
1366 1676 1608 1711 κατωφερεστέραν
1624 1674 1694 1703 εἶναι
1715 1676 1770 1703 τῶν
1782 1676 1830 1704 ἄλ-

1038 1724 1102 1756 λων,
1115 1725 1172 1755 τοῖς
1191 1723 1267 1754 ἰδίοις
1282 1722 1476 1758 συμφυομένην
1500 1722 1615 1758 μορίοις,
1633 1722 1685 1748 κᾶν
1703 1721 1831 1757 πανταχῆ

1038 1769 1124 1796 ταῦτα
1153 1767 1363 1803 διεσκεδασμὲνα
1389 1766 1474 1802 τύχην
1499 1767 1594 1793 ἔπειτα
1611 1766 1641 1793 τὸ
1666 1766 1739 1801 ὓδωρ
1761 1766 1831 1801 πρὸς

1044 1815 1123 1843 ἑαυτὸ
1144 1814 1338 1848 συναγόμενον·
1354 1810 1414 1840 εἷτα
1430 1812 1476 1839 τοῦ
1493 1812 1582 1839 ἐλαίου
1604 1813 1638 1839 τὰ
1658 1812 1742 1847 μόρια
1761 1813 1830 1839 πᾶσι

1041 1861 1097 1891 ’τοῖς
1110 1859 1300 1894 ὑποκειμένοις
1313 1858 1521 1890 ἐπιπολάζοντα,
1534 1858 1581 1885 καὶ
1596 1859 1660 1893 περὶ
1671 1857 1756 1884 ἑαυτὰ.
1768 1865 1832 1884 συν-

1034 1897 1190 1940 ιστάμενω
1217 1905 1303 1940 οὕτως
1325 1902 1402 1939 οἶμαι
1421 1904 1476 1930 δεῖν
1492 1904 1539 1930 καὶ
1562 1903 1626 1939 περὶ
1645 1904 1695 1939 τῆς
1719 1911 1832 1939 προκει-

1044 1951 1127 1986 μένης
1143 1951 1257 1986 θεωρίας
1281 1950 1469 1987 στοχάζεσθαι,
1483 1949 1609 1976 τοσοῦτον
1625 1949 1830 1981 ὑπαλλάξαντας

209 1996 288 2033 μόνον
308 1995 357 2022 τοῦ
374 1994 586 2029 ὐποδείγματος.
611 1994 681 2023 ὥστε
700 1994 730 2020 τὸ
743 1994 772 2021 ἐν
795 1995 851 2026 τοῖς
874 1996 996 2030 ρευστοῖς
1015 1994 1065 2024 ὧδε
1080 1996 1124 2023 διὰ
1148 1995 1193 2022 τοῦ
1226 1995 1325 2030 βάρους
1354 1994 1511 2029 γινόμενον,
1535 1994 1581 2020 ἐπὶ
1601 1994 1650 2028 τῆς
1674 1993 1831 2029 ἀνωφεροῦς

208 2043 316 2076 φύσεως
341 2041 411 2068 κατὰ
434 2041 465 2068 τὸ
491 2041 607 2076 ἔμπαλιν
636 2041 780 2076 θεωρῆσαι.
810 2041 923 2069 Πάντων
948 2043 1001 2079 γὰρ
1021 2043 1230 2078 ἀναφερομένων
1260 2042 1311 2068 ὑπὸ
1332 2041 1496 2076 κουφότητος
1512 2041 1569 2075 ἅμα
1593 2041 1626 2076 τῇ
1650 2039 1746 2076 πρώτῃ
1775 2038 1832 2066 τῶν

209 2090 293 2119 Emit
315 2088 461 2126 καταϐολῇ,
481 2088 519 2120 ὡς
540 2086 597 2124 εἶχε
620 2088 717 2123 τάχους
742 2088 856 2116 ἕκαστον
884 2090 955 2116 κατὰ
977 2091 1025 2126 τὴν
1040 2090 1201 2125 ὲγκειμένην
1214 2090 1268 2120 τοῖς
1289 2089 1370 2118 πᾶσιν
1384 2090 1416 2115 ὲκ
1429 2087 1535 2123 φύσεως
1548 2087 1670 2122 δύναμιν,
1685 2086 1833 2115 ἀκόλουθον

207 2135 242 2172 ἦν
253 2135 293 2171 τῷ
306 2134 489 2170 ισοδρομοῦντι
502 2134 627 2169 ἀλλήλοις
646 2135 732 2160 πάντα
755 2134 926 2169 συνδραμεῖν,
941 2135 988 2163 καὶ
1002 2135 1073 2165 οὕτω
1097 2135 1267 2170 διακριθῆναι
1297 2134 1368 2161 κατὰ
1383 2134 1433 2169 τὴν
1450 2133 1499 2160 τοῦ
1511 2133 1608 2168 τάχους
1631 2133 1764 2168 διαφορὰν
1782 2131 1830 2159 ἀπ’

208 2183 340 2219 ἀλλήλων,
354 2182 409 2213 τῶν
429 2181 558 2213 ὡσαύτως
572 2183 731 2216 πεφυκότων
753 2191 781 2208 τε
803 2183 850 2209 καί
871 2183 1035 2218 δυναμένων.

244 2228 280 2257 Ut
295 2229 378 2263 igitur
391 2227 419 2255 in
435 2227 560 2263 exemplo
578 2228 718 2262 proposito
741 2235 831 2255 rerum
849 2228 989 2255 ﬂuentium
1006 2232 1029 2258 D

211 2274 326 2302 secretio
336 2277 363 2300 et
377 2273 514 2308 separatio
524 2273 666 2299 materiam
683 2273 847 2308 singularem
861 2280 914 2300 non
930 2280 993 2300 con-

210 2320 309 2352 stituit,
322 2320 370 2348 sed
383 2319 440 2354 jam
455 2319 553 2346 factam
564 2317 701 2350 distinxit,
718 2319 927 2354 distinctamque
945 2320 994 2347 de-

211 2365 394 2393 monstravit:
413 2364 495 2392 sicin
519 2365 602 2391 trium
617 2364 721 2392 dierum
739 2364 827 2400 spatio
855 2364 994 2393 illustrans

211 2411 279 2439 solis
289 2415 397 2444 natura,
411 2414 587 2445 potestasque
606 2410 674 2437 facta
688 2418 741 2437 non
758 2413 811 2442 est,
825 2411 872 2439 sed
889 2419 950 2438 cum
967 2411 993 2438 in

212 2457 388 2485 universitate
413 2463 504 2483 rerum
528 2455 624 2483 diffusa
639 2460 722 2487 esset,
739 2455 820 2483 simul
845 2460 940 2483 coacta
955 2461 997 2483 est

213 2507 240 2532 et
265 2502 421 2537 conjuncta.
438 2500 467 2529 Si
484 2501 545 2536 quis
558 2506 647 2528 autem
662 2508 677 2527 a
693 2501 772 2528 nobis
787 2505 814 2528 et
840 2501 913 2528 tertii
933 2501 994 2528 οωιί

214 2548 350 2577 rationem
377 2550 461 2583 petat.
492 2547 566 2582 quod
597 2547 686 2575 Moses
713 2555 767 2574 non
799 2547 920 2582 scripsit.
949 2547 996 2574 sed

215 2593 316 2621 Paulus
329 2593 407 2625 vidit,
418 2596 446 2621 et
458 2593 485 2620 in
502 2593 562 2628 ipso
574 2597 700 2627 tanquam
716 2593 742 2620 in
757 2593 846 2628 adytis
858 2593 998 2628 sapientia:

216 2639 370 2669 consistens
386 2645 486 2667 arcana
502 2637 604 2664 audivit
616 2637 649 2669 ",
672 2637 708 2664 ab
726 2637 780 2664 illis
803 2644 862 2672 qua:
876 2637 998 2671 exposita

218 2687 292 2715 sunt,
305 2683 415 2711 tertium
443 2682 510 2711 illud
525 2683 623 2711 coelum
640 2689 694 2710 non
710 2682 806 2709 abcsse
820 2680 998 2716 respondebi-

218 2738 289 2762 mus.
315 2729 428 2757 \‘idetttr
442 2728 514 2756 enim
540 2728 606 2758 mihi
625 2735 739 2763 magnus
756 2727 834 2755 etiam
854 2725 1000 2761 Apostolus

255 2799 276 2818 ω
291 2797 310 2824 tl
326 2798 388 2826 Cor.
410 2806 455 2830 ut,
472 2797 531 2825 2-4.
576 2831 594 2851 ι

1079 2229 1183 2262 Ὥσπερ
1206 2224 1252 2253 οὖν
1283 2225 1330 2251 ἐπὶ
1359 2224 1405 2251 τοῦ
1426 2224 1623 2259 ὑποδείγματος
1651 2223 1667 2258 ἡ
1697 2222 1752 2249 τῶν
1770 2223 1829 2259 ῥευ-

1047 2274 1117 2301 στῶν
1127 2272 1228 2299 τούτων
1243 2271 1376 2306 διάκρισις
1396 2270 1446 2296 οὐκ
1465 2269 1575 2304 ἐποίησε
1593 2267 1636 2295 διὰ
1656 2268 1706 2303 τῆς
1725 2267 1829 2294 διαστο-

1046 2319 1095 2353 λῆς
1108 2318 1156 2349 τὰς
1170 2316 1245 2348 ὕλας,
1261 2316 1327 2342 ἀλλὰ
1341 2315 1389 2346 τὰς
1407 2313 1591 2349 γεγενημένας
1602 2312 1648 2339 καὶ
1662 2313 1691 2338 ὲν
1703 2312 1829 2347 ἀλλήλαις

1047 2363 1198 2399 κεχυμένας
1221 2361 1347 2396 καθαρῶς
1366 2360 1484 2395 ἑκάστην
1496 2359 1550 2385 ἀπὸ
1568 2358 1616 2394 τῆς
1630 2358 1712 2393 ἄλλης
1727 2357 1830 2393 διακρι-

1047 2407 1139 2434 θεῖσαν
1162 2404 1306 2438 ἀνέδειξεψ
1324 2403 1395 2430 οὕτω
1414 2404 1460 2430 καὶ
1481 2403 1548 2438 μετὰ
1570 2402 1600 2429 τὸ
1614 2403 1763 2438 τριήμερον
1783 2401 1827 2429 τοῦ

1048 2454 1142 2490 χρόνου
1153 2451 1289 2486 διάστημα
1304 2451 1364 2485 οὐχὶ
1375 2449 1482 2483 ἐγένετο
1494 2451 1511 2484 ἡ
1526 2449 1675 2484 φωτιστικὴ
1692 2447 1739 2474 τοῦ
1753 2447 1828 2483 ἡλίου

1048 2499 1128 2533 φύσις
1147 2497 1194 2524 καὶ
1213 2496 1335 2531 δύναμις,
1357 2495 1424 2521 ἀλλὰ
1439 2494 1621 2529 διακεχυμένη
1642 2493 1711 2528 πρὸς
1730 2494 1760 2520 τὸ
1778 2494 1828 2519 πᾶν

1051 2544 1117 2579 πρὸς
1133 2542 1232 2577 ἑαυτὴν
1255 2540 1386 2576 διεκρίθη.
1403 2541 1434 2566 Εἰ
1448 2540 1476 2566 δέ
1492 2548 1534 2570 τις
1549 2540 1621 2574 ἡμᾶς
1645 2539 1770 2574 ὲπαιτοίη
1786 2538 1829 2565 καὶ

1052 2590 1114 2625 περὶ
1131 2588 1177 2615 τοῦ
1191 2587 1282 2623 τρίτου
1297 2586 1411 2622 οὐρανοῦ
1424 2586 1512 2620 λόγον,
1534 2585 1563 2611 ὃν
1577 2585 1591 2610 ὁ
1605 2585 1708 2619 Μωσῆς
1724 2584 1774 2619 μὲν
1783 2584 1830 2610 οὐκ

1052 2632 1179 2668 ἔγραψεν,
1195 2631 1298 2662 Παῦλος
1312 2630 1339 2656 δὲ
1364 2628 1443 2660 εἶδεν,
1463 2629 1510 2655 καὶ
1523 2628 1552 2655 ὲν
1566 2628 1639 2663 αὺτῷ
1659 2628 1784 2663 καθάπερ
1802 2627 1829 2653 ἐν

1052 2679 1158 2709 ἀδύτοις
1172 2678 1226 2704 τισὶ
1238 2676 1288 2712 τῆς
1298 2676 1392 2709 σοφίας
1402 2674 1556 2709 γενόμενος,
1570 2674 1624 2700 τῶν
1641 2674 1767 2709 ἀρρήτων
1787 2673 1828 2698 ἑπ-

1055 2724 1219 2757 τκοοάσατο,
1230 2722 1308 2750 τοῦτό
1322 2730 1422 2759 φαμεν,
1435 2721 1475 2750 ὅτι
1491 2720 1541 2750 οὐκ
1555 2720 1607 2757 ἔξω
1617 2720 1671 2750 τῶν
1685 2718 1829 2757 ἐξητασμένη

256 2866 296 2902 ξιξ)
308 2863 367 2897 Vox
394 2868 528 2899 suspecta.
554 2862 711 2899 Logcndmn
735 2861 862 2896 {aQ-tatam
890 2856 969 2890 οὗτοι.
994 2857 1074 2889 Em.
