1919 3069
65 194 101 222 121
665 194 700 222 ΙΝ
720 194 843 223 llEXAEl

894 195 955 224 ιοΝ
974 196 1084 225 LIBER.

1617 199 1670 226 ΙΞὲ

64 261 108 281 νων
121 252 134 278 ὑ
144 249 232 286 τρίτος
251 249 353 281 ἐκεῖνος
368 247 482 285 οὐρανός
493 249 561 276 ἐστι.
584 251 664 277 Δοκεῖ
684 251 738 286 γάρ
762 260 806 287 μοι
817 252 831 278 ὁ

894 254 995 281 νίηςεηε
1006 261 1101 280 omnes
1116 254 1271 289 superiores
1282 255 1368 284 totius
1377 259 1492 286 natum,
1510 262 1570 289 quae
1585 262 1666 283 sensu

66 298 139 332 μέγας
168 294 329 326 ’Δπόστολος
351 296 366 321 ὀ
388 295 455 321 πᾶσι
479 296 536 326 τοῖς
557 295 712 331 ἔμπροσθεν
736 297 833 324 ἑαυτὸν

66 339 222 372 ἐπιτείνων,
236 339 333 371 διαϐὰς
344 340 432 375 πάσης
445 340 496 375 τῆς
509 341 640 376 αἰσθητῆς
650 340 757 375 φύσεως
770 342 833 373 τοὺς

65 388 141 422 ὅρους,
159 387 198 418 είς
213 386 264 421 τὴν
284 386 380 421 νοητὴν
401 385 566 412 κατάστασιν
587 386 773 422 παρεισδῦναι,
801 387 832 413 οὐ

65 433 209 468 σωματικῆς
219 432 341 467 ἀκριϐῶς
352 432 498 467 γινομένης
511 431 585 467 αὐτῷ
597 432 646 467 τῆς
661 432 716 459 τῶν
731 432 834 468 νοητῶν

64 479 175 514 θεωρίας.
193 477 279 506 Τοῦτο
294 478 348 513 γὰρ
370 478 417 504 καὶ
431 477 513 509 αὐτὸς
527 477 566 513 τῷ
584 478 642 513 ἰδίῳ
657 478 728 513 λόγῳ
745 487 835 514 παρα-

64 525 210 560 σημαίνεται
224 524 321 557 εἰπὼν,
331 525 372 551 ὅτι
383 534 392 550 ι
409 524 463 551 είτε
478 525 507 551 ὲν
520 523 626 559 σώματι
637 525 688 552 οὐκ
700 523 767 556 οἶδα,
778 525 835 551 εἴτε

64 573 131 604 ἐκτὸς
141 572 184 599 τοῦ
197 572 322 606 σώματος
333 572 383 599 οὑκ
389 570 461 600 οἶδα*
476 572 491 598 ὁ
501 571 568 604 Θεὸς
587 570 657 598 οἶδεν
677 572 835 608 ἁρπαγέντα

64 621 102 647 τὸν
112 619 224 646 τοιοῦτον
239 619 293 651 ἓως
308 618 399 654 τρίτου
416 618 541 654 οὐρανοῦ.
556 627 565 644 ›
576 618 613 644 Τὸ
626 615 672 644 οὖν
687 617 835 653 ἀκρότατον

65 665 103 692 τοῦ
116 663 238 700 αἰσθητοῦ
256 665 359 700 κόσμου
377 664 468 700 τρίτον
482 661 558 699 οἶμαι
577 663 692 698 οὐρανὸν
707 671 836 698 προειρη-

65 711 131 738 κέναι
143 711 186 737 τὸν
195 710 312 744 Παῦλον,
325 710 405 746 τριχῆ
414 710 465 745 μὲν
474 710 591 745 τεμόντα
601 710 654 736 πᾶν
662 709 692 736 τὺ
707 709 836 744 φαινόμε-

65 766 111 790 νον,
127 756 194 783 κατὰ
213 756 242 783 δὲ
270 756 320 792 τὴν
345 756 487 791 συνήθειαν
505 756 556 790 τῆς
575 755 698 791 Γραφῆς,
722 754 837 781 ἕκαστον

65 803 110 830 τῶν
124 803 272 838 τμημάτων
284 803 387 830 τούτων
405 802 519 838 οὐρανὸν
537 802 718 837 ὀνομάσαντα.
737 801 767 828 '0
783 801 836 836 γὰρ

65 849 106 883 τῆς
117 849 221 884 Γραφῆς
237 849 327 883 λόγος.
342 851 371 876 ὲν
384 849 553 884 καταχρήσει
567 849 620 875 τινὶ
634 848 773 884 ῥημάτων.
789 847 837 873 ἕνα

67 895 108 929 μὲν
117 894 223 930 οὐρανὸν
242 894 381 929 ὀνομάζει,
395 894 440 920 τὸν
454 894 517 930 ὅρον
536 894 584 920 τοῦ
598 893 836 929 παχυμερεστέρου

66 941 144 977 ἀέρος,
170 941 265 977 μέχρις
283 938 315 970 οὗ
331 942 378 968 καὶ
400 941 466 976 νέφη
487 941 534 967 καὶ
555 941 649 975 ἄνεμοι
671 940 718 966 καὶ
742 940 759 975 ἡ
784 939 837 966 τῶν

66 986 188 1020 ὑψιπετῶν
205 986 308 1021 ὀρνέων
324 986 436 1022 φέρεται
455 985 545 1020 φύσις.
560 985 614 1012 Καὶ
628 984 681 1019 γὰρ
696 984 744 1010 καὶ
757 982 836 1017 νεφέ-

67 1032 106 1063 λας
120 1032 228 1067 οὐρανοῦ
248 1031 334 1066 λέγει,
358 1032 406 1060 καὶ
429 1031 539 1058 πετεινὰ
563 1029 697 1066 οὐρανοῦ-
718 1029 764 1056 καὶ
789 1029 838 1063 οὐχ

66 1077 147 1109 ἁπλῶς
170 1078 283 1114 οὐρανὸν
310 1077 384 1112 λέγει
409 1077 512 1109 τοῦτον,
539 1076 606 1102 ἀλλὰ
628 1076 676 1102 καὶ
701 1074 770 1110 μετὰ
790 1073 838 1101 τοῦ

68 1123 251 1160 περεώματος.
276 1124 358 1158 Λέγει
383 1123 447 1158 γὰρ,
466 1133 475 1148 ι
501 1121 672 1156 Ἐξαγαγέτω
694 1121 729 1148 τὰ
756 1121 840 1147 ὕδατα

68 1172 158 1206 ἑρπετὰ
169 1171 261 1206 ψυχῶν
274 1170 381 1203 ζωσῶν,
396 1170 441 1196 καὶ
460 1170 571 1195 πετεινὰ
587 1168 724 1203 πετόμενα
735 1167 780 1194 ἐπὶ
790 1166 839 1202 τῆς

68 1216 110 1250 γῆς
123 1215 187 1242 κατὰ
199 1215 229 1242 τὸ
252 1214 397 1250 στερέωμα
414 1214 461 1240 τοῦ
477 1212 601 1248 οὐρανοῦ.
622 1222 631 1238 ι
650 1210 716 1239 Εἶτα
732 1212 762 1238 τὸ
781 1211 840 1238 ἓτε-

69 1270 117 1296 ρον,
127 1261 234 1296 οὐρανόν
245 1269 276 1287 τε
299 1260 346 1287 καὶ
365 1259 508 1295 στερέωμα
525 1258 713 1293 κατονομάζει,
728 1259 758 1285 τὸ
773 1257 841 1293 μετὰ

68 1307 108 1341 τὴν
118 1306 219 1342 ἀπλανῆ
235 1306 355 1341 σφαῖραν
375 1305 440 1340 περὶ
457 1305 489 1331 τὺ
504 1304 580 1336 ἐντὸς
595 1304 791 1340 θεωρούμενον,
812 1305 841 1330 ἐν

68 1349 120 1386 (poi
143 1352 273 1387 πλανῆται
295 1351 349 1378 τῶν
367 1350 488 1386 ἀστέρων
520 1349 735 1386 διαπορεύονται.
760 1350 841 1383 Λέγει

69 1399 122 1434 γὰρ.
145 1399 183 1425 ὅτι
197 1408 207 1424 ι
232 1397 376 1432 Ἐποίησεν
398 1398 412 1423 ὁ
435 1396 500 1427 Θεδς
519 1396 583 1427 τοὺς
608 1396 755 1431 φωστῆρας
780 1396 841 1426 τοὺς

71 1445 197 1480 μεγάλους,
219 1445 266 1471 καὶ
286 1443 363 1470 ἔθετο
380 1443 478 1474 αὐτοὺς
497 1443 526 1468 ὲν
548 1442 587 1477 τῷ
606 1442 775 1477 περεὼματι
793 1441 841 1468 τοῦ

69 1491 179 1526 οὐρανοῦ,
193 1491 262 1518 ὥστε
287 1489 393 1524 φαίνειν
408 1489 454 1515 ἐπὶ
467 1488 517 1522 τῆς
531 1488 593 1522 γῆς.
614 1497 623 1513 ι
637 1488 722 1514 Παντὶ
738 1488 765 1514 δὲ
777 1488 843 1523 πρό-

69 1538 136 1572 δηλον
143 1537 179 1572 τῷ
186 1536 309 1564 ὁπωσοῦν
318 1537 416 1562 ὲπεσκε
421 1534 515 1569 μμένῳ
523 1534 571 1568 τὴν
579 1533 625 1559 τοῦ
634 1533 734 1565 παντὸς
741 1533 844 1559 διακόσ-

72 1593 151 1619 μησιν,
157 1585 215 1611 ὅσον
224 1582 395 1616 ὑποϐέϐληκε
404 1581 490 1608 ταῦτα
498 1582 563 1616 περὶ
571 1581 680 1615 τὴνᾶνω
690 1580 784 1615 φορὰν,
796 1580 843 1606 καὶ

71 1629 127 1657 αὐτὸ
134 1630 159 1656 δὲ
167 1629 196 1656 τὸ
202 1630 351 1664 ἀκρότατον
361 1626 408 1654 τοῦ
423 1625 553 1661 αἰσθητοῦ
564 1626 678 1661 κόσμου,
693 1626 707 1652 ὖ
718 1625 843 1661 μεθόριον

71 1675 113 1710 τῆς
119 1675 210 1711 νοητῆς
218 1675 343 1706 κτίσεως,
351 1682 396 1700 στε
400 1672 493 1708 ρέωμά
500 1681 530 1698 τε
536 1672 583 1699 καὶ
588 1673 617 1698 οὔ
621 1672 700 1708 ρανδν
706 1671 841 1707 ὀνομάζει.

107 1721 132 1747 '0
152 1718 196 1747 οὖν
218 1718 390 1754 ἐπιθυμητὴς
404 1717 459 1743 τῶν
482 1717 552 1752 ὑπὲρ
566 1716 655 1750 λόγον,
672 1715 721 1742 καὶ
736 1715 844 1742 σκοπῶν

73 1766 151 1798 καθὼς
181 1766 226 1793 καὶ
251 1766 319 1800 ἡμῖν
349 1762 522 1797 ὲγκιλεύεται
553 1762 636 1797 μηδὲν
667 1761 722 1787 τῶν
749 1761 845 1796 βλεπο-

76 1812 166 1848 μένων·
190 1812 230 1838 ὅτι
255 1811 291 1837 τὰ
318 1809 366 1845 μὲν
387 1809 539 1844 βλεπόμενα
561 1807 731 1844 πρόσκαιρα,
757 1807 792 1834 τὰ
817 1806 846 1833 δὲ

77 1858 108 1894 μὴ
135 1858 282 1893 βλεπόμενα
310 1855 425 1882 αἰώνια·
459 1855 525 1881 ὅπου
556 1854 636 1880 αὑτὸν
664 1854 681 1888 ἡ
711 1851 845 1888 ἐπιθυμία

75 1905 173 1941 ἐπῆρεν,
195 1905 251 1931 ἐκεῖ
279 1904 387 1937 ἐγένετο
411 1901 529 1936 ὑψωθεὶς
553 1902 586 1936 τῇ
614 1900 737 1936 δυνάμει.
761 1899 846 1926 Τοῦτο

76 1950 225 1985 ἐπιθυμητὸν
251 1948 326 1983 αὖτῷ
350 1946 565 1983 προδεικνύντος,
587 1946 633 1973 καὶ
657 1946 718 1973 ἀντὶ
749 1946 845 1979 εἰπεῖν,

76 1992 131 2021 οἶδα
140 1996 277 2031 ἄνθρωπον
292 1995 382 2021 πᾶσαν
395 1994 445 2028 τὴν
460 1992 591 2028 αἰσθητὴν
604 1992 733 2018 διαϐάντα
748 1991 846 2023 κτίσιν,

77 2042 116 2069 καὶ
132 2043 158 2068 ἐν
178 2044 231 2074 τοῖς
246 2041 354 2072 ἀδύτοις
372 2040 421 2075 τῆς
443 2039 542 2075 νοητῆς
565 2039 709 2073 γενόμενον
726 2037 845 2073 φύσεως·

77 2087 158 2124 ἐπειδὴ
171 2089 202 2114 ὲκ
216 2087 312 2118 παιδὸς
323 2086 358 2113 τὰ
378 2085 438 2121 ἱερὰ
450 2086 599 2120 γράμματα
618 2082 697 2116 οἶδεν,
709 2085 769 2115 ταῖς
781 2091 849 2118 γρα-

78 2135 158 2167 φικαίς
173 2135 272 2169 φωναῖς
292 2131 465 2168 διασημαίνει
489 2131 519 2158 τὺ
539 2130 635 2165 ὃνομα,
655 2129 745 2164 τρίτον
767 2129 848 2164 οὐρα-

78 2182 116 2207 νὸν
138 2180 268 2214 ὀνομάσας
295 2179 344 2214 τὴν
367 2178 422 2204 τῶν
440 2177 524 2212 τριῶν
551 2176 653 2203 τούτων
678 2174 733 2201 τῶν
759 2174 787 2201 ἐν
810 2173 850 2209 τῷ

80 2226 149 2252 παντὶ
172 2225 364 2262 θεωρουμένων
389 2224 540 2259 τμημάτων
565 2221 694 2253 διέξοδον·
721 2219 849 2247 κατέλιπε

80 2271 125 2306 γὰρ
139 2271 179 2297 τὸν
199 2271 286 2307 ἀέρα·
303 2269 460 2306 παρέδραμε
487 2268 534 2295 καὶ
550 2268 599 2303 τὴν
623 2267 666 2293 διὰ
690 2266 772 2301 μέσου
796 2265 850 2292 τῶν

884 299 1042 334 percipitur,
1067 301 1199 328 terminos
1222 302 1433 334 transcendisse,
1450 302 1483 328 ad
1498 309 1612 336 eamque
1627 302 1668 328 in-

883 353 1005 380 gressum
1032 353 1103 378 esse,
1122 354 1182 381 quae
1197 348 1288 375 animo
1303 352 1448 383 menteque
1461 348 1669 382 comprehendi—

884 397 939 424 tur,
969 400 1030 419 cum
1061 393 1248 428 spectaculum
1275 393 1340 421 illud
1369 394 1480 421 minime
1507 400 1667 428 corporeum

884 437 976 470 fuerit,
990 443 1020 465 ut
1036 438 1150 473 ipsemet
1161 439 1305 474 signiﬁcat.
1320 449 1329 465 ι
1346 440 1403 467 sive
1416 439 1443 467 in
1459 447 1582 474 corpore,
1598 449 1608 465 ι
1626 439 1668 465 in-

883 484 990 519 quiens,
1011 493 1020 509 ‹
1038 485 1131 512 nescio
1152 494 1159 511 :
1177 485 1234 513 sive
1257 490 1333 512 extra
1355 493 1464 520 corpus,
1477 484 1668 512 nesciozbeus

885 529 936 556 scit
960 533 1067 564 raptum
1080 530 1213 564 ejusmodi
1239 531 1376 559 hominem
1401 539 1487 566 usque
1506 531 1539 558 ad
1556 530 1667 557 tertium

884 575 994 602 omium.
1014 585 1024 601 ι
1054 574 1196 603 Summum
1224 576 1307 611 igitur
1330 576 1395 604 illud
1423 577 1529 604 culmen
1554 575 1670 610 hujusce

885 620 990 654 mundi,
1005 628 1085 656 quem
1099 621 1228 654 dicimus,
1238 622 1356 649 arbitror
1367 630 1380 649 a
1392 621 1477 650 Paulo
1490 622 1598 650 tertium
1611 628 1669 648 em-

885 667 940 694 lnm
957 667 1087 701 appellari
1105 677 1111 694 :
1132 667 1276 702 tripliciter
1291 668 1362 695 enim
1378 667 1475 695 dividit
1495 675 1575 705 omne
1597 666 1669 701 quod

885 712 1017 744 cernitur,
1042 716 1069 739 et
1081 721 1114 740 ex
1146 711 1294 747 Scriptura:
1317 713 1516 741 consuetudine
1548 712 1671 747 singulas

886 762 977 792 partes
1000 758 1100 785 coelum
1117 762 1207 785 vocat.
1223 759 1346 786 Ahutens
1359 759 1430 785 enim
1445 758 1562 793 quodam
1591 757 1672 784 modo

886 803 1084 839 signiﬁcatione
1114 804 1269 837 verborum,
1300 805 1416 838 spatium
1436 804 1502 831 illud
1527 803 1672 831 crassioris

887 850 958 878 aeris
983 858 1037 884 quo
1050 854 1076 877 et
1102 851 1198 882 nubes,
1215 855 1241 878 et
1257 851 1340 881 venti,
1363 855 1390 878 et
1404 850 1503 877 excelsi
1532 850 1672 877 volucrum

888 896 993 923 volatus
1005 896 1176 930 perveniunt,
1196 897 1294 923 coelum
1311 905 1395 924 unum
1412 897 1544 926 nominat,
1565 902 1626 922 cum
1646 899 1674 922 et

888 942 949 969 caeli
966 942 1053 970 nubes
1080 941 1146 969 dicit
1164 946 1191 969 et
1207 942 1331 970 volucres
1346 942 1418 969 cceli.
1437 941 1492 969 Nec
1515 941 1674 975 simpliciter

888 987 987 1014 coalum
1027 988 1079 1014 hoc
1117 994 1213 1019 vocat,
1251 988 1297 1015 sed
1341 988 1464 1023 adjungit
1496 987 1576 1014 etiam
1614 987 1674 1014 illas

888 1040 979 1065 voces,
997 1033 1048 1060 sub
1067 1033 1247 1060 ﬁrmamento.
1261 1032 1331 1060 Dicit
1358 1034 1431 1060 enim
1451 1043 1457 1060 :
1483 1043 1491 1058 ι
1521 1033 1675 1060 Producant

889 1087 965 1114 aqua:
977 1079 1082 1114 reptilia
1100 1080 1253 1106 animarum
1269 1079 1416 1107 viventium
1440 1083 1467 1106 et
1493 1079 1612 1105 volatilia
1627 1086 1676 1106 vo-

889 1126 973 1152 lantia
1001 1133 1084 1160 super
1103 1129 1222 1157 terram,
1243 1125 1295 1153 sub
1325 1126 1496 1152 ﬁrmamento
1527 1125 1589 1151 cceli
1607 1124 1641 1150 ’°.
1663 1133 1672 1150 ι

890 1170 991 1198 Deinde
1017 1171 1131 1198 alterum
1155 1171 1254 1198 coelum
1278 1174 1305 1198 et
1333 1171 1533 1197 ﬁrmamentum
1560 1169 1676 1204 appellat

890 1217 1006 1252 spatium
1034 1216 1111 1249 illud,
1144 1216 1215 1251 quod
1245 1216 1376 1243 inerranti
1403 1216 1516 1250 sphaerae
1539 1215 1676 1242 inclusum

890 1264 1093 1295 consideratur,
1122 1263 1148 1289 in
1165 1270 1220 1297 quo
1246 1262 1343 1292 stellae,
1359 1269 1428 1296 quas
1444 1267 1567 1288 errantes
1592 1260 1678 1287 nomi-

892 1314 968 1341 naut,
985 1312 1175 1344 pervagantur.
1191 1307 1237 1335 Sic
1251 1308 1308 1334 ait:
1327 1317 1335 1332 ι
1352 1307 1426 1334 Fecit
1445 1306 1516 1334 Dens
1533 1306 1678 1333 luminaria

891 1363 1000 1390 magna,
1016 1359 1043 1382 et
1058 1355 1147 1389 posuit
1166 1361 1198 1381 ea
1220 1354 1247 1380 in
1271 1354 1441 1380 ﬁrmamento
1461 1353 1535 1382 caeli.
1551 1357 1580 1378 ut
1604 1352 1678 1378 luce-

892 1405 952 1428 rent
965 1407 1047 1434 super
1065 1404 1164 1426 terram
1177 1399 1209 1425 ³⁷.
1227 1408 1236 1424 ι
1253 1398 1345 1426 Cuivis
1364 1397 1523 1425 distinctum
1544 1397 1620 1424 orbis
1635 1404 1667 1422 or

892 1450 985 1472 natum
999 1449 1137 1479 utcunque
1156 1443 1341 1471 consideranti
1358 1442 1531 1478 perspicuum
1556 1445 1608 1473 est,
1622 1442 1680 1468 hac

893 1490 963 1517 inira
985 1496 1141 1524 supremum
1163 1489 1229 1515 illud
1253 1488 1391 1523 fastigium
1415 1487 1572 1522 contigisse,
1605 1486 1679 1521 quod

893 1537 984 1564 omnia
996 1536 1125 1564 sensibus
1143 1535 1260 1563 obnoxia
1272 1535 1467 1569 complectens,
1482 1541 1568 1568 eaque
1588 1533 1681 1567 sejun-

894 1590 960 1617 geus
974 1588 988 1607 a
1003 1581 1085 1608 rebus
1099 1579 1153 1607 illis
1175 1579 1337 1614 procreatis,
1358 1586 1418 1612 quae
1435 1582 1525 1605 mente
1539 1578 1639 1610 solum,
1654 1581 1681 1604 et

896 1627 1072 1664 intelligentia
1104 1625 1381 1662 comprehenduntur,
1414 1624 1625 1655 ﬁrmamentum,
1654 1628 1682 1651 et

894 1676 993 1703 cmlum
1009 1672 1134 1709 appellat.

928 1720 966 1747 Ea
980 1720 1072 1756 igitur,
1089 1726 1149 1754 quae
1164 1718 1254 1746 verbis
1268 1716 1400 1752 explicari
1416 1724 1469 1744 non
1487 1719 1615 1752 possunt,
1631 1722 1680 1742 cu-

893 1768 972 1803 piens
989 1767 1148 1801 Apostolus,
1168 1769 1196 1793 et
1216 1764 1443 1800 quemadmodum
1464 1770 1514 1790 nos
1539 1763 1602 1789 item
1618 1761 1684 1788 hor«

894 1816 978 1844 tatur,
996 1812 1062 1838 nihil
1079 1815 1307 1846 eorulnspcctans
1324 1817 1383 1844 quae
1391 1808 1466 1836 cerni
1485 1812 1600 1843 queunt,
1618 1815 1680 1834 cum

895 1866 926 1886 ea
945 1865 1005 1893 quae
1018 1857 1156 1890 videntur,
1173 1856 1335 1892 temporaria
1357 1855 1424 1887 sint,
1446 1861 1506 1889 qua
1523 1857 1613 1880 autem
1626 1860 1682 1880 non

895 1903 1033 1934 videntur.
1055 1907 1154 1930 mterna
1181 1903 1223 1935 ³⁸;
1243 1902 1334 1928 divina
1359 1901 1459 1928 virlute
1474 1899 1602 1927 sublatus
1623 1906 1685 1933 per-

896 1951 969 1977 venit
981 1958 1014 1977 eo
1031 1957 1084 1984 quo
1099 1948 1234 1976 desiderio
1256 1947 1394 1975 ferebatur
1406 1966 1413 1978 ,
1443 1953 1561 1979 cumque
1590 1950 1686 1974 sacras

897 1994 1013 2022 Litteras
1028 2003 1042 2021 a
1053 1994 1168 2029 pueritia
1183 1993 1336 2026 didicisset,
1356 1992 1446 2019 verbis
1460 1990 1609 2025 Scriptura:
1627 1990 1686 2017 usi~

897 2040 961 2067 tatis
974 2048 1028 2067 rem
1044 2040 1130 2074 ipsam
1142 2038 1287 2073 expressit.
1302 2037 1413 2065 tertium
1427 2036 1527 2063 coelum
1545 2035 1689 2070 appellans

898 2085 994 2113 barum
1010 2086 1091 2112 trium
1114 2085 1277 2116 sectionum,
1301 2090 1363 2118 quae
1387 2083 1415 2109 in
1432 2081 1532 2108 mundo
1547 2080 1690 2110 videntur‘

898 2135 1058 2158 extremam.
1079 2129 1184 2157 Relicto
1207 2130 1279 2157 enim
1300 2136 1372 2161 aere,
1389 2131 1572 2162 superatoque
1597 2125 1692 2153 medio

899 2178 947 2205 illo
965 2178 1063 2212 spatio,
1080 2177 1107 2204 in
1129 2184 1184 2212 quo
1206 2176 1356 2204 errantium
1377 2175 1517 2202 stellarum
1538 2173 1620 2201 orbes
1633 2180 1691 2200 ver

900 2227 1014 2253 santur,
1045 2229 1181 2250 summum
1220 2221 1394 2249 aetheriornm
1430 2220 1524 2247 ﬁnium
1556 2219 1692 2247 ambitum

900 2268 1079 2300 transcendit,
1100 2273 1127 2296 et
1152 2268 1185 2294 ad
1202 2268 1305 2295 ﬁrmam
1332 2267 1416 2298 illam,
1443 2273 1504 2301 qme
1519 2266 1576 2293 sola
1600 2272 1693 2292 meme

79 2315 187 2351 ἀστέρων
200 2315 380 2351 κυκλοφορίαν
390 2324 397 2330 ”
410 2313 527 2349 ἐπέρασε
539 2313 566 2339 δὲ
577 2312 624 2339 καὶ
637 2312 685 2347 τὴν
697 2312 783 2347 ἄκραν
796 2310 843 2337 τῶι

900 2311 1068 2346 percipitur,
1105 2316 1229 2339 naturam
1261 2311 1438 2346 pervoniens,
1472 2309 1590 2345 paradisi
1621 2309 1691 2337 vidit

81 2361 192 2397 σίθερίων
207 2362 278 2398 ὅρων
304 2359 458 2396 περιϐολὴν,
481 2358 527 2385 καὶ
548 2358 577 2384 ἐν
595 2359 628 2392 τῇ
658 2356 781 2391 στασίμῳ
802 2355 850 2381 καὶ

82 2410 152 2444 νοητῇ
162 2408 238 2443 φύσει
253 2408 407 2443 γενόμενος.
415 2404 469 2432 οἶδε
479 2405 514 2432 τὰ
524 2404 572 2431 τοῦ
583 2403 744 2442 παραδείσου
754 2401 850 2437 κάλλη,

83 2454 122 2479 καὶ
132 2454 239 2489 ﬁxo-array
253 2454 271 2481 Et
285 2452 440 2489 ἀνθρωπίνη
455 2451 535 2486 φύσις
548 2451 578 2478 οὺ
592 2450 748 2485 φθέγγεται.
760 2447 853 2474 Ταῦτά

85 2508 129 2531 σοι,
143 2497 164 2527 ὦ
182 2501 307 2537 ἄνθρωπε
327 2499 374 2526 τοῦ
391 2498 471 2531 Θεοῦ,
490 2498 555 2533 περὶ
575 2496 629 2524 τῶν
644 2495 853 2532 προϐληθέντων

85 2546 141 2580 ἡμῖν
160 2547 230 2582 παρὰ
252 2547 303 2581 τῆς
324 2544 457 2577 συνέσεώς
476 2553 521 2571 σου
546 2542 762 2578 ἀπεκρινάμεθα,
786 2541 855 2576 μήτε

86 2600 109 2618 τι
125 2592 169 2627 τῆς
192 2591 329 2628 γραφικῆς
346 2590 445 2623 λέξεως
468 2590 507 2621 εἰς
530 2587 662 2623 τροπικὴν
693 2585 856 2621 ἀλληγορίαν

89 2639 314 2674 μεταποιήσαντες,
345 2638 413 2672 μήτε
440 2634 596 2670 παριδόντες
620 2642 647 2659 τι
673 2632 727 2660 τῶν
753 2632 857 2658 ἀντιτε-

89 2683 175 2711 θέντων
199 2685 264 2720 ἡμῖν
296 2682 486 2716 ἀνεξέταστον·
521 2680 578 2707 ἀλλ’
610 2679 647 2710 ὡς
677 2676 710 2716 ἧν
745 2677 857 2704 δυνατὸν

91 2729 207 2765 μενούσης
234 2730 283 2764 τῆς
310 2729 409 2761 λέξεως
442 2727 487 2754 ἐπὶ
518 2726 567 2761 τῆς
601 2725 669 2756 ἰδίας
700 2724 856 2759 ἐμφάσεως,

89 2774 122 2809 τῷ
134 2775 178 2810 τῆς
196 2777 301 2810 φύσεως
323 2774 410 2809 εἰρμῷ
430 2772 474 2799 διὰ
489 2772 537 2807 τῆς
561 2771 676 2807 θεωρίας
691 2770 747 2796 τῶν
760 2770 857 2805 ὀνομά-

90 2828 136 2848 των
151 2822 386 2858 ὴκολουθήσαμεν,
411 2820 443 2846 δι’
469 2816 506 2846 ὧν
529 2819 559 2845 τὸ
587 2817 668 2853 μηδὲν
692 2816 858 2848 ὑπεναντίοις

123 2909 141 2928 υ
154 2910 217 2940 Gen.
235 2919 253 2944 1,
268 2909 316 2940 20.
355 2909 376 2924 ³⁷
394 2907 459 2935 ibid.
477 2908 517 2936 Hi.
556 2906 578 2922 "
592 2905 614 2933 Il
629 2904 690 2932 Cor.
703 2912 739 2937 Iv,
758 2903 803 2932 18.

899 2357 1141 2393 pulchritudinem,
1158 2362 1185 2385 et
1206 2357 1309 2384 audivit
1322 2365 1353 2383 ea
1365 2364 1424 2392 quae
1448 2356 1566 2383 humana
1590 2360 1690 2382 natura

902 2410 956 2430 non
978 2403 1108 2438 loquitur.
1130 2402 1192 2430 Hmc
1206 2403 1264 2435 tibi,
1284 2403 1326 2430 vir
1344 2402 1402 2436 Dei,
1416 2402 1449 2430 ad
1467 2402 1619 2437 propositas
1637 2408 1689 2428 ηοω

903 2449 946 2476 bis
957 2456 971 2475 a
987 2449 1131 2484 prudentia
1143 2454 1192 2476 tua-
1204 2449 1369 2484 quaestiones
1385 2447 1588 2483 respondimus,
1603 2446 1692 2474 nullis

903 2494 1036 2522 orationis
1049 2495 1192 2530 pigmentis
1202 2495 1318 2522 morales
1329 2494 1472 2529 allegorias
1479 2492 1689 2527 conquirentes:

906 2549 957 2568 nec
981 2541 1179 2576 inexploratum
1209 2544 1404 2576 praetereuntes
1425 2539 1573 2575 quidquam
1595 2544 1692 2565 eorum

904 2594 965 2621 qua:
994 2586 1072 2614 nobis
1090 2586 1308 2621 opponebantur,
1326 2585 1374 2613 sed
1405 2585 1514 2620 propria
1545 2583 1690 2610 verborum

906 2633 1104 2669 signiﬁcatione
1117 2637 1235 2665 servata,
1252 2636 1356 2659 natura:
1383 2631 1505 2658 ordinem
1528 2626 1692 2663 disputando
1733 2626 1737 2631 '

907 2678 1045 2713 persecuti
1055 2685 1160 2709 sumus,
1172 2681 1199 2705 et
1210 2676 1277 2703 nihil
1289 2683 1395 2707 eorum,
1408 2681 1467 2709 quae
1480 2673 1569 2708 primo
1580 2673 1691 2705 aspectu

908 2724 1043 2751 contraria
1076 2723 1247 2754 videbantur,
1268 2722 1302 2749 ab
1315 2721 1376 2749 aliis
1392 2720 1548 2753 discrepare
1559 2724 1608 2752 pro
1626 2715 1692 2741 viri-

909 2769 960 2796 bus
979 2768 1234 2795 demonstravimus.
1252 2765 1282 2793 ln
1300 2765 1412 2799 reliquis
1429 2767 1517 2790 autem
1544 2761 1577 2788 ad
1595 2759 1689 2786 mundi

912 2814 1124 2851 procreationem
1163 2813 1376 2848 pertinentibus,
1410 2817 1470 2844 qua!
1505 2815 1553 2835 sex
1586 2805 1694 2832 dierum
