1919 3069
226 177 278 206 125

835 180 863 207 S.
885 180 1048 209 GREGORII
1064 175 1208 207 NYSSENI

1804 175 1854 204 124

223 236 312 271 spatio
341 235 411 264 facta
430 241 504 270 sunt,
522 238 662 265 immorari
682 246 912 275 supervacaneum
931 239 1007 267 duxi-

1062 238 1132 274 ἔχειν
1149 239 1202 265 τῶν
1216 237 1364 265 δοκούντων
1381 235 1451 264 κατᾶ
1470 235 1518 270 τὴν
1537 234 1762 270 ὲπιπολαιοτέραν
1785 233 1848 262 ἀνά-

224 290 295 314 mus,
314 289 375 309 cum
393 284 517 311 sublimis
534 284 579 311 illa
603 286 777 320 praeceptoris
793 293 845 312 vox
862 285 929 312 nihil
941 286 1011 313 omi—

223 328 290 354 serit
306 329 376 362 quod
388 328 421 355 ad
436 336 495 356 eam
510 329 719 364 disputationem
732 331 890 366 pertinerct,
899 336 1012 366 excepto

224 371 342 400 hominis
354 373 472 407 opilicio,
488 375 558 409 quod
579 376 691 409 proprio
705 375 783 406 libro,
797 383 876 410 quem
893 377 951 407 tibi,
971 377 1011 402 vir

223 419 334 452 optime,
355 424 418 446 ante
436 420 509 447 hunc
524 420 658 452 misimus,
687 429 736 447 nos
752 421 957 455 explicavimus.
973 421 1012 449 Te

223 469 324 498 autem,
338 469 365 492 et
379 472 475 493 omnes
495 465 527 492 ad
545 474 659 501 quorum
678 474 776 494 manus
792 467 819 494 lll
839 467 899 494 libri
915 475 1009 502 perve-

223 510 325 543 nerint,
341 514 451 546 rogatos
477 512 614 544 volumus.
636 516 666 539 ut
682 512 709 540 in
727 517 824 540 neutro
843 514 951 540 illorum
969 521 1011 540 tne

224 556 316 584 studio
333 559 509 592 praeceptoris
523 559 624 593 putetis
643 559 780 587 adversari
798 569 804 586 :
819 560 866 587 sed
882 561 908 587 in
921 561 1011 595 priore

221 602 331 636 quidem
351 603 473 630 relictum
498 609 687 638 argumentum
703 606 906 640 suscipientem,
934 606 1011 633 addi-

223 647 296 674 disse
313 647 524 682 disputationem
545 650 578 677 de
594 651 714 682 homine,
732 652 765 678 iis
787 660 848 686 quae
862 652 888 678 in
905 651 1010 679 lltrxae-

223 700 316 720 meron
343 695 377 720 ab
405 702 437 721 eo
463 695 571 722 fuerant
596 696 756 724 elaborata:
777 697 803 724 in
832 697 883 724 hoc
906 702 1008 728 autem,

222 743 332 773 propter
357 748 404 767 eos
421 741 467 775 qui
484 742 508 767 in
526 741 673 776 Scriptura:
687 743 871 770 monumentis
887 743 1009 769 ordinem

223 786 375 819 requirunt,
391 787 422 813 ad
440 787 497 814 haec
513 788 657 815 scribenda
671 789 711 816 sic
725 790 844 815 animum
859 789 1008 824 appulisse,

222 834 251 856 ιιι
262 831 404 858 verborum
418 833 458 859 vis
475 833 501 860 in
518 833 552 861 iis
565 842 625 868 quae
641 835 741 868 scripta
754 839 828 866 sunt,
844 839 1009 867 servaretur,

220 880 248 902 et
260 877 391 904 naturalis
408 879 600 906 commentatio
622 887 636 905 ιι
653 879 744 906 verbis
770 888 825 906 nun
840 881 1007 908 dissentiret.

222 920 250 947 Si
268 923 331 956 quid
347 927 436 949 autem
451 924 582 951 omissmn
595 925 686 957 fuerit,
705 933 738 953 ne
752 933 832 961 grave
847 926 893 957 sit,
905 927 945 954 vel
959 927 1007 954 tibi

221 975 270 1002 pro
294 968 426 1002 sapientia
454 974 511 1001 tua,
527 971 568 998 vel
583 971 740 1006 quicunque
765 973 821 1000 haec
847 973 952 1008 legerit.
976 982 1007 1001 ea

219 1013 349 1047 perlicere
365 1022 425 1049 qua:
437 1015 532 1043 deesse
546 1016 688 1050 judicnbit.
708 1018 802 1053 Neque
822 1019 893 1045 enim
911 1020 956 1046 illa
968 1020 1008 1046 vi-

219 1057 279 1085 dua:
301 1059 417 1087 duorum
434 1061 578 1088 obolorum
606 1063 708 1090 oblatio
738 1063 869 1092 divitibus
892 1065 1006 1096 obstitit.

219 1111 275 1138 quo
292 1105 382 1134 minus
400 1107 488 1140 ampla
508 1108 557 1142 ipsi
584 1117 633 1136 sua
651 1118 764 1137 munera
781 1110 910 1139 oil‘errcnt
931 1121 937 1138 :
957 1120 1008 1139 nec

218 1150 266 1185 qui
292 1151 374 1184 pelles
387 1156 414 1179 et
430 1152 511 1188 ligna,
528 1159 555 1180 et
569 1154 638 1189 pilos
664 1154 731 1183 Mosi
746 1156 779 1183 ad
800 1157 1006 1184 tabernaculum

218 1195 440 1225 cxaadiiicandum
469 1199 635 1233 obtulerunt,
652 1209 760 1234 aurum,
775 1206 802 1229 et
817 1207 1007 1238 argentum,et

219 1240 320 1274 lapides
331 1243 465 1277 pretiosos
480 1244 656 1274 offerentibus
673 1247 784 1275 fuerunt
801 1248 1004 1284 impedimento.

217 1286 363 1315 Nobiscum
390 1290 471 1325 igitur
491 1292 709 1321 existimabimus
735 1294 803 1322 bene
822 1300 912 1322 actum
932 1304 1004 1329 esse.

217 1332 240 1358 si
257 1337 350 1360 nostra
379 1333 436 1361 haec
463 1337 623 1364 munuscula
644 1339 670 1365 in
696 1339 812 1373 pilorum
828 1348 942 1368 numero
957 1341 1005 1369 ha.

216 1376 342 1411 beantur,
371 1380 453 1406 modo
471 1389 518 1415 per
533 1387 651 1410 vestram
678 1392 745 1411 auro
764 1390 920 1413 contextam
941 1395 1004 1421 pur-

218 1428 313 1455 puram
329 1424 447 1450 orationi
469 1425 624 1460 imponatur
649 1429 933 1463 superindumentum,
958 1432 1004 1458 cui

217 1473 316 1494 nomen
329 1473 380 1501 est,
396 1468 548 1503 Rationale,
564 1477 591 1499 et
602 1472 765 1508 Declaratio,
781 1480 807 1503 et
819 1476 935 1510 Veritas.
953 1479 1005 1506 sic-

217 1517 247 1539 ut
265 1515 382 1549 appellat
410 1515 510 1549 Moses.
543 1519 588 1553 qui
620 1520 688 1548 tales
720 1522 838 1550 amictus
868 1525 1002 1552 sacerdoti

215 1558 336 1586 confecit
358 1561 486 1589 mandato
509 1563 555 1590 Dei
572 1573 578 1592 :
597 1565 641 1591 cui
657 1573 719 1592 cum
735 1567 873 1602 unigenilo
894 1569 963 1595 Filio
976 1575 1004 1596 et

216 1603 319 1639 Spiritu
332 1611 427 1635 sancto
439 1608 525 1644 gloria
537 1614 563 1638 et
580 1610 723 1646 imperium
739 1613 765 1640 in
777 1615 876 1641 satcula
893 1615 1003 1642 saeculo-

216 1658 286 1677 rum.
305 1651 400 1680 Amen.

1025 911 1045 938 Β

1062 293 1172 318 γνωσιν,
1186 284 1204 310 ἃ
1230 284 1385 319 συμφωνεῖν
1401 281 1535 316 ἀλλήλοις,
1559 280 1648 311 καθὼς
1671 278 1706 316 ἦν
1727 279 1848 311 δυνατὸν,

1063 331 1241 365 ἀπεδείξαμεν
1256 338 1262 344 ·
1281 331 1337 361 τοῖς
1356 329 1385 356 δὲ
1414 328 1517 359 λοιποῖς
1543 326 1679 358 ἐπεξιέναι
1707 326 1762 352 τῶν
1781 326 1850 352 κατὰ

1062 377 1110 412 τὴν
1148 376 1298 412 ὲξαὴμερον
1322 375 1502 409 κοσμογονίαν
1519 373 1720 408 πεποιημένων,
1735 372 1850 407 μάταιον

1062 422 1236 457 ἐνομίσαμεν,
1249 421 1298 457 τῆς
1314 419 1420 457 ὑψηλῆς
1433 421 1480 447 τοῦ
1495 419 1654 446 διδασκάλου
1675 418 1768 452 φωνῆς
1800 427 1849 453 μη-

1061 468 1105 494 δὲν
1122 468 1176 495 τῶν
1203 467 1376 503 ζητουμένων
1397 467 1437 498 εἰς
1462 465 1578 500 Θεωρίαν
1604 464 1848 500 παραλειπούσης·

1063 513 1132 549 πλὴν
1149 514 1198 548 τῆς
1223 513 1270 540 τοῦ
1295 512 1438 548 ἀνθρώπου
1465 512 1650 546 κατασκευῆς,
1667 511 1702 546 ἢν
1723 511 1808 545 ἡμεῖς
1823 511 1849 536 ὲν

1064 558 1188 590 ἰδιάζοντι
1204 557 1298 592 βιϐλίῳ
1314 557 1367 592 πρὸ
1376 556 1478 583 τούτων
1495 556 1672 591 πονήσαντες,
1688 553 1850 581 ἀπεστείλα-

1064 604 1113 638 μέν
1131 612 1177 629 σου
1191 604 1224 638 τῇ
1238 602 1396 637 τελειότητι,
1408 601 1486 628 τοῦτο
1500 601 1547 628 καὶ
1569 601 1598 627 ἐν
1612 600 1707 636 ἐκείνῳ
1720 600 1762 635 τῷ
1778 600 1849 634 λόγῳ

1063 650 1109 676 καὶ
1125 650 1154 675 έν
1166 648 1205 684 τῷ
1219 648 1341 684 παρόντι,
1361 648 1390 674 σέ
1408 657 1437 674 τε
1454 648 1502 674 καὶ
1518 647 1621 678 πάντας
1642 647 1705 678 τοὺς
1717 646 1848 681 ἐντυγχά-

1062 706 1156 728 νοντας
1170 697 1398 733 παραιτούμενοι,
1413 696 1443 722 τὸ
1465 696 1503 732 μὴ
1519 695 1622 722 οἴεσθαι
1637 695 1710 730 ἡμᾶς
1728 693 1848 727 ἀντετεί-

1064 752 1119 778 ρειν
1131 744 1242 775 ἑαυτοὺς
1254 745 1314 775 ταῖς
1324 742 1371 769 τοῦ
1388 741 1547 769 διδασκάλου
1566 741 1708 772 σπουδαῖς’
1717 740 1778 766 ἀλλ’
1792 741 1848 766 ἐκεῖ

1063 788 1112 822 μὲν
1128 788 1350 824 ἀναπληροῦντας
1368 787 1406 819 ὡς
1427 786 1460 822 ἦν
1485 786 1595 813 δυνατὸν
1620 785 1654 812 τὰ
1669 784 1846 819 ἐλλείμματα.

1062 834 1219 870 προσθεῖναι
1233 835 1282 869 τὴν
1303 834 1342 865 εἰς
1361 833 1407 859 τὸν
1422 832 1563 868 ἄνθρωπον
1577 831 1692 866 θεωρίαν
1707 831 1765 861 τοίς
1782 829 1847 855 κατὰ

1061 880 1110 914 τὴν
1130 880 1295 915 Ἐξαήμερον
1319 879 1473 914 πονηθεῖσι-ιν
1498 877 1572 912 αὐτῷ
1585 886 1591 892 ·
1613 876 1730 903 ἐνταῦθα
1757 875 1786 901 δὲ
1807 875 1847 901 διὰ

1059 926 1121 957 τοὺς
1136 925 1329 960 ἐπιζητοῦντας
1346 926 1374 951 ὲν
1387 925 1442 955 τοῖς
1456 924 1600 959 γραφικοῖς
1612 923 1728 958 νοήμασι
1746 921 1778 947 τὸ
1790 921 1848 947 ἀκό-

1058 972 1162 1003 λουθον,
1179 971 1264 998 ταῦτα
1276 971 1381 1006 γράψαι
1395 968 1613 1005 προθυμηθῆναι,
1626 969 1662 999 ὠς
1673 967 1742 1003 ὁμοῦ
1757 976 1788 993 τε
1801 967 1846 1000 τὴν

1058 1017 1129 1050 λέξιν
1156 1018 1202 1044 ἐπὶ
1219 1017 1274 1043 τῶν
1293 1015 1495 1052 γεγραμμένων
1519 1014 1711 1049 φυλάττεσθαι,
1731 1013 1780 1040 καὶ
1802 1012 1846 1046 τὴν

1058 1065 1176 1100 φυσικὴν
1193 1063 1307 1099 θεωρίαν
1329 1062 1519 1096 συναγορεύειν
1537 1061 1576 1097 τῷ
1593 1061 1748 1096 γράμματι.
1768 1060 1800 1085 Εἰ
1820 1059 1845 1085 δὲ

1057 1110 1187 1142 ὲλλειπῶς
1201 1110 1257 1144 ἔχει
1272 1109 1306 1136 τὰ
1329 1109 1473 1144 εἰρημένα,
1490 1107 1586 1142 φθόνος
1611 1106 1698 1138 οὐδεὶς
1724 1106 1804 1140 παρὰ
1818 1114 1845 1131 τε

1056 1156 1105 1191 τῆς
1127 1156 1175 1191 σῆς
1201 1155 1343 1188 συνέσεως,
1359 1155 1406 1181 καὶ
1422 1154 1497 1189 παρὰ
1512 1154 1626 1181 ἑκάστου
1641 1153 1696 1179 τῶν
1715 1152 1845 1187 ἐντυγχα-

1057 1203 1155 1230 νόντων
1179 1202 1374 1238 ἐξεργασθῆναι
1390 1201 1423 1227 τὰ
1453 1201 1590 1227 λείποντα.
1616 1199 1683 1226 Οὐδὲ
1708 1198 1766 1234 γὰρ
1794 1198 1845 1224 τῶν

1057 1248 1191 1275 πλουσίων
1205 1248 1254 1284 τὴν
1269 1246 1436 1283 δωροφορὶαν
1451 1246 1586 1273 ἐκώλυσεν
1601 1246 1618 1280 ἡ
1631 1246 1686 1271 τοῖν
1701 1245 1777 1271 δυοῖν
1790 1244 1844 1270 ὀϐο-

1056 1295 1112 1321 λοῖν
1123 1294 1292 1330 γεγενημένη
1307 1293 1381 1329 παρὰ
1396 1293 1445 1328 τῆς
1459 1293 1546 1328 χήρας
1564 1292 1683 1323 ἐπίδοσις
1693 1298 1700 1306 ·
1715 1291 1775 1317 οὐθ’
1791 1291 1844 1317 ὅσοι

1055 1341 1090 1368 τὰ
1105 1341 1236 1376 δέρματα,
1254 1340 1301 1366 καὶ
1314 1339 1349 1366 τὰ
1369 1339 1445 1372 ξύλα.
1460 1339 1507 1365 καὶ
1520 1338 1570 1370 τὰς
1591 1338 1686 1374 τρίχας
1702 1336 1744 1372 τῷ
1760 1337 1842 1371 Μωσῇ

1057 1388 1124 1423 πρὸς
1140 1387 1189 1422 τὴν
1202 1385 1378 1420 σκηνοποιίαν
1394 1385 1566 1420 εἰσήνεγκαν,
1580 1383 1706 1418 ἐμπόδιον
1730 1383 1787 1413 τοῖς
1802 1381 1844 1407 τὸν

1057 1435 1155 1470 χρυσὸν
1169 1433 1216 1460 καὶ
1226 1432 1271 1459 τὸν
1292 1432 1422 1467 ἄργυρον,
1436 1431 1483 1457 καὶ
1496 1430 1559 1461 τοὺς
1576 1429 1681 1464 τιμίους
1696 1427 1752 1454 τῶν
1767 1427 1843 1453 λίθων

1056 1478 1220 1506 ἁνατιθεῖσιν
1236 1477 1368 1511 ἐγένοντο.
1387 1475 1441 1502 Καὶ
1457 1477 1538 1510 ἡμεῖς
1560 1474 1649 1500 τοίνυν
1665 1473 1843 1507 ἀγαπήσομεν

1056 1527 1080 1552 ει
1096 1526 1125 1551 ὲν
1151 1523 1250 1559 τριχῶν
1273 1522 1348 1554 τάξει
1371 1521 1406 1548 τὰ
1431 1522 1495 1557 παρ’
1519 1521 1597 1556 ἡμῶν
1626 1519 1746 1555 κριθείη,
1768 1518 1842 1553 μόνον

1018 1582 1039 1612 c
1055 1571 1159 1606 γένοιτο
1174 1569 1218 1595 διὰ
1234 1568 1282 1603 τῆς
1301 1568 1436 1603 ὑμετέρας
1457 1566 1610 1602 πορφύρας,
1626 1566 1673 1612 τῆς
1743 1563 1842 1612 χρυσίῳ

1057 1613 1292 1651 συμπλεκομένης,
1304 1612 1460 1648 ἐπιτεθῆναι
1477 1612 1515 1647 τῷ
1531 1612 1601 1646 λόγῳ
1617 1611 1663 1638 τὸν
1683 1609 1840 1644 ἐπενδύτην,

1055 1659 1077 1696 ᾧ
1090 1660 1175 1696 δνομά
1198 1659 1267 1690 ἐστι.
1281 1658 1378 1692 Λόγιόν
1394 1666 1423 1684 τε
1446 1658 1492 1684 καὶ
1505 1658 1624 1692 Δήλωσις
1639 1657 1686 1683 καὶ
1707 1655 1840 1691 Ἀλήθεια,

214 1697 305 1743 ζαθώς
319 1707 384 1734 φησι
405 1700 451 1726 καὶ
465 1701 479 1727 ὁ
493 1702 595 1738 Μωσῆς
609 1704 623 1730 ὁ
637 1705 671 1732 τὰ
698 1706 811 1734 τοιαῦτα
827 1708 1039 1740 κατασκευάζων
1055 1707 1094 1743 τῷ
1109 1707 1175 1742 ἱερεῖ
1189 1704 1358 1740 περιϐόλαια,
1379 1703 1450 1730 κατὰ
1468 1703 1516 1738 τὴν
1537 1704 1676 1738 ὑφήγησιν
1694 1701 1743 1727 τοῦ
1767 1699 1840 1733 Θεοῦ,

213 1739 237 1777 ᾧ
253 1744 351 1778 πρέπει
367 1745 468 1780 ὴδόξα,
482 1749 528 1775 καὶ
552 1750 582 1776 τὺ
608 1752 707 1787 κράτος
731 1754 779 1781 σὺν
804 1754 844 1790 τῷ
865 1739 1004 1790 μονογενεῖ
1029 1739 1086 1790 Υἱῷ
1110 1739 1156 1782 καὶ
1171 1755 1210 1790 τῷ
1227 1739 1359 1787 νπαναγίῳ
1377 1751 1514 1786 Πνεύματι
1538 1751 1578 1782 εἰς
1591 1749 1654 1781 τοὺς
1675 1749 1778 1780 αἰῶνας
1791 1747 1840 1774 τῶν

214 1790 331 1818 αιὼνων.
353 1793 448 1829 Ἀμήν.

233 1876 359 1884 —

347 1883 402 1885 ,V,

898 1955 966 1981 ΤΟΥ
984 1955 1030 1982 ΕΝ
1045 1955 1158 1982 ΑΓιυιΣ

745 2037 1055 2083 ΓΡΗΓΟΡΙΟΥ
1090 2041 1302 2084 ΝΥΣΣΗΣ

394 2132 588 2189 ΠΕΡΙ
617 2133 1163 2193 ΚΑΤΑΣΚΕΥΗΣ
1191 2135 1659 2195 ΑΝΘΡΩΠΟΥ.

695 2329 741 2373 S.
777 2329 1067 2375 GREGOBII
1105 2332 1357 2376 NYSSENI

550 2433 650 2490 DE
699 2433 1046 2492 HOMINIS
1092 2436 1491 2495 OPIFIGIO.

873 2547 894 2571 J.
907 2547 1068 2572 Lewsncuuo
1079 2547 1170 2577 interp.

262 2734 305 2761 DE
328 2734 356 2762 S.
376 2735 550 2764 GREGORIO
570 2736 770 2764 EPIGRAMMA
789 2737 938 2765 NlCETzE.

209 2778 349 2816 Gregorius
379 2781 461 2814 frater
493 2782 581 2816 magni
606 2782 679 2808 illius
701 2782 796 2808 Basilii

247 2815 322 2841 Hunc
336 2816 429 2842 librant
441 2815 545 2844 eximia!
558 2817 676 2843 condidit
696 2819 762 2844 artis
775 2826 848 2850 ulnis.

209 2848 281 2876 Num
293 2858 350 2876 cum
361 2851 486 2879 dactrinw
497 2861 613 2884 currum,
625 2857 682 2885 post
698 2848 794 2884 funera.
802 2853 906 2886 fratris,

244 2885 297 2918 Qui
314 2886 503 2921 moderaretur,
516 2887 604 2915 nullus
619 2888 646 2914 in
661 2886 721 2914 orbe
732 2886 798 2920 foret
817 2895 825 2914 :

1008 2744 1029 2771 D

1128 2737 1182 2765 ΕΙΣ
1197 2738 1265 2765 TON
1279 2738 1382 2765 ΑΓΙΟΝ
1398 2739 1589 2767 ΓΡΗΓΟΡΙΟΝ
1604 2740 1710 2766 ΝΙΚΗῚ

1046 2783 1155 2820 Βίϐλος
1180 2784 1237 2818 ἐγὼ
1260 2785 1401 2819 μεγάλοιο
1429 2785 1563 2820 ἀδελφοῦ
1588 2786 1642 2813 τοῦ
1671 2787 1733 2813 Bac

1084 2819 1249 2853 Γρηγορίου
1267 2821 1375 2847 τελέθω
1398 2819 1539 2855 τέρματος
1561 2821 1700 2855 εὐφυέος.

1050 2855 1161 2890 Λύτίκα
1177 2855 1231 2888 γὰρ
1245 2856 1406 2889 μετόπισθε
1422 2856 1601 2890 τανηλεγέος
1617 2856 1767 2888 θανάτοιο,

1085 2886 1137 2914 Οἷά
1159 2886 1350 2923 τίς-ἦνίοῖος
1367 2890 1475 2918 ﬁmum
1489 2886 1554 2925 ’τῆς
1583 2886 1692 2926 (raging
