1919 3069
9 194 48 221 125
608 190 651 217 DE
670 191 810 219 HOMINIS
829 190 986 218 OPIFlCIO.

7 250 74 290 μσς(
95 247 281 290 έπςμὸεᾷιςυς
298 247 437 290 ὠχήγσατο
464 247 593 290 ἱσιξθεοςζ
601 247 674 290 φὼς,

27 283 59 312 θῦ
71 284 114 310 καὶ
132 283 307 316 ἀνεπλήρου
331 283 456 316 τέρματα
480 282 657 316 εὐφραδέως.

7 322 111 352 Ἐπμεπε
132 319 184 352 γὰρ
200 317 320 343 πλάσιν
331 317 505 351 ἀνθρώποιο,
523 317 714 350 κατασκευήν
733 327 763 344 τε

29 353 57 388 ᾜ
77 352 351 386 πολυφραδιιοσύνη
376 352 505 386 ἐξερέειν
525 353 666 386 κοσμίως.

7 389 45 422 rogi
57 389 97 414 καὶ
107 388 162 414 ἀπὸ
177 387 330 422 στόματος
343 388 543 414 καταλείϐεται
555 387 648 422 ὑγρὸν
660 387 764 414 ἔλαιον

28 421 88 449 Ἧκα
106 422 185 456 μάλα
208 421 351 456 προχέον,
375 422 518 456 ἄφθονον,
534 421 696 448 Ίλδύπλεον.

569 491 579 504 1

7 515 34 546 Τῷ
53 513 163 548 ἀδελρῷ
182 514 286 545 δούλῳ
300 514 373 541 Θεοῦ
401 513 501 547 Πέτρῳ
524 513 690 548 Γρηγόριος
703 513 764 539 ἐπί-

230 556 348 581 σκοπος
373 549 509 582 Νύσσης.

26 607 50 632 El
68 607 120 637 ταῖς
132 606 174 632 διὰ
190 606 246 632 τῶν
271 605 419 641 χρημάτων
444 606 538 640 τιμαῖς
561 604 762 640 ἕδειγεραίρειν

7 653 48 684 ιοϋς
65 652 117 678 κατ’
143 651 246 687 ἀρετὴν
275 651 460 686 διαφέροντας,
485 651 583 686 μικρὸς
608 651 655 680 ἂν.
672 651 763 683 καθώς

7 707 63 732 ﬁeri
72 698 85 723 ὁ
97 697 230 732 Σολομὼν,
238 697 300 729 ὅλος
312 699 326 724 6
335 697 434 732 κόσμος
450 697 503 724 τῶν
516 697 662 732 χρημάτων
676 697 762 731 ἐφάνη

7 744 53 779 πρὸς
66 743 92 769 τὸ
103 743 226 777 γενέσθαι
241 743 294 778 τῆς
308 743 357 778 σῆς
379 743 479 778 ἀρετῆς
492 743 655 775 ἰσοστάσιος·
670 743 761 778 ἐπειδὴ

7 787 123 823 ιρεῖττονῆ
146 789 216 815 κατὰ
240 788 357 815 πλούτου
374 789 455 824 τιμὴν
474 790 489 824 ἡ
505 789 711 825 χρεωστουμένη
728 791 761 825 τῇ

7 833 119 868 ῖεμνότητί
148 841 194 859 σου
221 834 303 869 χάρις
322 834 404 861 ἐστίν.
433 835 556 861 Ἀπαιτεῖ
580 834 607 861 δὲ
629 834 660 860 τὸ
685 834 762 868 ἅγιον

7 879 75 913 Πάσχα
86 878 130 913 τὴν
142 878 244 913 συνήθη
256 879 307 913 τῆς
320 879 429 914 ἀγάπης
445 878 620 914 δωροφορίαν,
633 879 665 914 ἣν
678 887 763 912 προσ-

1547 192 1598 220 ΙΞϐ

777 253 800 280 Α
817 248 955 298 Gregorius
976 256 1067 282 magno
1082 247 1217 274 succedens
1231 248 1340 281 pectoris
1360 257 1435 282 ausu,

851 282 864 309 Ι
875 283 963 309 crt'erit
983 283 1088 309 propria
1111 283 1202 309 fratris
1216 283 1248 309 ab
1266 288 1323 309 arte
1340 284 1434 309 librum

875 283 963 315 crferit
983 283 1088 317 propria
1110 283 1202 316 fratris
1216 283 1248 309 ab
1266 288 1323 310 arte
1340 284 1444 314 librum.

816 318 936 345 Suaviter
963 325 1117 344 enumerans
1145 319 1195 343 isto
1220 326 1336 344 sermone
1363 319 1460 345 diserto

849 353 1041 388 Admirandth
1058 353 1168 379 hominis
1189 352 1291 386 fabrica
1302 353 1427 388 quidquid
1440 354 1527 382 habet.

868 387 969 420 Nempe
995 387 1046 414 olei
1063 387 1152 421 largus
1172 392 1296 421 tanquam
1311 388 1342 415 de
1357 388 1426 422 fonte
1439 389 1545 422 perenni

931 421 1009 449 Rivus
1021 422 1129 456 facundi
1144 422 1229 449 stillat
1246 423 1277 449 ab
1294 431 1337 450 ore
1350 421 1410 450 om.

815 511 956 549 Gregorius
976 513 1111 548 episcopus
1129 513 1224 548 Nysa-tv
1241 513 1268 540 S.
1294 513 1327 540 Ι).
1351 513 1430 542 Petro
1451 514 1530 548 fratri
1550 513 1598 540 Dei

1166 557 1248 575 servo.

849 602 876 630 Si
890 607 971 635 esset,
984 603 1061 631 Petro
1075 603 1167 635 frater,
1183 605 1210 630 in
1224 611 1298 632 more
1313 603 1431 639 positum
1450 607 1530 639 atque
1547 604 1596 630 ho-

813 649 915 677 minum
946 650 1090 683 instituto,
1116 654 1143 676 ut
1171 650 1313 677 excellenti
1337 651 1438 678 virtute
1469 650 1597 685 praeditos

814 697 885 723 viros
900 703 980 730 opum
996 696 1073 730 quasi
1084 696 1245 730 quibusdam
1260 697 1379 732 praemiis
1390 697 1528 724 ornandus
1544 704 1596 731 pn-

812 745 931 768 taremus
944 751 950 768 :
970 741 1040 768 haud
1048 742 1129 770 dubie
1141 750 1174 768 ne
1185 743 1302 770 mundus
1313 742 1422 777 quidem
1436 742 1595 769 divitiarum

813 788 938 814 virtutem
951 792 1025 814 tuam
1038 787 1195 822 aequaverit.
1207 788 1300 815 Liceat
1310 788 1381 816 enim
1396 788 1460 815 mihi
1472 787 1595 814 Salomo-

813 833 855 860 nis
864 832 915 859 hoc
923 833 983 860 loco
993 833 1083 860 verbis
1098 834 1136 860 uti
1155 833 1261 868 quando
1268 833 1358 860 debila
1366 833 1413 860 tibi
1425 833 1598 860 sanctissimo

812 878 871 904 viro
879 879 965 912 gratia
978 878 1064 912 major
1072 882 1207 913 est,quam
1218 886 1277 913 qua:
1286 878 1424 913 ulloopum
1433 878 1518 912 pretio
1524 878 1598 905 testi-

7 923 80 958 i-{o‘uiv
97 932 139 949 σου
159 925 191 958 τῇ
212 924 438 959 μεγαλοφροσύνῃ
449 945 455 956 ,
473 924 558 959 δῶρον
569 944 576 956 ,
592 921 614 950 ὦ
636 924 761 960 ἄνθρωπε

815 923 911 950 manda
935 923 1033 950 veniat.
1053 923 1106 951 Sed
1122 931 1186 951 cum
1200 928 1406 959 sacrosanctum
1425 923 1530 951 Pascha
1549 932 1598 959 po-

7 969 60 1000 eos,
69 969 221 1004 μικρότερον
235 969 288 1004 μὲν
301 969 317 1004 ἢ
335 970 372 1001 ὡς
388 969 461 1001 ἄξιον
472 967 540 996 εἶναι
556 978 596 996 σοι
610 970 760 1006 προσκομί-

7 1015 83 1045 ζεσθαι.
97 1014 141 1048 τῆς
153 1023 183 1048 γε
199 1015 254 1050 μὴν
265 1016 407 1049 δυνάμεως
422 1015 498 1050 ἡμῶν
516 1015 567 1042 οὐκ
581 1016 759 1052 ἐνδεέστερον.

7 1060 28 1086 ['o
40 1060 62 1086 δὲ
75 1060 154 1095 δῶρον
179 1059 260 1094 λόγος
278 1061 351 1087 ἐστὶν
362 1081 370 1092 ,
384 1058 439 1087 οἷον
464 1061 570 1096 ἱμάτιόν
590 1070 616 1088 τι
635 1062 762 1097 πενιχρὸν

7 1114 23 1131 zz
36 1107 74 1140 τῆς
89 1106 194 1140 πτωχῆς
222 1107 304 1141 ἡμῶν
329 1107 448 1138 διανοίας
469 1108 519 1134 οὐκ
541 1108 647 1140 ἀπόνως
662 1109 763 1143 ἐξυφα-

7 1152 87 1184 ςμὲνον,
106 1150 136 1177 Ἥ
152 1151 180 1177 δὲ
191 1152 239 1178 τοῦ
254 1152 334 1186 λόγου
358 1152 483 1184 ὑπόθεσις
498 1153 620 1189 τολμηρὰ
635 1154 683 1189 μὲν
698 1155 762 1186 ἴσως

7 1198 42 1227 :nZ;
51 1196 144 1228 πολλοῖς
158 1194 227 1224 εἶναι
238 1197 320 1230 δόξει,
337 1198 405 1233 πλὴν
415 1199 464 1225 οὐκ
480 1198 531 1231 ἔξω
552 1198 597 1225 τοῦ
612 1200 762 1234 πρέποντος

7 1240 116 1276 ίνομῖσθη.
127 1241 213 1273 Μόνος
227 1241 284 1277 γὰρ
294 1242 376 1274 ἀξίως
388 1242 437 1278 τὴν
447 1243 534 1270 κτίσιν
547 1243 594 1269 τοῦ
605 1244 672 1271 Θεοῦ
684 1253 764 1270 κατε-

7 1285 85 1318 νόησεν,
95 1286 108 1311 6
119 1285 188 1312 κατὰ
199 1286 269 1313 Θεὸν
281 1287 400 1319 κτισθεὶς
414 1287 507 1321 ὅντως,
522 1289 568 1314 καὶ
579 1290 608 1314 ἐν
623 1288 706 1315 εἰκόνι
717 1288 762 1315 τοῦ

7 1331 115 1362 ιτῐπαντος
127 1332 173 1367 τὴν
190 1332 283 1368 ψυχὴν
298 1334 510 1368 μεμορφωμένος
523 1333 670 1367 Βασίλειος,
682 1336 696 1361 6
706 1343 764 1361 κοι-

7 1376 34 1407 νὸς
45 1377 110 1411 ἡμῶν
126 1378 214 1413 πατὴρ
233 1379 282 1404 καὶ
299 1379 471 1412 διδάσκαλος,
483 1379 512 1411 ὃς
531 1380 579 1414 τὴν
596 1380 700 1416 ὑψηλὴν
716 1381 763 1407 τοῦ

7 1422 79 1453 Inviti;
85 1422 262 1459 διακόσμησιν
271 1423 402 1459 εὔληπτον
411 1426 468 1455 τοῖς
474 1425 579 1456 πολλοῖς
588 1425 631 1452 διὰ
638 1427 686 1462 τῆς
698 1427 765 1458 ἰδίας

7 1467 93 1502 impia;
105 1469 224 1504 ἐποίησε,
240 1470 289 1496 καὶ
308 1470 352 1496 τὸν
368 1471 397 1496 ὲν
416 1471 448 1505 τῇ
462 1470 574 1506 ἀληθινῇ
593 1471 672 1506 σοφίᾳ
691 1471 765 1507 παρὰ

7 1512 35 1538 τοῦ
55 1513 113 1540 Θεοῦ
128 1515 265 1541 συστάντα
291 1516 392 1551 κόσμον
404 1517 541 1552 γνώριμον
568 1519 624 1549 τοῖς
647 1518 691 1544 διὰ
717 1519 764 1553 τῆς

8 1559 108 1591 missu);
121 1561 201 1587 αὐτοῦ
216 1563 250 1597 τῇ
268 1562 369 1598 θεωρίᾳ
384 1564 597 1598 προσαγομένοις
609 1565 734 1600 ποιήσας.

813 970 905 1001 stulet,
917 974 944 996 ut
956 978 988 996 cx
1001 977 1075 997 more
1090 970 1137 997 tibi
1153 971 1274 997 muneris
1287 971 1398 1005 aliquid,
1415 971 1447 998 de
1458 978 1513 1005 quo
1523 978 1598 997 amo-

812 1023 869 1042 rem
885 1023 948 1050 erga
962 1019 987 1042 tc
1002 1023 1089 1042 meum
1105 1016 1263 1050 perspicias,
1273 1017 1408 1043 tribuam:
1426 1017 1508 1044 affero
1519 1017 1598 1052 quid-

812 1060 873 1086 dam
886 1060 920 1087 ad
932 1065 958 1088 te
971 1061 1106 1088 hominem
1119 1062 1279 1096 praeclarum
1290 1082 1297 1094 .
1309 1062 1417 1097 Deoque
1439 1067 1578 1097 acceptum
1589 1082 1597 1095 ,

814 1114 868 1133 non
892 1107 958 1134 illud
977 1107 1084 1142 quidem
1103 1112 1130 1134 te
1149 1107 1270 1142 dignum,
1290 1115 1349 1134 mea
1364 1113 1452 1135 tamen
1468 1107 1598 1135 facultate

814 1161 896 1189 prope
911 1154 1008 1188 majus.
1022 1153 1068 1180 Est
1078 1158 1166 1180 autem
1180 1161 1280 1181 nmnus
1293 1154 1345 1181 hoc
1359 1157 1483 1181 nostrum
1499 1154 1598 1186 oratio,

813 1199 890 1234 quasi
901 1199 953 1226 vile
968 1199 1103 1234 quoddam
1122 1199 1313 1225 vestimentum
1328 1199 1354 1225 in
1366 1206 1483 1234 paupere
1497 1199 1599 1234 ingenii

814 1245 899 1272 nostri
908 1244 1022 1275 ofﬁcina.
1032 1252 1085 1271 non
1098 1249 1187 1271 tamen
1199 1244 1274 1270 nullo
1286 1244 1379 1272 labore
1388 1248 1555 1272 contextum.
1568 1244 1600 1271 Et

814 1298 969 1325 quanquam
990 1290 1097 1317 futuros
1127 1290 1259 1322 arbitror,
1276 1291 1321 1325 qui
1340 1290 1481 1318 audaciam
1497 1291 1524 1317 in
1544 1291 1601 1318 ela-

814 1335 934 1363 borando
961 1336 1005 1362 tali
1034 1343 1116 1370 opere
1134 1336 1190 1362 sint
1216 1336 1416 1370 reprehensuri,
1436 1344 1488 1363 nos
1509 1340 1599 1363 tamen

815 1383 882 1408 nihil
898 1382 925 1408 in
952 1382 1004 1408 hoc
1031 1382 1163 1408 committi
1189 1381 1321 1409 adversus
1346 1381 1438 1409 decori
1464 1381 1597 1409 rationem

815 1427 938 1462 persuasi
965 1435 1069 1454 sumus.
1095 1427 1210 1455 Basilius
1231 1429 1321 1460 enim,
1348 1435 1403 1462 quo
1428 1431 1541 1462 uterque
1571 1431 1600 1454 ut

816 1479 892 1509 patre
907 1474 1090 1508 magistroque
1108 1474 1148 1501 usi
1174 1481 1280 1507 sumus,
1307 1474 1395 1501 factus
1421 1473 1493 1500 haud
1517 1473 1600 1500 dubie

817 1520 871 1547 Deo
888 1520 1051 1551 simillimus,
1067 1524 1093 1547 et
1108 1520 1200 1547 animo
1228 1520 1262 1547 ad
1283 1527 1441 1554 expressam
1466 1518 1600 1546 creatoris

817 1566 960 1601 imaginem
987 1565 1183 1597 conformatus,
1211 1565 1285 1593 solus
1300 1564 1420 1599 profecto
1442 1568 1532 1592 creata
1552 1563 1600 1591 Dei

8 1611 37 1631 Iro
59 1606 168 1640 ipsorum
197 1610 355 1642 praestantia
384 1609 567 1637 consideravit
590 1615 617 1638 et
644 1611 760 1638 arduum
791 1612 842 1640 hoc
870 1611 1056 1639 universitatis
1088 1619 1180 1639 rerum
1208 1611 1496 1646 elegantissimumque
1522 1610 1599 1645 opifi-

8 1651 56 1677 rium
79 1653 294 1681 consideratione
323 1661 372 1681 sua
399 1655 440 1681 sic
467 1655 633 1688 illustravit,
661 1662 690 1683 ut
709 1657 775 1683 illud
793 1657 848 1692 jam
877 1657 1071 1692 comprehendi
1101 1657 1207 1683 ratione
1240 1656 1362 1690 cujusvis
1389 1655 1492 1690 possit;
1518 1659 1600 1689 atque

8 1696 53 1723 ideo
75 1698 160 1725 mundi
185 1699 282 1734 hujus,
301 1707 365 1727 vera
382 1700 430 1728 Dei
450 1701 582 1736 sapientia
609 1703 722 1736 conditi,
751 1705 933 1740 cognitionem
957 1703 1098 1731 hominum
1118 1703 1217 1731 animis
1237 1702 1352 1735 indidit,
1379 1710 1449 1738 quos
1476 1701 1599 1729 doctrina

9 1751 38 1769 iua
48 1745 75 1770 ad
89 1753 174 1773 rerum
190 1746 453 1782 contemplationem
470 1747 591 1775 adduxit.

31 1790 108 1824 Ἡμεῖς
132 1791 159 1818 δὲ
186 1792 234 1818 καὶ
261 1791 307 1818 τοῦ
333 1793 481 1827 θαυμάζειν
503 1793 583 1820 αὑτὸν
601 1795 659 1821 κατ’
684 1795 796 1827 ἀξία.νο

9 1834 76 1867 ratio};
89 1837 200 1871 ἔχοντες,
213 1837 284 1872 ὁμοῦ
307 1837 338 1863 τὸ
363 1837 454 1863 λεῖπον
476 1839 532 1869 τοῖς
550 1839 762 1874 τεθεωρημένοις

9 1880 30 1914 ψ
50 1883 147 1918 μεγάλῳ
168 1883 331 1918 προσθεῖναι
357 1883 533 1919 διενοήθημεν
547 1905 554 1917 ,
584 1885 631 1920 οὐχ
657 1885 695 1916 ὡς
716 1894 760 1912 νο-

9 1926 102 1960 latitare;
129 1929 160 1955 δι’
191 1929 328 1964 ὑποϐολῆς
358 1930 404 1956 τὸν
435 1931 538 1957 ἐκείνου
574 1931 654 1958 πόνον
682 1931 690 1965 (
702 1932 761 1958 οὐδὲ

16 1972 43 2006 ἀρ
62 1973 131 2008 θέμις
154 1974 185 2000 τὸ
210 1975 314 2011 ὑψηλὸν
344 1976 432 2002 ἐκεῖνο
458 1975 671 2011 καθυϐρισθῆναι
701 1977 761 2003 στό-

10 2025 33 2042 ια
54 2019 102 2050 τοῖς
123 2020 266 2055 ἡμετέροις
292 2021 523 2057 ἐπιφημιςόμενον
552 2021 675 2056 λόγοις),
703 2021 761 2048 ἀλλ’

10 2061 30 2092 bi
47 2063 78 2098 μὴ
99 2064 182 2091 δοκεῖν
207 2066 306 2101 ἐλλιπῆ
330 2066 377 2092 τοῦ
394 2066 553 2093 διδασκάλου
568 2067 618 2102 τὴν
640 2066 717 2098 δόξαν
732 2067 761 2094 ἐν

10 2108 45 2138 τοῖς
65 2109 189 2145 μαθηταῖς
212 2111 297 2138 αὐτοῦ
321 2109 401 2138 εἶναι.
419 2112 450 2138 Εἰ
477 2111 531 2147 γὰρ
549 2111 694 2147 λειπούσης
712 2113 761 2147 τῆς

11 2151 148 2190 Έξαημὲρου
164 2156 214 2192 τῆς
239 2159 280 2189 εἰς
296 2157 342 2184 τὸν
359 2157 500 2193 ἄνθρωπον
522 2157 647 2193 θεωρίας,
668 2158 761 2194 μηδεὶς

11 2197 42 2225 ῑῶν
53 2200 270 2236 μαθητευσάντων
285 2204 359 2239 αὐτῷ
371 2204 489 2237 σπουδήν
500 2212 561 2231 τινα
577 2204 644 2238 πρὸς
654 2204 703 2240 τὴν
713 2204 760 2230 τοῦ

11 2244 115 2278 εἰποντος
131 2248 324 2285 ἀναπλήρωσιν
350 2250 542 2284 εἰσενέγκαιτο,
558 2249 635 2285 ἔσχεν
665 2249 698 2276 ἃν
722 2250 761 2276 εί-

11 2290 70 2323 ιιτως
83 2294 145 2321 κατὰ
163 2295 214 2330 τῆς
240 2296 360 2331 μεγάλης
376 2296 458 2323 αὑτοῦ
483 2296 561 2331 δόξης
572 2297 586 2322 6
600 2295 694 2331 μῶμος
713 2295 760 2322 λα-

12 2334 50 2370 ῖὴνν
63 2338 96 2370 ὡς
109 2340 144 2375 μὴ
159 2341 336 2377 βουληθέντος
351 2342 407 2374 ἕξιν
422 2341 482 2368 τινὰ
493 2341 691 2377 κατανοητικὴν
704 2341 760 2372 τοῖς

12 2385 126 2416 lim-tui;
136 2385 344 2421 ἐνεργάσασθαι.
353 2387 422 2413 Νυνὶ
435 2387 463 2413 δὲ
476 2387 546 2413 κατὰ
557 2386 671 2421 δύναμιν
682 2386 760 2422 ἡμῶν

12 2427 217 2464 ηπιτολμησάντων
230 2433 264 2467 τῇ
288 2431 416 2467 ἐξηγήσει
435 2431 481 2458 τοῦ
507 2431 654 2463 λείποντος,
669 2433 692 2458 εἰ
710 2431 759 2466 μέν

848 1792 926 1819 Hunc
943 1799 993 1819 nos
1007 1799 1070 1819 cum
1085 1792 1215 1819 admirari
1237 1792 1304 1819 satis
1321 1791 1398 1818 nullo
1410 1791 1490 1818 modo
1505 1800 1600 1826 posse-

814 1846 886 1869 mus,
916 1837 1003 1864 visum
1022 1841 1065 1865 est
1091 1838 1214 1872 quaedam
1233 1837 1267 1864 ad
1283 1844 1315 1864 ea
1336 1845 1396 1872 qua:
1419 1845 1534 1872 magnus
1555 1838 1600 1866 ille

813 1883 854 1910 vir
872 1881 1024 1918 indagando
1043 1882 1265 1917 pervestigasset,
1292 1881 1410 1917 adjicere
1427 1891 1434 1910 :
1450 1890 1504 1910 non
1525 1884 1599 1918 quod

814 1929 899 1965 ipsius
922 1929 1040 1956 laborem
1059 1933 1138 1963 partu
1161 1929 1334 1964 supposititio
1356 1930 1542 1957 contaminare
1564 1930 1600 1957 sit

815 1976 931 2007 animus,
944 1973 1053 2010 quando
1071 1975 1147 2003 nefas
1174 1975 1256 2002 fuerit
1271 1975 1508 2010 praclarissimum
1532 1975 1599 2003 illud

813 2031 845 2050 os
859 2023 927 2050 allici
941 2023 1051 2058 injuria,
1068 2022 1233 2050 celebratum
1249 2021 1371 2048 oratione
1384 2024 1488 2053 nostra,
1505 2021 1552 2048 sed
1569 2026 1599 2048 ut

813 2069 936 2103 magistri
951 2070 1064 2104 gloriam
1078 2069 1105 2096 in
1120 2067 1262 2103 discipulis
1275 2074 1445 2102 nequaquam
1465 2066 1599 2095 defecisse

814 2115 983 2143 ostendatur.
1008 2114 1075 2142 Nam
1094 2122 1155 2141 cum
1172 2114 1200 2141 in
1220 2113 1392 2140 enarratione
1409 2120 1520 2148 operum
1538 2121 1599 2148 qua:

814 2159 885 2187 Deus
915 2167 963 2187 sex
990 2160 1086 2187 diebus
1111 2159 1239 2191 absolvit,
1266 2158 1384 2185 hominis
1416 2158 1598 2186 consideratio

813 2206 901 2238 desit;
927 2206 950 2233 si
976 2205 1171 2240 discipulorum
1196 2211 1276 2231 nemo
1300 2204 1352 2230 hac
1371 2204 1399 2230 in
1421 2207 1498 2238 parte
1518 2205 1598 2239 perli-

814 2252 909 2280 cienda
925 2260 1036 2287 operam
1054 2251 1231 2286 impendisset
1246 2257 1334 2283 suam,
1354 2250 1494 2277 habuisset
1507 2257 1597 2277 causa:

814 2297 937 2325 nonnihil
958 2297 1089 2325 adversus
1107 2297 1235 2324 eximiam
1250 2296 1300 2323 viri
1323 2295 1435 2331 gloriam
1452 2295 1597 2330 reprehen-

814 2350 905 2369 sorum
928 2342 1020 2373 libido,
1038 2342 1117 2377 quasi
1141 2341 1187 2376 qui
1209 2341 1241 2368 ad
1264 2348 1308 2368 res
1323 2341 1413 2367 animo
1430 2340 1597 2375 indagandos

813 2387 953 2415 auditores
978 2395 1043 2414 suos
1058 2386 1249 2414 consuefacere
1274 2386 1414 2413 noluisset.
1435 2385 1513 2412 Nunc
1535 2393 1597 2413 cum

813 2441 844 2460 ea
872 2440 922 2460 nos
953 2440 1013 2467 qum
1040 2433 1158 2465 desunt,
1180 2431 1348 2466 explananda
1373 2431 1512 2466 suscipere
1537 2432 1598 2459 ausi

12 2478 22 2495 τι
40 2473 144 2502 τοιοῦτον
172 2478 201 2503 ὲν
228 2478 286 2509 τοῖς
308 2478 452 2513 ἡμετέροις
474 2477 614 2513 εὑρεθείη,
630 2475 686 2504 οἷον
710 2478 761 2513 τῆς

815 2480 911 2512 simus,
928 2483 1058 2514 quantum
1070 2478 1177 2513 quidem
1195 2478 1222 2505 in
1240 2478 1318 2505 nobis
1333 2477 1400 2511 erit;
1423 2477 1444 2504 si
1462 2477 1528 2512 quid
1545 2478 1597 2504 hac

13 2519 88 2546 κείνου
107 2521 279 2555 διδασκαλίας
297 2524 334 2559 μὴ
351 2524 457 2556 ἀνάξιον
479 2522 558 2558 εἶναι,
575 2525 614 2555 είς
631 2525 676 2550 τὸν
689 2524 762 2551 διδά-

13 2564 81 2591 male;
100 2568 204 2601 πάντως
228 2569 278 2605 τὴν
302 2570 440 2606 ἀναφορὰν
457 2569 531 2602 ἕξει.⁹
548 2570 572 2596 sl.
588 2569 616 2596 δὲ
636 2570 672 2605 μὴ
692 2569 760 2596 καθ-

14 2617 71 2636 ⁷πιτο
84 2612 128 2648 τῆς
143 2616 330 2650 μγαλοφυοῦς
348 2616 463 2652 θεωρίας
477 2617 491 2642 6
517 2616 648 2651 ἡμέτερος
671 2615 759 2650 λόγος,

13 2655 66 2687 δί’-ὲν
79 2657 126 2690 ἔξω
146 2660 195 2695 τῆς
213 2661 342 2696 τοιαύτης
361 2662 436 2688 ἔσται
455 2661 638 2697 κατηγορίας,
654 2661 701 2688 τοῦ
724 2662 761 2698 μὴ

13 2698 122 2730 Ἰούλεσθαι
139 2704 225 2734 δοκεῖν
242 2707 298 2738 τοῖς
313 2707 445 2742 μαθηταῖς
458 2707 614 2742 ἐγγενέσθαι
627 2716 652 2733 τι
665 2707 760 2740 δεξιὸν,

14 2749 108 2780 λκὲυγὼν
122 2750 168 2786 τὴν
183 2752 296 2787 μέμψιν,
315 2753 393 2788 ἡμεῖς
410 2753 432 2779 δ’
445 2753 478 2779 ἂν
491 2753 603 2784 εἰκότως
619 2752 762 2779 ὑπεύθυνοι

14 2790 102 2827 κξωμεν
117 2798 170 2828 τοῖς
188 2797 414 2832 μωμοσκοποῦσιν
424 2819 430 2829 ,
445 2798 482 2830 ὡς
499 2798 528 2824 οὐ
545 2799 718 2833 χωρήσαντες
733 2799 762 2824 ὲν

14 2835 38 2868 τῷ
51 2844 180 2876 μικροφυεῖ
194 2843 244 2878 τῆς
258 2843 370 2878 καρδίας
386 2845 402 2879 ἡ
407 2845 465 2879 μῶν
482 2844 528 2871 τοῦ
544 2844 699 2879 καθηγητοῦ
712 2845 761 2879 τὴν

14 2884 92 2916 Μίαν.
107 2886 179 2914 Ἔστι
192 2889 215 2915 δ’
239 2889 269 2915 οὐ
295 2889 390 2926 μικρὸς
413 2891 426 2916 6
443 2890 619 2926 προκείμενος
639 2891 703 2925 ἡμῖν
722 2891 760 2923 εἰς

815 2528 907 2551 nostra
932 2525 959 2551 in
982 2523 1210 2551 commentatione
1232 2523 1390 2558 reperietur,
1414 2522 1486 2557 quod
1511 2523 1597 2557 ipsius

814 2570 938 2597 doctrina
955 2577 1010 2596 non
1029 2569 1065 2596 sit
1080 2569 1230 2603 indignum,
1248 2568 1274 2594 id
1290 2576 1370 2596 omne
1392 2569 1496 2596 scilicet
1512 2569 1596 2602 magi-

814 2619 871 2642 stro
897 2618 1037 2648 acceptum
1059 2613 1198 2640 ferendum
1224 2613 1293 2645 erit;

813 2665 906 2686 nostra
919 2659 1169 2694 praastantissimam
1188 2658 1274 2693 ipsius
1287 2658 1314 2685 in
1328 2658 1525 2686 considerando
1539 2658 1592 2684 vim

815 2713 868 2732 non
888 2709 1058 2739 assequetur,
1081 2703 1204 2731 accusari
1227 2703 1271 2731 ille
1292 2711 1460 2738 nequaquam
1475 2703 1592 2732 debebit,

813 2751 891 2786 quasi
909 2750 1087 2777 eruditionem
1107 2750 1248 2784 discipulis
1263 2749 1398 2781 inviderit,
1415 2757 1429 2775 a
1447 2756 1500 2784 qua
1515 2748 1594 2782 culpa

814 2797 997 2824 alienissimus
1012 2796 1164 2823 censendus
1179 2796 1241 2827 erit,
1259 2800 1338 2829 atque
1348 2795 1414 2821 adeo
1429 2801 1478 2821 nos
1497 2794 1594 2821 merito

815 2847 909 2871 nostro
922 2842 955 2869 ab
970 2842 1085 2869 curiosis
1098 2842 1157 2869 istis
1172 2840 1413 2876 reprehensoribus
1429 2840 1465 2866 rei
1484 2847 1593 2874 perage-

816 2897 892 2922 mur,
923 2888 968 2923 qui
1000 2893 1114 2924 angusto
1144 2892 1253 2923 pectore
1280 2886 1399 2921 magistri
1434 2885 1591 2920 sapientiam

1329 2613 1371 2640 sin
1396 2617 1485 2640 autem
1508 2612 1595 2639 oratio
1643 2636 1645 2638 .
