1919 3069
308 169 358 197 127

906 171 936 201 S.
956 173 1119 203 GREGORH
1138 175 1283 204 NYSSENI
1877 175 1916 206 {‘23

305 236 402 263 capere
416 220 470 256 non
489 229 670 264 potuerimus.
691 229 745 258 Res
759 231 879 265 quidem,
897 232 924 260 in
938 235 1093 262 considera-

1148 237 1258 272 θεωρίαν
1275 236 1384 268 σκοπὸς,
1400 235 1459 263 οὐδέ
1477 245 1547 269 τινος
1564 236 1618 263 τῶν
1635 237 1666 263 έν
1678 236 1773 272 κόσμῳ
1784 236 1916 272 θαυμὰτιιι

306 275 406 301 tionem
433 282 494 308 quae
524 276 606 308 venit,
638 283 691 302 non
721 277 819 312 exigua
847 282 900 309 est,
932 287 1020 314 neque
1046 281 1093 308 ulli

305 327 398 347 earum
418 321 517 348 cedens
534 329 602 357 quas
616 322 659 349 hic
675 322 793 350 mundus
807 322 982 352 admirandas
998 327 1094 353 conti—

306 370 372 394 nct:
389 371 469 401 atque
497 367 569 394 haud
590 368 648 396 scio
675 375 709 395 an
733 376 787 396 non
808 370 929 397 omnium
943 389 951 402 .
975 379 1092 406 quarum

307 413 489 447 cognitionem
510 415 674 449 expetimus,
698 415 828 443 maxima.
847 415 906 443 Non
922 416 994 443 enim
1016 418 1093 453 quid-

307 466 388 493 quam
412 467 506 487 eorum
528 460 661 494 onmium,
681 468 742 495 quae
760 461 787 488 in
801 465 899 489 natura
914 470 1004 490 rerum
1021 464 1094 491 exsi-

306 507 392 536 stunt,
410 504 457 532 Dei
478 505 511 532 ad
535 505 679 541 imaginem
698 505 798 533 factum
817 511 869 539 est,
892 511 991 542 prater
1010 516 1093 535 unum

306 550 359 578 hoc
372 555 505 584 creatum,
520 551 593 586 quod
614 551 751 578 hominem
766 551 894 580 dicimus.
918 552 1025 580 Idcirco
1045 553 1092 580 be-

307 595 405 630 nignos
419 596 558 624 auditores
577 597 750 632 perlubenter
767 597 845 624 nobis
859 598 966 625 veniam
980 598 1093 626 daturos

307 641 479 674 conﬁdimus,
497 641 605 669 etiamsi
624 642 704 677 longe
728 641 798 668 inl'ra
822 641 980 676 dignitatem
1000 642 1058 670 hac
1078 649 1093 669 a

308 687 386 714 nobis
413 691 594 722 exponantur.
619 687 686 714 Nam
707 688 735 715 in
759 688 820 720 hac.
848 688 956 723 opinor.
982 689 1094 724 inquisi-

307 732 379 760 tione
393 737 488 760 nostra
498 733 565 760 nihil
579 733 700 760 omnium
711 741 806 761 eorum
821 741 881 768 quae
897 734 998 761 homini
1016 734 1095 761 initio

306 777 439 805 accidisse
459 778 606 810 credimus,
625 783 653 806 et
666 783 796 806 eventura
808 779 938 814 deinceps
950 784 1094 814 exspecta-

306 831 388 856 mus,
412 827 495 859 atque
524 825 607 852 etiam
630 833 704 853 nunc
734 825 934 860 perspicimus,
967 826 1094 854 omitten-

305 868 369 895 dum
383 869 446 896 erit.
472 869 597 897 Profecto
612 871 684 897 enim
710 871 808 898 merito
830 871 950 899 studium
967 875 1092 899 nostrum

308 915 545 951 reprehensionem
566 916 729 948 incurreret,
750 920 879 952 tanquam
897 917 1093 952 pollicitatione
1110 909 1129 936 Β

306 968 357 989 sua
374 961 453 997 longe
472 961 598 995 inferius,
616 962 639 991 si
653 963 773 991 hominis
785 963 924 998 proposita
939 962 1094 991 considera-

305 1007 380 1034 tione
391 1007 593 1042 relinqueretur
607 1008 719 1043 aliquid,
732 1008 804 1043 quod
820 1009 853 1035 ad
869 1008 1025 1035 institutum
1041 1008 1093 1035 hoc

305 1057 432 1081 nostrum
449 1053 562 1082 faceret.
586 1053 730 1081 Enimvero
744 1059 772 1081 et
786 1054 831 1081 illa
851 1062 913 1089 quae
933 1055 960 1082 in
975 1055 1093 1083 hominis

306 1103 404 1126 natura
419 1107 492 1126 nunc
511 1107 526 1126 a
541 1100 626 1134 primo
642 1100 764 1133 ejusdem
786 1104 858 1128 statu
883 1100 1093 1136 conditioncqne

306 1145 415 1172 diversa
433 1152 505 1178 esse,
525 1146 606 1173 rebus
629 1145 667 1172 ita
691 1153 752 1173 sese
768 1144 929 1177 ferentibus,
946 1146 1067 1174 videmus
1083 1155 1090 1174 :

306 1199 367 1218 cum
382 1199 414 1219 ex
440 1199 582 1218 sacrarum
597 1191 760 1218 Litterarum
786 1191 959 1223 auctoritate,
975 1197 1031 1219 tum
1049 1199 1093 1218 ra-

307 1237 518 1264 tiocinationem
546 1237 670 1264 acumine
693 1236 844 1271 adjicienda
860 1241 940 1263 erunt
954 1241 1003 1264 :ut
1027 1244 1092 1263 con-

309 1287 388 1318 gruat
407 1283 533 1310 universa
551 1283 678 1310 tractatio
698 1283 731 1309 ad
754 1282 851 1310 seriem
867 1287 948 1317 atque
968 1281 1091 1309 ordinem

308 1336 412 1361 rerum,
436 1337 497 1364 qua:
520 1329 645 1357 videntur
672 1336 734 1357 esse
758 1329 810 1356 illa:
831 1328 940 1363 quidem
965 1328 1036 1355 inter
1064 1335 1094 1355 se

309 1373 435 1406 diversae,
445 1374 568 1402 eamdem
585 1378 675 1402 tamen
689 1374 723 1401 ad
742 1379 840 1402 metam
855 1374 986 1401 tendunt:
1002 1373 1093 1401 divina

310 1420 438 1448 nimirum
452 1425 587 1457 potestate
605 1428 680 1456 spem
702 1422 784 1448 rebus
802 1425 878 1448 extra
893 1427 1000 1447 omnem
1018 1427 1092 1454 spem

1143 281 1178 308 τὰ
1200 280 1313 316 δεύτερα
1328 280 1484 316 φερόμενος,
1500 282 1569 316 τάχα
1581 281 1609 308 δὲ
1632 282 1682 308 καὶ
1698 281 1796 316 μείζων
1811 283 1916 308 ἑκάστη

1144 326 1198 352 τῶν
1211 326 1446 361 γιγνωσκομένων,
1461 326 1528 353 διότι
1548 326 1623 353 οὐδὲν
1643 327 1739 360 ἕτερον
1756 326 1814 362 Θεῷ
1827 328 1859 353 ἐκ
1875 328 1916 353 τὼ

1144 372 1227 400 δντων
1251 372 1398 408 ὡμοίωται,
1409 373 1479 407 πλὴν
1493 373 1544 408 τῆς
1561 373 1632 400 κατὰ
1644 373 1690 399 τὺν
1709 373 1848 409 ἄνθρωπον
1869 374 1916 400 ιτίῖ

1144 418 1301 450 asumma:
1311 420 1385 453 παρὰ
1396 420 1453 450 τοῖς
1467 418 1616 454 εὐγνώμοσι
1631 418 1686 445 τῶν
1703 419 1843 454 ἀκροατῶν
1862 420 1916 453 πρά

1143 472 1233 498 χειρον
1245 464 1309 499 ἡμῖν
1318 464 1366 498 τὴν
1379 464 1425 490 ἐπὶ
1434 465 1490 496 τοῖς
1503 463 1658 499 λεγομένοις
1671 463 1834 499 συγγνώμην
1846 461 1916 490 εἶναι]

1143 508 1196 536 κᾶν
1217 508 1283 535 πολὺ
1299 509 1412 536 κατόπιν
1425 509 1474 544 τῆς
1488 509 1564 541 ἀξίας
1581 511 1595 536 ὸ
1608 510 1685 544 λόγος
1705 509 1787 536 έλθοι.
1804 511 1847 536 Δεῖ
1863 510 1916 543 γὰρ

1143 552 1220 590 οἶμαι
1229 575 1236 587 ,
1248 555 1302 581 τῶν
1311 555 1376 590 περὶ
1389 555 1435 582 τὸν
1450 555 1591 590 ἄνθρωπον
1605 555 1744 586 ἁπάντων,
1753 555 1808 582 τῶν
1819 564 1847 582 τε
1863 564 1916 590 προ

1145 598 1308 634 γεγενῆσθαι
1326 599 1561 634 πεπιστευμένων,
1575 599 1622 626 καὶ
1646 599 1700 626 τῶν
1713 599 1869 635 εἱσύστερον
1883 601 1916 625 ἐκη

1143 644 1275 680 ϐήσεσθαι
1288 645 1527 680 προσδοκωμένων,
1545 645 1592 672 καὶ
1607 645 1662 671 τῶν
1672 645 1720 671 νῦν
1736 645 1916 680 θεωρουμένωι

1145 689 1227 725 μηδὲν
1251 690 1415 725 παραλιπεῖν
1433 689 1618 722 ἀνεξέταστον.
1635 688 1675 717 Ἦ
1697 690 1754 726 γὰρ
1775 690 1808 717 ἂν
1825 691 1916 716 ἔλλιπε

1144 735 1227 769 στέρα
1244 734 1290 761 τοῦ
1315 735 1520 771 ἐπαγγέλματος
1535 737 1551 772 ἡ
1575 736 1677 772 σπουδὴ
1705 736 1868 771 διελέγχοιτο
1881 758 1889 769 ,
1905 746 1916 762 ε

1143 780 1190 807 τοῦ
1206 780 1349 816 ἀνθρώπου
1366 783 1546 817 προκειμένου
1565 784 1597 818 τῇ
1618 782 1738 818 θεωρίᾳ,
1755 783 1883 818 παρεθείη
1900 792 1916 808 τι

1143 826 1198 852 τῶν
1211 827 1401 854 συντεινόντων
1425 827 1494 863 πρὸς
1510 827 1559 863 τὴν
1582 827 1722 855 ὑπόθεσιν.
1742 828 1823 855 Ἀλλὰ
1835 830 1881 854 καὶ
1895 825 1916 854 τί

1143 871 1272 898 δοκοῦντα
1299 873 1363 908 περὶ
1377 873 1456 900 αὑτὸν
1470 874 1598 905 ἐναντίως
1621 873 1703 908 ἔχειν,
1725 873 1771 900 διὰ
1787 874 1817 900 τὸ
1833 874 1868 909 μὴ
1894 874 1916 900 τέ

1143 917 1212 944 αὐτὰ
1230 919 1286 949 τοῖς
1298 918 1328 951 ἐξ
1342 920 1428 955 ἀρχῆς
1443 920 1649 955 γεγενημένοις,
1663 920 1710 946 καὶ
1729 920 1779 947 νῦν
1799 921 1861 955 περὶ
1881 922 1916 954 τήι

1143 962 1225 997 φύσιν
1243 964 1358 999 ὁρᾶσθαι
1379 965 1422 991 διά
1440 973 1512 996 τινος
1531 965 1681 999 ἀναγκαίας
1704 966 1865 997 ἀκολουθίας
1879 975 1885 981 ·
1897 967 1916 992 E1

1142 1018 1172 1036 τε
1197 1009 1247 1044 τῆς
1262 1011 1400 1045 γραφικῆς
1416 1009 1578 1045 ὐφηγήσεως
1591 1009 1637 1036 καὶ
1659 1010 1690 1035 ὲκ
1706 1009 1758 1045 τῆς
1776 1010 1850 1044 παρὰ
1876 1010 1916 1035 τευ

1142 1054 1279 1089 λογισμῶν
1294 1054 1492 1089 εὑρισκομένης
1513 1054 1634 1086 ἐπινοίας
1651 1055 1821 1089 συναρτῆσαι
1848 1062 1916 1089 προῖ‹

1141 1101 1215 1136 ήκει,
1231 1101 1269 1132 ὡς
1290 1102 1323 1128 ἂν
1343 1101 1486 1136 συμϐαίνοι
1500 1102 1574 1128 πᾶσα
1589 1102 1606 1136 ἡ
1631 1101 1760 1133 ὑπόθεσις
1781 1100 1867 1136 εἱρμῷ
1884 1100 1916 1126 xxi

1142 1147 1218 1179 τάξει
1236 1146 1290 1173 τῶν
1306 1147 1432 1178 ἐναντίως
1459 1147 1531 1182 ἔχειν
1550 1146 1699 1173 δοκούντων
1715 1147 1785 1182 πρὸς
1798 1146 1827 1172 ἓν
1840 1147 1883 1172 καὶ
1899 1145 1916 1173 7i

1144 1190 1209 1216 αὐτὸ
1224 1190 1309 1225 πέρας
1326 1190 1628 1226 συμφερομένων,οὖτω
1643 1191 1689 1217 καὶ
1702 1191 1751 1226 τῆς
1765 1191 1840 1222 θείας
1853 1190 1916 1216 δυνάι

1145 1243 1217 1270 μεως
1230 1235 1325 1262 ἐλπίδα
1341 1237 1396 1266 τοῖς
1413 1236 1481 1271 ὑπὲρ
1504 1235 1608 1268 ἐλπίδα,
1622 1236 1668 1262 καὶ
1692 1236 1778 1271 πόρον
1795 1237 1849 1267 τοῖς
1860 1236 1916 1269 ἁμηε

1145 1281 1236 1317 χάνοις
1256 1281 1479 1317 ὲφευρισκούσης.
1498 1281 1649 1317 Σαφηνείας
1678 1281 1707 1308 δὲ
1733 1281 1815 1317 χάριν
1843 1281 1916 1311 καλῶς

1145 1327 1218 1362 ἔχειν
1233 1327 1390 1362 ᾠήθην,ὲπὶ
1403 1327 1556 1361 κεφαλαίων
1570 1336 1610 1354 σοι
1623 1327 1765 1363 προθεῖναι
1782 1327 1828 1353 τὸν
1843 1327 1916 1359 λόγου

1146 1373 1184 1404 ὼς
1197 1372 1230 1399 ἂν
1246 1372 1316 1408 ἔχοις
1343 1372 1433 1408 πάσης
1457 1373 1506 1408 τῆς
1525 1373 1715 1408 πραγματείας
1737 1374 1766 1399 ἐν
1783 1372 1865 1407 ὀλίγῳ
1877 1372 1916 1397 τάν

1147 1418 1312 1446 καθέκαοτον
1325 1419 1546 1455 ἐπιχειρημάτων
1558 1419 1657 1445 εἰδέναι
1668 1419 1719 1454 τὴν
1736 1418 1877 1445 ὑπόθεσιν.

307 1467 419 1503 positis,
442 1472 469 1496 et
488 1469 591 1496 exitum
611 1469 745 1504 perplexis
770 1468 933 1496 inveniente.
957 1467 1089 1494 Caeterum
1123 1466 1193 1494 lucis
1214 1474 1247 1494 ac
1266 1466 1470 1502 perspicuitatis
1490 1467 1578 1501 gratia
1595 1467 1682 1493 visum
1707 1471 1750 1494 est
1769 1466 1865 1501 paucis
1889 1472 1916 1491 ca.

310 1515 411 1551 pitibus
440 1523 496 1544 rem
513 1523 621 1544 omnem
647 1516 696 1544 tibi
716 1516 861 1551 subjicere,
881 1523 936 1551 quo
961 1515 1129 1550 singulorum
1148 1520 1368 1550 argumentorum
1392 1514 1476 1542 totius
1499 1514 1737 1542 commcntationis
1759 1514 1824 1546 vim,
1846 1513 1916 1540 brevia

310 1563 362 1590 bus
374 1562 464 1590 verbis
473 1562 698 1598 comprehensam
712 1562 867 1597 perspicere
879 1561 984 1597 liquido
995 1560 1095 1596 possis.

564 1619 680 1648 CAPUT
697 1619 841 1647 PRIMUM.

311 1664 344 1693 In
354 1674 404 1700 quo
425 1666 457 1693 de
480 1665 577 1694 mundo
596 1663 776 1700 parliculotim
800 1665 949 1696 disserilur,
968 1664 1099 1699 jucunde-

344 1710 394 1735 que
407 1709 438 1728 ea
452 1709 510 1736 qua:
527 1701 639 1729 hominis
657 1707 743 1728 ortum
758 1709 923 1736 praceuere,
944 1706 1098 1726 commemo-

345 1741 450 1762 rantur.

346 1782 397 1809 llic
406 1787 459 1813 est.
471 1782 598 1817 inquiunt
606 1781 715 1809 Littera:
730 1789 824 1814 sacrm,
839 1782 908 1809 liber
919 1780 953 1808 de
960 1785 1021 1807 ortu
1034 1781 1096 1808 οωίί

312 1834 344 1853 ac
362 1832 451 1854 terra:-
469 1825 507 1853 Eo
522 1826 651 1853 nimirum
664 1831 794 1862 tempore,
818 1826 948 1862 quidquid
964 1825 1095 1856 cernitur.

311 1872 463 1908 perfectum
480 1872 532 1899 l'uit
548 1882 554 1899 :
571 1878 651 1907 atque
671 1877 761 1900 creata
778 1872 884 1906 singula
904 1876 1009 1899 secreta
1028 1872 1098 1898 inter

267 1934 270 1937 -
311 1926 354 1950 sc,
379 1926 458 1946 suum
477 1919 603 1954 quaelibet
624 1919 651 1945 in
674 1919 763 1945 locum
789 1918 1013 1953 commigrarunt,
1039 1924 1096 1944 ccc-

313 1965 433 2000 lcsleque
446 1971 546 2000 corpus
563 1964 629 1992 orbe
649 1971 699 1991 suo
712 1964 838 1991 universa
851 1963 1096 1998 complectebatur;

311 2011 441 2047 gravibus
455 2018 487 2038 ac
506 2011 632 2038 deorsum
647 2010 820 2045 vergentibus
834 2011 1005 2045 corporibus,
1025 2013 1097 2038 terra

311 2061 340 2085 et
360 2065 441 2092 aqua,
457 2056 575 2084 medium
590 2057 618 2084 in
640 2063 731 2083 rerum
754 2055 929 2083 universitate
947 2056 1035 2083 loeum
1049 2064 1097 2083 oc-

313 2104 486 2139 cupantibus,
510 2103 691 2138 amplexuque
712 2106 808 2130 mutuo
831 2110 861 2130 se
882 2102 1094 2130 continentibus.

314 2149 399 2177 lndita
411 2154 468 2176 tum
483 2153 525 2176 est
541 2153 644 2176 natura:
658 2156 748 2176 rerum
763 2147 854 2175 divina
870 2147 992 2183 quiedam
1007 2155 1052 2175 ars
1065 2155 1097 2175 ac

314 2195 446 2228 facultas,
471 2203 532 2230 quae
554 2202 599 2222 res
628 2193 753 2222 conditas
777 2193 854 2229 quasi
878 2200 948 2220 nexu
979 2193 1096 2229 quodam

313 2239 447 2266 stabilitas
465 2242 647 2274 perpetuaret,
665 2238 822 2273 duplicique
841 2238 867 2264 vi
884 2242 981 2265 cuncta
1005 2238 1097 2266 mode-

1354 1615 1551 1642 ΚΕΦΑΛΔΙΟΝ
1576 1613 1724 1642 ΠΡΩΤΟΝ.

1155 1662 1206 1688 Ἐν
1217 1656 1240 1694 ᾧ
1256 1661 1302 1694 τίς
1317 1661 1382 1687 ἐστι
1393 1660 1499 1695 μερικὶι
1515 1660 1580 1694 περὶ
1591 1661 1643 1687 τοῦ
1655 1661 1772 1695 κόσμου
1789 1663 1916 1695 sse-mole

1184 1697 1243 1730 γΙα,
1260 1697 1310 1722 καί
1320 1705 1364 1728 τις
1374 1696 1515 1730 ἁϐροτέρα
1526 1695 1666 1730 διήγησις
1676 1696 1743 1730 περὶ
1758 1695 1819 1722 τῶι·
1832 1704 1916 1730 πμγεε

1183 1731 1315 1766 γονότων
1330 1730 1385 1765 τῆς
1400 1731 1453 1758 τοῦ
1468 1731 1624 1765 ἀνθρώπου
1635 1732 1792 1765 γενέσεως.

1181 1775 1256 1811 Αὕτη
1270 1776 1287 1810 ἡ
1302 1775 1391 1810 βίὸλος
1405 1776 1537 1810 γενέσεως
1551 1776 1665 1811 οὐρανοῦ
1683 1776 1729 1802 καὶ
1740 1777 1801 1811 γῆς,
1820 1775 1916 1811 φησὶνή

1147 1820 1167 1846 Γ
1169 1821 1251 1855 ραφή·
1263 1821 1308 1846 ὅτε
1319 1820 1494 1855 συνετελέσθη
1510 1822 1563 1847 πᾶν
1578 1821 1608 1847 τὸ
1621 1821 1790 1856 φαινόμενον,
1807 1823 1856 1848 καὶ
1866 1821 1916 1856 πμὲε

1145 1864 1195 1900 τὴν
1213 1865 1316 1892 οἰκείαν
1333 1865 1408 1892 θέσιν
1421 1865 1534 1892 ἕκαστον
1549 1866 1603 1892 τῶν
1618 1867 1702 1893 ὄντων
1719 1868 1868 1903 ἀποκριθὲν
1883 1869 1916 1894 ἀν

1147 1911 1300 1947 εχώρησεν·
1315 1912 1359 1939 ὅτε
1374 1912 1519 1948 περιέσχεν
1534 1913 1562 1938 ἐν
1576 1912 1669 1948 κύκλῳ
1687 1913 1721 1940 τὰ
1737 1915 1827 1941 πάντα
1843 1915 1871 1940 τὸ
1885 1914 1916 1940 ab-

1148 1958 1238 1993 ράνιον
1249 1958 1337 1993 σῶμα,
1349 1958 1398 1994 τὴν
1408 1958 1436 1985 δὲ
1450 1958 1588 1993 μέσηντοῦ
1601 1959 1699 1990 παντὸς
1709 1959 1831 1985 ἀπέλαϐε
1843 1959 1916 1994 χώραν

1147 2003 1181 2030 τὰ
1201 2003 1285 2039 βαρέα
1301 2004 1347 2030 καὶ
1367 2005 1512 2039 κατωφερῆ
1529 2004 1583 2030 τῶν
1599 2004 1743 2039 σωμάτων,
1769 2005 1805 2040 γῆ
1833 2014 1862 2031 τε
1884 2004 1916 2030 ul

1147 2048 1228 2084 ὕδωρ,
1246 2051 1275 2076 ὲν
1289 2050 1412 2086 ἀλλήλοις
1425 2051 1651 2087 διακρατούμενα.
1673 2051 1827 2086 Σύνδεσμος
1847 2051 1872 2077 δέ
1889 2057 1916 2080 τις

1147 2096 1192 2122 καὶ
1206 2096 1349 2132 βεϐαιότης
1361 2097 1415 2124 τῶν
1429 2098 1618 2132 γεγενημένων
1632 2098 1648 2132 ἡ
1661 2097 1720 2123 θεία
1733 2097 1817 2132 τέχνη
1830 2097 1875 2124 καὶ
1887 2095 1916 2121 6‘}

1146 2149 1229 2176 ναμις
1243 2143 1275 2177 τῇ
1288 2141 1368 2176 φύσει
1384 2142 1438 2170 τῶν
1452 2143 1535 2169 ὀντων
1552 2143 1711 2178 ὲναπετέθη,
1728 2143 1839 2175 διπλαῖς
1856 2145 1916 2177 ὲνερι

1147 2187 1233 2221 γείαις
1251 2187 1393 2222 ἡνιοχοῦσα
1409 2188 1443 2214 τὰ
1457 2189 1553 2215 πάντα.
1571 2189 1667 2215 Στάσει
1683 2189 1738 2223 γὰρ
1758 2189 1807 2215 καὶ
1830 2190 1916 2222 κινήσει

1147 2231 1196 2267 τὴν
1208 2232 1313 2266 γένεσιν
1324 2233 1379 2264 τοῖς
1394 2233 1430 2268 μὴ
1445 2231 1514 2263 οὖσι,
1530 2234 1576 2260 καὶ
1589 2233 1637 2268 τὴν
1646 2233 1777 2268 διαμονὴν
1790 2235 1849 2265 τοῖς
1860 2231 1916 2259 οὖσιν

313 2290 430 2314 raretur.
456 2285 521 2312 Nam
540 2285 630 2320 quiete
649 2292 681 2312 ac
701 2289 776 2312 motu
789 2283 913 2312 cll'ectum
940 2288 991 2318 est,
1007 2288 1037 2312 ut
1055 2292 1095 2313 res

1149 2279 1352 2313 ἐμηχανήσατο,
1378 2279 1442 2314 περὶ
1469 2279 1499 2306 τὸ
1526 2279 1594 2314 βαρὺ
1620 2279 1668 2306 καὶ
1693 2279 1859 2314 ἀμετάθετον
1882 2278 1916 2310 τῆς

314 2331 430 2359 necdum
451 2330 614 2358 exsistentes
637 2331 784 2360 orirentur.
811 2334 838 2357 et
862 2334 928 2357 ortae
952 2338 1098 2357 conserva-

315 2380 421 2408 rentur,
438 2382 499 2402 cum
524 2375 596 2402 circa
613 2382 657 2402 res
683 2375 814 2409 gravitate
836 2374 938 2407 ﬁrmas,
962 2382 993 2401 ac
1009 2379 1098 2403 motus

315 2422 405 2449 omnis
437 2424 582 2455 expertes,
600 2421 683 2448 veluti
705 2421 778 2447 circa
806 2420 922 2448 solidum
953 2421 1098 2456 quemdam

316 2474 405 2498 axem,
421 2466 580 2494 celerrimus
595 2465 649 2500 poli
670 2469 759 2493 motus
781 2465 868 2493 instar
881 2470 948 2493 rotae
971 2465 1097 2500 ferretur,

316 2517 344 2540 et
360 2516 453 2540 mutua
470 2512 548 2547 quasi
574 2519 624 2547 ope
649 2516 736 2539 semet
751 2512 808 2539 hazc
829 2517 958 2547 perpetuo
976 2513 1099 2541 contine-

317 2562 394 2591 rent;
408 2561 505 2585 natura
522 2565 582 2592 quae
596 2558 624 2584 in
640 2558 732 2585 orbem
747 2558 847 2593 agitur,
862 2559 946 2586 veloci
962 2563 1036 2586 motu
1050 2567 1101 2587 suo

316 2608 396 2633 terra:
421 2602 583 2631 densitatem
607 2604 726 2639 undique
749 2604 898 2639 complexa,
925 2611 957 2631 ac
979 2605 1099 2632 vicissim

317 2649 398 2678 rebus
415 2649 501 2677 ﬁrmis
517 2649 646 2685 nullaque
665 2657 699 2677 ex
717 2654 793 2684 parte
807 2649 978 2681 cedentibus,
1003 2650 1100 2678 immo-

319 2694 365 2722 bili
390 2693 528 2722 soliditate
541 2701 590 2721 sua
608 2694 813 2722 conversionem
824 2694 982 2722 volubilium
1000 2704 1101 2732 augen-

316 2740 400 2768 tibus.
429 2740 518 2776 Atque
542 2740 584 2768 liis
608 2741 690 2769 rebus
719 2740 826 2768 diversa
850 2741 918 2768 vict
944 2742 1102 2773 cliicacitalc

318 2786 449 2821 praeditis,
470 2790 575 2815 natura:
586 2786 712 2814 videlicet
733 2787 874 2819 immobili,
895 2793 922 2815 et
933 2788 1009 2816 alteri
1025 2791 1102 2824 quic-

319 2833 354 2859 tis
367 2832 483 2868 experti,
504 2840 553 2867 par
567 2833 676 2868 quidem
693 2833 763 2860 inest
787 2837 930 2868 utramque
951 2834 977 2860 in
996 2839 1100 2868 partem

318 2888 458 2910 excessus.
470 2881 536 2909 Nam
549 2888 636 2908 ncaue
649 2885 722 2908 terra
734 2888 853 2916 unquam
867 2888 880 2908 a
892 2880 1039 2908 stabilitate
1052 2890 1101 2909 sua

1149 2324 1277 2358 ἀκινήτου
1297 2323 1418 2358 φύσεως.
1432 2322 1487 2350 οόν
1507 2324 1570 2360 περί
1589 2333 1649 2350 τινα
1663 2324 1761 2358 πάγιον
1774 2323 1866 2356 ἄξονα,
1882 2324 1916 2357 τὴν

1149 2369 1280 2404 ὀξυτάτην
1295 2369 1341 2395 τοῦ
1357 2370 1438 2396 πύλου
1455 2370 1562 2405 κίνησιν
1588 2370 1686 2405 τροχοῦ
1701 2370 1780 2405 δίκην
1797 2371 1828 2396 ἐν
1844 2369 1916 2401 κύκλῳ

1149 2414 1378 2450 περιελαύνουσα,
1394 2415 1442 2442 καὶ
1460 2415 1493 2442 δι’
1510 2416 1633 2451 ἀλλήλων
1650 2416 1819 2452 ἀμφοτέροις
1841 2423 1916 2448 συντη-

1151 2461 1235 2496 ροῦσα
1250 2461 1282 2488 τὸ
1297 2461 1437 2488 ἀδιάλυτον
1446 2471 1453 2477 ·
1472 2461 1521 2497 τῆς
1531 2470 1561 2488 τε
1576 2462 1832 2498 κυκλοφορουμένης
1844 2461 1916 2489 οὐσίας

1153 2506 1195 2533 διὰ
1209 2507 1258 2541 τῆς
1275 2505 1363 2539 ὀξείας
1379 2507 1510 2542 κινήσεως
1521 2507 1552 2533 τὸ
1563 2507 1659 2533 ναστὸν
1673 2507 1722 2542 τῆς
1738 2508 1790 2542 γῆς
1804 2508 1833 2533 ὲν
1845 2505 1916 2538 κύκλῳ

1153 2553 1384 2589 περισφιγγούσης
1395 2573 1403 2586 ,
1421 2553 1468 2580 τοῦ
1493 2561 1524 2579 τε
1542 2552 1655 2588 στερροῦ
1671 2553 1719 2580 καὶ
1733 2553 1871 2580 ἀνενδότου
1887 2551 1916 2577 διά

1151 2599 1201 2634 τῆς
1214 2599 1381 2634 ἀμεταθέτου
1394 2599 1558 2634 παγιότητος
1568 2598 1747 2631 ἀδιαλείπτως
1759 2600 1916 2626 ὲπιτείνονττις

1151 2646 1206 2673 τῶν
1223 2646 1285 2682 περὶ
1306 2646 1391 2682 αὐτὴν
1411 2645 1602 2681 κυκλουμένων
1626 2645 1676 2680 τὴν
1694 2645 1810 2680 δίνησιν.
1832 2646 1883 2679 Ἰση
1896 2643 1916 2668 δὲ

1152 2692 1212 2720 καθ’
1234 2692 1361 2727 ἑκάτερον
1385 2691 1439 2718 τῶν
1463 2693 1522 2724 ταῖς
1548 2691 1696 2727 ἐνεργείαις
1717 2688 1916 2727 διεστηκκιτωνὴ

1155 2738 1289 2774 ὑπερϐολὴ
1301 2738 1511 2774 ἐναπειργάσθη,
1524 2740 1558 2774 τῇ
1571 2747 1601 2765 τε
1613 2738 1737 2774 στασίμῳ
1751 2738 1831 2772 φύσει
1843 2737 1882 2764 καὶ
1893 2735 1913 2767 τῇ

1154 2785 1262 2818 ἀστάτῳ
1277 2785 1422 2819 περιφορᾷ.
1441 2784 1508 2810 Οὔτε
1523 2784 1576 2819 γὰρ
1590 2785 1607 2819 ὴ
1625 2784 1659 2818 γῆ
1681 2784 1732 2818 τῆς
1748 2784 1816 2815 ἰδίας
1834 2783 1916 2817 βάσεως

1157 2830 1342 2863 μετατίθεται,
1360 2829 1421 2856 οὒτε
1437 2831 1451 2856 ὁ
1472 2830 1584 2864 οὐρανός
1605 2838 1670 2856 ποτε
1689 2830 1721 2856 τὸ
1742 2829 1854 2864 σφοδρὰν
1867 2825 1914 2853 ὲνδί·

1155 2876 1219 2903 δωσι
1233 2876 1278 2902 καὶ
1290 2875 1411 2910 ὑποχαλᾷ
1424 2875 1471 2910 τῆς
1486 2875 1625 2910 κινήσεως.
1639 2874 1731 2902 Ταῦτα
1742 2875 1770 2902 δὲ
1784 2876 1829 2902 καὶ
1844 2871 1916 2908 πῴπ
