1919 3069
8 68 66 96 £29

646 77 688 104 DE
708 77 848 105 HOMINIS
867 79 1022 108 OPIFICIO.

1612 85 1661 112 150

6 130 89 158 ιιιτά
108 133 174 170 τὴν
187 135 234 162 τοῦ
253 136 431 172 πεποιηκότος
448 136 553 170 σοψίαν,
568 133 623 163 οἶόν
638 146 680 169 τις
690 137 761 173 ἁρχὴ
775 138 823 165 τοῦ

876 140 1005 168 dimoveri
1028 146 1131 177 potest;
1151 149 1239 177 neque
1255 141 1354 168 cmlum
1378 141 1411 168 de
1427 142 1585 170 vehemente
1606 152 1660 171 ιιιοο

6 179 129 227 ἱειντῖξς
163 183 356 218 μηχανήματος
376 183 633 218 προκατεσκευάσθη
655 183 708 210 τῶν
728 183 823 215 ὅντων,

6 223 194 259 Ξεικνὺντος,
212 224 301 262 οἶμαι,
318 227 363 254 τοῦ
389 228 505 263 μεγάλου
529 228 650 259 Μωσέως
670 228 713 255 διὰ
726 228 773 255 τοῦ
794 229 823 254 ἐν

6 267 85 304 ὶρχῇ
108 271 167 297 τὸν
186 272 299 307 οὐρανὸν
314 273 361 299 καὶ
383 273 432 308 τὴν
447 273 499 307 γῆν
512 273 586 308 παρὰ
599 273 647 299 τοῦ
662 273 728 299 Θεοῦ
743 281 824 307 γεγε-

6 313 34 347 νῆ
42 313 123 341 σθαι
142 317 247 349 εἰπεῖν,
264 318 306 344 ὅτι
327 318 459 353 κινήσεώς
473 327 503 344 τε
518 319 565 345 καὶ
583 318 702 351 στάσεως
725 318 822 353 ἔκγονα

6 360 37 385 τὰ
55 362 93 387 ὲν
112 364 156 398 τῇ
174 363 262 390 κτίσει
279 364 428 398 φαινόμενα
445 365 548 397 πάντα,
565 365 600 391 τὰ
616 365 686 392 κατὰ
701 365 731 392 τὸ
752 366 822 393 θεῖον

6 404 157 442 Ξούλημα
171 409 349 445 παραχθέντα
370 410 409 441 εἰς
426 409 543 444 γένεσιν.
565 409 618 436 Τοῦ
637 409 726 437 τοίνυν
738 410 821 447 οὐρα-

6 451 52 477 ιοῦ
74 454 140 480 καὶ
154 456 203 490 τῆς
221 455 273 490 γῆς
287 455 320 482 ὲκ
335 455 481 491 διαμέτρου
503 455 571 490 πρὸς
586 455 687 491 ἄλληλα
705 456 776 483 κατὰ
791 456 822 484 τὺ

6 499 152 526 ιναντίον
168 500 216 534 τῆς
236 500 375 535 ἐνεργείας
395 500 583 534 διεστηκότων,
602 501 618 536 ή
640 501 743 536 μεταξὺ
763 501 820 528 τῶν

6 545 160 572 ςναντῑων
179 545 266 578 κτίσις
285 547 315 572 ὲν
342 546 419 582 μέρει
439 546 493 572 τῶν
521 547 730 582 παρακειμένων
755 555 820 582 μετ-

6 589 74 623 ίχοσ.)
80 598 141 619 σα.
155 591 186 617 δι’
198 592 298 627 ἑαυτῆς
310 591 510 626 μεσιτεύειτοῖς
519 592 623 627 ἄκροις,
635 592 672 624 ὡς
684 593 716 619 ἂν
727 592 821 628 ἐπίδη-

6 643 51 660 nov
71 636 214 669 γενέσθαι
232 637 282 672 τὴν
298 637 366 672 πρὸς
380 637 482 673 ἄλληλα
504 638 557 664 τῶν
571 638 700 665 ἐναντίων
715 638 759 665 διὰ
772 639 819 665 τοῦ

6 681 108 708 ιιέσου
131 684 288 716 συνάφειαν.
309 684 345 710 Τὸ
361 684 415 719 γὰρ
431 684 585 720 ἀεικίνητον
599 685 645 711 καὶ
658 685 756 712 λεπτὸν
770 685 820 720 τῆς

6 727 172 761 πυρώδους
185 729 277 761 οὐσίας
295 731 418 765 μιμεῖται
438 731 486 765 μέν
503 739 561 762 πως
581 731 595 757 ὁ
609 731 672 767 ἀὴρ,
689 730 718 757 ἐν
736 739 764 757 τε
779 731 819 766 τῷ

6 774 123 810 κούφῳ
143 776 191 810 τῆς
204 775 312 809 φύσεως
330 776 377 803 καὶ
391 776 430 811 τῷ
447 776 515 812 πρὸς
527 776 575 812 τὴν
598 777 704 812 κίνησιν
725 778 819 813 ἐπιτη-

877 188 921 212 tus
935 186 1035 220 impetu
1053 187 1203 222 quidquam
1223 186 1344 213 remittit.
1363 185 1423 212 Hzre
1439 187 1524 221 prima
1542 188 1662 215 onmium

876 231 1006 259 exstitere
1024 232 1050 259 in
1068 236 1129 259 ortu
1147 240 1250 263 rerum,
1267 233 1373 258 volente
1385 232 1517 259 creatoris
1530 233 1661 268 sapientia

875 285 937 305 esse
947 285 977 305 ea
1005 279 1140 313 quoddam
1159 278 1266 305 initium
1290 277 1389 313 opificii
1413 279 1466 306 sui.
1486 278 1578 314 Itaque
1605 288 1661 306 ma-

875 331 957 358 gnum
976 324 1050 350 illum
1072 323 1175 355 Mosen.
1195 331 1256 351 cum
1279 325 1317 351 ait
1334 324 1412 352 initio
1433 324 1532 352 malum
1548 333 1580 353 ac
1606 329 1663 352 ter-

875 376 932 395 ram
951 368 1034 396 Deum
1053 369 1218 402 condidisse,
1248 368 1300 396 hoc
1324 369 1445 396 indicare
1467 369 1586 396 voluisse
1606 370 1663 396 exi-

875 413 957 440 stimo
975 422 981 440 :
999 421 1043 441 res
1063 414 1216 446 universas,
1232 421 1292 449 qum
1307 414 1378 441 inter
1392 417 1482 441 creata
1500 419 1660 447 cernuntur,

874 456 961 491 deque
989 458 1129 484 voluntate
1158 465 1190 485 ac
1216 459 1350 485 sententia
1382 457 1428 486 Dei
1453 465 1553 486 exorta
1579 464 1660 492 sunt,

873 509 888 528 a
906 507 980 529 motu
997 507 1023 529 et
1043 504 1134 537 quiete
1157 503 1292 538 profectas
1316 512 1388 531 esse.
1404 504 1492 539 Atque
1516 505 1567 531 hoc
1581 509 1661 540 pacto

874 548 944 575 coelo
969 552 995 575 et
1013 552 1083 575 terra
1099 556 1132 575 ex
1155 548 1288 576 diametro
1309 548 1381 576 inter
1397 556 1426 577 se
1439 549 1578 576 contraria
1596 549 1661 576 aﬂ’e-

873 592 964 620 ctione
978 593 1186 626 dissidentibus,
1203 598 1294 621 creata
1314 598 1420 626 caetera,
1438 602 1498 629 quae
1512 594 1555 622 his
1575 595 1658 621 inter-

870 638 941 672 jecta
956 643 1031 670 sunt,
1049 646 1111 665 cum
1133 639 1256 666 nonnihil
1272 647 1334 666 cum
1351 640 1432 666 rebus
1453 639 1504 667 sibi
1525 640 1660 675 contiguis

872 693 1018 713 commune
1035 686 1162 718 habeant,
1183 686 1254 713 inter
1267 690 1387 714 extrema
1413 685 1457 712 illa
1478 691 1563 713 semet
1579 686 1658 720 quasi

873 730 1059 766 interponunt,
1084 736 1113 758 ut
1139 732 1217 759 facile
1242 736 1371 767 appareat
1394 739 1448 766 quo
1464 736 1543 766 pacto
1560 739 1607 766 per
1627 739 1659 758 ea

872 783 932 810 quae
962 776 1050 803 media
1076 777 1147 802 inter
1177 776 1235 803 haec
1255 776 1421 807 consistunt,
1442 784 1485 804 res
1512 777 1658 810 czeteroqui

6 820 97 852 Ξείως
115 820 198 855 ἔχειν.
214 822 251 848 Οὐ
264 822 317 857 μὴν
332 822 452 854 τοιοῦτός
469 824 552 856 ἐστιν,
572 820 627 854 οἷος
641 824 688 859 τῆς
703 824 771 859 πρὸς
783 824 817 851 τὰ

874 820 1033 848 dissidentes
1066 824 1162 848 nmtuo
1183 824 1390 848 connectantur.
1414 820 1482 848 Nam
1509 829 1556 848 aer
1579 821 1659 848 modo

6 866 114 899 πάγια.
141 867 302 901 συγγενείας
327 868 549 904 ἀλλοτριοῦσοαι,
574 868 635 895 οὔτε
659 869 703 895 ἀεὶ
730 868 818 904 μένων

6 913 165 949 ἆκίνητος,
182 913 244 940 οὔτε
268 915 414 946 διαπαντὸς
433 915 502 950 ῥέων
519 915 565 941 καὶ
588 915 796 950 σκεδαννύμενος
809 923 817 932 ⁸

6 958 90 984 ἀλλὰ
102 960 139 994 τῇ
147 958 214 994 πρὸς
223 959 316 994 ἕτερον
322 959 466 994 οἰκειότητι
477 957 532 986 οἷόν
542 969 568 986 τι
578 959 755 995 μεθόριοντῆς
765 959 819 986 τῶν

6 1003 175 1037 ἐνεργειῶν
187 1004 373 1040 ἐναντιότητος
387 1005 500 1038 γίνεται⁷
511 1005 607 1039 μιγνὺς
622 1005 679 1040 ἅμα
694 1005 740 1031 καὶ
750 1005 818 1032 διαι-

7 1048 73 1083 ρῶν
80 1049 117 1074 ὲν
126 1049 241 1084 αὐτῷτα
247 1050 374 1076 διεστῶτα
379 1051 412 1086 τῇ
420 1049 585 1084 φύσει.Κατὰ
591 1050 636 1078 τὸν
642 1051 721 1077 αὑτὸν
728 1050 818 1084 λόγον,

7 1095 66 1120 καὶ
121 1095 195 1130 ὑγρὰ
207 1096 284 1122 οὐσία
295 1096 399 1127 διπλαῖς
411 1096 531 1132 ποιότησι
542 1097 610 1132 πρὸς
621 1097 749 1133 ἑκάτερον
763 1096 818 1123 τῶν

8 1141 159 1167 ἐναντίων
175 1141 335 1177 ἁρμόζεται.
348 1141 393 1177 Τῷ
412 1142 460 1177 μὲν
468 1142 521 1177 γὰρ
532 1142 627 1178 βαρεῖά
637 1151 666 1168 τε
677 1143 722 1169 καὶ
729 1151 817 1169 κατω-

10 1193 48 1217 gs
53 1185 113 1220 ρὴς
119 1183 303 1221 εἶναιιπολλὴν
311 1186 378 1221 πρὸς
384 1187 413 1213 τὸ
420 1187 518 1220 γεῶδες
524 1187 572 1223 τὴν
581 1188 739 1222 συγγένειαν
748 1188 813 1223 ἔχει.

872 866 990 900 quodam
1025 866 1203 893 mobilitatem
1226 870 1396 901 perpetuam,
1426 866 1659 901 subtilitatemque

872 912 960 947 ignea;
977 916 1082 939 natura
1101 913 1233 939 imitatur.
1254 912 1300 940 Est
1320 913 1392 940 enim
1408 917 1435 940 et
1451 913 1558 939 levitate
1576 909 1658 939 natu-

870 958 919 984 rali
936 958 1078 993 praadilus.
1095 963 1122 986 et
1141 959 1174 986 ad
1195 963 1298 985 motum
1317 959 1458 993 aptissime
1471 962 1656 993 comparatus.

869 1001 962 1038 Neque
980 1007 1071 1030 tamen
1087 1004 1189 1031 idcirco
1206 1004 1283 1039 plane
1307 1008 1348 1031 est
1363 1005 1397 1030 ab
1416 1004 1490 1031 omni
1505 1003 1656 1031 solidorum

870 1049 1031 1082 cognatione
1054 1049 1176 1080 alienus,
1199 1057 1260 1076 nam
1282 1053 1311 1076 ut
1326 1057 1433 1084 semper
1452 1053 1541 1076 motus
1561 1057 1659 1083 expers

869 1101 924 1120 non
940 1099 999 1126 est,
1017 1095 1053 1121 ita
1071 1103 1179 1129 semper
1193 1095 1276 1122 etiam
1298 1102 1351 1122 non
1370 1095 1428 1122 ltuit
1447 1099 1494 1122 aut
1510 1095 1658 1130 spargitur,

868 1138 916 1166 sed
941 1140 970 1167 ﬁt
983 1141 1100 1175 quadam
1119 1140 1151 1167 ad
1175 1144 1322 1175 utrumque
1342 1141 1515 1176 cognatione,
1534 1145 1564 1168 ut
1588 1141 1659 1167 inter

866 1194 911 1214 res
930 1186 1118 1215 efl‘ectionibus
1134 1186 1249 1214 diversis
1267 1186 1442 1214 adversantes
1464 1186 1516 1214 sibi
1535 1187 1658 1222 quidam,

12 1232 105 1266 quasi
130 1232 211 1260 limes
235 1233 284 1266 sit;
303 1237 385 1268 atque
407 1234 475 1262 adeo
503 1240 601 1262 natura
628 1237 698 1263 inter
725 1244 755 1263 se
772 1236 932 1264 dissidentia
948 1242 1011 1262 cum
1027 1234 1177 1266 consociet,
1199 1237 1256 1260 tum
1283 1240 1416 1261 secernat.
1447 1233 1548 1261 Eodem
1579 1234 1659 1260 modo

11 1284 43 1306 et
63 1280 173 1307 humor
186 1280 288 1316 duplici
303 1281 433 1316 qualitate
449 1282 480 1309 ad
497 1286 642 1318 utrumque
669 1283 766 1311 horum
795 1283 997 1311 adversantium
1025 1287 1155 1317 perpetuo
1187 1281 1239 1309 sibi
1269 1286 1356 1308 semet
1377 1280 1573 1308 accommodat.
1592 1279 1659 1307 Nam

15 1337 78 1356 non
93 1329 196 1363 exigua
211 1336 274 1356 cum
289 1333 361 1357 terra
375 1331 536 1365 cognatione
551 1337 669 1363 tenetur,
691 1339 744 1366 qua
761 1332 852 1367 gravis
870 1335 924 1362 est,
940 1334 967 1358 et
983 1337 1037 1365 qua
1054 1330 1182 1357 deorsum
1199 1329 1294 1356 fertur.

56 1375 109 1410 Τῷ
136 1375 168 1402 δὲ
196 1376 320 1411 μετέχειν
342 1377 458 1413 ροὡδους
480 1378 553 1410 τινὸς
579 1379 627 1405 καὶ
657 1379 822 1415 πορευτικῆς

19 1422 194 1456 ἐνεργείας,
221 1422 251 1448 οὺ
269 1423 356 1459 πάντη
383 1423 433 1459 τῆς
462 1423 622 1460 κινουμένης
645 1425 821 1460 ἠλλοτρίωται

21 1468 156 1501 φύσεως,
185 1468 254 1495 ἀλλά
268 1469 310 1500 τίς
333 1470 391 1496 ἐστι
420 1471 466 1497 καὶ
487 1470 531 1496 διὰ
555 1471 649 1497 τούτου
670 1471 741 1506 μίξις
767 1471 821 1499 τῶν

22 1512 162 1538 ἐναντίων
187 1512 234 1538 καὶ
257 1512 373 1545 σύνοδος,
393 1514 443 1549 τῆς
455 1524 486 1540 τε
500 1514 648 1551 βαρύτητος
661 1517 700 1548 εἰς
715 1516 820 1551 κίνησιν

25 1558 239 1593 μετατεθείσης,
266 1559 313 1586 καὶ
333 1559 384 1594 τῆς
409 1560 541 1595 κινήσεως
566 1563 594 1587 ὲν
609 1561 647 1597 τῷ
677 1561 753 1597 βάρει
783 1561 821 1597 μὴ

25 1603 217 1639 τεδηθεὶσης,
246 1604 317 1632 ὥστε
354 1606 512 1641 συμϐαίνειν
551 1607 619 1642 πρὸς
653 1609 754 1643 ἄλληλα
788 1608 821 1634 τὰ

27 1651 102 1677 κατὰ
124 1651 157 1677 τὸ
179 1652 331 1687 ἀκρότατον
357 1655 390 1688 τῇ
417 1653 497 1688 φύσει
520 1654 679 1690 διεστηκότα
702 1655 746 1682 διὰ
767 1655 821 1681 τῶν

30 1697 232 1731 μεσιτευόντων
244 1698 367 1734 ἀλλήλοις
380 1699 522 1735 ἐνούμενα.
536 1701 643 1728 Μᾶλλον
655 1702 683 1728 δὲ
695 1701 763 1728 κατὰ
776 1702 821 1728 τὸν

27 1743 134 1778 ἀκριϐῆ
153 1743 232 1777 λόγον
247 1743 308 1770 οὐδὲ
321 1745 389 1780 αὐτὴ
414 1745 467 1772 τῶν
485 1746 679 1781 ἀντικειμένων
698 1748 714 1782 ή
742 1747 823 1782 φύσις

28 1788 159 1822 ἁμίκτως
170 1789 258 1823 πάπη
275 1789 342 1825 πρὸς
353 1790 401 1825 τὴν
420 1791 516 1825 ἑτέραν
527 1789 586 1822 ’τοῖς
602 1791 742 1826 ἰδιώμασιν
756 1792 822 1827 ἔχει,

27 1833 68 1865 ὼς
89 1834 134 1866 ἂν,
148 1831 224 1869 οἶμαι
233 1855 240 1867 ,
255 1835 343 1862 πάντα
357 1836 424 1871 πρὸς
436 1836 538 1872 ἄλληλα
558 1837 630 1863 νεύοι
644 1837 679 1864 τὰ
695 1838 764 1864 κατά
777 1838 823 1865 τὸν

30 1881 136 1915 κῇσμον
154 1882 305 1917 φαινόμενα
314 1902 322 1914 ,
334 1882 381 1908 καὶ
393 1883 524 1918 ξυμπνέοι
541 1883 609 1919 πρὸς
623 1884 722 1919 ἑαυτὴν
736 1885 751 1919 ἡ
765 1882 824 1910 κτί-

32 1935 75 1957 σις
117 1927 149 1952 ὲν
184 1928 241 1959 τοῖς
277 1927 331 1954 τῶν
370 1928 563 1964 ἀντικειμένων
603 1930 743 1965 ἰδιώμασιν
778 1930 824 1956 εὑ-

32 1972 198 2007 ρισκομένη.
221 1972 277 2008 Τῆς
293 1973 347 2009 γὰρ
369 1975 502 2009 κινήσεως
523 1975 553 2001 οὐ
581 1975 659 2009 μόνον
685 1976 754 2002 κατὰ
776 1975 825 2011 τὴν

31 2017 150 2053 τοπικὴν
174 2019 339 2053 μετάστασιν
363 2020 519 2056 νοουμένης.
537 2021 604 2048 ἀλλὰ
625 2022 671 2048 καὶ
688 2023 716 2048 ὲν
737 2023 823 2057 τροπῇ

32 2064 81 2089 καὶ
111 2063 254 2090 ἀλλοιώσει
289 2065 494 2102 θεωρουμένης·
527 2067 608 2094 πάλιν
639 2067 661 2093 δ’
695 2066 745 2100 αὖ,
775 2068 825 2104 τῆς

33 2109 203 2143 ἀμεταθέτου
236 2110 343 2144 φύσεως
363 2112 412 2147 τὴν
429 2112 498 2139 κατὰ
514 2112 544 2138 τὺ
562 2113 732 2140 ἀλλοιοῦσθαι
748 2114 825 2149 κίνη-

909 1378 1042 1405 Caeterum
1057 1385 1111 1412 qua
1128 1377 1208 1404 etiam
1231 1375 1344 1404 ﬂuidum
1370 1375 1498 1410 quiddam
1521 1376 1545 1402 ei
1576 1375 1658 1406 inest.

873 1425 968 1460 visque
984 1423 1156 1460 permeabilis
1172 1432 1180 1450 :
1196 1430 1250 1450 non
1270 1420 1383 1457 prorsus
1400 1429 1414 1448 a
1431 1422 1513 1449 rebus
1533 1422 1577 1454 iis,
1600 1431 1661 1457 quae

834 1486 856 1517 ε
873 1478 917 1498 res
944 1474 1074 1505 perpetuo
1104 1473 1266 1500 moventur,
1300 1468 1406 1503 sejungi
1432 1471 1538 1503 potest;
1568 1468 1660 1503 itaque

870 1521 896 1544 et
920 1516 948 1543 in
970 1516 1084 1542 humore
1109 1515 1166 1542 haec
1183 1516 1322 1541 contraria
1338 1515 1410 1541 inter
1439 1522 1470 1542 se
1497 1515 1658 1542 consocian-

870 1567 930 1596 tur,
949 1566 976 1589 et
1004 1563 1083 1596 quasi
1105 1566 1221 1594 coeunt,
1243 1569 1305 1587 cum
1331 1560 1403 1595 quod
1430 1568 1512 1596 grave
1535 1565 1577 1587 est
1602 1568 1658 1587 Inu-

871 1612 927 1634 tmn
950 1608 1074 1642 recipiat,
1099 1612 1125 1634 et
1147 1610 1242 1633 contra
1265 1610 1356 1634 motus
1377 1613 1392 1632 a
1408 1605 1527 1640 pondere
1540 1614 1593 1633 non
1610 1607 1659 1632 im-

871 1654 1005 1688 pediatur.
1030 1652 1086 1679 Hoc
1111 1652 1179 1679 adeo
1201 1652 1281 1686 pacto
1304 1657 1402 1678 natura
1422 1651 1545 1685 partibus
1567 1655 1658 1677 extre-

873 1700 926 1727 mis
949 1699 1122 1729 dissidentia,
1147 1705 1194 1734 per
1218 1705 1250 1725 ea
1275 1705 1336 1732 qum
1356 1697 1475 1723 medium
1500 1696 1571 1723 inter
1602 1697 1661 1731 ipsa

872 1744 963 1771 locum
987 1743 1118 1773 obtinent,
1133 1743 1348 1777 conjunguntur.
1364 1741 1396 1768 Et
1409 1750 1473 1769 vero
1491 1742 1512 1769 si
1530 1747 1664 1769 accurate

873 1798 929 1817 rem
945 1790 1144 1820 existimemus.
1163 1788 1366 1816 adversantium
1385 1788 1436 1815 sibi
1454 1791 1561 1819 natura,
1577 1787 1658 1814 etiam

874 1836 983 1871 propria
997 1835 1086 1870 quoad
1111 1835 1280 1869 singulorum
1297 1834 1428 1861 attributa
1446 1834 1552 1864 attinet.
1577 1833 1659 1868 quid-

873 1883 934 1909 dam
953 1883 1026 1909 iuter
1039 1889 1068 1909 se
1089 1888 1233 1907 commune
1257 1880 1358 1907 habet:
1383 1887 1442 1907 eam
1469 1879 1598 1906 nimirum
1625 1879 1663 1905 ob

873 1935 997 1959 causam,
1012 1933 1041 1954 ut
1055 1927 1173 1954 arhitror
1191 1925 1263 1961 quod
1279 1933 1322 1953 res
1340 1926 1392 1953 hoc
1420 1926 1446 1952 in
1468 1925 1572 1951 mundo
1597 1926 1660 1951 uni-

874 1982 960 2001 versaa
983 1973 1015 2000 ad
1041 1977 1163 1999 mutuam
1187 1972 1335 2007 quamdam
1359 1971 1534 1999 concordiam
1563 1976 1660 1997 natura

874 2019 1029 2046 ducantur:
1055 2022 1082 2044 et
1106 2025 1167 2052 quae
1192 2017 1332 2043 attributis
1361 2016 1479 2051 propriis
1506 2023 1663 2049 repugnare

875 2064 927 2091 sibi
954 2066 1045 2090 creata
1073 2062 1225 2090 sentimus.
1250 2062 1344 2089 eadem
1374 2061 1496 2088 vicissim
1530 2061 1601 2088 inter
1631 2069 1661 2088 se

876 2108 1048 2144 conspirent.
1081 2107 1147 2134 Nam
1174 2115 1236 2134 cum
1262 2115 1314 2133 non
1341 2114 1394 2133 una
1424 2106 1480 2133 hac
1508 2111 1598 2133 motus
1625 2107 1660 2133 sil

35 2163 78 2181 σιν
105 2155 136 2181 οὐ
161 2156 358 2192 προσιεμένηςο
383 2157 548 2189 ὲναλλάξασα
572 2158 621 2190 τὰς
648 2158 780 2194 ἰδιότητας
807 2160 823 2194 ἡ

877 2155 993 2190 species,
1008 2161 1070 2181 cum
1092 2153 1156 2188 quid
1178 2153 1288 2180 deloco
1313 2153 1346 2180 ad
1370 2153 1458 2179 locum
1476 2152 1658 2185 transfertur;

34 2200 82 2226 τοῦ
103 2201 172 2227 Θεοῦ
194 2202 286 2236 σοφία,
305 2202 343 2237 τῷ
359 2202 408 2237 μὲν
424 2203 569 2238 ἁεικινήτῳ
584 2203 615 2230 τὸ
631 2203 773 2239 ἄτρεπτον,
787 2203 826 2239 τῷ

35 2247 64 2272 δὲ
87 2247 208 2282 ἀκινήτῳ
232 2247 282 2283 τὴν
305 2249 409 2284 τροπὴν
430 2249 581 2284 ἐνεποίησε,
605 2250 758 2285 προμηθείᾳ
776 2251 826 2276 τινὶ

36 2293 105 2327 τάχα
126 2293 157 2319 τὸ
181 2292 301 2319 τοιοῦτον
324 2294 533 2329 οξκονομήσασα,
555 2294 593 2326 ὡς
611 2293 644 2321 ἂν
667 2294 703 2329 μὴ
730 2294 760 2320 τὸ
778 2294 827 2329 τῆς

38 2339 144 2373 φύσεως
160 2338 237 2370 ἴδιον,
254 2339 322 2374 ὅπερ
343 2339 400 2365 ἐστὶ
420 2339 450 2366 τὸ
473 2339 605 2374 ἄτρεπτόν
619 2349 648 2366 τε
666 2341 712 2367 καὶ.
724 2340 827 2374 ἀμετά-

39 2383 123 2416 θετον,
138 2383 184 2410 ἐπί
200 2391 272 2414 τινος
293 2383 348 2409 τῶν
372 2383 443 2411 κατὰ
465 2385 515 2420 τὴν
537 2385 625 2411 κτίσιν
645 2384 825 2420 βλεπομένων,

39 2427 103 2453 θεὸν
125 2427 284 2462 νομίζεσθαι
303 2428 332 2454 τὸ
355 2429 456 2463 κτίσμα
482 2430 628 2464 ποιήσειεν.
651 2430 687 2456 Οὐ
714 2429 767 2464 γὰρ
788 2429 827 2455 ἔτι

41 2471 162 2507 Θεότητος
185 2472 319 2507 ὑπόληψιν
350 2473 443 2508 σχοίη,
470 2474 538 2509 ὅπερ
567 2474 600 2501 ἂν
628 2474 784 2510 κινούμενον
809 2475 825 2511 ἢ

42 2517 226 2553 ἀλλοιούμενον
247 2518 326 2554 τύχῃ.
353 2519 404 2546 Διὰ
427 2519 505 2547 τοῦτο
528 2521 545 2556 ἡ
572 2521 621 2556 μὲν
641 2521 676 2556 γῆ
698 2521 828 2556 πάσιμὸς

43 2563 105 2596 ἐστι,
127 2565 174 2591 καὶ
193 2565 245 2591 οὐκ
267 2565 413 2600 ἄτρεπτος·
430 2566 444 2591 ὁ
465 2566 493 2593 δὲ
508 2567 621 2602 οὐρανὸς
640 2567 686 2594 τοῦ
708 2567 828 2595 ἐναντίου

44 2609 71 2634 τὸ
84 2610 199 2645 τρεπτδν
213 2611 263 2637 οὐκ
278 2610 357 2646 ἔχων,
374 2612 432 2639 οὐδὲ
450 2614 578 2648 στάσιμον
593 2613 659 2648 ἔχει,
675 2613 717 2640 ἴνα
730 2615 762 2649 τῇ
779 2614 828 2648 μὲν

44 2655 115 2689 φύσει
129 2656 240 2692 ἑστώσῃ
256 2657 306 2691 τὴν
327 2658 439 2693 τροπὴν,
455 2660 487 2693 τῇ
505 2659 532 2685 δὲ
554 2659 592 2695 μὴ
610 2659 764 2696 τρεπομένῃ
779 2659 828 2695 τὴν

44 2703 141 2738 κίνησιν
157 2704 174 2738 ἡ
194 2703 256 2730 θεία.
278 2703 454 2738 συμπλέξασα
475 2704 598 2739 δύναμις,
627 2706 674 2732 καὶ
701 2706 828 2741 ἀλλήλαις

43 2750 193 2784 ἀμφοτέρας
224 2750 258 2784 τῇ
287 2749 423 2782 ἐναλὶάξει
459 2750 514 2776 τῶν
544 2751 694 2786 ίδιωμὰτων
722 2761 829 2788 προσοι-

44 2795 146 2831 Ruben,
161 2796 210 2822 καὶ
224 2795 276 2830 τῆς
292 2796 356 2831 περὶ
372 2796 401 2822 τὸ
417 2795 487 2822 θεῖον
504 2795 662 2832 ὑπολήψεως
684 2798 828 2834 ἀλλοτριώ-

877 2207 971 2228 verum
985 2200 1069 2227 etiam
1089 2206 1151 2225 cum
1166 2198 1232 2233 quid
1249 2198 1289 2225 vel
1310 2202 1442 2228 mutatur.
1461 2198 1502 2224 vel
1521 2198 1660 2224 converti-

877 2251 940 2281 tur;
966 2251 1064 2274 natura
1085 2253 1168 2281 porro
1211 2244 1445 2272 incommutabilis
1482 2252 1542 2271 eam
1569 2248 1663 2271 motus

877 2293 1007 2328 speciem.
1019 2299 1071 2327 qua
1092 2291 1157 2327 quid
1170 2296 1300 2323 mutatur,
1323 2299 1375 2317 non
1396 2290 1522 2316 admittat
1536 2300 1543 2322 ;
1557 2290 1661 2317 ideirco

878 2340 968 2366 divina
994 2338 1129 2373 sapientia
1154 2337 1316 2373 permutatis
1338 2337 1468 2371 utrinque
1488 2336 1661 2371 proprietati-

877 2387 939 2416 bus.
956 2390 1081 2413 naturam
1101 2393 1192 2412 rerum
1207 2392 1314 2419 semper
1329 2384 1469 2411 mobilium
1489 2384 1555 2411 nulli
1573 2389 1646 2410 muta

879 2432 946 2459 tioni
971 2432 1133 2466 suhjectam,
1159 2431 1272 2458 alteram
1289 2438 1363 2462 vero,
1393 2434 1483 2457 motus
1509 2432 1660 2464 expet-tium

879 2478 1035 2505 mutabilem
1064 2485 1125 2504 esse
1153 2477 1250 2504 voluit.
1280 2477 1370 2511 Atque
1399 2477 1450 2503 hoc
1479 2476 1550 2502 haud
1580 2475 1661 2502 dubio

878 2524 1021 2558 prudentia
1037 2523 1170 2558 singulari
1187 2522 1316 2553 instituit,
1332 2530 1366 2548 ne
1387 2522 1512 2549 homines
1537 2521 1564 2548 in
1580 2521 1662 2548 rebus

879 2570 988 2597 creatis.
1012 2576 1081 2603 quas
1093 2569 1242 2598 cernimus,
1255 2575 1316 2595 esse
1336 2567 1438 2602 aliquid
1462 2572 1593 2602 perpetuo
1609 2566 1659 2592 im-

879 2615 1010 2643 mutabile
1024 2615 1278 2645 animadvertentes,
1296 2618 1393 2641 natura
1408 2615 1458 2640 hoc
1471 2614 1495 2641 ei
1512 2613 1660 2642 tribuente.

879 2662 951 2690 idem
972 2670 1021 2697 pro
1036 2662 1092 2689 Deo
1115 2661 1246 2689 colerent.
1274 2660 1332 2687 Non
1349 2661 1420 2687 enim
1438 2666 1502 2686 vero
1518 2662 1660 2685 consenta-

880 2715 960 2735 neum
978 2707 1062 2734 videri
1082 2711 1172 2742 potest
1186 2707 1210 2734 ei
1229 2706 1267 2733 rci
1290 2705 1460 2733 divinitatem
1483 2705 1584 2732 inesse.
1601 2709 1662 2736 qua

880 2761 924 2781 res
940 2753 980 2780 vel
1004 2754 1088 2780 motui
1104 2753 1145 2779 vel
1170 2752 1314 2779 mutationi
1339 2751 1456 2778 obnoxia
1486 2750 1533 2777 sit.
1556 2748 1661 2774 lucirco

881 2805 979 2827 terram
997 2799 1105 2834 quidem
1123 2799 1228 2825 ﬁrmam
1245 2805 1305 2825 esse
1330 2796 1463 2828 videmus,
1479 2800 1507 2823 at
1531 2797 1659 2822 mutatio-
