1919 3069
264 57 314 86 ΙῦΙ
865 51 894 78 S.
911 48 1074 77 GREGORH
1093 47 1240 75 NYSSENI
1857 43 1912 70 13:!

265 113 346 141 nibus
368 110 523 138 obnoxiam.
549 109 655 136 Cadunt
682 113 788 142 contra,
808 116 868 136 cum
897 110 931 136 sit
956 117 1019 135 omn

1166 105 1311 140 Οὐδέτερον
1328 104 1380 140 γὰρ
1405 104 1438 131 ἂν
1456 104 1568 136 τούτων,
1593 103 1684 135 καθὼς
1707 103 1839 138 εἴρηται,
1859 103 1911 134 τῆς

263 165 362 192 expers
376 155 546 186 mutationis,
561 163 702 190 nunquam
717 155 844 190 quiescit.
859 155 951 182 Voluit
967 155 1021 182 nim

1151 152 1235 186 ιτέρας
1251 151 1359 186 φύσεως
1374 151 1531 186 νομισθεῐη”
1552 149 1613 176 οὔτε
1635 150 1666 176 τὸ
1687 149 1825 178 ἄστατον,
1843 146 1909 172 οὔτε

262 212 324 231 rum
343 203 424 235 Deus,
447 209 509 229 cum
535 201 667 228 immobili
694 205 798 228 naturae
825 201 1020 228 mutabilitater

1150 197 1338 231 ἱιλλοιούμενον.
1355 197 1424 231 ’Ἤδη
1442 197 1529 223 τοίνυν
1544 196 1578 222 τὰ
1593 196 1681 222 πάντα
1697 195 1770 231 πρὸς
1787 194 1823 220 τὸ
1839 193 1908 219 ἴδιον

264 252 417 282 contraque
430 246 624 274 mutabilitatis
635 247 740 281 experti
758 251 861 273 motum
877 247 1022 282 adjungcre

1151 251 1200 269 ασε
1216 243 1300 274 τέλος.
1325 242 1504 277 Συνετελέσθη
1521 242 1584 278 γὰρ,
1608 241 1699 273 καοώς
1723 249 1793 276 φησι
1818 240 1908 266 Meui-

265 299 412 328 utramque
428 294 501 320 inter
518 300 548 320 se
560 300 609 328 per
627 293 697 319 hanc
723 293 918 328 proprietatum
940 301 1023 327 perml

1147 298 1160 321 ε,
1180 290 1194 316 ὃ
1205 298 1234 316 τε
1249 290 1362 324 οὐρανὸς
1379 290 1425 316 καὶ
1438 290 1453 324 ὴ
1470 289 1506 324 γῆ
1521 289 1567 316 καὶ
1582 289 1616 315 τὰ
1627 289 1671 315 διὰ
1689 288 1777 323 μέσου
1796 287 1905 313 πάντα.

265 342 407 373 tationem,
422 340 539 376 quadam
565 340 644 374 quasi
672 341 834 374 cognatione
847 339 994 370 devincire,
1010 347 1023 366 a

1145 354 1147 358 ι
1163 335 1201 370 τῷ
1214 335 1372 370 καταλλήλῳ
1382 336 1474 362 κάλλει
1486 336 1519 362 τὰ
1530 335 1696 362 καθέκαστον
1711 332 1903 367 διεκοσμήθη·

264 395 318 422 que
334 387 415 414 etiam
431 386 564 421 impedire
581 386 728 422 quominus
746 386 838 414 inesse
853 394 954 413 numen
974 386 1022 413 hist

1146 381 1242 417 ὑρανὸς
1260 382 1308 416 μὲν
1323 383 1383 413 ταῖς
1400 382 1454 408 τῶν
1472 382 1622 417 φωστήρων
1643 381 1753 414 αὐγαῖς,
1777 378 1904 405 θάλαττα

264 434 347 461 rebus
360 432 575 460 existimaretur.
593 432 672 465 Nam,
689 434 729 459 uti
753 433 834 460 modo
851 433 1005 467 expositum

1148 428 1194 454 καὶ
1214 427 1268 463 ἀὴρ
1279 429 1335 458 τοῖς
1351 429 1457 463 νηκτοῐς
1475 437 1505 454 τε
1523 429 1570 454 καὶ
1584 427 1715 462 ἐναερίοις
1735 425 1794 452 τῶν
1811 424 1903 456 ζώων,

265 477 345 505 nobis
362 481 416 506 est.
431 484 521 511 neque
536 485 580 504 res
603 478 703 512 quietis
719 478 808 506 omnis
829 485 936 513 expers.
962 486 1023 513 neql

1152 474 1179 500 δὲ
1190 475 1250 505 ταῖς
1265 475 1404 506 παντοίαις
1419 474 1473 500 τῶν
1486 474 1576 508 φυτῶν
1591 483 1621 500 τε
1641 474 1688 500 καὶ
1709 472 1903 507 βοσκημάτων

265 523 329 551 item
343 530 375 549 ea
391 531 452 557 quae
468 523 615 550 mutationi
631 523 750 550 obnoxia
767 528 819 555 est,
835 523 937 551 habere
951 523 1023 550 divin

1147 521 1250 555 φοραῖς,
1268 519 1338 555 ἂπερ
1354 520 1458 555 ἀθρόως
1473 521 1579 547 ἅπαντα
1600 519 1663 554 οείῳ
1677 519 1840 553 βουλήματι
1857 517 1902 543 διι-

266 569 332 596 tatis
358 568 463 603 aliquid
488 569 595 596 censeri
620 572 720 603 potest.
750 570 839 604 Atque
864 569 915 596 hoc
940 569 1022 604 quide

1145 565 1255 593 ιωϐεῖσα
1273 567 1341 592 κατὰ
1358 567 1455 593 ταύτὸν
1477 567 1625 601 ἁπεκύησε.
1644 566 1698 592 Καὶ
1718 565 1835 600 πλήρης
1854 563 1903 598 μὲν

265 614 347 641 modo
356 621 401 641 res
417 614 551 641 universae
562 614 756 649 perfectionem
770 622 847 642 suam
862 616 966 651 adepta:
976 625 1023 644 sun

1148 613 1201 639 τῶν
1216 613 1322 648 ὡραίων
1337 614 1353 648 ὴ
1369 613 1416 647 γῆ,
1434 612 1500 648 ὁμοῦ
1516 614 1570 644 τοῖς
1585 611 1676 639 ἄνθεσι
1692 612 1756 643 τοὺς
1773 610 1902 645 καρποὺς

266 659 312 687 Sic
322 660 394 688 enim
407 659 498 687 Moses
513 661 634 695 loquitur
647 670 653 687 ί
668 661 847 696 Perfectaque
862 666 926 689 sunt
937 663 1024 690 coelum

1143 658 1307 693 ἲλαστήσασα
1316 666 1324 674 '
1340 659 1452 694 πλήρεις
1466 659 1492 685 δὲ
1504 660 1528 685 οἱ
1540 658 1669 693 λειμῶνες
1682 657 1748 689 τῶν,
1767 657 1822 683 ὅσα
1840 657 1901 687 τοκ

265 712 349 738 terra,
362 711 388 734 et
402 715 446 734 res
463 714 557 734 eorum
575 707 602 734 in
618 707 708 735 medio
724 708 928 743 comprehensa:
944 717 1023 736 omne

1140 703 1235 738 ημῶνας
1247 704 1400 739 ἐπέρχεται.
1418 704 1505 730 Πᾶσαι
1521 713 1549 730 τε
1563 704 1654 739 ῥαχίαι
1669 703 1715 730 καὶ
1730 702 1898 738 ἀκρώρειαι,

265 759 299 779 ac
315 751 518 787 pulchritudine
534 753 650 788 singulis
670 755 848 782 conveniente
871 760 970 782 cuncta
987 763 1023 782 su:

1141 753 1148 776 ι
1171 752 1223 777 πᾶν
1254 751 1315 777 ὅσον
1334 751 1447 785 πλάγιόν
1467 759 1495 777 τε
1518 751 1565 777 καὶ
1590 750 1693 781 ὕπτιον,
1710 750 1759 776 καὶ
1787 749 1853 775 ὅσον
1874 749 1899 773 ἐν

265 802 396 826 exornata
412 808 418 825 :
436 799 536 826 ccelum
552 800 662 834 quidem
686 801 838 828 lucidorum
854 801 973 829 siderum
996 802 1022 828 fu

1141 796 1210 828 ἷλοις,
1223 798 1255 832 τῇ
1273 797 1392 824 νεοθαλεῖ
1403 797 1456 832 πόᾳ
1470 797 1517 823 καὶ
1531 798 1563 832 τῇ
1582 797 1690 832 ποικίλῃ
1711 796 1769 822 τῶν
1781 795 1899 830 δένδρων

265 852 350 880 gore.
381 853 457 873 mare
490 854 554 873 vero
585 851 611 873 et
642 854 688 873 aer
725 847 892 874 animalibus
931 852 1023 874 natant

1138 851 1161 876 ια
1184 844 1414 876 κατεστεφάνωτο,
1438 842 1499 878 ἄρτι
1518 843 1566 877 μὲν
1586 843 1634 877 τῆς
1648 842 1700 876 γῆς
1717 842 1896 876 ἀνισχόντων,

266 892 437 926 volandoque
455 896 603 926 utrumque
613 893 831 927 permeantilms,
844 897 917 921 terra
933 893 1024 928 deniqt

1139 887 1181 918 Ξὺς
1193 887 1221 914 δὲ
1234 888 1301 924 πρὸς
1314 888 1344 914 τὸ
1359 888 1459 914 τέλειον
1473 888 1569 919 κάλλος
1583 887 1809 923 ἀναδραμόντων.
1828 887 1897 920 Ἔγε-

265 938 356 964 omnis
384 937 493 972 generis
521 938 676 972 plantarum
705 946 737 966 ac
766 943 861 973 pastus
897 939 1023 966 varietatc

1140 933 1180 960 θει
1203 933 1231 960 δὲ
1255 933 1343 960 πάντα
1367 934 1436 960 κατὰ
1461 934 1491 960 τὸ
1517 935 1604 965 εἰκὸς,
1633 934 1679 960 καὶ
1702 933 1852 968 διεσκίρτα
1868 934 1897 959 τὰ

265 983 356 1010 omnia
390 983 484 1010 istham
521 983 628 1010 abunde
657 983 752 1011 eodem
790 984 868 1018 quasi
913 992 1020 1011 momen

1154 980 1340 1015 προστάγματι
1362 980 1407 1006 τοῦ
1429 981 1495 1006 Θεοῦ
1511 980 1712 1016 ζωογονηθέντα
1731 980 1813 1015 βοτὰ.
1836 980 1897 1006 κατ¹

265 1029 385 1063 pariens.
411 1029 525 1064 benigna
551 1029 594 1056 Dei
612 1030 754 1056 voluntate
773 1029 844 1056 vires
865 1029 925 1063 cjus
951 1030 1021 1056 conli

1139 1026 1200 1057 ἐλας
1214 1035 1243 1052 τε
1260 1026 1306 1052 καὶ
1322 1027 1390 1053 κατὰ
1406 1027 1471 1061 γένη
1495 1029 1553 1058 ταῖς
1575 1027 1688 1062 λόχμαις
1712 1027 1895 1053 ἐνδιαϐέοντα.

267 1078 369 1101 mante.
385 1073 479 1109 Itaque
495 1082 585 1101 rerum
601 1075 624 1101 ei
638 1075 884 1110 pulcherrimarum
899 1076 978 1110 copia
997 1083 1025 1102 nr

1144 1073 1168 1102 ῖς
1179 1071 1207 1098 δὲ
1219 1072 1271 1098 τῶν
1285 1073 1421 1107 μουσικῶν
1435 1073 1548 1108 ὀρνίθων
1564 1073 1645 1108 ᾠδαῖς
1660 1074 1809 1109 ἁπανταχῆ
1825 1082 1898 1107 περι-

266 1120 371 1152 deerat,
387 1127 449 1146 cum
466 1124 493 1146 et
518 1119 598 1147 ﬂores
620 1125 646 1147 et
669 1119 774 1147 fructus
798 1129 851 1147 una
878 1122 1024 1156 producere

1139 1118 1191 1143 εῖτο
1211 1119 1274 1148 πᾶν,
1297 1118 1358 1144 ὅσον
1381 1119 1534 1153 κατηρεφές
1557 1127 1585 1144 τε
1604 1119 1650 1145 καὶ
1667 1116 1790 1145 σύσκιονζ
1810 1119 1849 1145 Ἦ
1871 1127 1896 1144 τε

268 1164 331 1191 Erat
343 1169 371 1192 et
394 1165 420 1192 in
444 1165 529 1199 pratis
551 1173 644 1192 earum
670 1173 759 1192 rerum
774 1167 864 1201 copia.
888 1175 948 1202 quae
964 1168 1026 1194 resi

1139 1164 1171 1189 τὰ
1185 1163 1317 1190 Θάλατταν
1337 1164 1406 1198 ὄψις,
1424 1165 1460 1197 ὡς
1477 1165 1558 1197 εξκὺς.
1577 1165 1643 1199 ἄλλη
1661 1165 1776 1200 τοιαύτη
1796 1174 1843 1196 τις
1857 1162 1895 1200 ἦν,

266 1210 307 1236 eis
334 1210 507 1244 proveniunt.
532 1209 665 1237 Praeterea
683 1218 765 1244 rupes
792 1211 890 1241 edilas.
905 1212 1024 1238 montiun

1139 1217 1163 1234 τι
1177 1209 1245 1244 πρὸς
1260 1209 1372 1244 ἡσυχίαν
1391 1219 1420 1236 τε
1443 1211 1488 1238 καὶ
1506 1211 1625 1246 γαλήνην
1642 1212 1672 1237 ἐν
1691 1213 1753 1243 ταῖς
1774 1220 1895 1245 συναγω-

266 1263 320 1294 qpe
333 1256 471 1288 vertices,
499 1260 526 1282 et
553 1256 612 1283 loca
642 1257 668 1283 in
698 1257 742 1284 his
772 1258 812 1283 vel
842 1258 924 1283 latera
955 1265 1024 1284 \‘OI‘SI

1139 1256 1164 1286 ῖς
1188 1255 1241 1281 τῶν
1266 1256 1362 1282 κοίλων
1385 1257 1586 1292 καθισταμένη,
1609 1257 1668 1284 καθ’
1689 1258 1722 1293 ἧν
1743 1258 1829 1294 ὅρμοι
1856 1258 1896 1284 καὶ

267 1301 393 1332 declivia,
417 1301 458 1328 vel
483 1302 601 1336 supina;
635 1302 708 1336 ipsas
723 1302 840 1337 denique
873 1303 957 1330 vallos
993 1311 1022 1329 er

1136 1301 1210 1336 μένες
1224 1301 1284 1337 Osi;
1301 1302 1423 1338 βουλήσει
1443 1305 1502 1335 ταῖς
1517 1304 1613 1335 ἀκταῖς
1627 1304 1790 1339 αὐτομάτως
1807 1305 1894 1338 ἐγκοι-

267 1354 379 1374 cernere
395 1347 587 1375 venustissime
598 1347 735 1374 redimitas
755 1348 845 1375 herbis
861 1351 917 1374 tum
935 1349 1021 1383 prium

1137 1347 1253 1378 νθέντες,
1283 1349 1473 1384 προσημέρουν
1497 1351 1529 1385 τῇ
1547 1350 1652 1385 ἠπείρῳ
1677 1350 1727 1386 τὴν
1750 1350 1893 1377 θάλατταν.

267 1391 354 1421 natis.
371 1391 555 1426 arborumque
568 1391 644 1418 varia
668 1392 802 1426 elegantia
819 1402 824 1419 :
852 1400 913 1427 qua:
943 1396 1025 1419 tamet

1136 1391 1181 1416 "re
1202 1391 1331 1426 ἡρεμαῖαι
1360 1393 1414 1419 τῶν
1438 1394 1566 1429 κυμάτων
1591 1396 1711 1428 κινήσεις
1739 1395 1780 1430 τῷ
1807 1395 1894 1422 κάλλει

267 1443 364 1463 recens
380 1444 395 1463 e
420 1441 490 1463 terra
507 1441 600 1463 essent
622 1441 733 1467 exertae.
757 1437 887 1463 continuo
910 1441 1000 1463 tamen
1018 1444 1025 1462 ἕ

1137 1445 1157 1462 ιν
1179 1437 1317 1472 λειμώνων
1334 1439 1539 1474 ἀνθωραῖζοντο,
1563 1441 1615 1468 ὑπὸ
1631 1441 1742 1473 λεπταῖς
1763 1442 1811 1468 καὶ
1829 1443 1895 1476 ἀπή-

268 1479 498 1514 pulchritudinem
514 1480 642 1507 eximiam
658 1486 844 1508 excreveraut.
864 1481 952 1516 Atque
978 1481 1024 1508 hat

1137 1491 1183 1508 »σιν
1205 1483 1302 1518 αὕραις
1324 1487 1382 1511 κατ’
1400 1485 1486 1521 ἄκραν
1508 1487 1556 1522 τὴν
1575 1487 1734 1522 ἐπιφάνειαν
1750 1488 1895 1524 γλαφυρῶς

269 1527 352 1555 dubie
389 1528 517 1555 universa
563 1520 620 1553 tum
664 1531 808 1558 armenta,
849 1528 950 1562 quibus
984 1534 1027 1554 nul

1136 1529 1323 1564 τιφρίσσουσαι.
1343 1531 1398 1556 Καὶ
1415 1531 1487 1563 ἄπας
1506 1533 1519 1558 ὁ
1539 1533 1607 1559 κατὰ
1632 1534 1681 1568 τὴν
1704 1533 1795 1560 κτίσιν
1819 1534 1894 1561 πλοῦ-

267 1579 317 1599 suo
337 1571 409 1600 Deus
425 1572 507 1600 vitam
522 1571 635 1607 largitus
647 1578 722 1605 erat,
745 1572 876 1606 singulari
914 1573 1023 1607 volupla

1137 1583 1160 1605 ς,
1174 1574 1244 1600 κατὰ
1263 1575 1314 1610 γῆν
1333 1584 1362 1602 τε
1379 1577 1426 1603 καὶ
1451 1577 1584 1605 θάλατταν
1606 1579 1714 1614 ἕτοιμος
1736 1578 1783 1615 ἦν,
1803 1581 1861 1607 ἀλλ’
1883 1580 1894 1605 ὁ

267 1617 364 1645 affecta
388 1617 586 1651 exsultabant,
617 1617 804 1653 gregatimque
831 1626 892 1645 cum
918 1619 979 1646 aliis
1009 1627 1022 1645 s

617 1617 804 1653 gregatimque
831 1626 892 1645 cum
918 1619 979 1646 aliis
1009 1619 1050 1645 sui
1107 1620 1225 1654 μετέχων
1241 1621 1289 1647 οὐκ
1303 1619 1346 1657 ἦν.

261 1663 375 1697 ’ςριιει-ἰε
398 1671 446 1698 per
474 1664 557 1691 silvas
582 1664 797 1699 obvagabaulur.
824 1665 977 1692 Accedebat
1004 1667 1093 1693 avium
1115 1667 1280 1694 musiearum
1307 1674 1466 1701 concentus,
1490 1678 1544 1705 quo
1566 1671 1624 1698 loca
1650 1675 1754 1707 passim
1781 1678 1853 1701 tecta
1872 1679 1894 1701 et

267 1714 352 1741 opaca
378 1709 570 1742 personabant.
600 1709 695 1736 Fuisse
722 1714 748 1736 et
773 1710 856 1737 maris
881 1714 1020 1745 aspectum
1045 1716 1258 1740 consentaneum
1282 1719 1323 1741 est
1347 1714 1501 1748 lmjusmodi
1531 1717 1691 1752 quemdam,
1716 1726 1746 1745 ut
1771 1719 1838 1746 illud
1864 1720 1892 1747 ad

268 1753 387 1785 quietem
411 1755 690 1789 tranquillitatemque
714 1756 895 1791 compositum
918 1762 1009 1788 esset,
1039 1757 1073 1784 iis
1093 1759 1228 1793 principue
1258 1760 1284 1786 in
1307 1760 1384 1793 locis,
1402 1762 1429 1788 in
1445 1763 1544 1797 quibus
1561 1765 1673 1791 concavi
1690 1766 1805 1800 quidam
1822 1768 1893 1794 sinus

269 1799 425 1832 frequentes
445 1804 543 1832 erant;
570 1805 719 1835 portusque
746 1806 773 1829 et
800 1802 932 1829 stationes
957 1803 1070 1829 Inarime
1094 1808 1190 1837 sponte
1207 1813 1255 1831 sua
1272 1813 1304 1833 ex
1322 1807 1368 1834 Dei
1394 1813 1461 1835 nutu
1487 1809 1624 1837 littoribus
1644 1799 1797 1846 impressa,
1824 1820 1893 1839 mare

268 1846 346 1880 quasi
371 1846 588 1874 mansuefactum
617 1849 768 1875 continenti
801 1853 880 1876 term
909 1849 1068 1884 iungebant.
1099 1851 1151 1886 ipsi
1181 1852 1310 1880 "luctuum
1340 1859 1430 1882 motus
1458 1864 1587 1891 perquam
1618 1858 1725 1892 sedati,
1755 1866 1892 1895 pratorum

266 1892 405 1918 venustati
433 1893 653 1927 respondebant,
692 1895 794 1921 teneris
827 1899 851 1921 el
877 1895 996 1922 innoxiis
1021 1896 1095 1922 auris
1123 1905 1171 1924 eos
1201 1903 1319 1926 extrema
1351 1902 1377 1927 in
1411 1903 1554 1937 superficie
1587 1904 1682 1931 leviter
1714 1892 1891 1941 eriigentibus.

269 1937 388 1972 Denique
415 1937 559 1966 universus
585 1943 739 1966 creatorqu
767 1940 912 1968 thesaurus
943 1941 995 1967 =am
1013 1945 1085 1967 terra
1109 1943 1231 1971 marique
1248 1950 1359 1978 paratus
1377 1952 1446 1979 erat,
1465 1956 1526 1975 cum
1545 1950 1568 1977 is
1586 1951 1674 1978 solum
1691 1937 1892 1981 desideraretur

268 1983 314 2018 qui
330 1990 362 2010 eo
381 1983 431 2010 frui
444 1989 546 2018 posset.

579 2064 692 2093 CAPUT
714 2066 743 2092 ll.

1373 2074 1569 2101 ΚΕΦΛΛΛΙΟΝ
1589 2075 1625 2102 B’.

271 2119 446 2152 Quamobrem
464 2122 560 2169 creatis
576 2123 652 2149 rebus
678 2124 790 2153 caneris.
804 2124 912 2150 ultimus
935 2125 1029 2151 omm'tu

533 2166 598 2169 .4”...
622 2159 736 2169 __...I,'-,.A
762 2160 789 2169 .3.

1130 2134 1157 2153 ta
1173 2127 1202 2153 τί
1219 2126 1291 2162 μετὰ
1311 2128 1367 2163 τὴν
1383 2130 1483 2157 κτίσιν
1498 2133 1666 2166 τελευταῖος
1688 2136 1705 2160 ὁ
1730 2135 1888 2169 ἄνθρωπος.

523 2157 599 2184 Itonia
617 2159 738 2185 conditus
756 2160 800 2186 sit.

306 2221 430 2248 Nondum
443 2223 573 2250 eximium
586 2224 651 2250 illud
665 2228 691 2251 ct
702 2225 811 2252 maximi
828 2226 906 2259 prctii
920 2230 1052 2259 creatum,

1140 2227 1222 2254 Οὔπω
1245 2228 1299 2265 γὰρ
1319 2231 1349 2256 τὸ
1363 2230 1433 2266 μέγα
1451 2233 1529 2259 τοῦτο
1547 2233 1593 2260 καὶ
1605 2234 1693 2270 τίμιον
1713 2237 1809 2272 χρῆμα
1824 2239 1838 2264 ὁ
1852 2238 1889 2263 ἆν-

274 2269 346 2304 quod
365 2270 503 2298 hominem
520 2272 649 2304 dicimus,
664 2273 690 2300 in
706 2273 757 2300 hoc
775 2274 960 2302 universitatis
972 2283 1032 2302 orn:

1131 2285 1212 2307 mmo;
1223 2277 1262 2313 τῷ
1276 2279 1369 2315 κόσμῳ
1383 2280 1437 2306 τῶν
1450 2281 1533 2308 ὄντων
1548 2284 1744 2319 ὲπεχωρίαζεν.
1762 2287 1831 2313 Οὐδὲ
1844 2287 1889 2322 γὰρ

271 2318 384 2345 tissimo
410 2318 551 2347 domicilio
576 2321 746 2349 versabatur.
779 2321 883 2357 Quippe
909 2328 1029 2350 consent:

1129 2334 1138 2350 ν
1155 2325 1227 2357 εἰκὸς
1242 2326 1286 2352 τὸν
1304 2327 1420 2363 ἄρχοντα
1433 2329 1485 2364 πρὸ
1509 2330 1563 2357 τῶν
1581 2318 1740 2366 ἀρχομένων
1756 2318 1887 2368 ἀναφαιιῆἱ

272 2373 353 2392 neum
368 2373 422 2393 non
434 2371 504 2398 erat.
520 2367 711 2402 imperatorem
726 2370 858 2398 exsistere
872 2371 957 2406 prius,
972 2380 1030 2406 qua]

1130 2381 1160 2405 ιι,
1172 2373 1237 2399 ἀλλὰ
1252 2375 1299 2409 τῆς
1318 2375 1405 2411 ἀρχῆς
1427 2377 1559 2413 πρότερον
1585 2380 1794 2417 ὲτοιμασθεισης
1805 2367 1822 2413 ,7
1834 2383 1888 2408 ἀκόε

271 2420 330 2444 eos,
343 2413 442 2447 quibus
455 2419 527 2442 esset
538 2423 599 2442 cum
612 2421 748 2452 potestate
760 2418 934 2452 prmfuturus.
948 2419 1029 2455 Praep

1129 2422 1198 2448 )υθον
1225 2421 1258 2458 ἦν
1289 2425 1485 2460 ἀναδειχθῆναι
1503 2427 1548 2453 τὸν
1581 2427 1773 2462 βασιλεύοντα,
1805 2431 1887 2464 ἐπειδὴ

272 2465 334 2487 rato
356 2461 486 2488 nimirum
517 2468 580 2491 ante
605 2465 697 2492 omnia
720 2466 845 2501 imperio,
874 2472 929 2494 tum
959 2468 1030 2496 deim

1129 2471 1194 2498 ›ίνυν
1211 2470 1265 2499 οἶόν
1290 2481 1350 2500 τινα
1369 2475 1503 2509 βασίλειον
1528 2461 1692 2514 καταγωγὴν
1714 2479 1754 2514 τῷ
1767 2461 1887 2514 μέλλοντι

272 2509 427 2544 proximum
443 2515 502 2538 erat
521 2520 610 2548 regem
626 2513 776 2549 designari.
797 2515 903 2543 Idcirco
922 2517 1030 2545 uuivers

1127 2520 1257 2547 ασιλεύειν
1279 2522 1293 2548 ὀ
1316 2523 1362 2549 τοῦ
1391 2524 1490 2556 παντὸς
1517 2526 1631 2561 ποιητὴς
1668 2529 1885 2564 προηυτρέπισεν.

271 2558 338 2585 tatis
366 2558 448 2592 hujus
477 2566 604 2595 creator,
631 2563 655 2590 ei
684 2563 731 2598 qui
761 2565 944 2599 imperaturus
975 2572 1029 2594 eral

1132 2569 1180 2604 ὓτη
1193 2570 1221 2596 δὲ
1233 2568 1265 2604 ἦν
1277 2571 1312 2606 γῆ
1324 2580 1353 2597 τε
1366 2573 1411 2599 καὶ
1420 2573 1504 2608 νῆσοι,
1520 2574 1567 2601 καὶ
1575 2558 1707 2608 ⁷θάλαττα,
1723 2558 1887 2612 καὶ-,οὐρανὸς

277 2606 419 2639 quamdam
432 2608 524 2635 sedem
538 2610 639 2646 regiam
655 2614 821 2647 prmstruxit.
839 2614 876 2641 Ea
904 2623 968 2642 vero
985 2620 1035 2643 terr

1128 2617 1177 2652 πὲρ
1186 2618 1287 2644 τούτων
1295 2619 1393 2653 ὀρόφου
1402 2620 1478 2656 δίκην
1489 2623 1568 2649 ἐπικυ
1573 2623 1718 2659 ρτούμενος
1726 2633 1732 2640 ·
1748 2625 1859 2657 πλοῦτος
1865 2625 1886 2650 δὲ

272 2658 341 2686 erat,
360 2658 387 2681 et
403 2655 508 2689 insulae,
526 2662 552 2684 et
568 2666 654 2691 mare,
665 2664 692 2687 et
704 2660 792 2695 ipsum
809 2663 920 2695 emtum,
934 2671 988 2698 quo
1001 2664 1030 2691 ha

1127 2667 1276 2699 αντοδαπδς
1292 2670 1348 2700 τοῖς
1365 2655 1508 2703 βασιλείοις
1524 2655 1626 2705 τούτοις
1637 2655 1796 2710 everte-.5131].
1817 2674 1885 2701 me}

273 2702 363 2728 omnia
378 2706 506 2738 tanquam
524 2710 593 2733 lecto
608 2713 845 2736 concamerantur.
861 2710 949 2745 Atque
965 2711 1008 2739 his
1029 2713 1031 2738 ἰ

1120 2723 1153 2741 ςον
1163 2715 1190 2741 δὲ
1202 2715 1272 2750 λέγω
1280 2717 1370 2744 πᾶσαν
1387 2718 1437 2754 τὴν
1448 2721 1544 2753 κτίσιν,
1554 2721 1614 2748 ὅσον
1632 2723 1660 2749 ὲν
1676 2725 1770 2757 φυτοῖς
1778 2723 1824 2750 καὶ
1837 2723 1878 2757 Bia

274 2749 383 2784 palatiis
396 2753 485 2780 omnis
512 2755 620 2788 generis
642 2764 706 2791 opes
733 2758 850 2786 conditae
866 2764 941 2788 sunt.
967 2759 1032 2796 Opu:

1124 2764 1238 2799 τήμασι,
1245 2765 1290 2792 καὶ
1301 2765 1362 2793 ὅσον
1371 2767 1526 2803 αἰσθητικόν
1534 2778 1562 2796 τε
1572 2770 1618 2797 καί
1627 2770 1746 2806 ἔμπνουν
1755 2772 1801 2798 καὶ
1810 2770 1882 2806 ἐμψυ-
