1919 3069
73 90 120 118 ίῗὸ
676 87 720 114 DE
739 86 882 114 HOMINIS

902 85 1056 114 omnem.
1627 80 1680 108 154

70 155 120 182 χον.
137 146 167 173 El
177 145 205 172 δὲ
223 145 274 181 χρὴ
291 145 337 171 καὶ
352 145 400 176 τὰς
414 144 478 176 ὕλας
498 144 538 176 είς
552 144 664 171 πλοῦτον
678 144 847 180 καταριθμή-

900 151 964 171 vero
979 144 1088 170 nomine
1103 145 1192 169 creata
1211 141 1338 168 universa
1357 140 1488 174 intelligo,
1501 147 1561 168 cum
1571 140 1680 175 plantas

71 191 171 221 σασθαι,
185 191 246 217 ὅσαι
258 190 301 217 διά
317 198 389 221 τινος
408 189 533 225 εὐχροίας
543 190 630 225 τίμιαι
646 191 701 221 τοῖς
714 190 848 225 ἀνθρωπί-

70 246 120 268 νοις
132 236 279 271 ὀφθαλμοῖς
291 235 482 271 ἐνομίσθησαν,
499 235 554 262 οἷον
567 236 676 271 χρυσίον
688 245 717 263 τε
736 237 784 264 καὶ
800 237 848 272 ἀρ-

71 282 165 317 γύριον,
189 281 238 307 καὶ
259 280 312 307 τῶν
332 281 412 307 λίθων
431 280 463 316 δὴ
486 279 586 307 τούτων
608 280 640 313 ἃς
663 281 804 315 ἀγαπῶσιν
823 283 847 308 οἱ

71 326 212 361 ἅνθρωποι·
223 325 270 352 καὶ
282 325 382 352 τούτων
398 325 504 352 πάντων
516 325 564 361 τὴν
581 325 710 360 ἀφθονίαν
724 327 848 362 καθάπερ

71 371 118 398 τισὶ
136 370 284 405 βασιλικοῖς
297 370 442 406 θησαυροῖς
456 372 512 402 τοῖς
533 371 582 406 τῆς
605 371 656 406 γῆς
676 371 785 403 κόλποις
801 373 848 406 ὲγ-

71 415 251 450 κατακρύψας,
268 415 353 447 οὕτως
371 415 556 442 ἀναδείκνυσιν
572 417 601 442 ὲν
622 416 661 452 τῷ
684 417 778 451 κόσμῳ
802 416 848 443 τὸν

70 461 214 497 ἄνθρωπον,
232 461 285 488 τῶν
297 462 326 488 ὲν
339 461 424 496 τούτῳ
440 461 595 497 Θαυμάτων,
610 462 665 488 τῶν
685 463 733 497 μὲν
750 462 848 498 θεατὴν

69 509 199 542 ἐσόμενον,
212 507 267 534 τῶν
281 507 309 534 δὲ
323 507 426 543 κύριον,
441 507 479 538 ὡς
491 507 534 534 διὰ
550 508 597 543 μὲν
609 507 657 542 τῆς
673 507 847 540 ἀπολαύσεως

68 552 112 587 τὴν
126 552 232 578 σύνεσιν
243 551 290 578 τοῦ
304 551 484 588 χορηγοῦντος
504 551 586 586 ἔχειν,
606 552 650 578 διὰ
668 552 696 578 δὲ
715 552 760 578 τοῦ
781 553 848 580 κάλ-

69 598 126 629 λους
140 606 169 623 τε
182 597 230 624 καὶ
245 597 372 632 μεγέθους
388 597 441 624 τῶν
458 597 603 633 ὁρωμένων
623 597 672 632 τὴν
688 598 804 634 ἄρῤητόν
819 607 848 624 τε

70 644 111 670 καὶ
125 643 193 678 ὑπὲρ
207 643 285 677 λόγον
304 642 350 669 τοῦ
368 643 546 678 πεποιηκότος
561 643 673 677 δύναμιν
687 643 846 678 ἀνιχνεύειν.

70 690 114 716 Διὰ
134 689 220 716 ταῦτα
241 689 393 720 τελευταῖος
421 688 490 723 μετὰ
515 689 562 724 τὴν
586 688 674 715 κτίσιν
697 689 810 724 εἰσήχθη
833 690 848 715 ὁ

70 735 213 771 ἄνθρωπος,
228 735 278 770 οὺχ
290 735 327 765 ὡς
337 734 488 769 ἀπόϐλητος
500 735 529 760 ἐν
541 735 664 770 ἐσχάτοις
676 735 846 770 ἀπορριφεὶς,

69 781 121 807 ἀλλ’
138 780 174 811 ὡς
192 780 251 815 ἀμα
265 781 298 815 τῇ
317 779 422 814 γενέσει
443 779 568 814 βασιλεὺς
583 777 651 806 εἶναι
669 779 722 806 τῶν
738 780 848 815 ὑποχει-

71 829 129 862 ρίων
150 826 305 861 προσήκων.
329 825 383 851 Καὶ
404 825 498 860 ὥσπερ
526 833 568 856 τις
592 824 692 859 ἀγαθὸς
716 825 848 860 ἑστιάτωρ

69 873 97 900 οὐ
109 872 159 907 πρὸ
170 873 220 907 τῆς
237 871 413 906 παρασκευῆς
433 870 487 897 τῶν
501 871 637 905 ἐδωδίμων
653 870 698 897 τὸν
717 871 847 905 ὲστιὼμε-
863 865 882 891 Β

70 926 110 944 νον
122 916 304 948 είσοικίζεται,
318 915 375 942 ἀλλ’
387 916 511 951 εὐπρεπῆ
521 916 556 942 τὰ
574 915 661 942 πάντα
676 916 849 951 παρασκευά-

73 972 124 995 σας,
141 964 186 990 καὶ
208 961 357 997 φαιδρύνας
379 963 434 993 τοῖς
450 961 597 996 καθήκουσι
621 961 732 996 κόσμοις
749 962 793 988 τὸν
809 960 848 988 οἷ-

72 1018 122 1041 κον,
138 1009 186 1043 τὴν
209 1008 316 1035 κλισίαν
328 1027 336 1039 ,
363 1007 412 1042 τὴν
428 1006 575 1042 τράπεζαν,
598 1006 640 1041 ἐφ’
659 1007 777 1041 ἑτοίμοις

72 1056 121 1086 τοῖς
134 1054 198 1089 πρὸς
219 1054 270 1089 τὴν
290 1053 391 1088 τροφὴν
411 1052 582 1087 ἐπιτηδείοις,
595 1051 716 1086 ἐφέστιον
735 1053 849 1078 ποιεῖται

71 1100 111 1127 τόν
124 1099 272 1135 δαιτυμόνα
282 1108 288 1114 ·
303 1098 372 1126 κατά
386 1099 432 1124 τὸν
443 1098 522 1125 αὐτὸν
537 1098 636 1134 τρόπον
651 1099 665 1124 ὁ
682 1097 808 1128 πλούσιός
818 1105 848 1124 τε

72 1146 114 1173 καὶ
123 1144 268 1180 πολυτελὴς
281 1144 331 1180 τῆς
348 1144 453 1178 φύσεως
472 1143 548 1178 ήμῶν
567 1143 700 1178 ἑστιάτωρ
714 1143 849 1175 παντοίοις

73 1191 173 1218 κάλλεσι
185 1190 398 1224 κατακοσμήσεις
410 1189 458 1224 τὴν
472 1189 586 1223 οἴκησιν,
598 1189 645 1214 καὶ
665 1187 713 1223 τὴν
728 1188 848 1223 μεγάλην

72 1237 165 1272 ταύτην
190 1236 238 1263 καὶ
262 1235 418 1269 παντοδαπῆ
443 1233 601 1260 πανδαισίαν
627 1234 846 1269 ἑτοιμασάμενος,

73 1282 150 1313 οὕτως
163 1281 269 1315 εἰσάγει
281 1280 325 1307 τὸν
340 1279 491 1314 ἄνθρωπον,
511 1278 588 1314 ἔργον
599 1279 672 1314 αὐτῷ
685 1279 747 1310 δοὺς
759 1279 788 1305 οὐ
800 1278 849 1314 τὴν

73 1327 159 1362 κτῆσιν
177 1327 231 1353 τῶν
246 1326 283 1361 μὴ
298 1326 461 1360 προσόντων,
476 1324 544 1351 ἀλλὰ
564 1324 613 1360 τὴν
629 1324 776 1351 ἀπόλαυσιν
795 1324 848 1350 τῶν

73 1374 214 1408 παρόντων.
243 1372 300 1399 Καὶ
320 1371 364 1398 διὰ
389 1371 465 1397 τοῦτο
489 1370 584 1402 διπλᾶς
603 1369 677 1405 αὐτῷ
700 1370 749 1405 τῆς
770 1379 850 1396 κατα-

74 1418 164 1452 σκευῆς
175 1417 224 1448 τὰς
234 1416 362 1452 ἀφορμὰς
372 1415 577 1447 καταϐάλλεται,
589 1415 627 1450 τῷ
637 1415 723 1451 γητνῳ
737 1415 767 1442 τὸ
779 1416 849 1442 Θεῖον

73 1462 263 1498 ἐγκαταμίξας·
289 1462 333 1488 ἵνα
355 1461 390 1487 δι’
409 1461 569 1495 ἀμφοτέρων
597 1460 732 1495 συγγενῶς
752 1469 781 1487 τε
803 1462 850 1488 καὶ

73 1511 170 1541 οἰκείως
191 1509 261 1545 πρὸς
278 1508 410 1544 ἑκατέραν
429 1507 574 1533 ἀπόλαυσιν
590 1507 638 1543 ἔχῃ
656 1506 702 1533 τοῦ
718 1507 784 1533 Θεοῦ
799 1508 848 1542 μὲν

73 1556 111 1582 διὰ
119 1556 164 1591 τῆς
176 1554 313 1589 θειοτέρας
325 1553 440 1588 φύσεως,
454 1552 507 1579 τῶν
521 1552 549 1579 δὲ
568 1552 638 1579 κατά
653 1553 702 1588 τὴν
715 1554 765 1588 γῆν
779 1553 847 1587 ἀγα-

74 1601 120 1628 υῶν
132 1601 173 1628 διά
183 1600 232 1636 τῆς
244 1598 390 1635 ὁμογενοῦς
404 1597 553 1633 αἰσθήσεως
567 1598 720 1625 ἀπολαύων.

902 195 928 216 et
942 190 1075 224 germina,
1091 192 1147 214 tum
1164 191 1260 214 caetera
1276 193 1371 217 sensu,
1384 186 1438 212 vita
1458 191 1484 212 et
1502 186 1592 213 animo
1611 193 1679 221 pra:-

898 235 963 261 dita.
974 234 1050 266 Quod
1063 234 1085 261 si
1097 233 1178 260 etiam
1194 240 1238 259 res
1250 232 1308 259 alia:
1320 232 1390 259 inter
1404 231 1451 258 has
1464 239 1529 266 opes
1541 231 1678 259 recenseri

899 285 1048 310 merentur.
1067 287 1135 314 quas
1156 278 1191 305 ob
1219 277 1380 312 elegantiam
1411 277 1557 311 quamdam
1588 278 1678 313 magni

898 326 977 360 pretii
989 334 1050 353 esse
1062 325 1202 352 hominum
1213 323 1283 350 oculi
1294 323 1433 358 judicant:
1444 322 1517 350 verbi
1527 323 1623 357 gratia.
1631 331 1680 350 au-

897 380 969 403 rum,
997 375 1151 406 argentum,
1168 369 1264 404 lapilli,
1283 368 1496 403 quoshomines
1512 376 1599 403 usque
1613 369 1681 397 adeo

897 420 1027 451 expetunt
1040 427 1046 444 :
1059 417 1155 443 horum
1173 415 1254 442 etiam
1272 416 1298 441 in
1318 418 1398 440 terra:
1413 414 1490 441 sinus
1506 414 1618 442 intimos
1635 422 1682 441 co-

898 463 980 496 piam.
996 462 1071 489 velut
1087 462 1114 488 in
1135 461 1279 488 thesauros
1294 460 1383 494 regios
1400 459 1513 486 abdidit.
1533 459 1570 486 Ita
1582 459 1681 487 deinde

898 508 1036 534 hominem
1063 506 1217 541 designavit
1244 505 1341 532 horum
1367 504 1462 531 mundi
1486 504 1680 532 miraculorum

899 553 996 588 partim
1009 557 1200 587 spectatorem,
1213 551 1313 586 partim
1326 550 1530 585 dominum,qui
1540 550 1573 577 de
1583 550 1680 577 horum

901 599 1030 626 fruitione
1055 598 1218 632 sapientiam
1244 597 1314 631 ejus,
1333 596 1379 631 qui
1397 596 1454 624 hac
1474 597 1681 624 subministras-

898 648 949 674 set,
972 649 1151 678 agnosceret:
1168 643 1201 670 de
1217 642 1422 676 pulchritudine
1435 649 1499 669 vero
1514 642 1681 677 magnitudi-

899 698 986 724 neque
1001 690 1169 721 earumdem,
1185 689 1319 716 creatoris
1335 693 1494 724 potestatem
1507 689 1682 723 investigaret

899 736 1045 770 illam,qua*
1055 743 1143 770 neque
1152 735 1345 769 comprehendi
1358 736 1567 769 ratione,neque
1580 735 1680 769 exponi

898 781 1051 808 enarrando
1060 786 1156 815 potest.
1167 780 1212 807 lla-
1225 781 1307 816 igitur
1317 789 1407 809 causae
1418 785 1493 812 sunt,
1504 780 1680 815 quamobrem

899 831 959 860 post
984 831 1075 853 creata
1093 830 1190 853 cietera
1217 827 1345 854 conditus
1370 827 1452 854 homo
1466 827 1510 854 sit.
1530 826 1588 854 Non
1608 827 1680 854 enim

898 871 1047 905 putandum
1063 875 1114 903 est,
1127 870 1230 898 idcirco
1246 871 1279 898 ad
1295 875 1417 898 extrema
1437 872 1569 906 rejectum
1585 871 1680 903 fuisse,

898 917 970 953 quod
987 917 1048 943 vilis
1063 920 1145 946 esset.
1163 916 1210 943 sed
1227 917 1298 950 quod
1316 925 1377 944 eum
1393 917 1485 943 statim
1505 916 1539 943 ab
1554 922 1615 944 ortu
1631 924 1682 944 suo

898 961 1065 996 reliquorum
1081 962 1203 988 omnium
1223 965 1353 996 tanquam
1379 962 1563 995 subditorum,
1590 970 1680 997 regem

897 1014 960 1034 esse
985 1007 1141 1041 oportebat.
1176 1007 1265 1041 Atque
1297 1012 1326 1033 ut
1350 1007 1476 1042 egregius
1502 1009 1680 1039 convivator,

898 1056 1043 1086 antequam
1058 1052 1112 1078 cibi
1130 1052 1217 1086 parati
1234 1053 1299 1083 sint,
1315 1053 1457 1080 convivam
1474 1054 1583 1081 domum
1601 1062 1678 1081 suam

899 1104 953 1124 non
987 1097 1116 1129 deducit;
1154 1097 1200 1124 sed
1231 1098 1360 1125 omnibus
1393 1099 1510 1133 primum
1545 1099 1682 1133 eleganter

899 1143 1051 1174 instructis,
1078 1144 1200 1176 aedibus,
1229 1144 1390 1175 caenaculo,
1421 1151 1515 1171 mensa
1541 1144 1683 1180 splendide

898 1189 1049 1220 exornatis,
1077 1189 1159 1217 rebus
1181 1189 1300 1224 denique
1317 1189 1349 1216 ad
1388 1190 1489 1217 victum
1516 1191 1683 1218 necessariis

898 1235 1025 1262 omnibus
1033 1235 1211 1269 comparatis,
1223 1239 1280 1262 tum
1294 1234 1391 1262 deinde
1404 1236 1546 1263 convivam
1558 1236 1660 1270 excipit
1673 1245 1681 1263 :

899 1280 936 1307 ita
973 1281 1120 1315 opulentus
1156 1280 1217 1312 ille,
1255 1285 1490 1316 sumptuosusque
1523 1281 1684 1308 convivator

900 1329 1006 1357 noster,
1023 1325 1105 1352 domo
1121 1325 1197 1360 prius
1216 1325 1301 1352 variis
1320 1326 1403 1353 rebus
1419 1326 1559 1361 eleganter
1575 1331 1682 1356 ornata.

898 1371 1034 1405 epuloque
1059 1378 1158 1405 magno
1186 1371 1332 1402 instructo,
1361 1371 1433 1406 quod
1457 1371 1547 1398 omnis
1574 1371 1683 1406 generis

898 1416 1012 1443 delicias
1027 1415 1150 1448 haberet,
1166 1420 1223 1442 tum
1240 1416 1348 1443 demum
1365 1417 1502 1444 hominem
1522 1417 1681 1449 introducit,

899 1462 979 1495 cuius
994 1466 1067 1489 esset
1079 1469 1158 1496 opus,
1176 1469 1230 1488 non
1249 1469 1280 1488 ea
1294 1469 1355 1496 qua:
1374 1462 1500 1490 abessent
1515 1470 1622 1497 parare,
1634 1462 1682 1490 sed

900 1506 999 1534 oblatis
1013 1506 1077 1533 frui.
1088 1507 1235 1541 I’r0pterea
1247 1506 1354 1535 duabus
1365 1512 1395 1534 ut
1405 1508 1486 1536 rebus
1494 1507 1613 1535 hominis
1623 1508 1683 1542 opi-

900 1553 990 1580 ﬁcium
1000 1557 1148 1584 constaret,
1157 1553 1230 1585 fecit,
1241 1554 1392 1581 commistis
1400 1554 1528 1581 nimirum
1539 1553 1640 1581 divinis
1651 1561 1683 1580 ac

899 1598 1063 1629 terrenis.ut
1072 1598 1122 1633 ipsi
1132 1604 1187 1626 tam
1195 1598 1241 1626 Dei
1251 1607 1331 1634 quam
1339 1600 1509 1627 terrestrium
1521 1607 1611 1627 rerum
1621 1599 1684 1626 l’rui—

899 1644 1000 1671 tionem
1015 1648 1118 1671 natum
1135 1652 1191 1672 sua:
1205 1649 1416 1672 consentaneam
1432 1653 1463 1672 ac
1476 1646 1612 1681 propriam
1627 1649 1685 1672 ξιιμ

75 1694 153 1717 lueret
162 1700 169 1718 :
177 1689 288 1725 Deoquc
297 1696 344 1724 per
352 1691 475 1715 naturam
485 1687 645 1715 diviniorem
651 1708 658 1720 ,
665 1687 743 1716 bonis
749 1692 838 1717 autem
848 1692 963 1719 terrenis
970 1699 1018 1727 per
1024 1692 1194 1727 senSum,qui
1204 1692 1325 1727 ejusdem
1336 1697 1408 1720 esset
1417 1694 1682 1727 generis,frueretur.

329 1775 525 1804 ΚΕΦΑΛΑΙΟΝ
547 1775 584 1802 I".
862 1748 884 1776 c

75 1844 132 1873 Ὅτι
152 1844 304 1880 τιμιωτέρα
328 1843 430 1880 πάσης
453 1842 509 1880 τῆς
525 1842 705 1880 φαιγομένης
723 1843 848 1876 κτίσεως

264 1877 284 1913 ἢ
300 1878 353 1905 τοῦ
378 1878 532 1912 ἀνθρώπου
548 1877 650 1911 φύσις.

108 1937 192 1970 Ἄξιον
205 1936 234 1963 δὲ
250 1935 318 1971 μηδὲ
332 1935 408 1961 τοῦτο
422 1934 544 1970 παριδεῖν
566 1934 728 1970 ἀθεώρητον,
746 1935 785 1961 ὅτι
801 1935 848 1961 τοῦ

75 1982 221 2017 τηλικούτου
242 1982 344 2016 κόσμου
368 1982 414 2008 καὶ
429 1981 483 2007 τῶν
499 1981 557 2007 κατ’
576 1981 656 2007 αὐτὸν
675 1981 764 2016 μερῶν
779 1990 849 2008 στοι-

76 2028 183 2062 χειωδῶς
197 2028 265 2063 πρὸς
280 2028 329 2062 τὴν
350 2027 397 2053 τοῦ
420 2027 518 2058 παντὸς
542 2027 669 2053 σύστασιν
686 2027 850 2062 ὑποϐληθέν-

75 2080 132 2102 των,
146 2071 368 2107 ἁποσχεδιάζεταί
392 2080 449 2103 πως
473 2073 489 2107 ἡ
514 2073 600 2103 κτίσις
623 2071 675 2098 ὑπὸ
698 2073 746 2107 τῆς
775 2072 850 2104 θείας

76 2116 205 2152 δυνάμεως
225 2116 293 2152 ὁμοῦ
319 2117 357 2151 τῷ
377 2117 564 2152 προστάγματι
587 2117 766 2153 ὑφισταμένη.
795 2118 849 2153 Τῆς

76 2162 101 2188 δὲ
117 2163 159 2189 τοῦ
176 2162 319 2198 ἀνθρώπου
334 2163 502 2197 κατασκευῆς
520 2163 599 2198 βουλὴ
621 2165 790 2199 προηγεῖται,
803 2164 850 2191 καὶ

77 2207 252 2240 προτσποῦται
275 2206 349 2241 παρὰ
369 2205 414 2232 τοῦ
439 2206 632 2242 τεχνιτεύοντος
663 2208 707 2234 διὰ
730 2209 778 2243 τῆς
803 2209 849 2235 τοῦ

76 2251 146 2285 λόγου
164 2253 272 2288 γραφῆς
289 2253 320 2279 τὸ
340 2253 476 2288 ἐσόμενον,
493 2255 540 2281 καὶ
557 2252 612 2280 οἷον
624 2252 692 2282 εἶναι
707 2257 849 2291 προσήκει,

76 2297 117 2323 καὶ
132 2298 196 2332 πρὸς
210 2299 287 2324 ποῖον
303 2298 453 2332 ἀρχέτυπον
471 2298 519 2334 τὴν
533 2299 676 2334 ὁμοιότητα
690 2300 791 2334 φέρειν,
805 2301 851 2326 καὶ

77 2342 117 2368 ἐπὶ
131 2343 181 2369 τίνι
195 2344 348 2378 γενήσεται,
363 2343 409 2370 καὶ
429 2343 454 2370 τί
477 2345 615 2379 ἐνεργήσει
632 2345 774 2380 γενόμενον
804 2346 852 2373 καὶ

76 2387 147 2414 τίνων
161 2388 350 2424 ἡγεμονεύσει·
366 2389 453 2416 πάντα
472 2390 709 2424 προδιασκοπεῖται
729 2389 743 2414 ὁ
762 2390 848 2423 λόγος,

77 2432 110 2464 ὡς
122 2434 303 2469 πρεσῆυτέραν
323 2433 403 2460 αὐτὸν
417 2434 465 2469 τῆς
486 2434 616 2468 γενέσεως
642 2433 691 2469 τὴν
706 2434 783 2466 ἀξίαν
801 2434 847 2461 λιι-
861 2434 886 2464 1)

77 2479 137 2511 χείν,
153 2480 216 2514 πρὶν
229 2479 373 2514 παρελθεῖν
385 2479 425 2510 είς
436 2479 466 2505 τὸ
481 2477 550 2505 εἶναι
568 2479 617 2514 τὴν
628 2479 679 2505 τῶν
693 2479 775 2505 ὅντων
788 2480 851 2514 ἡγε-

80 2524 162 2556 μονίαν
168 2523 349 2558 κτησάμενον.
359 2523 456 2551 «Εἶπεν
471 2524 534 2560 γὰρ,
542 2525 634 2560 φησὶν,
644 2534 652 2550 ι
665 2525 759 2558 ὁΘεὸς,
768 2525 850 2560 Ποιή-

79 2576 158 2603 σωμεν
169 2570 310 2604 ἄνθρωπον
320 2571 379 2595 κατ’
390 2570 480 2597 εἰκόνα
491 2570 636 2605 ἡμετέραν,
653 2571 698 2596 καὶ
712 2570 849 2604 ὁμοίωσιν,

77 2613 118 2639 καὶ
126 2615 279 2649 ἀρχέτωσαν
289 2615 343 2641 τῶν
354 2615 450 2649 ἰχθύων
460 2615 507 2650 τῆς
521 2615 665 2650 θαλάσσης,
682 2616 727 2642 καὶ
741 2616 794 2642 τῶν
805 2616 851 2651 οη-

79 2658 134 2692 ρίων
147 2661 192 2695 τῆς
202 2660 264 2695 γῆς,
277 2661 324 2686 καὶ
336 2660 388 2686 τῶν
401 2660 529 2686 πετεινῶν
539 2661 584 2687 τοῦ
601 2660 725 2696 οὐρανοῦ,
735 2661 784 2688 καὶ
797 2661 850 2688 τῶν

79 2704 181 2738 κτηνῶν,
195 2707 241 2732 καὶ
253 2706 343 2740 πάσης
355 2705 403 2739 τῆς
413 2706 472 2740 γῆς.
487 2716 495 2731 ι
507 2706 538 2732 Ὢ
553 2706 598 2732 τοῦ
610 2706 761 2741 θαύματοςί
775 2707 850 2742 ἥλιος

79 2750 307 2783 κατασκευάζεται,
317 2751 363 2777 καὶ
375 2751 483 2786 οὐδεμία
496 2753 653 2787 προηγεῖται
666 2752 761 2787 βουλή·
773 2753 850 2788 οὐρα-

81 2794 116 2827 *ὲς
124 2795 257 2831 ὡσαύτως,
266 2793 304 2826 ὧν
314 2796 388 2823 οὐδέν
394 2805 419 2823 τι
428 2797 481 2824 τῶν
489 2797 557 2824 κατά
564 2798 610 2833 τὴν
621 2798 706 2825 κτίσιν
716 2798 771 2824 ἴσον
780 2798 847 2832 ἐστὶ,

1204 1780 1318 1808 CAPUT
1339 1780 1383 1808 Ill.

952 1846 1073 1873 [laminis
1087 1851 1210 1873 naturam
1228 1848 1298 1873 οηιηί
1315 1854 1401 1874 crearo
1416 1848 1484 1881 quod
1501 1851 1630 1877 cernimus

1143 1888 1356 1916 pra’stamtorem
1374 1892 1438 1910 esse.

933 1936 1002 1963 Illud
1027 1938 1108 1964 etiam
1133 1939 1351 1965 consideratione
1371 1942 1463 1965 nostra
1486 1939 1598 1975 dignum
1623 1945 1683 1973 est,

899 1981 971 2015 quod
989 1989 1050 2007 cum
1069 1983 1187 2008 mundus
1202 1982 1246 2008 hic
1268 1983 1329 2009 talis
1353 1990 1385 2010 ac
1408 1988 1514 2015 tantus,
1536 1992 1683 2019 omnesque

899 2026 958 2061 ejus
974 2031 1064 2061 partes
1079 2027 1110 2054 ad
1136 2027 1288 2054 machinam
1307 2028 1493 2056 universitatis
1508 2037 1598 2056 rerum
1615 2038 1683 2057 «σου⁴

899 2073 1064 2100 stituendam
1080 2074 1176 2100 ordine
1191 2079 1328 2108 congesta:
1342 2079 1434 2102 essent
1447 2096 1454 2107 ,
1479 2076 1569 2109 nullo,
1594 2080 1623 2103 ut
1646 2077 1683 2104 ita

899 2119 986 2145 dicam
999 2138 1007 2151 ,
1024 2119 1131 2153 negotio
1143 2123 1240 2146 natura
1257 2127 1348 2146 rerum
1370 2128 1385 2147 a
1406 2120 1462 2147 Deo
1476 2126 1567 2148 creata
1590 2122 1642 2153 sit,
1657 2127 1684 2150 et

900 2165 1032 2192 continuo
1048 2165 1080 2192 ad
1100 2165 1221 2200 ejusdem
1241 2171 1335 2192 nutum
1352 2167 1495 2194 exstiterit.
1516 2168 1549 2194 At
1566 2168 1684 2197 hominis

899 2211 1108 2238 fabricationem
1122 2211 1282 2238 deliberatio
1296 2213 1440 2246 praecedit,
1455 2217 1482 2240 et
1498 2213 1580 2240 futuri
1594 2215 1684 2249 operis

900 2260 935 2284 ab
948 2258 1052 2284 artiﬁce
1069 2258 1154 2285 forma
1171 2259 1305 2286 orationis
1319 2260 1424 2294 pictura
1438 2259 1601 2289 delineatur.
1614 2260 1684 2294 Qua-

899 2302 952 2329 lem
977 2302 1105 2329 videlicet
1129 2303 1267 2331 hominem
1290 2312 1351 2332 esse
1375 2310 1516 2340 oporteat.
1540 2307 1685 2342 qualisque

900 2348 1062 2383 exemplaris
1084 2349 1228 2384 imaginem
1253 2351 1371 2382 referre,
1388 2353 1564 2386 quamobrem
1586 2360 1684 2380 crean-

900 2395 968 2426 dns,
993 2398 1019 2422 et
1038 2396 1123 2422 creati
1145 2404 1204 2430 quae
1225 2396 1323 2425 futura:
1344 2398 1400 2425 sint
1421 2399 1560 2431 actiones,
1583 2399 1684 2434 quibus

898 2447 959 2466 cum
972 2439 1087 2474 imperio
1101 2440 1136 2467 sit
1151 2442 1315 2476 praefuturus
1330 2453 1336 2470 :
1353 2443 1386 2471 de
1402 2444 1444 2472 his
1461 2444 1543 2479 igitur
1555 2445 1684 2473 omnibus

898 2484 1053 2520 dispicitur,
1082 2491 1112 2513 ut
1139 2488 1323 2522 praestantiam
1354 2489 1435 2515 homo
1466 2489 1684 2525 dignitatemque

898 2538 975 2558 suam
992 2533 1144 2565 obtineret,
1161 2538 1188 2561 et
1203 2534 1278 2567 prius
1293 2535 1373 2561 etiam
1387 2544 1476 2563 rerum
1493 2537 1681 2564 universartun

897 2575 1078 2610 principatum
1094 2584 1318 2612 consequeretur.
1337 2588 1419 2614 quam
1437 2586 1514 2608 ortus
1535 2585 1618 2608 esset.
1641 2581 1682 2608 ld-

897 2622 971 2648 circo
992 2621 1080 2650 Moses
1100 2623 1156 2655 ait,
1182 2623 1264 2651 Deum
1293 2625 1344 2652 hoc
1372 2627 1490 2661 quodam
1510 2627 1590 2653 modo
1607 2627 1682 2653 locn-

903 2671 959 2693 tutn
975 2674 1055 2695 esse:
1071 2677 1080 2693 ι
1096 2668 1242 2697 Faciamus
1259 2671 1396 2699 hominem
1411 2672 1445 2698 ad
1465 2672 1609 2705 imaginem
1630 2679 1681 2698 no-

903 2712 951 2738 stri
977 2719 1009 2739 ac
1034 2713 1256 2747 similitudinem,
1280 2721 1395 2751 estoqtte
1419 2715 1576 2743 hominibus
1597 2717 1682 2751 impe-

902 2757 972 2784 rium
996 2758 1023 2785 in
1039 2759 1123 2787 maris
1138 2760 1244 2794 pisces,
1261 2767 1318 2787 tum
1334 2766 1413 2789 terra:
1427 2762 1540 2793 belluas,
1556 2761 1683 2795 aerisque

901 2803 1042 2838 volucres,
1059 2804 1086 2832 in
1104 2805 1242 2840 jumenta,
1262 2807 1288 2834 in
1309 2812 1408 2835 terram
1431 2807 1549 2842 denique
1573 2808 1682 2834 univer-
