1919 3069
110 131 156 161 115

105 190 203 224 inquit,
229 198 237 214 ι
252 193 294 216 est
311 189 424 218 claritas
437 190 516 222 solis,
533 190 584 217 alia
601 191 712 219 claritas
736 193 817 223 lunae.
831 193 883 219 alia
899 196 921 223 Α

107 235 218 262 claritas
244 235 386 262 stellarum
403 245 410 262 :
428 235 508 263 stella
528 236 601 263 enim
622 236 713 264 dili‘ert
730 245 745 264 a
764 237 841 265 stella
858 239 886 264 in

106 281 231 308 claritate
253 281 292 315 ⁵⁴;
317 291 327 307 ι
351 282 445 316 itaque
468 283 553 310 multa
583 282 653 310 lucis
683 283 795 310 omnino
823 287 887 310 sunt

105 326 276 353 discrimina.
292 326 324 354 Et
340 335 495 362 quanquam
507 328 610 360 omnia,
624 336 683 363 qum
695 328 797 356 Paulus
815 336 885 355 enu-

106 371 231 404 meravit,
244 371 398 399 illustrandi
408 373 462 400 vim
479 373 589 406 habent,
601 377 628 401 et
650 381 699 401 sua
712 373 885 408 unumquod—

104 425 159 451 que
191 421 327 452 potestate
357 418 536 454 claritateque
570 419 826 454 comprehenditur,
856 425 886 448 ut

106 468 205 490 cuncta
231 465 368 492 communi
395 465 505 493 nomine
527 465 573 492 lux
598 473 653 492 una
681 470 756 493 recte
779 466 886 501 possint

105 509 248 544 appellari,
271 514 353 537 certa:
375 514 466 538 tamen
491 510 518 537 in
539 510 582 537 his
600 511 792 546 distinctwque
808 511 885 539 ditl'e-

105 554 200 580 rentiaa
222 558 392 588 spectantur.
410 554 475 587 Quae
491 562 554 582 cum
567 555 604 582 ita
619 564 648 583 se
663 557 788 587 habeant.
804 565 854 584 nos
869 565 885 584 a

107 606 171 626 vero
182 599 293 626 minime
308 607 467 627 recessuros
481 600 616 632 existimo,
633 601 654 628 si
674 601 835 634 dixerimus,
848 602 884 629 ita

105 644 206 671 Mosem
233 645 402 673 intellexisse
431 654 438 672 :
472 646 553 673 initio
581 647 690 681 quidem
715 644 800 674 totam
829 648 883 674 vim

105 688 262 717 illustrandi
288 690 315 717 in
337 698 421 718 unum
441 695 632 726 congregatam
654 692 740 720 fuisse
757 700 884 724 :verum,

105 741 167 760 cum
194 735 286 762 multae
308 740 400 763 essent
424 736 450 763 in
484 737 636 764 subtilitate
658 737 882 772 mobilitateque,

104 784 237 814 quantum
270 779 303 807 ad
328 781 458 815 majorem
483 782 672 817 mitioremque
697 784 882 817 praestantiam

106 824 233 858 pertinet,
254 824 280 851 in
295 825 480 853 universitatis
501 832 598 853 natura
617 826 787 860 diﬂerentize,
801 828 883 854 trium

105 869 209 897 dierum
226 871 343 905 spatium
362 871 448 899 fuisse
462 874 530 900 satis
548 873 581 899 ad
599 881 658 900 eam
678 881 740 900 vera
757 878 883 909 certaque
899 875 919 902 Β

104 915 211 943 ratione
227 916 456 951 distinguendam,
481 922 520 950 ut,
542 918 615 953 quod
636 920 663 945 in
688 924 786 946 natura
806 920 884 955 ignea

104 959 222 988 maxime
243 964 301 987 erat
323 961 432 994 subtile,
454 970 487 990 ac
503 963 570 996 leve,
596 967 623 990 et
648 972 716 999 pure
733 972 748 991 a
772 965 884 993 materia

104 1010 249 1037 remotum,
265 1015 402 1035 summum
423 1015 524 1043 rerum,
549 1017 610 1045 qua:
630 1011 682 1038 sub
706 1018 816 1038 sensum
836 1019 883 1038 C3-

103 1049 183 1081 dunt,
200 1049 339 1085 fastigium
357 1051 492 1079 obtineret
507 1061 514 1078 :
528 1051 578 1079 hoc
592 1060 656 1080 vero
670 1053 846 1089 intelligibilis
857 1057 884 1082 et

104 1093 266 1128 incorporea
281 1097 378 1122 natura
400 1095 537 1122 admittit:
552 1097 625 1130 quod
648 1101 738 1124 autem
758 1098 882 1131 inertius,

104 1145 137 1165 ac
148 1138 271 1174 segnius,
287 1140 358 1166 intra
374 1140 525 1167 subtilioris
539 1140 704 1176 leviorisque
715 1142 882 1176 complexum

103 1184 285 1217 consisteret;
308 1188 335 1212 et
353 1185 404 1212 hoc
422 1192 531 1212 rursum
551 1193 584 1213 ex
604 1186 692 1213 insitze
710 1187 883 1222 proprietatis

103 1229 256 1257 diﬂ'erentia
271 1230 299 1257 in
320 1235 422 1265 septem
440 1231 508 1259 lucis
524 1236 615 1266 partes
632 1232 810 1266 divideretur,
826 1241 884 1260 om-

102 1281 152 1301 nes
173 1275 244 1302 inter
264 1283 294 1302 se
315 1276 419 1304 similes
466 1281 547 1312 atque
572 1282 719 1312 cognatas,
746 1279 884 1313 sejunctas

102 1327 194 1350 autem
210 1331 225 1350 a
240 1324 332 1357 rebus,
342 1332 402 1359 quae
410 1325 509 1352 diversi
520 1325 628 1361 generis
640 1325 737 1353 forent.
749 1325 884 1354 Omnibus

101 1375 166 1402 ergo
182 1368 332 1402 particulis,
349 1377 409 1404 quas
424 1370 450 1396 in
468 1370 534 1397 solis
559 1370 740 1398 illustrautem
757 1375 883 1398 naturam

102 1412 234 1447 conjecta:
258 1418 343 1446 sunt,
364 1415 593 1443 concurrentibus
608 1435 615 1447 ,
646 1423 730 1442 unum
754 1416 883 1451 quiddam

102 1466 230 1494 magnum
244 1459 367 1488 effectum
387 1465 439 1489 est.
457 1461 534 1494 Quod
553 1461 646 1489 itidem
662 1462 751 1489 evenit
763 1463 789 1489 in
809 1462 882 1494 luna,

101 1506 262 1539 ueterisque
269 1510 325 1532 tum
334 1506 488 1534 errantibus
497 1510 553 1533 tum
561 1514 615 1533 non
623 1507 777 1534 errantibus
785 1507 881 1539 stellis,

101 1553 132 1576 ut
144 1549 272 1577 similium
285 1551 418 1586 cujusque
432 1551 627 1586 particularum
636 1559 788 1579 concursus
800 1560 880 1579 unam
895 1545 917 1576 C

101 1593 221 1628 aliquam
236 1601 330 1622 earum
344 1595 476 1629 ediceret;
491 1599 572 1631 atque
586 1597 624 1625 ita
640 1604 735 1624 omnes
751 1596 883 1625 confectre

101 1643 176 1666 sunt.
199 1639 350 1668 Contentus
371 1646 460 1669 autem
472 1642 571 1675 Moses,
585 1650 617 1670 ex
631 1643 663 1670 iis
677 1643 811 1671 luminare
822 1649 882 1670 tan-

101 1688 158 1711 tum
172 1685 261 1719 majus
275 1690 302 1713 et
322 1686 455 1714 luminare
472 1688 563 1716 minus
588 1689 754 1720 nominasse,
769 1694 882 1716 caeteras

99 1737 195 1758 omnes
212 1731 353 1773 communi
380 1732 489 1760 nomine
510 1733 603 1761 stellas
628 1734 782 1768 appellavit.
803 1734 881 1767 Quod

105 1779 196 1804 autem
211 1776 341 1812 fatigetur
356 1786 433 1806 mens
447 1783 550 1812 nostra,
561 1784 588 1806 et
600 1781 718 1814 pondere
728 1788 778 1807 suo
787 1789 881 1815 pressa

104 1830 160 1849 non
178 1823 264 1857 possit
287 1823 385 1851 divinae
409 1825 548 1859 sapientiae
562 1825 744 1853 subtilitatem
761 1827 880 1861 assequi,

99 1875 180 1895 nemo
202 1868 368 1900 admiretur,
397 1870 445 1897 sed
473 1874 576 1897 naturae
597 1874 697 1897 nostrae
722 1872 880 1898 tenuitatem

98 1917 234 1948 excuset;
258 1922 319 1941 cum
338 1922 391 1950 qua
411 1915 542 1949 praeclare
563 1917 662 1951 agitur,
687 1923 741 1943 non
762 1916 784 1943 si
806 1917 881 1943 nulla

98 1961 126 1986 in
143 1964 169 1987 te
194 1960 375 1994 aberraverit,
399 1962 448 1990 sed
470 1963 494 1990 si
516 1963 558 1990 vel
583 1970 664 1990 unam
685 1963 816 1998 consequi
833 1971 882 1998 po-

99 2006 192 2033 tuerit.
214 2005 278 2034 Hzee
302 2011 392 2035 autem
409 2007 481 2041 dico,
500 2008 565 2036 illuc
580 2008 741 2043 respiciens,
761 2017 821 2043 qua:
846 2009 881 2036 sit

99 2051 168 2078 ratio
192 2051 275 2086 hujus
286 2053 369 2079 trium
395 2053 502 2081 dierum
521 2054 612 2088 spatii,
630 2054 703 2089 quod
719 2054 786 2081 satis
799 2054 881 2081 fuerit

97 2096 131 2122 ad
157 2104 189 2124 ea
213 2097 419 2133 distinguenda,
436 2107 496 2134 qum
513 2100 573 2127 luce
596 2099 707 2134 praedita
736 2104 810 2127 sunt.
832 2099 880 2127 Est

97 2141 169 2168 enim
185 2143 276 2177 aliqua
300 2143 429 2172 nimirum
450 2145 535 2178 ratio,
557 2145 620 2173 licet
639 2146 813 2180 praestantior
832 2146 878 2178 sit,

98 2194 178 2220 quam
198 2191 228 2214 ut
243 2195 302 2215 eam
318 2197 369 2217 nos
381 2190 533 2224 intelligere
546 2191 694 2223 valeamus,
711 2199 763 2226 qua
774 2197 879 2226 tempo-

98 2231 137 2258 ris
163 2233 244 2267 hujus
268 2241 397 2261 mensura
412 2236 493 2263 rebus
509 2236 608 2263 lucidis
619 2237 797 2272 disponendis
811 2246 878 2273 prae-

98 2278 199 2310 scripta
214 2283 266 2311 est,
291 2279 414 2308 adhibito
435 2283 568 2316 temporis
584 2283 664 2309 modo
687 2288 713 2310 et
728 2285 878 2318 quantitate

99 2324 217 2351 actionis
233 2325 304 2359 ignis
316 2325 343 2352 in
355 2330 440 2358 motu,
457 2327 584 2362 factaque
598 2329 666 2357 lucis
682 2329 817 2357 divisione
829 2339 877 2365 pro

98 2376 193 2396 earum
208 2375 322 2402 natura,
342 2371 410 2399 adeo
432 2376 478 2405 ut,
494 2381 556 2400 cum
577 2374 632 2401 sint
649 2374 676 2401 in
694 2376 734 2402 eis
750 2375 876 2403 innume-

99 2414 198 2442 rabiles
217 2415 385 2448 differentiae,
405 2417 433 2444 in
459 2426 509 2445 suo
531 2423 620 2446 tamen
644 2421 758 2455 singulm
782 2421 835 2448 situ
863 2429 878 2448 a

99 2460 217 2486 naturali
239 2462 405 2496 proprietate
427 2464 566 2492 collocatze
588 2466 653 2497 sint,
676 2474 730 2500 quo
748 2467 877 2494 nimirum

99 2509 203 2532 naturae
224 2506 265 2534 vis
291 2507 371 2534 insita
393 2508 514 2544 singulas
536 2510 622 2536 duxit.
651 2510 706 2538 Nec
734 2512 787 2538 ulla
812 2520 877 2539 con-

99 2555 193 2578 secuta
216 2552 340 2580 confusio
363 2558 414 2586 est,
438 2559 485 2582 aut
497 2557 675 2590 perturbatio,
695 2561 805 2592 propter
831 2565 877 2584 or-

99 2595 189 2623 dinem
213 2605 228 2623 a
252 2597 344 2625 divina
370 2599 503 2634 sapientia
531 2609 579 2636 pro
602 2602 721 2628 naturali
745 2602 878 2636 cujusque

101 2642 263 2675 proprietate
284 2644 398 2679 singulis
424 2645 588 2679 adhibitum,
622 2647 828 2680 immutabilem,
849 2651 879 2673 ut

100 2686 267 2720 superiorem
286 2690 424 2724 regionem
442 2691 561 2719 circulus
585 2692 732 2727 obliquus,
764 2701 811 2720 seu
842 2693 879 2718 si-

99 2731 186 2766 gnifer
209 2740 366 2769 occuparet.
393 2737 422 2764 iu
446 2737 498 2764 hoc
530 2742 621 2765 autem
653 2743 755 2765 certam
781 2745 878 2765 unum-

894 2211 916 2239 D

133 2812 155 2829 ³⁸
173 2812 254 2840 ICor.
271 2822 296 2846 ν,
317 2815 359 2841 61.

717 132 743 161 S.
766 132 928 161 GREGORII
947 131 1091 159 NYSSENI

1667 128 1720 157 “6

935 192 1015 226 φησιν
1032 192 1045 217 ό
1060 190 1232 222 Ἀπόστολος,
1262 197 1271 214 1
1286 188 1333 215 καὶ
1356 186 1420 222 ἄλλη
1444 186 1506 218 δόξα
1529 186 1650 221 σελήνης.
1673 187 1720 212 και

937 237 1002 272 ἄλλη
1029 235 1092 267 δόξα
1119 235 1255 270 ἀστέρων·
1280 232 1366 267 ἀστὴρ
1394 232 1448 266 γὰρ
1460 231 1573 264 ἀστέρος
1597 230 1719 265 διαφέρει

936 283 965 308 ὲν
977 281 1038 317 δόξῃ
1048 301 1054 313 ,
1074 291 1082 306 ι
1099 280 1137 312 ὡς
1150 280 1249 314 πολλῆς
1264 278 1372 309 πάντως
1380 277 1429 312 τῆς
1445 275 1515 302 κατὰ
1525 275 1555 302 τὸ
1566 275 1623 309 φῶς
1636 275 1720 310 οὔσης

935 327 1074 362 διαφορᾶς.
1098 326 1128 352 Εἰ
1139 325 1193 361 γὰρ
1207 325 1253 351 καὶ
1266 324 1355 350 πάντα
1369 322 1497 357 φωτίζειν
1508 321 1629 356 πέφυκεν
1644 322 1695 347 ὅσα
1705 322 1720 347 ὁ

935 373 1039 404 Παῦλος
1056 372 1275 407 ἀπηριθμήσατο,
1290 370 1336 397 καὶ
1345 370 1458 396 ἕκαστον
1470 369 1498 394 ὲν
1514 367 1649 403 ἰδιαζούσῃ
1664 368 1720 394 τινὶ

934 419 1046 454 δυνάμει
1058 419 1104 444 καὶ
1120 417 1182 452 δόξῃ
1197 415 1453 450 καταλαμϐάνεται·
1477 412 1568 445 καλῶς
1593 414 1626 440 ἂν
1650 413 1718 448 έχοι,

935 464 964 490 ἓν
982 464 1039 499 φῶς
1059 463 1092 490 τὰ
1105 463 1191 489 πάντα
1209 461 1281 488 κατὰ
1299 462 1343 487 τὸν
1358 460 1465 494 γενικδν
1481 459 1663 494 ὀνομάζεσθαι
1676 459 1719 485 λό-

935 518 992 544 γον,
1003 509 1153 544 ἀσύγχυτον
1168 508 1196 535 δὲ
1207 508 1253 534 καὶ
1266 506 1433 542 διῃρημένην
1443 505 1493 540 τὴν
1503 505 1531 531 ἐν
1543 505 1646 536 τούτοις
1659 505 1717 531 δια-

935 554 1021 590 φορὰν
1039 554 1160 589 θεωρεῖν.
1181 554 1211 580 Et
1229 552 1258 579 δὲ
1270 552 1355 578 ταῦτα
1366 550 1459 577 τοῦτον
1475 550 1530 585 ἔχει
1545 550 1590 576 τὸν
1606 550 1716 585 τρόπον,

934 600 983 626 οὐκ
995 600 1028 626 ἀν
1035 597 1111 634 οἶμαι
1119 599 1277 633 διαμαρτεῖν
1290 597 1338 632 τῆς
1349 595 1507 626 ἀκολουθίας
1516 595 1565 630 τὴν
1580 594 1717 630 ἡμετέραν

935 644 1078 679 ὑπόληψιν,
1084 643 1191 670 εἰτοῦτο
1199 642 1327 670 ὑπολάϐοι
1331 650 1380 677 μεν
1386 641 1542 675 νενοηκέναι
1551 641 1596 667 τὸν
1607 641 1714 667 Μωσέα·

934 691 974 717 ὅτι
988 689 1127 724 καταρχὰς
1134 689 1182 724 μὲν
1192 690 1265 716 πᾶσα
1273 690 1289 723 ὴ
1300 687 1449 722 φωτιστικὴ
1459 686 1572 721 δύναμις
1584 687 1650 722 πρὸς
1659 688 1718 713 ἑαυ-

933 735 982 770 τὴν
990 735 1162 770 ἀθροισθεῖσα
1175 734 1203 760 ἓν
1212 735 1318 768 ἐγένετο
1326 734 1394 768 φῶςν
1404 733 1464 760 ἐπεὶ
1470 733 1497 759 δὲ
1505 732 1588 767 πολλή
1598 741 1638 764 τις
1644 730 1676 767 ἦν
1688 734 1717 758 ἐν

933 780 972 815 τῷ
983 780 1071 815 λεπτῷ
1080 789 1110 806 τε
1123 780 1170 806 καὶ
1184 780 1317 815 εύκινὴτῳ
1332 780 1405 815 παρά
1422 781 1452 806 τὸ
1469 780 1567 815 μᾶλλον
1578 779 1624 805 καὶ
1636 777 1716 815 ἦττον

934 826 1074 861 ήδιαφορὰ
1099 826 1128 852 ὲν
1139 827 1171 860 τῇ
1183 825 1234 852 τῶν
1244 825 1311 852 ὅλων
1328 826 1405 860 φύσει
1420 826 1603 862 θεωρουμένη,
1615 825 1715 860 ἤρκεσε

933 872 963 898 τὸ
978 873 1125 908 τριήμερον
1143 872 1238 906 χρόνου
1250 871 1399 907 διάστημα,
1415 873 1465 906 τὴν
1484 873 1598 899 ἑκάστου
1613 871 1716 897 τούτων

934 918 1067 953 διάκρισιν
1086 917 1193 952 τρανῶς
1212 926 1242 944 τε
1266 918 1312 944 καὶ
1331 918 1490 952 ἀσυγχύτως
1519 918 1566 944 ἀπ’
1594 917 1715 952 ἀλλήλων

934 964 1106 999 ποιήσασθαι,
1130 963 1199 989 ὥστε
1218 963 1248 989 τὸ
1269 963 1318 998 μὲν
1330 963 1421 998 ἄκρως
1436 963 1533 989 λεπτόν
1544 971 1573 989 τε
1592 964 1638 989 καὶ
1651 962 1715 988 κοῦ-

934 1017 983 1043 φον
993 1009 1042 1043 τῆς
1056 1008 1304 1044 πυρώδουςοὺσίας,
1314 1008 1360 1034 καὶ
1375 1007 1500 1043 καθαρῶς
1517 1007 1611 1038 ἀῡλον,
1628 1009 1656 1033 ὲν
1675 1007 1714 1041 τῷ

934 1054 1076 1089 ἀκροτάτῳ
1095 1053 1217 1087 γενέσθαι
1235 1054 1284 1087 τῆς
1306 1053 1437 1089 αἰσθητῆς
1459 1055 1574 1084 κτίσεως
1598 1054 1681 1088 (ὅπερ
1697 1053 1713 1086 ἡ

934 1099 1014 1134 νοητή
1037 1107 1066 1124 τε
1085 1098 1130 1124 καὶ
1150 1097 1294 1132 ἀσώματος
1319 1097 1468 1132 διαδέχεται
1490 1098 1604 1132 φύσις)-
1630 1098 1659 1124 τὸ
1684 1097 1714 1124 δὲ

933 1143 1080 1179 ἀργότερόν
1109 1151 1138 1169 τε
1158 1143 1204 1169 καὶ
1224 1143 1440 1178 ναρκωδέστερον
1465 1143 1553 1175 ἅπαν,
1577 1143 1650 1174 ἐντὸς
1663 1143 1714 1177 τῆς

934 1190 1064 1226 περιοχῆς
1088 1190 1134 1216 τοῦ
1156 1188 1253 1215 λεπτοῦ
1280 1197 1309 1214 τε
1329 1189 1377 1214 καὶ
1397 1188 1497 1222 κούφου
1514 1188 1577 1223 περὶ
1616 1189 1712 1215 ἑαυτοῦ

934 1235 1076 1270 συστῆναισ
1096 1235 1174 1261 τοῦτο
1194 1234 1221 1260 δὲ
1252 1233 1332 1260 πάλιν
1354 1235 1423 1260 κατά
1444 1234 1492 1268 τὴν
1513 1232 1644 1268 διαφορὰν
1664 1233 1714 1266 τῆς

934 1281 1095 1316 ἐγκειμένης
1111 1280 1184 1315 αὐτῷ
1197 1280 1324 1314 ἰδιότητος
1340 1280 1443 1314 ἐπταχῆ
1457 1279 1627 1315 μερισθῆναι·
1644 1279 1714 1305 πάν-

933 1337 986 1355 των
1008 1328 1061 1354 τῶν
1083 1327 1253 1363 καταλλήλων
1275 1335 1304 1352 τε
1325 1326 1372 1352 καὶ
1392 1325 1533 1360 ὁμοφύλων
1554 1324 1600 1351 τοῦ
1626 1324 1714 1358 φωτὸς

935 1375 1035 1410 μορίων
1059 1374 1181 1409 ἀλλήλοις
1193 1373 1263 1400 κατά
1274 1373 1304 1398 τὸ
1315 1372 1443 1406 συγγενὲς
1455 1380 1485 1397 συ
1490 1371 1630 1405 μφυέντων
1638 1390 1645 1402 ,
1666 1370 1714 1396 καὶ

933 1421 987 1447 ἀπὸ
1003 1419 1056 1447 τῶν
1074 1419 1237 1454 ὲτερογενῶς
1255 1418 1370 1453 ἐχόντων
1391 1416 1594 1451 διακριθέντων.
1620 1414 1713 1445 Οὕτως

933 1464 979 1493 οὖν
990 1467 1050 1492 ὅσον
1068 1467 1096 1491 ὲν
1111 1467 1144 1500 τῇ
1162 1465 1311 1498 φωτιστικῇ
1325 1463 1403 1498 οὐσίᾳ
1418 1463 1465 1497 τῆς
1477 1461 1591 1497 ἡλιακῆς
1607 1460 1714 1495 φύσεως

933 1509 1140 1544 ὲνεσπαρμένων
1156 1507 1264 1534 πάντων
1279 1507 1332 1532 τῶν
1352 1505 1454 1541 μορίων
1471 1504 1572 1531 τούτων
1588 1504 1655 1538 πρὸς
1667 1503 1714 1529 ἆλ-

932 1555 999 1590 ληλα
1011 1553 1224 1589 συνδραμόντων,
1237 1552 1264 1578 ἓν
1286 1552 1357 1587 μέγα
1385 1550 1492 1584 ἐγένετο
1502 1558 1509 1566 ·
1525 1550 1653 1581 ὡσαύτως
1666 1549 1714 1575 καὶ

932 1601 979 1627 ἐπὶ
995 1602 1044 1635 τῆς
1065 1599 1178 1634 σελήνης
1192 1599 1237 1625 καὶ
1249 1599 1291 1632 ἐφ’
1303 1597 1417 1623 ἑκάστου
1430 1596 1483 1623 τῶν
1497 1595 1584 1622 ἄλλων
1597 1595 1651 1621 τῶν
1662 1603 1712 1620 πε-

932 1645 1109 1681 πλανημένων
1134 1643 1247 1671 καὶτῶν
1265 1642 1520 1677 κατεστηριγμένων
1539 1641 1676 1676 ἀστέρωι,
1695 1641 1712 1675 ἡ

932 1693 999 1728 πρὸς
1013 1692 1047 1718 τὰ
1057 1691 1173 1726 ὁμογενῆ
1186 1690 1239 1716 τῶν
1250 1689 1364 1716 ἑκάστου
1376 1688 1476 1724 μορίων
1487 1687 1632 1722 συνδρομὴ,
1642 1687 1672 1712 ’ἐν
1686 1695 1712 1713 τι

931 1737 984 1764 τῶν
995 1737 1160 1771 φαινομένων
1172 1735 1307 1770 ἐποίησεν·
1320 1735 1365 1760 καὶ
1375 1734 1445 1760 οὕτω
1455 1734 1488 1760 τὰ
1495 1734 1583 1760 πάντα
1592 1732 1710 1766 ἐγένετο.

938 1783 966 1809 Ἦ
972 1783 1071 1818 ρκέσθη
1078 1782 1105 1808 δὲ
1116 1783 1130 1807 ὁ
1142 1782 1226 1816 μέγας
1236 1781 1338 1816 Μωσῆς
1347 1781 1381 1806 τὰ
1387 1779 1583 1815 γνωριμώτερα
1594 1778 1672 1813 μόνον
1683 1779 1712 1803 ὲν

930 1829 1036 1860 τούτοις
1052 1828 1252 1862 κατονομάσας,
1275 1827 1320 1853 τὸν
1340 1826 1426 1861 μέγαν
1444 1825 1573 1860 φωστῆρα
1598 1824 1646 1850 καὶ
1665 1823 1712 1849 τὸν

930 1875 1049 1907 ἐλάσσω,
1064 1875 1097 1900 τὰ
1109 1874 1175 1901 ἄλλα
1196 1874 1283 1900 πάντα
1299 1873 1414 1907 γενικῶς
1433 1873 1591 1907 προσειπεῖν
1607 1870 1646 1905 τῷ
1656 1869 1711 1896 τῶν

930 1920 1051 1955 ἀστέρων
1064 1920 1182 1954 ὀνόματι.
1195 1919 1225 1944 Εἰ
1234 1919 1262 1944 δὲ
1273 1917 1450 1953 κάμνῃὴμῶν
1466 1917 1483 1951 ἡ
1503 1915 1549 1942 τοῦ
1561 1916 1606 1942 νού
1623 1914 1710 1950 παχύ-

929 1974 988 2001 της,
1002 1966 1038 2001 μὴ
1050 1965 1185 2000 δυναμένη
1199 1965 1231 1999 τῇ
1244 1964 1386 1998 λεπτότητι
1400 1962 1564 1994 συνεξελθεῖν
1576 1961 1623 1996 τῆς
1635 1960 1709 1991 θείας

932 2008 1043 2043 σοφίας,
1061 2007 1203 2041 ξενιζέσθω
1224 2008 1272 2042 μὲν
1297 2007 1389 2042 μηδεὶς
1410 2007 1477 2042 πρὸς
1498 2006 1547 2041 τὴν
1573 2005 1709 2040 πτωχείαν

929 2054 978 2089 τῆς
994 2054 1099 2088 φύσεως
1115 2053 1191 2089 ἡμῶν
1204 2053 1364 2080 ἀποϐλέπων
1373 2055 1392 2084 ⁸,
1440 2052 1582 2087 ἀγαπητόν
1595 2053 1667 2078 ἐστιν
1678 2051 1709 2077 οὐ

929 2101 959 2127 τὸ
977 2100 1088 2135 μηδενὸς
1110 2100 1278 2135 διαμαρτεῖν,
1292 2099 1359 2126 ἀλλά
1373 2099 1403 2125 τὸ
1415 2098 1472 2130 ἑνὸς
1489 2098 1552 2132 γοῦν
1572 2098 1710 2132 ἐπιτυχεῖν

929 2146 1085 2181 δυνηθῆναι.
1103 2145 1194 2173 Ταῦτα
1213 2146 1241 2172 δέ
1258 2154 1328 2180 φημι
1353 2144 1418 2180 πρὸς
1430 2145 1517 2170 ἐκεῖνο
1537 2143 1652 2178 βλέπων.
1667 2143 1710 2175 τίς

930 2193 943 2218 ὁ
954 2192 1030 2226 λόγος
1048 2191 1094 2217 τοῦ
1112 2191 1260 2226 τριημέρου
1271 2189 1365 2216 τούτου
1378 2189 1569 2222 διαστήματος,
1582 2187 1651 2213 ὥστε
1664 2186 1709 2212 τὸν

931 2236 1055 2263 τοσοῦτον
1081 2236 1175 2271 χρόνον
1196 2235 1310 2270 ἀρκέσαι
1336 2234 1403 2269 πρὸς
1420 2233 1468 2268 τὴν
1482 2233 1596 2259 ἑκάστου
1611 2232 1664 2258 τῶν
1680 2232 1710 2258 ὲν

931 2282 969 2317 τῷ
980 2282 1049 2317 φωτὶ
1061 2281 1251 2317 θεωρουμένων
1263 2280 1406 2315 διάκρισιν.
1425 2279 1508 2313 Δῆλον
1523 2278 1577 2313 γὰρ
1591 2278 1631 2304 ὅτι
1643 2278 1710 2304 πὰν-

929 2335 982 2358 τως
1003 2326 1059 2353 ἐστι
1076 2335 1118 2357 τις
1134 2326 1225 2359 λόγος,
1249 2324 1298 2351 κᾶν
1318 2324 1446 2359 κρείττων
1501 2323 1549 2358 τῆς
1574 2322 1711 2357 ἡμετέρας

930 2372 1067 2406 ἐπόψεως,
1089 2371 1148 2397 καθ’
1173 2371 1202 2396 ὂν
1220 2369 1361 2404 συμϐαίνει
1376 2369 1405 2395 τὸ
1423 2370 1530 2404 μέτριον
1546 2367 1592 2394 τοῦ
1613 2367 1708 2402 χρόνου

931 2419 1023 2445 τούτου
1050 2417 1116 2450 πρὸς
1138 2416 1186 2450 τὴν
1209 2415 1341 2450 διάκρισιν
1356 2415 1404 2450 τῆς
1423 2413 1588 2448 φωτιστικῆς
1604 2412 1709 2444 οὐσίας,

930 2464 962 2497 τῇ
976 2461 1166 2497 μεμετρημένῃ
1181 2459 1329 2494 παρατάσει
1340 2459 1386 2486 τοῦ
1399 2459 1504 2494 χρόνου,
1518 2459 1565 2484 καλ¹
1582 2458 1621 2493 τῷ
1634 2457 1709 2493 ποσῷ

929 2508 978 2543 τῆς
984 2508 1052 2534 κατὰ
1060 2508 1108 2541 τὴν
1118 2507 1221 2540 κίνησιν
1230 2505 1276 2531 τοῦ
1286 2505 1369 2540 πυρὸς
1377 2505 1523 2539 ἐνεργείας,
1532 2505 1580 2539 τῆς
1589 2503 1643 2530 τῶν
1655 2503 1710 2537 φώ-

932 2563 982 2580 των
990 2553 1128 2588 διαστολῆς
1154 2553 1181 2578 ἐν
1198 2555 1230 2587 τῇ
1251 2552 1304 2578 τῶν
1323 2552 1472 2586 φωστήρων
1487 2550 1709 2586 ἰδιότητιδιαιρε-

932 2600 1034 2634 θείσης,
1048 2599 1116 2625 ὥστε
1129 2598 1176 2629 τὰς
1189 2598 1318 2633 ἀπείρους
1332 2597 1431 2628 ταύτας
1442 2596 1496 2623 τῶν
1507 2596 1603 2630 φώτων
1614 2596 1708 2629 διαφο-

933 2644 982 2679 ρὰς
998 2644 1065 2678 πρὸς
1076 2644 1124 2678 τὴν
1133 2643 1235 2669 οἰκείαν
1249 2642 1321 2668 θέσιν
1330 2642 1445 2677 ἑκάστην
1457 2641 1646 2676 ἀποκριθῆναι,
1657 2639 1709 2666 ὑπὸ

931 2690 979 2724 τῆς
991 2689 1107 2723 φυσικῆς
1131 2689 1259 2724 ἰδιότητος
1285 2689 1344 2715 ἐκεῖ
1365 2689 1520 2723 ταχθείσας,
1543 2689 1609 2714 ὅπου
1629 2687 1644 2721 ἡ
1661 2688 1707 2720 ἑγ-

933 2735 1044 2770 κειμένη
1063 2735 1163 2770 φυσικὴ
1175 2735 1286 2770 δύναμις
1315 2734 1433 2769 ἑκάστην
1447 2735 1559 2769 ἤγαγεν,
1575 2733 1708 2769 μηδεμιᾶς
