  <div class='ocr_page' id='page_1' title='image "/cluster/home/n/w/nwhite01/storage/ocr_20150623/46/njp.32101077772604/078.png"; bbox 0 0 1919 3069; ppageno 0'>
   <div class='ocr_carea' id='block_1_1' title="bbox 85 187 1710 226">
    <p class='ocr_par' dir='ltr' id='par_1_1' title="bbox 85 187 1710 226">
     <span class='ocr_line' id='line_1_1' title="bbox 85 187 1710 226; baseline -0.011 6"><span class='ocrx_word' id='word_1_1' title='bbox 85 197 132 226; x_wconf 80' lang='lat' dir='ltr'>H7</span> <span class='ocrx_word' id='word_1_2' title='bbox 706 197 741 225; x_wconf 90' lang='lat' dir='ltr'><strong>lN</strong></span> <span class='ocrx_word' id='word_1_3' title='bbox 761 195 997 225; x_wconf 78' lang='lat' dir='ltr'>HEXAEMERON</span> <span class='ocrx_word' id='word_1_4' title='bbox 1018 195 1131 222; x_wconf 69' lang='lat' dir='ltr'><strong>Linea.</strong></span> <span class='ocrx_word' id='word_1_5' title='bbox 1661 187 1710 215; x_wconf 70' lang='lat' dir='ltr'>ns</span> 
     </span>
    </p>
   </div>
   <div class='ocr_carea' id='block_1_2' title="bbox 85 247 895 296">
    <p class='ocr_par' dir='ltr' id='par_1_2' title="bbox 85 258 895 296">
     <span class='ocr_line' id='line_1_2' title="bbox 85 258 895 296; baseline 0 -11"><span class='ocrx_word' id='word_1_6' title='bbox 85 261 114 285; x_wconf 79' lang='grc' dir='ltr'>ἐν</span> <span class='ocrx_word' id='word_1_7' title='bbox 127 259 234 292; x_wconf 77' lang='grc' dir='ltr'>τούτοις</span> <span class='ocrx_word' id='word_1_8' title='bbox 258 260 381 293; x_wconf 80' lang='grc' dir='ltr'>ἀταξίας,</span> <span class='ocrx_word' id='word_1_9' title='bbox 402 260 418 296; x_wconf 81' lang='grc' dir='ltr'><strong>ἥ</strong></span> <span class='ocrx_word' id='word_1_10' title='bbox 441 259 596 295; x_wconf 77' lang='grc' dir='ltr'>συγχύσεως</span> <span class='ocrx_word' id='word_1_11' title='bbox 614 259 772 294; x_wconf 86' lang='grc' dir='ltr'>γενομένης,</span> <span class='ocrx_word' id='word_1_12' title='bbox 785 259 829 289; x_wconf 79' lang='grc' dir='ltr'>διὰ</span> <span class='ocrx_word' id='word_1_13' title='bbox 844 258 874 285; x_wconf 81' lang='grc' dir='ltr'>τὸ</span> <span class='ocrx_word' id='word_1_14' title='bbox 889 275 895 290; x_wconf 53' lang='grc' dir='ltr'><em>Α</em></span> 
     </span>
    </p>
   </div>
   <div class='ocr_carea' id='block_1_3' title="bbox 949 247 1713 296">
    <p class='ocr_par' dir='ltr' id='par_1_3' title="bbox 949 247 1713 292">
     <span class='ocr_line' id='line_1_3' title="bbox 949 247 1713 292; baseline -0.018 -7"><span class='ocrx_word' id='word_1_15' title='bbox 949 257 1050 292; x_wconf 84' lang='lat' dir='ltr'><strong>uodque</strong></span> <span class='ocrx_word' id='word_1_16' title='bbox 1076 256 1184 290; x_wconf 79' lang='lat' dir='ltr'><strong>signum</strong></span> <span class='ocrx_word' id='word_1_17' title='bbox 1205 253 1296 282; x_wconf 85' lang='lat' dir='ltr'>sedem</span> <span class='ocrx_word' id='word_1_18' title='bbox 1320 250 1475 282; x_wconf 88' lang='lat' dir='ltr'><strong>obtineret,</strong></span> <span class='ocrx_word' id='word_1_19' title='bbox 1499 249 1527 276; x_wconf 91' lang='lat' dir='ltr'>in</span> <span class='ocrx_word' id='word_1_20' title='bbox 1549 247 1634 282; x_wconf 76' lang='lat' dir='ltr'><strong>signis</strong></span> <span class='ocrx_word' id='word_1_21' title='bbox 1649 252 1713 273; x_wconf 73' lang='lat' dir='ltr'>rem</span> 
     </span>
    </p>
   </div>
   <div class='ocr_carea' id='block_1_4' title="bbox 87 292 895 342">
    <p class='ocr_par' dir='ltr' id='par_1_4' title="bbox 87 292 876 342">
     <span class='ocr_line' id='line_1_4' title="bbox 87 292 876 342; baseline -0.003 -9"><span class='ocrx_word' id='word_1_22' title='bbox 87 304 230 342; x_wconf 79' lang='grc' dir='ltr'>κεκρίσθαι</span> <span class='ocrx_word' id='word_1_23' title='bbox 251 308 281 333; x_wconf 76' lang='grc' dir='ltr'>ὲν</span> <span class='ocrx_word' id='word_1_24' title='bbox 295 292 387 338; x_wconf 81' lang='grc' dir='ltr'>αύτοῖς</span> <span class='ocrx_word' id='word_1_25' title='bbox 409 292 441 333; x_wconf 61' lang='grc' dir='ltr'>ἐκ</span> <span class='ocrx_word' id='word_1_26' title='bbox 456 292 530 338; x_wconf 72' lang='grc' dir='ltr'>θείας</span> <span class='ocrx_word' id='word_1_27' title='bbox 552 292 657 341; x_wconf 83' lang='grc' dir='ltr'>σοφίας,</span> <span class='ocrx_word' id='word_1_28' title='bbox 678 292 749 332; x_wconf 81' lang='grc' dir='ltr'>κατά</span> <span class='ocrx_word' id='word_1_29' title='bbox 771 305 819 340; x_wconf 85' lang='grc' dir='ltr'>τὴν</span> <span class='ocrx_word' id='word_1_30' title='bbox 833 305 876 331; x_wconf 84' lang='grc' dir='ltr'>ὲν-</span> 
     </span>
    </p>
   </div>
   <div class='ocr_carea' id='block_1_5' title="bbox 949 292 1714 342">
    <p class='ocr_par' dir='ltr' id='par_1_5' title="bbox 949 292 1714 339">
     <span class='ocr_line' id='line_1_5' title="bbox 949 292 1714 339; baseline -0.018 -8"><span class='ocrx_word' id='word_1_31' title='bbox 949 304 1044 339; x_wconf 76' lang='lat' dir='ltr'><strong>lngulis</strong></span> <span class='ocrx_word' id='word_1_32' title='bbox 1068 302 1153 329; x_wconf 66' lang='lat' dir='ltr'><strong>stella:</strong></span> <span class='ocrx_word' id='word_1_33' title='bbox 1169 308 1223 327; x_wconf 91' lang='lat' dir='ltr'>non</span> <span class='ocrx_word' id='word_1_34' title='bbox 1245 298 1368 329; x_wconf 79' lang='lat' dir='ltr'><strong>fortuito,</strong></span> <span class='ocrx_word' id='word_1_35' title='bbox 1385 296 1432 324; x_wconf 91' lang='lat' dir='ltr'>sed</span> <span class='ocrx_word' id='word_1_36' title='bbox 1451 294 1547 322; x_wconf 84' lang='lat' dir='ltr'><strong>ordine</strong></span> <span class='ocrx_word' id='word_1_37' title='bbox 1568 292 1626 319; x_wconf 88' lang='lat' dir='ltr'>suis</span> <span class='ocrx_word' id='word_1_38' title='bbox 1639 298 1714 326; x_wconf 67' lang='lat' dir='ltr'><strong>quaa-</strong></span> 
     </span>
    </p>
   </div>
   <div class='ocr_carea' id='block_1_6' title="bbox 86 335 895 388">
    <p class='ocr_par' dir='ltr' id='par_1_6' title="bbox 86 335 877 388">
     <span class='ocr_line' id='line_1_6' title="bbox 86 335 877 388; baseline -0.001 -10"><span class='ocrx_word' id='word_1_39' title='bbox 86 335 209 379; x_wconf 72' lang='grc' dir='ltr'>τεθεῖσαν</span> <span class='ocrx_word' id='word_1_40' title='bbox 221 353 330 388; x_wconf 80' lang='grc' dir='ltr'>ἑκάστῳ</span> <span class='ocrx_word' id='word_1_41' title='bbox 347 335 463 387; x_wconf 72' lang='grc' dir='ltr'>φῦσικὴν</span> <span class='ocrx_word' id='word_1_42' title='bbox 479 335 608 387; x_wconf 70' lang='grc' dir='ltr'>ἰδιότητα,</span> <span class='ocrx_word' id='word_1_43' title='bbox 700 335 877 386; x_wconf 63' lang='grc' dir='ltr'>ἀπαράῦατον</span> 
     </span>
    </p>
   </div>
   <div class='ocr_carea' id='block_1_7' title="bbox 949 335 1715 388">
    <p class='ocr_par' dir='ltr' id='par_1_7' title="bbox 950 335 1715 377">
     <span class='ocr_line' id='line_1_7' title="bbox 950 335 1715 377; baseline -0.02 -1"><span class='ocrx_word' id='word_1_44' title='bbox 950 357 983 376; x_wconf 89' lang='lat' dir='ltr'>ue</span> <span class='ocrx_word' id='word_1_45' title='bbox 999 348 1067 375; x_wconf 87' lang='lat' dir='ltr'><strong>locis</strong></span> <span class='ocrx_word' id='word_1_46' title='bbox 1081 347 1295 375; x_wconf 74' lang='lat' dir='ltr'>collocarentur,</span> <span class='ocrx_word' id='word_1_47' title='bbox 1317 341 1499 377; x_wconf 71' lang='lat' dir='ltr'><strong>aaquabilique</strong></span> <span class='ocrx_word' id='word_1_48' title='bbox 1511 346 1542 365; x_wconf 90' lang='lat' dir='ltr'>ac</span> <span class='ocrx_word' id='word_1_49' title='bbox 1557 336 1674 364; x_wconf 86' lang='lat' dir='ltr'><strong>naturali</strong></span> <span class='ocrx_word' id='word_1_50' title='bbox 1689 335 1715 362; x_wconf 88' lang='lat' dir='ltr'><strong>vi</strong></span> 
     </span>
    </p>
   </div>
   <div class='ocr_carea' id='block_1_8' title="bbox 89 380 895 434">
    <p class='ocr_par' dir='ltr' id='par_1_8' title="bbox 89 397 880 434">
     <span class='ocr_line' id='line_1_8' title="bbox 89 397 880 434; baseline 0 -11"><span class='ocrx_word' id='word_1_51' title='bbox 89 397 174 430; x_wconf 81' lang='grc' dir='ltr'>τάξιν,</span> <span class='ocrx_word' id='word_1_52' title='bbox 193 397 264 424; x_wconf 84' lang='grc' dir='ltr'>ὥστε</span> <span class='ocrx_word' id='word_1_53' title='bbox 277 398 326 434; x_wconf 87' lang='grc' dir='ltr'>τὴν</span> <span class='ocrx_word' id='word_1_54' title='bbox 339 398 387 433; x_wconf 85' lang='grc' dir='ltr'>μὲν</span> <span class='ocrx_word' id='word_1_55' title='bbox 402 398 533 425; x_wconf 84' lang='grc' dir='ltr'>ἀνωτάτω</span> <span class='ocrx_word' id='word_1_56' title='bbox 545 397 637 433; x_wconf 88' lang='grc' dir='ltr'>χώραν</span> <span class='ocrx_word' id='word_1_57' title='bbox 649 398 771 432; x_wconf 70' lang='grc' dir='ltr'>ἐπισχεῖν</span> <span class='ocrx_word' id='word_1_58' title='bbox 787 398 880 423; x_wconf 80' lang='grc' dir='ltr'>ἐκεῖνα</span> 
     </span>
    </p>
   </div>
   <div class='ocr_carea' id='block_1_9' title="bbox 949 380 1715 434">
    <p class='ocr_par' dir='ltr' id='par_1_9' title="bbox 949 380 1715 424">
     <span class='ocr_line' id='line_1_9' title="bbox 949 380 1715 424; baseline -0.017 -4"><span class='ocrx_word' id='word_1_59' title='bbox 949 401 982 420; x_wconf 93' lang='lat' dir='ltr'>ua</span> <span class='ocrx_word' id='word_1_60' title='bbox 995 392 1127 424; x_wconf 74' lang='lat' dir='ltr'><strong>adductae,</strong></span> <span class='ocrx_word' id='word_1_61' title='bbox 1145 389 1298 418; x_wconf 87' lang='lat' dir='ltr'><strong>immobiles</strong></span> <span class='ocrx_word' id='word_1_62' title='bbox 1309 396 1340 415; x_wconf 90' lang='lat' dir='ltr'>ac</span> <span class='ocrx_word' id='word_1_63' title='bbox 1357 388 1440 414; x_wconf 63' lang='lat' dir='ltr'><strong>ﬁrma:</strong></span> <span class='ocrx_word' id='word_1_64' title='bbox 1453 385 1653 420; x_wconf 84' lang='lat' dir='ltr'><strong>permanerent,</strong></span> <span class='ocrx_word' id='word_1_65' title='bbox 1668 380 1715 408; x_wconf 89' lang='lat' dir='ltr'>ubi</span> 
     </span>
    </p>
   </div>
   <div class='ocr_carea' id='block_1_10' title="bbox 90 432 895 480">
    <p class='ocr_par' dir='ltr' id='par_1_10' title="bbox 90 432 878 480">
     <span class='ocr_line' id='line_1_10' title="bbox 90 432 878 480; baseline -0.003 -10"><span class='ocrx_word' id='word_1_66' title='bbox 90 443 122 470; x_wconf 81' lang='grc' dir='ltr'>τά</span> <span class='ocrx_word' id='word_1_67' title='bbox 135 443 228 479; x_wconf 84' lang='grc' dir='ltr'>πάσης</span> <span class='ocrx_word' id='word_1_68' title='bbox 244 432 401 480; x_wconf 83' lang='grc' dir='ltr'>ἀνωφεροῦς</span> <span class='ocrx_word' id='word_1_69' title='bbox 414 444 508 475; x_wconf 79' lang='grc' dir='ltr'>οὐσίας</span> <span class='ocrx_word' id='word_1_70' title='bbox 538 432 749 478; x_wconf 78' lang='grc' dir='ltr'>ἀνωφερέστερα</span> <span class='ocrx_word' id='word_1_71' title='bbox 759 450 765 456; x_wconf 93' lang='grc'>·</span> <span class='ocrx_word' id='word_1_72' title='bbox 783 442 829 468; x_wconf 79' lang='grc' dir='ltr'>καὶ</span> <span class='ocrx_word' id='word_1_73' title='bbox 850 443 878 468; x_wconf 79' lang='grc' dir='ltr'>ἐν</span> 
     </span>
    </p>
   </div>
   <div class='ocr_carea' id='block_1_11' title="bbox 949 432 1487 480">
    <p class='ocr_par' dir='ltr' id='par_1_11' title="bbox 952 432 1487 471">
     <span class='ocr_line' id='line_1_11' title="bbox 952 432 1487 471; baseline -0.013 -6"><span class='ocrx_word' id='word_1_74' title='bbox 952 438 1113 466; x_wconf 88' lang='lat' dir='ltr'><strong>rocreatoris</strong></span> <span class='ocrx_word' id='word_1_75' title='bbox 1135 435 1268 471; x_wconf 75' lang='lat' dir='ltr'><strong>sapientia</strong></span> <span class='ocrx_word' id='word_1_76' title='bbox 1283 432 1487 470; x_wconf 66' lang='lat' dir='ltr'><strong>prmscribebat.</strong></span> 
     </span>
    </p>
   </div>
   <div class='ocr_carea' id='block_1_12' title="bbox 89 487 879 525">
    <p class='ocr_par' dir='ltr' id='par_1_12' title="bbox 89 487 879 525">
     <span class='ocr_line' id='line_1_12' title="bbox 89 487 879 525; baseline -0.004 -10"><span class='ocrx_word' id='word_1_77' title='bbox 89 488 204 521; x_wconf 71' lang='grc' dir='ltr'>ἐκείνοις</span> <span class='ocrx_word' id='word_1_78' title='bbox 215 488 298 516; x_wconf 78' lang='grc' dir='ltr'>πάλιν</span> <span class='ocrx_word' id='word_1_79' title='bbox 313 490 330 525; x_wconf 81' lang='grc' dir='ltr'><strong>ἢ</strong></span> <span class='ocrx_word' id='word_1_80' title='bbox 347 491 377 516; x_wconf 83' lang='grc' dir='ltr'>ὲν</span> <span class='ocrx_word' id='word_1_81' title='bbox 397 489 437 524; x_wconf 81' lang='grc' dir='ltr'>τῷ</span> <span class='ocrx_word' id='word_1_82' title='bbox 451 489 525 524; x_wconf 84' lang='grc' dir='ltr'>μέσῳ</span> <span class='ocrx_word' id='word_1_83' title='bbox 549 488 690 524; x_wconf 86' lang='grc' dir='ltr'>ταχθῆναι,</span> <span class='ocrx_word' id='word_1_84' title='bbox 708 487 724 522; x_wconf 86' lang='grc' dir='ltr'>ῆ</span> <span class='ocrx_word' id='word_1_85' title='bbox 744 487 819 514; x_wconf 85' lang='grc' dir='ltr'>νότια</span> <span class='ocrx_word' id='word_1_86' title='bbox 833 495 879 521; x_wconf 91' lang='grc' dir='ltr'>γε-</span> 
     </span>
    </p>
   </div>
   <div class='ocr_carea' id='block_1_13' title="bbox 90 520 1716 571">
    <p class='ocr_par' dir='ltr' id='par_1_13' title="bbox 90 520 1716 571">
     <span class='ocr_line' id='line_1_13' title="bbox 90 520 1716 571; baseline -0.009 -9"><span class='ocrx_word' id='word_1_87' title='bbox 90 535 183 562; x_wconf 75' lang='grc' dir='ltr'>νέσθαι</span> <span class='ocrx_word' id='word_1_88' title='bbox 196 536 269 568; x_wconf 80' lang='grc' dir='ltr'>τινὰ,</span> <span class='ocrx_word' id='word_1_89' title='bbox 284 536 301 571; x_wconf 82' lang='grc' dir='ltr'>ἦ</span> <span class='ocrx_word' id='word_1_90' title='bbox 315 520 383 571; x_wconf 74' lang='grc' dir='ltr'>πρὸς</span> <span class='ocrx_word' id='word_1_91' title='bbox 405 520 517 570; x_wconf 67' lang='grc' dir='ltr'>ἄρκτια,</span> <span class='ocrx_word' id='word_1_92' title='bbox 543 535 559 570; x_wconf 89' lang='grc' dir='ltr'><strong>ἢ</strong></span> <span class='ocrx_word' id='word_1_93' title='bbox 659 520 758 568; x_wconf 78' lang='grc' dir='ltr'>μεταξὺ</span> <span class='ocrx_word' id='word_1_94' title='bbox 772 520 862 568; x_wconf 84' lang='grc' dir='ltr'>χώραν</span> <span class='ocrx_word' id='word_1_95' title='bbox 890 530 1096 565; x_wconf 79' lang='grc' dir='ltr'>καταλαϐεῖν,ἢ</span> <span class='ocrx_word' id='word_1_96' title='bbox 1122 531 1167 557; x_wconf 79' lang='grc' dir='ltr'>τὸν</span> <span class='ocrx_word' id='word_1_97' title='bbox 1192 528 1333 564; x_wconf 80' lang='grc' dir='ltr'>γαλαξίαν,</span> <span class='ocrx_word' id='word_1_98' title='bbox 1361 527 1377 562; x_wconf 84' lang='grc' dir='ltr'>ἣ</span> <span class='ocrx_word' id='word_1_99' title='bbox 1400 527 1444 552; x_wconf 75' lang='grc' dir='ltr'>τὸν</span> <span class='ocrx_word' id='word_1_100' title='bbox 1466 523 1594 557; x_wconf 77' lang='grc' dir='ltr'>ζωδιακὸν</span> <span class='ocrx_word' id='word_1_101' title='bbox 1619 520 1716 549; x_wconf 83' lang='grc' dir='ltr'>κύκλον</span> 
     </span>
    </p>
   </div>
   <div class='ocr_carea' id='block_1_14' title="bbox 91 567 1718 617">
    <p class='ocr_par' dir='ltr' id='par_1_14' title="bbox 91 567 1718 617">
     <span class='ocr_line' id='line_1_14' title="bbox 91 567 1718 617; baseline -0.01 -8"><span class='ocrx_word' id='word_1_102' title='bbox 91 567 301 617; x_wconf 65' lang='grc' dir='ltr'>ἀναπληρῶσαι,</span> <span class='ocrx_word' id='word_1_103' title='bbox 312 567 359 608; x_wconf 78' lang='grc' dir='ltr'>καὶ</span> <span class='ocrx_word' id='word_1_104' title='bbox 389 567 468 608; x_wconf 72' lang='grc' dir='ltr'>πάλιν</span> <span class='ocrx_word' id='word_1_105' title='bbox 489 581 518 607; x_wconf 80' lang='grc' dir='ltr'>ὲν</span> <span class='ocrx_word' id='word_1_106' title='bbox 542 567 639 615; x_wconf 77' lang='grc' dir='ltr'>τούτῳ,</span> <span class='ocrx_word' id='word_1_107' title='bbox 694 567 822 614; x_wconf 79' lang='grc' dir='ltr'>ταύτηνῆ</span> <span class='ocrx_word' id='word_1_108' title='bbox 839 577 888 612; x_wconf 87' lang='grc' dir='ltr'>τὴν</span> <span class='ocrx_word' id='word_1_109' title='bbox 902 577 996 613; x_wconf 76' lang='grc' dir='ltr'>ἑτέραν</span> <span class='ocrx_word' id='word_1_110' title='bbox 1020 576 1066 603; x_wconf 82' lang='grc' dir='ltr'>τοῦ</span> <span class='ocrx_word' id='word_1_111' title='bbox 1087 576 1186 611; x_wconf 76' lang='grc' dir='ltr'>ἄστρου</span> <span class='ocrx_word' id='word_1_112' title='bbox 1203 573 1373 610; x_wconf 80' lang='grc' dir='ltr'>περιγραφὴν</span> <span class='ocrx_word' id='word_1_113' title='bbox 1396 569 1611 606; x_wconf 82' lang='grc' dir='ltr'>ἀπεργάσασθαι,</span> <span class='ocrx_word' id='word_1_114' title='bbox 1627 567 1674 594; x_wconf 77' lang='grc' dir='ltr'>καὶ</span> <span class='ocrx_word' id='word_1_115' title='bbox 1688 567 1718 592; x_wconf 77' lang='grc' dir='ltr'>ἐν</span> 
     </span>
    </p>
   </div>
   <div class='ocr_carea' id='block_1_15' title="bbox 90 613 1717 664">
    <p class='ocr_par' dir='ltr' id='par_1_15' title="bbox 90 613 1717 664">
     <span class='ocr_line' id='line_1_15' title="bbox 90 613 1717 664; baseline -0.009 -9"><span class='ocrx_word' id='word_1_116' title='bbox 90 629 129 664; x_wconf 76' lang='grc' dir='ltr'>τῷ</span> <span class='ocrx_word' id='word_1_117' title='bbox 142 629 235 664; x_wconf 78' lang='grc' dir='ltr'>ἄστρῳ</span> <span class='ocrx_word' id='word_1_118' title='bbox 251 629 341 661; x_wconf 82' lang='grc' dir='ltr'>πάλιν,</span> <span class='ocrx_word' id='word_1_119' title='bbox 355 628 392 663; x_wconf 83' lang='grc' dir='ltr'>μὴ</span> <span class='ocrx_word' id='word_1_120' title='bbox 406 629 477 655; x_wconf 80' lang='grc' dir='ltr'>κατὰ</span> <span class='ocrx_word' id='word_1_121' title='bbox 490 628 520 654; x_wconf 79' lang='grc' dir='ltr'>τὸ</span> <span class='ocrx_word' id='word_1_122' title='bbox 531 627 681 662; x_wconf 83' lang='grc' dir='ltr'>αὐτόματον</span> <span class='ocrx_word' id='word_1_123' title='bbox 703 626 817 652; x_wconf 66' lang='grc' dir='ltr'>ἕκαστον</span> <span class='ocrx_word' id='word_1_124' title='bbox 844 624 897 651; x_wconf 80' lang='grc' dir='ltr'>τῶν</span> <span class='ocrx_word' id='word_1_125' title='bbox 913 626 941 650; x_wconf 80' lang='grc' dir='ltr'>ὲν</span> <span class='ocrx_word' id='word_1_126' title='bbox 960 624 998 659; x_wconf 86' lang='grc' dir='ltr'>τῷ</span> <span class='ocrx_word' id='word_1_127' title='bbox 1016 624 1133 659; x_wconf 84' lang='grc' dir='ltr'>σχήματι</span> <span class='ocrx_word' id='word_1_128' title='bbox 1155 622 1287 657; x_wconf 77' lang='grc' dir='ltr'>κειμένων</span> <span class='ocrx_word' id='word_1_129' title='bbox 1317 621 1433 655; x_wconf 80' lang='grc' dir='ltr'>ἄστρων,</span> <span class='ocrx_word' id='word_1_130' title='bbox 1455 619 1470 653; x_wconf 85' lang='grc' dir='ltr'>ἢ</span> <span class='ocrx_word' id='word_1_131' title='bbox 1488 614 1538 644; x_wconf 82' lang='grc' dir='ltr'>ὦδε</span> <span class='ocrx_word' id='word_1_132' title='bbox 1553 617 1569 652; x_wconf 84' lang='grc' dir='ltr'><strong>ἢ</strong></span> <span class='ocrx_word' id='word_1_133' title='bbox 1590 613 1640 642; x_wconf 84' lang='grc' dir='ltr'>ὦδε</span> <span class='ocrx_word' id='word_1_134' title='bbox 1667 614 1717 648; x_wconf 80' lang='grc' dir='ltr'>τὴν</span> 
     </span>
    </p>
   </div>
   <div class='ocr_carea' id='block_1_16' title="bbox 90 662 1716 711">
    <p class='ocr_par' dir='ltr' id='par_1_16' title="bbox 90 662 1716 711">
     <span class='ocr_line' id='line_1_16' title="bbox 90 662 1716 711; baseline -0.009 -9"><span class='ocrx_word' id='word_1_135' title='bbox 90 662 166 702; x_wconf 68' lang='grc' dir='ltr'>θέσιν</span> <span class='ocrx_word' id='word_1_136' title='bbox 190 662 271 711; x_wconf 63' lang='grc' dir='ltr'>ἐχειν,</span> <span class='ocrx_word' id='word_1_137' title='bbox 290 662 505 710; x_wconf 19' lang='grc' dir='ltr'>ἀλλάγίσομερῶς</span> <span class='ocrx_word' id='word_1_138' title='bbox 526 675 670 709; x_wconf 76' lang='grc' dir='ltr'>ἐγκειμένη</span> <span class='ocrx_word' id='word_1_139' title='bbox 692 673 764 708; x_wconf 78' lang='grc' dir='ltr'>αὐτῷ</span> <span class='ocrx_word' id='word_1_140' title='bbox 782 672 881 706; x_wconf 85' lang='grc' dir='ltr'>ἰδιότης</span> <span class='ocrx_word' id='word_1_141' title='bbox 895 672 1047 706; x_wconf 84' lang='grc' dir='ltr'>ἀπήγαγεν,</span> <span class='ocrx_word' id='word_1_142' title='bbox 1076 671 1134 697; x_wconf 77' lang='grc' dir='ltr'>ἐκεῖ</span> <span class='ocrx_word' id='word_1_143' title='bbox 1160 670 1250 704; x_wconf 86' lang='grc' dir='ltr'>μένειν</span> <span class='ocrx_word' id='word_1_144' title='bbox 1266 670 1295 695; x_wconf 82' lang='grc' dir='ltr'>ἐν</span> <span class='ocrx_word' id='word_1_145' title='bbox 1317 667 1475 703; x_wconf 81' lang='grc' dir='ltr'>ἀμεταθέτῳ</span> <span class='ocrx_word' id='word_1_146' title='bbox 1499 666 1531 700; x_wconf 82' lang='grc' dir='ltr'>τῇ</span> <span class='ocrx_word' id='word_1_147' title='bbox 1561 662 1716 697; x_wconf 82' lang='grc' dir='ltr'>παγιότητι,</span> 
     </span>
    </p>
   </div>
   <div class='ocr_carea' id='block_1_17' title="bbox 89 715 1376 758">
    <p class='ocr_par' dir='ltr' id='par_1_17' title="bbox 89 715 1376 758">
     <span class='ocr_line' id='line_1_17' title="bbox 89 715 1376 758; baseline -0.008 -8"><span class='ocrx_word' id='word_1_148' title='bbox 89 724 125 758; x_wconf 82' lang='grc' dir='ltr'>τῇ</span> <span class='ocrx_word' id='word_1_149' title='bbox 146 723 196 757; x_wconf 88' lang='grc' dir='ltr'>τῆς</span> <span class='ocrx_word' id='word_1_150' title='bbox 218 723 285 754; x_wconf 73' lang='grc' dir='ltr'>ἰδίας</span> <span class='ocrx_word' id='word_1_151' title='bbox 302 722 407 756; x_wconf 85' lang='grc' dir='ltr'>φύσεως</span> <span class='ocrx_word' id='word_1_152' title='bbox 422 722 544 756; x_wconf 85' lang='grc' dir='ltr'>δυνάμει,</span> <span class='ocrx_word' id='word_1_153' title='bbox 567 720 637 747; x_wconf 86' lang='grc' dir='ltr'>κατά</span> <span class='ocrx_word' id='word_1_154' title='bbox 653 720 702 755; x_wconf 85' lang='grc' dir='ltr'>τὴν</span> <span class='ocrx_word' id='word_1_155' title='bbox 721 719 767 746; x_wconf 83' lang='grc' dir='ltr'>τοῦ</span> <span class='ocrx_word' id='word_1_156' title='bbox 786 718 967 753; x_wconf 83' lang='grc' dir='ltr'>πεποιηκότος</span> <span class='ocrx_word' id='word_1_157' title='bbox 997 717 1093 752; x_wconf 84' lang='grc' dir='ltr'>σοφίαν</span> <span class='ocrx_word' id='word_1_158' title='bbox 1119 715 1376 752; x_wconf 77' lang='grc' dir='ltr'>περικρατούμενον.</span> 
     </span>
    </p>
   </div>
   <div class='ocr_carea' id='block_1_18' title="bbox 127 764 884 802">
    <p class='ocr_par' dir='ltr' id='par_1_18' title="bbox 127 764 884 802">
     <span class='ocr_line' id='line_1_18' title="bbox 127 764 884 802; baseline -0.004 -8"><span class='ocrx_word' id='word_1_159' title='bbox 127 767 220 794; x_wconf 79' lang='grc' dir='ltr'>ταῦτα</span> <span class='ocrx_word' id='word_1_160' title='bbox 233 768 291 794; x_wconf 82' lang='grc' dir='ltr'>ἐστι</span> <span class='ocrx_word' id='word_1_161' title='bbox 305 768 352 794; x_wconf 73' lang='grc' dir='ltr'>καὶ</span> <span class='ocrx_word' id='word_1_162' title='bbox 365 767 399 794; x_wconf 81' lang='grc' dir='ltr'>τὰ</span> <span class='ocrx_word' id='word_1_163' title='bbox 414 767 535 800; x_wconf 82' lang='grc' dir='ltr'>τοιαῦτα,</span> <span class='ocrx_word' id='word_1_164' title='bbox 551 767 618 802; x_wconf 77' lang='grc' dir='ltr'>πρὸς</span> <span class='ocrx_word' id='word_1_165' title='bbox 632 766 649 793; x_wconf 75' lang='grc' dir='ltr'>ἃ</span> <span class='ocrx_word' id='word_1_166' title='bbox 666 766 772 802; x_wconf 80' lang='grc' dir='ltr'>βλέπων</span> <span class='ocrx_word' id='word_1_167' title='bbox 787 767 800 791; x_wconf 86' lang='grc' dir='ltr'><strong>ὁ</strong></span> <span class='ocrx_word' id='word_1_168' title='bbox 822 764 884 796; x_wconf 83' lang='grc' dir='ltr'>νοῦς</span> 
     </span>
    </p>
   </div>
   <div class='ocr_carea' id='block_1_19' title="bbox 93 811 885 849">
    <p class='ocr_par' dir='ltr' id='par_1_19' title="bbox 93 811 885 849">
     <span class='ocr_line' id='line_1_19' title="bbox 93 811 885 849; baseline -0.005 -9"><span class='ocrx_word' id='word_1_169' title='bbox 93 814 223 849; x_wconf 80' lang='grc' dir='ltr'>ἰλλιγγιᾷ,</span> <span class='ocrx_word' id='word_1_170' title='bbox 234 814 280 841; x_wconf 73' lang='grc' dir='ltr'>καὶ</span> <span class='ocrx_word' id='word_1_171' title='bbox 294 814 342 849; x_wconf 87' lang='grc' dir='ltr'>τῆς</span> <span class='ocrx_word' id='word_1_172' title='bbox 355 814 421 845; x_wconf 82' lang='grc' dir='ltr'>ἰδίας</span> <span class='ocrx_word' id='word_1_173' title='bbox 431 813 544 845; x_wconf 81' lang='grc' dir='ltr'>νωθείας</span> <span class='ocrx_word' id='word_1_174' title='bbox 555 811 783 848; x_wconf 80' lang='grc' dir='ltr'>καταψηφίζεται,</span> <span class='ocrx_word' id='word_1_175' title='bbox 795 812 830 847; x_wconf 89' lang='grc' dir='ltr'>μὴ</span> <span class='ocrx_word' id='word_1_176' title='bbox 841 811 885 837; x_wconf 90' lang='grc' dir='ltr'>δυ-</span> 
     </span>
    </p>
   </div>
   <div class='ocr_carea' id='block_1_20' title="bbox 91 857 884 894">
    <p class='ocr_par' dir='ltr' id='par_1_20' title="bbox 91 857 884 894">
     <span class='ocr_line' id='line_1_20' title="bbox 91 857 884 894; baseline -0.003 -9"><span class='ocrx_word' id='word_1_177' title='bbox 91 859 208 894; x_wconf 80' lang='grc' dir='ltr'>νάμενος</span> <span class='ocrx_word' id='word_1_178' title='bbox 214 859 334 894; x_wconf 75' lang='grc' dir='ltr'>ἐξευρεῖν</span> <span class='ocrx_word' id='word_1_179' title='bbox 341 859 385 885; x_wconf 79' lang='grc' dir='ltr'>τὸν</span> <span class='ocrx_word' id='word_1_180' title='bbox 393 859 480 893; x_wconf 87' lang='grc' dir='ltr'>λόγον,</span> <span class='ocrx_word' id='word_1_181' title='bbox 489 859 547 891; x_wconf 82' lang='grc' dir='ltr'>πῶς</span> <span class='ocrx_word' id='word_1_182' title='bbox 555 860 570 894; x_wconf 84' lang='grc' dir='ltr'>ἡ</span> <span class='ocrx_word' id='word_1_183' title='bbox 580 859 640 894; x_wconf 84' lang='grc' dir='ltr'>τριή</span> <span class='ocrx_word' id='word_1_184' title='bbox 646 867 677 894; x_wconf 89' lang='grc' dir='ltr'>με</span> <span class='ocrx_word' id='word_1_185' title='bbox 682 867 725 893; x_wconf 86' lang='grc' dir='ltr'>ρος</span> <span class='ocrx_word' id='word_1_186' title='bbox 734 857 781 884; x_wconf 82' lang='grc' dir='ltr'>τοῦ</span> <span class='ocrx_word' id='word_1_187' title='bbox 789 857 884 892; x_wconf 83' lang='grc' dir='ltr'>χρόνου</span> 
     </span>
    </p>
   </div>
   <div class='ocr_carea' id='block_1_21' title="bbox 94 902 885 939">
    <p class='ocr_par' dir='ltr' id='par_1_21' title="bbox 94 902 885 939">
     <span class='ocr_line' id='line_1_21' title="bbox 94 902 885 939; baseline -0.003 -10"><span class='ocrx_word' id='word_1_188' title='bbox 94 903 249 938; x_wconf 80' lang='grc' dir='ltr'>παράτασις</span> <span class='ocrx_word' id='word_1_189' title='bbox 257 903 323 938; x_wconf 79' lang='grc' dir='ltr'>πρὸς</span> <span class='ocrx_word' id='word_1_190' title='bbox 329 903 379 939; x_wconf 84' lang='grc' dir='ltr'>τὴν</span> <span class='ocrx_word' id='word_1_191' title='bbox 385 903 518 930; x_wconf 76' lang='grc' dir='ltr'>τοσούτων</span> <span class='ocrx_word' id='word_1_192' title='bbox 528 903 650 938; x_wconf 80' lang='grc' dir='ltr'>ἀστέρων</span> <span class='ocrx_word' id='word_1_193' title='bbox 660 903 794 938; x_wconf 84' lang='grc' dir='ltr'>διάκρισιν</span> <span class='ocrx_word' id='word_1_194' title='bbox 803 902 885 937; x_wconf 77' lang='grc' dir='ltr'>ἦρκε-</span> 
     </span>
    </p>
   </div>
   <div class='ocr_carea' id='block_1_22' title="bbox 96 947 888 985">
    <p class='ocr_par' dir='ltr' id='par_1_22' title="bbox 96 947 888 985">
     <span class='ocr_line' id='line_1_22' title="bbox 96 947 888 985; baseline -0.001 -10"><span class='ocrx_word' id='word_1_195' title='bbox 96 957 154 981; x_wconf 88' lang='grc' dir='ltr'>σεν,</span> <span class='ocrx_word' id='word_1_196' title='bbox 166 949 183 984; x_wconf 80' lang='grc' dir='ltr'>ἦ</span> <span class='ocrx_word' id='word_1_197' title='bbox 197 949 255 980; x_wconf 81' lang='grc' dir='ltr'>πῶς</span> <span class='ocrx_word' id='word_1_198' title='bbox 262 949 306 975; x_wconf 84' lang='grc' dir='ltr'>διὰ</span> <span class='ocrx_word' id='word_1_199' title='bbox 315 949 363 985; x_wconf 84' lang='grc' dir='ltr'>τὴν</span> <span class='ocrx_word' id='word_1_200' title='bbox 374 949 488 984; x_wconf 79' lang='grc' dir='ltr'>ἄπειρον</span> <span class='ocrx_word' id='word_1_201' title='bbox 498 949 547 983; x_wconf 86' lang='grc' dir='ltr'>τῆς</span> <span class='ocrx_word' id='word_1_202' title='bbox 558 948 693 980; x_wconf 84' lang='grc' dir='ltr'>ἀπλανοῦς</span> <span class='ocrx_word' id='word_1_203' title='bbox 703 948 819 983; x_wconf 85' lang='grc' dir='ltr'>σφαίρας</span> <span class='ocrx_word' id='word_1_204' title='bbox 832 947 888 974; x_wconf 81' lang='grc' dir='ltr'>τῶν</span> 
     </span>
    </p>
   </div>
   <div class='ocr_carea' id='block_1_23' title="bbox 95 993 885 1029">
    <p class='ocr_par' dir='ltr' id='par_1_23' title="bbox 95 993 885 1029">
     <span class='ocr_line' id='line_1_23' title="bbox 95 993 885 1029; baseline -0.003 -9"><span class='ocrx_word' id='word_1_205' title='bbox 95 993 244 1028; x_wconf 81' lang='grc' dir='ltr'>περιγείων</span> <span class='ocrx_word' id='word_1_206' title='bbox 255 993 401 1021; x_wconf 83' lang='grc' dir='ltr'>ὑπόστασιν</span> <span class='ocrx_word' id='word_1_207' title='bbox 412 995 440 1020; x_wconf 81' lang='grc' dir='ltr'>ἐν</span> <span class='ocrx_word' id='word_1_208' title='bbox 452 994 526 1029; x_wconf 82' lang='grc' dir='ltr'>μέσῳ</span> <span class='ocrx_word' id='word_1_209' title='bbox 534 993 580 1020; x_wconf 82' lang='grc' dir='ltr'>τοῦ</span> <span class='ocrx_word' id='word_1_210' title='bbox 590 994 688 1025; x_wconf 85' lang='grc' dir='ltr'>παντὸς</span> <span class='ocrx_word' id='word_1_211' title='bbox 695 993 885 1028; x_wconf 74' lang='grc' dir='ltr'>διαστήματος,</span> 
     </span>
    </p>
   </div>
   <div class='ocr_carea' id='block_1_24' title="bbox 96 1038 888 1075">
    <p class='ocr_par' dir='ltr' id='par_1_24' title="bbox 96 1038 888 1075">
     <span class='ocr_line' id='line_1_24' title="bbox 96 1038 888 1075; baseline -0.001 -10"><span class='ocrx_word' id='word_1_212' title='bbox 96 1039 147 1074; x_wconf 76' lang='grc' dir='ltr'>τὴν</span> <span class='ocrx_word' id='word_1_213' title='bbox 161 1038 275 1075; x_wconf 84' lang='grc' dir='ltr'>ἡλιακὴν</span> <span class='ocrx_word' id='word_1_214' title='bbox 289 1038 368 1074; x_wconf 86' lang='grc' dir='ltr'>φύσιν</span> <span class='ocrx_word' id='word_1_215' title='bbox 398 1041 414 1074; x_wconf 84' lang='grc' dir='ltr'><strong>ὴ</strong></span> <span class='ocrx_word' id='word_1_216' title='bbox 436 1039 540 1074; x_wconf 87' lang='grc' dir='ltr'>μεγάλη</span> <span class='ocrx_word' id='word_1_217' title='bbox 560 1039 606 1066; x_wconf 82' lang='grc' dir='ltr'>τοῦ</span> <span class='ocrx_word' id='word_1_218' title='bbox 627 1039 694 1066; x_wconf 90' lang='grc' dir='ltr'>Θεοῦ</span> <span class='ocrx_word' id='word_1_219' title='bbox 723 1039 802 1073; x_wconf 90' lang='grc' dir='ltr'>σοφία</span> <span class='ocrx_word' id='word_1_220' title='bbox 822 1046 888 1065; x_wconf 90' lang='grc' dir='ltr'>κατ-</span> 
     </span>
    </p>
   </div>
   <div class='ocr_carea' id='block_1_25' title="bbox 97 1084 886 1121">
    <p class='ocr_par' dir='ltr' id='par_1_25' title="bbox 97 1084 886 1121">
     <span class='ocr_line' id='line_1_25' title="bbox 97 1084 886 1121; baseline -0.001 -10"><span class='ocrx_word' id='word_1_221' title='bbox 97 1085 203 1120; x_wconf 79' lang='grc' dir='ltr'>έταξεν,</span> <span class='ocrx_word' id='word_1_222' title='bbox 220 1086 257 1117; x_wconf 87' lang='grc' dir='ltr'>ὡς</span> <span class='ocrx_word' id='word_1_223' title='bbox 280 1085 312 1112; x_wconf 85' lang='grc' dir='ltr'>ἂν</span> <span class='ocrx_word' id='word_1_224' title='bbox 333 1085 369 1121; x_wconf 87' lang='grc' dir='ltr'>μὴ</span> <span class='ocrx_word' id='word_1_225' title='bbox 390 1086 500 1117; x_wconf 85' lang='grc' dir='ltr'>τελείως</span> <span class='ocrx_word' id='word_1_226' title='bbox 523 1088 551 1113; x_wconf 80' lang='grc' dir='ltr'>ὲν</span> <span class='ocrx_word' id='word_1_227' title='bbox 569 1085 608 1121; x_wconf 86' lang='grc' dir='ltr'>τῷ</span> <span class='ocrx_word' id='word_1_228' title='bbox 628 1086 715 1121; x_wconf 85' lang='grc' dir='ltr'>σκότῳ</span> <span class='ocrx_word' id='word_1_229' title='bbox 728 1084 886 1120; x_wconf 73' lang='grc' dir='ltr'>διαϐιῶμεν,</span> 
     </span>
    </p>
   </div>
   <div class='ocr_carea' id='block_1_26' title="bbox 97 1131 888 1168">
    <p class='ocr_par' dir='ltr' id='par_1_26' title="bbox 97 1131 888 1168">
     <span class='ocr_line' id='line_1_26' title="bbox 97 1131 888 1168; baseline -0.003 -9"><span class='ocrx_word' id='word_1_230' title='bbox 97 1133 149 1167; x_wconf 86' lang='grc' dir='ltr'>τῆς</span> <span class='ocrx_word' id='word_1_231' title='bbox 165 1133 198 1159; x_wconf 82' lang='grc' dir='ltr'>ὲκ</span> <span class='ocrx_word' id='word_1_232' title='bbox 209 1132 264 1158; x_wconf 85' lang='grc' dir='ltr'>τῶν</span> <span class='ocrx_word' id='word_1_233' title='bbox 276 1132 383 1168; x_wconf 80' lang='grc' dir='ltr'>ἄστρων</span> <span class='ocrx_word' id='word_1_234' title='bbox 396 1131 627 1167; x_wconf 81' lang='grc' dir='ltr'>ἀπαυγαζομένης</span> <span class='ocrx_word' id='word_1_235' title='bbox 642 1131 812 1167; x_wconf 86' lang='grc' dir='ltr'>λαμπηδόνος</span> <span class='ocrx_word' id='word_1_236' title='bbox 824 1131 888 1166; x_wconf 82' lang='grc' dir='ltr'>πρὶν</span> 
     </span>
    </p>
   </div>
   <div class='ocr_carea' id='block_1_27' title="bbox 96 1177 889 1215">
    <p class='ocr_par' dir='ltr' id='par_1_27' title="bbox 96 1177 889 1215">
     <span class='ocr_line' id='line_1_27' title="bbox 96 1177 889 1215; baseline -0.003 -10"><span class='ocrx_word' id='word_1_237' title='bbox 96 1179 116 1215; x_wconf 76' lang='grc' dir='ltr'>ἢ</span> <span class='ocrx_word' id='word_1_238' title='bbox 127 1180 167 1210; x_wconf 84' lang='grc' dir='ltr'>είς</span> <span class='ocrx_word' id='word_1_239' title='bbox 178 1179 252 1214; x_wconf 81' lang='grc' dir='ltr'>ἡμᾶς</span> <span class='ocrx_word' id='word_1_240' title='bbox 268 1178 353 1205; x_wconf 72' lang='grc' dir='ltr'>ἐλθεῖν</span> <span class='ocrx_word' id='word_1_241' title='bbox 368 1178 594 1213; x_wconf 84' lang='grc' dir='ltr'>ὲνδαπανωμένης</span> <span class='ocrx_word' id='word_1_242' title='bbox 610 1177 648 1213; x_wconf 85' lang='grc' dir='ltr'>τῷ</span> <span class='ocrx_word' id='word_1_243' title='bbox 660 1177 759 1213; x_wconf 75' lang='grc' dir='ltr'>μεταξὺ</span> <span class='ocrx_word' id='word_1_244' title='bbox 777 1177 889 1211; x_wconf 88' lang='grc' dir='ltr'>διαστή-</span> 
     </span>
    </p>
   </div>
   <div class='ocr_carea' id='block_1_28' title="bbox 101 1221 890 1260">
    <p class='ocr_par' dir='ltr' id='par_1_28' title="bbox 101 1221 890 1260">
     <span class='ocr_line' id='line_1_28' title="bbox 101 1221 890 1260; baseline -0.004 -8"><span class='ocrx_word' id='word_1_245' title='bbox 101 1234 178 1260; x_wconf 79' lang='grc' dir='ltr'>ματι.</span> <span class='ocrx_word' id='word_1_246' title='bbox 196 1221 234 1252; x_wconf 59' lang='lat' dir='ltr'>UB</span> <span class='ocrx_word' id='word_1_247' title='bbox 245 1225 324 1260; x_wconf 87' lang='grc' dir='ltr'>χάριν</span> <span class='ocrx_word' id='word_1_248' title='bbox 335 1225 384 1260; x_wconf 82' lang='grc' dir='ltr'>τὴν</span> <span class='ocrx_word' id='word_1_249' title='bbox 399 1224 587 1260; x_wconf 79' lang='grc' dir='ltr'>ἒκλαμπτικὴν</span> <span class='ocrx_word' id='word_1_250' title='bbox 598 1224 646 1259; x_wconf 87' lang='grc' dir='ltr'>τῆς</span> <span class='ocrx_word' id='word_1_251' title='bbox 656 1223 773 1259; x_wconf 83' lang='grc' dir='ltr'>ἡλιακῆς</span> <span class='ocrx_word' id='word_1_252' title='bbox 784 1223 890 1258; x_wconf 84' lang='grc' dir='ltr'>φύσεως</span> 
     </span>
    </p>
   </div>
   <div class='ocr_carea' id='block_1_29' title="bbox 98 1269 890 1306">
    <p class='ocr_par' dir='ltr' id='par_1_29' title="bbox 98 1269 890 1306">
     <span class='ocr_line' id='line_1_29' title="bbox 98 1269 890 1306; baseline -0.003 -9"><span class='ocrx_word' id='word_1_253' title='bbox 98 1270 215 1306; x_wconf 76' lang='grc' dir='ltr'>δύναμιν</span> <span class='ocrx_word' id='word_1_254' title='bbox 238 1270 364 1297; x_wconf 84' lang='grc' dir='ltr'>τοσοῦτον</span> <span class='ocrx_word' id='word_1_255' title='bbox 401 1271 480 1306; x_wconf 83' lang='grc' dir='ltr'>ἡμῶν</span> <span class='ocrx_word' id='word_1_256' title='bbox 505 1270 689 1306; x_wconf 83' lang='grc' dir='ltr'>ὑπερέθηκεν,</span> <span class='ocrx_word' id='word_1_257' title='bbox 723 1269 792 1296; x_wconf 84' lang='grc' dir='ltr'>ὥστε</span> <span class='ocrx_word' id='word_1_258' title='bbox 822 1270 890 1304; x_wconf 87' lang='grc' dir='ltr'>μήτε</span> 
     </span>
    </p>
   </div>
   <div class='ocr_carea' id='block_1_30' title="bbox 100 1316 890 1351">
    <p class='ocr_par' dir='ltr' id='par_1_30' title="bbox 100 1316 890 1351">
     <span class='ocr_line' id='line_1_30' title="bbox 100 1316 890 1351; baseline 0 -10"><span class='ocrx_word' id='word_1_259' title='bbox 100 1316 292 1351; x_wconf 84' lang='grc' dir='ltr'>ἀμαυροῦσθαι</span> <span class='ocrx_word' id='word_1_260' title='bbox 303 1316 353 1351; x_wconf 86' lang='grc' dir='ltr'>τὴν</span> <span class='ocrx_word' id='word_1_261' title='bbox 367 1316 462 1343; x_wconf 77' lang='grc' dir='ltr'>ἀκτῖνα</span> <span class='ocrx_word' id='word_1_262' title='bbox 472 1316 511 1351; x_wconf 86' lang='grc' dir='ltr'>τῷ</span> <span class='ocrx_word' id='word_1_263' title='bbox 528 1316 616 1351; x_wconf 90' lang='grc' dir='ltr'>πολλῷ</span> <span class='ocrx_word' id='word_1_264' title='bbox 632 1316 805 1351; x_wconf 76' lang='grc' dir='ltr'>διαστήματι,</span> <span class='ocrx_word' id='word_1_265' title='bbox 822 1316 890 1350; x_wconf 87' lang='grc' dir='ltr'>μήτε</span> 
     </span>
    </p>
   </div>
   <div class='ocr_carea' id='block_1_31' title="bbox 99 1361 891 1398">
    <p class='ocr_par' dir='ltr' id='par_1_31' title="bbox 99 1361 891 1398">
     <span class='ocr_line' id='line_1_31' title="bbox 99 1361 891 1398; baseline -0.004 -9"><span class='ocrx_word' id='word_1_266' title='bbox 99 1362 141 1397; x_wconf 85' lang='grc' dir='ltr'>τῷ</span> <span class='ocrx_word' id='word_1_267' title='bbox 153 1363 223 1396; x_wconf 79' lang='grc' dir='ltr'>ἄγαν</span> <span class='ocrx_word' id='word_1_268' title='bbox 237 1362 433 1398; x_wconf 82' lang='grc' dir='ltr'>προσεγγισμῷ</span> <span class='ocrx_word' id='word_1_269' title='bbox 447 1362 570 1398; x_wconf 79' lang='grc' dir='ltr'>λυπηρὰν</span> <span class='ocrx_word' id='word_1_270' title='bbox 586 1361 665 1394; x_wconf 78' lang='grc' dir='ltr'>εἶναι,</span> <span class='ocrx_word' id='word_1_271' title='bbox 682 1362 699 1397; x_wconf 84' lang='grc' dir='ltr'>ἢ</span> <span class='ocrx_word' id='word_1_272' title='bbox 720 1362 779 1393; x_wconf 83' lang='grc' dir='ltr'>πῶς</span> <span class='ocrx_word' id='word_1_273' title='bbox 794 1361 824 1387; x_wconf 79' lang='grc' dir='ltr'>τὺ</span> <span class='ocrx_word' id='word_1_274' title='bbox 836 1361 891 1387; x_wconf 84' lang='grc' dir='ltr'>ὑλι-</span> 
     </span>
    </p>
   </div>
   <div class='ocr_carea' id='block_1_32' title="bbox 102 1407 891 1445">
    <p class='ocr_par' dir='ltr' id='par_1_32' title="bbox 102 1407 891 1445">
     <span class='ocr_line' id='line_1_32' title="bbox 102 1407 891 1445; baseline -0.005 -9"><span class='ocrx_word' id='word_1_275' title='bbox 102 1409 222 1445; x_wconf 83' lang='grc' dir='ltr'>κώτερόν</span> <span class='ocrx_word' id='word_1_276' title='bbox 237 1418 266 1435; x_wconf 87' lang='grc' dir='ltr'>τε</span> <span class='ocrx_word' id='word_1_277' title='bbox 281 1408 330 1435; x_wconf 79' lang='grc' dir='ltr'>καὶ</span> <span class='ocrx_word' id='word_1_278' title='bbox 347 1409 499 1444; x_wconf 81' lang='grc' dir='ltr'>παχύτερον</span> <span class='ocrx_word' id='word_1_279' title='bbox 515 1411 547 1435; x_wconf 81' lang='grc' dir='ltr'>ἐκ</span> <span class='ocrx_word' id='word_1_280' title='bbox 566 1409 619 1435; x_wconf 86' lang='grc' dir='ltr'>τῶν</span> <span class='ocrx_word' id='word_1_281' title='bbox 632 1407 845 1444; x_wconf 85' lang='grc' dir='ltr'>ὑπερκειμένων,</span> <span class='ocrx_word' id='word_1_282' title='bbox 862 1407 891 1433; x_wconf 80' lang='grc' dir='ltr'>τὸ</span> 
     </span>
    </p>
   </div>
   <div class='ocr_carea' id='block_1_33' title="bbox 102 1454 892 1491">
    <p class='ocr_par' dir='ltr' id='par_1_33' title="bbox 102 1454 892 1491">
     <span class='ocr_line' id='line_1_33' title="bbox 102 1454 892 1491; baseline -0.004 -9"><span class='ocrx_word' id='word_1_283' title='bbox 102 1456 244 1491; x_wconf 84' lang='grc' dir='ltr'>σεληναῖον</span> <span class='ocrx_word' id='word_1_284' title='bbox 259 1455 339 1491; x_wconf 84' lang='grc' dir='ltr'>σῶμά</span> <span class='ocrx_word' id='word_1_285' title='bbox 356 1464 436 1491; x_wconf 82' lang='grc' dir='ltr'>φημι,</span> <span class='ocrx_word' id='word_1_286' title='bbox 457 1456 525 1491; x_wconf 81' lang='grc' dir='ltr'>πρὸς</span> <span class='ocrx_word' id='word_1_287' title='bbox 539 1455 568 1481; x_wconf 84' lang='grc' dir='ltr'>τὸ</span> <span class='ocrx_word' id='word_1_288' title='bbox 584 1454 738 1489; x_wconf 84' lang='grc' dir='ltr'>κατώτερον</span> <span class='ocrx_word' id='word_1_289' title='bbox 756 1454 892 1481; x_wconf 82' lang='grc' dir='ltr'>κατεσπά-</span> 
     </span>
    </p>
   </div>
   <div class='ocr_carea' id='block_1_34' title="bbox 104 1495 892 1536">
    <p class='ocr_par' dir='ltr' id='par_1_34' title="bbox 104 1495 892 1536">
     <span class='ocr_line' id='line_1_34' title="bbox 104 1495 892 1536; baseline -0.004 -9"><span class='ocrx_word' id='word_1_290' title='bbox 104 1500 166 1536; x_wconf 82' lang='grc' dir='ltr'>σθη,</span> <span class='ocrx_word' id='word_1_291' title='bbox 178 1501 280 1527; x_wconf 76' lang='grc' dir='ltr'>καὶτὸν</span> <span class='ocrx_word' id='word_1_292' title='bbox 291 1501 429 1536; x_wconf 83' lang='grc' dir='ltr'>περίγειον</span> <span class='ocrx_word' id='word_1_293' title='bbox 438 1500 525 1535; x_wconf 80' lang='grc' dir='ltr'>χῶρον</span> <span class='ocrx_word' id='word_1_294' title='bbox 536 1501 695 1535; x_wconf 84' lang='grc' dir='ltr'>περιπολεῖ·</span> <span class='ocrx_word' id='word_1_295' title='bbox 709 1495 739 1525; x_wconf 75' lang='grc' dir='ltr'>οὗ</span> <span class='ocrx_word' id='word_1_296' title='bbox 755 1499 824 1533; x_wconf 87' lang='grc' dir='ltr'>μέση</span> <span class='ocrx_word' id='word_1_297' title='bbox 835 1507 892 1530; x_wconf 87' lang='grc' dir='ltr'>πως</span> 
     </span>
    </p>
   </div>
   <div class='ocr_carea' id='block_1_35' title="bbox 101 1545 892 1582">
    <p class='ocr_par' dir='ltr' id='par_1_35' title="bbox 101 1545 892 1582">
     <span class='ocr_line' id='line_1_35' title="bbox 101 1545 892 1582; baseline -0.004 -9"><span class='ocrx_word' id='word_1_298' title='bbox 101 1547 248 1582; x_wconf 79' lang='grc' dir='ltr'>θεωρεῖται</span> <span class='ocrx_word' id='word_1_299' title='bbox 267 1547 284 1582; x_wconf 84' lang='grc' dir='ltr'>ἠ</span> <span class='ocrx_word' id='word_1_300' title='bbox 300 1547 390 1581; x_wconf 82' lang='grc' dir='ltr'>φύσις,</span> <span class='ocrx_word' id='word_1_301' title='bbox 405 1547 454 1582; x_wconf 86' lang='grc' dir='ltr'>τῆς</span> <span class='ocrx_word' id='word_1_302' title='bbox 464 1555 494 1573; x_wconf 92' lang='grc' dir='ltr'>τε</span> <span class='ocrx_word' id='word_1_303' title='bbox 514 1545 666 1581; x_wconf 82' lang='grc' dir='ltr'>ἀλαμποῦς,</span> <span class='ocrx_word' id='word_1_304' title='bbox 683 1546 730 1572; x_wconf 78' lang='grc' dir='ltr'>καὶ</span> <span class='ocrx_word' id='word_1_305' title='bbox 744 1546 792 1580; x_wconf 86' lang='grc' dir='ltr'>τῆς</span> <span class='ocrx_word' id='word_1_306' title='bbox 807 1554 892 1579; x_wconf 86' lang='grc' dir='ltr'>φωτι-</span> 
     </span>
    </p>
   </div>
   <div class='ocr_carea' id='block_1_36' title="bbox 104 1591 893 1628">
    <p class='ocr_par' dir='ltr' id='par_1_36' title="bbox 104 1591 893 1628">
     <span class='ocr_line' id='line_1_36' title="bbox 104 1591 893 1628; baseline -0.005 -8"><span class='ocrx_word' id='word_1_307' title='bbox 104 1594 201 1628; x_wconf 85' lang='grc' dir='ltr'>στικῆς</span> <span class='ocrx_word' id='word_1_308' title='bbox 215 1593 355 1628; x_wconf 83' lang='grc' dir='ltr'>δυνάμεως</span> <span class='ocrx_word' id='word_1_309' title='bbox 377 1592 446 1619; x_wconf 80' lang='grc' dir='ltr'>κατὰ</span> <span class='ocrx_word' id='word_1_310' title='bbox 466 1593 497 1618; x_wconf 80' lang='grc' dir='ltr'>τὸ</span> <span class='ocrx_word' id='word_1_311' title='bbox 515 1593 569 1620; x_wconf 84' lang='grc' dir='ltr'>ῐσον</span> <span class='ocrx_word' id='word_1_312' title='bbox 593 1591 752 1627; x_wconf 86' lang='grc' dir='ltr'>μετέχουσα,</span> <span class='ocrx_word' id='word_1_313' title='bbox 769 1591 825 1626; x_wconf 86' lang='grc' dir='ltr'>Τὴν</span> <span class='ocrx_word' id='word_1_314' title='bbox 844 1591 893 1625; x_wconf 82' lang='grc' dir='ltr'>μὲν</span> 
     </span>
    </p>
   </div>
   <div class='ocr_carea' id='block_1_37' title="bbox 972 755 1717 795">
    <p class='ocr_par' dir='ltr' id='par_1_37' title="bbox 972 755 1717 795">
     <span class='ocr_line' id='line_1_37' title="bbox 972 755 1717 795; baseline -0.015 -3"><span class='ocrx_word' id='word_1_315' title='bbox 972 764 1034 792; x_wconf 68' lang='lat' dir='ltr'><strong>Haec</strong></span> <span class='ocrx_word' id='word_1_316' title='bbox 1052 769 1078 792; x_wconf 88' lang='lat' dir='ltr'>et</span> <span class='ocrx_word' id='word_1_317' title='bbox 1099 764 1196 791; x_wconf 84' lang='lat' dir='ltr'><strong>similia</strong></span> <span class='ocrx_word' id='word_1_318' title='bbox 1214 766 1278 790; x_wconf 91' lang='lat' dir='ltr'><strong>sunt</strong></span> <span class='ocrx_word' id='word_1_319' title='bbox 1295 769 1326 788; x_wconf 89' lang='lat' dir='ltr'>ea</span> <span class='ocrx_word' id='word_1_320' title='bbox 1342 768 1402 795; x_wconf 81' lang='lat' dir='ltr'><strong>quae</strong></span> <span class='ocrx_word' id='word_1_321' title='bbox 1418 766 1496 785; x_wconf 82' lang='lat' dir='ltr'><strong>mens</strong></span> <span class='ocrx_word' id='word_1_322' title='bbox 1510 757 1645 792; x_wconf 76' lang='lat' dir='ltr'><strong>aspiciens</strong></span> <span class='ocrx_word' id='word_1_323' title='bbox 1663 755 1717 782; x_wconf 74' lang='lat' dir='ltr'><strong>ha:-</strong></span> 
     </span>
    </p>
   </div>
   <div class='ocr_carea' id='block_1_38' title="bbox 937 805 1716 841">
    <p class='ocr_par' dir='ltr' id='par_1_38' title="bbox 937 805 1716 841">
     <span class='ocr_line' id='line_1_38' title="bbox 937 805 1716 841; baseline -0.012 -4"><span class='ocrx_word' id='word_1_324' title='bbox 937 811 1013 841; x_wconf 84' lang='lat' dir='ltr'><strong>sitat,</strong></span> <span class='ocrx_word' id='word_1_325' title='bbox 1031 814 1058 837; x_wconf 91' lang='lat' dir='ltr'>et</span> <span class='ocrx_word' id='word_1_326' title='bbox 1071 809 1287 836; x_wconf 75' lang='lat' dir='ltr'><strong>imbecillitatem</strong></span> <span class='ocrx_word' id='word_1_327' title='bbox 1300 814 1332 834; x_wconf 89' lang='lat' dir='ltr'>ac</span> <span class='ocrx_word' id='word_1_328' title='bbox 1349 805 1490 841; x_wconf 73' lang='lat' dir='ltr'><strong>segnitiem</strong></span> <span class='ocrx_word' id='word_1_329' title='bbox 1505 810 1582 831; x_wconf 91' lang='lat' dir='ltr'><strong>suam</strong></span> <span class='ocrx_word' id='word_1_330' title='bbox 1596 805 1716 832; x_wconf 82' lang='lat' dir='ltr'><strong>accusat,</strong></span> 
     </span>
    </p>
   </div>
   <div class='ocr_carea' id='block_1_39' title="bbox 938 850 1718 890">
    <p class='ocr_par' dir='ltr' id='par_1_39' title="bbox 938 850 1718 890">
     <span class='ocr_line' id='line_1_39' title="bbox 938 850 1718 890; baseline -0.013 -8"><span class='ocrx_word' id='word_1_331' title='bbox 938 855 1010 890; x_wconf 90' lang='lat' dir='ltr'><strong>quod</strong></span> <span class='ocrx_word' id='word_1_332' title='bbox 1034 855 1167 882; x_wconf 80' lang='lat' dir='ltr'><strong>rationein</strong></span> <span class='ocrx_word' id='word_1_333' title='bbox 1189 853 1344 888; x_wconf 73' lang='lat' dir='ltr'><strong>excogitare</strong></span> <span class='ocrx_word' id='word_1_334' title='bbox 1371 859 1424 879; x_wconf 91' lang='lat' dir='ltr'>non</span> <span class='ocrx_word' id='word_1_335' title='bbox 1450 850 1546 885; x_wconf 84' lang='lat' dir='ltr'><strong>possit,</strong></span> <span class='ocrx_word' id='word_1_336' title='bbox 1571 855 1625 883; x_wconf 81' lang='lat' dir='ltr'>qua</span> <span class='ocrx_word' id='word_1_337' title='bbox 1648 854 1718 882; x_wconf 73' lang='lat' dir='ltr'><strong>pra:-</strong></span> 
     </span>
    </p>
   </div>
   <div class='ocr_carea' id='block_1_40' title="bbox 938 893 1719 932">
    <p class='ocr_par' dir='ltr' id='par_1_40' title="bbox 938 893 1719 932">
     <span class='ocr_line' id='line_1_40' title="bbox 938 893 1719 932; baseline -0.014 -3"><span class='ocrx_word' id='word_1_338' title='bbox 938 902 1043 929; x_wconf 90' lang='lat' dir='ltr'><strong>ﬁnitum</strong></span> <span class='ocrx_word' id='word_1_339' title='bbox 1070 901 1150 928; x_wconf 85' lang='lat' dir='ltr'><strong>trium</strong></span> <span class='ocrx_word' id='word_1_340' title='bbox 1173 900 1279 927; x_wconf 90' lang='lat' dir='ltr'><strong>dierum</strong></span> <span class='ocrx_word' id='word_1_341' title='bbox 1305 897 1423 932; x_wconf 87' lang='lat' dir='ltr'><strong>spatium</strong></span> <span class='ocrx_word' id='word_1_342' title='bbox 1449 895 1483 922; x_wconf 88' lang='lat' dir='ltr'>ad</span> <span class='ocrx_word' id='word_1_343' title='bbox 1511 898 1553 921; x_wconf 89' lang='lat' dir='ltr'>tot</span> <span class='ocrx_word' id='word_1_344' title='bbox 1580 893 1719 921; x_wconf 86' lang='lat' dir='ltr'><strong>stellarum</strong></span> 
     </span>
    </p>
   </div>
   <div class='ocr_carea' id='block_1_41' title="bbox 938 938 1720 976">
    <p class='ocr_par' dir='ltr' id='par_1_41' title="bbox 938 938 1720 976">
     <span class='ocr_line' id='line_1_41' title="bbox 938 938 1720 976; baseline -0.014 -1"><span class='ocrx_word' id='word_1_345' title='bbox 938 947 1142 976; x_wconf 82' lang='lat' dir='ltr'><strong>distinctionem</strong></span> <span class='ocrx_word' id='word_1_346' title='bbox 1160 945 1227 973; x_wconf 87' lang='lat' dir='ltr'><strong>satis</strong></span> <span class='ocrx_word' id='word_1_347' title='bbox 1241 944 1341 972; x_wconf 81' lang='lat' dir='ltr'><strong>fuerit:</strong></span> <span class='ocrx_word' id='word_1_348' title='bbox 1356 947 1402 969; x_wconf 86' lang='lat' dir='ltr'>aut</span> <span class='ocrx_word' id='word_1_349' title='bbox 1418 940 1563 976; x_wconf 74' lang='lat' dir='ltr'><strong>quomodo,</strong></span> <span class='ocrx_word' id='word_1_350' title='bbox 1580 946 1642 966; x_wconf 88' lang='lat' dir='ltr'>cum</span> <span class='ocrx_word' id='word_1_351' title='bbox 1659 938 1720 965; x_wconf 91' lang='lat' dir='ltr'><strong>inﬁ-</strong></span> 
     </span>
    </p>
   </div>
   <div class='ocr_carea' id='block_1_42' title="bbox 937 985 1720 1025">
    <p class='ocr_par' dir='ltr' id='par_1_42' title="bbox 937 985 1720 1025">
     <span class='ocr_line' id='line_1_42' title="bbox 937 985 1720 1025; baseline -0.014 -4"><span class='ocrx_word' id='word_1_352' title='bbox 937 994 994 1021; x_wconf 91' lang='lat' dir='ltr'><strong>nita</strong></span> <span class='ocrx_word' id='word_1_353' title='bbox 1009 996 1080 1021; x_wconf 87' lang='lat' dir='ltr'><strong>esset</strong></span> <span class='ocrx_word' id='word_1_354' title='bbox 1094 991 1240 1019; x_wconf 86' lang='lat' dir='ltr'><strong>inerrantis</strong></span> <span class='ocrx_word' id='word_1_355' title='bbox 1255 990 1365 1025; x_wconf 69' lang='lat' dir='ltr'><strong>sphaerae</strong></span> <span class='ocrx_word' id='word_1_356' title='bbox 1381 989 1414 1015; x_wconf 87' lang='lat' dir='ltr'>ab</span> <span class='ocrx_word' id='word_1_357' title='bbox 1435 989 1467 1015; x_wconf 87' lang='lat' dir='ltr'>iis</span> <span class='ocrx_word' id='word_1_358' title='bbox 1488 994 1547 1021; x_wconf 65' lang='lat' dir='ltr'>qum</span> <span class='ocrx_word' id='word_1_359' title='bbox 1567 989 1630 1014; x_wconf 88' lang='lat' dir='ltr'><strong>sunt</strong></span> <span class='ocrx_word' id='word_1_360' title='bbox 1646 985 1720 1012; x_wconf 86' lang='lat' dir='ltr'><strong>circa</strong></span> 
     </span>
    </p>
   </div>
   <div class='ocr_carea' id='block_1_43' title="bbox 938 1030 1721 1070">
    <p class='ocr_par' dir='ltr' id='par_1_43' title="bbox 938 1030 1721 1070">
     <span class='ocr_line' id='line_1_43' title="bbox 938 1030 1721 1070; baseline -0.014 -3"><span class='ocrx_word' id='word_1_361' title='bbox 938 1045 1038 1068; x_wconf 85' lang='lat' dir='ltr'><strong>terram</strong></span> <span class='ocrx_word' id='word_1_362' title='bbox 1048 1038 1187 1070; x_wconf 84' lang='lat' dir='ltr'><strong>distantia,</strong></span> <span class='ocrx_word' id='word_1_363' title='bbox 1201 1037 1229 1064; x_wconf 86' lang='lat' dir='ltr'>in</span> <span class='ocrx_word' id='word_1_364' title='bbox 1241 1035 1332 1063; x_wconf 88' lang='lat' dir='ltr'><strong>medio</strong></span> <span class='ocrx_word' id='word_1_365' title='bbox 1346 1033 1439 1061; x_wconf 89' lang='lat' dir='ltr'><strong>mundi</strong></span> <span class='ocrx_word' id='word_1_366' title='bbox 1455 1033 1542 1067; x_wconf 84' lang='lat' dir='ltr'><strong>spatio</strong></span> <span class='ocrx_word' id='word_1_367' title='bbox 1560 1038 1657 1066; x_wconf 77' lang='lat' dir='ltr'><strong>magna</strong></span> <span class='ocrx_word' id='word_1_368' title='bbox 1674 1030 1721 1056; x_wconf 84' lang='lat' dir='ltr'><strong>Dei</strong></span> 
     </span>
    </p>
   </div>
   <div class='ocr_carea' id='block_1_44' title="bbox 939 1075 1719 1120">
    <p class='ocr_par' dir='ltr' id='par_1_44' title="bbox 939 1075 1719 1120">
     <span class='ocr_line' id='line_1_44' title="bbox 939 1075 1719 1120; baseline -0.017 -8"><span class='ocrx_word' id='word_1_369' title='bbox 939 1084 1074 1120; x_wconf 83' lang='lat' dir='ltr'><strong>sapientia</strong></span> <span class='ocrx_word' id='word_1_370' title='bbox 1099 1083 1183 1110; x_wconf 89' lang='lat' dir='ltr'><strong>solem</strong></span> <span class='ocrx_word' id='word_1_371' title='bbox 1208 1079 1395 1112; x_wconf 88' lang='lat' dir='ltr'><strong>constituerit,</strong></span> <span class='ocrx_word' id='word_1_372' title='bbox 1425 1086 1468 1110; x_wconf 85' lang='lat' dir='ltr'>ne,</span> <span class='ocrx_word' id='word_1_373' title='bbox 1493 1084 1554 1104; x_wconf 90' lang='lat' dir='ltr'>cum</span> <span class='ocrx_word' id='word_1_374' title='bbox 1579 1075 1719 1103; x_wconf 88' lang='lat' dir='ltr'><strong>stellarum</strong></span> 
     </span>
    </p>
   </div>
   <div class='ocr_carea' id='block_1_45' title="bbox 939 1121 1721 1166">
    <p class='ocr_par' dir='ltr' id='par_1_45' title="bbox 939 1121 1721 1166">
     <span class='ocr_line' id='line_1_45' title="bbox 939 1121 1721 1166; baseline -0.017 -7"><span class='ocrx_word' id='word_1_375' title='bbox 939 1130 1068 1166; x_wconf 85' lang='lat' dir='ltr'><strong>splendor</strong></span> <span class='ocrx_word' id='word_1_376' title='bbox 1084 1133 1195 1164; x_wconf 76' lang='lat' dir='ltr'><strong>propter</strong></span> <span class='ocrx_word' id='word_1_377' title='bbox 1219 1127 1381 1154; x_wconf 89' lang='lat' dir='ltr'><strong>immensum</strong></span> <span class='ocrx_word' id='word_1_378' title='bbox 1402 1123 1576 1151; x_wconf 77' lang='lat' dir='ltr'><strong>intervallum</strong></span> <span class='ocrx_word' id='word_1_379' title='bbox 1602 1125 1665 1148; x_wconf 86' lang='lat' dir='ltr'><strong>ante</strong></span> <span class='ocrx_word' id='word_1_380' title='bbox 1676 1121 1721 1147; x_wconf 90' lang='lat' dir='ltr'><strong>de-</strong></span> 
     </span>
    </p>
   </div>
   <div class='ocr_carea' id='block_1_46' title="bbox 941 1167 1721 1210">
    <p class='ocr_par' dir='ltr' id='par_1_46' title="bbox 941 1167 1721 1210">
     <span class='ocr_line' id='line_1_46' title="bbox 941 1167 1721 1210; baseline -0.014 -6"><span class='ocrx_word' id='word_1_381' title='bbox 941 1177 1023 1208; x_wconf 86' lang='lat' dir='ltr'><strong>ﬁciat,</strong></span> <span class='ocrx_word' id='word_1_382' title='bbox 1039 1182 1122 1210; x_wconf 85' lang='lat' dir='ltr'><strong>quam</strong></span> <span class='ocrx_word' id='word_1_383' title='bbox 1136 1174 1168 1201; x_wconf 88' lang='lat' dir='ltr'>ad</span> <span class='ocrx_word' id='word_1_384' title='bbox 1191 1181 1242 1200; x_wconf 92' lang='lat' dir='ltr'>nos</span> <span class='ocrx_word' id='word_1_385' title='bbox 1258 1171 1402 1207; x_wconf 83' lang='lat' dir='ltr'><strong>pervenire</strong></span> <span class='ocrx_word' id='word_1_386' title='bbox 1424 1169 1523 1204; x_wconf 83' lang='lat' dir='ltr'><strong>possit,</strong></span> <span class='ocrx_word' id='word_1_387' title='bbox 1541 1169 1568 1195; x_wconf 88' lang='lat' dir='ltr'>in</span> <span class='ocrx_word' id='word_1_388' title='bbox 1582 1167 1721 1203; x_wconf 82' lang='lat' dir='ltr'><strong>perpetuis</strong></span> 
     </span>
    </p>
   </div>
   <div class='ocr_carea' id='block_1_47' title="bbox 940 1212 1720 1252">
    <p class='ocr_par' dir='ltr' id='par_1_47' title="bbox 940 1212 1720 1252">
     <span class='ocr_line' id='line_1_47' title="bbox 940 1212 1720 1252; baseline -0.015 -2"><span class='ocrx_word' id='word_1_389' title='bbox 940 1221 1061 1251; x_wconf 86' lang='lat' dir='ltr'><strong>tenebris</strong></span> <span class='ocrx_word' id='word_1_390' title='bbox 1081 1220 1246 1247; x_wconf 83' lang='lat' dir='ltr'><strong>viveremus.</strong></span> <span class='ocrx_word' id='word_1_391' title='bbox 1271 1216 1464 1252; x_wconf 87' lang='lat' dir='ltr'><strong>Splendentem</strong></span> <span class='ocrx_word' id='word_1_392' title='bbox 1483 1215 1567 1250; x_wconf 76' lang='lat' dir='ltr'><strong>igitur</strong></span> <span class='ocrx_word' id='word_1_393' title='bbox 1583 1212 1650 1241; x_wconf 80' lang='lat' dir='ltr'><strong>solis</strong></span> <span class='ocrx_word' id='word_1_394' title='bbox 1665 1212 1720 1240; x_wconf 85' lang='lat' dir='ltr'>vim</span> 
     </span>
    </p>
   </div>
   <div class='ocr_carea' id='block_1_48' title="bbox 941 1257 1722 1302">
    <p class='ocr_par' dir='ltr' id='par_1_48' title="bbox 941 1257 1722 1302">
     <span class='ocr_line' id='line_1_48' title="bbox 941 1257 1722 1302; baseline -0.014 -8"><span class='ocrx_word' id='word_1_395' title='bbox 941 1268 978 1294; x_wconf 86' lang='lat' dir='ltr'>ita</span> <span class='ocrx_word' id='word_1_396' title='bbox 999 1274 1082 1302; x_wconf 81' lang='lat' dir='ltr'><strong>supra</strong></span> <span class='ocrx_word' id='word_1_397' title='bbox 1108 1273 1158 1294; x_wconf 89' lang='lat' dir='ltr'>nos</span> <span class='ocrx_word' id='word_1_398' title='bbox 1179 1264 1334 1295; x_wconf 82' lang='lat' dir='ltr'><strong>collocavit,</strong></span> <span class='ocrx_word' id='word_1_399' title='bbox 1354 1271 1390 1290; x_wconf 91' lang='lat' dir='ltr'>ne</span> <span class='ocrx_word' id='word_1_400' title='bbox 1412 1262 1606 1289; x_wconf 82' lang='lat' dir='ltr'><strong>obscuraretur</strong></span> <span class='ocrx_word' id='word_1_401' title='bbox 1626 1257 1722 1285; x_wconf 84' lang='lat' dir='ltr'><strong>radius</strong></span> 
     </span>
    </p>
   </div>
   <div class='ocr_carea' id='block_1_49' title="bbox 940 1302 1723 1348">
    <p class='ocr_par' dir='ltr' id='par_1_49' title="bbox 940 1302 1723 1348">
     <span class='ocr_line' id='line_1_49' title="bbox 940 1302 1723 1348; baseline -0.015 -8"><span class='ocrx_word' id='word_1_402' title='bbox 940 1321 996 1348; x_wconf 64' lang='lat' dir='ltr'><strong>prae</strong></span> <span class='ocrx_word' id='word_1_403' title='bbox 1024 1313 1105 1347; x_wconf 78' lang='lat' dir='ltr'><strong>longo</strong></span> <span class='ocrx_word' id='word_1_404' title='bbox 1127 1310 1291 1342; x_wconf 86' lang='lat' dir='ltr'><strong>intervallo,</strong></span> <span class='ocrx_word' id='word_1_405' title='bbox 1315 1315 1383 1335; x_wconf 88' lang='lat' dir='ltr'><strong>neve</strong></span> <span class='ocrx_word' id='word_1_406' title='bbox 1410 1305 1614 1342; x_wconf 79' lang='lat' dir='ltr'><strong>prapinquitate</strong></span> <span class='ocrx_word' id='word_1_407' title='bbox 1638 1302 1723 1329; x_wconf 86' lang='lat' dir='ltr'><strong>nimia</strong></span> 
     </span>
    </p>
   </div>
   <div class='ocr_carea' id='block_1_50' title="bbox 941 1346 1724 1388">
    <p class='ocr_par' dir='ltr' id='par_1_50' title="bbox 941 1346 1724 1388">
     <span class='ocr_line' id='line_1_50' title="bbox 941 1346 1724 1388; baseline -0.018 -2"><span class='ocrx_word' id='word_1_408' title='bbox 941 1346 1093 1386; x_wconf 83' lang='lat' dir='ltr'><strong>molestiam</strong></span> <span class='ocrx_word' id='word_1_409' title='bbox 1111 1356 1236 1386; x_wconf 82' lang='lat' dir='ltr'><strong>aﬂ&#39;erret,</strong></span> <span class='ocrx_word' id='word_1_410' title='bbox 1260 1358 1307 1381; x_wconf 88' lang='lat' dir='ltr'>aut</span> <span class='ocrx_word' id='word_1_411' title='bbox 1333 1351 1469 1388; x_wconf 85' lang='lat' dir='ltr'><strong>quomodo</strong></span> <span class='ocrx_word' id='word_1_412' title='bbox 1492 1349 1613 1376; x_wconf 69' lang='lat' dir='ltr'><strong>materiae</strong></span> <span class='ocrx_word' id='word_1_413' title='bbox 1636 1346 1724 1381; x_wconf 82' lang='lat' dir='ltr'><strong>magis</strong></span> 
     </span>
    </p>
   </div>
   <div class='ocr_carea' id='block_1_51' title="bbox 941 1391 1719 1436">
    <p class='ocr_par' dir='ltr' id='par_1_51' title="bbox 941 1391 1719 1436">
     <span class='ocr_line' id='line_1_51' title="bbox 941 1391 1719 1436; baseline -0.018 -6"><span class='ocrx_word' id='word_1_414' title='bbox 941 1403 1099 1431; x_wconf 89' lang='lat' dir='ltr'><strong>immersum</strong></span> <span class='ocrx_word' id='word_1_415' title='bbox 1110 1401 1251 1436; x_wconf 78' lang='lat' dir='ltr'><strong>magisque</strong></span> <span class='ocrx_word' id='word_1_416' title='bbox 1263 1406 1386 1426; x_wconf 83' lang='lat' dir='ltr'><strong>crassum</strong></span> <span class='ocrx_word' id='word_1_417' title='bbox 1403 1397 1474 1424; x_wconf 73' lang='lat' dir='ltr'><strong>lunae</strong></span> <span class='ocrx_word' id='word_1_418' title='bbox 1487 1401 1588 1428; x_wconf 88' lang='lat' dir='ltr'><strong>corpus</strong></span> <span class='ocrx_word' id='word_1_419' title='bbox 1603 1391 1719 1419; x_wconf 80' lang='lat' dir='ltr'><strong>inferius</strong></span> 
     </span>
    </p>
   </div>
   <div class='ocr_carea' id='block_1_52' title="bbox 942 1436 1725 1478">
    <p class='ocr_par' dir='ltr' id='par_1_52' title="bbox 942 1436 1725 1478">
     <span class='ocr_line' id='line_1_52' title="bbox 942 1436 1725 1478; baseline -0.017 -2"><span class='ocrx_word' id='word_1_420' title='bbox 942 1448 1122 1476; x_wconf 91' lang='lat' dir='ltr'><strong>constitutum</strong></span> <span class='ocrx_word' id='word_1_421' title='bbox 1138 1447 1186 1478; x_wconf 90' lang='lat' dir='ltr'><strong>sit,</strong></span> <span class='ocrx_word' id='word_1_422' title='bbox 1200 1446 1363 1478; x_wconf 89' lang='lat' dir='ltr'><strong>oberretque</strong></span> <span class='ocrx_word' id='word_1_423' title='bbox 1379 1447 1458 1469; x_wconf 59' lang='lat' dir='ltr'><strong>terra</strong></span> <span class='ocrx_word' id='word_1_424' title='bbox 1470 1441 1621 1476; x_wconf 82' lang='lat' dir='ltr'><strong>proximam</strong></span> <span class='ocrx_word' id='word_1_425' title='bbox 1635 1436 1725 1472; x_wconf 79' lang='lat' dir='ltr'><strong>regio-</strong></span> 
     </span>
    </p>
   </div>
   <div class='ocr_carea' id='block_1_53' title="bbox 942 1484 1726 1526">
    <p class='ocr_par' dir='ltr' id='par_1_53' title="bbox 942 1484 1726 1526">
     <span class='ocr_line' id='line_1_53' title="bbox 942 1484 1726 1526; baseline -0.018 -4"><span class='ocrx_word' id='word_1_426' title='bbox 942 1502 1004 1522; x_wconf 90' lang='lat' dir='ltr'>nem</span> <span class='ocrx_word' id='word_1_427' title='bbox 1022 1504 1028 1521; x_wconf 86' lang='lat'>:</span> <span class='ocrx_word' id='word_1_428' title='bbox 1045 1497 1091 1520; x_wconf 88' lang='lat' dir='ltr'>aut</span> <span class='ocrx_word' id='word_1_429' title='bbox 1106 1493 1168 1520; x_wconf 90' lang='lat' dir='ltr'><strong>talis</strong></span> <span class='ocrx_word' id='word_1_430' title='bbox 1183 1492 1219 1519; x_wconf 89' lang='lat' dir='ltr'>sit</span> <span class='ocrx_word' id='word_1_431' title='bbox 1231 1491 1360 1526; x_wconf 82' lang='lat' dir='ltr'><strong>splendor</strong></span> <span class='ocrx_word' id='word_1_432' title='bbox 1375 1489 1445 1523; x_wconf 74' lang='lat' dir='ltr'><strong>ejus,</strong></span> <span class='ocrx_word' id='word_1_433' title='bbox 1459 1494 1519 1522; x_wconf 67' lang='lat' dir='ltr'><strong>quae</strong></span> <span class='ocrx_word' id='word_1_434' title='bbox 1530 1492 1591 1513; x_wconf 93' lang='lat' dir='ltr'>cum</span> <span class='ocrx_word' id='word_1_435' title='bbox 1608 1484 1726 1511; x_wconf 89' lang='lat' dir='ltr'><strong>obscura</strong></span> 
     </span>
    </p>
   </div>
   <div class='ocr_carea' id='block_1_54' title="bbox 943 1529 1727 1571">
    <p class='ocr_par' dir='ltr' id='par_1_54' title="bbox 943 1529 1727 1571">
     <span class='ocr_line' id='line_1_54' title="bbox 943 1529 1727 1571; baseline -0.017 -4"><span class='ocrx_word' id='word_1_436' title='bbox 943 1540 990 1571; x_wconf 85' lang='lat' dir='ltr'><strong>sit,</strong></span> <span class='ocrx_word' id='word_1_437' title='bbox 1008 1537 1164 1566; x_wconf 88' lang='lat' dir='ltr'><strong>illustrandi</strong></span> <span class='ocrx_word' id='word_1_438' title='bbox 1189 1541 1283 1563; x_wconf 89' lang='lat' dir='ltr'><strong>tamen</strong></span> <span class='ocrx_word' id='word_1_439' title='bbox 1305 1535 1404 1562; x_wconf 80' lang='lat' dir='ltr'><strong>habeat</strong></span> <span class='ocrx_word' id='word_1_440' title='bbox 1427 1533 1595 1560; x_wconf 78' lang='lat' dir='ltr'><strong>facultatem.</strong></span> <span class='ocrx_word' id='word_1_441' title='bbox 1617 1529 1727 1556; x_wconf 66' lang='lat' dir='ltr'><strong>Natura:</strong></span> 
     </span>
    </p>
   </div>
   <div class='ocr_carea' id='block_1_55' title="bbox 943 1574 1725 1619">
    <p class='ocr_par' dir='ltr' id='par_1_55' title="bbox 943 1574 1725 1619">
     <span class='ocr_line' id='line_1_55' title="bbox 943 1574 1725 1619; baseline -0.015 -7"><span class='ocrx_word' id='word_1_442' title='bbox 943 1585 1015 1613; x_wconf 93' lang='lat' dir='ltr'><strong>enim</strong></span> <span class='ocrx_word' id='word_1_443' title='bbox 1028 1584 1115 1619; x_wconf 92' lang='lat' dir='ltr'><strong>ipsius</strong></span> <span class='ocrx_word' id='word_1_444' title='bbox 1130 1581 1285 1610; x_wconf 77' lang='lat' dir='ltr'><strong>crassitudo</strong></span> <span class='ocrx_word' id='word_1_445' title='bbox 1301 1580 1442 1615; x_wconf 90' lang='lat' dir='ltr'><strong>proprium</strong></span> <span class='ocrx_word' id='word_1_446' title='bbox 1457 1578 1571 1604; x_wconf 90' lang='lat' dir='ltr'><strong>nitorem</strong></span> <span class='ocrx_word' id='word_1_447' title='bbox 1589 1574 1725 1605; x_wconf 86' lang='lat' dir='ltr'><strong>obtundit,</strong></span> 
     </span>
    </p>
   </div>
   <div class='ocr_carea' id='block_1_56' title="bbox 103 1619 895 1674">
    <p class='ocr_par' dir='ltr' id='par_1_56' title="bbox 103 1619 893 1674">
     <span class='ocr_line' id='line_1_56' title="bbox 103 1619 893 1674; baseline -0.005 -8"><span class='ocrx_word' id='word_1_448' title='bbox 103 1639 160 1674; x_wconf 77' lang='grc' dir='ltr'>γὰρ</span> <span class='ocrx_word' id='word_1_449' title='bbox 176 1619 289 1666; x_wconf 44' lang='grc' dir='ltr'>όίκοθενι</span> <span class='ocrx_word' id='word_1_450' title='bbox 297 1619 457 1674; x_wconf 70' lang='grc' dir='ltr'>λαμπηδόνα</span> <span class='ocrx_word' id='word_1_451' title='bbox 467 1639 484 1673; x_wconf 84' lang='grc' dir='ltr'>ἡ</span> <span class='ocrx_word' id='word_1_452' title='bbox 495 1619 545 1673; x_wconf 83' lang='grc' dir='ltr'>τῆς</span> <span class='ocrx_word' id='word_1_453' title='bbox 557 1619 649 1670; x_wconf 69' lang='grc' dir='ltr'>οὐσίας</span> <span class='ocrx_word' id='word_1_454' title='bbox 659 1619 788 1672; x_wconf 56' lang='grc' dir='ltr'>’παχύτης</span> <span class='ocrx_word' id='word_1_455' title='bbox 860 1645 893 1671; x_wconf 89' lang='grc' dir='ltr'>μ-</span> 
     </span>
    </p>
   </div>
   <div class='ocr_carea' id='block_1_57' title="bbox 949 1619 1728 1674">
    <p class='ocr_par' dir='ltr' id='par_1_57' title="bbox 949 1619 1728 1664">
     <span class='ocr_line' id='line_1_57' title="bbox 949 1619 1728 1664; baseline -0.014 -7"><span class='ocrx_word' id='word_1_456' title='bbox 949 1629 993 1657; x_wconf 88' lang='lat' dir='ltr'>sed</span> <span class='ocrx_word' id='word_1_457' title='bbox 1007 1628 1132 1664; x_wconf 86' lang='lat' dir='ltr'><strong>opposito</strong></span> <span class='ocrx_word' id='word_1_458' title='bbox 1149 1627 1215 1655; x_wconf 88' lang='lat' dir='ltr'><strong>solis</strong></span> <span class='ocrx_word' id='word_1_459' title='bbox 1231 1626 1369 1653; x_wconf 87' lang='lat' dir='ltr'><strong>radiorum</strong></span> <span class='ocrx_word' id='word_1_460' title='bbox 1392 1623 1494 1650; x_wconf 90' lang='lat' dir='ltr'><strong>lumine</strong></span> <span class='ocrx_word' id='word_1_461' title='bbox 1515 1622 1549 1649; x_wconf 86' lang='lat' dir='ltr'>ab</span> <span class='ocrx_word' id='word_1_462' title='bbox 1571 1619 1728 1648; x_wconf 84' lang='lat' dir='ltr'><strong>illustrandi</strong></span> 
     </span>
    </p>
   </div>
   <div class='ocr_carea' id='block_1_58' title="bbox 105 1682 894 1719">
    <p class='ocr_par' dir='ltr' id='par_1_58' title="bbox 105 1682 894 1719">
     <span class='ocr_line' id='line_1_58' title="bbox 105 1682 894 1719; baseline -0.003 -9"><span class='ocrx_word' id='word_1_463' title='bbox 105 1684 197 1716; x_wconf 77' lang='grc' dir='ltr'>ὃλυνε,</span> <span class='ocrx_word' id='word_1_464' title='bbox 204 1683 243 1719; x_wconf 80' lang='grc' dir='ltr'>τῷ</span> <span class='ocrx_word' id='word_1_465' title='bbox 248 1684 277 1710; x_wconf 78' lang='grc' dir='ltr'>δὲ</span> <span class='ocrx_word' id='word_1_466' title='bbox 283 1683 474 1718; x_wconf 82' lang='grc' dir='ltr'>ἀντιφωτισμῷ</span> <span class='ocrx_word' id='word_1_467' title='bbox 480 1683 527 1719; x_wconf 89' lang='grc' dir='ltr'>τῆς</span> <span class='ocrx_word' id='word_1_468' title='bbox 533 1682 647 1718; x_wconf 82' lang='grc' dir='ltr'>ἡλιακῆς</span> <span class='ocrx_word' id='word_1_469' title='bbox 654 1683 761 1713; x_wconf 81' lang='grc' dir='ltr'>ἀκτῖνος</span> <span class='ocrx_word' id='word_1_470' title='bbox 769 1682 798 1708; x_wconf 80' lang='grc' dir='ltr'>οὐ</span> <span class='ocrx_word' id='word_1_471' title='bbox 806 1682 894 1717; x_wconf 83' lang='grc' dir='ltr'>πάντη</span> 
     </span>
    </p>
   </div>
   <div class='ocr_carea' id='block_1_59' title="bbox 104 1728 896 1765">
    <p class='ocr_par' dir='ltr' id='par_1_59' title="bbox 104 1728 896 1765">
     <span class='ocr_line' id='line_1_59' title="bbox 104 1728 896 1765; baseline -0.004 -8"><span class='ocrx_word' id='word_1_472' title='bbox 104 1730 156 1765; x_wconf 79' lang='grc' dir='ltr'>τῆς</span> <span class='ocrx_word' id='word_1_473' title='bbox 171 1730 336 1765; x_wconf 80' lang='grc' dir='ltr'>φωτιστικῆς</span> <span class='ocrx_word' id='word_1_474' title='bbox 352 1729 529 1764; x_wconf 76' lang='grc' dir='ltr'>ἠλλοτρίωται</span> <span class='ocrx_word' id='word_1_475' title='bbox 548 1729 664 1763; x_wconf 76' lang='grc' dir='ltr'>φύσεως.</span> <span class='ocrx_word' id='word_1_476' title='bbox 687 1728 766 1755; x_wconf 80' lang='grc' dir='ltr'>Ἀλλὰ</span> <span class='ocrx_word' id='word_1_477' title='bbox 784 1728 829 1755; x_wconf 74' lang='grc' dir='ltr'>τὸν</span> <span class='ocrx_word' id='word_1_478' title='bbox 848 1729 896 1763; x_wconf 83' lang='grc' dir='ltr'>μὲν</span> 
     </span>
    </p>
   </div>
   <div class='ocr_carea' id='block_1_60' title="bbox 105 1774 896 1810">
    <p class='ocr_par' dir='ltr' id='par_1_60' title="bbox 105 1774 896 1810">
     <span class='ocr_line' id='line_1_60' title="bbox 105 1774 896 1810; baseline -0.003 -8"><span class='ocrx_word' id='word_1_479' title='bbox 105 1775 186 1808; x_wconf 85' lang='grc' dir='ltr'>λόγον</span> <span class='ocrx_word' id='word_1_480' title='bbox 200 1776 249 1810; x_wconf 82' lang='grc' dir='ltr'>τῆς</span> <span class='ocrx_word' id='word_1_481' title='bbox 262 1776 289 1802; x_wconf 78' lang='grc' dir='ltr'>ὲν</span> <span class='ocrx_word' id='word_1_482' title='bbox 307 1775 413 1810; x_wconf 80' lang='grc' dir='ltr'>ἑκάστῳ</span> <span class='ocrx_word' id='word_1_483' title='bbox 434 1775 488 1801; x_wconf 82' lang='grc' dir='ltr'>τῶν</span> <span class='ocrx_word' id='word_1_484' title='bbox 512 1774 595 1801; x_wconf 74' lang='grc' dir='ltr'>όντων</span> <span class='ocrx_word' id='word_1_485' title='bbox 615 1774 780 1810; x_wconf 81' lang='grc' dir='ltr'>φαινομένης</span> <span class='ocrx_word' id='word_1_486' title='bbox 802 1774 896 1808; x_wconf 82' lang='grc' dir='ltr'>σοφίας</span> 
     </span>
    </p>
   </div>
   <div class='ocr_carea' id='block_1_61' title="bbox 110 1819 899 1857">
    <p class='ocr_par' dir='ltr' id='par_1_61' title="bbox 110 1819 899 1857">
     <span class='ocr_line' id='line_1_61' title="bbox 110 1819 899 1857; baseline -0.003 -9"><span class='ocrx_word' id='word_1_487' title='bbox 110 1821 175 1848; x_wconf 71' lang='grc' dir='ltr'>ἰδεῖν</span> <span class='ocrx_word' id='word_1_488' title='bbox 199 1822 216 1857; x_wconf 82' lang='grc' dir='ltr'>ἡ</span> <span class='ocrx_word' id='word_1_489' title='bbox 232 1821 352 1856; x_wconf 79' lang='grc' dir='ltr'>πτωχεία</span> <span class='ocrx_word' id='word_1_490' title='bbox 370 1821 420 1856; x_wconf 82' lang='grc' dir='ltr'>τῆς</span> <span class='ocrx_word' id='word_1_491' title='bbox 435 1820 540 1856; x_wconf 86' lang='grc' dir='ltr'>φύσεως</span> <span class='ocrx_word' id='word_1_492' title='bbox 551 1820 628 1856; x_wconf 83' lang='grc' dir='ltr'>ἡμῶν</span> <span class='ocrx_word' id='word_1_493' title='bbox 642 1820 776 1852; x_wconf 83' lang='grc' dir='ltr'>ἀδυνατεῖ,</span> <span class='ocrx_word' id='word_1_494' title='bbox 794 1820 824 1846; x_wconf 84' lang='grc' dir='ltr'>τὸ</span> <span class='ocrx_word' id='word_1_495' title='bbox 839 1819 899 1855; x_wconf 85' lang='grc' dir='ltr'>μέν·</span> 
     </span>
    </p>
   </div>
   <div class='ocr_carea' id='block_1_62' title="bbox 108 1865 894 1902">
    <p class='ocr_par' dir='ltr' id='par_1_62' title="bbox 108 1865 894 1902">
     <span class='ocr_line' id='line_1_62' title="bbox 108 1865 894 1902; baseline -0.003 -8"><span class='ocrx_word' id='word_1_496' title='bbox 108 1876 151 1894; x_wconf 86' lang='grc' dir='ltr'>τοι</span> <span class='ocrx_word' id='word_1_497' title='bbox 169 1866 240 1894; x_wconf 85' lang='grc' dir='ltr'>κατὰ</span> <span class='ocrx_word' id='word_1_498' title='bbox 253 1867 303 1901; x_wconf 83' lang='grc' dir='ltr'>τὴν</span> <span class='ocrx_word' id='word_1_499' title='bbox 325 1866 479 1893; x_wconf 84' lang='grc' dir='ltr'>ὲκτεθεῖσαν</span> <span class='ocrx_word' id='word_1_500' title='bbox 501 1866 575 1902; x_wconf 84' lang='grc' dir='ltr'>παρά</span> <span class='ocrx_word' id='word_1_501' title='bbox 596 1866 643 1893; x_wconf 78' lang='grc' dir='ltr'>τοῦ</span> <span class='ocrx_word' id='word_1_502' title='bbox 662 1866 805 1901; x_wconf 84' lang='grc' dir='ltr'>νομοθέτου</span> <span class='ocrx_word' id='word_1_503' title='bbox 819 1865 894 1898; x_wconf 78' lang='grc' dir='ltr'>τάξιν</span> 
     </span>
    </p>
   </div>
   <div class='ocr_carea' id='block_1_63' title="bbox 110 1912 896 1947">
    <p class='ocr_par' dir='ltr' id='par_1_63' title="bbox 110 1912 896 1947">
     <span class='ocr_line' id='line_1_63' title="bbox 110 1912 896 1947; baseline -0.003 -8"><span class='ocrx_word' id='word_1_504' title='bbox 110 1913 158 1939; x_wconf 76' lang='grc' dir='ltr'>ἐπὶ</span> <span class='ocrx_word' id='word_1_505' title='bbox 177 1913 227 1947; x_wconf 87' lang='grc' dir='ltr'>τῆς</span> <span class='ocrx_word' id='word_1_506' title='bbox 248 1913 303 1939; x_wconf 84' lang='grc' dir='ltr'>τῶν</span> <span class='ocrx_word' id='word_1_507' title='bbox 325 1912 409 1939; x_wconf 77' lang='grc' dir='ltr'>όντων</span> <span class='ocrx_word' id='word_1_508' title='bbox 434 1913 559 1944; x_wconf 77' lang='grc' dir='ltr'>κτίσεως,</span> <span class='ocrx_word' id='word_1_509' title='bbox 581 1912 740 1939; x_wconf 82' lang='grc' dir='ltr'>ἀκολουθίαν</span> <span class='ocrx_word' id='word_1_510' title='bbox 762 1912 822 1938; x_wconf 84' lang='grc' dir='ltr'>τινὰ</span> <span class='ocrx_word' id='word_1_511' title='bbox 840 1913 896 1943; x_wconf 84' lang='grc' dir='ltr'>τοῖς</span> 
     </span>
    </p>
   </div>
   <div class='ocr_carea' id='block_1_64' title="bbox 111 1955 894 1993">
    <p class='ocr_par' dir='ltr' id='par_1_64' title="bbox 111 1955 894 1993">
     <span class='ocr_line' id='line_1_64' title="bbox 111 1955 894 1993; baseline -0.003 -8"><span class='ocrx_word' id='word_1_512' title='bbox 111 1958 253 1993; x_wconf 81' lang='grc' dir='ltr'>γεγονόσιν</span> <span class='ocrx_word' id='word_1_513' title='bbox 268 1957 444 1993; x_wconf 76' lang='grc' dir='ltr'>ἔνθεωρῆσαι,</span> <span class='ocrx_word' id='word_1_514' title='bbox 467 1958 571 1989; x_wconf 86' lang='grc' dir='ltr'>τούτοις</span> <span class='ocrx_word' id='word_1_515' title='bbox 594 1955 670 1993; x_wconf 82' lang='grc' dir='ltr'>οἶμαι</span> <span class='ocrx_word' id='word_1_516' title='bbox 688 1957 798 1985; x_wconf 71' lang='grc' dir='ltr'>δυνατὸν</span> <span class='ocrx_word' id='word_1_517' title='bbox 815 1957 894 1990; x_wconf 82' lang='grc' dir='ltr'>εἶναι,</span> 
     </span>
    </p>
   </div>
   <div class='ocr_carea' id='block_1_65' title="bbox 111 2002 895 2038">
    <p class='ocr_par' dir='ltr' id='par_1_65' title="bbox 111 2002 895 2038">
     <span class='ocr_line' id='line_1_65' title="bbox 111 2002 895 2038; baseline -0.003 -8"><span class='ocrx_word' id='word_1_518' title='bbox 111 2004 143 2030; x_wconf 81' lang='grc' dir='ltr'>τὸ</span> <span class='ocrx_word' id='word_1_519' title='bbox 158 2003 275 2038; x_wconf 86' lang='grc' dir='ltr'>μετρίως</span> <span class='ocrx_word' id='word_1_520' title='bbox 292 2003 360 2038; x_wconf 71' lang='grc' dir='ltr'>πρὸς</span> <span class='ocrx_word' id='word_1_521' title='bbox 373 2003 402 2030; x_wconf 86' lang='grc' dir='ltr'>τὸ</span> <span class='ocrx_word' id='word_1_522' title='bbox 418 2002 562 2029; x_wconf 86' lang='grc' dir='ltr'>ἀκόλουθον</span> <span class='ocrx_word' id='word_1_523' title='bbox 576 2003 766 2037; x_wconf 78' lang='grc' dir='ltr'>ἐπισταμένοις</span> <span class='ocrx_word' id='word_1_524' title='bbox 777 2002 895 2036; x_wconf 86' lang='grc' dir='ltr'>βλέπειν,</span> 
     </span>
    </p>
   </div>
   <div class='ocr_carea' id='block_1_66' title="bbox 111 2048 776 2085">
    <p class='ocr_par' dir='ltr' id='par_1_66' title="bbox 111 2048 776 2085">
     <span class='ocr_line' id='line_1_66' title="bbox 111 2048 776 2085; baseline -0.002 -9"><span class='ocrx_word' id='word_1_525' title='bbox 111 2049 157 2077; x_wconf 87' lang='grc' dir='ltr'>διά</span> <span class='ocrx_word' id='word_1_526' title='bbox 179 2059 259 2076; x_wconf 89' lang='grc' dir='ltr'>τινων</span> <span class='ocrx_word' id='word_1_527' title='bbox 279 2049 438 2085; x_wconf 72' lang='grc' dir='ltr'>ποχασμῶν</span> <span class='ocrx_word' id='word_1_528' title='bbox 461 2049 583 2076; x_wconf 82' lang='grc' dir='ltr'>ὁπωσοῦν</span> <span class='ocrx_word' id='word_1_529' title='bbox 603 2048 776 2083; x_wconf 82' lang='grc' dir='ltr'>κατανοῆσαι.</span> 
     </span>
    </p>
   </div>
   <div class='ocr_carea' id='block_1_67' title="bbox 151 2093 898 2130">
    <p class='ocr_par' dir='ltr' id='par_1_67' title="bbox 151 2093 898 2130">
     <span class='ocr_line' id='line_1_67' title="bbox 151 2093 898 2130; baseline -0.001 -7"><span class='ocrx_word' id='word_1_530' title='bbox 151 2095 257 2123; x_wconf 74' lang='grc' dir='ltr'>Οὐκοῦν</span> <span class='ocrx_word' id='word_1_531' title='bbox 269 2095 445 2130; x_wconf 79' lang='grc' dir='ltr'>ἀναλάϐωμεν</span> <span class='ocrx_word' id='word_1_532' title='bbox 453 2096 502 2130; x_wconf 86' lang='grc' dir='ltr'>τὴν</span> <span class='ocrx_word' id='word_1_533' title='bbox 510 2095 562 2122; x_wconf 76' lang='grc' dir='ltr'>τῶν</span> <span class='ocrx_word' id='word_1_534' title='bbox 570 2095 718 2129; x_wconf 83' lang='grc' dir='ltr'>γεγονότων</span> <span class='ocrx_word' id='word_1_535' title='bbox 728 2093 898 2122; x_wconf 86' lang='grc' dir='ltr'>ἀκολουθίαν.</span> 
     </span>
    </p>
   </div>
   <div class='ocr_carea' id='block_1_68' title="bbox 116 2141 900 2178">
    <p class='ocr_par' dir='ltr' id='par_1_68' title="bbox 116 2141 900 2178">
     <span class='ocr_line' id='line_1_68' title="bbox 116 2141 900 2178; baseline -0.004 -8"><span class='ocrx_word' id='word_1_536' title='bbox 116 2143 195 2170; x_wconf 82' lang='grc' dir='ltr'>Ἔστι</span> <span class='ocrx_word' id='word_1_537' title='bbox 203 2142 232 2169; x_wconf 80' lang='grc' dir='ltr'>δὲ</span> <span class='ocrx_word' id='word_1_538' title='bbox 244 2141 312 2178; x_wconf 75' lang='grc' dir='ltr'>αὕτη</span> <span class='ocrx_word' id='word_1_539' title='bbox 321 2150 329 2157; x_wconf 91' lang='grc'>·</span> <span class='ocrx_word' id='word_1_540' title='bbox 341 2142 388 2168; x_wconf 83' lang='grc' dir='ltr'>τοῦ</span> <span class='ocrx_word' id='word_1_541' title='bbox 396 2141 538 2169; x_wconf 83' lang='grc' dir='ltr'>καθολικοῦ</span> <span class='ocrx_word' id='word_1_542' title='bbox 547 2151 575 2169; x_wconf 90' lang='grc' dir='ltr'>τε</span> <span class='ocrx_word' id='word_1_543' title='bbox 587 2141 747 2176; x_wconf 72' lang='grc' dir='ltr'>καὶγενικοῦ</span> <span class='ocrx_word' id='word_1_544' title='bbox 762 2141 850 2175; x_wconf 80' lang='grc' dir='ltr'>φωτὸς</span> <span class='ocrx_word' id='word_1_545' title='bbox 858 2141 900 2167; x_wconf 85' lang='grc' dir='ltr'>διὰ</span> 
     </span>
    </p>
   </div>
   <div class='ocr_carea' id='block_1_69' title="bbox 114 2186 900 2224">
    <p class='ocr_par' dir='ltr' id='par_1_69' title="bbox 114 2186 900 2224">
     <span class='ocr_line' id='line_1_69' title="bbox 114 2186 900 2224; baseline -0.004 -9"><span class='ocrx_word' id='word_1_546' title='bbox 114 2190 146 2216; x_wconf 78' lang='grc' dir='ltr'>τὸ</span> <span class='ocrx_word' id='word_1_547' title='bbox 161 2189 302 2224; x_wconf 81' lang='grc' dir='ltr'>εὐκίνητον</span> <span class='ocrx_word' id='word_1_548' title='bbox 321 2187 502 2224; x_wconf 83' lang='grc' dir='ltr'>προφανέντος</span> <span class='ocrx_word' id='word_1_549' title='bbox 517 2187 571 2214; x_wconf 81' lang='grc' dir='ltr'>τῶν</span> <span class='ocrx_word' id='word_1_550' title='bbox 590 2187 686 2220; x_wconf 78' lang='grc' dir='ltr'>ἄλλων,</span> <span class='ocrx_word' id='word_1_551' title='bbox 697 2186 900 2221; x_wconf 71' lang='grc' dir='ltr'>ἐπηκολούθησε</span> 
     </span>
    </p>
   </div>
   <div class='ocr_carea' id='block_1_70' title="bbox 114 2230 900 2270">
    <p class='ocr_par' dir='ltr' id='par_1_70' title="bbox 114 2230 900 2270">
     <span class='ocr_line' id='line_1_70' title="bbox 114 2230 900 2270; baseline -0.005 -9"><span class='ocrx_word' id='word_1_552' title='bbox 114 2234 162 2262; x_wconf 84' lang='grc' dir='ltr'>τοῦ</span> <span class='ocrx_word' id='word_1_553' title='bbox 177 2233 366 2270; x_wconf 85' lang='grc' dir='ltr'>στερεώματος</span> <span class='ocrx_word' id='word_1_554' title='bbox 380 2233 548 2269; x_wconf 84' lang='grc' dir='ltr'>περιγραφὴ,</span> <span class='ocrx_word' id='word_1_555' title='bbox 564 2234 597 2267; x_wconf 86' lang='grc' dir='ltr'>τῇ</span> <span class='ocrx_word' id='word_1_556' title='bbox 616 2232 773 2267; x_wconf 79' lang='grc' dir='ltr'>κυκλοτερεί</span> <span class='ocrx_word' id='word_1_557' title='bbox 785 2230 900 2266; x_wconf 83' lang='grc' dir='ltr'>περιόδῳ</span> 
     </span>
    </p>
   </div>
   <div class='ocr_carea' id='block_1_71' title="bbox 115 2275 899 2314">
    <p class='ocr_par' dir='ltr' id='par_1_71' title="bbox 115 2275 899 2314">
     <span class='ocr_line' id='line_1_71' title="bbox 115 2275 899 2314; baseline -0.006 -8"><span class='ocrx_word' id='word_1_558' title='bbox 115 2280 162 2306; x_wconf 78' lang='grc' dir='ltr'>τοῦ</span> <span class='ocrx_word' id='word_1_559' title='bbox 177 2279 264 2314; x_wconf 80' lang='grc' dir='ltr'>πυρὸς</span> <span class='ocrx_word' id='word_1_560' title='bbox 276 2278 423 2314; x_wconf 78' lang='grc' dir='ltr'>ὀρισθεῖσα.</span> <span class='ocrx_word' id='word_1_561' title='bbox 435 2278 489 2313; x_wconf 85' lang='grc' dir='ltr'>Τῆς</span> <span class='ocrx_word' id='word_1_562' title='bbox 503 2278 531 2304; x_wconf 77' lang='grc' dir='ltr'>δὲ</span> <span class='ocrx_word' id='word_1_563' title='bbox 547 2278 650 2313; x_wconf 87' lang='grc' dir='ltr'>κούφης</span> <span class='ocrx_word' id='word_1_564' title='bbox 665 2276 770 2311; x_wconf 77' lang='grc' dir='ltr'>φύσεως</span> <span class='ocrx_word' id='word_1_565' title='bbox 783 2276 835 2302; x_wconf 85' lang='grc' dir='ltr'>τῶν</span> <span class='ocrx_word' id='word_1_566' title='bbox 853 2275 899 2311; x_wconf 83' lang='grc' dir='ltr'>βα-</span> 
     </span>
    </p>
   </div>
   <div class='ocr_carea' id='block_1_72' title="bbox 118 2306 940 2361">
    <p class='ocr_par' dir='ltr' id='par_1_72' title="bbox 118 2306 940 2361">
     <span class='ocr_line' id='line_1_72' title="bbox 118 2306 940 2361; baseline -0.006 -9"><span class='ocrx_word' id='word_1_567' title='bbox 118 2306 241 2361; x_wconf 51' lang='grc' dir='ltr'>ρυτέροίν</span> <span class='ocrx_word' id='word_1_568' title='bbox 255 2306 836 2360; x_wconf 42' lang='grc' dir='ltr'>-ὰποκριθείσης,’ἀκολούθωςιδιαστέλλονται</span> <span class='ocrx_word' id='word_1_569' title='bbox 853 2306 903 2348; x_wconf 74' lang='grc' dir='ltr'>ἀπ’</span> <span class='ocrx_word' id='word_1_570' title='bbox 918 2306 940 2333; x_wconf 77' lang='lat' dir='ltr'><strong>D</strong></span> 
     </span>
    </p>
   </div>
   <div class='ocr_carea' id='block_1_73' title="bbox 117 2367 902 2407">
    <p class='ocr_par' dir='ltr' id='par_1_73' title="bbox 117 2367 902 2407">
     <span class='ocr_line' id='line_1_73' title="bbox 117 2367 902 2407; baseline -0.006 -9"><span class='ocrx_word' id='word_1_571' title='bbox 117 2372 240 2407; x_wconf 80' lang='grc' dir='ltr'>ἀλλήλων</span> <span class='ocrx_word' id='word_1_572' title='bbox 266 2373 293 2397; x_wconf 89' lang='grc' dir='ltr'>αἱ</span> <span class='ocrx_word' id='word_1_573' title='bbox 314 2371 418 2406; x_wconf 83' lang='grc' dir='ltr'>βαρεῖαι</span> <span class='ocrx_word' id='word_1_574' title='bbox 445 2370 593 2405; x_wconf 84' lang='grc' dir='ltr'>ποιότητες,</span> <span class='ocrx_word' id='word_1_575' title='bbox 608 2370 637 2396; x_wconf 82' lang='grc' dir='ltr'>ὲν</span> <span class='ocrx_word' id='word_1_576' title='bbox 658 2370 692 2404; x_wconf 83' lang='grc' dir='ltr'>γῇ</span> <span class='ocrx_word' id='word_1_577' title='bbox 709 2377 738 2394; x_wconf 91' lang='grc' dir='ltr'>τε</span> <span class='ocrx_word' id='word_1_578' title='bbox 760 2368 806 2394; x_wconf 74' lang='grc' dir='ltr'>καὶ</span> <span class='ocrx_word' id='word_1_579' title='bbox 828 2367 902 2394; x_wconf 80' lang='grc' dir='ltr'>ὕδατι</span> 
     </span>
    </p>
   </div>
   <div class='ocr_carea' id='block_1_74' title="bbox 117 2412 903 2452">
    <p class='ocr_par' dir='ltr' id='par_1_74' title="bbox 117 2412 903 2452">
     <span class='ocr_line' id='line_1_74' title="bbox 117 2412 903 2452; baseline -0.006 -9"><span class='ocrx_word' id='word_1_580' title='bbox 117 2417 309 2452; x_wconf 84' lang='grc' dir='ltr'>διακριθεῖσαι.</span> <span class='ocrx_word' id='word_1_581' title='bbox 327 2417 384 2451; x_wconf 78' lang='grc' dir='ltr'>Τῆς</span> <span class='ocrx_word' id='word_1_582' title='bbox 398 2416 426 2442; x_wconf 79' lang='grc' dir='ltr'>δὲ</span> <span class='ocrx_word' id='word_1_583' title='bbox 443 2416 516 2442; x_wconf 66' lang='grc' dir='ltr'>κάτω</span> <span class='ocrx_word' id='word_1_584' title='bbox 537 2415 643 2449; x_wconf 84' lang='grc' dir='ltr'>φύσεως</span> <span class='ocrx_word' id='word_1_585' title='bbox 665 2412 903 2448; x_wconf 85' lang='grc' dir='ltr'>διακοσμηθείσης,</span> 
     </span>
    </p>
   </div>
   <div class='ocr_carea' id='block_1_75' title="bbox 119 2457 904 2499">
    <p class='ocr_par' dir='ltr' id='par_1_75' title="bbox 119 2457 904 2499">
     <span class='ocr_line' id='line_1_75' title="bbox 119 2457 904 2499; baseline -0.008 -9"><span class='ocrx_word' id='word_1_586' title='bbox 119 2464 136 2497; x_wconf 83' lang='grc' dir='ltr'>ἡ</span> <span class='ocrx_word' id='word_1_587' title='bbox 152 2463 238 2499; x_wconf 83' lang='grc' dir='ltr'>λεπτή</span> <span class='ocrx_word' id='word_1_588' title='bbox 258 2472 288 2489; x_wconf 89' lang='grc' dir='ltr'>τε</span> <span class='ocrx_word' id='word_1_589' title='bbox 309 2462 357 2489; x_wconf 60' lang='grc' dir='ltr'>καλ⁵</span> <span class='ocrx_word' id='word_1_590' title='bbox 376 2462 464 2497; x_wconf 88' lang='grc' dir='ltr'>κούφη</span> <span class='ocrx_word' id='word_1_591' title='bbox 481 2461 527 2487; x_wconf 81' lang='grc' dir='ltr'>καὶ</span> <span class='ocrx_word' id='word_1_592' title='bbox 549 2460 682 2496; x_wconf 84' lang='grc' dir='ltr'>μετέωρος</span> <span class='ocrx_word' id='word_1_593' title='bbox 702 2459 789 2491; x_wconf 81' lang='grc' dir='ltr'>οὐσία,</span> <span class='ocrx_word' id='word_1_594' title='bbox 813 2458 856 2485; x_wconf 88' lang='grc' dir='ltr'>διὰ</span> <span class='ocrx_word' id='word_1_595' title='bbox 874 2457 904 2483; x_wconf 87' lang='grc' dir='ltr'>τὸ</span> 
     </span>
    </p>
   </div>
   <div class='ocr_carea' id='block_1_76' title="bbox 120 2504 903 2546">
    <p class='ocr_par' dir='ltr' id='par_1_76' title="bbox 120 2504 903 2546">
     <span class='ocr_line' id='line_1_76' title="bbox 120 2504 903 2546; baseline -0.009 -10"><span class='ocrx_word' id='word_1_596' title='bbox 120 2511 158 2546; x_wconf 75' lang='grc' dir='ltr'>μὴ</span> <span class='ocrx_word' id='word_1_597' title='bbox 175 2510 267 2536; x_wconf 81' lang='grc' dir='ltr'>πᾶσαν</span> <span class='ocrx_word' id='word_1_598' title='bbox 282 2508 366 2543; x_wconf 80' lang='grc' dir='ltr'>αὐτὴν</span> <span class='ocrx_word' id='word_1_599' title='bbox 381 2506 507 2542; x_wconf 79' lang='grc' dir='ltr'>ὀμοφυῶς</span> <span class='ocrx_word' id='word_1_600' title='bbox 518 2507 585 2542; x_wconf 84' lang='grc' dir='ltr'>πρὸς</span> <span class='ocrx_word' id='word_1_601' title='bbox 602 2505 700 2540; x_wconf 78' lang='grc' dir='ltr'>ἑαυτὴν</span> <span class='ocrx_word' id='word_1_602' title='bbox 714 2504 795 2540; x_wconf 76' lang='grc' dir='ltr'>ἔχειν,</span> <span class='ocrx_word' id='word_1_603' title='bbox 810 2505 838 2530; x_wconf 80' lang='grc' dir='ltr'>ὲν</span> <span class='ocrx_word' id='word_1_604' title='bbox 855 2512 903 2538; x_wconf 87' lang='grc' dir='ltr'>με-</span> 
     </span>
    </p>
   </div>
   <div class='ocr_carea' id='block_1_77' title="bbox 119 2549 905 2589">
    <p class='ocr_par' dir='ltr' id='par_1_77' title="bbox 119 2549 905 2589">
     <span class='ocr_line' id='line_1_77' title="bbox 119 2549 905 2589; baseline -0.009 -7"><span class='ocrx_word' id='word_1_605' title='bbox 119 2556 185 2588; x_wconf 74' lang='grc' dir='ltr'>ταξὺ</span> <span class='ocrx_word' id='word_1_606' title='bbox 197 2555 361 2589; x_wconf 84' lang='grc' dir='ltr'>διαστήματι</span> <span class='ocrx_word' id='word_1_607' title='bbox 375 2553 422 2580; x_wconf 89' lang='grc' dir='ltr'>τοῦ</span> <span class='ocrx_word' id='word_1_608' title='bbox 438 2552 632 2588; x_wconf 83' lang='grc' dir='ltr'>παρῳχηκότος</span> <span class='ocrx_word' id='word_1_609' title='bbox 645 2551 752 2586; x_wconf 85' lang='grc' dir='ltr'>χρόνου,</span> <span class='ocrx_word' id='word_1_610' title='bbox 773 2550 840 2586; x_wconf 77' lang='grc' dir='ltr'>πρὸς</span> <span class='ocrx_word' id='word_1_611' title='bbox 856 2549 905 2581; x_wconf 87' lang='grc' dir='ltr'>τὰς</span> 
     </span>
    </p>
   </div>
   <div class='ocr_carea' id='block_1_78' title="bbox 121 2592 904 2635">
    <p class='ocr_par' dir='ltr' id='par_1_78' title="bbox 121 2592 904 2635">
     <span class='ocr_line' id='line_1_78' title="bbox 121 2592 904 2635; baseline -0.006 -8"><span class='ocrx_word' id='word_1_612' title='bbox 121 2601 262 2635; x_wconf 87' lang='grc' dir='ltr'>ὁμογενεῖς</span> <span class='ocrx_word' id='word_1_613' title='bbox 277 2599 409 2634; x_wconf 79' lang='grc' dir='ltr'>ἰδιότητας</span> <span class='ocrx_word' id='word_1_614' title='bbox 425 2599 457 2625; x_wconf 78' lang='grc' dir='ltr'>ὲκ</span> <span class='ocrx_word' id='word_1_615' title='bbox 470 2598 518 2624; x_wconf 85' lang='grc' dir='ltr'>τοῦ</span> <span class='ocrx_word' id='word_1_616' title='bbox 537 2597 624 2625; x_wconf 86' lang='grc' dir='ltr'>κοινοῦ</span> <span class='ocrx_word' id='word_1_617' title='bbox 647 2597 824 2632; x_wconf 83' lang='grc' dir='ltr'>διακρίνεται,</span> <span class='ocrx_word' id='word_1_618' title='bbox 842 2597 871 2622; x_wconf 75' lang='grc' dir='ltr'>ἐν</span> 
     </span>
    </p>
   </div>
   <div class='ocr_carea' id='block_1_79' title="bbox 121 2642 905 2681">
    <p class='ocr_par' dir='ltr' id='par_1_79' title="bbox 121 2642 905 2681">
     <span class='ocr_line' id='line_1_79' title="bbox 121 2642 905 2681; baseline -0.006 -8"><span class='ocrx_word' id='word_1_619' title='bbox 121 2646 150 2673; x_wconf 77' lang='grc' dir='ltr'>τὺ</span> <span class='ocrx_word' id='word_1_620' title='bbox 162 2647 277 2681; x_wconf 76' lang='grc' dir='ltr'>ἄπειρον</span> <span class='ocrx_word' id='word_1_621' title='bbox 291 2646 344 2672; x_wconf 85' lang='grc' dir='ltr'>τῶν</span> <span class='ocrx_word' id='word_1_622' title='bbox 357 2645 462 2680; x_wconf 80' lang='grc' dir='ltr'>ἄστρων</span> <span class='ocrx_word' id='word_1_623' title='bbox 479 2644 580 2680; x_wconf 89' lang='grc' dir='ltr'>πλῆθος</span> <span class='ocrx_word' id='word_1_624' title='bbox 591 2643 755 2676; x_wconf 80' lang='grc' dir='ltr'>ὲξαπλωθὲν,</span> <span class='ocrx_word' id='word_1_625' title='bbox 773 2642 844 2670; x_wconf 85' lang='grc' dir='ltr'>κατὰ</span> <span class='ocrx_word' id='word_1_626' title='bbox 856 2642 905 2678; x_wconf 87' lang='grc' dir='ltr'>τὴν</span> 
     </span>
    </p>
   </div>
   <div class='ocr_carea' id='block_1_80' title="bbox 121 2687 906 2727">
    <p class='ocr_par' dir='ltr' id='par_1_80' title="bbox 121 2687 906 2727">
     <span class='ocr_line' id='line_1_80' title="bbox 121 2687 906 2727; baseline -0.006 -8"><span class='ocrx_word' id='word_1_627' title='bbox 121 2692 285 2727; x_wconf 82' lang='grc' dir='ltr'>ὲγκειμένην</span> <span class='ocrx_word' id='word_1_628' title='bbox 307 2691 413 2725; x_wconf 78' lang='grc' dir='ltr'>ἑκάστῳ</span> <span class='ocrx_word' id='word_1_629' title='bbox 430 2690 506 2725; x_wconf 84' lang='grc' dir='ltr'>μέρει</span> <span class='ocrx_word' id='word_1_630' title='bbox 531 2690 648 2724; x_wconf 85' lang='grc' dir='ltr'>φυσικὴν</span> <span class='ocrx_word' id='word_1_631' title='bbox 668 2689 796 2724; x_wconf 79' lang='grc' dir='ltr'>ἰδιότητα,</span> <span class='ocrx_word' id='word_1_632' title='bbox 810 2688 856 2714; x_wconf 75' lang='grc' dir='ltr'>ἐπὶ</span> <span class='ocrx_word' id='word_1_633' title='bbox 876 2687 906 2714; x_wconf 84' lang='grc' dir='ltr'>τὸ</span> 
     </span>
    </p>
   </div>
   <div class='ocr_carea' id='block_1_81' title="bbox 121 2731 905 2771">
    <p class='ocr_par' dir='ltr' id='par_1_81' title="bbox 121 2731 905 2771">
     <span class='ocr_line' id='line_1_81' title="bbox 121 2731 905 2771; baseline -0.008 -8"><span class='ocrx_word' id='word_1_634' title='bbox 121 2736 273 2771; x_wconf 78' lang='grc' dir='ltr'>ἀκρότατον</span> <span class='ocrx_word' id='word_1_635' title='bbox 295 2737 346 2771; x_wconf 86' lang='grc' dir='ltr'>τῆς</span> <span class='ocrx_word' id='word_1_636' title='bbox 367 2735 481 2766; x_wconf 85' lang='grc' dir='ltr'>κτίσεως</span> <span class='ocrx_word' id='word_1_637' title='bbox 503 2733 656 2770; x_wconf 80' lang='grc' dir='ltr'>ἀνατρέχει,</span> <span class='ocrx_word' id='word_1_638' title='bbox 672 2733 719 2760; x_wconf 74' lang='grc' dir='ltr'>καὶ</span> <span class='ocrx_word' id='word_1_639' title='bbox 736 2734 764 2759; x_wconf 77' lang='grc' dir='ltr'>ὲν</span> <span class='ocrx_word' id='word_1_640' title='bbox 787 2731 827 2767; x_wconf 78' lang='grc' dir='ltr'>τῷ</span> <span class='ocrx_word' id='word_1_641' title='bbox 849 2732 905 2767; x_wconf 81' lang='grc' dir='ltr'>ἰδίῳ</span> 
     </span>
    </p>
   </div>
   <div class='ocr_carea' id='block_1_82' title="bbox 122 2778 909 2815">
    <p class='ocr_par' dir='ltr' id='par_1_82' title="bbox 122 2778 909 2815">
     <span class='ocr_line' id='line_1_82' title="bbox 122 2778 909 2815; baseline -0.006 -7"><span class='ocrx_word' id='word_1_642' title='bbox 122 2782 237 2808; x_wconf 78' lang='grc' dir='ltr'>’ἑκαστον</span> <span class='ocrx_word' id='word_1_643' title='bbox 250 2781 355 2815; x_wconf 87' lang='grc' dir='ltr'>γίνεται</span> <span class='ocrx_word' id='word_1_644' title='bbox 373 2780 457 2815; x_wconf 84' lang='grc' dir='ltr'>τόπῳ,</span> <span class='ocrx_word' id='word_1_645' title='bbox 475 2779 536 2806; x_wconf 81' lang='grc' dir='ltr'>οὔτε</span> <span class='ocrx_word' id='word_1_646' title='bbox 553 2779 703 2814; x_wconf 85' lang='grc' dir='ltr'>παυόμενον</span> <span class='ocrx_word' id='word_1_647' title='bbox 721 2778 772 2813; x_wconf 86' lang='grc' dir='ltr'>τῆς</span> <span class='ocrx_word' id='word_1_648' title='bbox 788 2778 909 2812; x_wconf 83' lang='grc' dir='ltr'>ἀεικινὴ-</span> 
     </span>
    </p>
   </div>
   <div class='ocr_carea' id='block_1_83' title="bbox 122 2820 910 2863">
    <p class='ocr_par' dir='ltr' id='par_1_83' title="bbox 122 2820 910 2863">
     <span class='ocr_line' id='line_1_83' title="bbox 122 2820 910 2863; baseline -0.006 -10"><span class='ocrx_word' id='word_1_649' title='bbox 122 2835 168 2854; x_wconf 86' lang='grc' dir='ltr'>του</span> <span class='ocrx_word' id='word_1_650' title='bbox 186 2827 284 2863; x_wconf 78' lang='grc' dir='ltr'>φορᾶς,</span> <span class='ocrx_word' id='word_1_651' title='bbox 305 2825 367 2852; x_wconf 77' lang='grc' dir='ltr'>οὔτε</span> <span class='ocrx_word' id='word_1_652' title='bbox 385 2825 612 2860; x_wconf 87' lang='grc' dir='ltr'>μετακινούμενον</span> <span class='ocrx_word' id='word_1_653' title='bbox 627 2825 680 2851; x_wconf 80' lang='grc' dir='ltr'>ἀπὸ</span> <span class='ocrx_word' id='word_1_654' title='bbox 696 2825 744 2859; x_wconf 89' lang='grc' dir='ltr'>τῆς</span> <span class='ocrx_word' id='word_1_655' title='bbox 763 2825 791 2850; x_wconf 79' lang='grc' dir='ltr'>ὲν</span> <span class='ocrx_word' id='word_1_656' title='bbox 805 2820 827 2857; x_wconf 83' lang='grc' dir='ltr'>ᾧ</span> <span class='ocrx_word' id='word_1_657' title='bbox 853 2824 910 2849; x_wconf 81' lang='grc' dir='ltr'>ἐστι</span> 
     </span>
    </p>
   </div>
   <div class='ocr_carea' id='block_1_84' title="bbox 122 2869 910 2907">
    <p class='ocr_par' dir='ltr' id='par_1_84' title="bbox 122 2869 910 2907">
     <span class='ocr_line' id='line_1_84' title="bbox 122 2869 910 2907; baseline -0.006 -8"><span class='ocrx_word' id='word_1_658' title='bbox 122 2873 236 2904; x_wconf 82' lang='grc' dir='ltr'>θέσεως.</span> <span class='ocrx_word' id='word_1_659' title='bbox 263 2872 334 2898; x_wconf 84' lang='grc' dir='ltr'>Ἀλλ’</span> <span class='ocrx_word' id='word_1_660' title='bbox 354 2873 371 2907; x_wconf 84' lang='grc' dir='ltr'>ὴ</span> <span class='ocrx_word' id='word_1_661' title='bbox 394 2872 443 2907; x_wconf 76' lang='grc' dir='ltr'>μὲν</span> <span class='ocrx_word' id='word_1_662' title='bbox 462 2870 539 2903; x_wconf 78' lang='grc' dir='ltr'>τάξις</span> <span class='ocrx_word' id='word_1_663' title='bbox 560 2872 589 2898; x_wconf 78' lang='grc' dir='ltr'>ὲν</span> <span class='ocrx_word' id='word_1_664' title='bbox 614 2871 718 2902; x_wconf 85' lang='grc' dir='ltr'>τούτοις</span> <span class='ocrx_word' id='word_1_665' title='bbox 733 2870 764 2896; x_wconf 86' lang='grc' dir='ltr'>τὸ</span> <span class='ocrx_word' id='word_1_666' title='bbox 783 2869 910 2904; x_wconf 81' lang='grc' dir='ltr'>ἀκίνητον</span> 
     </span>
    </p>
   </div>
   <div class='ocr_carea' id='block_1_85' title="bbox 122 2915 911 2954">
    <p class='ocr_par' dir='ltr' id='par_1_85' title="bbox 122 2915 911 2954">
     <span class='ocr_line' id='line_1_85' title="bbox 122 2915 911 2954; baseline -0.005 -10"><span class='ocrx_word' id='word_1_667' title='bbox 122 2919 188 2953; x_wconf 72' lang='grc' dir='ltr'>ἐκει,</span> <span class='ocrx_word' id='word_1_668' title='bbox 207 2919 223 2954; x_wconf 78' lang='grc' dir='ltr'><strong>ἠ</strong></span> <span class='ocrx_word' id='word_1_669' title='bbox 239 2918 267 2945; x_wconf 72' lang='grc' dir='ltr'>δὲ</span> <span class='ocrx_word' id='word_1_670' title='bbox 283 2917 363 2953; x_wconf 85' lang='grc' dir='ltr'>φύσις</span> <span class='ocrx_word' id='word_1_671' title='bbox 380 2918 410 2944; x_wconf 78' lang='grc' dir='ltr'>τὺ</span> <span class='ocrx_word' id='word_1_672' title='bbox 428 2917 588 2953; x_wconf 84' lang='grc' dir='ltr'>ἀεικίνητον.</span> <span class='ocrx_word' id='word_1_673' title='bbox 611 2916 721 2952; x_wconf 82' lang='grc' dir='ltr'>Ἐφεξῆς</span> <span class='ocrx_word' id='word_1_674' title='bbox 738 2916 766 2942; x_wconf 83' lang='grc' dir='ltr'>δὲ</span> <span class='ocrx_word' id='word_1_675' title='bbox 787 2916 804 2950; x_wconf 83' lang='grc' dir='ltr'>ἡ</span> <span class='ocrx_word' id='word_1_676' title='bbox 823 2915 911 2941; x_wconf 83' lang='grc' dir='ltr'>δευτε-</span> 
     </span>
    </p>
   </div>
   <div class='ocr_carea' id='block_1_86' title="bbox 945 1665 1729 1708">
    <p class='ocr_par' dir='ltr' id='par_1_86' title="bbox 945 1665 1729 1708">
     <span class='ocr_line' id='line_1_86' title="bbox 945 1665 1729 1708; baseline -0.013 -7"><span class='ocrx_word' id='word_1_677' title='bbox 945 1675 972 1701; x_wconf 91' lang='lat' dir='ltr'>vi</span> <span class='ocrx_word' id='word_1_678' title='bbox 988 1682 1042 1701; x_wconf 91' lang='lat' dir='ltr'>non</span> <span class='ocrx_word' id='word_1_679' title='bbox 1057 1678 1099 1701; x_wconf 88' lang='lat' dir='ltr'>est</span> <span class='ocrx_word' id='word_1_680' title='bbox 1114 1680 1226 1708; x_wconf 87' lang='lat' dir='ltr'><strong>prorsus</strong></span> <span class='ocrx_word' id='word_1_681' title='bbox 1249 1671 1349 1698; x_wconf 88' lang='lat' dir='ltr'><strong>aliena.</strong></span> <span class='ocrx_word' id='word_1_682' title='bbox 1364 1669 1499 1696; x_wconf 66' lang='lat' dir='ltr'><strong>Caeterum</strong></span> <span class='ocrx_word' id='word_1_683' title='bbox 1516 1665 1655 1700; x_wconf 67' lang='lat' dir='ltr'><strong>sapientiae</strong></span> <span class='ocrx_word' id='word_1_684' title='bbox 1669 1666 1729 1692; x_wconf 88' lang='lat' dir='ltr'><strong>sin-</strong></span> 
     </span>
    </p>
   </div>
   <div class='ocr_carea' id='block_1_87' title="bbox 946 1715 1729 1757">
    <p class='ocr_par' dir='ltr' id='par_1_87' title="bbox 946 1715 1729 1757">
     <span class='ocr_line' id='line_1_87' title="bbox 946 1715 1729 1757; baseline -0.014 -9"><span class='ocrx_word' id='word_1_685' title='bbox 946 1720 1017 1757; x_wconf 78' lang='lat' dir='ltr'><strong>gulis</strong></span> <span class='ocrx_word' id='word_1_686' title='bbox 1033 1721 1060 1747; x_wconf 94' lang='lat' dir='ltr'>in</span> <span class='ocrx_word' id='word_1_687' title='bbox 1074 1719 1157 1747; x_wconf 86' lang='lat' dir='ltr'><strong>rebus</strong></span> <span class='ocrx_word' id='word_1_688' title='bbox 1170 1718 1328 1752; x_wconf 68' lang='lat' dir='ltr'><strong>conspicuae</strong></span> <span class='ocrx_word' id='word_1_689' title='bbox 1352 1715 1484 1742; x_wconf 89' lang='lat' dir='ltr'><strong>rationem</strong></span> <span class='ocrx_word' id='word_1_690' title='bbox 1509 1717 1613 1740; x_wconf 56' lang='lat' dir='ltr'><strong>natura)</strong></span> <span class='ocrx_word' id='word_1_691' title='bbox 1628 1715 1729 1739; x_wconf 71' lang='lat' dir='ltr'><strong>nostrae</strong></span> 
     </span>
    </p>
   </div>
   <div class='ocr_carea' id='block_1_88' title="bbox 946 1760 1729 1797">
    <p class='ocr_par' dir='ltr' id='par_1_88' title="bbox 946 1760 1729 1797">
     <span class='ocr_line' id='line_1_88' title="bbox 946 1760 1729 1797; baseline -0.013 -4"><span class='ocrx_word' id='word_1_692' title='bbox 946 1765 1091 1793; x_wconf 86' lang='lat' dir='ltr'><strong>inﬁrmitas</strong></span> <span class='ocrx_word' id='word_1_693' title='bbox 1107 1764 1206 1791; x_wconf 89' lang='lat' dir='ltr'><strong>intueri</strong></span> <span class='ocrx_word' id='word_1_694' title='bbox 1219 1770 1273 1790; x_wconf 89' lang='lat' dir='ltr'>non</span> <span class='ocrx_word' id='word_1_695' title='bbox 1285 1765 1384 1797; x_wconf 87' lang='lat' dir='ltr'><strong>potest,</strong></span> <span class='ocrx_word' id='word_1_696' title='bbox 1396 1760 1539 1796; x_wconf 86' lang='lat' dir='ltr'><strong>quemdam</strong></span> <span class='ocrx_word' id='word_1_697' title='bbox 1550 1763 1638 1786; x_wconf 80' lang='lat' dir='ltr'><strong>tamen</strong></span> <span class='ocrx_word' id='word_1_698' title='bbox 1651 1765 1729 1784; x_wconf 89' lang='lat' dir='ltr'><strong>mun—</strong></span> 
     </span>
    </p>
   </div>
   <div class='ocr_carea' id='block_1_89' title="bbox 947 1803 1724 1842">
    <p class='ocr_par' dir='ltr' id='par_1_89' title="bbox 947 1803 1724 1842">
     <span class='ocr_line' id='line_1_89' title="bbox 947 1803 1724 1842; baseline -0.013 -3"><span class='ocrx_word' id='word_1_699' title='bbox 947 1811 974 1839; x_wconf 91' lang='lat' dir='ltr'>di</span> <span class='ocrx_word' id='word_1_700' title='bbox 993 1811 1077 1838; x_wconf 88' lang='lat' dir='ltr'><strong>totius</strong></span> <span class='ocrx_word' id='word_1_701' title='bbox 1094 1809 1218 1837; x_wconf 88' lang='lat' dir='ltr'><strong>ordinem</strong></span> <span class='ocrx_word' id='word_1_702' title='bbox 1234 1808 1261 1835; x_wconf 91' lang='lat' dir='ltr'>in</span> <span class='ocrx_word' id='word_1_703' title='bbox 1277 1808 1312 1835; x_wconf 88' lang='lat' dir='ltr'>iis</span> <span class='ocrx_word' id='word_1_704' title='bbox 1323 1814 1383 1842; x_wconf 69' lang='lat' dir='ltr'><strong>quae</strong></span> <span class='ocrx_word' id='word_1_705' title='bbox 1397 1806 1469 1833; x_wconf 78' lang='lat' dir='ltr'><strong>facta</strong></span> <span class='ocrx_word' id='word_1_706' title='bbox 1480 1810 1555 1837; x_wconf 81' lang='lat' dir='ltr'><strong>sunt,</strong></span> <span class='ocrx_word' id='word_1_707' title='bbox 1572 1812 1605 1832; x_wconf 88' lang='lat' dir='ltr'>ex</span> <span class='ocrx_word' id='word_1_708' title='bbox 1619 1803 1724 1830; x_wconf 87' lang='lat' dir='ltr'><strong>descri-</strong></span> 
     </span>
    </p>
   </div>
   <div class='ocr_carea' id='block_1_90' title="bbox 948 1850 1730 1892">
    <p class='ocr_par' dir='ltr' id='par_1_90' title="bbox 948 1850 1730 1892">
     <span class='ocr_line' id='line_1_90' title="bbox 948 1850 1730 1892; baseline -0.013 -8"><span class='ocrx_word' id='word_1_709' title='bbox 948 1857 1041 1892; x_wconf 89' lang='lat' dir='ltr'><strong>ptione</strong></span> <span class='ocrx_word' id='word_1_710' title='bbox 1065 1855 1240 1890; x_wconf 80' lang='lat' dir='ltr'><strong>legislatoris,</strong></span> <span class='ocrx_word' id='word_1_711' title='bbox 1259 1854 1293 1881; x_wconf 90' lang='lat' dir='ltr'>ab</span> <span class='ocrx_word' id='word_1_712' title='bbox 1314 1853 1348 1880; x_wconf 91' lang='lat' dir='ltr'>iis</span> <span class='ocrx_word' id='word_1_713' title='bbox 1362 1852 1410 1887; x_wconf 87' lang='lat' dir='ltr'>qui</span> <span class='ocrx_word' id='word_1_714' title='bbox 1430 1850 1604 1878; x_wconf 88' lang='lat' dir='ltr'><strong>mediocriter</strong></span> <span class='ocrx_word' id='word_1_715' title='bbox 1628 1851 1730 1876; x_wconf 84' lang='lat' dir='ltr'><strong>norunt</strong></span> 
     </span>
    </p>
   </div>
   <div class='ocr_carea' id='block_1_91' title="bbox 947 1899 1729 1936">
    <p class='ocr_par' dir='ltr' id='par_1_91' title="bbox 947 1899 1729 1936">
     <span class='ocr_line' id='line_1_91' title="bbox 947 1899 1729 1936; baseline -0.014 -7"><span class='ocrx_word' id='word_1_716' title='bbox 947 1901 1092 1936; x_wconf 87' lang='lat' dir='ltr'><strong>dispicere,</strong></span> <span class='ocrx_word' id='word_1_717' title='bbox 1109 1907 1169 1935; x_wconf 85' lang='lat' dir='ltr'><strong>quae</strong></span> <span class='ocrx_word' id='word_1_718' title='bbox 1183 1907 1215 1927; x_wconf 87' lang='lat' dir='ltr'>ex</span> <span class='ocrx_word' id='word_1_719' title='bbox 1231 1899 1332 1933; x_wconf 89' lang='lat' dir='ltr'><strong>quibus</strong></span> <span class='ocrx_word' id='word_1_720' title='bbox 1347 1901 1563 1931; x_wconf 86' lang='lat' dir='ltr'><strong>consequantur,</strong></span> <span class='ocrx_word' id='word_1_721' title='bbox 1581 1902 1629 1929; x_wconf 84' lang='lat' dir='ltr'>per</span> <span class='ocrx_word' id='word_1_722' title='bbox 1643 1899 1729 1928; x_wconf 85' lang='lat' dir='ltr'><strong>quas-</strong></span> 
     </span>
    </p>
   </div>
   <div class='ocr_carea' id='block_1_92' title="bbox 948 1941 1730 1982">
    <p class='ocr_par' dir='ltr' id='par_1_92' title="bbox 948 1941 1730 1982">
     <span class='ocr_line' id='line_1_92' title="bbox 948 1941 1730 1982; baseline -0.013 -8"><span class='ocrx_word' id='word_1_723' title='bbox 948 1947 1012 1974; x_wconf 86' lang='lat' dir='ltr'>dam</span> <span class='ocrx_word' id='word_1_724' title='bbox 1035 1946 1207 1982; x_wconf 83' lang='lat' dir='ltr'><strong>conjecturas</strong></span> <span class='ocrx_word' id='word_1_725' title='bbox 1221 1965 1228 1977; x_wconf 88' lang='lat'>,</span> <span class='ocrx_word' id='word_1_726' title='bbox 1254 1949 1393 1979; x_wconf 84' lang='lat' dir='ltr'><strong>utcunque</strong></span> <span class='ocrx_word' id='word_1_727' title='bbox 1422 1941 1551 1977; x_wconf 83' lang='lat' dir='ltr'><strong>cognosci</strong></span> <span class='ocrx_word' id='word_1_728' title='bbox 1583 1947 1662 1975; x_wconf 86' lang='lat' dir='ltr'><strong>posse</strong></span> <span class='ocrx_word' id='word_1_729' title='bbox 1685 1945 1730 1964; x_wconf 90' lang='lat' dir='ltr'><strong>ar-</strong></span> 
     </span>
    </p>
   </div>
   <div class='ocr_carea' id='block_1_93' title="bbox 949 1992 1047 2019">
    <p class='ocr_par' dir='ltr' id='par_1_93' title="bbox 949 1992 1047 2019">
     <span class='ocr_line' id='line_1_93' title="bbox 949 1992 1047 2019; baseline -0.02 0"><span class='ocrx_word' id='word_1_730' title='bbox 949 1992 1047 2019; x_wconf 84' lang='lat' dir='ltr'><strong>bitror.</strong></span> 
     </span>
    </p>
   </div>
   <div class='ocr_carea' id='block_1_94' title="bbox 985 2088 1730 2126">
    <p class='ocr_par' dir='ltr' id='par_1_94' title="bbox 985 2088 1730 2126">
     <span class='ocr_line' id='line_1_94' title="bbox 985 2088 1730 2126; baseline -0.011 -6"><span class='ocrx_word' id='word_1_731' title='bbox 985 2093 1166 2126; x_wconf 85' lang='lat' dir='ltr'><strong>Quamobrem</strong></span> <span class='ocrx_word' id='word_1_732' title='bbox 1203 2094 1360 2125; x_wconf 87' lang='lat' dir='ltr'><strong>repetamus</strong></span> <span class='ocrx_word' id='word_1_733' title='bbox 1392 2088 1514 2116; x_wconf 90' lang='lat' dir='ltr'><strong>ordinem</strong></span> <span class='ocrx_word' id='word_1_734' title='bbox 1546 2092 1640 2113; x_wconf 85' lang='lat' dir='ltr'><strong>eorum</strong></span> <span class='ocrx_word' id='word_1_735' title='bbox 1670 2091 1730 2119; x_wconf 61' lang='lat' dir='ltr'><strong>quae</strong></span> 
     </span>
    </p>
   </div>
   <div class='ocr_carea' id='block_1_95' title="bbox 951 2132 1730 2166">
    <p class='ocr_par' dir='ltr' id='par_1_95' title="bbox 951 2132 1730 2166">
     <span class='ocr_line' id='line_1_95' title="bbox 951 2132 1730 2166; baseline -0.013 0"><span class='ocrx_word' id='word_1_736' title='bbox 951 2139 1022 2166; x_wconf 76' lang='lat' dir='ltr'><strong>facta</strong></span> <span class='ocrx_word' id='word_1_737' title='bbox 1042 2143 1106 2165; x_wconf 91' lang='lat' dir='ltr'><strong>sunt</strong></span> <span class='ocrx_word' id='word_1_738' title='bbox 1129 2146 1135 2164; x_wconf 87' lang='lat'><strong>:</strong></span> <span class='ocrx_word' id='word_1_739' title='bbox 1162 2137 1202 2164; x_wconf 89' lang='lat' dir='ltr'>sic</span> <span class='ocrx_word' id='word_1_740' title='bbox 1222 2140 1312 2163; x_wconf 88' lang='lat' dir='ltr'><strong>autem</strong></span> <span class='ocrx_word' id='word_1_741' title='bbox 1335 2134 1417 2161; x_wconf 85' lang='lat' dir='ltr'><strong>habet</strong></span> <span class='ocrx_word' id='word_1_742' title='bbox 1433 2133 1552 2159; x_wconf 89' lang='lat' dir='ltr'><strong>:Lucem</strong></span> <span class='ocrx_word' id='word_1_743' title='bbox 1577 2132 1730 2159; x_wconf 88' lang='lat' dir='ltr'><strong>universam</strong></span> 
     </span>
    </p>
   </div>
   <div class='ocr_carea' id='block_1_96' title="bbox 952 2176 1732 2215">
    <p class='ocr_par' dir='ltr' id='par_1_96' title="bbox 952 2176 1732 2215">
     <span class='ocr_line' id='line_1_96' title="bbox 952 2176 1732 2215; baseline -0.013 -3"><span class='ocrx_word' id='word_1_744' title='bbox 952 2184 1103 2212; x_wconf 88' lang='lat' dir='ltr'><strong>mobilitate</strong></span> <span class='ocrx_word' id='word_1_745' title='bbox 1113 2189 1163 2210; x_wconf 86' lang='lat' dir='ltr'>sua</span> <span class='ocrx_word' id='word_1_746' title='bbox 1177 2185 1240 2208; x_wconf 90' lang='lat' dir='ltr'><strong>ante</strong></span> <span class='ocrx_word' id='word_1_747' title='bbox 1252 2181 1306 2207; x_wconf 89' lang='lat' dir='ltr'><strong>alia</strong></span> <span class='ocrx_word' id='word_1_748' title='bbox 1318 2179 1497 2215; x_wconf 85' lang='lat' dir='ltr'><strong>prodeuntem</strong></span> <span class='ocrx_word' id='word_1_749' title='bbox 1511 2176 1671 2204; x_wconf 87' lang='lat' dir='ltr'><strong>ﬁrmamenti</strong></span> <span class='ocrx_word' id='word_1_750' title='bbox 1689 2176 1732 2203; x_wconf 84' lang='lat' dir='ltr'><strong>ab-</strong></span> 
     </span>
    </p>
   </div>
   <div class='ocr_carea' id='block_1_97' title="bbox 954 2222 1732 2263">
    <p class='ocr_par' dir='ltr' id='par_1_97' title="bbox 954 2222 1732 2263">
     <span class='ocr_line' id='line_1_97' title="bbox 954 2222 1732 2263; baseline -0.012 -6"><span class='ocrx_word' id='word_1_751' title='bbox 954 2230 1054 2257; x_wconf 86' lang='lat' dir='ltr'><strong>solutio</strong></span> <span class='ocrx_word' id='word_1_752' title='bbox 1069 2229 1103 2256; x_wconf 85' lang='lat' dir='ltr'>ab</span> <span class='ocrx_word' id='word_1_753' title='bbox 1124 2227 1196 2263; x_wconf 76' lang='lat' dir='ltr'><strong>ignis</strong></span> <span class='ocrx_word' id='word_1_754' title='bbox 1213 2226 1317 2254; x_wconf 88' lang='lat' dir='ltr'><strong>circulo</strong></span> <span class='ocrx_word' id='word_1_755' title='bbox 1331 2225 1442 2253; x_wconf 90' lang='lat' dir='ltr'><strong>deﬁnita</strong></span> <span class='ocrx_word' id='word_1_756' title='bbox 1462 2223 1649 2258; x_wconf 86' lang='lat' dir='ltr'><strong>consequitur.</strong></span> <span class='ocrx_word' id='word_1_757' title='bbox 1668 2222 1732 2248; x_wconf 88' lang='lat' dir='ltr'><strong>Levi</strong></span> 
     </span>
    </p>
   </div>
   <div class='ocr_carea' id='block_1_98' title="bbox 954 2268 1734 2308">
    <p class='ocr_par' dir='ltr' id='par_1_98' title="bbox 954 2268 1734 2308">
     <span class='ocr_line' id='line_1_98' title="bbox 954 2268 1734 2308; baseline -0.01 -6"><span class='ocrx_word' id='word_1_758' title='bbox 954 2279 1043 2302; x_wconf 90' lang='lat' dir='ltr'><strong>autem</strong></span> <span class='ocrx_word' id='word_1_759' title='bbox 1061 2278 1158 2301; x_wconf 89' lang='lat' dir='ltr'><strong>natura</strong></span> <span class='ocrx_word' id='word_1_760' title='bbox 1179 2280 1193 2299; x_wconf 91' lang='lat' dir='ltr'>a</span> <span class='ocrx_word' id='word_1_761' title='bbox 1209 2271 1381 2308; x_wconf 69' lang='lat' dir='ltr'><strong>gravioribus</strong></span> <span class='ocrx_word' id='word_1_762' title='bbox 1397 2275 1532 2305; x_wconf 82' lang='lat' dir='ltr'><strong>separata,</strong></span> <span class='ocrx_word' id='word_1_763' title='bbox 1549 2276 1644 2303; x_wconf 81' lang='lat' dir='ltr'><strong>graves</strong></span> <span class='ocrx_word' id='word_1_764' title='bbox 1663 2268 1734 2294; x_wconf 87' lang='lat' dir='ltr'><strong>inter</strong></span> 
     </span>
    </p>
   </div>
   <div class='ocr_carea' id='block_1_99' title="bbox 960 2315 1734 2354">
    <p class='ocr_par' dir='ltr' id='par_1_99' title="bbox 960 2315 1734 2354">
     <span class='ocr_line' id='line_1_99' title="bbox 960 2315 1734 2354; baseline -0.01 -8"><span class='ocrx_word' id='word_1_765' title='bbox 960 2328 988 2347; x_wconf 90' lang='lat' dir='ltr'>se</span> <span class='ocrx_word' id='word_1_766' title='bbox 1006 2319 1151 2354; x_wconf 88' lang='lat' dir='ltr'><strong>qualitates</strong></span> <span class='ocrx_word' id='word_1_767' title='bbox 1175 2317 1391 2351; x_wconf 80' lang='lat' dir='ltr'><strong>distinguuntur,</strong></span> <span class='ocrx_word' id='word_1_768' title='bbox 1406 2315 1433 2342; x_wconf 92' lang='lat' dir='ltr'>in</span> <span class='ocrx_word' id='word_1_769' title='bbox 1447 2318 1519 2342; x_wconf 91' lang='lat' dir='ltr'><strong>terra</strong></span> <span class='ocrx_word' id='word_1_770' title='bbox 1541 2318 1567 2340; x_wconf 90' lang='lat' dir='ltr'>et</span> <span class='ocrx_word' id='word_1_771' title='bbox 1583 2321 1652 2348; x_wconf 88' lang='lat' dir='ltr'><strong>aqua</strong></span> <span class='ocrx_word' id='word_1_772' title='bbox 1668 2321 1734 2339; x_wconf 88' lang='lat' dir='ltr'><strong>con-</strong></span> 
     </span>
    </p>
   </div>
   <div class='ocr_carea' id='block_1_100' title="bbox 958 2358 1733 2391">
    <p class='ocr_par' dir='ltr' id='par_1_100' title="bbox 958 2358 1733 2391">
     <span class='ocr_line' id='line_1_100' title="bbox 958 2358 1733 2391; baseline -0.009 0"><span class='ocrx_word' id='word_1_773' title='bbox 958 2365 1061 2391; x_wconf 73' lang='lat' dir='ltr'><strong>stitutae</strong></span> <span class='ocrx_word' id='word_1_774' title='bbox 1079 2373 1085 2390; x_wconf 90' lang='lat'>:</span> <span class='ocrx_word' id='word_1_775' title='bbox 1108 2362 1237 2390; x_wconf 84' lang='lat' dir='ltr'><strong>inferiore</strong></span> <span class='ocrx_word' id='word_1_776' title='bbox 1252 2369 1318 2389; x_wconf 87' lang='lat' dir='ltr'><strong>vero</strong></span> <span class='ocrx_word' id='word_1_777' title='bbox 1333 2365 1430 2388; x_wconf 85' lang='lat' dir='ltr'><strong>natura</strong></span> <span class='ocrx_word' id='word_1_778' title='bbox 1449 2362 1590 2391; x_wconf 77' lang='lat' dir='ltr'><strong>exornata,</strong></span> <span class='ocrx_word' id='word_1_779' title='bbox 1613 2358 1733 2387; x_wconf 84' lang='lat' dir='ltr'><strong>subtilis.</strong></span> 
     </span>
    </p>
   </div>
   <div class='ocr_carea' id='block_1_101' title="bbox 954 2405 1735 2442">
    <p class='ocr_par' dir='ltr' id='par_1_101' title="bbox 954 2405 1735 2442">
     <span class='ocr_line' id='line_1_101' title="bbox 954 2405 1735 2442; baseline -0.009 -5"><span class='ocrx_word' id='word_1_780' title='bbox 954 2414 982 2437; x_wconf 83' lang='lat' dir='ltr'>et</span> <span class='ocrx_word' id='word_1_781' title='bbox 998 2410 1075 2441; x_wconf 85' lang='lat' dir='ltr'><strong>levis,</strong></span> <span class='ocrx_word' id='word_1_782' title='bbox 1091 2409 1263 2442; x_wconf 73' lang='lat' dir='ltr'><strong>excelsaque,</strong></span> <span class='ocrx_word' id='word_1_783' title='bbox 1282 2406 1410 2442; x_wconf 79' lang='lat' dir='ltr'><strong>quoniam</strong></span> <span class='ocrx_word' id='word_1_784' title='bbox 1424 2413 1478 2433; x_wconf 91' lang='lat' dir='ltr'>non</span> <span class='ocrx_word' id='word_1_785' title='bbox 1491 2405 1580 2432; x_wconf 89' lang='lat' dir='ltr'><strong>omnis</strong></span> <span class='ocrx_word' id='word_1_786' title='bbox 1592 2408 1651 2432; x_wconf 89' lang='lat' dir='ltr'><strong>erat</strong></span> <span class='ocrx_word' id='word_1_787' title='bbox 1664 2405 1735 2430; x_wconf 85' lang='lat' dir='ltr'><strong>inter</strong></span> 
     </span>
    </p>
   </div>
   <div class='ocr_carea' id='block_1_102' title="bbox 955 2450 1735 2488">
    <p class='ocr_par' dir='ltr' id='par_1_102' title="bbox 955 2450 1735 2488">
     <span class='ocr_line' id='line_1_102' title="bbox 955 2450 1735 2488; baseline -0.009 -6"><span class='ocrx_word' id='word_1_788' title='bbox 955 2462 986 2482; x_wconf 89' lang='lat' dir='ltr'>se</span> <span class='ocrx_word' id='word_1_789' title='bbox 1005 2454 1113 2486; x_wconf 88' lang='lat' dir='ltr'><strong>similis,</strong></span> <span class='ocrx_word' id='word_1_790' title='bbox 1137 2453 1272 2488; x_wconf 88' lang='lat' dir='ltr'><strong>interjecti</strong></span> <span class='ocrx_word' id='word_1_791' title='bbox 1288 2451 1420 2487; x_wconf 79' lang='lat' dir='ltr'><strong>temporis</strong></span> <span class='ocrx_word' id='word_1_792' title='bbox 1442 2451 1531 2486; x_wconf 85' lang='lat' dir='ltr'><strong>spatio</strong></span> <span class='ocrx_word' id='word_1_793' title='bbox 1546 2457 1579 2477; x_wconf 78' lang='lat' dir='ltr'><strong>ex</strong></span> <span class='ocrx_word' id='word_1_794' title='bbox 1596 2450 1642 2476; x_wconf 90' lang='lat' dir='ltr'><strong>illa</strong></span> <span class='ocrx_word' id='word_1_795' title='bbox 1660 2457 1735 2476; x_wconf 88' lang='lat' dir='ltr'><strong>com-</strong></span> 
     </span>
    </p>
   </div>
   <div class='ocr_carea' id='block_1_103' title="bbox 956 2495 1734 2535">
    <p class='ocr_par' dir='ltr' id='par_1_103' title="bbox 956 2495 1734 2535">
     <span class='ocr_line' id='line_1_103' title="bbox 956 2495 1734 2535; baseline -0.01 -7"><span class='ocrx_word' id='word_1_796' title='bbox 956 2501 1089 2528; x_wconf 85' lang='lat' dir='ltr'><strong>munitate</strong></span> <span class='ocrx_word' id='word_1_797' title='bbox 1101 2501 1129 2527; x_wconf 91' lang='lat' dir='ltr'>in</span> <span class='ocrx_word' id='word_1_798' title='bbox 1141 2505 1270 2535; x_wconf 70' lang='lat' dir='ltr'><strong>cognatas</strong></span> <span class='ocrx_word' id='word_1_799' title='bbox 1284 2498 1416 2526; x_wconf 85' lang='lat' dir='ltr'><strong>dividitur</strong></span> <span class='ocrx_word' id='word_1_800' title='bbox 1433 2497 1629 2532; x_wconf 87' lang='lat' dir='ltr'><strong>proprietates:</strong></span> <span class='ocrx_word' id='word_1_801' title='bbox 1642 2495 1668 2521; x_wconf 93' lang='lat' dir='ltr'>in</span> <span class='ocrx_word' id='word_1_802' title='bbox 1681 2501 1734 2528; x_wconf 89' lang='lat' dir='ltr'>qua</span> 
     </span>
    </p>
   </div>
   <div class='ocr_carea' id='block_1_104' title="bbox 958 2542 1736 2576">
    <p class='ocr_par' dir='ltr' id='par_1_104' title="bbox 958 2542 1736 2576">
     <span class='ocr_line' id='line_1_104' title="bbox 958 2542 1736 2576; baseline -0.012 -2"><span class='ocrx_word' id='word_1_803' title='bbox 958 2546 1164 2574; x_wconf 85' lang='lat' dir='ltr'><strong>innumerabilis</strong></span> <span class='ocrx_word' id='word_1_804' title='bbox 1193 2546 1333 2574; x_wconf 87' lang='lat' dir='ltr'><strong>stellarum</strong></span> <span class='ocrx_word' id='word_1_805' title='bbox 1358 2543 1503 2570; x_wconf 83' lang='lat' dir='ltr'><strong>multitudo</strong></span> <span class='ocrx_word' id='word_1_806' title='bbox 1526 2542 1660 2576; x_wconf 80' lang='lat' dir='ltr'><strong>explicata</strong></span> <span class='ocrx_word' id='word_1_807' title='bbox 1686 2547 1736 2574; x_wconf 91' lang='lat' dir='ltr'>pro</span> 
     </span>
    </p>
   </div>
   <div class='ocr_carea' id='block_1_105' title="bbox 958 2589 1735 2629">
    <p class='ocr_par' dir='ltr' id='par_1_105' title="bbox 958 2589 1735 2629">
     <span class='ocr_line' id='line_1_105' title="bbox 958 2589 1735 2629; baseline -0.013 -7"><span class='ocrx_word' id='word_1_808' title='bbox 958 2595 1040 2623; x_wconf 85' lang='lat' dir='ltr'><strong>insita</strong></span> <span class='ocrx_word' id='word_1_809' title='bbox 1055 2595 1156 2629; x_wconf 85' lang='lat' dir='ltr'><strong>cuique</strong></span> <span class='ocrx_word' id='word_1_810' title='bbox 1172 2594 1281 2629; x_wconf 90' lang='lat' dir='ltr'><strong>propria</strong></span> <span class='ocrx_word' id='word_1_811' title='bbox 1294 2593 1331 2625; x_wconf 91' lang='lat' dir='ltr'>vi,</span> <span class='ocrx_word' id='word_1_812' title='bbox 1347 2591 1440 2618; x_wconf 87' lang='lat' dir='ltr'><strong>mundi</strong></span> <span class='ocrx_word' id='word_1_813' title='bbox 1458 2589 1595 2624; x_wconf 77' lang='lat' dir='ltr'><strong>fastigium</strong></span> <span class='ocrx_word' id='word_1_814' title='bbox 1611 2589 1735 2621; x_wconf 86' lang='lat' dir='ltr'><strong>occupat,</strong></span> 
     </span>
    </p>
   </div>
   <div class='ocr_carea' id='block_1_106' title="bbox 958 2637 1737 2677">
    <p class='ocr_par' dir='ltr' id='par_1_106' title="bbox 958 2637 1737 2677">
     <span class='ocr_line' id='line_1_106' title="bbox 958 2637 1737 2677; baseline -0.015 -8"><span class='ocrx_word' id='word_1_815' title='bbox 958 2646 1038 2677; x_wconf 85' lang='lat' dir='ltr'><strong>atque</strong></span> <span class='ocrx_word' id='word_1_816' title='bbox 1052 2641 1089 2668; x_wconf 90' lang='lat' dir='ltr'>ita</span> <span class='ocrx_word' id='word_1_817' title='bbox 1104 2641 1132 2667; x_wconf 92' lang='lat' dir='ltr'>in</span> <span class='ocrx_word' id='word_1_818' title='bbox 1147 2648 1196 2668; x_wconf 89' lang='lat' dir='ltr'>sua</span> <span class='ocrx_word' id='word_1_819' title='bbox 1213 2638 1407 2674; x_wconf 66' lang='lat' dir='ltr'><strong>quaeque-sede</strong></span> <span class='ocrx_word' id='word_1_820' title='bbox 1423 2637 1518 2667; x_wconf 71' lang='lat' dir='ltr'><strong>haeret,</strong></span> <span class='ocrx_word' id='word_1_821' title='bbox 1536 2638 1566 2661; x_wconf 88' lang='lat' dir='ltr'>ut</span> <span class='ocrx_word' id='word_1_822' title='bbox 1588 2640 1650 2660; x_wconf 91' lang='lat' dir='ltr'>cum</span> <span class='ocrx_word' id='word_1_823' title='bbox 1666 2640 1737 2659; x_wconf 54' lang='lat' dir='ltr'><strong>sem.-</strong></span> 
     </span>
    </p>
   </div>
   <div class='ocr_carea' id='block_1_107' title="bbox 958 2679 1737 2724">
    <p class='ocr_par' dir='ltr' id='par_1_107' title="bbox 958 2679 1737 2724">
     <span class='ocr_line' id='line_1_107' title="bbox 958 2679 1737 2724; baseline -0.015 -8"><span class='ocrx_word' id='word_1_824' title='bbox 958 2696 1007 2724; x_wconf 86' lang='lat' dir='ltr'>per</span> <span class='ocrx_word' id='word_1_825' title='bbox 1018 2686 1237 2718; x_wconf 78' lang='lat' dir='ltr'><strong>circumferatur,</strong></span> <span class='ocrx_word' id='word_1_826' title='bbox 1249 2691 1388 2720; x_wconf 88' lang='lat' dir='ltr'><strong>nunquam</strong></span> <span class='ocrx_word' id='word_1_827' title='bbox 1400 2687 1489 2710; x_wconf 89' lang='lat' dir='ltr'><strong>tamen</strong></span> <span class='ocrx_word' id='word_1_828' title='bbox 1501 2682 1589 2708; x_wconf 90' lang='lat' dir='ltr'><strong>locum</strong></span> <span class='ocrx_word' id='word_1_829' title='bbox 1602 2679 1737 2713; x_wconf 76' lang='lat' dir='ltr'><strong>relinquat</strong></span> 
     </span>
    </p>
   </div>
   <div class='ocr_carea' id='block_1_108' title="bbox 958 2723 1736 2761">
    <p class='ocr_par' dir='ltr' id='par_1_108' title="bbox 958 2723 1736 2761">
     <span class='ocr_line' id='line_1_108' title="bbox 958 2723 1736 2761; baseline -0.014 -1"><span class='ocrx_word' id='word_1_830' title='bbox 958 2741 1048 2761; x_wconf 93' lang='lat' dir='ltr'><strong>suum.</strong></span> <span class='ocrx_word' id='word_1_831' title='bbox 1063 2732 1165 2759; x_wconf 85' lang='lat' dir='ltr'><strong>Horum</strong></span> <span class='ocrx_word' id='word_1_832' title='bbox 1186 2731 1259 2759; x_wconf 91' lang='lat' dir='ltr'><strong>enim</strong></span> <span class='ocrx_word' id='word_1_833' title='bbox 1282 2734 1312 2757; x_wconf 93' lang='lat' dir='ltr'>ut</span> <span class='ocrx_word' id='word_1_834' title='bbox 1331 2729 1398 2757; x_wconf 90' lang='lat' dir='ltr'><strong>ordo</strong></span> <span class='ocrx_word' id='word_1_835' title='bbox 1419 2725 1595 2754; x_wconf 87' lang='lat' dir='ltr'><strong>immutabilis</strong></span> <span class='ocrx_word' id='word_1_836' title='bbox 1615 2728 1671 2756; x_wconf 87' lang='lat' dir='ltr'><strong>est,</strong></span> <span class='ocrx_word' id='word_1_837' title='bbox 1697 2723 1736 2750; x_wconf 89' lang='lat' dir='ltr'>sic</span> 
     </span>
    </p>
   </div>
   <div class='ocr_carea' id='block_1_109' title="bbox 958 2770 1733 2811">
    <p class='ocr_par' dir='ltr' id='par_1_109' title="bbox 958 2770 1733 2811">
     <span class='ocr_line' id='line_1_109' title="bbox 958 2770 1733 2811; baseline -0.014 -7"><span class='ocrx_word' id='word_1_838' title='bbox 958 2781 1054 2804; x_wconf 87' lang='lat' dir='ltr'><strong>natura</strong></span> <span class='ocrx_word' id='word_1_839' title='bbox 1072 2784 1178 2811; x_wconf 87' lang='lat' dir='ltr'><strong>semper</strong></span> <span class='ocrx_word' id='word_1_840' title='bbox 1193 2775 1311 2802; x_wconf 91' lang='lat' dir='ltr'><strong>mobilis.</strong></span> <span class='ocrx_word' id='word_1_841' title='bbox 1334 2773 1400 2800; x_wconf 88' lang='lat' dir='ltr'><strong>Post</strong></span> <span class='ocrx_word' id='word_1_842' title='bbox 1415 2770 1614 2799; x_wconf 81' lang='lat' dir='ltr'><strong>velocissimum</strong></span> <span class='ocrx_word' id='word_1_843' title='bbox 1632 2772 1733 2795; x_wconf 90' lang='lat' dir='ltr'><strong>motum</strong></span> 
     </span>
    </p>
   </div>
   <div class='ocr_carea' id='block_1_110' title="bbox 959 2814 1725 2857">
    <p class='ocr_par' dir='ltr' id='par_1_110' title="bbox 959 2814 1725 2857">
     <span class='ocr_line' id='line_1_110' title="bbox 959 2814 1725 2857; baseline -0.016 -7"><span class='ocrx_word' id='word_1_844' title='bbox 959 2823 1084 2857; x_wconf 86' lang='lat' dir='ltr'><strong>sequitur</strong></span> <span class='ocrx_word' id='word_1_845' title='bbox 1098 2821 1300 2851; x_wconf 87' lang='lat' dir='ltr'><strong>secundoloco,</strong></span> <span class='ocrx_word' id='word_1_846' title='bbox 1315 2827 1375 2853; x_wconf 68' lang='lat' dir='ltr'><strong>qua:</strong></span> <span class='ocrx_word' id='word_1_847' title='bbox 1389 2817 1534 2844; x_wconf 87' lang='lat' dir='ltr'><strong>velocitate</strong></span> <span class='ocrx_word' id='word_1_848' title='bbox 1550 2814 1673 2849; x_wconf 85' lang='lat' dir='ltr'><strong>proxima</strong></span> <span class='ocrx_word' id='word_1_849' title='bbox 1684 2818 1725 2839; x_wconf 86' lang='lat' dir='ltr'>est</span> 
     </span>
    </p>
   </div>
   <div class='ocr_carea' id='block_1_111' title="bbox 959 2858 1737 2901">
    <p class='ocr_par' dir='ltr' id='par_1_111' title="bbox 959 2858 1737 2901">
     <span class='ocr_line' id='line_1_111' title="bbox 959 2858 1737 2901; baseline -0.019 -5"><span class='ocrx_word' id='word_1_850' title='bbox 959 2868 1174 2901; x_wconf 87' lang='lat' dir='ltr'><strong>subeuntemque</strong></span> <span class='ocrx_word' id='word_1_851' title='bbox 1200 2865 1332 2892; x_wconf 89' lang='lat' dir='ltr'><strong>circulum</strong></span> <span class='ocrx_word' id='word_1_852' title='bbox 1358 2862 1477 2893; x_wconf 86' lang='lat' dir='ltr'><strong>obtinet,</strong></span> <span class='ocrx_word' id='word_1_853' title='bbox 1504 2859 1585 2887; x_wconf 86' lang='lat' dir='ltr'><strong>tertio</strong></span> <span class='ocrx_word' id='word_1_854' title='bbox 1610 2858 1737 2890; x_wconf 80' lang='lat' dir='ltr'><strong>deinceps</strong></span> 
     </span>
    </p>
   </div>
   <div class='ocr_carea' id='block_1_112' title="bbox 960 2902 1738 2949">
    <p class='ocr_par' dir='ltr' id='par_1_112' title="bbox 960 2902 1738 2949">
     <span class='ocr_line' id='line_1_112' title="bbox 960 2902 1738 2949; baseline -0.019 -7"><span class='ocrx_word' id='word_1_855' title='bbox 960 2914 1022 2947; x_wconf 86' lang='lat' dir='ltr'><strong>alia,</strong></span> <span class='ocrx_word' id='word_1_856' title='bbox 1045 2917 1071 2941; x_wconf 89' lang='lat' dir='ltr'>et</span> <span class='ocrx_word' id='word_1_857' title='bbox 1089 2917 1198 2949; x_wconf 86' lang='lat' dir='ltr'><strong>quarto,</strong></span> <span class='ocrx_word' id='word_1_858' title='bbox 1224 2911 1257 2938; x_wconf 89' lang='lat' dir='ltr'>ad</span> <span class='ocrx_word' id='word_1_859' title='bbox 1280 2909 1423 2944; x_wconf 85' lang='lat' dir='ltr'><strong>septimum</strong></span> <span class='ocrx_word' id='word_1_860' title='bbox 1447 2913 1532 2940; x_wconf 86' lang='lat' dir='ltr'><strong>usque</strong></span> <span class='ocrx_word' id='word_1_861' title='bbox 1561 2911 1609 2939; x_wconf 86' lang='lat' dir='ltr'>pro</span> <span class='ocrx_word' id='word_1_862' title='bbox 1633 2902 1738 2930; x_wconf 85' lang='lat' dir='ltr'><strong>ratione</strong></span> 
     </span>
    </p>
   </div>
  </div>
