1919 3069
191 162 244 192 “9

801 159 831 188 S.
846 158 1009 188 GREGONI
1031 158 1176 186 NYSSENI

1757 156 1808 183 £20

192 217 352 246 velocitatis.
374 216 463 246 Tanto,
489 217 561 245 enim
581 224 751 252 unaquaeque
768 216 876 253 longius
897 217 973 244 abest

1034 216 1139 244 ωνοῦσα
1160 216 1199 251 (ιι)
1216 215 1285 251 μετά
1300 215 1350 251 τὴν
1371 214 1503 250 ὀξυτάτην
1525 213 1630 248 κίνησιν
1646 213 1675 240 ὲν
1696 214 1732 249 τῇ
1758 214 1810 249 Ξδίᾳ

192 273 207 295 a
232 264 384 300 superiore.
399 268 501 300 quanto
516 263 560 290 illa
578 264 610 293 ad
629 263 789 291 movendum
805 267 902 290 natura
918 268 973 290 tar-

192 308 252 336 dior
265 312 317 340 est,
343 306 406 334 Haec
429 308 512 342 igitur
540 311 640 342 quarto
660 306 704 334 die
725 306 794 334 facta
818 311 891 339 sunt,
918 314 973 333 non

193 354 265 389 quod
277 358 342 380 tunc
358 352 439 380 fuerit
452 353 497 379 lux
514 356 668 387 precreata,
684 351 730 379 sed
745 351 818 386 quod
834 351 974 379 illustran-

193 399 220 428 di
233 399 258 426 vi
271 406 320 434 pro
337 403 434 426 natura
445 405 495 425 sua
513 398 593 425 simul
606 402 711 429 coacta,
724 398 899 432 apparuerint
911 405 973 425 cum

194 444 304 479 reliquae
320 443 414 475 stella,
435 447 492 470 tum
512 443 563 470 illae
581 450 642 478 quae
663 442 852 477 magnitudine
869 443 974 470 caeteris

202 492 342 526 przestant,
356 489 395 516 sol
411 493 439 516 et
455 489 529 520 luna,
540 496 657 525 quorum
675 493 751 516 ortus
769 488 877 523 quidem
893 496 974 516 occa-

196 536 239 563 sio
255 535 360 564 exstitit
374 535 443 562 lucis
467 535 495 561 in
512 534 710 569 procreatione,
725 534 870 569 utriusque
884 537 973 562 autem

197 581 357 610 constitutio
386 580 505 615 (quando
520 584 645 607 movetur
663 579 690 606 in
704 583 825 614 tempore
843 579 974 614 quidquid

195 629 330 657 ιιιονοιυτ,
348 629 376 653 et
388 630 502 653 mutuus
526 624 721 660 particularum
738 631 891 652 concursus
915 629 976 659 eget

196 672 287 707 aliquo
307 671 435 706 temporis
458 671 614 706 intervallo)
636 670 724 697 tribus
739 669 835 697 diebus
855 669 975 705 perfecta

196 719 250 743 cst.
273 715 362 752 Quare
385 722 439 742 non
460 714 579 742 absurde
601 714 728 742 conditus
744 715 819 742 orbis
838 723 853 741 a
878 722 976 749 magno

198 760 273 788 Mose
302 761 339 787 ita
362 760 538 790 describitur,
563 764 594 787 ut
622 763 753 795 quantum
774 760 807 787 ad
833 760 975 788 materiam

196 807 323 844 pertinet,
333 805 415 834 simul
427 805 517 834 omnia
535 805 660 832 dicantur
683 805 781 832 virtute
791 805 897 840 opilicis
909 812 976 832 con-

196 851 292 880 stituta
313 859 321 878 ι
343 851 490 886 singularis
509 855 599 878 autem
621 858 726 884 eorum,
747 859 807 885 qua:
825 850 852 877 in
874 851 976 877 mundo

1023 263 1102 298 φορᾷ,
1117 262 1162 288 τὸν
1179 261 1367 296 ὑποϐεϐηκότα
1383 260 1480 287 κύκλον
1494 259 1684 294 διαλαμϐάνειν
1700 259 1748 285 καὶ
1758 259 1811 285 πά-

1022 309 1063 335 λιν
1079 309 1110 335 ἐκ
1134 308 1225 344 τρίτου
1247 307 1294 334 καὶ
1307 307 1437 342 τετάρτου
1460 306 1508 332 καὶ
1528 305 1581 336 ἕως
1602 305 1717 340 ἑσδόμου
1740 305 1812 339 πρὸς

1023 353 1099 387 λόγον
1110 352 1158 387 τῆς
1173 351 1241 378 κατά
1252 351 1282 378 τὸ
1296 350 1377 386 τάχος
1394 349 1509 384 φύσεως.
1524 348 1656 375 Τοσοῦτον
1670 349 1813 375 ὑποκατα-

1023 398 1111 425 ϐαίνει
1127 398 1173 424 τοῦ
1187 397 1316 433 ἀνωτέρω
1331 397 1455 429 ἕκαστον,
1469 395 1530 421 ὅσον
1548 394 1622 430 αὑτῷ
1634 394 1812 430 σχολαιοτέρα

1022 444 1077 470 τῶν
1099 443 1301 479 ὑπερκειμένων
1316 443 1333 477 ἡ
1353 441 1433 476 φύσις
1453 441 1511 468 ἐστὶ
1530 441 1598 476 πρὸς
1617 441 1668 477 τὴν
1689 441 1811 476 κίνησιν.

1023 490 1115 516 Ταῦτα
1124 487 1170 516 οὖν
1180 489 1282 523 γίνεται
1293 488 1364 516 κατά
1374 487 1422 523 τὴν
1434 488 1565 523 τετάρτην
1577 487 1693 523 ἡμέραν,
1706 488 1739 514 οὐ
1750 488 1810 514 τότε

1024 537 1070 568 τοῦ
1091 538 1179 572 φωτὸς
1201 536 1458 573 δημιουργηθέντος,
1480 535 1548 562 ἀλλὰ
1570 536 1619 571 τῆς
1645 536 1814 571 φωτιστικῆς

1026 584 1156 619 ίδιότητος
1171 583 1236 619 περὶ
1252 582 1284 608 τὸ
1302 581 1372 608 κατά
1387 581 1467 616 φύσιν
1483 582 1564 616 ἑαυτῇ
1579 581 1628 608 καὶ
1646 580 1816 616 κατάλληλον

1024 628 1226 665 ἀθροισθείσης·
1241 627 1275 654 τά
1288 636 1318 653 τε
1328 627 1395 654 ἄλλα
1412 626 1527 661 ἐξεφάνη
1542 626 1596 653 τῶν
1616 627 1751 662 ἀστέρων,
1767 627 1816 653 καὶ

1025 673 1050 700 οἱ
1073 672 1101 698 ὲν
1121 671 1223 706 μείζονι
1246 671 1321 706 ὄγκῳ
1337 670 1400 705 περὶ
1422 670 1457 696 τά
1480 670 1560 697 λοιπά
1587 671 1785 706 καθορώμενοι.
1800 671 1816 697 ὁ

1025 717 1099 752 ἥλιός
1111 725 1140 743 τε
1155 716 1200 743 καὶ
1214 716 1346 751 ἡσελήνη,
1361 712 1398 742 ὧν
1413 717 1430 752 ἡ
1441 716 1489 750 μὲν
1502 715 1617 750 γένεσις,
1629 718 1658 742 ἐν
1669 718 1702 751 τῇ
1717 716 1815 752 πρώτῃ

1026 763 1171 799 καταϐολῇ,
1195 763 1241 789 τοῦ
1258 763 1344 797 φωτὸς
1362 761 1411 793 τὰς
1428 762 1555 798 ἀφορμὰς
1574 762 1693 798 ἔσχεν,ή
1718 762 1748 789 δὲ
1769 762 1817 788 σύ-

1027 817 1119 840 στασις
1129 808 1243 835 ἑκάστου
1255 807 1356 843 (ἐπειδὴ
1367 808 1474 840 πάντως
1486 809 1515 835 ὲν
1529 809 1617 844 χρόνῳ
1628 810 1743 836 κινεῖται
1761 810 1815 835 πᾶν

1026 854 1057 880 τὸ
1076 854 1242 889 κινούμενον,
1260 854 1306 880 καὶ
1324 853 1364 879 δεῖ
1376 853 1424 889 τὴν
1437 854 1492 880 τῶν
1515 854 1615 889 μορίων
1628 855 1696 890 πρὸς
1712 854 1816 886 ἄλληλα

194 895 332 928 videntur,
353 896 493 925 distinctio
518 895 613 924 ordine
626 896 743 930 quodam
762 903 793 926 ac
807 896 877 923 serie
896 899 978 922 natu-

1034 900 1192 936 συνδρομὴν.
1206 900 1253 927 καὶ
1269 898 1393 935 χρονικοῦ
1403 908 1473 931 τινος
1487 900 1681 936 διαστήματος)
1717 901 1748 927 ἐν
1755 901 1815 932 ταῖς

168 978 173 983 ἱ
195 942 260 974 rali,
276 948 309 970 eo
331 942 419 978 spatio
441 941 513 977 quod
538 941 641 971 dictum
657 945 710 975 est,
740 942 874 968 absoluta.
901 940 977 971 Tunc

196 989 278 1017 simul
298 989 424 1018 universa
445 988 491 1018 lux
513 988 628 1021 exstitit,
643 991 709 1014 tunc
728 987 817 1015 oinnis
832 994 922 1014 rerum
944 986 978 1014 il-

196 1034 376 1064 lustrantium
398 1037 495 1061 natura
522 1033 640 1068 propriis
668 1032 797 1060 distincta
819 1032 979 1060 diﬂerentiis

198 1082 336 1118 apparuit,
359 1089 474 1117 quarum
494 1089 510 1108 e
527 1088 642 1109 numero
671 1081 711 1108 sol
734 1085 785 1112 est,
799 1084 826 1108 et
845 1081 919 1107 luna.
940 1081 978 1109 Ac

197 1125 429 1161 quemadmodum
447 1132 478 1153 ea
495 1133 556 1160 qua
577 1125 704 1152 ﬂuentem
727 1126 781 1152 vim
797 1125 908 1157 habent,
924 1133 978 1152 non

198 1175 266 1202 sunt
286 1172 368 1199 unius
383 1171 491 1207 generis
509 1171 613 1204 omnia,
634 1171 680 1198 sed
696 1171 847 1199 diﬂ'crentia
862 1172 979 1207 quadam

198 1217 270 1247 inter
280 1224 310 1245 se
323 1217 444 1245 vicissim
459 1216 626 1252 discrepant,
639 1221 669 1243 ut
681 1217 774 1244 videre
787 1217 850 1244 licet
864 1217 891 1244 in
907 1218 978 1249 oleo,

197 1267 225 1292 et
239 1270 321 1298 aqua,
335 1267 363 1291 et
378 1267 490 1298 argento
504 1263 577 1295 vivo,
598 1270 658 1298 quae
678 1262 701 1290 si
717 1263 780 1297 quis
794 1262 883 1289 omnia
898 1263 979 1290 simul

198 1308 227 1337 in
241 1316 297 1335 uno
314 1315 379 1336 vase
395 1307 556 1339 confundat,
573 1315 655 1343 parva
673 1308 813 1342 interiecta
833 1316 908 1335 mora
924 1309 980 1345 pri.

197 1362 272 1383 mum
289 1354 404 1390 aspiciet
417 1358 557 1391 argentum
576 1354 667 1382 vivum
682 1354 718 1381 ob
735 1354 886 1389 graviorem
899 1354 980 1382 deor-

197 1407 314 1436 sumque
333 1399 487 1427 tendentem
512 1404 637 1427 naturam
662 1399 690 1427 in
708 1400 792 1428 fundo
812 1403 898 1428 totum
914 1408 980 1428 con-

199 1446 299 1479 sidere,
322 1445 387 1474 licet
402 1446 493 1474 omnia
519 1445 661 1474 commista
682 1445 866 1478 sint;deinde
883 1454 980 1481 aquam

200 1491 281 1519 simul
303 1495 425 1521 coactam
448 1498 556 1519 omnem
578 1491 743 1524 succedere;
770 1497 908 1527 postremo
929 1492 981 1519 olei

199 1541 378 1573 congregatas
394 1537 543 1572 particulas
558 1541 738 1574 supernatare
759 1542 786 1565 et
803 1545 885 1573 super
899 1542 982 1568 utro-

200 1591 255 1620 que
270 1584 421 1612 consistere
436 1593 443 1611 :
459 1583 554 1611 eodem
569 1588 649 1619 pacto
660 1583 694 1611 de
709 1591 739 1611 re
752 1584 832 1612 nobis
843 1585 875 1612 ad
891 1584 985 1620 dispu-
997 1575 1019 1604 (ἶ

200 1629 314 1659 tandum
333 1630 472 1665 proposita
486 1637 635 1665 possumus
653 1629 800 1664 conjicere,
816 1630 883 1659 illud
900 1638 984 1658 unum

201 1676 229 1702 in
253 1675 378 1711 exemplo
403 1679 510 1702 tantum
535 1679 748 1707 commutantes,
777 1680 807 1703 ut
835 1676 907 1711 quod
932 1677 987 1704 illic

202 1724 314 1757 propter
334 1721 508 1755 gravitatem.
534 1721 580 1748 hic
604 1725 699 1748 contra
723 1725 834 1756 propter
851 1722 986 1750 levitatem

201 1767 319 1795 eveniat.
339 1767 368 1796 in
383 1767 472 1801 prima
492 1766 565 1794 enim
581 1773 673 1793 rerum
694 1767 901 1797 constitutione.
928 1775 988 1802 qua:

202 1812 314 1842 levitate
339 1819 449 1840 sursum
470 1811 629 1844 tendebant,
647 1812 770 1846 quandiu
786 1812 821 1840 ob
832 1813 984 1840 naturalem

202 1856 257 1884 vim
275 1856 385 1884 insitam
403 1855 541 1884 celeritate
553 1855 687 1886 valebant.
700 1856 802 1891 pariter
814 1857 906 1884 omnia
921 1864 987 1885 con-

203 1906 360 1934 currerunt,
375 1905 432 1928 tum
446 1908 478 1929 ex
495 1901 648 1929 velocitatis
669 1901 826 1936 praestantia
842 1902 900 1937 ipsa
917 1911 986 1938 quo-

203 1953 257 1981 que
276 1946 347 1972 inter
367 1953 396 1973 se
411 1945 541 1973 distincta
558 1949 632 1974 sunt.

1029 946 1117 982 τρισὶν
1130 945 1248 981 ἡμέραις
1259 944 1401 980 ἐτελειώθη
1410 954 1416 960 ·
1428 945 1465 977 ὡς
1479 946 1560 981 μηδὲν
1571 946 1623 978 ἐξω
1635 947 1684 980 τῆς
1699 945 1815 972 ἀκολου-

1031 992 1092 1024 θίας
1116 992 1191 1028 παρὰ
1214 991 1260 1019 τοῦ
1280 991 1399 1026 μεγάλου
1410 991 1531 1023 Μωσέως
1553 992 1582 1018 ἐν
1600 992 1633 1027 τῇ
1658 991 1712 1018 τῶν
1729 992 1818 1019 ὄντων

1030 1038 1157 1072 διασκευῇ
1171 1037 1334 1073 γεγράφθαι,
1347 1038 1371 1063 tl
1386 1037 1492 1064 πάντων
1506 1037 1576 1065 κατὰ
1588 1037 1618 1063 τὸ
1630 1037 1728 1072 ἀθρόον
1741 1037 1818 1072 παρά

1031 1084 1080 1118 τῆς
1095 1083 1141 1110 τοῦ
1151 1082 1322 1119 Δημιουργοῦ
1333 1083 1475 1118 δυνάμεως
1483 1083 1581 1121 ὑλικῶς
1593 1082 1818 1118 προωταὸεὸλη-

1033 1130 1132 1165 μένων,
1144 1129 1211 1164 πρὸς
1221 1129 1270 1165 τὴν
1286 1128 1339 1156 τῶν
1351 1129 1436 1155 ὄντων
1450 1129 1589 1160 σύστασιν,
1608 1129 1625 1164 ἡ
1642 1129 1742 1164 μερικὴ
1762 1129 1821 1155 τῶν

1031 1175 1060 1201 έν
1082 1175 1121 1210 τῷ
1145 1174 1238 1209 κόσμῳ
1256 1174 1468 1210 τεθεωρημένων
1495 1173 1640 1206 ἀνάδειξις,
1668 1173 1744 1206 τάξει
1764 1174 1819 1200 τινὶ

1032 1221 1132 1255 φυσικῇ
1147 1220 1192 1246 καὶ
1204 1219 1348 1255 ἀκολουθίᾳ
1360 1220 1388 1245 ὲν
1400 1220 1474 1256 ῥητῷ
1482 1220 1646 1254 διαστήματι
1662 1218 1819 1254 ἐτελειώθη·

1031 1265 1092 1292 τότε
1103 1265 1152 1300 μὲν
1166 1265 1198 1291 ἀθ
1204 1265 1264 1300 ρὸου
1277 1264 1324 1292 τοῦ
1344 1265 1431 1300 φωτὸς
1444 1264 1615 1300 ὲκφανέντος,
1631 1264 1678 1291 νῦν
1689 1265 1717 1290 δὲ
1730 1265 1822 1299 πάσης

1031 1312 1081 1346 τῆς
1096 1310 1264 1346 φωτιστικῆς
1280 1309 1388 1344 φύσεως
1407 1310 1498 1342 ἰδικῶς
1512 1311 1698 1347 διαφανείσης,
1713 1307 1751 1338 ὧν
1762 1312 1822 1337 ἐστι

1033 1357 1080 1385 καὶ
1098 1357 1112 1383 ό
1125 1356 1209 1392 ἥλιος,
1225 1356 1271 1382 καὶ
1284 1356 1300 1391 ἡ
1322 1356 1430 1391 σελήνη.
1444 1357 1498 1383 Καὶ
1513 1356 1606 1392 ὥσπερ
1621 1357 1668 1383 ἐπὶ
1689 1356 1744 1383 τῶν
1757 1357 1822 1392 ῥευ-

1034 1402 1100 1436 στήν
1117 1409 1177 1428 τινα
1191 1400 1304 1435 δύναμιν
1323 1401 1448 1436 ἐχόντων,
1467 1400 1517 1429 κᾶν
1532 1402 1621 1428 πάντα
1633 1401 1694 1437 ῥέῃ,
1708 1401 1739 1428 οὐ
1753 1401 1822 1427 πάν-

1033 1455 1086 1478 τως
1101 1446 1238 1481 ὸμογενῶς
1252 1447 1307 1483 ἔχει
1324 1446 1391 1482 πρδς
1406 1446 1518 1481 ἄλληλα,
1530 1447 1598 1473 ἀλλά
1611 1447 1651 1479 τίς
1665 1448 1739 1473 ἐστιν
1757 1447 1823 1473 ἑκάς

1035 1501 1090 1528 στῳ
1113 1492 1228 1527 διαφορά
1256 1491 1324 1527 πρὸς
1350 1491 1380 1517 τὸ
1405 1491 1508 1528 ἕτερον,
1532 1489 1587 1518 οἷον
1608 1493 1637 1519 ὲν
1668 1492 1751 1527 ἐλαίῳ
1776 1492 1823 1519 καὶ

1035 1538 1196 1574 ὐδραργύρῳ
1220 1538 1265 1564 καὶ
1290 1537 1376 1568 ὕδατι,
1398 1537 1469 1573 ἆπερ
1495 1538 1521 1565 εί
1539 1546 1581 1569 τις
1596 1538 1713 1573 ἀναχέας
1733 1538 1823 1565 πάντα

1035 1585 1101 1620 πρὸς
1120 1583 1221 1619 ἄλληλα
1249 1583 1288 1611 ὲνὶ
1313 1583 1452 1618 περιϐάλοι
1474 1583 1587 1617 ἀγγείῳ,
1613 1583 1726 1619 βραχέος
1743 1584 1825 1617 ἔγγε-

1034 1629 1146 1665 νομένου
1160 1628 1267 1664 χρόνου,
1283 1627 1390 1663 πρῶτον
1405 1628 1500 1662 ὄψεται
1519 1629 1567 1664 τὴν
1582 1629 1762 1665 ὐδράργυρον,
1777 1628 1823 1657 διὰ

1034 1675 1065 1701 τὸ
1081 1674 1234 1710 βαρυτέραν
1252 1681 1282 1699 τε
1297 1673 1342 1700 καὶ
1362 1674 1604 1709 κατωφερεστέραν
1621 1672 1690 1701 εἶναι
1711 1674 1764 1701 τῶν
1778 1674 1825 1701 ἆλ-

1035 1721 1098 1753 λων,
1112 1722 1168 1751 τοῖς
1187 1720 1263 1751 ἰδίοις
1278 1719 1473 1754 συμφυομένην
1496 1719 1611 1757 μορίοις,
1629 1719 1681 1746 κᾶν
1699 1719 1826 1755 πανταχῆ

1034 1766 1121 1793 ταῦτα
1149 1764 1360 1800 διεσκεδασμένα
1386 1764 1470 1802 τύχῃ·
1496 1764 1590 1791 ἔπειτα
1607 1764 1638 1790 τὸ
1663 1763 1735 1799 ὕδωρ
1757 1764 1826 1799 πρὸς

1040 1811 1119 1839 έαυτὺ
1140 1811 1334 1846 συναγόμενον·
1351 1807 1411 1837 εἶτα
1427 1809 1473 1836 τοῦ
1489 1809 1578 1836 ἐλαίου
1600 1810 1635 1837 τὰ
1654 1810 1738 1845 μόρια
1756 1811 1825 1837 πᾶσι

1038 1857 1094 1888 τοῖς
1106 1856 1295 1891 ὑποκειμένοις
1310 1855 1517 1887 ἐπιπολάζοντα,
1531 1855 1578 1882 καὶ
1592 1856 1656 1891 περ)⁵
1668 1855 1752 1882 ἑαυτὰ
1764 1863 1827 1882 συν-

1030 1893 1186 1938 ιστάμενα*
1214 1901 1299 1938 οὕτως
1321 1898 1399 1936 οῖμαι
1418 1901 1472 1928 δεῖν
1489 1902 1535 1928 καὶ
1558 1901 1623 1937 περὶ
1641 1901 1691 1936 τῆς
1715 1909 1827 1936 προκειρ

1040 1948 1123 1984 μένης
1139 1948 1253 1983 θεωρίας
1277 1947 1465 1984 στοχάζεσθαι,
1479 1946 1606 1975 τοσοῦτον
1621 1946 1826 1978 ὑπαλλάξαντας

205 1993 285 2031 μόνον
305 1991 354 2018 τοῦ
371 1991 583 2026 ὑποδείγματος,
608 1991 677 2020 ὥστε
697 1991 726 2017 τὸ
740 1991 769 2017 ὲν
792 1992 848 2023 τοῖς
870 1993 992 2027 ρευστοῑς
1011 1991 1061 2021 ὦδε
1076 1993 1119 2020 διὰ
1144 1992 1189 2020 τοῦ
1222 1992 1321 2027 βάρους
1350 1991 1508 2027 γινόμενον,
1531 1991 1578 2018 ἐπὶ
1598 1991 1647 2026 τῆς
1670 1991 1826 2027 ἀνωφεροῦς

205 2039 312 2073 φύσεως
339 2038 409 2066 κατά
431 2038 461 2064 τὸ
487 2038 604 2073 ἔμπαλιν
632 2037 777 2073 θεωρῆσαι.
807 2038 919 2066 Πάντων
944 2041 997 2076 γὰρ
1017 2040 1226 2076 ἀναφερομένων
1256 2039 1307 2066 ὑπὸ
1328 2039 1492 2074 κουφότητος
1508 2038 1566 2073 ἃμα
1589 2039 1622 2073 τῇ
1646 2037 1741 2073 πρώτῃ
1771 2036 1827 2063 τῶν

205 2087 290 2117 ἰοντων
312 2085 458 2123 καταϐολῇ,
478 2085 516 2116 ὡς
537 2083 593 2120 εἶχε
617 2085 714 2120 τάχους
739 2085 852 2114 ἕκαστον
880 2087 951 2114 κατά
973 2087 1021 2123 τὴν
1036 2087 1197 2122 ἐγκειμένην
1210 2087 1265 2118 τοῖς
1285 2087 1367 2115 πᾶσιν
1380 2087 1412 2112 ἐκ
1425 2085 1531 2120 φύσεως
1544 2084 1666 2120 δύναμιν,
1681 2083 1828 2112 ἀκόλουθον

204 2131 239 2169 ἦν
249 2132 290 2168 τῷ
303 2131 485 2167 ῑσοδρομοῦντι
499 2130 624 2166 ἀλλήλοις
643 2131 729 2157 πάντα
751 2131 922 2166 συνδραμεῖν,
937 2132 984 2159 καὶ
997 2133 1069 2162 οὕτω
1093 2132 1263 2168 διακριθῆναι
1293 2131 1364 2158 κατά
1379 2131 1429 2166 τὴν
1446 2130 1496 2158 toﬁ
1507 2131 1604 2166 τάχους
1628 2130 1759 2165 διαφορὰν
1777 2129 1825 2156 ἀπ’

205 2179 337 2216 ἀλλήλων,
351 2179 405 2209 τῶν
425 2178 555 2210 ὡσαύτως
569 2179 728 2212 πεφυκότων
749 2187 777 2205 τε
800 2180 846 2206 καὶ
867 2180 1032 2216 δυναμένων.

241 2225 277 2253 Ut
292 2225 374 2260 igitur
388 2225 415 2252 in
432 2224 555 2260 exemplo
575 2225 715 2260 proposito
738 2232 828 2252 rerum
845 2225 985 2253 ﬂuentium
1003 2229 1025 2256 D

207 2272 323 2298 secretio
333 2273 360 2297 et
373 2269 510 2305 separatio
521 2270 663 2296 materiam
679 2270 843 2305 singularem
857 2278 910 2297 non
926 2278 989 2298 con-

208 2317 306 2348 stituit,
319 2316 366 2344 sed
380 2316 436 2351 jam
451 2315 550 2343 factam
561 2315 697 2347 distinxit,
714 2316 922 2351 distinctumque
941 2318 989 2344 de-

208 2362 390 2390 monstravit:
409 2361 448 2389 sic
463 2361 490 2388 in
515 2361 598 2388 trium
613 2361 717 2389 dierum
736 2361 824 2396 spatio
851 2362 990 2390 illustrans

209 2408 276 2436 solis
287 2412 393 2442 natura,
407 2411 583 2443 potestasque
602 2407 670 2435 facta
684 2415 737 2435 non
754 2410 807 2439 est.
821 2408 868 2436 sed
886 2416 946 2435 cum
963 2408 989 2435 in

209 2454 385 2482 universitate
409 2460 500 2480 rerum
523 2453 620 2480 dilfusa
634 2457 717 2484 esset,
735 2452 817 2480 simul
842 2457 937 2480 coacta
951 2458 993 2480 est

210 2504 238 2530 ot
262 2499 417 2534 conjuncta.
434 2497 464 2525 Si
479 2498 541 2533 quis
553 2503 642 2526 autem
658 2505 672 2524 a
689 2498 768 2525 nobis
783 2501 810 2525 et
836 2498 909 2526 tertii
929 2498 990 2525 σωιί

211 2545 346 2574 rationem
373 2547 457 2579 petat,
488 2544 561 2579 quod
593 2543 682 2572 Moses
710 2552 764 2571 non
794 2544 916 2579 scripsit,
945 2543 992 2571 sed

212 2590 312 2618 Paulus
325 2589 404 2621 vidit,
414 2592 442 2617 et
454 2590 480 2617 in
498 2590 558 2625 ipso
570 2594 696 2624 tanquam
712 2590 739 2617 in
754 2590 842 2625 adytis
854 2590 994 2624 sapientia:

213 2635 366 2666 consistens
382 2641 481 2664 arcana
497 2634 600 2661 audivit
611 2634 645 2666 "’,
667 2634 704 2661 ab
722 2634 776 2661 illis
799 2641 858 2668 qua:
872 2633 994 2667 exposita

215 2684 288 2711 sunt,
301 2680 411 2707 tertium
439 2679 506 2707 illud
520 2679 619 2707 ccelum
636 2686 690 2705 non
706 2679 802 2706 abesse
816 2676 994 2712 respondebi—

214 2735 285 2758 mus.
312 2725 424 2753 Videtur
438 2725 510 2753 cnim
536 2724 602 2754 mihi
621 2731 735 2759 magnus
752 2723 830 2751 etiam
851 2723 997 2758 Apostolus

251 2795 272 2815 ⁸⁵
287 2793 306 2821 tl
322 2795 384 2824 Cor.
406 2803 451 2826 ut,
467 2793 527 2821 2-5.
573 2827 589 2847 .

1075 2226 1180 2260 Ὠσπερ
1202 2221 1248 2251 οὖν
1279 2222 1326 2249 ἐπὶ
1355 2221 1401 2248 τοῦ
1422 2221 1619 2256 ὑποδείγματος
1647 2221 1663 2256 ἡ
1693 2219 1747 2246 τῶν
1765 2220 1825 2256 ῥευ-

1044 2271 1113 2299 πῶν
1123 2270 1224 2297 τούτων
1239 2269 1373 2303 διάκρισις
1392 2267 1442 2293 οὐκ
1461 2267 1571 2301 ἐποίησε
1589 2266 1633 2292 διὰ
1653 2265 1702 2300 τῆς
1721 2265 1825 2292 διαστο-

1042 2316 1091 2350 λῆς
1103 2315 1151 2346 τὰς
1166 2313 1241 2345 ὕλας,
1256 2313 1323 2340 ἀλλὰ
1337 2313 1386 2343 τὰς
1403 2311 1587 2346 γεγενημένας
1598 2310 1644 2337 καὶ
1658 2311 1687 2336 ὲν
1699 2309 1825 2345 ἀλλήλαις

1043 2360 1194 2396 κεχυμένας
1217 2358 1343 2394 καθαρῶς
1362 2357 1480 2392 ἑκάστην
1492 2357 1546 2382 ἀπὸ
1564 2356 1612 2391 τῆς
1625 2355 1708 2391 ἄλλης
1723 2355 1826 2390 διακρι-

1043 2405 1134 2431 θεῖσαν
1158 2402 1302 2435 ἀνέδειξεν*
1320 2401 1391 2428 οὕτω
1409 2401 1457 2428 καὶ
1477 2400 1544 2436 μετὰ
1566 2400 1595 2426 τὸ
1611 2401 1758 2436 τριήμερον
1779 2399 1824 2427 τοῦ

1043 2451 1138 2487 χρόνου
1149 2449 1285 2483 διάστημα
1300 2448 1360 2483 οὐχὶ
1371 2447 1478 2481 ἐγένετο
1490 2448 1507 2482 ἡ
1523 2446 1671 2482 φωτιστικὴ
1688 2445 1734 2472 τοῦ
1749 2445 1825 2481 ἡλίου

1045 2496 1124 2530 φύσις
1142 2494 1189 2521 καὶ
1209 2493 1331 2528 δύναμις,
1353 2492 1420 2519 ἀλλὰ
1435 2491 1617 2527 διακεχυμένη
1637 2491 1706 2526 πρὸς
1725 2491 1755 2518 τὸ
1774 2492 1824 2517 πᾶν

1046 2541 1113 2576 πρὸς
1129 2539 1228 2574 ἑαυτὴν
1251 2537 1382 2573 διεκρίθη.
1400 2538 1430 2563 Εἰ
1444 2538 1472 2564 δέ
1488 2545 1530 2568 τις
1544 2537 1617 2572 ἡμᾶς
1641 2536 1765 2572 ὲπαιτοίη
1782 2535 1826 2563 καὶ

1048 2588 1110 2622 περὶ
1126 2586 1173 2612 τοῦ
1187 2585 1277 2620 τρίτου
1292 2583 1407 2619 οὐρανοῦ
1420 2583 1508 2617 λόγον,
1530 2583 1559 2609 ὃν
1573 2583 1586 2608 ὁ
1601 2583 1703 2617 Μωσῆς
1720 2582 1769 2617 μὲν
1779 2582 1827 2608 οὐκ

1048 2630 1174 2666 ἔγραψεν,
1191 2629 1294 2659 Παῦλος
1307 2628 1335 2654 δὲ
1360 2626 1438 2658 εἶδεν,
1459 2627 1505 2652 καὶ
1519 2626 1547 2653 ἐν
1561 2625 1635 2661 αὺτῷ
1654 2626 1779 2661 καθάπερ
1799 2625 1827 2651 ἐν

1048 2676 1154 2707 ἀδύτοις
1167 2675 1222 2701 τισὶ
1233 2674 1283 2709 τῆς
1294 2673 1388 2706 σοφίας
1398 2672 1552 2706 γενόμενος,
1566 2672 1620 2698 τῶν
1637 2671 1762 2707 ἀρρήτων
1784 2671 1826 2696 ἑπ-

1051 2721 1215 2754 πκοοάσατο,
1225 2720 1304 2750 τοῦτό
1318 2727 1417 2756 φαμεν,
1430 2718 1471 2748 ὃτι
1487 2718 1536 2747 οὐκ
1550 2717 1603 2754 ἔξω
1613 2717 1667 2748 τῶν
1680 2715 1827 2755 ὲξητασμέ.

252 2862 292 2898 (τι)
304 2860 363 2894 Ἴως
390 2864 524 2895 suspecta.
550 2858 707 2895 [tegendum
731 2858 858 2893 δεύτερον
886 2853 965 2887 om,
990 2854 1070 2886 Emi
