1919 3069
69 199 111 228 F21
686 201 720 229 IN
740 202 860 231 HEXAEI

911 203 975 232 ῖιοΝ
994 204 1104 234 LIBER.

1637 209 1689 236 1‘22

69 267 119 285 νων
133 257 148 283 ὀ
160 256 251 292 τρίτος
271 256 372 288 ἐκεῖνος
388 254 502 292 οὐρανός
514 257 581 284 ἐστι.
604 258 684 285 Δοκεῖ
704 258 758 294 γάρ
782 260 851 295 μοιὸ

911 262 1014 289 vincens
1026 269 1121 289 omnes
1136 263 1291 297 superiores
1302 264 1387 293 totius
1397 268 1512 296 natnrre,
1529 271 1590 298 quat
1604 272 1686 292 sensu

71 303 154 337 μέγας
187 301 348 333 ’Δπόστολος
371 302 385 328 ὁ
408 302 475 328 πᾶσι
499 303 556 334 τοῖς
577 302 732 338 ἔμπροσθεν
755 305 852 332 ἑαυτὸν

71 346 242 378 ἑπεκτείνων,
256 346 352 378 διαϐὰς
363 347 453 382 πάσης
465 347 515 382 τῆς
529 348 659 383 αἰσθητῆς
670 348 777 383 φύσεως
790 350 853 381 τοὺς

70 393 157 428 ὅρους,
177 393 218 424 εἰς
233 393 283 427 τὴν
302 393 399 428 νοητὴν
421 393 586 420 κατάστασιν
606 394 793 429 παρεισδῦναι,
821 395 852 421 οὺ

70 439 229 474 σωματικῆς
239 438 360 474 ἀκριϐῶς
372 439 518 474 γινομένης
530 439 604 474 αὐτῷ
617 440 665 475 τῆς
681 439 735 467 τῶν
751 440 853 476 νοητῶν

69 485 194 521 θεωρίας.
212 484 298 512 Τοῦτο
313 485 368 520 γὰρ
389 485 436 511 καὶ
450 485 533 516 αὐτὸς
547 485 585 520 τῷ
604 485 661 521 ἰδίῳ
676 486 748 521 λόγῳ
764 495 854 522 παρα-

69 531 230 566 σημαίνεται
245 530 340 564 είπὼν,
350 532 391 558 ὃτι
403 541 412 557 ι
428 531 483 558 εἴτε
497 533 526 558 ὲν
539 531 646 566 σώματι
657 532 707 559 οὐκ
719 531 786 563 οἴδα,
797 533 854 559 εἴτε

69 579 145 610 ἐκτὸς
156 578 203 606 τοῦ
217 579 341 613 σώματος
351 579 402 606 οὐκ
408 577 480 606 οἶδα·
495 580 510 606 ὁ
520 579 587 611 Θεὸς
607 577 676 606 οἶδεν
697 579 854 616 ἁρπαγέντα

68 626 112 653 τὸν
123 625 244 653 τοιοῦτον
259 625 313 658 ἓως
327 625 418 661 τρίτου
435 625 560 661 οὐρανοῦ.
575 634 585 651 ι
596 625 632 652 Τὸ
645 623 691 652 οῦν
706 625 854 661 ἀκρότατον

69 670 113 698 τοῦ
127 670 258 706 αἰσθητοῦ
275 671 378 706 κόσμου
396 671 487 707 τρίτον
501 669 578 706 οἶμαι
597 670 711 706 οὐρανὸν
726 678 855 706 προειρη-

70 717 144 745 κέναι
157 717 205 744 τὸν
215 717 332 750 Παῦλον,
343 717 423 754 τριχῆ
433 718 484 752 μὲν
493 718 610 753 τεμόντα
620 718 673 744 πᾶν
681 717 711 743 τὸ
726 716 854 751 φαινόμε-

69 771 122 796 νον,
141 763 213 790 κατά
234 763 262 790 δὲ
289 763 339 799 τὴν
364 763 506 798 συνήθειαν
524 763 574 798 τῆς
594 762 716 798 Γραφῆς,
740 761 855 789 ἕκαστον

69 809 120 836 τῶν
137 809 291 845 τμημάτων
304 810 406 836 τούτων
424 809 538 845 οὐρανὸν
557 809 737 844 ὀνομάσαντα.
756 809 786 835 Ὀ
801 809 855 844 γὰρ

69 855 116 890 τῆς
128 855 241 891 Γραφῆς
257 856 345 890 λόγος.
361 858 389 882 ἐν
403 857 571 891 καταχρήσει
585 855 639 882 τινὶ
653 855 792 891 ῥημάτων.
807 855 856 881 ’ἐνα

72 901 118 936 μὲν
129 901 244 936 οὐρανὸν
261 901 400 936 ὀνομάζει,
414 901 459 928 τὸν
473 902 535 937 ὅρον
555 901 602 928 τοῦ
616 901 855 937 παχυμερεστέρου

70 948 158 984 ἀέρος,
187 948 284 983 μέχρις
302 945 333 977 οὗ
350 949 397 974 καὶ
418 948 485 984 νέφη
505 948 551 974 καὶ
573 947 667 983 ἄνεμοι
689 948 737 974 καὶ
760 948 777 982 ἡ
802 948 855 974 τῶν

71 992 207 1027 ὑψιπετᾶη
225 992 326 1028 ὀρνέων
343 993 454 1029 φέρεται
473 992 563 1027 φύσις.
578 992 632 1019 Καὶ
646 991 700 1027 γὰρ
715 992 762 1018 καὶ
776 991 854 1025 νεφέ-

72 1038 116 1070 λας
131 1038 248 1074 οὐρανοῦ
268 1038 352 1073 λέγει,
377 1039 423 1067 καὶ
447 1037 557 1066 πετεινὰ
581 1037 715 1073 οὐρανοῦ·
736 1037 783 1064 κα)¹
807 1037 857 1071 οὐχ

71 1084 161 1116 ἁπλῶς
187 1084 302 1121 οὐρανὸν
328 1084 402 1119 λέγει
427 1084 530 1116 τοῦτον,
557 1083 624 1110 ἀλλὰ
646 1083 694 1110 καὶ
719 1082 788 1117 μετὰ
809 1082 856 1108 τοῦ

72 1130 271 1167 στερεώματος.
295 1131 376 1165 Λέγει
400 1131 465 1165 γὰρ,
483 1140 492 1156 ι
519 1129 690 1164 Ἑξαγαγέτω
712 1129 747 1156 τὰ
774 1129 857 1155 ὕδατα.

72 1179 173 1213 ἑρπετὰ
185 1178 281 1213 ψυχῶν
294 1176 399 1210 ζωσῶν,
413 1177 459 1203 καὶ
478 1177 589 1203 πετεινὰ.
605 1175 742 1210 πετόμενα
753 1175 797 1202 ἐπὶ
808 1175 857 1210 τῆς

72 1223 120 1257 γῆς
134 1222 205 1249 κατὰ
218 1222 249 1248 τὺ
273 1222 415 1257 στερέωμα
432 1221 478 1247 τοῦ
495 1220 619 1256 οὐρανοῦ.
640 1230 649 1245 ι
668 1218 734 1247 Εἶτα
750 1220 780 1246 τὸ
799 1219 858 1246 ἓτε-

73 1276 126 1304 ρον,
138 1268 253 1303 οὐρανόν
266 1275 295 1293 τε
317 1267 363 1294 καὶ
383 1266 525 1302 στερέωμα
543 1265 731 1301 κατονομάζει,
746 1267 776 1293 τὸ
790 1266 859 1301 μετὰ

72 1314 118 1348 τὴν
129 1312 240 1348 ἀπλανῆ
255 1313 372 1347 σφαῖραν
393 1313 457 1347 περὶ
475 1312 506 1338 τὸ
522 1311 597 1343 ἐντὸς
613 1311 809 1347 Θεωρούμενον,
829 1313 859 1338 ὲν

72 1356 91 1393 ᾧ
106 1360 130 1385 οἱ
156 1359 292 1394 πλανῆται
314 1357 367 1384 τῶν
385 1357 505 1393 ἀστέρων
538 1357 752 1393 διαπορεὼνται.
778 1357 858 1391 Λέγει

73 1406 133 1442 γὰρ.
158 1406 200 1432 ὅτι
216 1414 226 1430 ι
251 1404 394 1439 Ἐποίησεν
416 1405 430 1430 ὀ
452 1403 518 1434 Θεὸς
537 1403 601 1434 τοὺς
625 1404 773 1438 ιρωστῆρας
797 1404 859 1434 τοὺς

74 1451 215 1487 μεγάλους,
238 1451 285 1478 καὶ
304 1450 380 1477 ἔθετο
397 1450 495 1481 αὐτοὺς
514 1450 543 1476 ἐν
565 1449 604 1484 τῷ
623 1449 792 1485 στερεώματι
811 1449 858 1475 τοῦ

72 1498 195 1533 οὐρανοῦ,
210 1498 282 1525 ὥστε
305 1495 410 1531 φαίνειν
425 1495 471 1522 ἐπὶ
484 1495 534 1530 τῆς
548 1495 610 1530 γῆς.
631 1504 640 1520 ι
653 1495 739 1522 Παντὶ
755 1495 782 1521 δὲ
795 1495 861 1530 πρό-

73 1545 148 1580 δηλον
155 1544 194 1579 τῷ
202 1543 326 1571 ὁπωσοῦν
335 1541 532 1577 ὲπεσκεμμένῳ
541 1541 588 1575 τὴν
596 1540 642 1567 τοῦ
651 1541 751 1572 παντὸς
758 1541 861 1567 διακόσ-

76 1592 234 1627 μησιν,δσον
243 1589 412 1623 ὐποϐἐὸληκε
421 1588 507 1615 ταῦτα
516 1596 549 1614 πε
555 1590 580 1623 pi.
587 1588 636 1623 τὴν
642 1588 697 1614 ἄνω
707 1587 802 1622 φορὰν,
813 1587 859 1614 καὶ

74 1637 137 1664 αὐτὸ
145 1637 173 1663 δὲ
182 1636 214 1662 τὸ
220 1636 368 1671 ἀκρότατον
377 1633 424 1661 τοῦ
439 1632 569 1668 αἰσθητοῦ
581 1633 695 1668 κόσμου,
709 1633 724 1659 ὃ
735 1633 860 1668 μεθόριον

75 1683 121 1718 τῆς
129 1682 228 1718 νοητῆς
236 1681 360 1713 κτίσεως,
368 1689 413 1707 στε
417 1679 510 1715 ρέωμά
517 1688 546 1706 τε
553 1680 599 1706 καὶ
605 1680 634 1706 οὺ
638 1679 717 1715 ρανὺν
723 1679 766 1706 ὀνο
769 1679 823 1715 μάζ
825 1688 836 1705 ε
841 1689 858 1706 ι.

114 1728 142 1754 '0
164 1725 213 1754 οὖν
237 1725 407 1761 ἐπιθυμητὴς
421 1724 476 1750 τῶν
499 1724 568 1759 ὑπὲρ
583 1723 672 1757 λόγον,
689 1723 737 1750 καὶ
752 1723 861 1750 σκοπῶν

77 1773 164 1806 καθὼς
196 1772 246 1799 καὶ
270 1772 336 1807 ἡμῖν
366 1769 538 1804 ὲγκελεύεται
570 1769 653 1805 μηδὲν
684 1768 739 1795 τῶν
765 1768 862 1804 βλεπο-

79 1820 179 1855 μένων·
206 1819 248 1845 ὅτι
274 1817 308 1844 τὰ
334 1817 382 1852 μὲν
404 1815 556 1852 βλεπόμενα
578 1815 748 1851 πρόσκαιρα,
774 1815 808 1841 τὰ
834 1815 862 1841 δὲ

80 1866 115 1902 μὴ
144 1864 299 1901 βλεπόμενα
327 1862 441 1890 αἰώνια·
475 1862 541 1888 ὅπου
573 1862 653 1888 αὑτὸν
681 1862 697 1896 ἡ
727 1859 862 1896 ἐπιθυμία

78 1913 187 1948 ἐπῆρεν,
212 1911 271 1938 ἐκεῖ
296 1910 403 1944 ἐγένετο
428 1908 545 1943 ὑψωθεὶς
569 1909 602 1944 τῇ
630 1908 754 1943 δυνάμει.
777 1907 863 1933 Τοῦτο

79 1957 244 1992 ἐπιθυμητὸν
270 1955 342 1990 αὐτῷ
367 1953 582 1990 προδεικνύντος,
603 1954 649 1980 καὶ
674 1954 734 1980 ἀντὶ
765 1954 862 1987 εἰπεῖν,

79 2000 140 2029 Οἶδα
150 2003 294 2038 ἄνθρωπον
309 2001 399 2028 πᾶσαν
412 2001 461 2035 τὴν
476 1999 607 2036 αἰσθητὴν
620 1999 749 2026 διαῆάντα
764 1999 862 2030 κτίσιν,

79 2050 123 2077 καὶ
142 2050 170 2075 ἐν
192 2050 249 2080 τοῖς
265 2048 370 2079 ἀδύτοις
388 2047 437 2082 τῆς
459 2046 558 2082 νοητῆς
581 2045 725 2081 γενόμενον
741 2045 861 2080 φύσεως·

80 2095 170 2131 ἐπειδὴ
184 2096 219 2121 ἐκ
233 2094 328 2125 παιδὸς
340 2093 374 2119 τὰ
394 2092 454 2128 ιερὰ
466 2093 615 2127 γράμματα
633 2089 712 2123 οἶδεν,
725 2092 785 2122 ταῖς
797 2099 864 2126 γρα-

80 2143 169 2176 φικαίς
186 2141 288 2176 φωναῖς
308 2138 481 2175 διασημαίνει
505 2138 535 2164 τὺ
555 2138 650 2172 ὄνομα,
671 2136 761 2172 τρίτον
782 2137 864 2172 οὐρα-

81 2190 124 2216 νὸν
147 2187 284 2221 ὀνομάσας
311 2185 359 2220 τὴν
383 2184 438 2211 τῶν
456 2184 540 2219 τριῶν
567 2183 668 2210 τούτων
694 2182 749 2209 τῶν
774 2182 803 2208 ὲν
825 2180 865 2216 τῷ

83 2234 159 2259 παντὶ
185 2232 380 2268 θεωρουμένων
404 2231 555 2266 τμημάτων
580 2229 710 2260 διέξοδον·
737 2227 864 2254 κατέλιπε

83 2279 133 2314 γὰρ
148 2278 193 2305 τὸν
216 2277 302 2313 ἀέρα’
319 2276 476 2312 παρέδραμε
503 2275 549 2302 καὶ
566 2275 615 2310 τὴν
638 2274 682 2300 διὰ
705 2274 787 2309 μέσου
811 2272 866 2299 τῶν

903 307 1062 342 percipitur,
1087 309 1218 336 terminos
1242 311 1452 343 transcendisse,
1470 311 1503 337 ad
1518 318 1632 345 eamque
1646 311 1688 338 in-

902 361 1025 388 gressum
1051 361 1123 386 esse,
1141 363 1201 390 quae
1216 356 1308 383 animo
1323 361 1467 392 menteque
1481 357 1688 392 comprehendi-

903 405 958 432 tur,
988 408 1050 428 cum
1081 402 1267 436 spectaculum
1294 403 1360 430 illud
1388 403 1500 430 minime
1527 410 1687 437 corporeum

903 445 995 479 fuerit,
1009 451 1040 474 ut
1055 447 1169 482 ipsemet
1180 447 1324 484 signiﬁcat,
1339 458 1348 474 ι
1365 449 1422 476 sive
1436 448 1462 476 in
1478 456 1602 484 corpore,
1618 458 1627 474 ι
1645 449 1688 475 in-

903 493 1009 527 quicns,
1030 486 1047 518 ι’
1057 493 1150 521 nescio
1171 502 1178 520 :
1196 495 1254 522 sive
1276 499 1352 521 extra
1374 502 1483 529 corpus,
1496 494 1688 521 nesciozbeus

904 537 956 564 scit
979 542 1086 573 raptum
1099 539 1232 573 ejusmodi
1258 539 1395 568 hominem
1419 548 1506 575 usque
1525 540 1558 567 ad
1575 540 1686 567 tertium

903 583 1013 610 coelum.
1033 593 1043 609 ι
1073 583 1214 611 Summum
1243 585 1326 620 igitur
1349 585 1414 613 illud
1442 586 1548 613 culmen
1573 585 1689 620 hujusce

904 629 1009 662 mundi,
1024 637 1104 664 quem
1118 629 1246 662 dicimus,
1257 631 1375 658 arbitror
1385 639 1399 658 a
1410 630 1496 658 Paulo
1508 631 1618 659 tertium
1630 638 1688 658 ca:-

904 675 959 702 lnm
976 675 1106 710 appellari
1123 685 1130 703 :
1151 676 1294 711 triplieiter
1310 677 1381 704 enim
1397 677 1495 704 dividit
1514 684 1594 714 omne
1616 676 1688 711 quod

904 720 1036 752 cernitur,
1061 725 1087 748 et
1100 729 1132 748 ex
1164 720 1312 756 Scriptura:
1337 722 1535 750 consuetudine
1567 721 1689 757 singulas

905 770 995 800 partes
1018 766 1118 793 caelum
1136 771 1226 794 vocat.
1242 767 1364 795 Abutens
1377 768 1448 794 enim
1464 767 1580 802 quodam
1610 767 1690 794 modo

904 811 1103 847 signiﬁcatione
1132 813 1287 845 verborum,
1319 814 1435 848 spatium
1455 813 1520 840 illud
1545 813 1690 840 crassioris

905 858 976 886 aeris
1002 866 1055 893 quo
1068 862 1095 885 et
1120 859 1217 891 nubes,
1233 863 1260 886 et
1275 860 1358 889 venti,
1381 864 1408 887 et
1423 859 1521 887 excelsi
1551 859 1690 886 volucrum

906 904 1012 931 volatus
1023 904 1194 939 perveniunt,
1215 906 1313 932 malum
1330 914 1413 932 unum
1431 906 1562 936 nominat,
1583 912 1644 931 eum
1665 909 1693 931 et

906 950 967 977 σαεΙὶ
984 951 1071 978 nubes
1098 950 1165 977 dicit
1183 955 1210 978 et
1226 951 1349 979 volucres
1364 951 1436 979 cmli.
1455 951 1510 979 Nec
1533 950 1693 985 simpliciter

906 995 1005 1022 ccelum
1045 996 1097 1023 hoc
1135 1002 1231 1028 vocat.
1269 997 1316 1024 sed
1359 997 1482 1032 adiungit
1515 997 1594 1024 etiam
1632 996 1692 1023 illas

906 1048 997 1074 voces,
1014 1041 1066 1068 sub
1085 1041 1266 1069 ﬁrmamento.
1279 1041 1349 1069 Dicit
1377 1043 1449 1069 enim
1470 1052 1476 1070 :
1501 1053 1510 1068 ι
1539 1042 1693 1069 Producant

906 1095 982 1122 aqua!
995 1087 1099 1122 reptiha
1119 1088 1271 1115 animarum
1287 1088 1434 1116 viventium
1457 1092 1485 1115 et
1511 1088 1630 1115 volatilia
1645 1096 1694 1115 vo-

907 1134 991 1160 lantia
1019 1141 1102 1169 super
1121 1138 1240 1166 terram,
1261 1135 1312 1162 sub
1342 1135 1514 1161 ﬁrmamento
1545 1134 1607 1161 σωΙὶ
1625 1134 1659 1160 ³⁸.
1681 1143 1690 1159 ι

908 1179 1009 1207 Deinde
1035 1180 1148 1206 alterum
1172 1179 1272 1206 caelum
1296 1183 1324 1207 et
1351 1180 1551 1206 ﬁrmamentum
1578 1179 1694 1213 appellat

908 1225 1024 1260 spatium
1051 1225 1129 1257 illud,
1161 1225 1233 1260 quod
1263 1225 1394 1252 inerranti
1420 1225 1534 1260 sphaerae
1557 1224 1693 1252 inclusum

908 1273 1110 1303 consideratur,
1140 1271 1166 1298 in
1182 1279 1238 1306 quo
1264 1271 1360 1301 stellae.
1377 1279 1445 1305 quas
1461 1275 1584 1298 errantes
1610 1270 1697 1297 norni-

909 1322 985 1349 nant,
1002 1321 1192 1352 pervagantur.
1209 1316 1254 1344 Sic
1269 1317 1325 1344 ait:
1344 1326 1352 1342 ι
1369 1316 1444 1343 Fecit
1463 1316 1534 1344 Deus
1550 1316 1696 1343 luminaria

908 1371 1017 1398 magna,
1033 1367 1060 1390 et
1075 1362 1165 1398 posuit
1184 1369 1215 1390 ea
1237 1363 1264 1389 in
1288 1363 1458 1389 ﬁrmamento
1478 1362 1552 1391 caali.
1569 1366 1598 1388 ut
1621 1361 1696 1388 luce-

909 1413 969 1436 rent
983 1416 1064 1443 super
1082 1413 1182 1435 terram
1194 1408 1227 1434 ³⁷.
1244 1417 1253 1433 ι
1271 1407 1363 1434 Cuivis
1382 1407 1540 1434 distinctum
1562 1406 1637 1434 orbis
1653 1413 1685 1432 or

909 1458 1002 1480 natum
1016 1458 1154 1488 utcunque
1174 1452 1358 1479 consideranti
1375 1451 1548 1486 perspicuum
1573 1455 1626 1483 est,
1640 1451 1697 1478 hate

910 1498 980 1525 infra
1002 1505 1159 1532 supremum
1180 1497 1246 1524 illud
1270 1497 1408 1532 fastigium
1433 1496 1589 1532 contigisse,
1623 1496 1697 1531 quod

910 1545 1001 1572 omnia
1013 1544 1142 1572 sensibus
1161 1543 1277 1571 obnoxia
1289 1543 1484 1578 complectens,
1499 1551 1585 1577 eaque
1605 1543 1698 1576 sejun-

911 1597 977 1625 gens
991 1597 1005 1615 a
1021 1588 1102 1616 rebus
1116 1588 1170 1616 illis
1192 1588 1354 1622 procreatis,
1375 1595 1435 1622 qum
1453 1591 1542 1614 mente
1557 1588 1656 1620 solum,
1671 1591 1698 1614 et

913 1635 1089 1672 intelligentia
1121 1634 1398 1670 comprehenduntur,
1432 1633 1642 1665 ﬁrmamentum,
1671 1638 1699 1660 et

910 1684 1010 1711 cmlum
1026 1680 1151 1717 appellat.

945 1728 983 1755 Ea
997 1728 1089 1764 igitur,
1105 1735 1166 1762 quae
1181 1726 1271 1754 verbis
1285 1725 1417 1761 explicari
1433 1733 1486 1753 non
1504 1728 1632 1761 possunt,
1647 1732 1698 1751 cu-

910 1776 989 1811 piens
1006 1775 1164 1809 Apostolus,
1185 1778 1213 1801 et
1233 1773 1460 1808 quemadmodum
1480 1779 1531 1799 nos
1556 1772 1619 1798 item
1634 1771 1700 1798 hor-

911 1825 994 1852 tatur,
1013 1819 1079 1847 nihil
1096 1823 1324 1854 eorumspectans
1340 1826 1400 1853 qua}
1408 1817 1483 1845 cerni
1501 1822 1616 1852 queunt,
1634 1824 1696 1843 cum

911 1873 943 1893 ea
962 1873 1022 1900 quae
1035 1865 1172 1898 videntur,
1189 1865 1352 1900 temporaria
1374 1864 1441 1896 sint,
1462 1870 1522 1898 quae
1539 1866 1629 1890 autem
1643 1870 1699 1889 non

911 1911 1049 1942 videntur.
1071 1915 1171 1938 aeterna
1197 1911 1240 1944 '3;
1260 1911 1351 1937 divina
1375 1910 1476 1937 virtute
1491 1909 1618 1936 sublatus
1639 1915 1702 1942 per-

912 1959 985 1985 venit
998 1966 1030 1985 eo
1046 1965 1101 1992 quo
1115 1957 1250 1984 desiderio
1272 1956 1409 1983 ferebatur
1422 1975 1430 1988 ,
1460 1962 1578 1988 cumque
1607 1960 1702 1983 sacras

913 2002 1029 2030 Litteras
1044 2011 1058 2029 a
1070 2003 1184 2037 pueritia
1199 2001 1352 2034 didicisset,
1372 2001 1463 2028 verbis
1476 1999 1625 2035 Scriptum
1643 1999 1702 2026 usi<

913 2047 977 2075 tatis
990 2055 1044 2075 rem
1060 2048 1146 2082 ipsam
1158 2047 1304 2082 expressit,
1319 2046 1429 2074 tertium
1444 2045 1543 2072 celum
1561 2044 1704 2079 appellans

914 2094 1010 2120 harum
1026 2093 1106 2120 trium
1130 2093 1293 2125 sectionum,
1318 2099 1379 2127 quae
1403 2091 1431 2118 in
1448 2090 1548 2117 mundo
1564 2089 1705 2120 videntur,

913 2143 1074 2166 extremam.
1095 2138 1200 2166 Relicto
1223 2138 1295 2165 enim
1316 2145 1388 2170 aere,
1406 2140 1588 2171 superatoque
1613 2134 1708 2162 medio.

915 2185 963 2212 illo
981 2185 1079 2220 spatio,
1095 2185 1123 2212 in
1145 2193 1200 2220 quo
1222 2184 1372 2212 errantium
1392 2184 1533 2211 stellarum
1555 2183 1636 2210 orbes
1648 2190 1706 2209 ver-

915 2234 1030 2261 santur,
1061 2238 1197 2258 summum
1236 2230 1410 2258 aetheriorum
1446 2229 1539 2256 ﬁnium
1572 2228 1708 2257 ambitum

915 2276 1095 2308 transcendit,
1115 2281 1143 2304 et
1168 2276 1200 2303 ad
1217 2276 1321 2303 ﬁrmam
1348 2276 1432 2308 illam,
1459 2283 1519 2310 quae
1535 2275 1592 2302 sola
1616 2281 1709 2302 mento

82 2323 202 2358 ἀστέρων
216 2321 395 2357 κυκλοφορίαν
406 2331 412 2336 ·
426 2320 542 2356 ἐπέρασε
554 2320 582 2346 δὲ
592 2319 640 2346 καὶ
652 2319 700 2354 τὴν
712 2319 799 2355 ἄκραν
811 2318 860 2344 τῶν

915 2319 1084 2354 percipitur,
1121 2324 1245 2347 naturaet
1277 2321 1454 2354 pervuniens,
1487 2319 1606 2354 paradisi
1636 2319 1707 2346 vidit

84 2369 207 2404 αἱθερίων
224 2368 294 2404 ὅρων
319 2366 474 2403 περιϐολὴν,
496 2365 542 2392 καὶ
563 2365 592 2391 ὲν
611 2366 644 2399 τῇ
673 2363 796 2398 στασίμῳ
818 2363 865 2390 καὶ

84 2417 162 2451 νοητῇ
173 2415 255 2450 φύσει
269 2414 422 2449 γενόμενος,
431 2411 484 2439 οἶδε
495 2412 529 2439 τὰ
540 2411 587 2438 τοῦ
599 2410 759 2446 παραδείσου
769 2409 865 2445 κάλλη,

86 2462 130 2487 καὶ⁸
140 2461 256 2496 ﬁxo-nev
269 2460 287 2487 ἃ
300 2459 455 2495 ἀνθρωπίνη
470 2458 550 2492 φύσις
563 2458 593 2484 οὐ
607 2457 763 2492 φθέγγεται.
775 2455 868 2482 Ταῦτά

88 2516 136 2539 σοι,
152 2505 175 2534 ὦ
195 2507 323 2543 ἄνθρωπε
343 2506 389 2533 τοῦ
406 2505 486 2538 Θεοῦ,
505 2505 570 2541 περὶ
590 2504 644 2531 τῶν
659 2503 868 2540 προϐληθέντων

87 2555 150 2589 ἡμῖν
171 2553 246 2589 παρὰ
268 2553 319 2587 τῆς
339 2551 472 2583 συνέσεώς
491 2560 536 2578 σου
561 2549 776 2585 ἀπεκρινάμεθα,
801 2549 870 2584 μήτε

89 2608 113 2626 τι
131 2600 180 2635 τῆς
205 2597 344 2634 γραφικῆς
361 2597 460 2630 λέξεως
483 2597 523 2628 είς
545 2594 677 2631 τροπικὴν
708 2593 871 2629 ἀλληγορίαν

92 2646 329 2683 μεταποιήσαντες,
359 2644 428 2678 μήτε
455 2641 611 2677 παριδίιντες
635 2649 662 2666 τι
688 2639 742 2667 τῶν
768 2640 872 2666 ἀντιτε-

542 2687 594 2714 Ξιλλ’
624 2687 662 2717 ὡς
692 2683 725 2724 ἦν
760 2685 871 2712 δυνατὸν

93 2736 221 2772 μενούσης
249 2736 299 2771 τῆς
324 2735 423 2768 λέξεως
456 2733 502 2761 ἐπὶ
533 2734 582 2769 τῆς
616 2732 684 2763 ἰδίας
715 2732 871 2766 ἐμφάσεως,

92 2782 127 2817 τῷ
142 2783 190 2818 τῆς
209 2783 316 2817 φύσεως
337 2781 424 2816 εἱρμῴ
444 2779 488 2806 διὰ
503 2779 552 2814 τῆς
575 2778 691 2814 θεωρίας
706 2777 762 2804 τῶν
774 2777 871 2812 ὀνομά-

91 2837 143 2857 των
160 2829 400 2864 ὴκολουθήσαμεν,
425 2827 458 2853 δι’
483 2823 520 2854 ὧν
543 2826 573 2852 τὺ
601 2824 683 2860 μηδὲν
707 2823 872 2855 ὑπεναντίως

128 2917 148 2937 ⁸⁴
163 2917 231 2948 Con.
250 2925 270 2949 t,
285 2915 331 2946 20.
369 2915 389 2931 ³⁷
407 2914 472 2942 ibid.
491 2915 531 2942 16.
570 2912 592 2928 ³⁸
606 2911 628 2940 ll
644 2911 705 2938 Cor.
718 2919 754 2944 tv,
773 2911 816 2939 18.

915 2366 1156 2400 pulchritudinem,
1173 2370 1200 2393 et
1221 2366 1324 2393 audivit
1337 2373 1368 2392 ea
1380 2373 1440 2401 qute
1464 2365 1582 2392 humana
1606 2369 1706 2392 natura

917 2418 971 2438 non
994 2411 1124 2446 loquitur.
1146 2411 1208 2438 Haec
1221 2412 1279 2443 tibi,
1299 2412 1342 2438 vir
1359 2411 1417 2444 Dei,
1431 2410 1464 2438 ad
1482 2411 1634 2446 propositas
1653 2417 1704 2437 non

918 2456 961 2484 bis
972 2464 986 2483 a
1002 2457 1146 2492 prudentia
1158 2463 1207 2484 tua»
1219 2458 1385 2493 quzestioncs
1400 2457 1603 2492 respondimus,
1618 2455 1707 2483 nullis.

918 2503 1051 2530 orationis
1064 2503 1207 2538 pigmentis
1218 2503 1333 2531 morales
1345 2503 1488 2538 allegorias
1495 2502 1687 2536 conquirentes
1697 2511 1704 2529 :

920 2557 972 2577 nec
996 2549 1193 2584 inexploratum
1224 2553 1419 2584 praetereuntes
1440 2548 1589 2584 quidquam
1611 2554 1707 2574 eorum

919 2602 980 2629 qua}
1009 2594 1087 2622 nobis
1105 2595 1323 2629 opponebantur,
1341 2594 1389 2622 sed
1419 2594 1530 2629 propria
1559 2592 1705 2620 verborum

921 2641 1119 2677 signiﬁcatione
1131 2646 1250 2673 servata,
1266 2645 1371 2669 natura:
1397 2640 1520 2668 ordinem
1543 2635 1707 2673 disputando
1748 2636 1752 2640 '

922 2687 1060 2721 persecuti
1069 2693 1174 2716 sumus.
1186 2690 1213 2713 et
1224 2685 1291 2712 nihil
1303 2692 1410 2716 eorum,
1422 2691 1482 2719 quae
1495 2682 1583 2718 primo
1595 2684 1706 2715 aspectu

922 2732 1058 2759 contraria
1090 2731 1262 2763 videbantur,
1283 2731 1316 2758 ab
1329 2730 1390 2758 aliis
1407 2730 1563 2763 discrepare
1575 2734 1623 2762 pro
1641 2726 1707 2752 viri-

924 2777 975 2804 bus
993 2776 1248 2803 demonstravimus.
1267 2774 1297 2802 ln
1314 2774 1426 2808 reliquis
1443 2777 1532 2799 autem
1558 2771 1592 2798 ad
1610 2769 1703 2796 mundi

926 2823 1139 2858 procreationem
1177 2821 1390 2857 pertinentibus,
1425 2827 1485 2854 qucc
1520 2825 1567 2845 sex
1600 2815 1707 2842 dierum
