1919 3069
195 185 247 214 125
803 191 832 218 5.
853 190 1016 219 GREGORII

191 244 280 278 spatio
309 244 379 272 facta
399 250 473 279 sunt,
491 247 630 275 immorari
650 256 880 284 supervacaneum
899 250 977 277 duxi-
995 255 1015 282 Α

192 298 263 322 mus,
282 298 343 317 eum
361 292 485 320 sublimis
502 293 547 320 illa
571 296 745 330 prmeeptoris
761 303 813 322 vox
830 296 897 323 nihil
910 297 979 323 omi-

191 336 258 362 serit
274 337 344 370 quod
356 337 389 363 ad
403 345 463 365 eam
478 338 687 373 disputationem
700 341 980 376 pertineret,exeeplo

192 379 310 408 hominis
322 382 440 416 opilicio,
455 384 526 418 quod
547 386 658 419 proprio
673 385 751 416 libro,
765 394 844 420 quem
861 387 918 417 tibi.
939 387 979 413 vir

191 427 302 460 optime,
322 432 385 455 ante
404 428 476 456 hunc
491 429 626 461 misimus,
655 438 704 458 nos
720 431 924 465 explicavimus.
941 432 979 460 Te

191 477 292 506 autem,
306 477 333 500 et
347 481 442 502 omnes
462 475 495 502 ad
512 483 626 510 quorum
646 484 743 504 manus
760 478 786 504 bi
806 477 866 504 libri
882 486 977 513 perve-

190 518 292 551 nerint,
308 523 418 555 rogatos
445 521 581 553 volumus,
604 525 633 549 ut
650 522 676 549 in
694 527 791 550 neutro
810 524 918 551 illorum
937 532 979 551 me

191 564 283 591 studio
300 568 476 601 praecptoris
491 569 591 602 putetis
610 569 748 597 adversari
765 579 771 597 :
786 570 832 597 sed
849 571 875 598 in
888 571 978 606 priore

188 610 299 644 quidem
318 611 440 639 relictum
465 619 654 647 argumentum
670 616 873 650 suscipientem,
900 617 977 644 addi-

189 655 263 682 disse
280 655 491 691 disputationem
512 659 545 686 de
561 659 681 692 homine,
698 661 732 688 iis
754 670 814 697 quae
829 662 855 689 in
871 662 976 690 llcxae-

190 708 282 728 merou
310 703 344 729 ab
371 711 404 730 eo
430 703 538 731 fuerant
563 705 722 733 elaborata:
744 707 770 734 in
799 707 849 734 hoc
872 713 975 739 autem.

189 751 299 781 propter
323 756 370 776 eos
388 749 433 784 qui
450 752 475 776 in
493 750 639 786 Scriptum
654 753 838 780 monumentis
853 753 975 780 ordinem

188 794 341 827 requirunt,
357 796 389 821 ad
407 796 463 822 hmo
479 797 623 824 scribenda
637 798 677 825 sic
691 799 811 826 animum
825 800 975 834 appulisse,

188 842 217 864 ιιι
228 839 370 866 verborum
384 841 424 868 vis
441 842 467 868 in
485 842 518 870 iis
531 851 590 877 qua:
607 844 708 878 scripta
720 849 793 876 sunt,
810 850 974 877 servaretur,

186 888 214 910 et
226 885 357 912 naturalis
373 888 566 915 commentatio
587 897 602 915 a
620 889 710 916 verbis
736 898 790 917 non
805 891 972 918 dissentiret.

188 928 216 955 Si
234 930 297 964 quid
312 935 402 958 autem
416 933 548 960 omissum
561 934 652 967 fuerit,
671 943 704 962 ne
718 944 798 971 grave
813 937 859 968 sit,
870 937 911 964 vel
925 937 972 965 tibi
991 922 1011 950 Β

187 983 236 1009 pro
260 976 392 1011 sapientia
420 983 477 1010 tua,
493 980 534 1007 vel
549 981 706 1016 quicunque
731 983 787 1010 llaec
813 983 917 1018 legerit.
941 993 972 1012 ea

185 1021 315 1055 perﬁcere
330 1030 391 1057 qua:
403 1024 497 1052 deesse
512 1025 654 1059 iudicabit.
673 1028 767 1062 Neque
787 1030 858 1056 enim
876 1030 921 1056 illa
933 1031 957 1056 vi
967 1046 974 1050 -

184 1065 245 1093 dua:
267 1067 382 1096 duorum
400 1070 544 1097 obolorum
571 1072 674 1099 oblatio
703 1073 834 1102 divitibus
857 1075 971 1107 obstitit.

185 1119 240 1146 quo
257 1113 347 1141 minus
365 1116 453 1149 ampla
473 1117 522 1151 ipsi
549 1126 597 1145 sua
616 1127 729 1147 munera
746 1120 875 1148 oil‘crrcnt
896 1132 902 1148 ι
922 1130 972 1150 nec

183 1158 231 1192 qui
257 1159 339 1192 pelles
352 1164 379 1187 et
395 1161 476 1196 ligna,
493 1168 519 1189 et
534 1163 604 1198 pilos
629 1163 696 1192 Mosi
711 1165 744 1192 ad
765 1166 970 1195 tabernaculum

183 1204 404 1233 exmdiiicandum
433 1207 600 1242 obtulerunt,
616 1218 724 1243 aurum.
739 1216 766 1239 et
781 1217 934 1248 argentum,
944 1219 971 1241 et

184 1247 284 1282 lapides
295 1251 430 1284 pretiosos
444 1252 620 1283 olTerentibus
638 1255 749 1284 fuerunt
765 1247 969 1293 impedimento.

182 1293 328 1323 Nobiscum
354 1298 436 1333 igitur
455 1300 674 1330 existimabimus
699 1303 767 1332 bene
787 1310 876 1332 actum
896 1314 968 1340 esse.

182 1339 204 1366 si
221 1345 314 1367 nostra
343 1341 400 1370 haec
427 1346 587 1373 munuscula
608 1347 634 1374 in
660 1348 776 1383 pilorum
792 1358 906 1378 numero
921 1351 970 1379 lia-

180 1383 306 1419 beantur,
336 1388 417 1415 modo
435 1397 483 1424 per
497 1396 615 1419 vestram
642 1401 709 1420 auro
728 1400 884 1423 contextam
905 1405 968 1432 pur-

181 1435 277 1462 puram
293 1432 411 1459 orationi
433 1434 588 1468 imponatur
613 1438 897 1473 superindumentum,
922 1442 967 1469 cui

181 1481 280 1502 nomen
293 1481 344 1509 est,
360 1476 512 1512 Rationale,
528 1486 554 1508 et
566 1481 728 1518 Deelaratio,
744 1489 770 1513 et
783 1485 899 1521 Veritas,
916 1489 968 1516 sic-

181 1525 210 1547 ut
229 1522 346 1556 appellat
375 1523 474 1558 Moses,
507 1528 552 1562 qui
584 1529 651 1557 tales
684 1532 802 1560 amictus
832 1535 966 1562 sacerdoti

179 1566 299 1594 confecit
321 1569 450 1598 mandato
472 1571 518 1599 Dei
536 1581 542 1601 :
561 1574 605 1600 cui
620 1582 682 1602 eum
698 1577 837 1612 unigenito
859 1578 926 1606 Filio
940 1585 967 1607 et

180 1611 283 1647 Spiritu
295 1619 391 1643 saneto
402 1617 488 1652 gloria
500 1623 527 1646 et
543 1619 686 1655 imperium
702 1622 728 1650 in
741 1611 839 1651 saecula
856 1626 966 1652 saeculo-

179 1666 250 1686 rum.
268 1659 364 1688 Amen.

178 1705 268 1750 ἱαθώς
282 1715 348 1742 φησι
369 1708 414 1734 καὶ
429 1710 443 1736 ό
456 1711 558 1747 Μωσῆς
572 1713 586 1739 ὀ
600 1714 634 1741 τὰ
662 1716 774 1743 τοιαῦτα
790 1719 1002 1750 κατασκευάζων

1033 187 1177 218 NYSSENI
1774 190 1788 218 Ι
1795 188 1836 216 ει

1030 250 1101 285 ἔχειν
1117 250 1170 276 τῶν
1184 249 1332 277 δοκούντων
1349 248 1418 276 κατὰ
1438 248 1486 283 τὴν
1505 248 1729 283 ἑπιπολαιοτέραν
1753 247 1827 275 ἀνά-

1030 304 1140 330 γνωσιν,
1154 295 1172 322 ἃ
1197 296 1352 331 συμφωνεῖν
1369 293 1502 329 ἀλλήλοις,
1525 293 1615 324 καθὼς
1639 291 1673 328 ἦν
1694 292 1827 325 δυνατὸν,

1030 342 1209 377 ἀπεδείξαμεν
1224 350 1230 356 ·
1248 343 1305 373 τοῖς
1323 341 1352 368 δὲ
1381 340 1484 371 λοιποῖς
1510 339 1646 371 ἐπεξιέναι
1673 339 1728 366 ἰὦν
1748 340 1829 366 κατὰ

1030 388 1078 424 τὴν
1116 387 1266 424 ἑξαήμερον
1289 387 1469 422 κοσμογονίαν
1486 385 1687 421 πεποιημένων,
1702 386 1828 420 μάταιον

1029 434 1203 469 ἐνομίσαμεν,
1217 434 1266 469 τῆς
1282 431 1387 469 ὑψηλῆς
1401 433 1447 460 τοῦ
1461 431 1621 459 διδασκάλου
1641 431 1734 466 φωνῆς
1766 440 1826 466 μη-

1029 479 1073 506 δὲν
1089 479 1144 506 τῶν
1171 479 1343 515 ζητουμένων
1364 480 1404 511 είς
1429 478 1544 512 Θεωρίαν
1571 477 1799 513 παραλειπούσης
1816 485 1824 492 ·

1030 525 1100 560 πλὴν
1116 525 1165 560 τῆς
1189 525 1237 552 τοῦ
1262 524 1405 561 ἀνθρώπου
1432 525 1617 559 κατασκευῆς,
1634 524 1668 559 ἢν
1690 524 1773 558 ἡμεῖς
1791 524 1826 550 ὲν

1030 569 1155 602 ἰδιάζοντι
1171 569 1265 604 βιϐλίῳ
1281 570 1333 604 προ
1342 568 1444 595 τούτων
1462 569 1638 604 πονήσαντες.
1655 567 1825 594 ἀπεστείλα-

1031 615 1080 650 μέν
1098 623 1144 640 σου
1158 616 1190 650 τῇ
1205 614 1363 650 τελειότητι,
1375 614 1453 640 τοῦτο
1467 614 1514 640 καὶ
1535 614 1564 640 ἐν
1578 613 1674 649 ἐκείνῳ
1686 613 1726 648 τῷ
1742 613 1824 648 λόγῳ

1030 661 1075 687 καὶ
1092 661 1120 686 ἐν
1133 660 1171 695 τῷ
1186 661 1308 696 παρόντι,
1327 660 1356 686 σέ
1374 669 1404 687 τε
1420 661 1468 687 καὶ
1485 660 1588 691 πάντας
1609 660 1672 691 τοὺς
1684 660 1823 694 ἐντυγχά-

1029 717 1122 739 νοντας
1137 709 1364 745 παραιτούμενοι,
1379 709 1409 735 τὸ
1431 709 1469 744 μὴ
1485 708 1589 735 οἴεσθαι
1604 708 1677 742 ἡμᾶς
1693 706 1823 740 ἀντεγεί-

1031 763 1085 788 ρειν
1097 755 1209 786 ἑαυτοὺς
1221 757 1280 786 ταῖς
1291 755 1337 781 τοῦ
1354 754 1513 781 διδασκάλου
1532 753 1673 785 σπουδαῖς·
1683 753 1741 779 ἀλλ’
1756 754 1821 779 ἐκεῖ

1030 800 1078 833 μὲν
1095 800 1316 836 ἀναπληροῦντας
1334 800 1372 831 ὡς
1392 797 1426 834 ἦν
1451 799 1562 826 δυνατὸν
1586 798 1620 824 τὰ
1635 797 1818 832 ἐλλείμματα,

1028 845 1185 881 προσθεῖναι
1199 846 1248 881 τὴν
1268 846 1308 877 εις
1327 845 1373 871 τὸν
1388 844 1529 880 ἄνθρωπον
1543 843 1658 879 θεωρίαν
1673 845 1727 874 τοῖς
1744 842 1819 868 κατὰ

1027 891 1076 925 τὴν
1096 891 1261 927 Ἐξαήμερον
1284 891 1439 926 πονηθεῖσιν
1464 890 1557 924 αὐτῷ·
1579 889 1694 916 ἐνταῦθα
1719 888 1748 914 δὲ
1770 888 1819 914 διὰ

1024 937 1087 968 τοὺς
1102 936 1295 972 ἐπιζητοῦντας
1311 938 1340 963 ὲν
1352 937 1408 967 τοῖς
1421 936 1565 971 γραφικοῖς
1577 936 1692 971 νοήμασι
1709 934 1739 960 τὸ
1753 934 1820 960 ἀκό-

1024 983 1127 1014 λουθον,
1145 983 1229 1010 ταῦτα
1242 983 1346 1018 γράψαι
1360 981 1578 1017 προθυμηθῆναι,
1591 981 1628 1013 ὠς
1638 980 1705 1015 ὁμοῦ
1720 989 1749 1006 τε
1763 980 1818 1014 τὴν

1023 1029 1094 1061 λέξιν
1122 1030 1167 1055 ἐπὶ
1185 1029 1239 1055 τῶν
1259 1028 1460 1063 γεγραμμένων
1484 1027 1676 1061 φυλάττεσθαι,
1695 1027 1741 1053 καὶ
1763 1025 1817 1060 τὴν

1023 1076 1141 1111 φυσικήν
1157 1075 1272 1110 θεωρίαν
1294 1075 1484 1108 συναγορεύειν
1503 1074 1541 1109 τῷ
1558 1074 1710 1109 γράμματι.
1730 1073 1762 1098 Ei.
1783 1073 1815 1099 δὲ

1022 1121 1152 1153 ἐλλειπῶς
1166 1121 1221 1155 ἔχει
1237 1121 1271 1147 τὰ
1294 1120 1438 1155 εἰρημένα,
1455 1119 1551 1154 φθόνος
1575 1119 1664 1150 οὐδεὶς
1688 1119 1765 1153 παρά
1781 1127 1815 1145 τε

1021 1167 1070 1202 τῆς
1092 1167 1140 1202 σῆς
1165 1167 1308 1199 συνέσεως,
1323 1167 1370 1192 καὶ
1387 1166 1462 1201 παρὰ
1477 1166 1591 1193 ἑκάστου
1606 1165 1660 1192 τῶν
1680 1165 1815 1200 ἐντυγχα-

1022 1213 1120 1240 νόντων
1144 1213 1338 1249 ἐξεργασθῆναι
1354 1213 1388 1239 τὰ
1417 1213 1554 1239 λείποντα.
1581 1211 1647 1238 Οὐδὲ
1673 1212 1727 1246 γὰρ
1755 1211 1814 1237 τῶν

1022 1259 1156 1286 πλουσίων
1170 1259 1218 1294 τὴν
1233 1258 1401 1294 δωροφορίαν
1415 1258 1550 1285 ἐκώλυσεν
1565 1258 1582 1293 ἡ
1596 1259 1651 1284 τοῖν
1665 1257 1737 1284 δυοῖν
1750 1257 1814 1283 ὀδο-

1020 1306 1077 1332 λοῖν
1088 1305 1256 1341 γεγενημένη
1271 1305 1346 1340 παρὰ
1361 1305 1410 1340 τῆς
1423 1306 1510 1340 χήρας
1528 1304 1665 1336 ἐπίδοσις·
1680 1303 1735 1330 οὐθ’
1751 1304 1813 1330 ὅσοι

1019 1351 1054 1378 τὰ
1069 1352 1200 1387 δέρματα,
1218 1351 1265 1377 καὶ
1278 1351 1313 1377 τὰ
1333 1350 1409 1383 ξύλα,
1424 1352 1471 1377 καὶ
1484 1351 1534 1382 τὰς
1556 1351 1650 1386 τρίχας
1666 1349 1705 1385 τῷ
1720 1350 1810 1385 Μωσῇ

1021 1398 1088 1434 πρὸς
1105 1398 1153 1432 τὴν
1166 1397 1341 1431 σκηνοποιίαν
1358 1397 1529 1431 εἰσήνεγκαν,
1544 1396 1670 1430 ἐμπόδιον
1692 1396 1747 1426 τοῖς
1762 1394 1813 1420 τὸν

1021 1445 1119 1480 χρυσὸν
1134 1443 1235 1470 καὶτὸν
1256 1443 1386 1478 ἄργυρον,
1400 1443 1447 1469 καὶ
1460 1442 1523 1473 τοὺς
1540 1441 1645 1476 τιμίους
1660 1440 1712 1467 τῶν
1726 1440 1811 1466 λίθων

1020 1489 1184 1517 ἀνατιθεῖσιν
1200 1488 1332 1522 ἐγένοντο.
1351 1487 1404 1514 Καὶ
1420 1488 1502 1522 ἡμεῖς
1524 1487 1613 1512 τοίνυν
1628 1486 1811 1520 ἀγαπήσομεν

1019 1537 1044 1562 εί
1060 1537 1088 1562 ὲν
1114 1534 1214 1570 τριχῶν
1236 1533 1311 1566 τάξει
1335 1533 1369 1560 τὰ
1395 1534 1459 1568 παρ’
1482 1532 1561 1568 ἡμῶν
1590 1531 1706 1567 κριθείη,
1727 1530 1810 1566 μόνον

981 1593 1002 1622 C
1019 1582 1122 1616 γένοιτο
1137 1580 1182 1606 διὰ
1197 1579 1246 1614 τῆς
1264 1580 1399 1614 ὑμετέρας
1421 1578 1574 1614 πορφύρας,
1589 1578 1637 1613 τῆς
1650 1577 1688 1613 τῷ
1703 1576 1810 1612 χρυσίῳ

1021 1625 1256 1662 συμπλεκομένης,
1267 1624 1422 1659 ἐπιτεθῆναι
1440 1624 1478 1659 τῷ
1494 1624 1565 1659 λόγῳ
1581 1623 1626 1650 τὸν
1646 1622 1806 1657 ἐπενδύτην,

1017 1669 1040 1707 ᾧ
1053 1671 1138 1707 ὅνομά
1162 1671 1230 1702 ἐστι,
1244 1670 1342 1704 Λόγιόν
1357 1678 1386 1696 τε
1409 1670 1455 1696 καὶ
1467 1670 1587 1704 Δήλωσις
1602 1669 1648 1696 καὶ
1669 1668 1807 1703 Ἀλήθεια,

1018 1718 1057 1754 τῷ
1072 1718 1138 1753 ἱερεῖ
1152 1716 1321 1751 περιϐόλαια,
1342 1715 1413 1742 κατὰ
1431 1715 1480 1750 τὴν
1500 1716 1639 1750 ὑφήγησιν
1657 1713 1704 1740 τοῦ
1726 1713 1808 1747 Θεοῦ,

177 1747 200 1785 ᾧ
216 1751 315 1786 πρέπει
330 1753 346 1788 ὴ
359 1754 431 1787 δόξα,
445 1758 492 1783 καὶ
515 1758 545 1785 τὸ
571 1761 671 1796 κράτος
695 1763 742 1790 σὺν
767 1763 807 1799 τῷ
827 1767 966 1800 μονογενεί
992 1766 1048 1801 Υίῷ
1072 1767 1119 1794 καὶ
1134 1766 1173 1802 τῷ
1196 1764 1322 1799 παναγίῳ
1340 1763 1477 1798 Πνεῦματι
1501 1763 1540 1794 εἰς
1554 1762 1617 1794 τοὺς
1638 1761 1737 1792 αἰῶνας
1751 1760 1808 1787 τῶν

177 1797 294 1826 αιώνων.
316 1800 412 1837 Ἀμήν.

196 1884 321 1891 ——._

194 1891 369 1901 -ς

323 1886 1071 1900 Μ

661 1896 1801 1902 ήᾙή

859 1964 929 1991 ΤΟΥ
946 1965 992 1991 ΕΝ
1007 1966 1120 1992 ΑΓΙΟῘΣ

706 2047 1017 2093 ΓΡΗΓΟΡΙΟΥ
1052 2050 1264 2094 ΝΥΣΣΗΣ

356 2140 550 2198 ΠΕΡΙ
578 2143 1125 2202 ΚΑΤΑΣΚΕΥΗΣ
1153 2145 1620 2204 ΑΝΘΡΩΠΟΥ.

656 2337 702 2382 S.
739 2338 999 2384 GREGORI

1011 2341 1028 2383 Ι
1066 2341 1318 2386 NYSSENI

511 2441 611 2498 DE
660 2442 1007 2501 HOMINIS
1053 2445 1453 2505 OPIFICIO.

833 2556 855 2580 J.
869 2556 1028 2581 LBWENCLAIO
1040 2557 1131 2588 interp.

222 2741 264 2768 DE
287 2741 315 2769 S.
335 2742 511 2771 GREGORIO
530 2744 731 2773 EPIGRAMMA
750 2746 898 2774 NlCETrE.

169 2786 309 2824 Gregorius
339 2788 421 2822 frater
453 2790 542 2824 magni
566 2790 639 2817 illius
662 2791 756 2818 Basilii

207 2823 282 2848 llum:
295 2824 389 2860 librum
400 2823 505 2852 eximiaf
518 2825 635 2852 condidit
656 2828 722 2853 artis
734 2835 808 2860 opus.

168 2855 240 2896 Nam
251 2866 310 2896 cum
321 2859 445 2896 doctrinm
456 2869 573 2894 currum,
584 2867 642 2895 post
657 2855 754 2894 lunam.
762 2863 866 2896 fratris,

203 2893 257 2925 Qui
273 2895 462 2930 moderaretur,
475 2897 563 2925 nulla:
578 2893 605 2924 in
620 2893 680 2924 orbe
691 2893 784 2931 [ai-et:

968 2754 990 2781 Ι)

1088 2747 1142 2775 ΕΙΣ
1158 2748 1226 2775 TON
1240 2748 1342 2775 ΑΠοΝ
1358 2749 1550 2778 ΓΡΗΓΟΡΙΟΝ
1566 2751 1670 2778 ΝΙΚΗἸ

1007 2794 1115 2826 Βίϐλος
1141 2794 1198 2828 ἐγὼ
1220 2794 1362 2829 μεγάλοιο
1389 2795 1524 2830 ἀδελφοῦ
1549 2797 1602 2824 τοῦ
1631 2799 1692 2824 Bac

1044 2830 1209 2866 l‘pnropt'ov
1227 2830 1336 2857 τε.1έθω
1358 2830 1500 2865 τέρματος
1522 2832 1660 2866 εὐφυέος.

1010 2865 1122 2901 Λύτίκα
1137 2864 1366 2901 γὶιργμετόπισθε
1383 2864 1565 2901 τανηλεγέος(
1578 2867 1725 2900 θανάτοιο,

1045 2896 1096 2925 0ἷὰ
1119 2896 1310 2934 τίς’ή’νίογος
1327 2901 1435 2928 ἄρηαοί
1449 2896 1515 2936 ’τῆς
1543 2896 1653 2937 dogs/nc
