1919 3069
27 182 39 208 li
59 179 104 206 125

0 239 37 266 Μ,
50 234 131 266 Λὶιτὸς
153 231 335 266 ἐπεμϐεϐωὶις
353 231 492 265 ὠχήσατο
520 232 636 264 ἰσόθεος
657 232 730 266 φὼς,

10 286 29 308 ἃς
55 267 115 308 ’7ρῦ
127 268 173 294 καί
191 267 361 308 ἀγεπλῄροι)
386 267 512 308 τέρματα
536 266 712 301 εὐφραδέως.

54 305 170 336 Ἔπρεπεν
191 304 243 336 γὰρ
260 302 374 328 πλάσιν
386 301 560 334 ἀνθρώποιο,
573 300 769 335 κατασκευήν
788 311 818 328 τε

0 338 36 358 ’θεῖ
81 337 113 372 ᾞ
134 336 406 371 πολυφραδμοσύνῃ
431 336 560 370 ἐξερέειν
581 336 721 370 κοσμίως.

0 385 35 402 στι,
54 373 99 406 Τοῦ
112 373 154 398 mi
165 372 222 398 ἀπὸ
237 373 384 406 στόματος
398 372 599 398 καταλείϐεται
611 372 703 406 timor
716 372 819 398 ἔλαιον

1 430 30 450 ς’,
80 405 146 434 Ἧκα
164 407 245 441 μάλα
268 405 406 440 προχέον,
430 406 573 441 ἄφθονον,
590 405 751 433 τπδύπλεον.

53 498 87 531 Τῷ
108 497 222 532 ἀδελφῷ
242 498 341 529 δούλῳ
355 498 428 525 Θεοῦ
456 497 557 531 Πέτρῳ
580 475 745 532 Γρητόριος
759 498 819 523 ἐπί-

0 533 29 565 ”j'
288 540 404 565 σκοπος
429 533 565 566 Νύσσης.

77 591 104 617 Ei
123 592 179 622 ταῖς
191 590 234 616 διὰ
250 590 303 616 τῶν
326 589 475 625 χρημάτων
499 590 594 624 τιμαῖς
617 589 818 624 ἕδειγεραίρειν

48 637 101 668 τοὺς
119 637 176 662 κατ’
202 636 303 671 ἀρετὴν
331 635 516 670 διαφέροντας,
541 636 638 671 μικρὸς
663 636 710 664 ἂν,
727 636 818 667 καθώς

48 690 118 716 φησιν
127 681 141 707 ὁ
155 680 288 716 Σολομὼν,
296 682 355 713 ὅλος
367 683 381 708 6
390 681 490 716 κόσμος
505 681 559 708 τῶν
572 681 717 717 χρημάτων
731 682 817 716 ἐφάνη

49 728 107 764 πρὸς
120 718 148 753 τὸ
160 727 284 761 γενέσθαι
299 727 348 761 τῆς
363 727 412 762 σῆς
434 727 534 762 ἀρετῆς
548 727 711 759 ἱσοστάσιος”
726 727 816 763 ἐπειδὴ

48 772 181 807 κρεῖττονῆ
204 773 275 799 κατὰ
298 772 412 800 πλούτου
429 773 510 808 τιμὴν
529 774 544 808 ἡ
560 773 766 809 χρεωστουμένη
784 775 816 809 τῇ

48 818 176 852 σεμνότητι
207 826 254 844 σου
280 818 358 853 χάρις
377 818 459 845 ἐστίν.
489 819 611 845 Ἀπαιτεῖ
635 818 662 845 δὲ
684 818 716 844 τὸ
741 818 817 853 ἅγιον

47 862 130 897 Πάσχα
142 861 188 897 τὴν
201 862 302 898 συνήθη
313 863 361 898 τῆς
375 863 484 897 ἀγάπης
499 862 675 898 δωροφορίαν,
688 863 720 898 ἦν
733 871 818 897 προσ-

7 617 31 632 νιἚ

0 662 30 679 -Ἤ-

17 946 23 954 !
33 966 35 969 -
46 953 113 985 Θεοῦ,
123 953 280 988 μικρότερον
294 954 343 988 μὲν
356 953 372 988 ἢ
390 954 427 985 ὡς
443 953 516 985 ἄξιον
528 951 595 980 εἷναί
610 963 651 980 σοι
666 955 815 990 προσκομί-

46 998 138 1030 ζεσθαι,
153 999 199 1033 τῆς
211 1007 243 1032 γε
260 999 311 1034 μὴν
321 999 462 1034 δυνάμεως
478 999 553 1034 ἡμῶν
572 999 622 1026 οὐκ
636 999 814 1036 ἐνδεέστερον.

46 1044 77 1070 Τὸ
90 1044 115 1070 δὲ
129 1044 212 1079 δῶρον
238 1044 317 1078 λόγος
333 1045 406 1071 ἐστὶν
417 1065 424 1076 ,
440 1042 494 1071 οἷον
519 1045 625 1080 ἱμάτιόν
645 1054 671 1072 τι
691 1046 817 1082 πενιχρὸν

46 1091 72 1116 ὲκ
85 1092 128 1124 τῆς
144 1090 254 1125 πτωχῆς
281 1091 359 1126 ἡμῶν
384 1091 503 1123 διανοίας
525 1092 574 1118 οὐκ
596 1092 702 1124 ἀπόνως
717 1093 818 1128 ἐξυφα-

46 1135 141 1169 σμένον.
161 1135 193 1162 'H
209 1136 238 1162 δὲ
251 1136 297 1162 τοῦ
311 1136 388 1170 λόγου
413 1136 538 1169 ὑπόθεσις
553 1137 676 1173 τολμηρὰ
690 1139 738 1173 μὲν
753 1139 817 1170 ἴσως

45 1182 92 1212 τοῖς
102 1181 202 1212 πολλοῖς
216 1178 286 1208 εἶναι
296 1182 376 1214 δόξει,
393 1182 460 1218 πλὴν
470 1183 519 1209 οὑκ
535 1182 587 1216 ἔξω
607 1182 652 1210 τοῦ
668 1184 817 1218 πρέποντος

47 1225 172 1260 ἐνομίσθη.
183 1226 272 1257 Μόνος
286 1225 340 1261 γὰρ
349 1226 431 1259 ἀξίως
443 1227 492 1262 τὴν
501 1227 589 1254 κτίσιν
602 1227 648 1254 τοῦ
660 1228 727 1255 Θεοῦ
739 1237 818 1255 κατε-

46 1269 139 1303 νόησεν,
150 1270 163 1295 6
175 1270 247 1296 κατὰ
258 1270 324 1297 Θεὸν
336 1271 455 1303 κτισθεὶς
469 1271 562 1305 ὅντως,
577 1273 623 1298 καὶ
635 1274 663 1299 ὲν
679 1272 761 1299 εἰκόνι
772 1272 817 1299 τοῦ

45 1315 171 1346 κτίσαντος
183 1315 232 1351 τὴν
248 1316 338 1352 ψυχὴν
353 1317 565 1352 μεμορφωμένος
578 1318 725 1351 Βασίλειος,
737 1320 751 1345 ὁ
761 1328 819 1346 κοι-

44 1361 82 1392 νὸς
94 1361 165 1396 ήμῶν
182 1362 273 1398 πατὴρ
291 1363 337 1388 καὶ
353 1363 510 1394 διδάσκαλος
520 1385 526 1396 ,
538 1363 567 1395 ὃς
586 1364 634 1399 τὴν
652 1364 755 1400 ὑψηλὴν
771 1365 818 1391 τοῦ

45 1406 132 1438 παντὸς
139 1407 318 1443 διακόσμησιν
325 1408 457 1443 εὔληπτον
466 1410 522 1439 τοῖς
529 1409 634 1441 πολλοῖς
643 1409 686 1436 διὰ
693 1411 741 1446 τῆς
753 1411 819 1442 ἰδίας

0 1453 11 1466 ·’¹
44 1452 147 1487 Θεωρίας
160 1453 283 1488 ἐποίησε,
298 1454 344 1480 καὶ
362 1455 407 1480 τὸν
423 1455 452 1481 ὲν
471 1456 503 1490 τῇ
517 1455 629 1491 ἀληθινῇ
647 1455 727 1490 σοφίᾳ
746 1456 820 1491 παρὰ

0 1494 10 1510 ⁵³
42 1497 83 1523 τοῦ
105 1497 168 1524 Θεοῦ
184 1499 320 1526 συστάντα
346 1500 446 1535 κόσμον
459 1502 596 1536 γνώριμον
623 1503 678 1534 τοῖς
703 1502 746 1529 διὰ
772 1503 819 1538 τῆς

3 1542 9 1555 “¹
44 1544 163 1576 συνέσεως
177 1546 260 1572 αὑτοῦ
275 1547 307 1581 τῇ
323 1546 424 1582 θεωρίᾳ
439 1548 651 1583 προσαγομὲνοις
664 1550 788 1585 ποιήσας.

663 174 706 201 DE
726 175 866 204 HOMINIS
885 175 1041 203 OPlFlCIO.

831 237 855 264 Α
873 233 1010 267 Gregorius
1030 240 1123 266 magno
1137 232 1273 258 succedens
1286 233 1395 266 pectoris
1415 241 1490 265 ausu,

1602 177 1652 205 126

907 267 1018 299 Perferit
1038 267 1143 302 propria
1166 268 1258 301 (miris
1272 268 1303 293 ab
1321 272 1378 294 arte
1396 269 1500 299 librum,

871 302 992 329 Suaviter
1018 310 1172 328 enumeratis
1200 303 1250 328 ἱδιο
1275 310 1391 329 sermone
1418 303 1515 329 diserto

904 337 1096 372 Admirandum
1113 337 1223 363 hominis
1245 337 1345 371 fabrica
1357 337 1481 372 quidquid
1495 338 1582 366 habet.

923 371 1024 405 Nempe
1050 372 1101 398 olei
1118 372 1207 406 largus
1227 377 1351 406 tanquam
1364 371 1398 399 de
1411 373 1481 406 [ante
1494 374 1600 407 perenni

985 407 1064 434 Rivus
1076 407 1184 441 facundi
1199 407 1284 433 stillat
1301 407 1332 434 ab
1349 416 1392 434 ore
1405 409 1464 434 viri.

870 496 1011 533 Gregorius
1032 498 1166 532 episcopus
1185 498 1279 532 Nyssw
1295 498 1324 525 S.
1350 497 1382 525 D.
1406 497 1485 526 Petro
1505 498 1585 533 fratri
1605 498 1652 525 Dei

1221 541 1303 559 servo.

904 587 931 614 Si
945 591 1026 619 esset,
1038 587 1116 615 Petre
1130 587 1222 620 frater,
1238 589 1264 615 in
1279 596 1353 616 more
1368 588 1486 623 positum
1505 591 1585 624 atque
1602 588 1651 615 ho-

868 633 970 662 minum
1000 634 1145 667 instituto,
1170 639 1199 660 ut
1227 635 1368 662 excellenti
1393 635 1493 662 virtute
1524 635 1652 670 praeditos

868 681 940 707 \‘iros
955 687 1034 714 opum
1051 681 1127 714 quasi
1139 681 1300 715 quibusdam
1315 681 1434 716 praemiis
1445 681 1583 708 ornandos
1599 689 1651 716 pu-

867 729 1005 753 taremus:
1024 725 1095 753 haud
1103 726 1185 754 dubie
1196 734 1229 753 ne
1240 727 1357 754 mtmdus
1368 726 1477 762 quidem
1491 727 1650 753 divitiarum

868 773 993 799 virtutem
1006 776 1080 799 tuam
1093 772 1249 807 :equaverit.
1262 772 1355 800 Liceat
1365 773 1437 800 enim
1450 773 1515 799 mihi
1527 771 1650 799 Salomo-

867 817 910 844 nis
919 817 970 844 hoc
978 818 1038 844 loco
1049 817 1138 844 verbis
1153 818 1191 844 uti
1209 818 1316 852 quando
1323 818 1413 845 debita
1421 818 1468 844 tibi
1480 817 1652 845 sanctissimo

868 862 926 888 viro
934 864 1020 897 gratia
1032 863 1118 896 major
1127 867 1262 897 est,quam
1273 870 1332 897 qua:
1341 863 1479 898 ulloopum
1487 863 1573 897 pretio
1579 863 1653 890 aesti-

47 907 136 942 άγομέν
152 916 196 934 σου
218 909 252 943 τῇ
271 908 493 943 μεγαλοφροσύνῃ
504 929 510 940 ,
529 908 631 943 δῶρον,
647 905 670 934 ὦ
692 908 808 944 ἄνθρωπι

869 907 966 934 manda
990 908 1088 934 veniat.
1108 907 1161 935 Sed
1177 915 1241 935 cum
1255 912 1461 944 sacrosanctum
1480 908 1584 936 Pascha
1603 916 1653 943 po—

868 954 960 985 stulet,
972 958 1000 980 ut
1011 962 1044 980 ex
1056 961 1130 981 more
1145 954 1192 981 tibi
1209 956 1330 982 muneris
1342 955 1454 990 aliquid,
1470 955 1502 982 de
1513 963 1568 990 quo
1578 962 1653 981 amo-

867 1007 924 1026 rem
940 1007 1003 1034 erga
1017 1003 1042 1026 te
1057 1007 1145 1026 meum
1160 1001 1318 1035 perspicias,
1328 1002 1464 1028 tribuam:
1481 1001 1563 1029 ail'ero
1574 1001 1653 1036 quid-

868 1044 928 1070 dam
941 1044 975 1071 ad
987 1049 1013 1072 te
1026 1045 1162 1073 hominem
1174 1047 1333 1080 praeclarum
1345 1066 1352 1079 ,
1364 1047 1472 1082 Deoque
1493 1051 1633 1082 acceptum
1644 1067 1652 1079 ,

868 1098 922 1117 non
946 1091 1012 1118 illud
1031 1091 1138 1126 quidem
1157 1096 1184 1118 te
1203 1091 1325 1126 dignum,
1345 1099 1404 1119 mea
1419 1098 1507 1119 tamen
1523 1092 1653 1120 facultate

869 1145 951 1173 prope
966 1138 1064 1172 majus.
1077 1137 1123 1165 Est
1133 1143 1221 1164 autem
1234 1146 1335 1166 munus
1349 1138 1400 1166 hoc
1414 1142 1538 1165 nostrum
1554 1138 1653 1171 oratio,

868 1184 945 1218 quasi
957 1183 1008 1210 vile
1023 1183 1157 1218 quoddam
1176 1184 1367 1210 vestimentum
1383 1183 1409 1209 in
1420 1190 1538 1218 paupere
1552 1183 1654 1218 ingenii

869 1229 954 1256 nostri
963 1228 1078 1259 ofﬁcina.
1087 1236 1140 1255 non
1153 1234 1242 1255 tamen
1254 1228 1328 1255 nullo
1341 1228 1434 1256 labore
1443 1232 1610 1256 contextum.
1622 1228 1655 1255 Et

868 1282 1024 1309 quanquam
1045 1274 1152 1301 futuros
1182 1275 1314 1306 arbitror,
1330 1275 1376 1309 qui
1395 1274 1536 1302 audaciam
1551 1275 1579 1302 in
1599 1275 1656 1302 ela-

869 1320 990 1347 borando
1015 1320 1060 1347 tali
1089 1327 1171 1354 opere
1189 1321 1245 1347 sint
1271 1320 1470 1355 reprehensuri,
1491 1328 1542 1348 nos
1565 1325 1654 1347 tamen

870 1367 937 1393 nihil
953 1366 980 1393 in
1007 1366 1059 1392 hoc
1085 1366 1219 1392 committi
1244 1366 1375 1393 adversus
1401 1366 1493 1393 decori
1519 1366 1652 1393 rationem

871 1411 993 1446 persuasi
1020 1419 1124 1438 sumus.
1149 1411 1265 1438 Basilius
1285 1413 1376 1444 enim,
1402 1419 1458 1446 quo
1483 1415 1595 1446 uterque
1626 1415 1654 1438 ut

870 1463 946 1494 patre
962 1458 1144 1492 magistroque
1163 1459 1203 1485 usi
1229 1465 1335 1491 sumus,
1361 1458 1449 1485 factus
1475 1458 1548 1484 haud
1572 1457 1655 1484 dubie

871 1504 926 1531 Deo
942 1504 1106 1535 simillimus,
1122 1508 1147 1531 ct
1162 1504 1254 1531 animo
1283 1504 1317 1530 ad
1337 1511 1495 1539 expressam
1520 1503 1654 1530 creatoris

872 1551 1015 1585 imaginem
1041 1549 1237 1581 conformatus,
1266 1549 1340 1577 solus
1354 1549 1475 1584 profecto
1496 1553 1587 1576 creata
1607 1547 1654 1575 Dei

1 1592 7 1612 ἔ
43 1597 84 1623 pro
108 1591 226 1625 ipsorum
256 1595 411 1626 praestantia
439 1594 621 1621 consideravit
644 1600 672 1622 et
699 1595 814 1622 arduum
846 1596 897 1624 hoc
925 1595 1110 1623 universitatis
1142 1603 1234 1623 rerum
1262 1595 1551 1630 elegantissimumque
1577 1594 1654 1629 opiﬁ-

2 1645 4 1650 τ
42 1635 106 1662 cium
131 1637 349 1665 consideratione
378 1646 427 1665 sua
454 1639 495 1665 sic
522 1639 688 1672 illustravit,
716 1646 745 1668 ut
763 1641 829 1668 illud
848 1641 903 1676 jam
932 1640 1125 1676 comprehendi
1156 1641 1261 1667 ratione
1294 1640 1416 1674 cuju5vis
1443 1640 1547 1675 possit;
1573 1643 1654 1674 atque

1 1692 4 1699 ν
41 1681 102 1708 adeo
126 1683 217 1710 mundi
242 1683 337 1718 hujus,
356 1691 420 1711 vera
437 1684 485 1712 Dei
505 1686 637 1720 sapientia
663 1687 776 1721 conditi,
806 1689 987 1724 cognitionem
1011 1687 1152 1715 hominum
1173 1687 1272 1715 animis
1292 1686 1406 1719 indidit.
1434 1694 1504 1722 quos
1530 1686 1654 1713 doctrina

1 1740 2 1743 η
41 1736 84 1755 sua
95 1729 126 1756 ad
141 1738 231 1758 rerum
248 1731 507 1766 contemplationem
525 1732 646 1759 adduxit.

75 1774 162 1810 Ἡμεῖς
187 1776 215 1802 δὲ
243 1776 292 1802 καὶ
315 1776 361 1802 τοῦ
388 1777 536 1812 θαυμάζειν
558 1777 637 1805 αὐτὸν
655 1779 714 1806 κατ’
738 1779 808 1812 ἀξίαι

902 1777 981 1804 llunc
998 1784 1047 1804 nos
1062 1784 1124 1803 cum
1140 1775 1270 1804 admirari
1291 1775 1358 1803 satis
1376 1775 1453 1802 nullo
1465 1775 1544 1803 modo
1560 1784 1654 1811 posse-

39 1820 126 1852 ἐνδεῶς
140 1821 258 1856 ἔχοντες,
271 1821 338 1856 ὁμοῦ
362 1821 392 1847 τὺ
418 1821 509 1848 λεῖπον
531 1823 587 1854 τοῖς
605 1823 816 1858 τεθεωρημένοις

38 1865 73 1901 τῷ
96 1868 203 1902 μεγάλῳ
225 1866 386 1903 προσθεῖναι
412 1867 587 1903 διενοήθημεν
601 1889 609 1901 ,
638 1869 687 1904 οὐχ
712 1870 749 1901 ὡς
772 1878 815 1896 νο-

39 1911 154 1945 θεύοντες
182 1914 216 1940 δι’
249 1913 383 1948 ὑποὸολῆς
413 1914 458 1940 τὸν
489 1915 593 1941 ἐκείνου
629 1915 708 1942 πόνον
736 1916 816 1950 (οὐδὲ

38 1958 87 1992 γὰρ
109 1957 185 1993 θέμις
209 1959 241 1985 τὸ
268 1959 368 1995 ὑψηλὸν
398 1961 486 1986 ἐκεῖνο
513 1960 726 1995 καθυϐρισθῆναι
756 1961 816 1988 στό-

20 2010 26 2022 ι
41 2011 74 2036 μα
99 2005 153 2035 τοῖς
176 2005 322 2040 ἡμετέροις
347 2005 578 2041 ἐπιφημιζόμενον
607 2005 730 2040 λόγοις),
758 2006 815 2032 ἀλλ’

38 2047 71 2079 ὡς
91 2048 126 2084 μὴ
150 2050 238 2076 δοκεῖν
265 2050 360 2085 ἐλλιπῆ
384 2050 431 2076 τοῦ
448 2050 608 2077 διδασκάλου
623 2051 673 2086 τὴν
695 2050 772 2083 δόξαν
787 2051 816 2078 ἐν

20 2087 23 2095 ’
39 2094 89 2124 τοῖς
111 2094 245 2130 μαθηταῖς
270 2096 352 2122 αὐτοῦ
376 2093 455 2123 εἶναι.
473 2097 505 2122 Et
532 2096 586 2132 γὰρ
604 2095 749 2132 λειπούσης
767 2097 816 2131 τῆς

17 2159 22 2168 ,
43 2137 203 2176 Ἐξαημέρου
220 2141 270 2176 τῆς
295 2143 335 2173 είς
351 2142 396 2169 τὸν
413 2142 555 2178 ἄνθρωπον
577 2141 701 2177 θεωρίας,
722 2143 816 2178 μηδεὶς

38 2184 85 2212 τῶν
97 2186 325 2222 μαθητευσάντων
340 2188 413 2224 αὐτῷ
426 2189 543 2222 σπουδήν
554 2197 615 2216 τινα
631 2189 699 2223 πρὸς
709 2188 757 2224 τὴν
768 2188 815 2214 τοῦ

16 2235 20 2246 ι
37 2229 166 2264 λείποντος
185 2233 378 2270 ἀναπλήρωσιν
405 2235 597 2269 είσενέγκαιτο,
613 2234 690 2269 ἔσχεν
720 2234 752 2261 ἂν
776 2234 815 2260 εί-

39 2276 116 2309 κότως
131 2279 200 2306 κατὰ
219 2279 270 2315 τῆς
295 2281 414 2316 μεγάλης
430 2280 513 2308 αὐτοῦ
538 2281 616 2315 δόξης
627 2281 641 2306 ὁ
655 2280 748 2315 μῶμος
768 2279 814 2306 λα-

37 2321 93 2357 ϐὴν,
108 2324 145 2356 ὠς
160 2325 197 2360 μὴ
213 2325 390 2361 βουληθέντος
405 2326 462 2358 ἕξιν
476 2326 537 2353 τινὰ
548 2325 746 2361 κατανοητικὴν
758 2326 815 2356 τοῖς

37 2367 178 2403 ἀκροαταῖς
189 2370 398 2406 ἐνεργάσασθαι.
408 2372 476 2398 Νυνὶ
490 2371 518 2397 δὲ
531 2371 601 2398 κατὰ
612 2371 726 2406 δύναμιν
737 2370 814 2406 ἡμῶν

37 2411 273 2450 ἐπιτολμησάντων
286 2417 319 2452 τῇ
343 2416 470 2452 ἐξηγήσει
489 2416 536 2442 τοῦ
561 2415 708 2447 λείποντος,
723 2417 746 2442 εἰ
764 2415 814 2450 μέν

869 1830 940 1853 mus,
970 1822 1058 1849 visum
1077 1826 1119 1849 est
1146 1821 1268 1856 quaedam
1288 1821 1322 1848 ad
1338 1829 1370 1848 ea
1390 1829 1450 1856 quae
1473 1829 1589 1857 magnus
1610 1823 1655 1850 ille

868 1868 909 1894 vir
927 1866 1078 1902 indagando
1097 1867 1320 1902 pervcstigasset,
1346 1866 1464 1901 adjicere
1482 1876 1489 1894 :
1505 1875 1559 1894 non
1580 1869 1654 1903 quod

869 1914 953 1949 ipsius
977 1913 1095 1940 laborem
1113 1917 1192 1948 partu
1216 1913 1388 1948 supposititio
1411 1914 1597 1941 contaminare
1619 1915 1655 1942 sit

869 1960 986 1992 animus,
999 1958 1108 1994 quando
1125 1959 1202 1987 nefas
1229 1959 1311 1986 fuerit
1325 1959 1562 1994 prwclarissimum
1587 1960 1654 1988 illud

869 2016 900 2035 os
914 2007 981 2034 allici
995 2008 1105 2042 injuria,
1122 2007 1288 2034 celebratum
1303 2005 1426 2032 oratione
1439 2009 1542 2037 nostra,
1559 2006 1606 2033 sed
1624 2010 1654 2032 ut

868 2053 991 2087 magistri
1005 2054 1118 2088 gloriam
1132 2053 1160 2080 in
1174 2051 1316 2087 discipulis
1330 2058 1500 2086 nequaquam
1519 2050 1654 2079 defecisse

869 2100 1037 2127 ostendatur.
1062 2099 1129 2126 Nam
1149 2106 1209 2125 cum
1226 2098 1254 2124 in
1273 2097 1446 2124 enarratione
1463 2104 1574 2131 operum
1592 2105 1653 2132 qum

869 2143 939 2172 Deus
969 2152 1018 2172 sex
1045 2144 1141 2172 diebus
1166 2143 1293 2175 absolvit,
1320 2142 1439 2169 hominis
1470 2142 1651 2170 consideratio

868 2190 955 2223 desit;
981 2190 1004 2218 si
1031 2189 1226 2225 discipulorum
1250 2195 1329 2215 nemo
1354 2187 1405 2214 hac
1425 2187 1453 2213 in
1475 2191 1551 2221 parte
1572 2188 1652 2222 perfi-

868 2236 964 2264 cienda
979 2244 1090 2272 operam
1108 2234 1285 2270 impendisset
1300 2241 1388 2266 suam,
1408 2233 1547 2261 habuisset
1561 2240 1651 2260 causae

868 2282 992 2309 nonnihil
1013 2282 1144 2309 adversus
1161 2281 1289 2308 eximiam
1304 2280 1354 2307 viri
1378 2278 1489 2314 gloriam
1506 2279 1651 2314 reprehen-

868 2334 959 2354 sorum
983 2326 1074 2358 libido,
1093 2326 1171 2361 quasi
1195 2325 1241 2360 qui
1263 2325 1296 2352 ad
1318 2332 1362 2352 res
1378 2324 1467 2351 animo
1484 2323 1650 2358 indagandas

867 2372 1007 2399 auditores
1033 2379 1097 2399 suos
1112 2370 1304 2398 consuefacere
1328 2369 1469 2397 noluisset.
1489 2369 1567 2396 Nunc
1589 2376 1651 2397 cum

868 2425 899 2444 ea
926 2425 977 2444 nos
1007 2424 1068 2451 quae
1095 2417 1212 2450 desunt,
1234 2415 1402 2451 explananda
1427 2415 1567 2449 suscipere
1591 2416 1652 2442 ausi

12 2456 17 2468 λ
36 2466 60 2484 τι
80 2459 198 2487 τοιοῦτον
228 2462 258 2487 ὲν
284 2463 340 2494 τοῖς
363 2462 506 2497 ἡμετέροις
528 2462 669 2497 εὑρεθείη,
685 2459 740 2488 οἷον
765 2462 808 2497 τῆς

869 2464 966 2496 simus,
982 2466 1113 2498 quantum
1125 2463 1232 2497 quidem
1249 2463 1276 2489 in
1294 2462 1373 2489 nobis
1387 2461 1455 2495 erit;
1477 2462 1500 2488 si
1517 2460 1582 2496 quid
1600 2462 1652 2488 hac

37 2504 135 2532 ἐκείνου
157 2507 333 2540 διδασκαλίας
351 2509 388 2544 μὴ
406 2509 512 2541 ἀνάξιον
534 2507 613 2542 εἶναι,
629 2509 668 2540 είς
686 2509 730 2535 τὸν
744 2508 816 2535 διδά-

37 2551 128 2578 σκαλον
149 2553 259 2585 πάντως
284 2554 333 2589 τὴν
357 2554 495 2590 ἀναφορὰν
512 2554 585 2586 ἕξει·
602 2555 626 2580 εί
642 2554 670 2580 δὲ
690 2554 727 2589 μὴ
746 2553 815 2581 καθ-

13 2616 16 2620 ,
37 2595 115 2623 ίκοιτο
129 2598 180 2633 τῆς
196 2600 384 2634 μγαλοφυοῦς
403 2600 517 2636 θεωρίας
532 2601 546 2626 6
571 2600 702 2635 ἡμέτερος
726 2600 814 2634 λόγος,

35 2641 48 2666 ὁ
62 2642 109 2676 μὲν
125 2643 177 2676 ἔξω
199 2645 251 2679 τῆς
268 2646 396 2681 τοιαύτης
415 2646 490 2673 ἔσται
509 2646 674 2681 κατηγορίας
685 2667 692 2679 ,
708 2646 755 2672 τοῦ
778 2646 815 2682 μὴ

13 2690 15 2694 ⁷
36 2687 173 2721 βούλεσθαι
191 2689 280 2718 δοκεῖν
297 2692 352 2722 τοῖς
367 2691 499 2727 μαθηταῖς
513 2691 668 2726 ἐγγενέσθαι
680 2700 706 2718 τι
719 2691 814 2724 δεξιὸν,

12 2766 16 2771 _
35 2732 157 2768 ἐκφυγὼν
173 2735 223 2770 τὴν
240 2736 351 2772 μέμψιν,
368 2737 448 2772 ἡμεῖς
464 2737 485 2763 δ’
500 2737 532 2763 ἂν
545 2737 657 2769 εἰκότως
673 2737 816 2764 ὑπεύθυνοι

35 2777 150 2814 δόξωμεν
167 2782 225 2812 τοῖς
245 2782 468 2816 μωμοσκοποῦσιν
478 2803 485 2814 ,
499 2782 537 2814 ὡς
553 2783 582 2808 οὐ
600 2784 772 2818 χωρήσαντες
787 2783 816 2809 ἐν

7 2836 10 2845 ν
36 2823 72 2857 τῷ
88 2827 236 2861 μικροφυεῖ
250 2827 299 2862 τῆς
313 2828 424 2863 καρδίας
440 2829 519 2863 ἡμῶν
536 2828 583 2855 τοῦ
598 2828 752 2863 καθηγητοῦ
766 2829 815 2864 τὴν

37 2870 138 2904 σοφίαν.
155 2871 235 2899 Ἐστι
249 2872 270 2899 δ’
294 2873 324 2899 οὐ
349 2874 445 2910 μικρὸς
467 2875 481 2900 6
498 2875 673 2910 προκείμενος
693 2876 757 2910 ἡμῖν
777 2876 814 2907 είς

868 2512 961 2536 nostra
986 2509 1014 2535 in
1037 2507 1264 2535 commentatione
1286 2507 1445 2542 reperietur,
1469 2506 1541 2541 quod
1565 2506 1651 2541 ipsius

867 2555 993 2581 doetrina
1010 2561 1065 2581 non
1084 2553 1120 2580 sit
1135 2553 1284 2587 indignum,
1302 2552 1328 2579 id
1345 2560 1425 2580 omne
1446 2552 1551 2580 scilicet
1567 2552 1651 2586 magi-

869 2603 926 2626 stro
951 2602 1091 2633 acceptum
1114 2597 1252 2624 ferendum
1279 2598 1348 2629 erit;
1383 2597 1425 2625 sin
1451 2601 1539 2624 autem
1563 2597 1650 2623 oratio
1697 2621 1700 2624 .

868 2649 960 2671 nostra
973 2643 1223 2678 praastantissimam
1243 2642 1329 2676 ipsius
1342 2642 1369 2668 in
1383 2642 1580 2670 considerando
1594 2642 1648 2668 vim

870 2697 923 2717 non
943 2693 1113 2723 assequetur,
1136 2687 1258 2715 accusari
1282 2688 1326 2715 ille
1347 2695 1515 2722 nequaquam
1530 2687 1647 2718 debebit,

867 2735 945 2770 quasi
964 2735 1141 2762 eruditionem
1162 2734 1303 2768 discipulis
1318 2734 1452 2765 inviderit,
1470 2741 1484 2760 a
1502 2741 1554 2768 qua
1571 2733 1648 2767 culpa

868 2781 1052 2809 alienissimus
1067 2780 1219 2807 censendus
1234 2780 1296 2811 erit,
1313 2785 1393 2814 atque
1402 2780 1469 2806 adeo
1483 2787 1534 2806 nos
1551 2778 1649 2806 merito

869 2831 963 2855 nostro
976 2827 1010 2854 ab
1024 2826 1140 2854 curiosis
1153 2826 1211 2853 istis
1227 2825 1469 2860 rcprehcnsoribus
1483 2825 1520 2851 rei
1539 2832 1648 2859 perage-

870 2881 946 2907 mur,
977 2873 1023 2908 qui
1055 2876 1168 2907 angusto
1198 2876 1308 2907 pectore
1335 2871 1454 2906 magistri
1489 2870 1646 2905 sapientiam
