1919 3069
269 174 318 202 127

867 175 896 205 8.
917 177 1079 207 αηεαοῐιη
1098 179 1243 208 NYSSENI

1844 179 1898 207 {28
1918 190 1919 198 ι

266 241 363 268 capere
378 226 432 261 non
450 233 630 269 potuerimus.
652 233 706 262 Res
720 235 839 270 quidem,
857 236 884 264 in
898 238 1053 266 considera-

1110 240 1218 276 lswpiav
1235 239 1344 272 σκοπὸς,
1361 239 1420 266 οὒδέ
1437 248 1508 272 τινος
1525 238 1579 266 τῶν
1597 239 1626 266 ὲν
1637 239 1733 275 κόσμῳ
1746 238 1896 274 θαυμάτων
1914 227 1919 275 ί

267 280 367 306 tionem
394 287 455 313 qute
485 280 568 312 venit,
599 287 652 307 non
682 281 779 316 exigua
807 286 861 313 est,
892 290 980 318 neque
1006 285 1054 312 ulli

266 332 360 351 earum
380 325 478 353 cedens
495 333 563 361 quas
577 326 620 353 hic
636 326 754 354 mundus
768 326 943 356 admirandas
959 330 1054 357 conti-

268 375 313 398 net
328 380 334 398 :
350 376 431 406 atque
458 371 530 398 haud
551 372 609 400 scio
637 379 671 399 an
694 380 749 400 non
769 374 890 401 omnium
903 393 912 406 ,
936 383 1053 410 quarum

268 417 450 452 cognitionem
472 419 635 453 expetimus,
659 419 789 447 maxima.
808 419 866 446 Non
883 420 955 447 enim
977 422 1053 456 quid-

269 471 350 497 quam
373 471 467 491 eorum
489 465 622 498 omnium,
642 472 704 499 qua:
721 465 748 492 in
762 469 859 493 natura
875 474 964 494 rerum
981 467 1055 495 exsi-

268 512 354 540 stunt,
372 508 418 536 Dei
440 509 473 537 ad
496 509 640 545 imaginem
659 508 760 537 factum
778 515 830 543 est,
853 515 952 546 prater
970 519 1054 539 unum

268 555 321 582 hoc
334 559 466 588 creatum,
481 554 555 590 quod
575 555 712 582 hominem
727 555 855 584 dicimus.
879 555 986 584 Idcirco
1005 557 1053 584 be-

269 600 367 635 nignos
381 600 520 628 auditores
539 601 711 636 perlubenter
727 601 806 628 nobis
821 601 926 628 veniam
941 602 1054 629 daturos

269 645 441 678 conﬁdimus,
459 645 566 673 etiamsi
586 645 665 681 longe
689 645 760 672 intra
783 645 941 680 dignitatem
961 647 1018 674 haec
1039 653 1054 672 a

270 691 348 718 nobis
375 695 556 726 exponantur.
580 691 647 718 Nam
669 692 696 719 in
721 692 782 724 hac,
809 692 917 727 opinor.
943 693 1054 728 inquisi-

269 736 342 764 tione
355 741 450 764 nostra
460 737 527 764 nihil
541 737 661 764 omnium
673 745 767 765 eorum
782 744 842 772 quae
858 737 960 764 homini
976 738 1055 765 initio

268 781 402 809 accidisse
421 782 568 813 credimus,
587 786 614 809 et
627 786 758 810 eventura
769 783 899 817 deinceps
910 788 1055 818 exspecta-

269 835 350 860 mus,
374 831 457 862 atque
486 828 569 855 etiam
592 836 665 856 nunc
696 829 895 864 perspicimus,
927 829 1055 857 omitten-

268 872 332 899 dum
346 873 408 899 erit.
434 872 558 901 Profecto
574 874 645 901 enim
671 874 770 901 merito
791 874 911 902 studium
928 879 1052 902 nostrum

270 919 507 955 reprehensionem
528 920 690 952 incurreret,
711 924 840 955 tanquam
858 920 1054 955 pollicitatione
1070 912 1090 939 Β

269 972 319 992 sua
337 965 416 1000 longe
434 964 560 998 inferius,
577 966 601 994 si
615 966 734 994 hominis
747 967 885 1001 proposita
900 965 1055 994 causidera-

268 1010 343 1038 tione
354 1011 555 1046 relinqueretur
569 1011 681 1046 aliquid,
693 1012 766 1046 quod
781 1012 814 1039 ad
830 1011 986 1039 institutum
1002 1012 1053 1038 hoc

268 1061 394 1084 nostrum
411 1057 524 1085 faceret.
548 1057 692 1085 Enimvero
706 1062 733 1084 et
748 1057 793 1084 illa
812 1066 874 1093 qua:
894 1058 921 1085 in
936 1058 1054 1086 hominis

268 1107 366 1130 natura
382 1111 454 1130 nunc
473 1111 488 1130 a
503 1103 588 1137 primo
604 1103 726 1137 ejusdem
747 1107 820 1131 statu
845 1103 1053 1139 conditioneque

269 1148 378 1176 diversa
395 1156 468 1182 esse,
486 1150 568 1177 rebus
591 1149 629 1176 ita
653 1157 714 1177 sese
730 1148 891 1180 ferentibus,
907 1149 1028 1177 videmus
1044 1157 1052 1177 :

269 1203 330 1222 cum
345 1203 377 1223 ex
403 1203 544 1222 sacrarum
559 1194 721 1222 Litterarum
748 1194 920 1227 auctoritate,
937 1200 992 1222 tum
1010 1202 1054 1222 ra-

270 1241 479 1268 tiocinationum
507 1241 632 1268 acumine
655 1239 806 1274 adjicienda
821 1244 964 1267 erunt:ut
988 1247 1053 1266 con-

272 1291 350 1321 gruat
369 1287 495 1314 universa
513 1287 640 1314 tractatio
660 1287 692 1313 ad
716 1286 812 1313 seriem
828 1290 910 1320 atque
930 1284 1052 1312 ordinem

271 1340 374 1364 rerum,
398 1340 459 1368 quae
482 1332 607 1360 videntur
634 1340 696 1360 esse
720 1332 772 1359 illm
793 1331 902 1367 quidem
926 1331 997 1358 inter
1025 1338 1054 1358 se

272 1377 397 1410 diversae,
407 1378 529 1406 eamdem
547 1382 637 1405 tamen
651 1378 685 1405 ad
704 1383 802 1405 metam
816 1377 948 1404 tendunt:
963 1376 1054 1404 divina

273 1424 400 1452 nimirum
414 1428 549 1460 potestate
567 1432 642 1459 spem
664 1425 745 1452 rebus
763 1428 840 1452 extra
854 1431 961 1450 omnem
980 1430 1054 1457 spem

1103 285 1138 312 τὰ
1159 284 1274 320 δεύτερα
1288 284 1444 320 φερόμενος,
1460 285 1530 319 τάχα
1542 284 1570 310 δὲ
1593 285 1642 311 καὶ
1657 284 1759 319 μείζων
1777 285 1895 311 ἑκάστου
1918 305 1919 315 η

1104 329 1158 356 τῶν
1171 329 1407 365 γιγνωσκομένων,
1421 329 1489 356 διότι
1509 329 1584 356 οὐδὲν
1604 329 1698 363 ἓτερον
1715 329 1778 364 Θεῷ
1793 330 1827 356 εκ
1842 329 1896 355 τῶν
1918 331 1919 343 ‘

1104 376 1187 403 ὅντων
1211 375 1359 412 ὡμοίωται,
1370 376 1439 411 πλὴν
1454 375 1505 411 τῆς
1522 375 1592 403 κατὰ
1605 375 1650 402 τὸν
1668 376 1818 411 ἄνθρωπον
1837 376 1895 402 κτε-

1104 430 1183 454 σεως,
1192 422 1261 448 ὥστε
1271 423 1346 457 παρά
1357 423 1414 454 τοῖς
1427 421 1577 457 εὐγνώμοσι
1592 421 1646 448 τῶν
1662 421 1811 457 ἀκροατῶν
1829 422 1896 456 πρὸ-

1103 475 1194 502 χειρον
1205 467 1269 502 ἡμῖν
1278 467 1327 501 τὴν
1340 467 1385 493 ἐπὶ
1394 468 1451 499 τοῖς
1464 467 1619 502 λεγομένοις
1631 466 1800 502 συγγνώμην
1813 463 1895 497 εἶναι,

1103 511 1156 540 κᾶν
1177 512 1244 539 πολὺ
1259 513 1372 539 κατόπιν
1385 512 1435 547 τῆς
1448 512 1526 545 ἀξίας
1542 514 1556 539 ὁ
1569 513 1645 546 λόγος
1664 512 1748 539 ἔλθοι.
1766 512 1816 538 Δεῖ
1831 512 1895 546 γὰρ,

1103 556 1180 594 οἶμαι
1189 579 1196 590 ,
1209 558 1262 585 τῶν
1272 558 1337 593 περὶ
1349 558 1395 585 τὸν
1411 559 1552 593 ἄνθρωπον
1566 559 1703 589 ἁπάντων,
1712 558 1770 585 τῶν
1782 566 1815 584 τε
1830 566 1897 592 rp!»

1105 602 1269 638 γεγενῆσθαι
1287 603 1522 638 πεπιστευμένων,
1536 603 1583 629 καὶ
1606 602 1660 630 τῶν
1673 601 1836 637 εἰσύστερον
1850 602 1896 627 ἐκ-
1918 614 1919 638 ς

1104 648 1235 684 ὃήσεσθαι
1248 648 1488 683 προσδοκωμένων,
1506 649 1553 675 καὶ
1568 648 1623 674 τῶν
1632 647 1680 674 νῦν
1695 648 1898 683 θεωρουμένων
1918 639 1919 689 ξ

1105 693 1188 728 μηδὲν
1211 693 1375 728 παραλιπεῖν
1394 693 1579 726 ἀνεξέταστον.
1596 691 1634 720 Ἦ
1657 693 1712 729 γὰρ
1734 693 1769 720 ἂν
1788 693 1897 720 ἐλλιπε-

1105 738 1187 773 στέρα
1204 738 1250 764 τοῦ
1275 738 1481 774 ἐπαγγέλματος
1496 740 1512 775 ή
1537 739 1638 775 σπουδὴ
1665 739 1834 774 διελέγχοιτο
1848 760 1857 772 ,
1874 741 1897 765 εἱ

1103 783 1151 811 τοῦ
1167 783 1309 820 ἀνθρώπου
1327 786 1507 821 προκειμένου
1526 787 1559 821 τῇ
1579 785 1698 822 θεωρία,
1714 785 1851 821 παρεθείη
1870 795 1896 811 τι

1103 830 1158 856 τῶν
1171 830 1361 857 συντεινόντων
1386 831 1454 866 πρὸς
1471 830 1520 866 τὴν
1543 830 1681 858 ὑπόθεσιν.
1702 831 1785 858 Ἀλλὰ
1797 831 1848 857 καὶ
1863 830 1897 857 τὰ

1103 875 1232 902 δοκοῦντα
1259 877 1323 911 περὶ
1337 876 1417 903 αὑτὸν
1431 877 1559 908 ἐναντίως
1582 876 1664 911 ἔχειν,
1686 876 1729 903 διὰ
1746 877 1777 903 τὸ
1796 877 1834 912 μὴ
1863 876 1898 902 τά
1918 907 1919 915 γ

1103 921 1173 948 αὺτά
1191 923 1246 952 τοῖς
1259 921 1289 954 ἐξ
1303 923 1389 958 ἀρχῆς
1404 923 1610 958 γεγενημένοις,
1625 923 1671 950 καὶ
1689 923 1738 950 νῦν
1759 923 1824 958 περὶ
1847 924 1897 958 τὴν
1918 918 1919 941 ί

1103 965 1185 1000 φύσιν
1204 968 1319 1003 ὁρᾶσθαι
1339 968 1383 995 διὰ
1401 977 1473 1000 τινος
1492 969 1643 1003 ἀναγκαίας
1665 969 1829 1000 ἀκολουθίας
1845 977 1853 983 ·
1866 969 1896 994 ἔκ

1103 1021 1133 1039 τε
1157 1012 1208 1047 τῆς
1223 1013 1361 1048 γραφικῆς
1377 1012 1539 1048 ὑφηγήσεως
1552 1012 1599 1039 καὶ
1620 1013 1652 1038 ὲκ
1667 1012 1717 1047 τῆς
1734 1012 1813 1048 παρὰ
1840 1012 1897 1038 τῶν

1103 1057 1240 1092 λογισμῶν
1255 1057 1452 1092 εὐρισκομένης
1474 1057 1596 1089 ἐπινοίας
1612 1057 1780 1092 συναρτῆσαι
1810 1065 1897 1091 προσ-

1102 1104 1176 1140 ήκει,
1192 1104 1230 1136 ὡς
1250 1105 1284 1131 ἂν
1304 1104 1447 1139 συμϐαίνοι
1461 1105 1536 1130 πᾶσα
1551 1105 1568 1139 ἡ
1592 1104 1719 1136 ὑπόθεσις
1740 1103 1830 1139 εἱρμῷ
1850 1103 1898 1129 καὶ

1103 1150 1178 1183 τάξει
1196 1150 1250 1176 τῶν
1266 1150 1394 1182 ἐναντίως
1421 1150 1492 1185 ἔχειν
1511 1149 1660 1176 δοκούντων
1676 1149 1743 1185 πρὸς
1757 1149 1786 1175 ἓν
1801 1149 1850 1175 καὶ
1868 1149 1897 1174 τὺ

1105 1193 1170 1219 αὐτὸ
1184 1193 1270 1228 πέρας
1287 1193 1589 1229 συμφερομένων,οὖτω
1604 1194 1651 1221 καὶ
1663 1194 1711 1230 τῆς
1724 1193 1801 1226 θείας
1815 1193 1896 1220 δυνά-

1106 1246 1178 1274 μεως
1191 1238 1287 1265 ἐλπίδα
1302 1240 1357 1270 τοῖς
1374 1239 1442 1274 ὑπὲρ
1466 1239 1570 1272 ἐλπίδα,
1583 1239 1630 1265 καὶ
1654 1239 1736 1274 πόρον
1754 1240 1811 1270 τοῖς
1823 1239 1897 1273 ἀμη-

1105 1285 1196 1320 χάνοις
1217 1284 1440 1320 ὲφευρισχούσης.
1459 1284 1610 1319 Σαφηνείας
1640 1283 1668 1311 δὲ
1693 1284 1774 1319 χάριν
1804 1283 1896 1314 καλῶς

1106 1330 1179 1365 ἔχειν
1194 1330 1296 1366 ᾠήθην,
1305 1330 1350 1356 ἐπὶ
1364 1330 1517 1364 κεφαλαίων
1531 1339 1572 1356 σοι
1585 1330 1725 1366 προθεῖναι
1741 1330 1788 1356 τὸν
1804 1329 1895 1363 λόγον,

1107 1376 1145 1407 ὡς
1158 1375 1190 1402 ἂν
1207 1375 1277 1411 ἔχοις
1304 1375 1393 1411 πάσης
1417 1376 1467 1411 τῆς
1486 1375 1676 1411 πραγματείας
1697 1376 1726 1402 ὲν
1742 1375 1828 1410 ὀλίγῳ
1842 1375 1897 1401 τῶν

1108 1422 1273 1449 καθέκαστον
1286 1422 1507 1457 ἐπιχειρημάτων
1519 1422 1618 1448 εἰδέναι
1630 1421 1680 1457 τὴν
1697 1421 1842 1448 ὑπόθεσιν.

269 1471 382 1506 positis,
404 1475 432 1500 et
450 1472 553 1500 exitum
573 1472 707 1507 perplexis
732 1471 895 1499 inveniente.
919 1471 1051 1498 Caeterum
1084 1469 1154 1497 lucis
1175 1477 1208 1496 ac
1227 1469 1431 1505 perspicuitatis
1451 1470 1539 1504 gratia
1557 1470 1644 1496 visum
1668 1474 1710 1497 est
1729 1469 1828 1504 paucis
1858 1475 1898 1495 ca-

273 1519 374 1555 pitibus
402 1527 458 1548 rem
475 1527 583 1548 omnem
609 1519 658 1547 tibi
678 1519 823 1554 subjicere,
843 1526 897 1554 quo
923 1518 1091 1554 singulorum
1109 1522 1329 1553 argumentorum
1353 1518 1438 1546 totius
1461 1517 1698 1545 commentationis
1720 1517 1785 1549 vim,
1808 1515 1899 1543 brevi-

272 1567 324 1594 bus
336 1566 426 1594 verbis
435 1565 660 1601 comprehensam
674 1566 828 1600 perspicere
841 1565 945 1600 liquido
956 1563 1056 1600 possis.

526 1622 642 1651 CAPUT
659 1622 803 1650 PRIMUM.

274 1668 306 1696 In
316 1677 366 1704 quo
387 1669 419 1696 de
442 1668 539 1696 munda
558 1666 737 1704 particulatim
761 1668 911 1700 disseritur,
930 1667 1060 1702 jucunde—

307 1713 357 1739 que
369 1713 401 1731 ea
414 1712 473 1739 qua:
489 1704 602 1732 horm'nis
619 1710 706 1731 ortum
720 1712 885 1739 prwceasere,
906 1709 1059 1730 commemo-

308 1744 412 1766 rantur.

309 1785 360 1812 llic
369 1790 421 1817 est,
434 1785 560 1820 inquiunt
569 1785 677 1812 Litterae
692 1792 786 1818 sacra},
801 1785 870 1812 liber
881 1784 915 1812 de
922 1788 982 1811 ortu
996 1784 1057 1811 ειειί

274 1838 307 1857 ac
325 1835 414 1857 terrae-
432 1829 469 1856 Eo
485 1830 613 1857 nimirum
626 1835 756 1866 tempore,
780 1830 910 1865 quidquid
926 1829 1057 1860 cernitur,

275 1876 425 1911 perlectum
443 1876 494 1904 l'uit
510 1886 516 1903 :
533 1881 614 1911 atque
633 1881 723 1904 creata
740 1876 846 1910 singula
866 1879 971 1903 secreta
990 1875 1060 1902 inter

274 1921 316 1954 sc,
342 1930 421 1950 suum
440 1923 565 1958 quaelibet
586 1923 613 1950 iu
636 1923 724 1950 locum
751 1922 975 1957 commigrarunt,
1001 1928 1058 1948 cm-

276 1969 396 2004 lesteque
409 1975 509 2004 corpus
525 1969 591 1996 orbe
611 1975 661 1996 suo
674 1969 800 1996 universa
812 1967 1058 2002 complectebatur;

275 2015 404 2051 gravibus
418 2022 450 2042 ac
468 2015 594 2043 deorsum
609 2015 783 2049 vergentibus
795 2015 967 2049 corporibus,
986 2017 1059 2041 terra

275 2065 303 2089 et
323 2068 404 2096 aqua,
420 2060 581 2089 mediumin
603 2068 693 2088 rerum
716 2059 890 2087 universitate
910 2060 997 2086 locum
1012 2067 1059 2087 oc-

276 2108 449 2143 cupantibus,
473 2108 653 2142 amplexuque
675 2111 770 2134 mutuo
793 2114 823 2134 se
844 2106 1057 2134 continentibus.

277 2153 362 2181 lndita
375 2158 431 2180 tum
446 2157 488 2180 est
504 2157 607 2180 natura:
621 2160 710 2180 rerum
725 2151 816 2179 divina
832 2151 955 2187 quaedam
970 2159 1015 2178 ars
1028 2158 1059 2178 ac

276 2200 410 2232 facultas,
434 2207 495 2235 quae
517 2207 562 2227 res
591 2198 715 2226 conditas
739 2197 816 2233 quasi
841 2204 910 2224 nexu
941 2197 1059 2232 quodam

277 2244 411 2271 stabilitas
428 2247 610 2278 perpetuaret,
628 2242 784 2278 duplicique
804 2242 830 2269 vi
846 2245 944 2268 cuncta
968 2241 1060 2269 mode-

1314 1617 1512 1645 ΚΕΦΑΛΑΙΟΝ
1538 1616 1684 1644 ΠΡΩΤΟΝ.

1116 1659 1202 1703 Ἐνίῷ
1218 1663 1460 1703 τίς-ἐστι-ιέερηςὴ
1475 1664 1541 1703 περ)
1553 1664 1606 1690 τοῦ
1617 1664 1733 1703 κόσμρυ
1743 1666 1898 1703 ,φυσιολο-

1145 1699 1204 1734 για,
1222 1700 1271 1726 καί
1281 1708 1325 1734 τις
1335 1699 1476 1733 ἁδροτέρα
1488 1699 1628 1733 διήγησις
1638 1699 1703 1733 περὶ.
1719 1699 1780 1725 τῶν
1793 1707 1898 1734 πρωτε-

1144 1734 1276 1769 γονότων
1291 1733 1347 1768 τῆς
1361 1734 1414 1761 τοῦ
1429 1734 1586 1768 ἀνθρώπου
1597 1735 1753 1768 γενέσεως.

1143 1778 1217 1814 Αὕτη
1232 1779 1248 1814 ἡ
1263 1778 1353 1814 βίϐλος
1367 1779 1499 1813 γενέσεως
1513 1779 1627 1814 οὐρανοῦ
1645 1779 1690 1805 καὶ
1701 1779 1763 1814 γῆς,
1780 1778 1867 1813 φησὶν
1883 1780 1898 1813 ἡ

1109 1823 1212 1859 Γραφή·
1225 1824 1270 1850 ὅτε
1281 1824 1456 1858 συνετελέσθη
1472 1824 1525 1850 πᾶν
1540 1824 1570 1850 τὸ
1584 1823 1752 1858 φαινόμενον,
1768 1825 1817 1851 καὶ
1829 1824 1899 1860 πρὸς

1107 1867 1156 1903 τὴν
1175 1868 1278 1895 οἰκείαν
1294 1868 1369 1895 θέσιν
1382 1868 1496 1895 ἕκαστον
1510 1869 1565 1895 τῶν
1581 1870 1663 1896 ὅντων
1680 1871 1830 1906 ἀποκριθὲν
1849 1872 1899 1898 ἁν-

1109 1914 1261 1950 εχώρησεν·
1277 1915 1321 1942 ὅτε
1336 1915 1481 1950 περιέσχεν
1496 1916 1523 1941 έν
1538 1915 1631 1951 κύκλῳ
1648 1916 1683 1942 τά
1697 1917 1786 1944 πάντα
1803 1917 1834 1943 τὸ
1851 1918 1898 1944 οὑ-

1110 1961 1200 1996 ράνιον
1211 1961 1298 1996 σῶμα,
1311 1961 1360 1996 τὴν
1370 1961 1397 1987 δὲ
1412 1960 1496 1995 μέσην
1503 1960 1549 1986 τοῦ
1562 1961 1661 1992 παντὸς
1670 1962 1791 1988 ἀπέλαϐε
1803 1961 1898 1997 χώραν

1109 2006 1143 2033 τὰ
1163 2006 1247 2042 βαρέα
1263 2006 1309 2032 καὶ
1329 2007 1473 2041 κατωφερῆ
1490 2005 1544 2032 τῶν
1561 2006 1705 2040 σωμάτων,
1731 2007 1767 2042 γῆ
1792 2016 1823 2034 τε
1849 2008 1898 2034 καὶ

1109 2051 1191 2086 ὕδωρ,
1208 2053 1237 2079 ὲν
1251 2052 1374 2088 ἀλλήλοις
1387 2052 1613 2088 ὃιακρατούμενα.
1635 2052 1787 2088 Σύνδεσμος
1807 2053 1836 2080 δέ
1858 2062 1899 2085 τις

1109 2099 1155 2125 καὶ
1169 2098 1311 2134 βεϐαιότης
1323 2099 1377 2125 τῶν
1391 2099 1580 2134 γεγενημένων
1594 2099 1610 2134 ἡ
1623 2099 1682 2125 οεία
1695 2099 1776 2134 τέχνη
1790 2100 1838 2126 καὶ
1854 2099 1900 2125 δύ-

1109 2152 1191 2178 ναμις
1206 2145 1237 2178 τῇ
1251 2143 1330 2178 φύσει
1347 2144 1400 2171 τῶν
1414 2143 1497 2171 ὅντων
1514 2145 1672 2180 ὲναπετέθη,
1690 2145 1797 2177 διπλαῖς
1818 2147 1899 2181 ἐνερ-

1109 2189 1196 2223 γείαις
1214 2189 1356 2224 ήνιοχοῦσα
1371 2189 1405 2216 τὰ
1419 2190 1515 2216 πάντα.
1533 2191 1629 2217 Στάσει
1645 2191 1699 2224 γὰρ
1719 2191 1767 2217 καὶ
1790 2192 1900 2226 κινήσει

1110 2233 1159 2269 τὴν
1171 2233 1276 2268 γένεσιν
1287 2235 1342 2265 τοίς
1356 2235 1393 2270 μὴ
1408 2232 1476 2265 οὖσι.
1492 2235 1538 2262 καὶ
1551 2235 1599 2270 τὴν
1609 2235 1738 2270 διαμονὴν
1751 2236 1810 2267 τοῖς
1822 2234 1900 2262 οὖσιν

276 2295 393 2319 raretur.
419 2290 485 2317 Nam
504 2290 593 2325 quiete
612 2296 644 2317 ac
664 2293 738 2316 motu
751 2287 876 2316 effectum
903 2291 954 2320 est,
969 2291 999 2314 ut
1018 2295 1057 2316 res

1112 2281 1315 2315 ἐμηχανήσατο,
1341 2281 1405 2316 περὶ
1432 2281 1461 2307 τὸ
1488 2280 1557 2315 βαρὺ
1583 2281 1631 2308 καὶ
1655 2280 1821 2316 ἀμετάθετον
1849 2281 1900 2316 τῆς

278 2336 393 2364 necdum
415 2336 577 2363 exsistentes
600 2335 746 2364 orirentur,
774 2337 800 2360 et
824 2337 891 2360 orta:
915 2340 1061 2360 conserva—

279 2386 384 2413 rentur,
401 2388 463 2407 cum
487 2380 560 2407 circa
576 2386 620 2406 res
646 2379 778 2413 gravitate
799 2377 901 2410 ﬁrmas,
924 2385 956 2404 ac
972 2382 1061 2406 motus

279 2427 368 2454 omnis
400 2429 545 2460 expertes,
563 2424 645 2452 veluti
668 2425 740 2451 circa
768 2423 885 2451 solidum
916 2423 1061 2458 quemdam

279 2479 369 2503 axem,
385 2470 543 2498 celerrimus
558 2469 612 2504 poli
633 2473 723 2496 motus
745 2468 832 2496 instar
845 2473 911 2496 rota:
934 2468 1061 2502 ferretur,

279 2523 308 2545 et
323 2521 417 2545 mutua
433 2516 511 2552 quasi
537 2523 587 2550 ope
612 2519 698 2542 semet
714 2515 772 2542 hare
792 2519 921 2550 perpetuo
939 2516 1063 2544 contine-

281 2567 357 2595 rent;
372 2565 469 2589 natura
485 2569 545 2596 quae
560 2561 586 2588 in
603 2561 694 2588 orbem
710 2561 810 2596 agitur,
826 2561 910 2589 veloci
926 2566 999 2589 motu
1013 2570 1064 2590 suo

281 2613 360 2637 terra:
384 2606 547 2634 densitatem
570 2607 690 2642 undique
712 2607 862 2642 complexa,
888 2614 921 2634 ac
943 2607 1063 2636 vicissim

280 2653 362 2683 rebus
379 2652 464 2680 firmis
481 2653 610 2688 nullaque
628 2660 663 2680 ex
680 2657 757 2687 parte
771 2652 942 2685 cedentibus,
967 2654 1064 2681 immo-

283 2698 329 2726 bili
354 2697 491 2725 soliditate
505 2705 554 2724 sua
572 2697 776 2725 conversionem
787 2698 945 2726 volubilium
964 2707 1064 2736 augen-

281 2745 364 2772 tibus.
393 2743 482 2780 Atque
506 2743 548 2772 his
572 2744 653 2772 rebus
682 2743 789 2771 diversa
814 2744 839 2771 vi
855 2750 881 2771 et
907 2745 1066 2777 eliicacitate

283 2790 412 2825 praeditis,
435 2794 538 2818 natura:
550 2790 676 2818 videlicet
697 2790 838 2822 immobili,
858 2796 885 2818 et
897 2792 973 2820 alteri
989 2795 1066 2828 quie-

282 2837 318 2864 tis
332 2836 447 2872 experti,
467 2844 516 2871 par
530 2837 639 2872 quidem
657 2837 727 2864 inest
750 2841 894 2872 utramque
915 2838 941 2864 in
960 2843 1064 2872 partem

282 2892 422 2914 excessus.
434 2885 500 2913 Nam
513 2892 599 2913 ncuue
613 2889 685 2913 terra
698 2892 817 2920 unquam
831 2892 844 2912 a
856 2885 1003 2913 stabilitate
1016 2893 1065 2914 sua

1112 2326 1240 2361 ἀκινήτου
1260 2325 1380 2360 φύσεως,
1395 2324 1449 2353 ο⁷ον
1469 2326 1532 2362 περί
1551 2334 1612 2352 τινα
1626 2326 1723 2359 πάγιον
1735 2325 1830 2358 ἄξονα,
1848 2328 1900 2362 τὴν

1112 2371 1243 2406 ὀξυτάτην
1257 2371 1305 2398 τοῦ
1320 2372 1401 2398 πόλου
1418 2372 1525 2407 κίνησιν
1551 2372 1648 2407 τροχοῦ
1663 2372 1740 2407 δίκην
1758 2372 1788 2399 ἐν
1805 2372 1900 2407 κύκλῳ

1112 2416 1341 2453 περιελαύνουσα,
1357 2417 1404 2444 καὶ
1422 2417 1456 2444 δι’
1473 2417 1595 2453 ἀλλήλων
1613 2418 1779 2453 ἀμφοτέροις
1801 2425 1901 2454 συντη-

1114 2463 1198 2499 ροῦσα
1214 2463 1245 2490 τὸ
1260 2463 1399 2490 ἀδιάλυτον
1409 2472 1416 2478 ·
1435 2463 1483 2498 τῆς
1494 2471 1524 2489 τε
1539 2463 1792 2499 κυκλοφορουμένης
1805 2464 1901 2496 οὐσίας

1116 2509 1159 2536 διὰ
1172 2509 1222 2544 τῆς
1239 2508 1326 2541 ὀξείας
1343 2509 1474 2544 κινήσεως
1484 2509 1515 2535 τὸ
1527 2508 1622 2535 ναστὸν
1636 2508 1684 2543 τῆς
1699 2508 1750 2543 γῆς
1764 2509 1794 2534 ὲν
1807 2508 1900 2544 κύκλῳ

1117 2555 1366 2592 περισφιγγούσης,
1385 2555 1432 2582 τοῦ
1457 2563 1488 2581 τε
1505 2553 1618 2590 περῤοὖ
1633 2555 1681 2581 καὶ
1696 2554 1838 2581 ἀνενδότου
1857 2555 1901 2582 διὰ

1115 2603 1164 2638 τῆς
1178 2601 1344 2637 ἀμεταθέτου
1357 2601 1521 2636 παγιότητος
1531 2600 1709 2632 ἀδιαλείπτως
1720 2600 1901 2632 ἐπιτείνοντος

1115 2649 1169 2676 τῶν
1186 2649 1249 2685 περὶ
1270 2649 1355 2684 αὐτὴν
1375 2647 1566 2683 κυκλουμένων
1589 2647 1639 2682 τὴν
1657 2647 1770 2681 δίνησιν.
1792 2647 1853 2681 ’Ίση
1871 2647 1899 2674 δὲ

1116 2695 1175 2722 καθ’
1198 2695 1325 2729 ἑκάτερον
1349 2693 1402 2720 τῶν
1427 2695 1486 2725 ταῖς
1511 2692 1660 2729 ἐνεργείαις
1680 2691 1860 2727 διεστηκότων
1883 2693 1898 2727 ἡ

1118 2740 1252 2776 ὑπερϐολὴ
1266 2740 1475 2776 ὲναπειργάσθη,
1488 2741 1522 2775 τῇ
1535 2749 1564 2766 τε
1577 2739 1699 2775 στασίμῳ
1713 2739 1792 2773 φύσει
1806 2739 1852 2766 καὶ
1866 2741 1896 2773 τῇ

1118 2788 1226 2821 ἀστάτῳ
1241 2787 1387 2822 περιφορᾷ.
1405 2786 1472 2812 Οὔτε
1487 2785 1540 2821 γὰρ
1554 2786 1571 2820 ὴ
1589 2786 1623 2820 γῆ
1645 2786 1693 2820 τῆς
1710 2784 1776 2816 ίδίας
1797 2783 1897 2818 βάσεως

1121 2833 1306 2866 μετατίθεται,
1324 2832 1386 2859 οὒτε
1402 2833 1416 2858 ὁ
1437 2831 1548 2866 οὐρανός
1569 2840 1634 2858 ποτε
1653 2831 1684 2857 τὸ
1704 2830 1818 2865 σφοδρὸν
1833 2830 1895 2857 ἐνδί-

1119 2879 1183 2907 δωσι
1197 2879 1242 2905 καὶ
1254 2878 1376 2914 ὑποχαλᾷ
1388 2877 1436 2912 τῆς
1451 2877 1590 2912 κινήσεως.
1603 2876 1694 2904 Ταῦτα
1704 2875 1731 2903 δὲ
1746 2877 1791 2903 καὶ
1807 2875 1894 2911 πρῶτα
