1919 3069
47 71 96 102 fit)

667 77 709 104 DE
729 77 869 105 IIOMINIS
887 79 1043 108 OPIFICIO.

1633 83 1682 111 17:0

38 132 118 160 κατὰ
134 132 187 169 τὴν
201 133 251 160 τοῦ
271 135 452 172 πεποιηκότος
470 136 575 170 σοφίαν,
589 133 644 163 οἷόν
659 145 700 168 τις
711 137 782 173 ἀρχὴ
796 137 844 164 τοῦ

897 139 1026 168 dimoveri
1049 145 1152 177 potest;
1172 148 1260 176 neque
1276 140 1374 168 cmlum
1399 140 1432 167 de
1447 141 1605 169 vehemente
1626 151 1680 169 tuo-

14 215 22 219 _
36 180 152 211 παντὸς
177 182 377 217 μηχανήματος
397 183 654 218 προκατεσκευάσθη
675 183 729 210 τῶν
749 183 844 214 ὄντων,

32 225 212 258 δεικνύντος,
231 223 322 261 οἶμαι,
338 227 384 254 τοῦ
410 227 527 263 μεγάλου
551 228 671 260 Μωσέως
691 228 734 254 διὰ
747 227 794 254 τοῦ
815 229 844 254 ἐν

35 271 117 306 ἀρχῇ
137 271 186 297 τὸν
204 272 320 306 οὐρανὸν
336 272 383 299 καὶ
404 272 454 308 τὴν
468 273 520 307 γῆν
533 273 607 308 παρὰ
621 273 668 299 τοῦ
683 273 750 299 Θεοῦ
764 281 845 307 γεγε.

36 316 150 350 νῆσθαι
164 317 251 343 εἰπεῖν
261 337 268 349 ,
286 318 327 344 ὅτι
349 317 481 353 κινήσεώς
494 326 524 344 τε
539 319 586 345 καὶ
604 318 724 351 στάσεως
746 318 843 353 ἔκγονα

33 362 74 388 τὰ
91 363 125 389 ὲν
141 364 176 398 τῇ
194 363 283 390 κτίσει
301 364 450 398 φαινόμενα
467 365 569 396 πάντα,
586 364 621 391 τὰ
638 365 708 392 κατὰ
722 366 753 392 τὸ
773 366 844 393 θεῖον

36 407 177 443 βούλημα
193 409 371 444 παραχθέντα
391 410 431 441 εἰς
448 409 565 443 γένεσιν.
586 409 640 436 Τοῦ
658 409 747 437 τοίνυν
759 411 842 446 οὐρα-

35 453 87 480 νοῦ
107 455 163 481 καὶ
175 456 224 490 τῆς
243 455 295 490 γῆς
309 455 342 481 ὲκ
357 455 502 491 διαμέτρου
525 455 593 490 πρδς
607 455 709 491 ἄλληλα
727 456 798 483 κατὰ
812 456 843 484 τδ

35 499 173 526 ἐναντίον
189 500 239 534 τῆς
259 500 397 535 ἐνεργείας
417 500 605 534 διεστηκότων,
623 501 640 535 ἡ
662 500 764 536 μεταξὺ
784 501 841 528 τῶν

34 546 181 572 ἐναντίων
200 546 289 578 κτίσις
307 547 337 572 ὲν
364 546 441 582 μέρει
460 546 515 572 τῶν
543 547 751 582 παρακειμένων
777 555 842 581 μετ-

36 591 162 625 έχουσα.
175 591 209 617 δι’
220 592 320 627 ἑαυτῆς
332 591 467 627 μεσιτεύει
475 593 531 623 τοῖς
541 592 645 626 ἄκροις,
657 592 694 624 ὡς
706 593 738 619 ἂν
749 592 842 627 ἐπίδη-

35 636 87 662 λον
104 637 238 670 γενέσθαι
255 637 304 672 τὴν
321 637 388 672 πρὸς
402 637 503 673 ἄλληλα
525 637 578 664 τῶν
593 637 722 665 ἐναντίων
736 638 780 664 διὰ
793 638 840 665 τοῦ

37 682 135 716 μέσου
152 683 310 717 συνάφειαν.
331 683 368 709 Τὸ
383 683 437 719 γὰρ
453 683 607 719 ἀεικίνητον
621 685 667 710 καὶ
680 684 778 711 λεπτὸν
791 684 841 720 τῆς

37 728 195 762 πυρώδους
207 729 300 760 οὐσίας
318 731 440 764 μιμεῖται
460 730 508 765 μὲν
525 739 583 762 πως
602 730 616 756 ὁ
631 730 694 766 ἀὴρ,
710 730 739 757 ἐν
757 739 786 756 τε
800 730 840 766 τῷ

37 774 145 810 κούφῳ
165 775 214 810 τῆς
228 775 335 809 φύσεως
352 775 451 811 καὶτῷ
469 776 536 811 πρὸς
549 776 597 811 τὴν
620 777 725 812 κίνησιν
747 777 840 812 ἐπιτη-

898 188 942 212 tus
956 185 1057 220 impetu
1075 186 1224 221 quidquam
1244 185 1366 213 remittit.
1383 185 1444 211 ﬂare
1460 186 1545 220 prima
1562 187 1683 214 omnitun

897 231 1028 258 exstitere
1044 232 1071 258 in
1089 236 1150 258 ortu
1169 239 1270 262 rerum,
1289 232 1394 258 volente
1406 231 1538 258 creatoris
1551 233 1682 266 sapientia

896 285 999 305 esseea
1025 278 1161 313 quoddam
1181 277 1286 304 initium
1311 277 1410 312 opificii
1433 278 1486 305 sui.
1507 277 1598 312 Itaque
1626 287 1682 305 ma-

896 331 978 358 gnum
997 323 1071 350 illum
1093 323 1196 355 Mosen.
1216 331 1277 351 cum
1300 324 1338 350 ait
1355 323 1433 351 initio
1454 323 1552 351 coelum
1569 331 1600 352 ac
1627 328 1684 351 ter-

897 375 954 395 ram
973 367 1055 395 Deum
1074 368 1239 401 condidisse,
1269 367 1321 395 hoc
1345 368 1466 395 indicare
1488 368 1608 395 voluisse
1626 369 1684 396 exi-

897 413 979 440 stimo
997 421 1003 440 :
1019 421 1065 440 res
1084 413 1237 445 universas.
1253 421 1313 448 qua:
1328 413 1399 440 inter
1413 416 1503 440 creata
1521 418 1681 446 cernuntur,

895 456 982 491 deque
1011 458 1150 484 voluntate
1180 465 1212 484 ac
1237 458 1371 484 sententia
1403 456 1450 484 Dei
1474 463 1574 484 exortae
1600 462 1681 491 sunt,

895 509 909 527 a
928 507 1001 528 motu
1018 506 1045 528 et
1065 503 1156 536 quiete
1178 502 1314 537 profectas
1337 510 1408 530 esse.
1425 504 1513 538 Atque
1537 504 1588 530 hoc
1602 508 1682 538 pacto

895 547 965 574 coelo
989 551 1016 574 et
1034 551 1105 574 terra
1121 555 1153 575 ex
1177 547 1309 575 diametro
1330 547 1402 574 inter
1417 555 1447 575 se
1460 548 1599 575 contraria
1617 548 1682 575 alle-

894 592 986 619 ctione
999 592 1208 624 dissidentibus,
1224 596 1315 620 creata
1334 598 1441 624 caetera,
1459 601 1519 628 quae
1533 593 1576 621 bis
1596 594 1678 620 inter-

892 637 962 672 jecta
978 643 1052 669 sunt,
1071 645 1133 664 cum
1154 638 1278 665 nonnihil
1293 645 1355 665 cum
1372 639 1454 666 rebus
1474 638 1525 666 sibi
1546 638 1682 673 contiguis

893 692 1040 712 commune
1056 685 1184 717 habeant,
1205 685 1275 713 inter
1288 689 1409 712 extrema
1434 685 1479 711 illa
1499 690 1585 712 semet
1600 685 1680 719 quasi

894 730 1081 766 interponunt,
1106 735 1136 757 ut
1160 731 1238 758 facile
1263 735 1392 766 appareat
1416 738 1469 765 qtto
1486 735 1565 765 pacto
1581 738 1629 765 per
1648 738 1680 757 ea

893 782 954 808 quae
983 775 1072 802 media
1098 776 1169 802 inter
1198 775 1257 802 haec
1276 775 1442 806 cousistunt,
1464 782 1506 802 res
1534 775 1680 808 caeteroqui

38 820 123 852 δείως
138 821 222 855 ἔχειν.
237 821 273 848 Οὐ
286 821 340 857 μὴν
355 822 473 854 τοιοῦτός
490 823 573 855 ἐστιν,
593 819 649 854 οἷος
662 823 711 858 τῆς
725 823 793 858 πρὸς
804 823 839 850 τὰ

897 819 1055 847 iissidentes
1088 824 1183 847 mutuo
1204 823 1417 847 connectantur.
1436 819 1503 846 Nam
1531 827 1578 846 aer
1600 820 1681 846 modo

39 867 136 900 πάγια
162 867 324 901 συγγενείας
349 867 570 903 ἀλλοτριοῦσθαι,
595 867 657 894 οὔτε
681 867 725 894 ἀεὶ
752 868 839 903 μένων

39 913 187 949 ἀκίνητος,
205 913 267 940 οὕτε
291 914 436 946 διαπαντὸς
455 914 524 950 ῥέων
540 915 587 941 καὶ
610 914 818 949 σκεδαννύμενος
831 923 839 930 ·

40 958 116 984 ἀλλὰ
126 960 160 994 τῇ
170 958 237 994 πρὸς
245 959 338 994 ἕτερον
344 959 488 994 οἰκειότητι
499 957 553 986 οἷόν
564 968 589 985 τι
600 958 777 994 μεθόριοντῆς
787 959 840 985 τῶν

40 1003 198 1039 ἐνεργειῶν
210 1005 395 1039 ἐναντιότητος
409 1004 522 1038 γίνεται,
533 1004 628 1038 μιγνὺς
644 1004 700 1039 ἅμα
716 1003 762 1030 καὶ
771 1004 840 1030 διαι-

43 1049 101 1083 ρῶν
107 1049 139 1074 ἐν
147 1048 224 1084 αὐτῷ
229 1049 396 1076 τὰδιεστῶτα
401 1051 433 1085 τῇ
442 1049 607 1084 (aduentura
613 1049 743 1076 τὸναῦτὺν
750 1049 839 1083 λόγον,

43 1095 96 1121 καὶ
107 1095 125 1130 ἡ
142 1095 217 1130 ὑγρὰ
229 1095 306 1122 οὐσία
317 1095 420 1126 διπλαῖς
432 1096 552 1131 ποιότησι
564 1097 632 1131 πρὸς
643 1096 771 1132 ἑκάτερον
785 1095 840 1122 τῶν

43 1141 182 1167 ἐναντίων
197 1141 356 1177 ἁρμόζεται.
370 1141 414 1176 Τῷ
433 1142 482 1177 μὲν
490 1142 543 1177 γὰρ
554 1142 649 1177 βαρεῖά
658 1150 688 1168 τε
699 1142 744 1168 καὶ
750 1149 839 1168 κατω-

45 1185 135 1220 φερὴς
141 1183 325 1221 εἷναι.πολλὴν
333 1186 400 1221 πρὸς
405 1186 435 1213 τὸ
442 1186 593 1222 γεῶδεςτὴν
603 1187 761 1222 συγγένειαν
769 1187 836 1222 ἔχει.

894 865 1012 900 quodam
1047 865 1225 892 mobilitatem
1248 869 1417 900 perpetuam,
1447 865 1681 899 subtilitatemque

894 911 981 946 igneae
998 915 1104 939 natura:
1124 912 1254 938 imitatur.
1275 911 1322 939 Est
1341 912 1414 939 enim
1430 915 1457 938 et
1473 911 1579 938 levitate
1598 907 1680 938 natu-

892 957 941 983 rali
958 957 1100 992 prteditus.
1117 962 1144 984 et
1163 958 1196 984 ad
1217 962 1320 984 motum
1338 958 1479 992 aptissime
1493 961 1678 992 comparatus.

891 1001 984 1037 Neque
1002 1005 1093 1030 tamen
1109 1003 1212 1030 idcirco
1227 1003 1305 1038 plane
1329 1007 1370 1030 est
1385 1003 1419 1030 ab
1438 1003 1511 1030 omni
1527 1002 1678 1030 solidorqu

892 1047 1053 1081 cognatione
1075 1048 1198 1079 alienus,
1220 1055 1282 1074 nam
1304 1052 1332 1074 ut
1347 1055 1455 1083 semper
1474 1052 1563 1075 motus
1583 1055 1681 1082 expers

891 1100 946 1119 non
962 1098 1021 1125 est,
1039 1093 1076 1120 ita
1093 1101 1201 1128 semper
1216 1094 1298 1121 etiam
1319 1101 1373 1121 non
1392 1094 1449 1121 lluit
1469 1098 1516 1121 aut
1532 1094 1680 1128 spargitur,

890 1137 938 1165 sed
963 1139 992 1166 fit
1006 1140 1122 1174 quadam
1141 1139 1173 1166 ad
1198 1143 1344 1174 utrumque
1364 1140 1537 1174 cognatione.
1555 1143 1586 1166 ut
1611 1139 1681 1166 inter

888 1193 933 1213 res
952 1186 1140 1214 elTectionibus
1156 1185 1271 1213 diversis
1289 1185 1464 1213 adversantes
1485 1185 1537 1213 sibi
1557 1185 1680 1220 quidam,

46 1232 128 1267 quasi
153 1231 233 1260 limes
257 1233 306 1266 sit;
326 1237 408 1268 atque
429 1234 497 1262 adeo
525 1240 623 1261 natura
650 1236 720 1262 inter
747 1243 776 1262 se
793 1235 954 1263 dissidentia
970 1241 1033 1261 cum
1049 1233 1200 1265 consociet,
1221 1236 1278 1259 tum
1305 1239 1438 1260 secernat.
1469 1232 1570 1260 Eodem
1601 1233 1681 1259 modo

46 1284 74 1307 et
91 1280 195 1307 humor
208 1279 310 1316 duplici
324 1281 456 1316 qualitate
470 1282 502 1309 ad
518 1286 664 1318 utrumque
691 1283 788 1310 borum
816 1282 1019 1310 adversantium
1046 1285 1178 1316 perpetuo
1210 1280 1261 1308 sibi
1291 1284 1378 1307 semet
1399 1279 1595 1306 accommodat.
1614 1278 1681 1306 Nam

48 1336 104 1356 non
117 1329 219 1364 exigua
233 1336 295 1356 cum
311 1333 384 1356 terra
397 1331 558 1365 cognatione
573 1336 691 1362 tenetur,
713 1339 766 1366 qua
784 1331 874 1366 gravis
893 1334 946 1362 est,
962 1333 989 1357 et
1006 1336 1059 1364 qua
1076 1329 1205 1356 deorsum
1221 1327 1316 1355 fertur.

83 1375 132 1410 Τῷ
160 1375 190 1402 δὲ
219 1376 342 1412 μετέχειν
364 1377 480 1412 ροὡδους
502 1378 575 1410 τινὸς
601 1379 648 1405 καὶ
679 1378 843 1414 πορευτικῆς

50 1421 216 1456 ἐνεργείας,
242 1422 273 1448 οὐ
291 1423 378 1459 πάντη
404 1423 455 1459 τῆς
484 1423 644 1460 κινουμένης
666 1425 843 1460 ἠλλοτρίωται

931 1377 1064 1405 Caeterum
1079 1384 1133 1412 qua
1150 1376 1230 1403 etiam
1254 1374 1366 1402 fluidum
1392 1374 1519 1409 quiddam
1543 1374 1568 1401 ei
1598 1374 1681 1404 inest.

895 1425 990 1460 visque
1006 1422 1178 1459 permeabilis
1195 1431 1202 1449 :
1219 1429 1272 1449 non
1292 1419 1405 1456 prorsus
1422 1428 1436 1447 a
1453 1421 1535 1448 rebus
1555 1421 1599 1452 iis,
1622 1429 1683 1456 quae

52 1467 178 1502 φύσεως,
207 1468 276 1495 ἀλλά
290 1469 332 1500 τίς
355 1470 413 1495 ἐστι
442 1470 488 1496 καὶ
509 1469 553 1496 διὰ
577 1471 671 1496 τούτου
692 1471 763 1506 μίξις
789 1471 842 1498 τῶν

897 1478 939 1497 res
966 1473 1096 1504 perpetuo
1126 1472 1289 1499 moventur,
1321 1467 1428 1501 sejungi
1455 1471 1560 1501 potest;
1591 1467 1682 1502 itaque

52 1512 184 1539 ἐναντίων
209 1512 256 1538 καὶ
279 1512 395 1545 σύνοδος,
416 1514 464 1549 τῆς
478 1523 507 1540 τε
522 1515 670 1550 βαρύτητος
683 1517 722 1547 εἰς
737 1515 842 1551 κίνησιν

55 1557 262 1593 μετατεθείσης,
288 1559 336 1585 καὶ
355 1559 406 1594 τῆς
431 1560 563 1595 κινήσεως
588 1562 616 1588 ἐν
631 1561 669 1597 τῷ
699 1561 775 1597 βάρει
805 1561 843 1597 μὴ

54 1604 240 1639 πεδηθείσης,
269 1604 339 1631 ὥστε
376 1606 534 1641 συμϐαίνειν
573 1607 640 1642 πρὸς
676 1608 776 1642 ἄλληλα
810 1607 844 1634 τὰ

56 1651 126 1677 κατὰ
148 1651 179 1677 τδ
202 1651 353 1687 ἀκρότατον
380 1654 412 1688 τῇ
440 1653 519 1687 φύσει
543 1653 701 1689 διεστηκότα
724 1655 768 1681 διὰ
789 1654 843 1680 τῶν

59 1698 255 1732 μεσιτευόντων
266 1698 390 1734 ἀλλήλοις
402 1699 544 1735 ἑνούμενα.
558 1700 665 1727 Μᾶλλον
677 1701 705 1727 δὲ
717 1700 785 1727 κατὰ
798 1701 843 1728 τὸν

57 1743 157 1778 ἁκριῦῆ
176 1743 255 1777 λόγον
269 1744 330 1770 οὐδὲ
343 1744 412 1780 αὑτὴ
436 1745 490 1771 τῶν
507 1745 701 1781 ἀντικειμένων
720 1748 737 1782 ἠ
764 1746 845 1782 φύσις

59 1788 181 1822 ἁμίκτως
193 1788 281 1823 πάντη
296 1789 364 1825 πρὸς
375 1790 423 1825 τὴν
443 1790 538 1825 ἑτέραν
552 1792 607 1822 τοῖς
624 1791 764 1826 ίδιὼμασιν
777 1791 844 1826 ἔχει,

57 1833 94 1865 ὡς
113 1833 156 1866 ἂν,
171 1831 262 1869 οἶμαι,
278 1835 365 1861 πάντα
379 1835 447 1871 πρὸς
459 1836 560 1871 ἄλληλα
581 1836 652 1863 νεύοι
667 1837 701 1863 τὰ
717 1837 787 1864 κατὰ
800 1838 845 1864 τὸν

60 1880 160 1915 κόσμον
175 1881 327 1916 φαινόμενα
336 1902 345 1914 ,
356 1882 403 1908 καὶ
415 1882 546 1917 ξυμπνέοι
564 1883 631 1918 πρὸς
646 1883 744 1919 ἑαυτὴν
758 1884 774 1919 ἡ
788 1883 846 1910 κτί-

62 1935 102 1958 σις
140 1927 171 1953 ἐν
207 1928 264 1959 τοῖς
299 1927 354 1953 τῶν
392 1928 586 1963 ἀντικειμένων
626 1929 766 1964 ὶδιώμασιν
801 1929 847 1955 εὑ-

63 1972 220 2008 ρισκομένη.
244 1972 300 2008 Τῆς
315 1972 369 2008 γὰρ
392 1974 525 2008 κινήσεως
545 1974 576 2000 οὑ
603 1975 682 2010 μόνον
707 1975 776 2001 κατὰ
799 1974 847 2010 τὴν

61 2018 172 2053 τοπικὴν
197 2018 361 2052 μετάστασιν
386 2020 542 2055 νοουμένης.
559 2021 627 2047 ἀλλὰ
647 2021 694 2047 καὶ
711 2022 739 2047 ὲν
760 2022 846 2056 τροπῇ

62 2063 108 2089 καὶ
135 2063 276 2091 ἀλλοιώσει
310 2064 516 2102 θεωρουμένης·
550 2066 631 2093 πάλιν
661 2067 684 2093 δ’
718 2065 768 2099 αὖ,
798 2067 847 2103 τῆς

63 2109 226 2144 ἀμεταθέτου
258 2109 365 2144 φύσεως
385 2111 434 2146 τὴν
451 2111 521 2139 κατὰ
537 2112 567 2138 τὺ
585 2112 754 2139 ἀλλοιοῦσθαι
771 2113 847 2148 κίνη-

892 1521 919 1543 et
942 1515 970 1542 in
991 1515 1106 1542 humore
1131 1514 1188 1541 haec
1205 1515 1344 1541 contraria
1360 1514 1432 1540 inter
1462 1521 1492 1540 se
1520 1513 1681 1540 consocian-

892 1566 953 1595 tur,
971 1565 999 1589 et
1027 1562 1106 1596 quasi
1128 1565 1244 1593 coeunt,
1266 1568 1328 1586 cum
1353 1559 1426 1594 quod
1453 1567 1534 1594 grave
1557 1563 1600 1586 est
1624 1567 1681 1586 tnu-

893 1612 949 1634 tum
972 1607 1096 1641 recipiat,
1121 1611 1147 1633 et
1170 1609 1265 1632 contra
1287 1609 1378 1633 motus
1400 1613 1415 1631 a
1431 1604 1549 1640 pondere
1562 1612 1616 1631 non
1632 1605 1681 1631 im-

893 1653 1027 1688 pediatur.
1052 1652 1108 1679 Hoc
1133 1651 1201 1678 adeo
1224 1651 1304 1686 pacto
1328 1656 1424 1677 natura
1444 1650 1567 1684 partibus
1589 1654 1681 1676 extre-

895 1699 948 1726 mis
971 1698 1144 1728 dissidentia,
1169 1704 1216 1732 pcr
1241 1704 1272 1724 ea
1297 1704 1358 1731 qua:
1379 1695 1498 1723 medium
1522 1695 1593 1722 inter
1624 1696 1683 1729 ipsa

895 1743 986 1771 locum
1009 1743 1141 1773 obtinent,
1156 1742 1371 1776 coniunguntur.
1387 1741 1418 1767 Et
1432 1749 1495 1768 vero
1513 1741 1534 1768 si
1551 1746 1686 1767 accurate

895 1797 952 1816 rem
967 1789 1168 1819 existimemus.
1187 1787 1389 1814 adversantium
1407 1787 1459 1814 sibi
1476 1790 1584 1818 natura,
1599 1786 1680 1813 etiam

896 1835 1006 1870 propria
1019 1834 1109 1870 quoad
1134 1834 1303 1868 singulorum
1320 1833 1450 1860 attributa
1469 1833 1574 1863 attinet.
1599 1832 1682 1866 quid-

896 1882 957 1909 dam
976 1883 1048 1908 inter
1062 1888 1091 1908 se
1112 1887 1256 1907 commune
1280 1879 1380 1906 habet:
1406 1886 1465 1905 eam
1492 1878 1621 1905 nimirum
1648 1878 1685 1904 ob

896 1935 1020 1958 causam,
1035 1932 1063 1954 ut
1078 1926 1196 1953 arbitror
1214 1925 1286 1960 quod
1302 1933 1345 1952 res
1363 1925 1414 1952 hoc
1443 1924 1469 1951 in
1491 1923 1595 1950 mundo
1620 1925 1682 1950 uni-

896 1981 982 2001 versse
1005 1972 1038 1999 ad
1063 1976 1185 1998 tnutuam
1210 1971 1358 2006 quamdam
1382 1970 1557 1998 concordiam
1586 1975 1683 1995 natura

896 2018 1052 2045 durantur:
1078 2021 1105 2043 et
1128 2024 1189 2051 qua:
1214 2016 1354 2042 attributis
1384 2015 1502 2050 propriis
1530 2022 1686 2048 repugnare

898 2063 949 2090 sibi
977 2066 1068 2089 creata
1096 2061 1248 2089 sentimus.
1273 2061 1367 2088 eadem
1397 2059 1518 2087 vicissim
1553 2060 1623 2086 inter
1653 2067 1683 2087 se

899 2107 1071 2143 conspit'ent.
1105 2106 1170 2133 Nam
1197 2114 1258 2133 cum
1284 2114 1337 2132 non
1364 2113 1416 2132 una
1447 2105 1503 2132 ha‘c
1530 2111 1621 2132 motus
1647 2106 1683 2132 sit

65 2163 105 2181 σιν
130 2155 160 2181 οὐ
184 2155 380 2192 προσιεμένης·
405 2156 571 2189 ὲναλλάξασα
595 2158 644 2189 τὰς
671 2157 803 2193 ἰδιότητας
829 2159 845 2193 ἡ

899 2154 1015 2189 species,
1031 2160 1093 2180 cum
1115 2152 1179 2187 quid
1201 2151 1312 2178 deloco
1336 2152 1368 2178 ad
1394 2151 1480 2178 locum
1499 2151 1681 2183 transfertur;

64 2200 108 2227 τοῦ
128 2200 195 2227 0εοῦ
217 2202 308 2235 σοφία,
327 2201 365 2236 τῷ
381 2202 430 2236 μὲν
447 2202 591 2238 ἀεικινήτῳ
608 2202 638 2229 τὸ
654 2203 796 2238 ἄτρεπτον,
810 2203 849 2238 τῷ

65 2247 92 2273 δὲ
113 2247 231 2282 ἀκινήτῳ
255 2247 304 2283 τὴν
328 2248 432 2283 τροπὴν
453 2248 604 2284 ἐνεποίησε,
628 2249 781 2284 προμηθείᾳ
798 2250 850 2275 τινὶ

66 2293 130 2327 τάχα
151 2293 181 2319 τὸ
204 2292 323 2319 τοιοῦτον
346 2294 556 2329 οἱκονομήσασα,
578 2293 616 2325 ὡς
634 2293 667 2320 ἂν
690 2294 726 2329 μὴ
753 2293 783 2320 τὸ
801 2293 850 2328 τῆς

68 2338 168 2373 φύσεως
185 2338 261 2369 ἴδιον,
277 2339 344 2374 ὅπερ
365 2338 423 2365 ἐστὶ
443 2339 473 2365 τὸ
496 2339 628 2373 ἇτρεπτόν
642 2348 671 2366 τε
688 2340 734 2366 καὶ
747 2339 851 2374 ἀμετά-

68 2383 148 2416 θετον,
162 2383 207 2409 ἐπί
224 2391 294 2414 τινος
316 2383 370 2409 τῶν
394 2383 466 2410 κατὰ
488 2384 538 2419 τὴν
560 2384 648 2410 κτίσιν
668 2383 848 2419 βλεπομένων.

68 2427 128 2453 θεὸν
149 2427 307 2462 νομίζεσθαι
324 2427 355 2454 τὸ
378 2428 479 2462 κτίσμα
505 2429 651 2464 ποιήσειεν.
674 2429 711 2455 Οὐ
737 2428 790 2463 γὰρ
811 2428 850 2454 ἑτι

70 2471 186 2507 θεότητος
210 2472 342 2507 ὑπόληψιν
372 2473 466 2508 σχοίη,
493 2473 561 2509 ὅπερ
590 2473 623 2500 ἂν
651 2474 807 2509 κινούμενον
832 2474 848 2509 ἢ

71 2517 248 2552 ἀλλοιούμενον
270 2518 348 2554 τύχη.
376 2519 426 2546 Διὰ
450 2519 528 2546 τοῦτο
551 2520 568 2555 ἡ
595 2520 643 2555 μὲν
664 2521 699 2555 γῆ
721 2520 851 2555 πάσιμὸς

71 2563 131 2596 ἐστι,
152 2565 198 2590 καὶ
217 2565 268 2591 οὐκ
290 2564 435 2600 ἇτρεπτος“
453 2566 467 2591 ὁ
488 2565 516 2592 δὲ
531 2566 644 2602 οὐρανὸς
664 2566 710 2593 τοῦ
731 2566 850 2594 ἐναντίου

71 2609 97 2635 τὸ
110 2610 223 2645 τρεπτὸν
236 2611 286 2637 οὐκ
301 2610 379 2645 ἔχων,
396 2611 455 2638 οὐδὲ
473 2613 602 2648 στάσιμον
616 2612 682 2648 ἔχει,
698 2613 740 2640 ἶνα
753 2614 785 2648 τῇ
803 2613 852 2648 μὲν

72 2655 141 2690 φύσει
153 2656 263 2692 ἑστώσῃ
279 2657 329 2691 τὴν
350 2658 462 2693 τροπὴν,
478 2659 510 2693 τῇ
528 2658 555 2685 δὲ
577 2658 615 2694 μὴ
633 2659 788 2695 τρεπομένῃ
803 2659 852 2694 τὴν

73 2703 165 2738 κίνησιν
181 2703 198 2738 ἡ
218 2703 279 2729 θεία
301 2703 477 2738 συμπλέξασα
498 2703 621 2739 δύναμις,
651 2705 698 2732 καὶ
725 2705 852 2740 ἀλλήλαις

72 2749 217 2784 ἀμφοτέρας
247 2750 280 2784 τῇ
309 2749 446 2781 ἐναλλάξει
482 2749 537 2775 τῶν
567 2750 717 2785 ἰδιωμάτων
746 2760 852 2787 προσοι-

73 2795 171 2831 κιιώσῃ,
186 2795 234 2822 καὶ
248 2795 300 2830 τῆς
315 2796 378 2831 περὶ
394 2795 424 2822 τὸ
440 2795 510 2822 θεῖον
528 2795 685 2832 ὑπολήψεως
707 2797 851 2834 ἀλλοτριώ-

900 2206 994 2227 verum
1008 2199 1092 2226 etiam
1112 2205 1174 2224 eutn
1189 2197 1254 2232 quid
1272 2197 1312 2224 vel
1333 2201 1465 2227 mutatur.
1485 2196 1524 2223 vel
1543 2197 1683 2223 converti-

900 2250 963 2280 tur;
990 2250 1087 2273 natura
1108 2252 1190 2280 porro
1234 2243 1468 2271 incommutabilis
1505 2250 1565 2269 eam
1592 2247 1686 2270 motus

900 2292 1030 2327 speciem.
1042 2298 1095 2326 qua
1115 2290 1180 2326 quid
1193 2294 1323 2321 mutatur,
1346 2297 1398 2316 nou
1419 2289 1545 2315 admittat
1559 2298 1566 2320 ;
1581 2288 1684 2315 ideirco

900 2339 991 2366 divina
1017 2337 1152 2372 sapientia
1177 2336 1339 2372 permutatis
1361 2335 1491 2370 utrinque
1511 2335 1684 2370 proprietati-

901 2386 962 2415 bus.
979 2389 1104 2412 naluram
1124 2392 1215 2411 rerum
1230 2391 1338 2418 semper
1352 2383 1492 2410 mobilium
1512 2383 1578 2410 nulli
1596 2388 1670 2409 [nuta

901 2431 969 2458 tioni
994 2431 1156 2465 subjectam,
1181 2430 1295 2457 alteram
1313 2437 1386 2461 vero,
1416 2433 1506 2456 motus
1532 2429 1683 2463 expet-tium

902 2477 1058 2504 nnttabilem
1087 2484 1149 2503 esse
1176 2476 1274 2502 voluit.
1304 2475 1393 2510 Atque
1423 2475 1474 2502 hoc
1502 2475 1573 2501 haud
1603 2473 1685 2500 dubie

901 2522 1044 2558 prudentia
1061 2522 1193 2557 singulari
1210 2521 1340 2551 instituit.
1355 2529 1389 2547 ne
1411 2521 1536 2547 homines
1561 2520 1587 2546 in
1603 2519 1686 2546 rebus

902 2569 1011 2596 creatis.
1035 2575 1104 2602 quas
1117 2568 1265 2598 cernimus.
1278 2574 1339 2594 esse
1359 2566 1462 2601 aliquid
1486 2571 1616 2600 perpetuo
1632 2565 1683 2590 im-

902 2615 1032 2643 mutabile
1047 2614 1301 2644 animadvertcntes,
1319 2617 1417 2640 natura
1431 2614 1481 2639 hoc
1494 2613 1518 2640 ei
1535 2612 1684 2642 tribuente.

902 2661 974 2689 idem
995 2669 1045 2696 pro
1060 2661 1115 2688 Deo
1138 2661 1269 2688 colerent.
1297 2659 1355 2686 Non
1372 2659 1443 2686 enim
1461 2665 1526 2685 vero
1541 2661 1684 2684 consenta-

904 2715 983 2734 neum
1001 2706 1085 2734 videri
1105 2710 1195 2741 potest
1210 2706 1234 2733 ei
1252 2705 1290 2732 rei
1313 2704 1484 2732 divinitatem
1507 2704 1608 2732 inesse,
1624 2709 1685 2736 quae

903 2761 947 2780 res
963 2753 1004 2780 vel
1028 2752 1112 2779 motui
1127 2752 1168 2779 vel
1194 2751 1337 2778 mutationi
1362 2750 1480 2776 obnoxia
1510 2749 1556 2776 sit.
1579 2748 1684 2774 focirco

905 2804 1003 2826 terram
1021 2798 1129 2833 quidem
1147 2798 1252 2824 fh'tnam
1269 2803 1329 2823 esse
1353 2795 1487 2828 videmus,
1503 2800 1531 2822 at
1554 2797 1683 2820 mutatio-
