1919 3069
255 57 305 87 151

856 53 884 79 S.
901 52 946 78 GR
952 49 1065 78 morm
1083 48 1231 76 NYSSENI

1858 47 1916 74 13:1

257 115 337 142 nibus
359 111 514 139 obnoxiam.
540 111 646 138 leum
673 115 779 144 contra,
798 118 859 137 cum
887 111 922 138 sit
946 110 1036 136 ornnis

1097 115 1134 143 τῃ.
1156 106 1302 142 Οὐδέτερον
1318 105 1370 141 γὰρ
1395 106 1428 132 ἂν
1446 105 1558 136 τούτων,
1584 103 1673 136 καθὼς
1695 104 1837 140 εἴρηται,
1859 104 1916 138 τῆς

254 167 353 194 expers
367 157 537 188 mutationis,
552 164 693 191 nunquam
707 156 834 191 quiescit.
849 155 942 183 Voluit
957 156 1038 184 nimi-

254 214 315 232 rum
334 204 415 236 Deus,
437 211 499 230 eum
525 202 658 230 immobili
685 206 789 230 natura!
815 203 1037 234 mutabilitatem,

254 254 408 283 contraque
421 248 614 275 mutabilitatis
625 248 731 282 experti
749 251 851 275 motum
868 248 1037 283 adjungcret,

255 300 402 330 utramque
419 295 492 321 inter
509 301 538 322 se
551 302 600 329 per
617 294 687 321 hanc
714 295 909 328 proprietatum
931 302 1040 328 permu-

255 343 398 374 tationem,
413 341 529 377 quadam
556 341 635 376 quasi
662 342 825 376 cognatione
838 341 984 371 devincire,
1000 345 1040 367 at-

255 396 309 423 que
325 388 405 415 etiam
423 387 555 422 impedire
572 387 719 423 quominus
737 387 828 415 inesse
844 395 946 414 numen
965 387 1041 414 hisce

255 435 337 463 rebus
351 434 566 462 existimaretur.
584 433 663 466 Nam,
680 435 720 460 uti
743 434 824 461 modo
841 434 996 468 expositum
1024 441 1039 460 a

256 479 336 506 nobis
353 482 406 507 est.
422 486 512 512 neque
527 486 571 505 res
594 479 693 513 quietis
710 479 799 506 omnis
820 486 927 514 expers,
953 487 1041 514 neque

255 525 320 552 item
334 531 366 551 ea
382 533 443 559 quae
459 525 605 551 mutationi
622 524 741 551 obnoxia
757 530 809 555 est.
826 524 928 552 habere
941 524 1042 551 divini-

257 571 323 598 tatis
349 569 454 604 aliquid
478 570 586 597 censeri
611 573 711 604 potest.
741 571 830 605 Atque
855 571 906 597 hoc
931 570 1041 605 quidem

256 615 338 642 modo
347 623 392 642 res
408 615 541 643 universa:
552 615 747 650 perfectionem
760 624 837 643 suam
852 617 957 652 adeptae
967 622 1040 645 sunt.

257 661 303 689 Sic
314 662 385 689 enim
398 661 489 689 Moses
505 662 625 696 loquitur
637 671 643 688 :
659 661 837 697 Perfectaqne
852 667 917 690 sunt
928 663 1040 695 cmlum,

256 713 340 739 terra,
353 712 379 735 et
394 715 437 735 res
453 715 548 735 eorum
566 708 592 735 in
609 707 698 736 medio
714 709 919 744 comprehensa:
934 718 1041 743 omnes,

257 761 289 780 ac
305 753 509 788 pulchritudine
525 754 640 789 singulis
661 756 839 782 conveniente
862 761 961 783 cuncta
978 760 1042 783 sunt

256 803 387 827 exornata
403 809 409 826 :
426 801 527 827 cmlum
543 801 653 836 quidem
676 801 828 829 lucidorum
844 802 964 830 siderum
987 803 1041 829 ful-

256 853 341 881 gore,
372 854 447 874 mare
481 855 546 874 vero
576 851 603 874 et
633 855 679 874 aer
715 848 882 876 animalibus
922 849 1042 875 natando

257 888 428 927 volandoque
446 897 594 927 utrumque
605 894 822 928 permeantihus,
835 898 907 922 terra
923 895 1042 929 denique

257 939 347 966 omnis
375 939 484 973 generis
512 939 667 973 plantarum
696 947 727 966 ac
757 944 852 974 pastus
887 940 1041 972 varietate,

256 984 347 1011 omnia
380 984 475 1012 isthaze
511 985 619 1012 abunde
648 984 742 1012 eodem
781 985 859 1019 quasi
904 990 1042 1012 momento

257 1030 376 1064 pariens.
401 1030 516 1065 benigna
541 1030 586 1056 Dei
604 1030 745 1057 voluntate
764 1030 835 1057 vires
856 1031 916 1064 ejus
942 1031 1043 1057 contir-

258 1079 360 1102 mante.
376 1074 470 1110 Itaque
486 1083 576 1102 rerum
591 1076 615 1102 ei
630 1076 875 1110 pulcherrimarum
890 1077 968 1111 copia
988 1085 1040 1103 non

257 1121 361 1152 deerat,
377 1128 439 1147 eum
457 1125 484 1147 et
509 1121 589 1148 ﬂores
611 1126 637 1147 et
660 1121 765 1148 fructus
789 1130 842 1148 una
869 1122 1041 1157 produceret.

259 1165 322 1193 Erat
335 1170 361 1192 et
385 1166 411 1192 in
435 1167 520 1200 pratis
542 1174 635 1193 carum
661 1175 750 1193 rerum
765 1168 855 1202 copia.
879 1175 939 1202 quze
955 1176 998 1195 res
1015 1169 1041 1194 in

258 1211 298 1238 eis
325 1211 498 1245 proveniunt.
523 1210 656 1238 Praeterea
674 1219 756 1246 rupes
783 1211 1043 1243 editas.montium-

258 1265 311 1296 que
324 1257 462 1288 vertices,
490 1261 517 1284 et
544 1258 603 1284 loca
633 1258 659 1284 in
689 1257 732 1284 bis
763 1259 803 1284 vel
832 1259 915 1284 latera
946 1266 1042 1285 versus

258 1302 384 1334 declivia,
408 1303 449 1330 vel
474 1303 592 1337 supina;
625 1303 699 1337 ipsas
714 1303 832 1338 denique
863 1304 948 1330 valles
984 1309 1043 1330 erat

257 1355 370 1375 cernere
386 1348 578 1375 venustissime
590 1349 726 1376 redimitas
746 1349 836 1376 herbis
852 1352 908 1375 tum
925 1349 1042 1383 primum

258 1392 345 1422 natis,
363 1392 546 1427 arborumque
559 1393 634 1419 varia
658 1393 793 1427 elegantia
810 1403 815 1420 :
843 1401 904 1428 qua:
935 1394 1042 1420 tametsi

259 1444 355 1464 recens
371 1445 386 1464 e
411 1441 482 1464 terra
498 1441 592 1464 essent
613 1441 724 1468 exorta},
748 1438 878 1464 continuo
901 1441 992 1464 tamen
1009 1437 1042 1464 ad

259 1480 489 1515 pulchritudinem
505 1481 632 1508 eximiam
649 1486 836 1509 ercreverant.
855 1482 943 1516 Atque
969 1481 1042 1509 haud

260 1528 343 1556 dubie
381 1529 508 1556 universa
554 1521 611 1554 tum
656 1532 800 1559 armenta,
840 1528 940 1563 quibus
974 1533 1043 1556 nutu

259 1580 309 1600 suo
329 1572 400 1601 Deus
416 1573 499 1601 vitam
513 1572 626 1608 largitus
639 1579 713 1606 erat,
737 1573 867 1607 singulari
905 1573 1044 1608 voluptate

259 1618 355 1646 atl'ecta
379 1618 578 1652 exsultabant,
608 1619 796 1654 gregatimque
822 1627 883 1646 cum
909 1619 970 1646 aliis
1000 1620 1041 1646 sui

1090 153 1226 188 θειοτέρας
1242 152 1350 186 φύσεως
1364 152 1521 187 νομισθείη’
1543 151 1603 177 οὗτε
1625 151 1655 177 τὸ
1677 149 1823 181 ἄστατον,
1841 149 1916 175 οὔτε

1089 199 1120 225 τὸ
1132 198 1329 232 ἀλλοιούμενον.
1346 198 1414 233 ’Ἤδη
1432 198 1520 224 τοίνυν
1534 197 1568 223 τὰ
1584 197 1671 223 πάντα
1686 196 1762 232 πρὸς
1780 195 1819 222 τὸ
1837 195 1913 222 ἴδιον

1089 244 1190 279 ἔφθασε
1207 244 1291 276 τέλος.
1316 243 1494 278 Συνετελέσθη
1512 243 1575 279 γὰρ,
1598 242 1688 274 καθὼς
1710 250 1787 277 φησι
1814 242 1913 268 Μωῦ-

1091 292 1150 326 σῆς,
1171 291 1184 317 ὃ
1195 299 1224 317 τε
1239 291 1353 326 οὐρανὸς
1370 291 1444 325 καὶή
1460 291 1496 324 γῆ
1512 290 1557 317 καὶ
1573 290 1606 316 τὰ
1618 289 1661 316 διὰ
1678 289 1769 323 μέσου
1790 289 1908 317 πάντα,

1090 337 1137 363 καὶ
1153 336 1191 371 τῷ
1205 336 1363 372 καταλλήλῳ
1373 337 1464 363 κάλλει
1477 336 1509 363 τὰ
1520 335 1685 362 καθὲκαστον
1700 334 1906 369 διεκοσμήθη-

1090 383 1104 409 ὁ
1120 383 1232 418 οὐρανὸς
1250 382 1299 417 μὲν
1314 384 1373 414 ταῖς
1391 383 1444 409 τῶν
1462 383 1612 418 φωστήρων
1633 382 1742 415 αὐγαῖς,
1769 380 1906 406 θάλαττα

1090 429 1118 455 δὲ
1138 429 1184 456 καὶ
1205 429 1258 464 ἀὴρ
1270 429 1325 459 τοῖς
1341 430 1448 464 νηκτοῖς
1465 437 1495 455 τε
1514 429 1560 455 καὶ
1574 428 1704 463 ἑναερίοις
1723 426 1787 453 τῶν
1805 425 1904 457 ζώων,

1091 475 1127 510 γῆ
1142 475 1170 502 δὲ
1180 476 1240 506 ταῖς
1256 475 1394 507 παντοίαις
1409 475 1463 501 τῶν
1477 475 1566 509 φυτῶν
1582 483 1611 500 τε
1632 475 1678 500 καὶ
1699 472 1903 508 βοσκημάτων

1091 520 1241 556 διαφοραῖς,
1258 520 1328 556 ἅπερ
1345 521 1448 556 ἀθρόως
1464 522 1569 548 ἅπαντα
1590 520 1653 555 Θείῳ
1667 519 1835 554 βουλήματι
1853 519 1901 544 δυ-

1091 567 1245 603 ναμωθεῖσα
1264 567 1332 593 κατὰ
1349 567 1446 594 ταύτὸν
1467 567 1615 602 ἁπεκύησε.
1635 566 1688 592 Καὶ
1708 566 1830 600 πλήρης
1849 565 1902 599 μὲν

1091 611 1124 649 ἦν
1138 614 1192 640 τῶν
1206 614 1312 649 ὡραίων
1328 615 1344 649 ἡ
1359 614 1406 648 γῆ,
1425 613 1491 649 ὁμοῦ
1506 615 1560 644 τοῖς
1575 612 1667 640 ἄνθεσι
1682 612 1745 644 τοὺς
1764 611 1901 646 καρποὺς

1092 659 1298 694 ὲκϐλαστήσασα
1307 667 1314 674 ·
1330 659 1443 694 πλήρεις
1456 659 1483 686 δὲ
1495 660 1518 686 οἱ
1531 659 1660 694 λειμῶνες
1673 658 1736 689 τῶν,
1757 658 1815 684 ὅσα
1833 657 1899 688 τοὺς

1091 704 1225 740 λειμῶνας
1238 705 1390 740 ἐπέρχεται.
1408 705 1496 731 Uini
1511 713 1539 731 τε
1553 705 1644 740 ῥαχίαι
1659 704 1704 730 καὶ
1719 703 1895 739 ἁκρώρειαι,

1093 753 1138 778 καὶ
1161 753 1214 778 πᾶν
1245 752 1305 778 ὅσον
1325 751 1437 786 πλάγιόν
1458 760 1486 778 τε
1509 752 1555 778 καὶ
1580 751 1684 782 ὕπτιον,
1700 750 1747 777 καὶ
1776 750 1845 776 ὅσον
1866 749 1895 775 ἐν

1093 797 1200 829 κοίλοις,
1213 799 1245 832 τῇ
1263 797 1382 824 νεοθαλεῖ
1394 798 1447 833 πόᾳ
1461 798 1507 824 καὶ
1522 799 1554 833 τῇ
1573 797 1680 832 ποικίλῃ
1701 797 1757 823 τῶν
1770 795 1894 831 δένδρων

1092 843 1151 878 ὦρα
1174 844 1405 877 κατεστεφάνωτο,
1429 843 1490 878 ἄρτι
1509 844 1557 878 μὲν
1576 843 1624 878 τῆς
1639 843 1690 877 γῆς
1707 842 1891 878 ἀνισχόντων,

1092 888 1172 919 εὐθὺς
1184 889 1211 914 δὲ
1225 889 1291 924 πρὸς
1304 889 1334 915 τὸ
1349 889 1450 915 τέλειον
1464 889 1559 920 κάλλος
1574 888 1798 924 ἁναδραμόντων.
1818 889 1892 922 Ἐγε-

1092 934 1171 969 γήθει
1194 934 1221 960 δὲ
1246 934 1334 961 πάντα
1358 935 1427 961 κατὰ
1452 934 1482 961 τὸ
1508 935 1594 966 εἰκὸς,
1624 935 1669 961 καὶ
1692 935 1840 969 διεσκίρτα
1857 935 1891 960 τὰ

1092 980 1130 1014 τῷ
1144 981 1331 1016 προστάγματι
1353 981 1398 1007 τοῦ
1420 981 1486 1007 Θεοῦ
1501 981 1701 1017 ζωογονηθέντα
1721 980 1801 1016 βοτὰ,
1824 980 1891 1007 κατ’

1092 1026 1191 1059 ἀγέλας
1205 1035 1234 1052 τε
1250 1027 1296 1053 καὶ
1313 1028 1381 1054 κατὰ
1397 1028 1462 1062 γένη
1486 1029 1544 1059 ταῖς
1565 1028 1679 1063 λόχμαις
1701 1027 1888 1054 ἐνδιαοέοντα.

1093 1073 1158 1103 Ταῖς
1170 1073 1197 1098 δὲ
1209 1073 1261 1099 τῶν
1276 1073 1412 1108 μουσικῶν
1426 1074 1538 1109 ὀρνίθων
1555 1073 1636 1109 ᾠδαῖς
1651 1075 1796 1109 ἅπανταχῆ
1812 1083 1889 1109 περι-

1092 1119 1182 1153 ηχεῖτο
1202 1119 1265 1148 πᾶν,
1287 1119 1349 1145 ὅσον
1372 1120 1525 1154 κατηρεφές
1548 1128 1576 1145 τε
1595 1120 1641 1146 καὶ
1658 1117 1779 1146 σύσκιονζ
1797 1120 1835 1146 Ἣ
1857 1128 1888 1145 τε

1093 1165 1162 1190 κατὰ
1175 1164 1308 1191 Θάλατταν
1327 1165 1397 1200 ὄψις,
1414 1166 1451 1197 ὡς
1467 1166 1549 1198 εἰκὸς,
1568 1166 1633 1200 ἄλλη
1652 1166 1764 1201 τοιαύτη
1784 1174 1829 1197 τις
1842 1163 1886 1201 ἦν,

1094 1209 1154 1245 ἄρτι
1168 1209 1236 1245 πρὸς
1250 1210 1363 1245 ἡσυχίαν
1381 1220 1411 1237 τε
1434 1213 1479 1238 καὶ
1497 1212 1615 1248 γαλήνην
1634 1213 1662 1238 ἐν
1681 1214 1741 1243 ταῖς
1762 1220 1887 1246 συναγω-

1093 1257 1155 1287 γαῖς
1179 1256 1232 1282 τῶν
1257 1257 1353 1283 κοίλων
1375 1257 1576 1293 καθισταμένη,
1600 1258 1659 1285 καθ’
1680 1259 1712 1294 ἢν
1733 1259 1814 1294 ὅρμοι
1839 1259 1885 1285 καὶ

1093 1302 1200 1337 λιμένες
1215 1302 1275 1338 θείᾳ
1291 1303 1413 1339 βουλήσει
1434 1305 1493 1335 ταῖς
1508 1305 1604 1336 ἀκταῖς
1618 1305 1778 1340 αὐτομάτως
1793 1306 1884 1338 ἐγκοι-

1094 1347 1244 1379 λανῡὲντες,
1274 1350 1463 1385 προσημέρουν
1487 1352 1519 1385 τῇ
1537 1351 1643 1386 ἠπείρῳ
1668 1351 1717 1386 τὴν
1738 1351 1883 1378 θάλατταν.

1094 1391 1128 1417 Ai
1144 1400 1172 1417 τε
1193 1392 1322 1427 ἠρεμαῖαι
1351 1394 1404 1420 τῶν
1429 1395 1558 1430 κυμάτων
1581 1396 1701 1429 κινήσεις
1729 1396 1766 1430 τῷ
1792 1396 1884 1423 κάλλει

1094 1437 1148 1464 τῶν
1169 1438 1307 1473 λειμώνων
1325 1439 1530 1475 ἀνθωραῖζοντο,
1553 1441 1605 1468 ὑπὸ
1622 1442 1732 1474 λεπταῖς
1750 1442 1796 1469 καὶ
1813 1443 1884 1477 ἀπή-

1099 1492 1174 1518 μοσιν
1196 1483 1292 1519 αὕραις
1315 1487 1373 1511 κατ’
1391 1486 1477 1522 ἄκραν
1499 1488 1547 1522 τὴν
1566 1488 1724 1522 ἐπιφάνειαν
1739 1489 1884 1525 γλαφυρῶς

1097 1529 1314 1564 ὲπιφρίσσουσαι.
1334 1532 1389 1557 Καὶ
1406 1531 1478 1564 ἅπας
1496 1534 1509 1559 ὁ
1529 1534 1599 1560 κατὰ
1623 1535 1672 1569 τὴν
1694 1534 1781 1561 κτίσιν
1802 1535 1882 1561 πλοῦ-

1096 1583 1151 1606 τος,
1164 1575 1234 1601 κατὰ
1254 1576 1305 1610 γῆν
1324 1585 1352 1602 τε
1370 1577 1416 1604 καὶ
1441 1578 1575 1606 Οάλατταν
1597 1580 1705 1614 ἕτοιμος
1725 1578 1769 1615 ἦν,
1788 1580 1844 1607 ἀλλ’
1867 1581 1881 1606 ὁ

1097 1621 1216 1655 μετέχων
1231 1622 1280 1647 οὐκ
1293 1620 1338 1657 ἦν.

252 1664 367 1698 'generis
389 1672 438 1699 per
465 1665 548 1692 silvas
573 1665 788 1700 obvagabantur.
816 1665 969 1692 Accedebat
995 1667 1084 1693 avium
1106 1668 1270 1695 musicarutu
1298 1674 1457 1702 concentus,
1481 1679 1535 1706 quo
1557 1672 1616 1699 loca
1641 1675 1742 1708 passim
1767 1678 1836 1702 tecta
1854 1680 1880 1702 et

259 1715 343 1742 opaca
369 1709 562 1744 personabant.
591 1709 686 1737 Fuisse
713 1715 739 1737 et
764 1711 846 1737 maris
873 1715 1011 1746 aspectum
1037 1717 1249 1740 consentaneum
1273 1719 1314 1741 est
1337 1715 1492 1749 hujusmodi
1521 1718 1681 1752 quemdam,
1706 1727 1735 1746 ut
1758 1720 1820 1747 illud
1846 1721 1878 1747 ad

260 1754 378 1786 quietem
403 1756 681 1790 tranquillitatemque
705 1757 886 1791 compositum
909 1763 1000 1789 esset.
1030 1758 1064 1784 iis
1084 1759 1219 1794 praecipue
1249 1761 1275 1787 in
1297 1761 1375 1794 locis,
1394 1762 1420 1789 in
1436 1763 1535 1798 quibus
1553 1766 1664 1791 concavi
1681 1766 1790 1800 quidam
1805 1767 1878 1794 sinus

261 1800 416 1833 frequentes
437 1805 534 1832 erant;
561 1806 710 1836 portusque
737 1807 764 1830 et
792 1803 923 1830 stationes
949 1804 1061 1830 marinae
1085 1809 1181 1838 sponte
1198 1813 1247 1832 sua
1263 1814 1295 1834 ex
1313 1807 1359 1834 Dei
1385 1813 1452 1835 nutu
1478 1809 1615 1838 littoribus
1635 1811 1782 1846 impressre,
1808 1821 1878 1840 mare

260 1847 338 1881 quasi
362 1847 579 1875 mansuefactum
609 1850 759 1877 continenti
792 1854 871 1878 terra:
900 1851 1058 1885 iungebant.
1090 1851 1142 1886 ipsi
1172 1853 1301 1881 fluctuum
1331 1860 1422 1883 motus
1449 1865 1578 1891 perquam
1609 1859 1715 1892 sedati,
1743 1866 1876 1895 pratorum

261 1893 397 1920 venustati
425 1894 644 1928 respondebant,
683 1896 785 1923 teneris
817 1901 842 1922 et
868 1896 988 1923 innoxiis
1011 1896 1086 1923 auris
1114 1905 1162 1925 eos
1192 1904 1311 1926 extrema
1342 1902 1368 1927 in
1402 1903 1545 1937 superficie
1578 1904 1673 1930 leviter
1705 1893 1875 1942 erigentibus.

261 1938 380 1973 Denique
407 1939 551 1967 universus
576 1945 730 1968 creatorum
758 1941 903 1969 thesaurus
934 1942 986 1968 iam
1003 1945 1076 1969 terra
1100 1943 1222 1971 marioue
1239 1950 1350 1978 paratus
1369 1951 1437 1978 erat,
1456 1956 1517 1974 eum
1537 1949 1559 1976 is
1577 1950 1665 1977 solum
1682 1938 1875 1982 desideraretur

260 1984 307 2019 qui
322 1991 354 2011 eo
372 1984 422 2011 frui
436 1990 538 2020 posset.

570 2066 683 2094 CAPUT
705 2067 735 2094 ll.

1365 2073 1560 2100 ΚΕΦΛΛΔΙΟΝ
1580 2075 1616 2101 B’.

263 2121 438 2153 Quamobrem
455 2123 550 2168 creatis
567 2125 643 2151 rebus
669 2126 780 2155 emeris,
795 2126 903 2152 ttlltmus
927 2126 1041 2151 omnium

1098 2126 1148 2153 Δια
1164 2127 1193 2153 τί
1210 2126 1282 2161 μετὰ
1302 2128 1358 2162 τὴν
1374 2129 1474 2156 κτίσιν
1490 2133 1658 2166 τελευταῖος
1680 2135 1695 2160 ὀ
1720 2135 1870 2168 ἅνθρωπος.

515 2159 590 2186 homo
608 2161 729 2187 conditus
746 2161 791 2187 sit.

298 2222 421 2250 Nondum
435 2225 564 2252 eximium
577 2226 642 2252 illud
656 2230 682 2253 et
694 2227 803 2253 maximi
819 2227 897 2261 pretii
911 2230 1044 2259 creatum,

265 2271 338 2306 quod
356 2272 495 2300 hominem
512 2273 640 2306 dicimus,
655 2275 682 2301 in
697 2275 748 2302 hoc
765 2275 951 2302 univorsitatis
964 2283 1047 2302 orna—

263 2320 375 2347 tissimo
402 2321 542 2349 domicilio
568 2323 737 2350 versabatur.
770 2322 874 2357 Quippe
900 2328 1047 2350 consenta-

263 2375 344 2394 neum
359 2375 413 2395 non
426 2373 496 2400 erat,
511 2370 702 2404 imperatorem
717 2371 849 2398 exsistere
864 2371 949 2406 prius,
964 2380 1046 2406 quam

262 2422 322 2446 eos,
334 2416 434 2449 quibus
446 2421 518 2444 esset
529 2425 590 2444 cum
602 2422 739 2453 potestate
751 2419 926 2453 praefuturus.
940 2420 1048 2455 Praepa-

264 2467 325 2489 rato
347 2464 478 2491 nimirum
508 2469 571 2492 ante
596 2466 688 2493 omnia
711 2467 837 2502 imperio,
866 2473 921 2494 tum
951 2468 1049 2496 deinde

264 2511 418 2546 proximum
434 2517 493 2539 erat
512 2521 602 2549 regem
617 2514 767 2550 designari.
788 2515 895 2543 Idcirco
914 2517 1049 2545 universi—

263 2560 329 2587 tatis
357 2561 439 2594 hujus
468 2567 595 2596 creator,
622 2564 647 2591 ei
676 2564 722 2600 qui
753 2566 936 2600 imperaturus
967 2571 1047 2598 erat.

269 2608 410 2641 quamdam
423 2609 515 2637 sedem
529 2611 631 2646 regiam
646 2615 813 2647 praastruxit.
830 2614 867 2642 Ea
896 2623 960 2643 vero
976 2621 1049 2644 terra

264 2660 333 2688 erat,
352 2660 379 2683 et
394 2656 500 2691 insulae,
518 2662 544 2685 et
560 2667 646 2692 mare,
657 2664 684 2688 et
695 2661 784 2696 ipsum
801 2664 912 2696 malum,
926 2672 979 2699 quo
993 2665 1049 2692 haec

265 2703 354 2730 omnia
369 2707 498 2739 tanquam
515 2711 585 2734 tecto
600 2714 838 2738 concamerantur.
853 2710 940 2746 Atque
958 2713 1000 2740 his
1021 2713 1047 2740 in

267 2751 374 2785 palatiis
387 2754 477 2782 omnis
504 2756 612 2790 generis
634 2765 698 2792 opes
725 2759 842 2788 condita:
857 2765 933 2789 sunt.
959 2761 1047 2797 Opum

1132 2227 1213 2254 Οὔπω
1237 2228 1290 2264 γὰρ
1310 2230 1340 2256 τὸ
1355 2231 1424 2266 μέγα
1442 2232 1520 2259 τοῦτο
1539 2226 1584 2260 καὶ
1596 2234 1684 2269 τίμιον
1703 2237 1790 2271 χρῆμα
1805 2239 1817 2265 ό
1830 2238 1870 2264 ἄν-

1097 2276 1204 2323 βρωπος
1215 2277 1254 2312 τῷ
1268 2278 1361 2315 κόσμῳ
1374 2280 1428 2306 τῶν
1441 2281 1525 2308 ὄντων
1539 2283 1733 2318 ὲπεχωρίαζεν.
1749 2286 1810 2312 Οὐδὲ
1822 2288 1869 2323 γὰρ

1097 2322 1130 2359 ἦν
1147 2325 1218 2356 είκὸς
1233 2326 1278 2352 τὸν
1295 2327 1411 2363 ἄρχοντα
1424 2329 1477 2364 πρὸ
1500 2330 1554 2356 τῶν
1573 2331 1729 2366 ἀρχομένων
1744 2322 1868 2369 ἀναφανῆλ

1098 2381 1151 2405 ναι,
1163 2373 1228 2400 ἀλλὰ
1244 2375 1291 2409 τῆς
1310 2376 1396 2411 ἀρχῆς
1418 2377 1551 2413 πρότερον
1577 2379 1792 2416 ἐτοιμασθείσης,
1812 2383 1867 2408 ἀκό-

1098 2421 1190 2449 λουθον
1217 2421 1250 2458 ἦν
1280 2425 1475 2460 ἀναδειχθῆναι
1495 2427 1540 2453 τὸν
1572 2427 1759 2462 βασιλεύοντα,
1787 2431 1865 2466 ἐπειδὴ

1098 2472 1186 2499 τοίνυν
1203 2471 1257 2499 οἶόν
1282 2482 1342 2500 τινα
1361 2474 1494 2509 βασίλειον
1520 2478 1683 2514 καταγωγὴν
1705 2479 1743 2513 τῷ
1761 2479 1865 2514 μέλλοντι

1101 2520 1249 2555 βασιλεύειν
1271 2522 1285 2548 ὁ
1308 2522 1354 2549 τοῦ
1382 2524 1482 2556 παντὸς
1509 2527 1623 2561 ποιητὴς
1659 2529 1862 2564 προηυτρέπισεν.

1099 2569 1172 2605 Αὕτη
1185 2570 1213 2596 δὲ
1225 2568 1257 2604 ἧν
1269 2571 1304 2606 γῆ
1316 2580 1344 2597 τε
1358 2572 1403 2598 καὶ
1412 2573 1496 2608 νῆσοι,
1512 2574 1559 2601 καὶ
1571 2575 1698 2608 Θάλαττα,
1713 2577 1756 2602 καὶ
1770 2578 1863 2612 οὐρανὸς

1100 2617 1169 2653 ὑπὲρ
1178 2618 1279 2644 τούτων
1287 2619 1384 2653 ὀρόφου
1394 2619 1471 2656 δίκην
1481 2622 1709 2659 ἐπικυρτούμενος
1717 2633 1723 2640 ·
1737 2625 1862 2657 πλοῦτοςδὲ

1101 2666 1268 2699 παντοδαπὸς
1284 2669 1340 2700 τοῖς
1358 2669 1501 2703 βασιλείοις
1516 2672 1618 2705 τούτοις
1629 2673 1778 2709 ὲναπετὲοη.
1796 2674 1860 2701 Πλοῦ-

1099 2724 1145 2742 τον
1155 2715 1182 2742 δὲ
1194 2715 1264 2750 λέγω
1272 2717 1362 2744 πᾶσαν
1380 2719 1429 2754 τὴν
1440 2721 1537 2753 κτίσιν,
1546 2721 1606 2748 ὅσον
1624 2722 1652 2749 ὲν
1668 2724 1757 2757 φυτοῖς
1763 2723 1802 2749 καὶ
1813 2723 1852 2758 βλα

1102 2765 1150 2800 στή
1155 2773 1230 2800 μασι,
1237 2766 1282 2792 καὶ
1294 2766 1354 2793 ὅσον
1363 2767 1518 2803 αἰσθητικόν
1526 2778 1554 2796 τε
1564 2770 1610 2797 καὶ
1619 2770 1735 2806 ἔμπνουν
1744 2771 1857 2806 καὶέμψψ
