1919 3069
91 87 149 115 Ιῗό

710 85 753 112 DE
774 84 915 112 llOMlNlS
935 83 1089 112 OPIFICIO.

1660 77 1714 105 tM

89 153 150 180 χον.
167 144 237 171 Είδὲ
253 143 307 178 χρὴ
324 143 370 169 καὶ
385 143 434 174 τὰς
447 142 512 174 ὔλας
531 142 572 174 εἰς
586 142 698 169 πλοῦτον
711 142 881 178 καταριθμή-

935 149 997 169 vero
1013 141 1121 168 nomine
1136 143 1226 166 creata
1245 139 1371 165 universa
1390 137 1521 171 intelligo,
1534 145 1594 164 cum
1605 137 1713 172 plantas

90 189 204 220 σασθαι,
217 189 277 215 ὅσαι
290 188 334 215 διὰ
350 196 422 219 τινος
441 188 566 224 εὐχροίας
577 188 664 224 τίμιαι
680 189 734 219 τοῖς
747 188 882 223 ἀνθρωπί-

90 244 151 267 νοις
164 234 312 269 ὀφθαλμοῖς
324 234 516 270 ἐνομίσθησαν,
533 233 587 261 οἷον
601 234 709 270 χρυσίον
722 243 751 261 τε
770 235 817 261 καὶ
833 235 882 270 ἁρ-

91 279 199 315 γύριον,
224 279 270 305 καὶ
292 279 346 305 τῶν
365 279 446 305 λίθων
465 279 497 314 δὴ
520 278 620 305 τούτων
642 279 674 311 ἂς
697 279 838 313 ἀγαπῶσιν
856 280 881 306 οἱ

91 324 245 360 ἂνθρωποι·
255 324 303 351 καὶ
316 323 416 350 τούτων
432 324 538 350 πάντων
550 324 598 359 τὴν
615 324 743 358 ἀφθονίαν
758 325 881 360 καθάπερ

92 370 150 395 τισὶ
169 369 318 404 βασιλικοῖς
332 369 476 404 θησαυροῖς
490 370 546 400 τοῖς
567 369 616 404 τῆς
638 370 690 404 γῆς
710 370 819 401 κόλποις
835 371 882 404 ὲγ-

93 414 284 450 κατακρύψας,
302 414 387 445 οὕτως
405 413 590 440 ἀναδείκνυσιν
606 415 635 440 ὲν
657 414 695 450 τῷ
718 414 812 449 κόσμῳ
836 414 881 441 τὸν

93 460 248 495 ἄνθρωπον,
265 460 319 487 τῶν
331 461 359 486 ὲν
372 459 458 495 τούτῳ
474 460 629 495 Θαυμὰτων,
644 460 699 487 τῶν
719 460 767 496 μὲν
784 460 881 496 θεατὴν

93 507 234 541 ἐσόμενον,
247 506 301 533 τῶν
315 506 343 532 δὲ
357 505 460 541 κύριον,
476 506 513 537 ὡς
525 505 569 532 διὰ
584 505 632 541 μὲν
643 505 692 540 τῆς
707 505 881 538 ἀπολαύσεως

93 550 145 586 τὴν
160 551 266 577 σύνεσιν
277 550 324 576 τοῦ
338 550 518 586 χορηγοῦντος
538 549 620 585 ἐχειν,
641 550 684 576 διὰ
702 550 730 576 δὲ
749 550 795 577 τοῦ
815 551 881 577 κάλ-

93 596 159 628 λους
175 605 204 622 τε
217 596 264 623 καὶ
279 595 406 631 μεγέθους
422 596 476 622 τῶν
492 595 637 631 ὁρωμένων
657 595 706 630 τὴν
723 596 838 632 ἄρρητόν
853 605 882 622 τε

95 643 144 668 καὶ
159 642 229 677 ὑπὲρ
242 642 320 675 λόγον
338 641 383 668 τοῦ
402 641 580 676 πεποιηκότος
595 641 708 676 δύναμιν
722 641 879 676 ἀνιχνεύειν.

95 688 147 715 Διὰ
168 688 256 715 ταῦτα
276 687 428 719 τελευταῖος
456 687 525 721 μετὰ
549 687 596 722 τὴν
620 686 708 713 κτίσιν
731 686 844 722 είσήχθη
868 688 882 713 ὁ

95 734 248 770 ἄνθρωπος,
263 733 312 768 οὐχ
324 733 362 764 ὡς
372 732 523 767 ἀπόΰλητος
534 733 563 758 ἐν
575 732 698 767 ἐσχάτοις
711 733 881 767 ἀπορριφεὶς,

94 780 154 806 ἀλλ’
173 779 210 810 ὡς
229 779 286 814 ἆμα
300 780 333 814 τῇ
352 778 456 812 γενέσει
478 777 602 812 βασιλεὺς
618 776 686 804 εἶναι
704 777 757 803 τῶν
772 778 883 812 ὑποχει-

96 827 163 861 ρίων
186 825 339 860 προσήκων.
364 823 417 849 Καὶ
438 823 532 858 ὥσπερ
560 832 601 854 τις
626 822 726 857 ἀγαθὸς
751 823 883 858 ἑστιάτωρ

94 872 127 898 οὐ
141 870 195 906 πρὸ
207 872 256 906 τῆς
274 869 448 904 παρασκευῆς
467 868 521 894 τῶν
536 869 671 904 ἐδωδίμων
687 868 732 895 τδν
751 869 882 903 ἑστιώμε-
897 862 917 889 Β

95 925 142 943 νον
156 915 338 946 εἰσοικίζεται,
353 914 409 940 ἀλλ’
421 914 546 950 εὐπρεπῆ
555 914 590 940 τὰ
608 913 696 940 πάντα
710 914 884 949 παρασκευάο

97 971 158 994 σας,
177 963 223 988 καὶ
245 960 392 996 φαιδρύνας
413 961 468 991 τοῖς
484 959 631 994 καθήκουσι
655 959 767 994 κόσμοις
784 959 828 985 τὸν
843 958 883 986 οἵ·

96 1017 155 1040 κον,
173 1008 223 1042 τὴν
245 1006 351 1033 κλισίαν
364 1025 370 1037 ,
399 1005 447 1041 τὴν
462 1004 609 1040 τράπεζαν,
632 1005 674 1039 ἐφ’
694 1005 811 1039 ἑτοίμοις

95 1055 154 1085 τοῖς
169 1053 235 1088 πρὸς
256 1052 305 1087 τὴν
325 1051 425 1087 τροφὴν
445 1050 616 1085 ἐπιτηδείοις,
630 1049 751 1084 ἐφέστιον
770 1051 883 1076 ποιεῖται

95 1099 143 1127 τὸν
158 1098 307 1133 δαιτυμόνα
317 1106 324 1112 '
338 1097 407 1124 κατὰ
421 1097 466 1123 τὸν
478 1096 557 1123 αὑτὸν
572 1096 671 1131 τρόπον
686 1097 700 1122 ό
717 1095 843 1126 πλούσιός
853 1103 883 1121 τε

97 1145 145 1172 καὶ
156 1143 303 1178 πολυτελὴς
317 1143 366 1178 τῆς
382 1142 488 1176 φύσεως
506 1141 583 1177 ἡμῶν
602 1141 734 1176 ἑστιάτωρ
749 1140 884 1172 παντοίοις

98 1190 210 1217 κάλλεσι
222 1189 433 1223 κατακοσμήσεις
445 1187 493 1222 τὴν
507 1187 621 1221 οἴκησιν,
633 1187 680 1212 καὶ
699 1186 748 1221 τὴν
763 1186 883 1221 μεγάλην

97 1236 202 1271 ταύτην
227 1234 275 1261 καὶ
297 1233 452 1267 παντοδαπῆ
478 1231 636 1258 πανδαισίαν
662 1232 882 1266 ἑτοιμασάμενος,

98 1280 186 1312 οὓτως
199 1280 304 1313 εἰσάγει
316 1279 360 1305 τὸν
375 1277 526 1313 ἄνθρωπον.
546 1277 623 1312 ἔργον
634 1277 707 1311 αὐτῷ
721 1277 782 1308 δοὺς
794 1277 823 1303 οὐ
836 1276 883 1312 τὴν

97 1327 196 1361 κτῆσιν
215 1325 268 1352 τῶν
282 1325 319 1360 μὴ
332 1324 496 1359 προσόντων,
511 1323 579 1349 ἀλλὰ
599 1322 648 1358 τὴν
665 1322 811 1348 ἀπόλαυσιν
829 1322 884 1348 τῶν

97 1373 252 1407 παρόντων.
280 1371 335 1397 Καὶ
356 1369 399 1396 διὰ
423 1369 501 1396 τοῦτο
524 1368 620 1400 διπλᾶς
638 1367 712 1403 αὐτῷ
735 1368 784 1403 τῆς
805 1377 885 1394 κατα-

99 1416 201 1451 σκευῆς
212 1416 261 1447 τὰς
271 1414 396 1450 ἀφορμὰς
408 1413 612 1445 καταϐάλλεται,
625 1413 663 1448 τῷ
673 1413 758 1449 γηΐνῳ
773 1413 803 1439 τὸ
815 1414 884 1440 θεῖον

99 1461 299 1497 ἐγκαταμίξας
325 1461 368 1486 ἵνα
391 1459 425 1486 δι’
445 1459 604 1494 ἀμφοτέρων
632 1458 767 1492 συγγενῶς
787 1467 816 1485 τε
838 1460 885 1485 καὶ

98 1510 207 1540 οἰκείως
229 1507 297 1544 πρὸς
314 1506 446 1542 ἑκατέραν
465 1505 610 1532 ἀπόλαυσιν
626 1505 674 1541 ἔχῃ
691 1505 738 1531 τοῦ
754 1505 820 1531 Θεοῦ
835 1505 883 1540 μὲν

98 1556 142 1582 διὰ
151 1555 200 1590 τῆς
213 1553 349 1588 θειοτέρας
361 1551 475 1586 φύσεως,
489 1551 542 1577 τῶν
557 1550 585 1577 δὲ
603 1550 673 1577 κατὰ
688 1550 738 1586 τὴν
750 1551 801 1585 γῆν
815 1551 883 1584 ἁγα-

99 1601 152 1628 ΰῶν
165 1599 210 1627 διὰ
220 1599 269 1634 τῆς
280 1596 426 1634 ὁμογενοῦς
440 1596 589 1631 αἰσθήσεως
602 1595 755 1622 ἀπολαύων.

935 192 961 214 et
975 187 1108 221 germina,
1125 189 1180 212 tum
1197 188 1294 211 caetera
1310 191 1404 214 sensu,
1417 184 1471 210 vita
1491 187 1517 210 et
1535 183 1625 210 animo
1643 190 1712 218 pra!-

932 233 997 259 dita.
1008 232 1083 264 Quod
1097 232 1119 258 si
1131 231 1210 258 etiam
1227 237 1272 257 res
1283 229 1342 256 aliae
1353 229 1423 256 inter
1436 229 1485 256 has
1498 236 1563 264 opes
1574 228 1710 256 recenseri

932 282 1081 307 merentur.
1101 284 1169 311 quas
1189 276 1224 302 oh
1252 275 1413 309 elegantiam
1445 274 1590 308 quamdam
1622 275 1711 310 magni

932 324 1010 358 pretii
1023 331 1084 351 esse
1095 322 1235 349 hominum
1248 320 1317 348 oculi
1328 320 1452 354 judicant
1461 329 1467 346 :
1477 319 1550 346 verbi
1561 320 1657 354 gratia.
1665 328 1713 347 au-

931 377 1002 401 rum,
1031 372 1184 403 argentum,
1201 366 1297 401 lapilli,
1317 365 1529 400 quos‘homiues
1545 372 1632 400 usque
1647 365 1714 393 adeo

931 418 1061 449 expetunt
1074 424 1080 441 :
1093 415 1189 441 horum
1207 412 1287 439 etiam
1306 413 1332 438 in
1351 415 1432 438 terrae
1447 411 1524 438 sinus
1540 411 1651 438 intimos
1668 419 1716 438 co-

931 460 1014 494 piam,
1029 460 1104 487 velut
1121 459 1147 485 in
1168 458 1313 485 thesauros
1328 457 1417 491 regios
1433 455 1547 483 abdidit.
1566 456 1604 482 lta
1616 456 1715 483 deinde

932 506 1069 532 hominem
1097 503 1251 538 designavit
1277 503 1375 529 horum
1401 501 1495 528 mundi
1520 501 1713 528 miraculorum

933 551 1030 585 partim
1043 554 1234 584 spectatorem,
1247 548 1347 583 partim
1360 547 1564 582 dominum,qui
1574 547 1607 574 de
1617 547 1714 574 horum

934 596 1064 623 fruitione
1089 595 1252 630 sapientiam
1278 594 1348 628 ejus,
1367 593 1412 628 qui
1430 593 1487 621 haec
1509 593 1715 621 subministras-

933 645 984 672 set,
1006 646 1185 675 agnosceret:
1202 641 1235 667 de
1251 639 1456 673 pulchritudine
1469 646 1533 666 vero
1548 639 1715 674 magnitudi-

933 695 1020 722 neque
1035 687 1203 718 corumdem,
1219 687 1353 713 creatoris
1369 690 1528 721 potestatem
1541 685 1716 720 investigaret

934 733 1079 767 illam,qu:e
1088 740 1176 767 neque
1186 732 1379 766 comprehendi
1392 732 1601 766 ratione,neque
1614 731 1714 766 exponi

932 778 1085 806 enarrando
1094 783 1190 813 potest.
1201 777 1246 804 Ha-
1258 778 1341 813 igitur
1351 786 1442 805 causae
1452 782 1527 809 sunt,
1538 777 1714 812 quamobrem

933 828 993 858 post
1019 828 1110 850 creata
1128 828 1224 851 cetera
1252 824 1380 851 conditus
1404 824 1486 851 homo
1500 824 1545 851 sit.
1564 823 1622 850 Non
1641 823 1714 850 enim

932 869 1082 902 putandum
1097 872 1148 901 est,
1161 867 1265 895 ideirco
1280 868 1313 895 ad
1329 872 1451 895 extrema
1471 869 1603 903 rejectum
1620 867 1714 900 fuisse,

933 915 1004 950 quod
1022 914 1083 941 vilis
1097 918 1180 943 esset.
1197 914 1245 940 sed
1261 914 1332 948 quod
1350 922 1412 941 eum
1427 914 1519 940 statim
1539 913 1573 940 ab
1588 919 1649 940 ortu
1665 921 1717 941 suo

933 959 1100 994 reliquorum
1115 959 1238 986 omnium
1257 963 1388 993 tanquam
1413 959 1598 991 subditorum,
1625 967 1714 994 regem

932 1012 994 1031 esse
1020 1004 1175 1038 oportebat.
1211 1005 1300 1038 Atque
1331 1009 1361 1030 ut
1385 1005 1511 1040 egregius
1537 1005 1714 1036 convivator,

933 1053 1078 1084 antequam
1093 1049 1146 1076 cibi
1164 1050 1251 1084 parati
1268 1050 1334 1080 sint,
1350 1051 1492 1077 convivam
1509 1051 1617 1077 domum
1636 1058 1713 1078 suam

933 1102 987 1122 non
1022 1094 1151 1127 deducit;
1189 1094 1235 1121 sed
1266 1095 1394 1122 omnibus
1427 1096 1545 1130 prirnum
1579 1096 1716 1130 eleganter

934 1141 1086 1172 instructis,
1113 1141 1235 1173 ardibus,
1264 1141 1424 1172 cccnaeulo,
1456 1148 1550 1168 mensa
1576 1141 1718 1176 splendide

933 1187 1084 1218 exornatis,
1112 1187 1194 1214 rebus
1216 1186 1335 1221 denique
1352 1186 1383 1213 ad
1422 1187 1524 1214 victum
1551 1187 1717 1214 necessariis

933 1232 1060 1259 omnibus
1069 1232 1245 1266 comparatis,
1258 1237 1314 1258 tum
1329 1231 1426 1259 deinde
1438 1233 1581 1259 convivam
1593 1233 1695 1267 excipit
1709 1242 1716 1260 :

934 1278 971 1304 ita
1009 1278 1155 1312 opulentus
1191 1277 1252 1309 ille,
1290 1282 1525 1313 sumptuosusque
1558 1278 1718 1305 convivator

935 1327 1040 1354 noster,
1058 1321 1141 1349 domo
1156 1321 1232 1357 prius
1251 1322 1336 1349 variis
1355 1323 1438 1350 rebus
1454 1323 1594 1358 eleganter
1611 1328 1717 1353 ornata,

933 1368 1070 1403 epuloque
1094 1375 1193 1402 magno
1221 1368 1367 1399 instructo,
1396 1368 1469 1402 quod
1492 1368 1582 1395 omnis
1610 1368 1717 1403 generis

934 1413 1047 1440 delicias
1062 1413 1184 1445 haberet,
1201 1417 1258 1440 tum
1275 1413 1383 1440 demum
1400 1413 1537 1440 hominem
1557 1413 1716 1446 introducit,

934 1460 1014 1493 cuius
1029 1463 1102 1486 esset
1115 1466 1193 1493 opus,
1211 1466 1265 1485 non
1284 1466 1315 1486 ea
1330 1466 1390 1493 quae
1409 1459 1535 1486 abessent
1550 1466 1658 1494 parare,
1669 1459 1717 1486 sed

935 1504 1034 1532 oblatis
1048 1504 1113 1530 frui.
1124 1505 1271 1538 Propterea
1282 1503 1389 1531 duabus
1400 1509 1430 1531 ut
1440 1504 1522 1532 rebus
1529 1504 1648 1532 hominis
1658 1504 1718 1539 opi-

936 1551 1025 1578 ﬁcium
1035 1554 1183 1582 constaret,
1192 1550 1265 1583 fecit,
1277 1551 1428 1578 commistis
1435 1551 1564 1578 nimirum
1574 1550 1675 1578 divinis
1686 1557 1718 1577 ac

935 1595 1099 1626 terrenis,ut
1107 1595 1158 1630 ipsi
1168 1601 1222 1622 tam
1231 1595 1277 1623 Dei
1286 1604 1366 1630 quam
1375 1596 1544 1624 terrestrium
1556 1604 1646 1623 rerum
1657 1595 1720 1623 frui-

934 1642 1035 1669 tionem
1050 1645 1154 1668 natura:
1171 1649 1226 1669 suae
1241 1646 1451 1669 consentaneam
1467 1649 1498 1669 ac
1512 1643 1648 1678 propriam
1663 1646 1720 1669 uta-

100 1694 188 1717 tueret
197 1699 206 1717 ς
214 1688 323 1723 Deoque
332 1694 380 1722 per
388 1689 510 1713 naturam
521 1685 681 1713 diviniorem
687 1706 694 1718 ,
701 1685 778 1714 bonis
786 1690 873 1714 autem
883 1689 999 1716 terrenis
1005 1697 1053 1725 per
1060 1689 1230 1724 sensum,qui
1240 1689 1361 1724 ejusdem
1371 1694 1444 1717 esset
1453 1690 1690 1724 generis,t'rueretu
1696 1697 1718 1717 r.

365 1773 561 1801 ΚΕΦΑΛΔῙΟΝ
583 1773 620 1800 Γ’.

100 1845 165 1873 Ὀτι
187 1843 339 1879 τιμιωτέρα
364 1841 467 1879 {tian
489 1840 545 1879 τῆς
560 1839 742 1879 φαιγομένης
759 1840 884 1874 κτίσεως

301 1875 320 1911 ἢ
336 1876 389 1904 τοῦ
414 1876 568 1909 ἀνθρώπου
585 1875 686 1909 φύσις.

138 1936 229 1969 ’Λξιον
243 1935 271 1961 δὲ
287 1934 354 1970 μηδὲ
367 1933 444 1959 τοῦτο
458 1932 580 1967 παριδεῖν
603 1931 765 1967 ἀθεώρητον,
782 1933 822 1959 ὃτι
837 1932 884 1959 τοῦ

100 1982 259 2017 τηλικούτου
279 1980 380 2015 κόσμου
404 1980 450 2006 καὶ
466 1979 519 2005 τῶν
535 1979 593 2005 κατ’
612 1979 693 2005 αὑτὸν
711 1979 800 2014 μερῶν
816 1988 885 2005 στοι-

101 2027 221 2062 χειωδῶς
235 2026 302 2061 πρὸς
316 2026 365 2060 τὴν
386 2025 433 2051 τοῦ
457 2025 554 2056 παντὸς
578 2024 706 2051 σύστασιν
722 2024 886 2060 ὑποϐληθέν-

100 2080 166 2103 των,
181 2069 404 2105 ἀποσχεδιάζεταί
428 2078 486 2101 πως
509 2070 525 2105 ἡ
550 2070 637 2101 κτίσις
660 2069 712 2096 ὑπὸ
734 2070 782 2104 τῆς
812 2070 886 2102 θείας

101 2117 244 2151 δυνάμεως
263 2114 330 2150 ὸμοῦ
355 2115 393 2149 τῷ
413 2115 601 2149 προστάγματι
624 2115 802 2150 ὑφισταμένη.
831 2115 886 2151 Τῆς

102 2163 130 2189 δὲ
148 2161 195 2189 τοῦ
213 2161 355 2196 ἀνθρώπου
371 2161 539 2196 κατασκευῆς
557 2161 635 2196 βουλὴ
658 2163 826 2197 προηγεῖται,
840 2162 886 2188 καὶ

102 2205 288 2241 προτυποῦται
311 2204 385 2239 παρὰ
405 2204 450 2230 τοῦ
476 2204 669 2240 τεχνιτεύοντος
700 2206 743 2232 διὰ
766 2206 815 2241 τῆς
839 2206 886 2233 τοῦ

101 2252 181 2285 λόγου
201 2251 309 2286 γραφῆς
326 2251 356 2277 τὸ
376 2252 512 2286 ἐσόμενον,
530 2253 576 2279 καὶ
594 2250 649 2278 οἷον
661 2250 729 2279 εἶναι
744 2254 886 2288 προσήκει,

101 2298 148 2324 καὶ
165 2297 234 2332 πρὸς
249 2297 324 2322 ποῖον
339 2296 489 2331 ἀρχέτυπον
508 2296 555 2332 τὴν
570 2297 713 2332 ὁμοιότητα
726 2297 828 2332 φέρειν,
841 2298 887 2324 καὶ

102 2343 148 2369 ἐπὶ
164 2343 218 2368 τίνι
233 2342 385 2377 γενήσεται,
399 2341 445 2368 καὶ
465 2342 491 2368 τί
514 2343 652 2377 ἐνεργήσει
669 2343 811 2378 γενόμενον
841 2344 888 2370 καὶ

101 2388 182 2414 τίνων
197 2387 387 2422 ήγεμονεύσει⁸
403 2387 490 2414 πάντα
509 2387 745 2422 προδιασκοπεῖται
766 2387 780 2412 ὁ
799 2388 885 2421 λόγος,

1240 1777 1353 1805 CAPUT
1375 1777 1419 1805 lll.

988 1844 1108 1871 "ominis
1123 1849 1246 1870 naturam
1264 1845 1335 1870 omni
1351 1851 1437 1870 crmio
1452 1845 1520 1878 quod
1536 1847 1666 1873 cernimus

1178 1881 1392 1913 prwslantiorem
1410 1888 1474 1906 esse.

970 1933 1037 1960 Illud
1063 1935 1143 1961 etiam
1169 1935 1387 1962 consideratione
1407 1939 1498 1962 nostra
1522 1936 1634 1972 dignum
1659 1942 1719 1969 est,

936 1978 1007 2012 quod
1025 1985 1086 2004 cum
1105 1979 1223 2005 mundus
1238 1979 1283 2005 hic
1304 1979 1366 2006 talis
1390 1987 1421 2006 ac
1444 1984 1550 2012 tantus,
1573 1988 1719 2016 omnesque

935 2023 995 2058 ejus
1010 2028 1101 2059 partes
1115 2024 1147 2051 ad
1171 2024 1324 2051 machinam
1343 2025 1529 2053 universitatis
1544 2034 1634 2053 rerum
1651 2035 1719 2054 cou-

935 2070 1100 2098 stituendam
1116 2071 1212 2097 ordine
1228 2076 1364 2105 congeslae
1379 2076 1471 2098 essent
1483 2092 1490 2104 ,
1515 2073 1605 2105 nullo,
1630 2077 1659 2099 ut
1682 2074 1719 2100 ita

935 2116 1022 2143 dicam
1036 2135 1044 2147 ,
1060 2116 1167 2150 negotio
1180 2120 1277 2143 natura
1293 2124 1384 2143 rerum
1406 2125 1421 2143 a
1442 2116 1498 2144 Deo
1512 2123 1603 2145 creata
1626 2119 1678 2150 sit,
1693 2123 1721 2146 ct

937 2163 1068 2189 continuo
1084 2162 1117 2188 ad
1136 2162 1258 2196 ejusdem
1278 2168 1372 2189 nutum
1388 2163 1532 2191 exstiterit.
1552 2165 1586 2191 At
1602 2165 1720 2193 hominis

936 2207 1144 2235 fabricationem
1158 2208 1319 2235 deliberatio
1332 2209 1477 2242 praecedit,
1491 2213 1519 2237 et
1534 2210 1616 2237 futuri
1630 2211 1721 2245 operis

937 2257 971 2282 ab
985 2255 1089 2282 artiﬁce
1105 2255 1191 2282 forma
1208 2256 1341 2283 orationis
1355 2257 1461 2290 pictura
1475 2256 1638 2286 delineatur.
1650 2257 1720 2290 Qua-

936 2299 988 2326 lem
1013 2299 1142 2327 videlicet
1165 2300 1303 2327 hominem
1326 2309 1388 2328 esse
1411 2306 1553 2336 oporteat,
1577 2303 1721 2338 qualisque

936 2346 1098 2380 exemplaris
1121 2346 1265 2381 imaginem
1289 2347 1408 2379 referre,
1424 2348 1601 2382 quamobrem
1623 2356 1720 2376 crean-

937 2393 1005 2423 dus,
1030 2396 1056 2419 et
1075 2393 1160 2419 creati
1182 2401 1241 2427 quae
1261 2393 1360 2422 futurae
1381 2395 1436 2422 sint
1458 2395 1597 2427 actiones,
1620 2395 1721 2430 quibus

101 2433 139 2464 ὡς
152 2432 340 2468 πρεσϐυτέραν
359 2432 439 2458 αὑτὸν
454 2432 502 2467 τῆς
523 2432 653 2466 γενέσεως
679 2431 728 2467 τὴν
743 2432 820 2463 ἀξίαν
837 2431 883 2458 λα-

935 2443 996 2463 cum
1010 2437 1124 2471 imperio
1138 2437 1173 2464 sit
1188 2439 1352 2472 praefuturus
1367 2449 1373 2467 :
1390 2440 1423 2467 de
1439 2441 1481 2468 his
1497 2441 1580 2475 igitur
1592 2442 1721 2469 omnibus

101 2480 170 2513 χείν,
188 2478 253 2513 πρὶν
266 2477 410 2512 παρελθεῖν
423 2477 462 2509 είς
473 2477 503 2503 τὺ
518 2475 588 2504 εἶναι
606 2477 654 2512 τὴν
664 2477 716 2503 τῶν
730 2476 813 2503 ὄντων
825 2478 888 2511 ἡγε-

103 2524 197 2558 μονίαν
204 2522 386 2556 κτησάμενον.
396 2521 493 2549 ιΕἷπε»
508 2522 571 2558 γὰρ,
579 2523 670 2557 φησὶν,
681 2532 689 2547 ι
702 2522 796 2555 ὁΘεὸς,
805 2522 886 2557 Ποιή-

102 2578 192 2604 σωμεν
204 2569 346 2603 ἄνθρωπον
357 2569 416 2594 κατ’
427 2568 517 2595 είκόνα
528 2568 611 2603 ἡμετέ
616 2577 674 2603 ραν,
690 2569 735 2594 καὶ
749 2567 886 2602 ὁμοίωσιν,

100 2615 147 2641 καὶ
157 2615 316 2649 άρχέτωσαν
326 2614 379 2639 τῶν
390 2613 487 2648 ἰχθύων
497 2614 544 2648 τῆς
558 2614 702 2648 θαλάσσης,
718 2614 764 2640 καὶ
777 2614 830 2640 τῶν
841 2613 888 2648 θη-

101 2659 165 2695 ρίων
179 2661 228 2695 τῆς
238 2659 300 2694 γῆς,
313 2659 360 2686 καὶ
372 2659 424 2685 τῶν
438 2659 566 2685 πετεινῶν
576 2659 622 2685 τοῦ
639 2659 762 2694 οὐρανοῦ,
772 2659 821 2686 καὶ
834 2659 887 2685 τῶν

101 2705 216 2740 κτηνῶν,
231 2706 278 2731 καὶ
289 2705 379 2739 πάσης
391 2704 439 2738 τῆς
449 2705 509 2739 γῆς.
523 2714 531 2729 ι
544 2705 575 2730 Ὢ
590 2705 635 2731 τοῦ
647 2705 798 2740 θαύματοςῐ
812 2705 887 2740 ἥλιος

101 2749 343 2783 κατασκευάζεται,
353 2750 399 2776 καὶ
411 2750 520 2784 οὐδεμία
533 2752 690 2785 προηγεῖται
703 2750 797 2786 βουλή·
810 2751 838 2776 οὐ
844 2759 888 2785 ρα-

102 2797 143 2830 et;
152 2796 294 2830 ὡσαύτως,
303 2792 340 2825 ὧν
350 2795 424 2822 οὐδέν
430 2804 455 2822 τι
464 2795 518 2823 τῶν
526 2795 594 2823 κατὰ
601 2796 647 2832 τὴν
657 2797 743 2824 κτίσιν
753 2796 808 2823 ἴσον
817 2796 885 2830 ἐστὶ,

935 2482 1090 2517 dispicitur,
1119 2488 1149 2510 ut
1176 2485 1360 2519 praestantiam
1390 2485 1472 2512 homo
1503 2485 1720 2521 dignitatemque

935 2535 1012 2555 suam
1029 2530 1163 2557 obtineret
1173 2550 1181 2562 ,
1197 2536 1225 2558 ct
1240 2531 1316 2564 prius
1330 2532 1409 2558 etiam
1424 2541 1513 2559 rerum
1530 2533 1718 2560 liiiiversartun

935 2573 1115 2607 principatum
1131 2581 1355 2609 consequeretur.
1374 2585 1455 2612 quam
1474 2583 1551 2605 ortus
1572 2582 1655 2604 esset.
1678 2577 1720 2604 ld-

934 2619 1008 2646 circo
1029 2619 1117 2648 Moses
1137 2621 1193 2652 ait,
1219 2621 1301 2649 Deum
1330 2623 1381 2649 hoc
1409 2624 1526 2657 quodam
1547 2623 1628 2650 modo
1644 2623 1720 2650 loeu-

940 2668 996 2690 tum
1012 2671 1093 2692 esse:
1108 2675 1117 2691 ‹
1133 2665 1280 2695 Faciamus
1296 2668 1432 2696 hominem
1448 2669 1481 2695 ad
1502 2669 1646 2702 imaginem
1667 2676 1718 2695 no-

940 2709 989 2736 stri
1015 2717 1046 2737 ac
1071 2711 1293 2744 similitudinem,
1317 2718 1432 2748 estoque
1456 2713 1613 2740 hominibus
1634 2713 1719 2747 impe-

939 2754 1010 2781 rium
1033 2755 1061 2782 in
1077 2756 1160 2784 maris
1175 2758 1281 2791 pisces,
1299 2764 1355 2785 tum
1371 2763 1449 2785 terra:
1463 2759 1577 2790 belluas,
1593 2758 1720 2792 aerisque

939 2801 1079 2835 volucres,
1097 2802 1123 2830 in
1142 2803 1280 2838 jumenta,
1299 2804 1325 2831 in
1346 2809 1444 2832 terram
1468 2804 1586 2840 denique
1610 2804 1719 2831 univer-
