1919 3069
205 55 259 83 155
820 55 848 82 S.
867 53 1031 83 GREGOBII
1050 55 1198 84 NYSSE‘N]
1783 62 1836 88 136

204 121 262 141 sum
279 112 348 139 ’9'“.
367 121 377 138 ι
397 111 420 138 0
437 119 494 140 rem
511 112 714 141 admirandam!
733 113 778 141 Sol
795 119 904 141 creatur
918 115 983 141 null:

1045 115 1146 151 ῥήματι
1157 117 1230 152 μόνῳ
1240 117 1270 143 τὸ
1280 117 1397 144 τοιοῦτον
1410 118 1502 154 θαῦμα
1515 119 1681 150 συνίσταται,
1689 118 1752 146 οὔτε
1761 119 1833 153 ὅθεν,

203 158 400 186 deliberatione
417 160 602 194 praecedente,
615 160 767 195 eodemque
786 166 866 196 pacto
878 161 989 193 cmlum,

202 205 303 240 quibus
313 206 421 233 duobus
431 206 499 233 nihil
511 213 572 234 esse
585 214 634 241 par
644 207 745 235 creatis
756 207 784 234 in
797 208 879 235 rebus
889 211 989 242 potest.

204 251 265 279 Uno
276 252 360 279 verbo
373 251 531 286 huiusmodi
546 253 572 279 in
596 260 687 280 rerum
707 257 806 280 natura
827 253 989 280 miraculum

202 298 309 326 exstitit
324 307 330 324 :
349 305 437 332 neque
461 297 548 330 unde,
564 298 607 325 vel
627 298 765 333 quomodo
777 306 809 326 ea
824 298 895 325 facta
917 298 988 330 sint,

202 344 355 379 expositum
371 348 422 371 est.
439 343 510 370 ldem
527 344 634 371 caneris
649 344 677 371 in
691 344 774 371 rebus
791 344 908 380 singulis
922 352 972 371 usu
982 358 990 364 -

202 389 286 416 venit.
303 387 410 420 Hither.
427 388 518 416 sidera
529 408 536 420 ,
552 388 712 423 interiectus
728 389 799 417 inter
813 389 871 416 haec
893 393 921 417 et
940 397 991 416 nos

201 443 260 467 aer,
279 442 370 467 male,
396 439 483 468 terra,
509 435 656 468 animalia,
682 435 798 470 plantze,
820 435 911 463 omnia
936 443 991 462 uno

203 481 250 508 Dei
264 481 348 508 verbo
361 481 388 507 in
401 485 493 507 ortum
509 480 642 516 producta
657 486 732 509 sunt.
747 482 840 509 Solius
853 482 887 509 ad
902 482 990 508 homi-

202 527 246 554 nis
265 526 475 554 fabricationem
491 531 600 554 creator
620 527 666 556 ille
685 528 877 556 universitatis
898 535 989 555 rerum

201 573 319 607 quadam
340 581 403 600 cum
429 573 651 601 consideratione
670 574 775 601 accedit
793 583 800 601 :
825 579 989 609 praeparata-

201 627 254 653 que
274 619 391 654 primum
413 619 514 654 opificii
536 619 668 652 materie,
693 620 821 655 illiusque
844 620 931 647 forma
954 619 988 646 ad

1042 161 1102 187 οὒτε
1119 162 1203 195 ὅπως,
1220 163 1282 190 οὗτε
1300 163 1364 191 ἄλλο
1377 173 1403 190 τι
1424 165 1544 192 τοιοῦτον
1564 166 1833 201 παρασημηναμένου

1040 206 1087 233 τοῦ
1101 208 1190 242 λόγου.
1205 209 1283 235 Οὕτω
1302 210 1348 236 καὶ
1370 210 1403 236 τὰ
1420 210 1479 238 καθ’
1491 211 1606 238 ἕκαστον
1621 211 1725 242 πάντα,
1741 210 1833 246 αἰθὴρ,

1041 255 1165 291 ἀστέρες,
1182 257 1196 283 ὁ
1210 257 1255 283 διὰ
1271 257 1355 292 μέσου
1375 259 1440 294 ἀὴρ,
1453 259 1583 291 θάλαττα,
1603 260 1650 294 γῆ,
1671 260 1738 291 ζῶα,
1751 260 1832 294 φυτὰ,

1042 301 1131 328 πάντα
1151 301 1223 337 λόγῳ
1246 303 1314 338 πρὸς
1336 304 1443 338 γένεσιν
1461 306 1567 340 ἄγεται.
1589 306 1664 342 Μόνη
1684 306 1713 332 δὲ
1731 307 1765 341 τῇ
1787 306 1832 332 τοῦ

1041 345 1185 382 ἀνθρώπου
1209 349 1363 386 κατασκευῇ
1395 351 1634 388 περιεσκεμμένως
1657 352 1799 386 πρόσεισιν
1819 352 1834 377 ὁ

1040 392 1088 419 τοῦ
1103 394 1203 426 παντὸς
1218 396 1343 431 ποιητὴς,
1364 396 1402 429 ὡς
1424 397 1470 425 καὶ
1490 396 1556 432 ὕλην
1575 398 1650 433 αὐτῷ
1670 398 1720 432 τῆς
1735 398 1833 424 συστά-

1041 444 1110 470 σεως
1132 441 1339 476 προετοιμάσαι,
1360 443 1406 469 καὶ
1429 443 1576 479 ἀρχετύπῳ
1595 444 1648 470 τινὶ
1669 443 1762 470 κάλλει
1785 443 1834 478 τὴν

1042 484 1149 520 μορφὴν
1159 487 1300 521 ὁμοιῶσαι,
1323 490 1371 516 καὶ
1398 489 1531 526 προθέντα
1551 490 1597 517 τὸν
1611 490 1721 521 σκοπὸν,
1739 486 1770 516 οὖ
1785 490 1833 525 χά-

1041 537 1084 564 ριν
1105 530 1265 566 γενήσεται,
1287 535 1453 572 κατάλληλον
1476 535 1551 571 αύτῷ
1576 536 1623 562 καὶ
1642 536 1748 562 οἰκείαν
1773 538 1832 567 ταῖς

1041 575 1192 611 ἐνεργείαις
1204 579 1403 616 δημιουργῆσαι
1425 582 1474 619 τὴν
1485 582 1575 618 φύσιν,
1591 581 1751 618 ἐπιτηδείως
1765 582 1832 618 προς

1040 620 1071 647 τὸ
1085 624 1264 659 προκείμενον
1274 626 1397 662 ἔχουσαν.

200 665 307 692 eximiae
323 664 536 700 pulchritudinis
550 665 690 700 exemplar
702 665 909 701 exprimendum
925 665 1084 700 designata,
1101 667 1154 696 ﬁne
1167 670 1249 697 etiam
1265 673 1417 707 proposito,
1435 673 1468 701 ad
1489 681 1570 709 quem
1589 673 1726 701 crcandus
1740 677 1828 700 esset:

199 717 257 740 tum
273 713 371 740 deinde
384 717 508 740 naturam
526 713 579 740 sibi
594 713 766 741 consimilem
781 718 808 742 et
823 713 979 741 actionibus
992 713 1099 742 allinetn
1116 716 1248 751 fabricat,
1275 727 1336 755 qua?
1355 721 1448 756 operi.
1465 722 1508 748 cui
1530 721 1729 753 destinaretur,
1757 724 1830 748 essu

199 759 352 793 aptissima.

499 848 613 876 CAPUT
634 848 677 876 IV.

254 928 377 956 Hominis
397 928 530 962 opiﬁcium
549 928 574 953 in
591 927 713 954 omnibus
733 927 931 962 imperatoriam

337 963 482 998 quamdam
498 963 684 990 auctoritatem
700 968 842 990 ostentare.

231 1042 299 1070 Nam
315 1043 545 1077 quemadmodum
570 1043 597 1069 in
619 1042 703 1069 rebus
720 1042 848 1070 humanis
867 1041 985 1069 artiﬁces

197 1089 232 1116 iis
255 1089 447 1116 instrumentis
471 1096 533 1123 qua:
557 1088 738 1120 fabricantur,
764 1088 879 1115 formam
903 1088 984 1115 talem

197 1135 340 1168 tribuunt,
364 1135 455 1170 qualis
478 1142 539 1162 esse
559 1134 592 1161 ad
616 1142 715 1166 usum,
735 1134 780 1161 cui
801 1133 983 1165 destinantur,

198 1182 340 1217 aptissima
363 1180 452 1208 videri
476 1184 587 1215 potest:
609 1180 650 1208 sic
673 1180 916 1215 praestantissimus
939 1180 984 1207 ille

197 1234 290 1254 rerum
305 1225 403 1253 artifex
421 1230 545 1253 naturam
559 1229 681 1253 nostram
703 1225 825 1253 condidit
842 1226 918 1252 velut
939 1225 983 1252 in-

197 1276 382 1301 strumentqu
406 1271 542 1307 quoddam
566 1279 650 1306 regno
676 1271 894 1299 administrando
925 1271 984 1298 ido-

197 1325 289 1349 neunt,
306 1321 390 1351 utque
401 1320 474 1343 esset
490 1316 523 1342 ad
542 1315 595 1342 hoc
610 1316 692 1342 homo
706 1322 788 1350 quam
806 1314 982 1349 aptissimus.

196 1371 258 1390 cum
272 1361 507 1398 praestantissimis
522 1361 605 1388 animi
620 1361 730 1388 dotibus
741 1380 749 1392 ,
765 1365 822 1387 tum
836 1368 867 1388 ea
878 1382 886 1392 ,
900 1368 981 1395 quam

195 1409 352 1441 cernimus,
367 1408 491 1443 corporis
505 1415 569 1435 eutn
586 1407 675 1434 forma
698 1406 852 1434 exornavit.
869 1405 901 1432 Et
922 1406 983 1433 ani-

196 1463 258 1482 mus
273 1455 382 1489 quidem
396 1453 498 1488 regiam
517 1453 709 1487 excelsumque
728 1452 886 1486 dignitatem
904 1459 981 1479 suam

195 1487 329 1535 longe-ah
349 1487 503 1526 humilitate
524 1499 630 1534 privata
650 1499 821 1533 sejunctam,
838 1498 866 1524 in
887 1505 919 1524 eo
933 1496 981 1524 de-
995 1487 1017 1516 (ἶ

195 1549 282 1574 ctarat
297 1555 304 1573 :
318 1546 391 1581 quod
410 1546 552 1572 dominum
572 1544 710 1572 neminem
726 1543 867 1579 agnoscit,
882 1547 910 1571 et
932 1550 984 1570 suo

194 1601 226 1619 ea
243 1592 356 1619 arbitrio
371 1591 427 1626 agit
441 1591 552 1623 omnia;
576 1597 707 1624 meroque
721 1594 748 1616 et
768 1596 878 1616 sutnmo
898 1589 983 1624 impe-

195 1639 236 1665 rio
247 1659 253 1671 ,
270 1643 300 1665 ut
314 1638 364 1672 ipsi
380 1637 461 1670 libet,
477 1641 562 1664 semet
576 1636 723 1671 gubernat.
736 1635 803 1661 Nam
816 1635 860 1662 cui
873 1635 981 1662 tandem

195 1683 245 1709 hoc
260 1682 388 1709 c0nvenit
401 1703 407 1712 .
424 1682 447 1708 si
463 1689 516 1708 non
533 1680 615 1716 regi?
629 1679 764 1707 Praeterea
782 1680 917 1706 hominem
937 1688 984 1707 na-

194 1734 262 1755 tura:
281 1728 398 1758 divinae,
415 1727 494 1761 cujus
508 1728 599 1754 omnia
615 1730 711 1761 parent
731 1726 848 1761 imperio
859 1745 866 1757 ,
887 1726 982 1761 imagi-

195 1782 257 1801 nem
275 1782 354 1806 csse,
377 1773 445 1800 nihil
466 1780 528 1800 esse
550 1772 702 1808 putandutn
722 1777 765 1799 est
783 1773 876 1805 aliud,
898 1780 982 1808 quam

195 1822 299 1856 regium
314 1821 338 1848 ei
353 1820 438 1847 decus
460 1820 488 1847 in
510 1820 570 1855 ipsa
591 1820 730 1847 creatione
754 1819 886 1847 tributum
909 1827 980 1847 esse.

194 1865 428 1899 Quemadmodum
443 1865 514 1892 enim
531 1872 606 1892 more
619 1865 750 1895 humano,
767 1864 813 1898 qui
828 1863 981 1898 principum

194 1906 327 1948 imagines
343 1911 463 1943 faciunt,
479 1909 571 1937 nativa
594 1909 689 1937 formae
711 1909 813 1936 indicia
833 1908 981 1944 efﬁngunt,

193 1963 275 1993 atque
298 1957 380 1985 etiam
407 1964 536 1992 purpura:
560 1957 662 1984 amictu
687 1957 791 1992 regiam
820 1955 981 1991 dignitatem

193 2006 369 2040 exprimunt:
385 2011 471 2039 eaque
491 2003 588 2031 deinde
600 2003 658 2031 suis
679 2004 769 2038 imago
789 2003 913 2030 numeris
933 2003 982 2030 ab-

193 2053 282 2079 soluta
295 2059 328 2078 ex
344 2050 542 2078 consuetudine
565 2057 611 2078 rex
635 2050 804 2085 appellatur;
831 2051 868 2076 ita
889 2055 916 2076 et
937 2048 983 2076 ho-

194 2098 277 2126 minis
292 2101 406 2129 natura,
421 2097 461 2124 sic
474 2097 586 2124 condita
599 2101 628 2124 ut
642 2097 813 2131 reliquorum
827 2101 981 2123 crcatorum

192 2144 302 2171 domina
315 2147 406 2175 esset,
422 2149 533 2178 propter
554 2151 633 2175 eam,
657 2150 711 2177 qua
734 2150 824 2178 regem
846 2142 981 2170 universi-

193 2190 257 2223 tatis
272 2189 354 2224 hujus
367 2188 470 2221 refert,
482 2189 691 2216 similitudinem
703 2209 710 2221 ,
725 2189 814 2223 imago
826 2189 905 2223 quasi
919 2188 980 2215 viva

192 2239 283 2262 erecta
295 2241 338 2263 est
348 2255 356 2267 ,
369 2242 432 2262 cum
447 2242 500 2270 qua
514 2238 540 2262 et
553 2234 673 2269 dignitas
686 2239 712 2262 et
726 2241 826 2261 nomen
839 2234 977 2269 archetypi

193 2281 453 2309 communicaretur.
477 2280 566 2314 Atque
588 2283 646 2306 haec
667 2280 758 2313 imago
780 2287 834 2307 non
857 2287 977 2314 purpura

192 2331 234 2355 est
256 2330 404 2357 exornata,
424 2333 513 2360 neque
535 2329 644 2360 sceptro
664 2329 691 2351 ct
711 2325 784 2360 regia
805 2324 890 2352 fascia
910 2332 979 2359 prm-

193 2372 389 2401 stantissimam
412 2371 574 2406 dignitatem
603 2378 682 2398 suam
707 2375 737 2397 ut
760 2375 911 2399 ostentaret
935 2379 979 2399 ne—

193 2426 271 2446 ccsse
294 2417 427 2448 habebat,
451 2417 561 2452 quando
585 2425 619 2444 nc
640 2417 731 2452 ipsum
755 2417 863 2452 quidem
888 2425 979 2444 exem-

197 2464 287 2500 plum,
310 2463 343 2490 ad
364 2462 437 2497 quod
459 2467 500 2490 est
521 2462 707 2495 conformata,
730 2463 813 2490 rebus
835 2463 862 2490 in
886 2463 980 2498 hujus-

195 2510 268 2538 tnodi
291 2509 437 2540 consistit,
464 2508 511 2536 sed
538 2516 588 2543 pro
611 2517 732 2544 purpura
755 2509 856 2537 virtute
877 2510 978 2538 amicta

193 2561 249 2587 est,
269 2563 325 2590 quo
341 2555 415 2582 cultu
433 2554 500 2582 nihil
517 2554 603 2589 magis
616 2563 678 2582 esse
690 2555 793 2590 regium
807 2559 916 2590 potest:
932 2565 981 2592 pro

1304 851 1502 880 ΚΕΦΑΛΑΙΟΝ
1523 854 1560 880 Δ’.

1041 923 1104 951 ’Ὁτι
1126 924 1175 952 διὰ
1196 926 1317 964 πάντων
1337 929 1529 964 ἐπισημαίνει
1549 929 1608 963 τὴν
1629 930 1762 964 ἀρχικήν
1784 929 1829 961 ἐξ·

1135 962 1245 988 ουσίαν
1261 963 1281 996 ἠ
1300 963 1354 990 τοῦ
1367 962 1523 998 ἀνθρώπου
1543 962 1727 998 κατασκευή.

1073 1042 1206 1077 Καθάπερ
1227 1043 1281 1078 γὰρ
1304 1044 1334 1070 ἑν
1356 1043 1396 1079 τῷ
1422 1043 1472 1079 βίῳ
1490 1043 1577 1079 τούτῳ
1596 1043 1770 1079 καταλλήλως

1038 1085 1118 1120 χρείᾳ
1135 1086 1331 1121 σχηματίζεται
1351 1088 1425 1122 παρά
1445 1087 1498 1114 τῶν
1510 1088 1718 1123 τεχνιτευόντων
1735 1088 1765 1114 τὺ
1782 1087 1828 1124 δρ-

1038 1139 1119 1164 γανον
1129 1139 1136 1146 ·
1150 1130 1235 1164 οὕτως
1250 1129 1306 1159 οἷόν
1320 1142 1346 1159 τι
1366 1132 1462 1165 σκεῦος
1480 1134 1519 1165 εὶς
1534 1133 1671 1168 βασιλείας
1687 1134 1828 1169 ἐνέργειαν

1037 1178 1188 1214 ἐπιτήδειον
1199 1179 1249 1214 τὴν
1269 1178 1406 1215 ἡμετέραν
1422 1179 1502 1214 φύσιν
1521 1180 1536 1206 ό
1553 1180 1747 1216 ἀριστοτέχνης
1764 1179 1826 1214 ἐδη-

1038 1222 1199 1259 μιούργησε,
1223 1225 1279 1256 τοῖς
1305 1233 1334 1251 τε
1359 1224 1428 1251 κατά
1452 1225 1501 1260 τὴν
1524 1225 1613 1260 ψυχὴν
1636 1225 1827 1261 προτερήμασι

1037 1269 1084 1294 καὶ
1104 1268 1178 1304 αὐτῷ
1198 1268 1237 1304 τῷ
1256 1268 1303 1295 τοῦ
1326 1269 1450 1304 σώματος
1477 1270 1595 1305 σχήματι
1617 1270 1737 1296 τοιοῦτον
1756 1268 1827 1298 εἶναι

1036 1314 1258 1349 παρασκευάσας,
1270 1311 1326 1340 οἷον
1340 1315 1498 1350 ἐπιτηδείως
1511 1315 1578 1351 πρὸς
1593 1314 1730 1350 βασιλείαν
1741 1316 1824 1350 ἔχειν.

1042 1360 1072 1386 'H
1089 1360 1139 1395 μὲν
1153 1360 1207 1396 γάρ
1221 1360 1294 1396 ψυχὴ
1303 1361 1333 1387 τὸ
1344 1361 1482 1396 βασιλικόν
1499 1371 1529 1388 τε
1543 1362 1588 1388 καὶ
1604 1362 1760 1397 ἐπηρμένον
1775 1363 1826 1388 αύδ

1035 1405 1112 1432 τόθεν
1123 1406 1241 1433 δείκνυσι
1256 1407 1350 1442 πόρρω
1360 1407 1409 1442 τῆς
1423 1407 1559 1442 ἰδιωτικῆς
1571 1408 1764 1444 ταπεινότητος
1780 1417 1826 1434 κε-

1036 1452 1214 1488 χωρισμένον,
1238 1453 1270 1479 ὲκ
1293 1453 1339 1480 τοῦ
1355 1453 1500 1480 ἀδέσποτον
1518 1453 1602 1489 αὐτὴν
1615 1453 1682 1481 εἷναι
1697 1455 1743 1481 καὶ
1761 1455 1825 1481 αὐτο

1033 1498 1162 1531 εξούσιον,
1177 1499 1251 1531 ἰδίοις
1263 1499 1325 1534 θελή
1330 1508 1412 1534 μασιν
1422 1500 1660 1536 αὐτοκρατορικῶς
1670 1500 1825 1535 διοικουμέ-

1034 1553 1096 1579 νην.
1105 1544 1184 1576 Τίνος
1198 1544 1253 1580 γὰρ
1266 1544 1346 1572 ἄλλου
1361 1545 1450 1579 τοῦτο,
1461 1545 1507 1572 καὶ
1521 1545 1581 1581 οὐχὶ
1593 1546 1723 1581 βασιλέως
1731 1547 1823 1578 ἐστινς

1034 1589 1089 1616 Καὶ
1100 1589 1141 1616 ἐτι
1153 1590 1221 1625 πρὸς
1228 1589 1342 1623 τούτοις,
1356 1590 1387 1617 τὸ
1400 1591 1451 1626 τῆς
1463 1591 1678 1627 δυναστευούσης
1691 1591 1746 1618 τῶν
1758 1592 1824 1618 πάνυ

1033 1644 1086 1662 των
1103 1636 1212 1670 φύσεως
1233 1636 1325 1663 εἰκόνα
1345 1637 1492 1670 γενέσθαι,
1508 1637 1584 1664 οὐδὲν
1596 1637 1689 1673 ἔτερόν
1705 1638 1790 1669 ἐστιν,
1804 1636 1821 1673 ἢ

1033 1681 1114 1714 εὐθὺς
1131 1681 1253 1716 βασιλίδα
1278 1682 1514 1718 δημιουργηθῆναι
1534 1682 1584 1718 τὴν
1603 1683 1695 1717 φύσιν.
1714 1683 1823 1718 ’Ὥσπερ

1033 1728 1087 1764 γὰρ
1102 1728 1173 1755 κατὰ
1190 1729 1240 1764 τὴν
1263 1729 1438 1765 ἀνθρωπίνην
1455 1729 1597 1765 συνήθειαν
1611 1729 1636 1755 οἱ
1652 1729 1701 1760 τὰς
1715 1729 1822 1761 εἰκόνας

1032 1774 1085 1801 τῶν
1098 1774 1271 1809 κρατούντων
1285 1774 1545 1807 κατασκευάζοντες,
1559 1775 1604 1802 τόν
1615 1783 1646 1801 τε
1659 1775 1822 1811 χαρακτῆρα

1032 1820 1081 1855 τῆς
1095 1821 1202 1856 μορφῆς
1216 1821 1430 1856 ἀναμάσσονται,
1443 1822 1490 1848 καὶ
1503 1822 1536 1857 τῇ
1548 1821 1678 1857 περιϐολῇ
1691 1820 1742 1856 τῆς
1756 1829 1821 1856 πορ-

1033 1865 1144 1900 φυρίδος
1162 1866 1211 1901 τὴν
1227 1866 1369 1902 βασιλικὴν
1382 1866 1460 1899 ἀξίαν
1476 1867 1759 1903 συμπαραγράφουσι,
1774 1868 1822 1893 καὶ

1032 1911 1140 1945 λέγεται
1150 1912 1221 1939 κατὰ
1235 1912 1380 1947 συνήθειαν
1393 1912 1439 1939 καὶ
1451 1912 1467 1947 ἡ
1481 1912 1573 1945 εἰκὼν,
1589 1912 1715 1947 βασιλεύς
1724 1920 1732 1926 ⁸
1749 1912 1822 1939 οὕτω

1033 1959 1104 1995 καὶὴ
1116 1959 1273 1994 ἀνθρωπίνη
1281 1959 1372 1993 φύσις,
1388 1959 1480 1993 ἐπειδὴ
1491 1958 1559 1994 πρὸς
1567 1958 1615 1992 τὴν
1631 1959 1718 1993 ἀρχὴν
1733 1958 1821 1985 ἄλλων

1032 2005 1258 2038 κατεσκευάζετο,
1273 2005 1318 2031 διὰ
1327 2005 1377 2039 τῆς
1393 2004 1460 2040 πρὸς
1474 2003 1519 2031 τὸν
1536 2003 1646 2039 βασιλέα
1660 2004 1708 2030 τοῦ
1719 2004 1820 2035 παντὸς

1031 2051 1199 2087 ὁμοιότητος,
1211 2048 1267 2077 οἷόν
1283 2060 1325 2083 τις
1339 2051 1459 2086 ἔμψυχος
1470 2050 1552 2076 εἰκὼν
1563 2050 1708 2084 ἀνεστάθη,
1722 2059 1820 2077 κοινω⁴

1032 2098 1116 2125 νοῦσα
1135 2097 1173 2132 τῷ
1188 2097 1334 2132 ἀρχετύπῳ
1354 2097 1402 2124 καὶ
1421 2096 1470 2132 τῆς
1491 2096 1568 2129 ἀξίας
1592 2096 1699 2122 καὶτοῦ
1720 2096 1819 2131 ὀνόμα-

1034 2153 1095 2175 τος·
1113 2144 1144 2170 ού
1163 2143 1315 2179 πορφυρίδα
1334 2142 1523 2178 περικειμένη,
1543 2142 1602 2169 οὐδὲ
1618 2143 1750 2178 σκήπτρῳ
1772 2143 1818 2169 καὶ

1031 2189 1177 2225 διαδήματι
1204 2189 1253 2225 τὴν
1274 2188 1351 2220 ἀξίαν
1372 2188 1589 2224 ὲπισημαίνουσα
1613 2189 1694 2223 (οὐδὲ
1715 2189 1769 2225 γὰρ
1789 2189 1819 2214 τὸ

1031 2235 1184 2270 ἀρχέτυπον
1209 2235 1239 2260 ὲν
1265 2234 1371 2265 τούτοις
1395 2233 1506 2270 ἐστὶν),
1523 2234 1580 2260 ἀλλ’
1603 2234 1663 2260 ἀντὶ
1690 2234 1739 2267 μὲν
1766 2234 1817 2268 τῆς

1032 2280 1189 2316 ἁλουργίδος
1214 2280 1264 2315 τὴν
1282 2279 1383 2315 ἀρετὴν
1409 2279 1600 2315 ἠμφιεσμένη,
1621 2279 1636 2305 ὃ
1655 2279 1687 2314 δὴ
1706 2279 1816 2306 πάντων

1032 2325 1244 2362 βασιλικώτατον
1265 2326 1425 2362 ἐσθημάτων
1437 2325 1524 2352 ἐστίν·
1541 2326 1600 2352 ἀντὶ
1619 2325 1646 2352 δὲ
1663 2324 1710 2352 τοῦ
1727 2327 1817 2360 σκήπ-

1033 2381 1098 2408 τρου
1107 2373 1140 2407 τῇ
1157 2373 1336 2408 μακαριότητι
1348 2372 1397 2407 τῆς
1410 2371 1559 2403 ἀθανασίας
1570 2371 1727 2407 ἐρειδομένη
1737 2379 1744 2385 ·
1757 2371 1817 2398 ἀντὶ

1031 2418 1059 2445 δὲ
1074 2418 1120 2445 τοῦ
1136 2417 1274 2453 βασιλικοῦ
1285 2417 1448 2452 διαδήματος
1460 2417 1499 2452 τῷ
1510 2418 1559 2452 τῆς
1571 2417 1742 2453 δικαιοσύνης
1758 2426 1816 2444 στε·

1033 2466 1110 2500 φάνῳ
1125 2464 1330 2500 κεκοσμημένη.
1347 2463 1416 2490 ὥστε
1429 2464 1473 2490 διὰ
1490 2463 1598 2490 πάντων
1611 2463 1640 2489 ὲν
1656 2463 1755 2498 τῷ.τῆς
1770 2463 1816 2498 βα-

1034 2510 1135 2541 σιλείας
1159 2509 1293 2544 ἀξιώματι
1311 2508 1466 2536 δείκνυσθαι
1484 2508 1516 2535 δι’
1534 2508 1679 2544 ἀκριϐείας
1694 2508 1765 2544 πρὸς
1787 2509 1817 2535 τὸ

1034 2556 1186 2592 ἀρχέτυπον
1199 2554 1295 2586 κάλλος
1311 2554 1498 2589 ὁμοιωθεῖσαν.

194 2606 321 2637 sceptro,
337 2601 484 2629 immortali
502 2602 632 2629 bcatitate
647 2601 778 2630 sullulta:
798 2610 846 2637 pro
863 2603 935 2638 regia
954 2603 1055 2635 fascia,
1070 2602 1183 2637 justitia:
1197 2609 1299 2629 corona
1327 2605 1468 2628 exornata.
1493 2599 1615 2635 Denique
1631 2600 1665 2628 de
1687 2600 1817 2628 omnibus

194 2658 255 2686 qum
271 2648 405 2684 maiestati
424 2649 505 2684 regia:
518 2649 701 2683 conveniunt,
721 2654 848 2685 apparet,
875 2657 956 2677 unam
981 2651 1051 2677 hanc
1077 2649 1239 2685 imaginem,
1258 2647 1490 2686 pulchritudinem
1505 2647 1637 2683 principis
1652 2648 1816 2683 exemplaris

194 2703 319 2726 accurate
334 2697 444 2724 referre.

229 2777 288 2794 "-‘°
302 2777 368 2804 Gen.
388 2783 406 2807 t,
423 2774 463 2804 ὶῖ.
