  <div class='ocr_page' id='page_1' title='image "/cluster/home/n/w/nwhite01/storage/ocr_20150623/46/njp.32101077772604/090.png"; bbox 0 0 1919 3069; ppageno 0'>
   <div class='ocr_carea' id='block_1_1' title="bbox 91 102 1180 138">
    <p class='ocr_par' dir='ltr' id='par_1_1' title="bbox 91 102 1180 138">
     <span class='ocr_line' id='line_1_1' title="bbox 91 102 1180 138; baseline 0.006 -8"><span class='ocrx_word' id='word_1_1' title='bbox 91 102 133 130; x_wconf 71' lang='lat' dir='ltr'><strong>HI</strong></span> <span class='ocrx_word' id='word_1_2' title='bbox 630 105 673 133; x_wconf 83' lang='lat' dir='ltr'><strong>DE</strong></span> <span class='ocrx_word' id='word_1_3' title='bbox 689 104 796 134; x_wconf 70' lang='lat' dir='ltr'><strong>ANIMA</strong></span> <span class='ocrx_word' id='word_1_4' title='bbox 816 105 858 133; x_wconf 85' lang='lat' dir='ltr'><strong>ET</strong></span> <span class='ocrx_word' id='word_1_5' title='bbox 881 106 1180 138; x_wconf 69' lang='lat' dir='ltr'><strong>liESUliliECTiONE.</strong></span> 
     </span>
    </p>
   </div>
   <div class='ocr_carea' id='block_1_2' title="bbox 1671 118 1722 146">
    <p class='ocr_par' dir='ltr' id='par_1_2' title="bbox 1671 118 1722 146">
     <span class='ocr_line' id='line_1_2' title="bbox 1671 118 1722 146; baseline 0 0"><span class='ocrx_word' id='word_1_6' title='bbox 1671 118 1722 146; x_wconf 71' lang='grc'><strong>112</strong></span> 
     </span>
    </p>
   </div>
   <div class='ocr_carea' id='block_1_3' title="bbox 90 160 886 210">
    <p class='ocr_par' dir='ltr' id='par_1_3' title="bbox 90 160 884 201">
     <span class='ocr_line' id='line_1_3' title="bbox 90 160 884 201; baseline 0.008 -14"><span class='ocrx_word' id='word_1_7' title='bbox 90 160 215 192; x_wconf 69' lang='grc' dir='ltr'>τοιοῦτον,</span> <span class='ocrx_word' id='word_1_8' title='bbox 228 170 373 199; x_wconf 75' lang='grc' dir='ltr'>εντυχοιμι</span> <span class='ocrx_word' id='word_1_9' title='bbox 385 164 448 199; x_wconf 74' lang='grc' dir='ltr'>νέῳ,</span> <span class='ocrx_word' id='word_1_10' title='bbox 463 165 571 200; x_wconf 77' lang='grc' dir='ltr'>χομὴτῃ</span> <span class='ocrx_word' id='word_1_11' title='bbox 585 164 633 200; x_wconf 68' lang='grc'><strong>(6),</strong></span> <span class='ocrx_word' id='word_1_12' title='bbox 652 166 760 200; x_wconf 80' lang='grc' dir='ltr'>γρυπῷ.</span> <span class='ocrx_word' id='word_1_13' title='bbox 773 167 884 201; x_wconf 71' lang='grc' dir='ltr'>μελανο-</span> 
     </span>
    </p>
   </div>
   <div class='ocr_carea' id='block_1_4' title="bbox 940 160 1722 210">
    <p class='ocr_par' dir='ltr' id='par_1_4' title="bbox 940 169 1722 210">
     <span class='ocr_line' id='line_1_4' title="bbox 940 169 1722 210; baseline 0.012 -15"><span class='ocrx_word' id='word_1_14' title='bbox 940 169 1013 196; x_wconf 72' lang='grc' dir='ltr'>ιριὺὶ</span> <span class='ocrx_word' id='word_1_15' title='bbox 1030 170 1117 204; x_wconf 78' lang='lat' dir='ltr'><strong>gratia</strong></span> <span class='ocrx_word' id='word_1_16' title='bbox 1135 170 1158 197; x_wconf 87' lang='lat' dir='ltr'><strong>is</strong></span> <span class='ocrx_word' id='word_1_17' title='bbox 1179 178 1240 198; x_wconf 90' lang='lat' dir='ltr'><strong>esse</strong></span> <span class='ocrx_word' id='word_1_18' title='bbox 1251 178 1314 199; x_wconf 89' lang='lat' dir='ltr'><strong>raro</strong></span> <span class='ocrx_word' id='word_1_19' title='bbox 1335 173 1446 207; x_wconf 79' lang='lat' dir='ltr'><strong>capillo,</strong></span> <span class='ocrx_word' id='word_1_20' title='bbox 1464 174 1543 201; x_wconf 74' lang='lat' dir='ltr'><strong>labiis</strong></span> <span class='ocrx_word' id='word_1_21' title='bbox 1566 177 1722 210; x_wconf 85' lang='lat' dir='ltr'><strong>prominen-</strong></span> 
     </span>
    </p>
   </div>
   <div class='ocr_carea' id='block_1_5' title="bbox 91 205 884 247">
    <p class='ocr_par' dir='ltr' id='par_1_5' title="bbox 91 205 884 247">
     <span class='ocr_line' id='line_1_5' title="bbox 91 205 884 247; baseline 0.008 -17"><span class='ocrx_word' id='word_1_22' title='bbox 91 206 150 240; x_wconf 49' lang='grc' dir='ltr'><strong>χ.Ὧῖ</strong></span> <span class='ocrx_word' id='word_1_23' title='bbox 178 205 230 239; x_wconf 72' lang='lat'><strong>(5),</strong></span> <span class='ocrx_word' id='word_1_24' title='bbox 256 207 306 233; x_wconf 72' lang='grc' dir='ltr'><strong>καὶ</strong></span> <span class='ocrx_word' id='word_1_25' title='bbox 322 209 357 234; x_wconf 80' lang='grc' dir='ltr'><strong>τὰ</strong></span> <span class='ocrx_word' id='word_1_26' title='bbox 377 209 457 236; x_wconf 71' lang='grc' dir='ltr'>λοιπὰ</span> <span class='ocrx_word' id='word_1_27' title='bbox 470 209 558 236; x_wconf 71' lang='grc' dir='ltr'>πάντα</span> <span class='ocrx_word' id='word_1_28' title='bbox 568 210 616 235; x_wconf 80' lang='grc' dir='ltr'>τοῦ</span> <span class='ocrx_word' id='word_1_29' title='bbox 633 210 703 236; x_wconf 69' lang='grc' dir='ltr'>κατὰ</span> <span class='ocrx_word' id='word_1_30' title='bbox 714 211 762 246; x_wconf 80' lang='grc' dir='ltr'>τὴν</span> <span class='ocrx_word' id='word_1_31' title='bbox 778 211 884 247; x_wconf 66' lang='grc' dir='ltr'>μορφὴν</span> 
     </span>
    </p>
   </div>
   <div class='ocr_carea' id='block_1_6' title="bbox 89 252 884 292">
    <p class='ocr_par' dir='ltr' id='par_1_6' title="bbox 89 252 884 292">
     <span class='ocr_line' id='line_1_6' title="bbox 89 252 884 292; baseline 0.005 -14"><span class='ocrx_word' id='word_1_32' title='bbox 89 252 262 287; x_wconf 78' lang='grc' dir='ltr'>χαρακτῆρος</span> <span class='ocrx_word' id='word_1_33' title='bbox 285 253 388 290; x_wconf 78' lang='grc' dir='ltr'><strong>ἑτέρως</strong></span> <span class='ocrx_word' id='word_1_34' title='bbox 409 255 506 290; x_wconf 75' lang='grc' dir='ltr'>ἔχοντι.</span> <span class='ocrx_word' id='word_1_35' title='bbox 536 252 609 290; x_wconf 75' lang='grc' dir='ltr'>Ἀρα</span> <span class='ocrx_word' id='word_1_36' title='bbox 632 256 726 282; x_wconf 78' lang='grc' dir='ltr'>τοῦτον</span> <span class='ocrx_word' id='word_1_37' title='bbox 748 257 824 289; x_wconf 67' lang='grc' dir='ltr'>εἰδὼς</span> <span class='ocrx_word' id='word_1_38' title='bbox 846 257 884 292; x_wconf 64' lang='lat' dir='ltr'><strong>(tu)</strong></span> 
     </span>
    </p>
   </div>
   <div class='ocr_carea' id='block_1_7' title="bbox 89 297 885 336">
    <p class='ocr_par' dir='ltr' id='par_1_7' title="bbox 89 297 885 336">
     <span class='ocr_line' id='line_1_7' title="bbox 89 297 885 336; baseline 0.01 -14"><span class='ocrx_word' id='word_1_39' title='bbox 89 297 194 324; x_wconf 74' lang='grc' dir='ltr'>ἐκεῖνον</span> <span class='ocrx_word' id='word_1_40' title='bbox 204 297 334 333; x_wconf 72' lang='grc' dir='ltr'><strong>οἰήσομαι</strong></span> <span class='ocrx_word' id='word_1_41' title='bbox 344 308 351 331; x_wconf 88' lang='lat'>;</span> <span class='ocrx_word' id='word_1_42' title='bbox 362 300 462 335; x_wconf 80' lang='grc' dir='ltr'>μᾶλλον</span> <span class='ocrx_word' id='word_1_43' title='bbox 472 300 501 327; x_wconf 78' lang='grc' dir='ltr'>δὲ</span> <span class='ocrx_word' id='word_1_44' title='bbox 515 300 542 327; x_wconf 82' lang='grc' dir='ltr'><strong>τί</strong></span> <span class='ocrx_word' id='word_1_45' title='bbox 556 301 608 336; x_wconf 84' lang='grc' dir='ltr'><strong>χρὴ</strong></span> <span class='ocrx_word' id='word_1_46' title='bbox 621 304 680 333; x_wconf 88' lang='grc' dir='ltr'>ταῖς</span> <span class='ocrx_word' id='word_1_47' title='bbox 695 302 817 329; x_wconf 75' lang='grc' dir='ltr'>ἐλάττοσι</span> <span class='ocrx_word' id='word_1_48' title='bbox 831 304 885 330; x_wconf 83' lang='grc' dir='ltr'>τῶν</span> 
     </span>
    </p>
   </div>
   <div class='ocr_carea' id='block_1_8' title="bbox 88 342 886 382">
    <p class='ocr_par' dir='ltr' id='par_1_8' title="bbox 88 342 886 382">
     <span class='ocr_line' id='line_1_8' title="bbox 88 342 886 382; baseline 0.008 -14"><span class='ocrx_word' id='word_1_49' title='bbox 88 342 241 369; x_wconf 58' lang='lat' dir='ltr'><strong>tunicam</strong></span> <span class='ocrx_word' id='word_1_50' title='bbox 264 344 443 381; x_wconf 76' lang='grc' dir='ltr'>ἐνδιατρίϐειν</span> <span class='ocrx_word' id='word_1_51' title='bbox 463 345 508 372; x_wconf 71' lang='grc' dir='ltr'><strong>τον</strong></span> <span class='ocrx_word' id='word_1_52' title='bbox 529 346 701 382; x_wconf 73' lang='grc' dir='ltr'><strong>ἰσχυρότερον</strong></span> <span class='ocrx_word' id='word_1_53' title='bbox 715 347 754 382; x_wconf 92' lang='grc'><strong>(7)</strong></span> <span class='ocrx_word' id='word_1_54' title='bbox 771 347 886 382; x_wconf 76' lang='grc' dir='ltr'>ἀφιέμε-</span> 
     </span>
    </p>
   </div>
   <div class='ocr_carea' id='block_1_9' title="bbox 88 387 884 427">
    <p class='ocr_par' dir='ltr' id='par_1_9' title="bbox 88 387 884 427">
     <span class='ocr_line' id='line_1_9' title="bbox 88 387 884 427; baseline 0.008 -14"><span class='ocrx_word' id='word_1_55' title='bbox 88 395 135 414; x_wconf 74' lang='grc' dir='ltr'><strong>νον</strong></span> <span class='ocrx_word' id='word_1_56' title='bbox 155 387 214 422; x_wconf 85' lang='grc'><strong>(8);</strong></span> <span class='ocrx_word' id='word_1_57' title='bbox 231 389 280 421; x_wconf 76' lang='grc' dir='ltr'>Τίς</span> <span class='ocrx_word' id='word_1_58' title='bbox 300 390 355 425; x_wconf 82' lang='grc' dir='ltr'><strong>γὰρ</strong></span> <span class='ocrx_word' id='word_1_59' title='bbox 373 391 423 417; x_wconf 83' lang='grc' dir='ltr'>οὐκ</span> <span class='ocrx_word' id='word_1_60' title='bbox 437 389 516 423; x_wconf 72' lang='grc' dir='ltr'>οἶδεν,</span> <span class='ocrx_word' id='word_1_61' title='bbox 532 392 573 417; x_wconf 72' lang='grc' dir='ltr'><strong>ὅτι</strong></span> <span class='ocrx_word' id='word_1_62' title='bbox 588 392 637 427; x_wconf 77' lang='grc' dir='ltr'>ροῇ</span> <span class='ocrx_word' id='word_1_63' title='bbox 655 401 708 418; x_wconf 84' lang='grc' dir='ltr'>τινι</span> <span class='ocrx_word' id='word_1_64' title='bbox 725 393 884 427; x_wconf 76' lang='grc' dir='ltr'><strong>προσέοικεν</strong></span> 
     </span>
    </p>
   </div>
   <div class='ocr_carea' id='block_1_10' title="bbox 87 433 883 472">
    <p class='ocr_par' dir='ltr' id='par_1_10' title="bbox 87 433 883 472">
     <span class='ocr_line' id='line_1_10' title="bbox 87 433 883 472; baseline 0.005 -12"><span class='ocrx_word' id='word_1_65' title='bbox 87 433 106 469; x_wconf 76' lang='grc' dir='ltr'><strong>ἠ</strong></span> <span class='ocrx_word' id='word_1_66' title='bbox 133 433 294 472; x_wconf 73' lang='grc' dir='ltr'><strong>ἀνθρωπίνη</strong></span> <span class='ocrx_word' id='word_1_67' title='bbox 315 436 406 470; x_wconf 73' lang='grc' dir='ltr'>φύσις,</span> <span class='ocrx_word' id='word_1_68' title='bbox 432 436 486 463; x_wconf 75' lang='grc' dir='ltr'><strong>ἀπὸ</strong></span> <span class='ocrx_word' id='word_1_69' title='bbox 501 437 634 469; x_wconf 81' lang='grc' dir='ltr'>γενέσεως</span> <span class='ocrx_word' id='word_1_70' title='bbox 656 438 696 469; x_wconf 85' lang='grc' dir='ltr'><strong>εἰς</strong></span> <span class='ocrx_word' id='word_1_71' title='bbox 713 437 827 465; x_wconf 83' lang='grc' dir='ltr'>θάνατον</span> <span class='ocrx_word' id='word_1_72' title='bbox 840 439 883 464; x_wconf 72' lang='grc' dir='ltr'>ἀεὶ</span> 
     </span>
    </p>
   </div>
   <div class='ocr_carea' id='block_1_11' title="bbox 87 478 883 519">
    <p class='ocr_par' dir='ltr' id='par_1_11' title="bbox 87 478 883 519">
     <span class='ocr_line' id='line_1_11' title="bbox 87 478 883 519; baseline 0.006 -13"><span class='ocrx_word' id='word_1_73' title='bbox 87 478 135 506; x_wconf 76' lang='grc' dir='ltr'>διὰ</span> <span class='ocrx_word' id='word_1_74' title='bbox 149 487 222 511; x_wconf 85' lang='grc' dir='ltr'>τινος</span> <span class='ocrx_word' id='word_1_75' title='bbox 233 481 367 517; x_wconf 67' lang='grc' dir='ltr'>κινήσεως</span> <span class='ocrx_word' id='word_1_76' title='bbox 378 482 520 517; x_wconf 79' lang='grc' dir='ltr'><strong>προϊοῦσα,</strong></span> <span class='ocrx_word' id='word_1_77' title='bbox 536 482 597 508; x_wconf 77' lang='grc' dir='ltr'>τότε</span> <span class='ocrx_word' id='word_1_78' title='bbox 618 483 668 518; x_wconf 81' lang='grc' dir='ltr'><strong>τῆς</strong></span> <span class='ocrx_word' id='word_1_79' title='bbox 684 484 816 519; x_wconf 81' lang='grc' dir='ltr'>κινήσεως</span> <span class='ocrx_word' id='word_1_80' title='bbox 834 484 883 519; x_wconf 80' lang='grc' dir='ltr'><strong>λή-</strong></span> 
     </span>
    </p>
   </div>
   <div class='ocr_carea' id='block_1_12' title="bbox 88 525 690 563">
    <p class='ocr_par' dir='ltr' id='par_1_12' title="bbox 88 525 690 563">
     <span class='ocr_line' id='line_1_12' title="bbox 88 525 690 563; baseline 0.008 -12"><span class='ocrx_word' id='word_1_81' title='bbox 88 532 188 558; x_wconf 82' lang='grc' dir='ltr'>γουσα,</span> <span class='ocrx_word' id='word_1_82' title='bbox 204 525 267 553; x_wconf 81' lang='grc' dir='ltr'>ὅταν</span> <span class='ocrx_word' id='word_1_83' title='bbox 279 527 326 554; x_wconf 81' lang='grc' dir='ltr'><strong>καὶ</strong></span> <span class='ocrx_word' id='word_1_84' title='bbox 338 527 387 554; x_wconf 79' lang='grc' dir='ltr'><strong>τοῦ</strong></span> <span class='ocrx_word' id='word_1_85' title='bbox 397 526 467 554; x_wconf 71' lang='grc' dir='ltr'>εἶναι</span> <span class='ocrx_word' id='word_1_86' title='bbox 482 528 617 555; x_wconf 77' lang='grc' dir='ltr'>παύσεται</span> <span class='ocrx_word' id='word_1_87' title='bbox 633 529 670 563; x_wconf 88' lang='lat'><strong>(9)</strong></span> <span class='ocrx_word' id='word_1_88' title='bbox 682 537 690 560; x_wconf 82' lang='lat'><strong>;</strong></span> 
     </span>
    </p>
   </div>
   <div class='ocr_carea' id='block_1_13' title="bbox 936 213 1718 255">
    <p class='ocr_par' dir='ltr' id='par_1_13' title="bbox 936 213 1718 255">
     <span class='ocr_line' id='line_1_13' title="bbox 936 213 1718 255; baseline 0.013 -16"><span class='ocrx_word' id='word_1_89' title='bbox 936 213 1008 240; x_wconf 83' lang='lat' dir='ltr'><strong>libus</strong></span> <span class='ocrx_word' id='word_1_90' title='bbox 1038 218 1121 248; x_wconf 87' lang='lat' dir='ltr'><strong>atque</strong></span> <span class='ocrx_word' id='word_1_91' title='bbox 1140 214 1279 248; x_wconf 70' lang='lat' dir='ltr'><strong>demissis,</strong></span> <span class='ocrx_word' id='word_1_92' title='bbox 1308 217 1421 244; x_wconf 88' lang='lat' dir='ltr'><strong>naribus</strong></span> <span class='ocrx_word' id='word_1_93' title='bbox 1446 220 1570 246; x_wconf 84' lang='lat' dir='ltr'><strong>nonnihil</strong></span> <span class='ocrx_word' id='word_1_94' title='bbox 1604 223 1718 255; x_wconf 81' lang='lat' dir='ltr'><strong>pressis.</strong></span> 
     </span>
    </p>
   </div>
   <div class='ocr_carea' id='block_1_14' title="bbox 936 259 1719 302">
    <p class='ocr_par' dir='ltr' id='par_1_14' title="bbox 936 259 1719 302">
     <span class='ocr_line' id='line_1_14' title="bbox 936 259 1719 302; baseline 0.014 -18"><span class='ocrx_word' id='word_1_95' title='bbox 936 259 1026 291; x_wconf 88' lang='lat' dir='ltr'><strong>albus,</strong></span> <span class='ocrx_word' id='word_1_96' title='bbox 1042 260 1131 288; x_wconf 80' lang='lat' dir='ltr'><strong>c:L-siis</strong></span> <span class='ocrx_word' id='word_1_97' title='bbox 1156 261 1254 293; x_wconf 85' lang='lat' dir='ltr'><strong>oculis.</strong></span> <span class='ocrx_word' id='word_1_98' title='bbox 1266 269 1336 289; x_wconf 88' lang='lat' dir='ltr'><strong>cano</strong></span> <span class='ocrx_word' id='word_1_99' title='bbox 1351 264 1460 297; x_wconf 80' lang='lat' dir='ltr'><strong>capillo,</strong></span> <span class='ocrx_word' id='word_1_100' title='bbox 1475 272 1590 300; x_wconf 84' lang='lat' dir='ltr'><strong>corpore</strong></span> <span class='ocrx_word' id='word_1_101' title='bbox 1603 275 1719 302; x_wconf 82' lang='lat' dir='ltr'><strong>rugoso;</strong></span> 
     </span>
    </p>
   </div>
   <div class='ocr_carea' id='block_1_15' title="bbox 933 304 1720 352">
    <p class='ocr_par' dir='ltr' id='par_1_15' title="bbox 933 304 1720 352">
     <span class='ocr_line' id='line_1_15' title="bbox 933 304 1720 352; baseline 0.013 -23"><span class='ocrx_word' id='word_1_102' title='bbox 933 304 1034 352; x_wconf 59' lang='lat' dir='ltr'><strong>c&#39;leindc</strong></span> <span class='ocrx_word' id='word_1_103' title='bbox 1050 305 1072 332; x_wconf 96' lang='lat' dir='ltr'><strong>si</strong></span> <span class='ocrx_word' id='word_1_104' title='bbox 1086 313 1213 340; x_wconf 71' lang='lat' dir='ltr'><strong>qumrens</strong></span> <span class='ocrx_word' id='word_1_105' title='bbox 1224 314 1286 334; x_wconf 89' lang='lat' dir='ltr'><strong>eum</strong></span> <span class='ocrx_word' id='word_1_106' title='bbox 1305 307 1423 334; x_wconf 83' lang='lat' dir='ltr'><strong>incidam</strong></span> <span class='ocrx_word' id='word_1_107' title='bbox 1435 308 1461 335; x_wconf 86' lang='lat' dir='ltr'><strong>in</strong></span> <span class='ocrx_word' id='word_1_108' title='bbox 1477 309 1616 344; x_wconf 87' lang='lat' dir='ltr'><strong>juvenem,</strong></span> <span class='ocrx_word' id='word_1_109' title='bbox 1637 312 1720 346; x_wconf 83' lang='lat' dir='ltr'><strong>capil-</strong></span> 
     </span>
    </p>
   </div>
   <div class='ocr_carea' id='block_1_16' title="bbox 946 351 1722 388">
    <p class='ocr_par' dir='ltr' id='par_1_16' title="bbox 946 351 1722 388">
     <span class='ocr_line' id='line_1_16' title="bbox 946 351 1722 388; baseline 0.01 -12"><span class='ocrx_word' id='word_1_110' title='bbox 946 355 1032 382; x_wconf 84' lang='lat' dir='ltr'><strong>atum,</strong></span> <span class='ocrx_word' id='word_1_111' title='bbox 1052 351 1160 379; x_wconf 86' lang='lat' dir='ltr'><strong>adunco</strong></span> <span class='ocrx_word' id='word_1_112' title='bbox 1175 359 1253 385; x_wconf 84' lang='lat' dir='ltr'><strong>naso,</strong></span> <span class='ocrx_word' id='word_1_113' title='bbox 1270 353 1390 388; x_wconf 80' lang='lat' dir='ltr'><strong>nigrant,</strong></span> <span class='ocrx_word' id='word_1_114' title='bbox 1418 358 1443 382; x_wconf 84' lang='lat' dir='ltr'><strong>et</strong></span> <span class='ocrx_word' id='word_1_115' title='bbox 1457 355 1484 381; x_wconf 92' lang='lat' dir='ltr'><strong>in</strong></span> <span class='ocrx_word' id='word_1_116' title='bbox 1500 357 1606 384; x_wconf 77' lang='lat' dir='ltr'><strong>caeteris</strong></span> <span class='ocrx_word' id='word_1_117' title='bbox 1636 359 1722 384; x_wconf 87' lang='lat' dir='ltr'><strong>omni-</strong></span> 
     </span>
    </p>
   </div>
   <div class='ocr_carea' id='block_1_17' title="bbox 937 395 1720 435">
    <p class='ocr_par' dir='ltr' id='par_1_17' title="bbox 937 395 1720 435">
     <span class='ocr_line' id='line_1_17' title="bbox 937 395 1720 435; baseline 0.011 -13"><span class='ocrx_word' id='word_1_118' title='bbox 937 395 999 426; x_wconf 82' lang='lat' dir='ltr'><strong>bus.</strong></span> <span class='ocrx_word' id='word_1_119' title='bbox 1018 398 1090 431; x_wconf 89' lang='lat' dir='ltr'><strong>quod</strong></span> <span class='ocrx_word' id='word_1_120' title='bbox 1112 398 1210 425; x_wconf 93' lang='lat' dir='ltr'><strong>attinet</strong></span> <span class='ocrx_word' id='word_1_121' title='bbox 1230 399 1263 425; x_wconf 85' lang='lat' dir='ltr'><strong>ad</strong></span> <span class='ocrx_word' id='word_1_122' title='bbox 1281 399 1375 426; x_wconf 77' lang='lat' dir='ltr'><strong>for-inae</strong></span> <span class='ocrx_word' id='word_1_123' title='bbox 1393 400 1506 435; x_wconf 78' lang='lat' dir='ltr'><strong>ligurum</strong></span> <span class='ocrx_word' id='word_1_124' title='bbox 1524 409 1556 428; x_wconf 84' lang='lat' dir='ltr'><strong>ac</strong></span> <span class='ocrx_word' id='word_1_125' title='bbox 1575 402 1720 431; x_wconf 78' lang='lat' dir='ltr'><strong>lineamen-</strong></span> 
     </span>
    </p>
   </div>
   <div class='ocr_carea' id='block_1_18' title="bbox 937 442 1719 481">
    <p class='ocr_par' dir='ltr' id='par_1_18' title="bbox 937 442 1719 481">
     <span class='ocr_line' id='line_1_18' title="bbox 937 442 1719 481; baseline 0.012 -15"><span class='ocrx_word' id='word_1_126' title='bbox 937 445 975 473; x_wconf 78' lang='lat' dir='ltr'><strong>ta,</strong></span> <span class='ocrx_word' id='word_1_127' title='bbox 1004 442 1144 469; x_wconf 64' lang='lat' dir='ltr'><strong>divi-rsum</strong></span> <span class='ocrx_word' id='word_1_128' title='bbox 1161 463 1167 474; x_wconf 87' lang='lat'><strong>,</strong></span> <span class='ocrx_word' id='word_1_129' title='bbox 1195 444 1318 478; x_wconf 84' lang='lat' dir='ltr'><strong>nunquid</strong></span> <span class='ocrx_word' id='word_1_130' title='bbox 1335 445 1407 472; x_wconf 79' lang='lat' dir='ltr'><strong>hunc</strong></span> <span class='ocrx_word' id='word_1_131' title='bbox 1437 446 1613 481; x_wconf 75' lang='lat' dir='ltr'><strong>conspicatus</strong></span> <span class='ocrx_word' id='word_1_132' title='bbox 1643 448 1719 475; x_wconf 87' lang='lat' dir='ltr'><strong>illum</strong></span> 
     </span>
    </p>
   </div>
   <div class='ocr_carea' id='block_1_19' title="bbox 936 487 1719 525">
    <p class='ocr_par' dir='ltr' id='par_1_19' title="bbox 936 487 1719 525">
     <span class='ocr_line' id='line_1_19' title="bbox 936 487 1719 525; baseline 0.01 -13"><span class='ocrx_word' id='word_1_133' title='bbox 936 494 997 513; x_wconf 76' lang='lat' dir='ltr'><strong>esse</strong></span> <span class='ocrx_word' id='word_1_134' title='bbox 1017 487 1138 521; x_wconf 82' lang='lat' dir='ltr'><strong>putabo?</strong></span> <span class='ocrx_word' id='word_1_135' title='bbox 1152 488 1297 516; x_wconf 81' lang='lat' dir='ltr'><strong>Enimvero</strong></span> <span class='ocrx_word' id='word_1_136' title='bbox 1313 491 1379 524; x_wconf 91' lang='lat' dir='ltr'><strong>quid</strong></span> <span class='ocrx_word' id='word_1_137' title='bbox 1393 499 1462 525; x_wconf 88' lang='lat' dir='ltr'><strong>opus</strong></span> <span class='ocrx_word' id='word_1_138' title='bbox 1477 496 1529 523; x_wconf 84' lang='lat' dir='ltr'><strong>cst,</strong></span> <span class='ocrx_word' id='word_1_139' title='bbox 1542 492 1719 520; x_wconf 69' lang='lat' dir='ltr'><strong>validioribus</strong></span> 
     </span>
    </p>
   </div>
   <div class='ocr_carea' id='block_1_20' title="bbox 936 531 1720 572">
    <p class='ocr_par' dir='ltr' id='par_1_20' title="bbox 936 531 1720 572">
     <span class='ocr_line' id='line_1_20' title="bbox 936 531 1720 572; baseline 0.011 -16"><span class='ocrx_word' id='word_1_140' title='bbox 936 531 1067 562; x_wconf 74' lang='lat' dir='ltr'><strong>omissis.</strong></span> <span class='ocrx_word' id='word_1_141' title='bbox 1091 533 1245 561; x_wconf 83' lang='lat' dir='ltr'><strong>minoribus</strong></span> <span class='ocrx_word' id='word_1_142' title='bbox 1270 541 1302 562; x_wconf 85' lang='lat' dir='ltr'><strong>ac</strong></span> <span class='ocrx_word' id='word_1_143' title='bbox 1326 535 1474 564; x_wconf 83' lang='lat' dir='ltr'><strong>levioribus</strong></span> <span class='ocrx_word' id='word_1_144' title='bbox 1509 537 1662 572; x_wconf 84' lang='lat' dir='ltr'><strong>urgentium</strong></span> <span class='ocrx_word' id='word_1_145' title='bbox 1692 543 1720 565; x_wconf 82' lang='lat' dir='ltr'><strong>et</strong></span> 
     </span>
    </p>
   </div>
   <div class='ocr_carea' id='block_1_21' title="bbox 91 570 1719 614">
    <p class='ocr_par' dir='ltr' id='par_1_21' title="bbox 91 570 1719 614">
     <span class='ocr_line' id='line_1_21' title="bbox 91 570 1719 614; baseline 0.008 -17"><span class='ocrx_word' id='word_1_146' title='bbox 91 570 261 599; x_wconf 83' lang='lat' dir='ltr'><strong>instantium</strong></span> <span class='ocrx_word' id='word_1_147' title='bbox 285 572 508 607; x_wconf 80' lang='lat' dir='ltr'><strong>oppositionibus</strong></span> <span class='ocrx_word' id='word_1_148' title='bbox 543 572 710 601; x_wconf 86' lang='lat' dir='ltr'><strong>immorari?</strong></span> <span class='ocrx_word' id='word_1_149' title='bbox 750 573 881 607; x_wconf 87' lang='lat' dir='ltr'><strong>Quisnam</strong></span> <span class='ocrx_word' id='word_1_150' title='bbox 902 575 974 603; x_wconf 90' lang='lat' dir='ltr'><strong>enim</strong></span> <span class='ocrx_word' id='word_1_151' title='bbox 992 576 1099 611; x_wconf 81' lang='lat' dir='ltr'><strong>ignorat</strong></span> <span class='ocrx_word' id='word_1_152' title='bbox 1116 577 1193 612; x_wconf 83' lang='lat' dir='ltr'><strong>quod</strong></span> <span class='ocrx_word' id='word_1_153' title='bbox 1203 577 1308 605; x_wconf 91' lang='lat' dir='ltr'><strong>ﬂumini</strong></span> <span class='ocrx_word' id='word_1_154' title='bbox 1334 579 1453 614; x_wconf 82' lang='lat' dir='ltr'><strong>cuipiam</strong></span> <span class='ocrx_word' id='word_1_155' title='bbox 1474 570 1592 608; x_wconf 76' lang='lat' dir='ltr'><strong>humana</strong></span> <span class='ocrx_word' id='word_1_156' title='bbox 1623 587 1719 610; x_wconf 85' lang='lat' dir='ltr'><strong>natura</strong></span> 
     </span>
    </p>
   </div>
   <div class='ocr_carea' id='block_1_22' title="bbox 88 616 1721 659">
    <p class='ocr_par' dir='ltr' id='par_1_22' title="bbox 88 616 1721 659">
     <span class='ocr_line' id='line_1_22' title="bbox 88 616 1721 659; baseline 0.007 -17"><span class='ocrx_word' id='word_1_157' title='bbox 88 616 273 649; x_wconf 79' lang='lat' dir='ltr'><strong>assimiletur,</strong></span> <span class='ocrx_word' id='word_1_158' title='bbox 292 617 327 644; x_wconf 85' lang='lat' dir='ltr'><strong>ab</strong></span> <span class='ocrx_word' id='word_1_159' title='bbox 342 617 486 645; x_wconf 88' lang='lat' dir='ltr'><strong>nativitate</strong></span> <span class='ocrx_word' id='word_1_160' title='bbox 500 617 534 645; x_wconf 81' lang='lat' dir='ltr'><strong>ad</strong></span> <span class='ocrx_word' id='word_1_161' title='bbox 556 624 671 646; x_wconf 88' lang='lat' dir='ltr'><strong>mortem</strong></span> <span class='ocrx_word' id='word_1_162' title='bbox 702 627 751 654; x_wconf 90' lang='lat' dir='ltr'><strong>per</strong></span> <span class='ocrx_word' id='word_1_163' title='bbox 776 623 881 647; x_wconf 88' lang='lat' dir='ltr'><strong>motum</strong></span> <span class='ocrx_word' id='word_1_164' title='bbox 912 621 1057 656; x_wconf 91' lang='lat' dir='ltr'><strong>quemdam</strong></span> <span class='ocrx_word' id='word_1_165' title='bbox 1088 629 1197 658; x_wconf 83' lang='lat' dir='ltr'><strong>semper</strong></span> <span class='ocrx_word' id='word_1_166' title='bbox 1223 624 1411 659; x_wconf 78' lang='lat' dir='ltr'><strong>progrediens,</strong></span> <span class='ocrx_word' id='word_1_167' title='bbox 1439 629 1505 654; x_wconf 94' lang='lat' dir='ltr'><strong>tunc</strong></span> <span class='ocrx_word' id='word_1_168' title='bbox 1528 627 1631 654; x_wconf 88' lang='lat' dir='ltr'><strong>moveri</strong></span> <span class='ocrx_word' id='word_1_169' title='bbox 1646 627 1721 654; x_wconf 88' lang='lat' dir='ltr'><strong>desi-</strong></span> 
     </span>
    </p>
   </div>
   <div class='ocr_carea' id='block_1_23' title="bbox 89 662 578 694">
    <p class='ocr_par' dir='ltr' id='par_1_23' title="bbox 89 662 578 694">
     <span class='ocr_line' id='line_1_23' title="bbox 89 662 578 694; baseline 0.004 -6"><span class='ocrx_word' id='word_1_170' title='bbox 89 669 172 694; x_wconf 84' lang='lat' dir='ltr'><strong>nens,</strong></span> <span class='ocrx_word' id='word_1_171' title='bbox 183 669 247 689; x_wconf 90' lang='lat' dir='ltr'><strong>cum</strong></span> <span class='ocrx_word' id='word_1_172' title='bbox 267 662 348 690; x_wconf 80' lang='lat' dir='ltr'><strong>ctiam</strong></span> <span class='ocrx_word' id='word_1_173' title='bbox 365 670 427 691; x_wconf 86' lang='lat' dir='ltr'><strong>esse</strong></span> <span class='ocrx_word' id='word_1_174' title='bbox 443 663 578 690; x_wconf 74' lang='lat' dir='ltr'><strong>desierit!</strong></span> 
     </span>
    </p>
   </div>
   <div class='ocr_carea' id='block_1_24' title="bbox 120 707 880 745">
    <p class='ocr_par' dir='ltr' id='par_1_24' title="bbox 120 707 880 745">
     <span class='ocr_line' id='line_1_24' title="bbox 120 707 880 745; baseline 0.005 -12"><span class='ocrx_word' id='word_1_175' title='bbox 120 707 154 733; x_wconf 81' lang='grc' dir='ltr'><em>Ἦ</em></span> <span class='ocrx_word' id='word_1_176' title='bbox 163 707 193 734; x_wconf 83' lang='grc' dir='ltr'>δὲ</span> <span class='ocrx_word' id='word_1_177' title='bbox 201 707 308 743; x_wconf 83' lang='grc' dir='ltr'>κίνησις</span> <span class='ocrx_word' id='word_1_178' title='bbox 316 707 386 744; x_wconf 78' lang='grc' dir='ltr'>αὕτη</span> <span class='ocrx_word' id='word_1_179' title='bbox 395 707 426 735; x_wconf 85' lang='grc' dir='ltr'>οὐ</span> <span class='ocrx_word' id='word_1_180' title='bbox 436 709 534 745; x_wconf 78' lang='grc' dir='ltr'>τοπική</span> <span class='ocrx_word' id='word_1_181' title='bbox 540 709 582 741; x_wconf 77' lang='grc' dir='ltr'><strong>τίς</strong></span> <span class='ocrx_word' id='word_1_182' title='bbox 588 709 646 736; x_wconf 71' lang='grc' dir='ltr'>ἐστι</span> <span class='ocrx_word' id='word_1_183' title='bbox 653 709 816 744; x_wconf 81' lang='grc' dir='ltr'><strong>μετάστασις</strong></span> <span class='ocrx_word' id='word_1_184' title='bbox 824 709 880 744; x_wconf 89' lang='grc'><strong>(10)</strong></span> 
     </span>
    </p>
   </div>
   <div class='ocr_carea' id='block_1_25' title="bbox 89 753 880 790">
    <p class='ocr_par' dir='ltr' id='par_1_25' title="bbox 89 753 880 790">
     <span class='ocr_line' id='line_1_25' title="bbox 89 753 880 790; baseline 0.001 -10"><span class='ocrx_word' id='word_1_185' title='bbox 89 754 133 788; x_wconf 80' lang='grc' dir='ltr'><strong>(οὗ</strong></span> <span class='ocrx_word' id='word_1_186' title='bbox 147 753 202 789; x_wconf 84' lang='grc' dir='ltr'><strong>γὰρ</strong></span> <span class='ocrx_word' id='word_1_187' title='bbox 210 753 330 780; x_wconf 68' lang='grc' dir='ltr'>ἐκϐαίνει</span> <span class='ocrx_word' id='word_1_188' title='bbox 343 753 469 790; x_wconf 75' lang='grc' dir='ltr'>ἐαυτὴνή</span> <span class='ocrx_word' id='word_1_189' title='bbox 483 753 584 789; x_wconf 78' lang='grc' dir='ltr'>φύσις),</span> <span class='ocrx_word' id='word_1_190' title='bbox 595 754 664 781; x_wconf 73' lang='grc' dir='ltr'>ἀλλὰ</span> <span class='ocrx_word' id='word_1_191' title='bbox 671 753 705 782; x_wconf 79' lang='grc' dir='ltr'>δι’</span> <span class='ocrx_word' id='word_1_192' title='bbox 713 754 880 787; x_wconf 81' lang='grc' dir='ltr'>ἀλλοιώσεως</span> 
     </span>
    </p>
   </div>
   <div class='ocr_carea' id='block_1_26' title="bbox 974 710 1719 744">
    <p class='ocr_par' dir='ltr' id='par_1_26' title="bbox 974 710 1719 744">
     <span class='ocr_line' id='line_1_26' title="bbox 974 710 1719 744; baseline 0.009 -7"><span class='ocrx_word' id='word_1_193' title='bbox 974 710 1058 739; x_wconf 84' lang='lat' dir='ltr'><strong>Porro</strong></span> <span class='ocrx_word' id='word_1_194' title='bbox 1084 716 1174 740; x_wconf 83' lang='lat' dir='ltr'><strong>motus</strong></span> <span class='ocrx_word' id='word_1_195' title='bbox 1192 712 1235 740; x_wconf 84' lang='lat' dir='ltr'><strong>hic</strong></span> <span class='ocrx_word' id='word_1_196' title='bbox 1258 720 1312 741; x_wconf 91' lang='lat' dir='ltr'><strong>non</strong></span> <span class='ocrx_word' id='word_1_197' title='bbox 1339 717 1381 742; x_wconf 83' lang='lat' dir='ltr'><strong>est</strong></span> <span class='ocrx_word' id='word_1_198' title='bbox 1408 714 1442 742; x_wconf 92' lang='lat' dir='ltr'><strong>de</strong></span> <span class='ocrx_word' id='word_1_199' title='bbox 1469 715 1529 742; x_wconf 82' lang='lat' dir='ltr'><strong>loco</strong></span> <span class='ocrx_word' id='word_1_200' title='bbox 1557 716 1591 742; x_wconf 89' lang='lat' dir='ltr'><strong>ad</strong></span> <span class='ocrx_word' id='word_1_201' title='bbox 1629 716 1719 744; x_wconf 87' lang='lat' dir='ltr'><strong>locum</strong></span> 
     </span>
    </p>
   </div>
   <div class='ocr_carea' id='block_1_27' title="bbox 933 757 1718 796">
    <p class='ocr_par' dir='ltr' id='par_1_27' title="bbox 933 757 1718 796">
     <span class='ocr_line' id='line_1_27' title="bbox 933 757 1718 796; baseline 0.006 -12"><span class='ocrx_word' id='word_1_202' title='bbox 933 757 1066 785; x_wconf 85' lang='lat' dir='ltr'><strong>transitus</strong></span> <span class='ocrx_word' id='word_1_203' title='bbox 1078 761 1160 792; x_wconf 86' lang='lat' dir='ltr'><strong>atque</strong></span> <span class='ocrx_word' id='word_1_204' title='bbox 1182 759 1325 786; x_wconf 87' lang='lat' dir='ltr'><strong>translatio</strong></span> <span class='ocrx_word' id='word_1_205' title='bbox 1343 759 1420 794; x_wconf 92' lang='lat' dir='ltr'><strong>(non</strong></span> <span class='ocrx_word' id='word_1_206' title='bbox 1441 761 1512 787; x_wconf 88' lang='lat' dir='ltr'><strong>enim</strong></span> <span class='ocrx_word' id='word_1_207' title='bbox 1529 765 1626 789; x_wconf 85' lang='lat' dir='ltr'><strong>natura</strong></span> <span class='ocrx_word' id='word_1_208' title='bbox 1644 761 1718 796; x_wconf 90' lang='lat' dir='ltr'><strong>seip-</strong></span> 
     </span>
    </p>
   </div>
   <div class='ocr_carea' id='block_1_28' title="bbox 89 798 886 846">
    <p class='ocr_par' dir='ltr' id='par_1_28' title="bbox 89 798 880 836">
     <span class='ocr_line' id='line_1_28' title="bbox 89 798 880 836; baseline 0.003 -11"><span class='ocrx_word' id='word_1_209' title='bbox 89 799 148 834; x_wconf 76' lang='grc' dir='ltr'>ἔχει</span> <span class='ocrx_word' id='word_1_210' title='bbox 175 799 226 834; x_wconf 82' lang='grc' dir='ltr'>τὴν</span> <span class='ocrx_word' id='word_1_211' title='bbox 249 799 372 835; x_wconf 75' lang='grc' dir='ltr'>πρόοδον.</span> <span class='ocrx_word' id='word_1_212' title='bbox 394 798 428 826; x_wconf 85' lang='grc' dir='ltr'><em>Ἣ</em></span> <span class='ocrx_word' id='word_1_213' title='bbox 444 799 472 826; x_wconf 82' lang='grc' dir='ltr'>δὲ</span> <span class='ocrx_word' id='word_1_214' title='bbox 493 799 636 831; x_wconf 82' lang='grc' dir='ltr'><strong>ἀλλοίωσις</strong></span> <span class='ocrx_word' id='word_1_215' title='bbox 653 799 707 831; x_wconf 77' lang='grc' dir='ltr'>ἓως</span> <span class='ocrx_word' id='word_1_216' title='bbox 721 798 785 836; x_wconf 77' lang='grc' dir='ltr'><strong>ἃ.νῇ</strong></span> <span class='ocrx_word' id='word_1_217' title='bbox 801 800 880 827; x_wconf 81' lang='grc' dir='ltr'>τοῦτο</span> 
     </span>
    </p>
   </div>
   <div class='ocr_carea' id='block_1_29' title="bbox 940 798 1717 846">
    <p class='ocr_par' dir='ltr' id='par_1_29' title="bbox 940 803 1717 839">
     <span class='ocr_line' id='line_1_29' title="bbox 940 803 1717 839; baseline 0.005 -10"><span class='ocrx_word' id='word_1_218' title='bbox 940 810 992 830; x_wconf 76' lang='lat' dir='ltr'><strong>ialll</strong></span> <span class='ocrx_word' id='word_1_219' title='bbox 1013 803 1157 838; x_wconf 64' lang='lat' dir='ltr'><strong>exectlit).</strong></span> <span class='ocrx_word' id='word_1_220' title='bbox 1185 803 1232 831; x_wconf 88' lang='lat' dir='ltr'><strong>sed</strong></span> <span class='ocrx_word' id='word_1_221' title='bbox 1258 811 1306 839; x_wconf 92' lang='lat' dir='ltr'><strong>per</strong></span> <span class='ocrx_word' id='word_1_222' title='bbox 1331 805 1520 832; x_wconf 86' lang='lat' dir='ltr'><strong>alterationem</strong></span> <span class='ocrx_word' id='word_1_223' title='bbox 1564 813 1596 832; x_wconf 90' lang='lat' dir='ltr'><strong>ac</strong></span> <span class='ocrx_word' id='word_1_224' title='bbox 1625 811 1717 833; x_wconf 79' lang='lat' dir='ltr'><strong>mnta-</strong></span> 
     </span>
    </p>
   </div>
   <div class='ocr_carea' id='block_1_30' title="bbox 88 844 882 882">
    <p class='ocr_par' dir='ltr' id='par_1_30' title="bbox 88 844 882 882">
     <span class='ocr_line' id='line_1_30' title="bbox 88 844 882 882; baseline 0.004 -12"><span class='ocrx_word' id='word_1_225' title='bbox 88 845 104 871; x_wconf 80' lang='grc' dir='ltr'><strong>ὃ</strong></span> <span class='ocrx_word' id='word_1_226' title='bbox 118 844 240 878; x_wconf 79' lang='grc' dir='ltr'>λέγεται,</span> <span class='ocrx_word' id='word_1_227' title='bbox 257 844 385 871; x_wconf 80' lang='grc' dir='ltr'>οὐδέποτε</span> <span class='ocrx_word' id='word_1_228' title='bbox 407 845 454 871; x_wconf 77' lang='grc' dir='ltr'><strong>ἐπὶ</strong></span> <span class='ocrx_word' id='word_1_229' title='bbox 469 844 517 872; x_wconf 83' lang='grc' dir='ltr'>τοῦ</span> <span class='ocrx_word' id='word_1_230' title='bbox 536 845 618 872; x_wconf 80' lang='grc' dir='ltr'>αὑτοῦ</span> <span class='ocrx_word' id='word_1_231' title='bbox 634 845 710 880; x_wconf 81' lang='grc' dir='ltr'>μένει</span> <span class='ocrx_word' id='word_1_232' title='bbox 722 854 729 861; x_wconf 75' lang='grc'><strong><em>⁸</em></strong></span> <span class='ocrx_word' id='word_1_233' title='bbox 748 845 817 882; x_wconf 82' lang='grc' dir='ltr'>(πῶς</span> <span class='ocrx_word' id='word_1_234' title='bbox 827 845 882 881; x_wconf 84' lang='grc' dir='ltr'><strong>γὰρ</strong></span> 
     </span>
    </p>
   </div>
   <div class='ocr_carea' id='block_1_31' title="bbox 88 889 882 926">
    <p class='ocr_par' dir='ltr' id='par_1_31' title="bbox 88 889 882 926">
     <span class='ocr_line' id='line_1_31' title="bbox 88 889 882 926; baseline 0.001 -10"><span class='ocrx_word' id='word_1_235' title='bbox 88 890 124 917; x_wconf 81' lang='grc' dir='ltr'>ἂν</span> <span class='ocrx_word' id='word_1_236' title='bbox 150 890 182 916; x_wconf 80' lang='grc' dir='ltr'>ὲν</span> <span class='ocrx_word' id='word_1_237' title='bbox 204 889 350 925; x_wconf 77' lang='grc' dir='ltr'>ταύτότητι</span> <span class='ocrx_word' id='word_1_238' title='bbox 376 890 527 926; x_wconf 79' lang='grc' dir='ltr'><strong>φυλαχθείη</strong></span> <span class='ocrx_word' id='word_1_239' title='bbox 540 890 571 917; x_wconf 78' lang='grc' dir='ltr'><strong>τδ</strong></span> <span class='ocrx_word' id='word_1_240' title='bbox 585 890 774 926; x_wconf 76' lang='grc' dir='ltr'><strong>ἀλλοιούμενον</strong></span> <span class='ocrx_word' id='word_1_241' title='bbox 787 891 882 925; x_wconf 81' lang='grc' dir='ltr'><strong>;)ἁλλ¹</strong></span> 
     </span>
    </p>
   </div>
   <div class='ocr_carea' id='block_1_32' title="bbox 87 935 884 972">
    <p class='ocr_par' dir='ltr' id='par_1_32' title="bbox 87 935 884 972">
     <span class='ocr_line' id='line_1_32' title="bbox 87 935 884 972; baseline 0 -10"><span class='ocrx_word' id='word_1_242' title='bbox 87 935 186 971; x_wconf 80' lang='grc' dir='ltr'>ὥσπερ</span> <span class='ocrx_word' id='word_1_243' title='bbox 198 935 230 962; x_wconf 82' lang='grc' dir='ltr'>τὸ</span> <span class='ocrx_word' id='word_1_244' title='bbox 251 935 299 962; x_wconf 75' lang='grc' dir='ltr'><strong>ἐπὶ</strong></span> <span class='ocrx_word' id='word_1_245' title='bbox 315 936 364 970; x_wconf 83' lang='grc' dir='ltr'>τῆς</span> <span class='ocrx_word' id='word_1_246' title='bbox 383 935 540 971; x_wconf 82' lang='grc' dir='ltr'>θρυαλλίδος</span> <span class='ocrx_word' id='word_1_247' title='bbox 565 935 632 971; x_wconf 81' lang='grc' dir='ltr'>πῦρ,</span> <span class='ocrx_word' id='word_1_248' title='bbox 663 936 702 971; x_wconf 78' lang='grc' dir='ltr'><strong>τῷ</strong></span> <span class='ocrx_word' id='word_1_249' title='bbox 726 936 775 972; x_wconf 81' lang='grc' dir='ltr'>μὲν</span> <span class='ocrx_word' id='word_1_250' title='bbox 796 936 884 963; x_wconf 80' lang='grc' dir='ltr'>δοκεῖν</span> 
     </span>
    </p>
   </div>
   <div class='ocr_carea' id='block_1_33' title="bbox 89 981 884 1019">
    <p class='ocr_par' dir='ltr' id='par_1_33' title="bbox 89 981 884 1019">
     <span class='ocr_line' id='line_1_33' title="bbox 89 981 884 1019; baseline -0.001 -9"><span class='ocrx_word' id='word_1_251' title='bbox 89 981 180 1010; x_wconf 65' lang='grc' dir='ltr'>ἀεὶτὸ</span> <span class='ocrx_word' id='word_1_252' title='bbox 199 982 266 1010; x_wconf 78' lang='grc' dir='ltr'>αὐτὸ</span> <span class='ocrx_word' id='word_1_253' title='bbox 293 982 416 1017; x_wconf 72' lang='grc' dir='ltr'>φαίνεται</span> <span class='ocrx_word' id='word_1_254' title='bbox 433 983 475 1017; x_wconf 76' lang='grc' dir='ltr'><strong>(τὸ</strong></span> <span class='ocrx_word' id='word_1_255' title='bbox 491 983 545 1019; x_wconf 80' lang='grc' dir='ltr'><strong>γὰρ</strong></span> <span class='ocrx_word' id='word_1_256' title='bbox 564 983 675 1018; x_wconf 81' lang='grc' dir='ltr'>συνεχὲς</span> <span class='ocrx_word' id='word_1_257' title='bbox 690 983 732 1010; x_wconf 78' lang='grc' dir='ltr'><strong>ἀεὶ</strong></span> <span class='ocrx_word' id='word_1_258' title='bbox 746 984 795 1018; x_wconf 77' lang='grc' dir='ltr'>τῆς</span> <span class='ocrx_word' id='word_1_259' title='bbox 808 984 884 1018; x_wconf 85' lang='grc' dir='ltr'>κινή-</span> 
     </span>
    </p>
   </div>
   <div class='ocr_carea' id='block_1_34' title="bbox 90 1028 884 1064">
    <p class='ocr_par' dir='ltr' id='par_1_34' title="bbox 90 1028 884 1064">
     <span class='ocr_line' id='line_1_34' title="bbox 90 1028 884 1064; baseline 0 -10"><span class='ocrx_word' id='word_1_260' title='bbox 90 1036 162 1060; x_wconf 84' lang='grc' dir='ltr'>σεως</span> <span class='ocrx_word' id='word_1_261' title='bbox 177 1028 361 1055; x_wconf 82' lang='grc' dir='ltr'><strong>ἀδιάσπαστον</strong></span> <span class='ocrx_word' id='word_1_262' title='bbox 376 1028 399 1062; x_wconf 83' lang='grc'><strong>(1</strong></span> <span class='ocrx_word' id='word_1_263' title='bbox 409 1029 431 1063; x_wconf 87' lang='grc'><strong>1)</strong></span> <span class='ocrx_word' id='word_1_264' title='bbox 442 1029 508 1056; x_wconf 75' lang='grc' dir='ltr'>αὐτὸ</span> <span class='ocrx_word' id='word_1_265' title='bbox 520 1029 567 1056; x_wconf 79' lang='grc' dir='ltr'><strong>καὶ</strong></span> <span class='ocrx_word' id='word_1_266' title='bbox 583 1029 720 1064; x_wconf 74' lang='grc' dir='ltr'>ἡνωμένον</span> <span class='ocrx_word' id='word_1_267' title='bbox 734 1029 802 1063; x_wconf 66' lang='grc' dir='ltr'>πρὸς</span> <span class='ocrx_word' id='word_1_268' title='bbox 820 1029 884 1054; x_wconf 80' lang='grc' dir='ltr'>ἐαυ-</span> 
     </span>
    </p>
   </div>
   <div class='ocr_carea' id='block_1_35' title="bbox 89 1073 883 1110">
    <p class='ocr_par' dir='ltr' id='par_1_35' title="bbox 89 1073 883 1110">
     <span class='ocr_line' id='line_1_35' title="bbox 89 1073 883 1110; baseline 0 -10"><span class='ocrx_word' id='word_1_269' title='bbox 89 1073 121 1100; x_wconf 71' lang='grc' dir='ltr'><strong>ὐὺ</strong></span> <span class='ocrx_word' id='word_1_270' title='bbox 131 1073 189 1109; x_wconf 71' lang='grc'><strong>(12)</strong></span> <span class='ocrx_word' id='word_1_271' title='bbox 199 1073 341 1106; x_wconf 80' lang='grc' dir='ltr'>δείκνυσι).</span> <span class='ocrx_word' id='word_1_272' title='bbox 359 1076 392 1109; x_wconf 82' lang='grc' dir='ltr'>τῇ</span> <span class='ocrx_word' id='word_1_273' title='bbox 407 1075 435 1101; x_wconf 81' lang='grc' dir='ltr'>δὲ</span> <span class='ocrx_word' id='word_1_274' title='bbox 447 1074 560 1110; x_wconf 78' lang='grc' dir='ltr'><strong>ἀληθείᾳ</strong></span> <span class='ocrx_word' id='word_1_275' title='bbox 572 1075 679 1106; x_wconf 72' lang='grc' dir='ltr'>πάντως</span> <span class='ocrx_word' id='word_1_276' title='bbox 697 1075 753 1109; x_wconf 79' lang='grc'><strong>(15)</strong></span> <span class='ocrx_word' id='word_1_277' title='bbox 770 1075 883 1101; x_wconf 76' lang='grc' dir='ltr'>πάντοτε</span> 
     </span>
    </p>
   </div>
   <div class='ocr_carea' id='block_1_36' title="bbox 89 1118 884 1154">
    <p class='ocr_par' dir='ltr' id='par_1_36' title="bbox 89 1118 884 1154">
     <span class='ocr_line' id='line_1_36' title="bbox 89 1118 884 1154; baseline 0 -10"><span class='ocrx_word' id='word_1_278' title='bbox 89 1118 189 1145; x_wconf 79' lang='grc' dir='ltr'>ἑαυτὸν</span> <span class='ocrx_word' id='word_1_279' title='bbox 204 1118 260 1153; x_wconf 69' lang='grc'><strong>(11)</strong></span> <span class='ocrx_word' id='word_1_280' title='bbox 277 1119 344 1145; x_wconf 83' lang='grc' dir='ltr'>αὐτὸ</span> <span class='ocrx_word' id='word_1_281' title='bbox 362 1118 418 1153; x_wconf 82' lang='grc'><strong>(15)</strong></span> <span class='ocrx_word' id='word_1_282' title='bbox 442 1119 640 1154; x_wconf 75' lang='grc' dir='ltr'>διαδεχόμενον,</span> <span class='ocrx_word' id='word_1_283' title='bbox 670 1118 796 1145; x_wconf 80' lang='grc' dir='ltr'>οὐδέποτε</span> <span class='ocrx_word' id='word_1_284' title='bbox 819 1118 884 1145; x_wconf 77' lang='grc' dir='ltr'>αὐτὸ</span> 
     </span>
    </p>
   </div>
   <div class='ocr_carea' id='block_1_37' title="bbox 91 1163 882 1200">
    <p class='ocr_par' dir='ltr' id='par_1_37' title="bbox 91 1163 882 1200">
     <span class='ocr_line' id='line_1_37' title="bbox 91 1163 882 1200; baseline 0 -10"><span class='ocrx_word' id='word_1_285' title='bbox 91 1163 170 1200; x_wconf 77' lang='grc' dir='ltr'>μένει</span> <span class='ocrx_word' id='word_1_286' title='bbox 180 1164 209 1199; x_wconf 80' lang='grc' dir='ltr'><strong>(ἡ</strong></span> <span class='ocrx_word' id='word_1_287' title='bbox 218 1163 272 1199; x_wconf 79' lang='grc' dir='ltr'><strong>γὰρ</strong></span> <span class='ocrx_word' id='word_1_288' title='bbox 286 1163 477 1196; x_wconf 77' lang='grc' dir='ltr'>ὲξελκυσθεῖσα</span> <span class='ocrx_word' id='word_1_289' title='bbox 487 1164 531 1192; x_wconf 82' lang='grc' dir='ltr'>διὰ</span> <span class='ocrx_word' id='word_1_290' title='bbox 543 1164 592 1200; x_wconf 83' lang='grc' dir='ltr'>τῆς</span> <span class='ocrx_word' id='word_1_291' title='bbox 609 1164 775 1200; x_wconf 81' lang='grc' dir='ltr'><strong>θερμότητος</strong></span> <span class='ocrx_word' id='word_1_292' title='bbox 789 1163 882 1199; x_wconf 72' lang='grc' dir='ltr'>ἰκμὰς,</span> 
     </span>
    </p>
   </div>
   <div class='ocr_carea' id='block_1_38' title="bbox 89 1209 884 1244">
    <p class='ocr_par' dir='ltr' id='par_1_38' title="bbox 89 1209 884 1244">
     <span class='ocr_line' id='line_1_38' title="bbox 89 1209 884 1244; baseline -0.001 -8"><span class='ocrx_word' id='word_1_293' title='bbox 89 1209 160 1244; x_wconf 79' lang='grc' dir='ltr'><strong>ὸμοῦ</strong></span> <span class='ocrx_word' id='word_1_294' title='bbox 175 1217 204 1236; x_wconf 85' lang='grc' dir='ltr'><strong>τε</strong></span> <span class='ocrx_word' id='word_1_295' title='bbox 222 1209 393 1244; x_wconf 78' lang='grc' dir='ltr'>ὲξεφλογὼθη</span> <span class='ocrx_word' id='word_1_296' title='bbox 408 1210 456 1236; x_wconf 77' lang='grc' dir='ltr'><strong>καὶ</strong></span> <span class='ocrx_word' id='word_1_297' title='bbox 477 1210 516 1241; x_wconf 76' lang='grc' dir='ltr'>εἰς</span> <span class='ocrx_word' id='word_1_298' title='bbox 536 1209 629 1244; x_wconf 81' lang='grc' dir='ltr'>λιγνην</span> <span class='ocrx_word' id='word_1_299' title='bbox 647 1209 703 1244; x_wconf 83' lang='grc'><strong>(16)</strong></span> <span class='ocrx_word' id='word_1_300' title='bbox 721 1209 884 1235; x_wconf 78' lang='grc' dir='ltr'>ἐκκαυθεῖσα</span> 
     </span>
    </p>
   </div>
   <div class='ocr_carea' id='block_1_39' title="bbox 92 1254 883 1292">
    <p class='ocr_par' dir='ltr' id='par_1_39' title="bbox 92 1254 883 1292">
     <span class='ocr_line' id='line_1_39' title="bbox 92 1254 883 1292; baseline -0.003 -9"><span class='ocrx_word' id='word_1_301' title='bbox 92 1256 275 1292; x_wconf 61' lang='grc' dir='ltr'>μετεπιήθη,</span> <span class='ocrx_word' id='word_1_302' title='bbox 299 1257 347 1282; x_wconf 78' lang='grc' dir='ltr'><strong>καὶ</strong></span> <span class='ocrx_word' id='word_1_303' title='bbox 370 1256 413 1283; x_wconf 79' lang='grc' dir='ltr'><strong>ἀεὶ</strong></span> <span class='ocrx_word' id='word_1_304' title='bbox 432 1257 466 1292; x_wconf 82' lang='grc' dir='ltr'><strong>τῇ</strong></span> <span class='ocrx_word' id='word_1_305' title='bbox 490 1255 651 1290; x_wconf 76' lang='grc' dir='ltr'>ἀλλοιωτικῇ</span> <span class='ocrx_word' id='word_1_306' title='bbox 673 1255 787 1290; x_wconf 83' lang='grc' dir='ltr'>δυνάμει</span> <span class='ocrx_word' id='word_1_307' title='bbox 803 1255 820 1289; x_wconf 81' lang='grc' dir='ltr'><strong>ή</strong></span> <span class='ocrx_word' id='word_1_308' title='bbox 833 1254 883 1289; x_wconf 81' lang='grc' dir='ltr'>τῆς</span> 
     </span>
    </p>
   </div>
   <div class='ocr_carea' id='block_1_40' title="bbox 92 1299 884 1337">
    <p class='ocr_par' dir='ltr' id='par_1_40' title="bbox 92 1299 884 1337">
     <span class='ocr_line' id='line_1_40' title="bbox 92 1299 884 1337; baseline -0.003 -9"><span class='ocrx_word' id='word_1_309' title='bbox 92 1302 194 1337; x_wconf 73' lang='grc' dir='ltr'>φλογὸς</span> <span class='ocrx_word' id='word_1_310' title='bbox 222 1301 329 1337; x_wconf 84' lang='grc' dir='ltr'>κίνησις</span> <span class='ocrx_word' id='word_1_311' title='bbox 348 1301 404 1336; x_wconf 84' lang='grc'><strong>(17)</strong></span> <span class='ocrx_word' id='word_1_312' title='bbox 419 1302 581 1337; x_wconf 73' lang='grc' dir='ltr'>ἐνεργεῖται,</span> <span class='ocrx_word' id='word_1_313' title='bbox 605 1302 645 1332; x_wconf 80' lang='grc' dir='ltr'><strong>εις</strong></span> <span class='ocrx_word' id='word_1_314' title='bbox 669 1300 830 1336; x_wconf 81' lang='grc' dir='ltr'>λίγνην(18)</span> <span class='ocrx_word' id='word_1_315' title='bbox 850 1299 884 1326; x_wconf 80' lang='grc' dir='ltr'>δι’</span> 
     </span>
    </p>
   </div>
   <div class='ocr_carea' id='block_1_41' title="bbox 92 1345 885 1382">
    <p class='ocr_par' dir='ltr' id='par_1_41' title="bbox 92 1345 885 1382">
     <span class='ocr_line' id='line_1_41' title="bbox 92 1345 885 1382; baseline -0.003 -8"><span class='ocrx_word' id='word_1_316' title='bbox 92 1347 196 1382; x_wconf 82' lang='grc' dir='ltr'>ἑαυτῆς</span> <span class='ocrx_word' id='word_1_317' title='bbox 207 1346 353 1374; x_wconf 81' lang='grc' dir='ltr'>ἀλλοιοῦσα</span> <span class='ocrx_word' id='word_1_318' title='bbox 369 1347 426 1382; x_wconf 83' lang='grc'><strong>(19)</strong></span> <span class='ocrx_word' id='word_1_319' title='bbox 444 1346 476 1376; x_wconf 72' lang='grc' dir='ltr'>τὸ</span> <span class='ocrx_word' id='word_1_320' title='bbox 499 1347 688 1382; x_wconf 83' lang='grc' dir='ltr'>ὑποκείμενον)</span> <span class='ocrx_word' id='word_1_321' title='bbox 699 1355 707 1362; x_wconf 86' lang='grc'><strong>·</strong></span> <span class='ocrx_word' id='word_1_322' title='bbox 720 1345 814 1381; x_wconf 79' lang='grc' dir='ltr'>ὥσπερ</span> <span class='ocrx_word' id='word_1_323' title='bbox 828 1345 885 1372; x_wconf 84' lang='grc' dir='ltr'>τοί-</span> 
     </span>
    </p>
   </div>
   <div class='ocr_carea' id='block_1_42' title="bbox 91 1388 885 1428">
    <p class='ocr_par' dir='ltr' id='par_1_42' title="bbox 91 1388 885 1428">
     <span class='ocr_line' id='line_1_42' title="bbox 91 1388 885 1428; baseline -0.004 -8"><span class='ocrx_word' id='word_1_324' title='bbox 91 1402 141 1420; x_wconf 86' lang='grc' dir='ltr'><strong>νυν</strong></span> <span class='ocrx_word' id='word_1_325' title='bbox 153 1393 211 1428; x_wconf 70' lang='grc'><strong>(20)</strong></span> <span class='ocrx_word' id='word_1_326' title='bbox 226 1392 268 1425; x_wconf 77' lang='grc' dir='ltr'>δὶς</span> <span class='ocrx_word' id='word_1_327' title='bbox 293 1393 364 1420; x_wconf 74' lang='grc' dir='ltr'>κατὰ</span> <span class='ocrx_word' id='word_1_328' title='bbox 388 1388 486 1420; x_wconf 74' lang='grc' dir='ltr'>ταύτὸν</span> <span class='ocrx_word' id='word_1_329' title='bbox 514 1393 565 1428; x_wconf 84' lang='grc' dir='ltr'>τῆς</span> <span class='ocrx_word' id='word_1_330' title='bbox 583 1393 681 1427; x_wconf 78' lang='grc' dir='ltr'>φλογὸς</span> <span class='ocrx_word' id='word_1_331' title='bbox 700 1391 821 1426; x_wconf 83' lang='grc' dir='ltr'>θίγοντα,</span> <span class='ocrx_word' id='word_1_332' title='bbox 836 1391 885 1418; x_wconf 78' lang='grc' dir='ltr'><strong>οὐκ</strong></span> 
     </span>
    </p>
   </div>
   <div class='ocr_carea' id='block_1_43' title="bbox 92 1436 886 1474">
    <p class='ocr_par' dir='ltr' id='par_1_43' title="bbox 92 1436 886 1474">
     <span class='ocr_line' id='line_1_43' title="bbox 92 1436 886 1474; baseline -0.003 -10"><span class='ocrx_word' id='word_1_333' title='bbox 92 1438 153 1464; x_wconf 73' lang='grc' dir='ltr'><strong>ἔπι</strong></span> <span class='ocrx_word' id='word_1_334' title='bbox 164 1438 216 1474; x_wconf 84' lang='grc' dir='ltr'>τῆς</span> <span class='ocrx_word' id='word_1_335' title='bbox 230 1438 316 1473; x_wconf 82' lang='grc' dir='ltr'>αὐτῆς</span> <span class='ocrx_word' id='word_1_336' title='bbox 331 1438 362 1464; x_wconf 82' lang='grc' dir='ltr'>τὸ</span> <span class='ocrx_word' id='word_1_337' title='bbox 377 1438 418 1470; x_wconf 70' lang='grc' dir='ltr'>δὶς</span> <span class='ocrx_word' id='word_1_338' title='bbox 430 1437 551 1473; x_wconf 73' lang='grc' dir='ltr'>ἅψασθαι</span> <span class='ocrx_word' id='word_1_339' title='bbox 563 1445 570 1452; x_wconf 90' lang='grc'><strong>·</strong></span> <span class='ocrx_word' id='word_1_340' title='bbox 588 1437 629 1471; x_wconf 79' lang='grc' dir='ltr'><strong>(τὸ</strong></span> <span class='ocrx_word' id='word_1_341' title='bbox 647 1437 702 1472; x_wconf 82' lang='grc' dir='ltr'><strong>γὰρ</strong></span> <span class='ocrx_word' id='word_1_342' title='bbox 720 1436 767 1469; x_wconf 81' lang='grc' dir='ltr'><strong>ὀξὺ</strong></span> <span class='ocrx_word' id='word_1_343' title='bbox 780 1437 828 1472; x_wconf 77' lang='grc' dir='ltr'>τῆς</span> <span class='ocrx_word' id='word_1_344' title='bbox 839 1436 886 1463; x_wconf 87' lang='grc' dir='ltr'><strong>ἀλ-</strong></span> 
     </span>
    </p>
   </div>
   <div class='ocr_carea' id='block_1_44' title="bbox 935 848 1717 887">
    <p class='ocr_par' dir='ltr' id='par_1_44' title="bbox 935 848 1717 887">
     <span class='ocr_line' id='line_1_44' title="bbox 935 848 1717 887; baseline 0.005 -12"><span class='ocrx_word' id='word_1_345' title='bbox 935 848 1036 876; x_wconf 87' lang='lat' dir='ltr'><strong>tinucm</strong></span> <span class='ocrx_word' id='word_1_346' title='bbox 1061 856 1237 884; x_wconf 76' lang='lat' dir='ltr'><strong>progrcssum</strong></span> <span class='ocrx_word' id='word_1_347' title='bbox 1274 850 1365 878; x_wconf 87' lang='lat' dir='ltr'><strong>habet.</strong></span> <span class='ocrx_word' id='word_1_348' title='bbox 1392 851 1425 878; x_wconf 81' lang='lat' dir='ltr'><strong>At</strong></span> <span class='ocrx_word' id='word_1_349' title='bbox 1454 852 1570 878; x_wconf 83' lang='lat' dir='ltr'><strong>mutatio</strong></span> <span class='ocrx_word' id='word_1_350' title='bbox 1596 853 1717 887; x_wconf 88' lang='lat' dir='ltr'><strong>quandiu</strong></span> 
     </span>
    </p>
   </div>
   <div class='ocr_carea' id='block_1_45' title="bbox 934 893 1719 932">
    <p class='ocr_par' dir='ltr' id='par_1_45' title="bbox 934 893 1719 932">
     <span class='ocr_line' id='line_1_45' title="bbox 934 893 1719 932; baseline 0.006 -12"><span class='ocrx_word' id='word_1_351' title='bbox 934 893 962 921; x_wconf 92' lang='lat' dir='ltr'><strong>id</strong></span> <span class='ocrx_word' id='word_1_352' title='bbox 983 894 1065 921; x_wconf 73' lang='lat' dir='ltr'><strong>fuerit</strong></span> <span class='ocrx_word' id='word_1_353' title='bbox 1091 895 1163 930; x_wconf 89' lang='lat' dir='ltr'><strong>quod</strong></span> <span class='ocrx_word' id='word_1_354' title='bbox 1186 895 1306 928; x_wconf 90' lang='lat' dir='ltr'><strong>dicitur,</strong></span> <span class='ocrx_word' id='word_1_355' title='bbox 1333 904 1470 932; x_wconf 88' lang='lat' dir='ltr'><strong>nunquam</strong></span> <span class='ocrx_word' id='word_1_356' title='bbox 1499 899 1525 924; x_wconf 89' lang='lat' dir='ltr'><strong>in</strong></span> <span class='ocrx_word' id='word_1_357' title='bbox 1549 898 1643 925; x_wconf 84' lang='lat' dir='ltr'><strong>eodem</strong></span> <span class='ocrx_word' id='word_1_358' title='bbox 1660 907 1719 925; x_wconf 86' lang='lat' dir='ltr'><strong>ma—</strong></span> 
     </span>
    </p>
   </div>
   <div class='ocr_carea' id='block_1_46' title="bbox 933 942 1715 976">
    <p class='ocr_par' dir='ltr' id='par_1_46' title="bbox 933 942 1715 976">
     <span class='ocr_line' id='line_1_46' title="bbox 933 942 1715 976; baseline 0.006 -10"><span class='ocrx_word' id='word_1_359' title='bbox 933 944 978 967; x_wconf 67' lang='lat' dir='ltr'><strong>n-t</strong></span> <span class='ocrx_word' id='word_1_360' title='bbox 994 942 1002 973; x_wconf 96' lang='lat'><strong>(</strong></span> <span class='ocrx_word' id='word_1_361' title='bbox 1018 948 1079 968; x_wconf 88' lang='lat' dir='ltr'><strong>nam</strong></span> <span class='ocrx_word' id='word_1_362' title='bbox 1093 949 1148 976; x_wconf 91' lang='lat' dir='ltr'><strong>quo</strong></span> <span class='ocrx_word' id='word_1_363' title='bbox 1168 946 1249 976; x_wconf 82' lang='lat' dir='ltr'><strong>pacto</strong></span> <span class='ocrx_word' id='word_1_364' title='bbox 1278 942 1304 969; x_wconf 94' lang='lat' dir='ltr'><strong>in</strong></span> <span class='ocrx_word' id='word_1_365' title='bbox 1334 943 1427 971; x_wconf 87' lang='lat' dir='ltr'><strong>eodem</strong></span> <span class='ocrx_word' id='word_1_366' title='bbox 1452 947 1524 970; x_wconf 88' lang='lat' dir='ltr'><strong>statu</strong></span> <span class='ocrx_word' id='word_1_367' title='bbox 1559 945 1715 972; x_wconf 79' lang='lat' dir='ltr'><strong>conservati</strong></span> 
     </span>
    </p>
   </div>
   <div class='ocr_carea' id='block_1_47' title="bbox 934 985 1716 1025">
    <p class='ocr_par' dir='ltr' id='par_1_47' title="bbox 934 985 1716 1025">
     <span class='ocr_line' id='line_1_47' title="bbox 934 985 1716 1025; baseline 0.006 -14"><span class='ocrx_word' id='word_1_368' title='bbox 934 987 1031 1020; x_wconf 86' lang='lat' dir='ltr'><strong>poterit</strong></span> <span class='ocrx_word' id='word_1_369' title='bbox 1050 985 1076 1013; x_wconf 86' lang='lat' dir='ltr'><strong>id</strong></span> <span class='ocrx_word' id='word_1_370' title='bbox 1103 986 1175 1021; x_wconf 88' lang='lat' dir='ltr'><strong>quod</strong></span> <span class='ocrx_word' id='word_1_371' title='bbox 1216 988 1347 1015; x_wconf 77' lang='lat' dir='ltr'><strong>alteratur</strong></span> <span class='ocrx_word' id='word_1_372' title='bbox 1383 993 1409 1015; x_wconf 86' lang='lat' dir='ltr'><strong>et</strong></span> <span class='ocrx_word' id='word_1_373' title='bbox 1442 989 1651 1025; x_wconf 82' lang='lat' dir='ltr'><strong>immutatur?)</strong></span> <span class='ocrx_word' id='word_1_374' title='bbox 1669 990 1716 1018; x_wconf 80' lang='lat' dir='ltr'><strong>sed</strong></span> 
     </span>
    </p>
   </div>
   <div class='ocr_carea' id='block_1_48' title="bbox 933 1029 1718 1069">
    <p class='ocr_par' dir='ltr' id='par_1_48' title="bbox 933 1029 1718 1069">
     <span class='ocr_line' id='line_1_48' title="bbox 933 1029 1718 1069; baseline 0.008 -14"><span class='ocrx_word' id='word_1_375' title='bbox 933 1029 1161 1064; x_wconf 84' lang='lat' dir='ltr'><strong>quemadmodum</strong></span> <span class='ocrx_word' id='word_1_376' title='bbox 1178 1030 1266 1065; x_wconf 80' lang='lat' dir='ltr'><strong>ignis,</strong></span> <span class='ocrx_word' id='word_1_377' title='bbox 1295 1033 1340 1066; x_wconf 89' lang='lat' dir='ltr'><strong>qui</strong></span> <span class='ocrx_word' id='word_1_378' title='bbox 1357 1036 1398 1060; x_wconf 88' lang='lat' dir='ltr'><strong>cst</strong></span> <span class='ocrx_word' id='word_1_379' title='bbox 1419 1033 1446 1060; x_wconf 91' lang='lat' dir='ltr'><strong>in</strong></span> <span class='ocrx_word' id='word_1_380' title='bbox 1469 1033 1617 1068; x_wconf 81' lang='lat' dir='ltr'><strong>cllycbnio,</strong></span> <span class='ocrx_word' id='word_1_381' title='bbox 1637 1040 1718 1069; x_wconf 82' lang='lat' dir='ltr'><strong>prout</strong></span> 
     </span>
    </p>
   </div>
   <div class='ocr_carea' id='block_1_49' title="bbox 934 1074 1717 1112">
    <p class='ocr_par' dir='ltr' id='par_1_49' title="bbox 934 1074 1717 1112">
     <span class='ocr_line' id='line_1_49' title="bbox 934 1074 1717 1112; baseline 0.005 -11"><span class='ocrx_word' id='word_1_382' title='bbox 934 1074 1040 1102; x_wconf 86' lang='lat' dir='ltr'><strong>videtur</strong></span> <span class='ocrx_word' id='word_1_383' title='bbox 1059 1075 1179 1109; x_wconf 87' lang='lat' dir='ltr'><strong>quidem,</strong></span> <span class='ocrx_word' id='word_1_384' title='bbox 1196 1084 1303 1111; x_wconf 80' lang='lat' dir='ltr'><strong>semper</strong></span> <span class='ocrx_word' id='word_1_385' title='bbox 1325 1078 1394 1104; x_wconf 85' lang='lat' dir='ltr'><strong>idem</strong></span> <span class='ocrx_word' id='word_1_386' title='bbox 1417 1082 1548 1112; x_wconf 79' lang='lat' dir='ltr'><strong>apparet(</strong></span> <span class='ocrx_word' id='word_1_387' title='bbox 1570 1079 1717 1105; x_wconf 87' lang='lat' dir='ltr'><strong>continuus</strong></span> 
     </span>
    </p>
   </div>
   <div class='ocr_carea' id='block_1_50' title="bbox 934 1120 1718 1155">
    <p class='ocr_par' dir='ltr' id='par_1_50' title="bbox 934 1120 1718 1155">
     <span class='ocr_line' id='line_1_50' title="bbox 934 1120 1718 1155; baseline 0.004 -9"><span class='ocrx_word' id='word_1_388' title='bbox 934 1120 1006 1146; x_wconf 89' lang='lat' dir='ltr'><strong>enim</strong></span> <span class='ocrx_word' id='word_1_389' title='bbox 1049 1127 1156 1155; x_wconf 88' lang='lat' dir='ltr'><strong>semper</strong></span> <span class='ocrx_word' id='word_1_390' title='bbox 1194 1125 1305 1154; x_wconf 90' lang='lat' dir='ltr'><strong>motus,</strong></span> <span class='ocrx_word' id='word_1_391' title='bbox 1342 1122 1416 1149; x_wconf 91' lang='lat' dir='ltr'><strong>nullo</strong></span> <span class='ocrx_word' id='word_1_392' title='bbox 1455 1122 1600 1150; x_wconf 85' lang='lat' dir='ltr'><strong>intervallo</strong></span> <span class='ocrx_word' id='word_1_393' title='bbox 1637 1123 1718 1150; x_wconf 86' lang='lat' dir='ltr'><strong>didu-</strong></span> 
     </span>
    </p>
   </div>
   <div class='ocr_carea' id='block_1_51' title="bbox 934 1166 1718 1202">
    <p class='ocr_par' dir='ltr' id='par_1_51' title="bbox 934 1166 1718 1202">
     <span class='ocr_line' id='line_1_51' title="bbox 934 1166 1718 1202; baseline 0.004 -11"><span class='ocrx_word' id='word_1_394' title='bbox 934 1169 1008 1192; x_wconf 83' lang='lat' dir='ltr'><strong>ctum</strong></span> <span class='ocrx_word' id='word_1_395' title='bbox 1038 1166 1308 1202; x_wconf 87' lang='lat' dir='ltr'><strong>alquedircmptum,</strong></span> <span class='ocrx_word' id='word_1_396' title='bbox 1337 1167 1385 1194; x_wconf 87' lang='lat' dir='ltr'><strong>sed</strong></span> <span class='ocrx_word' id='word_1_397' title='bbox 1412 1174 1582 1195; x_wconf 88' lang='lat' dir='ltr'><strong>cumsecum</strong></span> <span class='ocrx_word' id='word_1_398' title='bbox 1612 1169 1718 1195; x_wconf 88' lang='lat' dir='ltr'><strong>unitum</strong></span> 
     </span>
    </p>
   </div>
   <div class='ocr_carea' id='block_1_52' title="bbox 935 1210 1719 1247">
    <p class='ocr_par' dir='ltr' id='par_1_52' title="bbox 935 1210 1719 1247">
     <span class='ocr_line' id='line_1_52' title="bbox 935 1210 1719 1247; baseline 0.003 -9"><span class='ocrx_word' id='word_1_399' title='bbox 935 1210 1063 1246; x_wconf 79' lang='lat' dir='ltr'><strong>reddit),</strong></span> <span class='ocrx_word' id='word_1_400' title='bbox 1085 1218 1177 1238; x_wconf 83' lang='lat' dir='ltr'><strong>revera</strong></span> <span class='ocrx_word' id='word_1_401' title='bbox 1207 1216 1296 1239; x_wconf 88' lang='lat' dir='ltr'><strong>autem</strong></span> <span class='ocrx_word' id='word_1_402' title='bbox 1326 1211 1384 1247; x_wconf 88' lang='lat' dir='ltr'><strong>ipse</strong></span> <span class='ocrx_word' id='word_1_403' title='bbox 1411 1220 1471 1240; x_wconf 86' lang='lat' dir='ltr'><strong>sese</strong></span> <span class='ocrx_word' id='word_1_404' title='bbox 1511 1220 1618 1247; x_wconf 89' lang='lat' dir='ltr'><strong>semper</strong></span> <span class='ocrx_word' id='word_1_405' title='bbox 1644 1213 1719 1241; x_wconf 75' lang='lat' dir='ltr'><strong>exci-</strong></span> 
     </span>
    </p>
   </div>
   <div class='ocr_carea' id='block_1_53' title="bbox 935 1257 1718 1293">
    <p class='ocr_par' dir='ltr' id='par_1_53' title="bbox 935 1257 1718 1293">
     <span class='ocr_line' id='line_1_53' title="bbox 935 1257 1718 1293; baseline 0.001 -9"><span class='ocrx_word' id='word_1_406' title='bbox 935 1257 1024 1292; x_wconf 83' lang='lat' dir='ltr'><strong>piens,</strong></span> <span class='ocrx_word' id='word_1_407' title='bbox 1050 1265 1188 1292; x_wconf 89' lang='lat' dir='ltr'><strong>nunquam</strong></span> <span class='ocrx_word' id='word_1_408' title='bbox 1216 1257 1284 1285; x_wconf 89' lang='lat' dir='ltr'><strong>idcm</strong></span> <span class='ocrx_word' id='word_1_409' title='bbox 1314 1261 1404 1286; x_wconf 87' lang='lat' dir='ltr'><strong>manet</strong></span> <span class='ocrx_word' id='word_1_410' title='bbox 1416 1258 1427 1293; x_wconf 84' lang='lat'><strong>(</strong></span> <span class='ocrx_word' id='word_1_411' title='bbox 1438 1258 1537 1285; x_wconf 84' lang='lat' dir='ltr'><strong>humor</strong></span> <span class='ocrx_word' id='word_1_412' title='bbox 1552 1259 1645 1291; x_wconf 91' lang='lat' dir='ltr'><strong>cnim,</strong></span> <span class='ocrx_word' id='word_1_413' title='bbox 1670 1261 1718 1293; x_wconf 86' lang='lat' dir='ltr'><strong>qui</strong></span> 
     </span>
    </p>
   </div>
   <div class='ocr_carea' id='block_1_54' title="bbox 936 1303 1720 1338">
    <p class='ocr_par' dir='ltr' id='par_1_54' title="bbox 936 1303 1720 1338">
     <span class='ocr_line' id='line_1_54' title="bbox 936 1303 1720 1338; baseline 0.003 -8"><span class='ocrx_word' id='word_1_414' title='bbox 936 1311 983 1338; x_wconf 87' lang='lat' dir='ltr'><strong>per</strong></span> <span class='ocrx_word' id='word_1_415' title='bbox 1003 1303 1120 1331; x_wconf 80' lang='lat' dir='ltr'><strong>calorem</strong></span> <span class='ocrx_word' id='word_1_416' title='bbox 1147 1307 1286 1332; x_wconf 73' lang='lat' dir='ltr'><strong>extractus</strong></span> <span class='ocrx_word' id='word_1_417' title='bbox 1311 1303 1412 1337; x_wconf 78' lang='lat' dir='ltr'><strong>fuerit,</strong></span> <span class='ocrx_word' id='word_1_418' title='bbox 1430 1304 1511 1331; x_wconf 89' lang='lat' dir='ltr'><strong>simul</strong></span> <span class='ocrx_word' id='word_1_419' title='bbox 1537 1309 1564 1331; x_wconf 85' lang='lat' dir='ltr'><strong>ct</strong></span> <span class='ocrx_word' id='word_1_420' title='bbox 1587 1305 1613 1331; x_wconf 90' lang='lat' dir='ltr'><strong>in</strong></span> <span class='ocrx_word' id='word_1_421' title='bbox 1643 1304 1720 1332; x_wconf 87' lang='lat' dir='ltr'><strong>ﬂam-</strong></span> 
     </span>
    </p>
   </div>
   <div class='ocr_carea' id='block_1_55' title="bbox 935 1348 1720 1383">
    <p class='ocr_par' dir='ltr' id='par_1_55' title="bbox 935 1348 1720 1383">
     <span class='ocr_line' id='line_1_55' title="bbox 935 1348 1720 1383; baseline 0.001 -8"><span class='ocrx_word' id='word_1_422' title='bbox 935 1355 1008 1375; x_wconf 88' lang='lat' dir='ltr'><strong>mam</strong></span> <span class='ocrx_word' id='word_1_423' title='bbox 1035 1348 1214 1380; x_wconf 86' lang='lat' dir='ltr'><strong>convcrtitur,</strong></span> <span class='ocrx_word' id='word_1_424' title='bbox 1245 1352 1358 1376; x_wconf 84' lang='lat' dir='ltr'><strong>exustus</strong></span> <span class='ocrx_word' id='word_1_425' title='bbox 1376 1348 1402 1375; x_wconf 89' lang='lat' dir='ltr'><strong>in</strong></span> <span class='ocrx_word' id='word_1_426' title='bbox 1436 1349 1540 1376; x_wconf 82' lang='lat' dir='ltr'><strong>fumum</strong></span> <span class='ocrx_word' id='word_1_427' title='bbox 1567 1357 1600 1376; x_wconf 87' lang='lat' dir='ltr'><strong>ae</strong></span> <span class='ocrx_word' id='word_1_428' title='bbox 1625 1349 1720 1383; x_wconf 78' lang='lat' dir='ltr'><strong>fuligi-</strong></span> 
     </span>
    </p>
   </div>
   <div class='ocr_carea' id='block_1_56' title="bbox 936 1393 1719 1429">
    <p class='ocr_par' dir='ltr' id='par_1_56' title="bbox 936 1393 1719 1429">
     <span class='ocr_line' id='line_1_56' title="bbox 936 1393 1719 1429; baseline 0 -9"><span class='ocrx_word' id='word_1_429' title='bbox 936 1400 997 1420; x_wconf 85' lang='lat' dir='ltr'><strong>nem</strong></span> <span class='ocrx_word' id='word_1_430' title='bbox 1034 1393 1190 1429; x_wconf 78' lang='lat' dir='ltr'><strong>redigitur;</strong></span> <span class='ocrx_word' id='word_1_431' title='bbox 1217 1401 1249 1421; x_wconf 87' lang='lat' dir='ltr'><strong>ac</strong></span> <span class='ocrx_word' id='word_1_432' title='bbox 1264 1401 1373 1428; x_wconf 81' lang='lat' dir='ltr'><strong>semper</strong></span> <span class='ocrx_word' id='word_1_433' title='bbox 1406 1394 1545 1421; x_wconf 84' lang='lat' dir='ltr'><strong>alterativa</strong></span> <span class='ocrx_word' id='word_1_434' title='bbox 1573 1395 1598 1420; x_wconf 92' lang='lat' dir='ltr'><strong>vi</strong></span> <span class='ocrx_word' id='word_1_435' title='bbox 1629 1399 1719 1421; x_wconf 79' lang='lat' dir='ltr'><strong>motus</strong></span> 
     </span>
    </p>
   </div>
   <div class='ocr_carea' id='block_1_57' title="bbox 937 1438 1719 1475">
    <p class='ocr_par' dir='ltr' id='par_1_57' title="bbox 937 1438 1719 1475">
     <span class='ocr_line' id='line_1_57' title="bbox 937 1438 1719 1475; baseline 0.003 -10"><span class='ocrx_word' id='word_1_436' title='bbox 937 1438 1050 1466; x_wconf 65' lang='lat' dir='ltr'><strong>ﬂamma:</strong></span> <span class='ocrx_word' id='word_1_437' title='bbox 1067 1438 1206 1474; x_wconf 84' lang='lat' dir='ltr'><strong>peragitur</strong></span> <span class='ocrx_word' id='word_1_438' title='bbox 1238 1439 1265 1466; x_wconf 93' lang='lat' dir='ltr'><strong>in</strong></span> <span class='ocrx_word' id='word_1_439' title='bbox 1287 1439 1390 1466; x_wconf 82' lang='lat' dir='ltr'><strong>fumum</strong></span> <span class='ocrx_word' id='word_1_440' title='bbox 1407 1447 1439 1466; x_wconf 86' lang='lat' dir='ltr'><strong>ac</strong></span> <span class='ocrx_word' id='word_1_441' title='bbox 1461 1439 1599 1475; x_wconf 77' lang='lat' dir='ltr'><strong>fuliginem</strong></span> <span class='ocrx_word' id='word_1_442' title='bbox 1616 1447 1663 1474; x_wconf 78' lang='lat' dir='ltr'><strong>per</strong></span> <span class='ocrx_word' id='word_1_443' title='bbox 1676 1448 1719 1468; x_wconf 88' lang='lat' dir='ltr'><strong>sc-</strong></span> 
     </span>
    </p>
   </div>
   <div class='ocr_carea' id='block_1_58' title="bbox 93 1481 886 1520">
    <p class='ocr_par' dir='ltr' id='par_1_58' title="bbox 93 1483 885 1520">
     <span class='ocr_line' id='line_1_58' title="bbox 93 1483 885 1520; baseline -0.003 -9"><span class='ocrx_word' id='word_1_444' title='bbox 93 1484 232 1516; x_wconf 79' lang='grc' dir='ltr'>λοιὼσεως</span> <span class='ocrx_word' id='word_1_445' title='bbox 247 1484 298 1511; x_wconf 79' lang='grc' dir='ltr'><strong>οὐκ</strong></span> <span class='ocrx_word' id='word_1_446' title='bbox 321 1484 452 1520; x_wconf 79' lang='grc' dir='ltr'>ἀναμένει</span> <span class='ocrx_word' id='word_1_447' title='bbox 473 1484 520 1511; x_wconf 76' lang='grc' dir='ltr'><strong>τὸν</strong></span> <span class='ocrx_word' id='word_1_448' title='bbox 546 1485 579 1511; x_wconf 79' lang='grc' dir='ltr'><strong>ὲκ</strong></span> <span class='ocrx_word' id='word_1_449' title='bbox 590 1484 718 1518; x_wconf 80' lang='grc' dir='ltr'>δευτέρου</span> <span class='ocrx_word' id='word_1_450' title='bbox 734 1483 814 1510; x_wconf 83' lang='grc' dir='ltr'>πάλιν</span> <span class='ocrx_word' id='word_1_451' title='bbox 826 1484 885 1509; x_wconf 82' lang='grc' dir='ltr'><strong>ἐπι-</strong></span> 
     </span>
    </p>
   </div>
   <div class='ocr_carea' id='block_1_59' title="bbox 940 1481 1722 1520">
    <p class='ocr_par' dir='ltr' id='par_1_59' title="bbox 940 1485 1722 1520">
     <span class='ocr_line' id='line_1_59' title="bbox 940 1485 1722 1520; baseline 0 -8"><span class='ocrx_word' id='word_1_452' title='bbox 940 1491 966 1512; x_wconf 80' lang='lat' dir='ltr'><strong>sc</strong></span> <span class='ocrx_word' id='word_1_453' title='bbox 987 1485 1139 1520; x_wconf 84' lang='lat' dir='ltr'><strong>subjectum</strong></span> <span class='ocrx_word' id='word_1_454' title='bbox 1170 1485 1355 1520; x_wconf 74' lang='lat' dir='ltr'><strong>immutans):</strong></span> <span class='ocrx_word' id='word_1_455' title='bbox 1380 1485 1609 1520; x_wconf 79' lang='lat' dir='ltr'><strong>quemadmodum</strong></span> <span class='ocrx_word' id='word_1_456' title='bbox 1636 1485 1722 1520; x_wconf 79' lang='lat' dir='ltr'><strong>igitur</strong></span> 
     </span>
    </p>
   </div>
   <div class='ocr_carea' id='block_1_60' title="bbox 93 1528 886 1565">
    <p class='ocr_par' dir='ltr' id='par_1_60' title="bbox 93 1528 886 1565">
     <span class='ocr_line' id='line_1_60' title="bbox 93 1528 886 1565; baseline -0.004 -8"><span class='ocrx_word' id='word_1_457' title='bbox 93 1530 270 1565; x_wconf 77' lang='grc' dir='ltr'>θιγγάνοντα,</span> <span class='ocrx_word' id='word_1_458' title='bbox 294 1529 346 1557; x_wconf 82' lang='grc' dir='ltr'>κᾶν</span> <span class='ocrx_word' id='word_1_459' title='bbox 366 1530 406 1562; x_wconf 84' lang='grc' dir='ltr'>ὡς</span> <span class='ocrx_word' id='word_1_460' title='bbox 429 1529 544 1565; x_wconf 83' lang='grc' dir='ltr'>τάχιστα</span> <span class='ocrx_word' id='word_1_461' title='bbox 566 1529 645 1556; x_wconf 82' lang='grc' dir='ltr'>τοῦτο</span> <span class='ocrx_word' id='word_1_462' title='bbox 668 1529 755 1564; x_wconf 80' lang='grc' dir='ltr'>ποιῇ),</span> <span class='ocrx_word' id='word_1_463' title='bbox 772 1528 828 1555; x_wconf 81' lang='grc' dir='ltr'>ἀλλ’</span> <span class='ocrx_word' id='word_1_464' title='bbox 843 1528 886 1555; x_wconf 77' lang='grc' dir='ltr'>ἀεὶ</span> 
     </span>
    </p>
   </div>
   <div class='ocr_carea' id='block_1_61' title="bbox 94 1575 888 1611">
    <p class='ocr_par' dir='ltr' id='par_1_61' title="bbox 94 1575 888 1611">
     <span class='ocr_line' id='line_1_61' title="bbox 94 1575 888 1611; baseline -0.001 -8"><span class='ocrx_word' id='word_1_465' title='bbox 94 1577 177 1611; x_wconf 75' lang='grc' dir='ltr'>καινή</span> <span class='ocrx_word' id='word_1_466' title='bbox 189 1585 220 1603; x_wconf 82' lang='grc' dir='ltr'><strong>τε</strong></span> <span class='ocrx_word' id='word_1_467' title='bbox 230 1576 278 1603; x_wconf 80' lang='grc' dir='ltr'><strong>καὶ</strong></span> <span class='ocrx_word' id='word_1_468' title='bbox 292 1575 448 1611; x_wconf 73' lang='grc' dir='ltr'>πρόσφατος</span> <span class='ocrx_word' id='word_1_469' title='bbox 464 1577 538 1602; x_wconf 76' lang='grc' dir='ltr'>ἐστιν</span> <span class='ocrx_word' id='word_1_470' title='bbox 560 1576 577 1611; x_wconf 81' lang='grc' dir='ltr'><strong>ὴ</strong></span> <span class='ocrx_word' id='word_1_471' title='bbox 602 1575 668 1610; x_wconf 77' lang='grc' dir='ltr'>φλὸξ</span> <span class='ocrx_word' id='word_1_472' title='bbox 687 1575 802 1602; x_wconf 84' lang='grc' dir='ltr'>πάντοτε</span> <span class='ocrx_word' id='word_1_473' title='bbox 815 1583 888 1609; x_wconf 87' lang='grc' dir='ltr'>γινο-</span> 
     </span>
    </p>
   </div>
   <div class='ocr_carea' id='block_1_62' title="bbox 95 1620 887 1657">
    <p class='ocr_par' dir='ltr' id='par_1_62' title="bbox 95 1620 887 1657">
     <span class='ocr_line' id='line_1_62' title="bbox 95 1620 887 1657; baseline -0.003 -9"><span class='ocrx_word' id='word_1_474' title='bbox 95 1622 166 1657; x_wconf 82' lang='grc' dir='ltr'>μένη</span> <span class='ocrx_word' id='word_1_475' title='bbox 182 1622 251 1657; x_wconf 75' lang='grc'><strong>(21),</strong></span> <span class='ocrx_word' id='word_1_476' title='bbox 271 1621 318 1648; x_wconf 76' lang='grc' dir='ltr'><strong>καὶ</strong></span> <span class='ocrx_word' id='word_1_477' title='bbox 331 1621 376 1648; x_wconf 75' lang='grc' dir='ltr'><strong>ἀεὶ</strong></span> <span class='ocrx_word' id='word_1_478' title='bbox 388 1621 488 1656; x_wconf 78' lang='grc' dir='ltr'>ἑαυτὴν</span> <span class='ocrx_word' id='word_1_479' title='bbox 503 1620 690 1656; x_wconf 83' lang='grc' dir='ltr'>διαδεχομένη,</span> <span class='ocrx_word' id='word_1_480' title='bbox 703 1621 750 1647; x_wconf 77' lang='grc' dir='ltr'>καὶ</span> <span class='ocrx_word' id='word_1_481' title='bbox 760 1620 887 1647; x_wconf 82' lang='grc' dir='ltr'>οὐδέποτε</span> 
     </span>
    </p>
   </div>
   <div class='ocr_carea' id='block_1_63' title="bbox 94 1663 888 1702">
    <p class='ocr_par' dir='ltr' id='par_1_63' title="bbox 94 1663 888 1702">
     <span class='ocr_line' id='line_1_63' title="bbox 94 1663 888 1702; baseline -0.003 -10"><span class='ocrx_word' id='word_1_482' title='bbox 94 1667 143 1693; x_wconf 74' lang='grc' dir='ltr'><strong>ἐπὶ</strong></span> <span class='ocrx_word' id='word_1_483' title='bbox 152 1666 200 1694; x_wconf 73' lang='grc' dir='ltr'>τοῦ</span> <span class='ocrx_word' id='word_1_484' title='bbox 219 1666 302 1693; x_wconf 82' lang='grc' dir='ltr'>αὑτοῦ</span> <span class='ocrx_word' id='word_1_485' title='bbox 319 1666 453 1702; x_wconf 84' lang='grc' dir='ltr'>μένουσα·</span> <span class='ocrx_word' id='word_1_486' title='bbox 469 1665 589 1693; x_wconf 74' lang='grc' dir='ltr'>τοιοῦτον</span> <span class='ocrx_word' id='word_1_487' title='bbox 602 1674 630 1692; x_wconf 85' lang='grc' dir='ltr'><strong>τι</strong></span> <span class='ocrx_word' id='word_1_488' title='bbox 640 1665 688 1692; x_wconf 74' lang='grc' dir='ltr'><strong>καὶ</strong></span> <span class='ocrx_word' id='word_1_489' title='bbox 701 1665 767 1700; x_wconf 81' lang='grc' dir='ltr'>περὶ</span> <span class='ocrx_word' id='word_1_490' title='bbox 781 1665 831 1700; x_wconf 79' lang='grc' dir='ltr'>τὴν</span> <span class='ocrx_word' id='word_1_491' title='bbox 841 1663 888 1690; x_wconf 79' lang='grc' dir='ltr'>τοῦ</span> 
     </span>
    </p>
   </div>
   <div class='ocr_carea' id='block_1_64' title="bbox 96 1709 888 1751">
    <p class='ocr_par' dir='ltr' id='par_1_64' title="bbox 96 1709 888 1751">
     <span class='ocr_line' id='line_1_64' title="bbox 96 1709 888 1751; baseline -0.005 -12"><span class='ocrx_word' id='word_1_492' title='bbox 96 1712 224 1748; x_wconf 80' lang='grc' dir='ltr'>σώματος</span> <span class='ocrx_word' id='word_1_493' title='bbox 240 1711 320 1747; x_wconf 83' lang='grc' dir='ltr'>ἡμῶν</span> <span class='ocrx_word' id='word_1_494' title='bbox 347 1711 428 1746; x_wconf 81' lang='grc' dir='ltr'>φύσιν</span> <span class='ocrx_word' id='word_1_495' title='bbox 441 1711 509 1738; x_wconf 75' lang='grc' dir='ltr'>ἐστι.</span> <span class='ocrx_word' id='word_1_496' title='bbox 535 1711 572 1737; x_wconf 85' lang='grc' dir='ltr'><strong>Τὸ</strong></span> <span class='ocrx_word' id='word_1_497' title='bbox 586 1710 641 1746; x_wconf 79' lang='grc' dir='ltr'><strong>γὰρ</strong></span> <span class='ocrx_word' id='word_1_498' title='bbox 664 1710 808 1751; x_wconf 75' lang='grc' dir='ltr'>ἐπίρρυτον</span> <span class='ocrx_word' id='word_1_499' title='bbox 833 1709 888 1750; x_wconf 60' lang='lat'><strong>(2?)</strong></span> 
     </span>
    </p>
   </div>
   <div class='ocr_carea' id='block_1_65' title="bbox 95 1755 890 1795">
    <p class='ocr_par' dir='ltr' id='par_1_65' title="bbox 95 1755 890 1795">
     <span class='ocr_line' id='line_1_65' title="bbox 95 1755 890 1795; baseline -0.006 -10"><span class='ocrx_word' id='word_1_500' title='bbox 95 1760 146 1795; x_wconf 82' lang='grc' dir='ltr'>τῆς</span> <span class='ocrx_word' id='word_1_501' title='bbox 162 1758 272 1794; x_wconf 80' lang='grc' dir='ltr'>φύσεως</span> <span class='ocrx_word' id='word_1_502' title='bbox 284 1757 374 1793; x_wconf 80' lang='grc' dir='ltr'>ἡμῶν,</span> <span class='ocrx_word' id='word_1_503' title='bbox 388 1758 435 1784; x_wconf 79' lang='grc' dir='ltr'>καὶ</span> <span class='ocrx_word' id='word_1_504' title='bbox 447 1757 476 1784; x_wconf 77' lang='grc' dir='ltr'>τὸ</span> <span class='ocrx_word' id='word_1_505' title='bbox 494 1757 646 1792; x_wconf 68' lang='grc' dir='ltr'>ἀπόρρυτον</span> <span class='ocrx_word' id='word_1_506' title='bbox 659 1755 704 1782; x_wconf 79' lang='grc' dir='ltr'>διὰ</span> <span class='ocrx_word' id='word_1_507' title='bbox 718 1755 767 1790; x_wconf 77' lang='grc' dir='ltr'>τῆς</span> <span class='ocrx_word' id='word_1_508' title='bbox 782 1755 890 1782; x_wconf 87' lang='grc' dir='ltr'>ἀλλοιω-</span> 
     </span>
    </p>
   </div>
   <div class='ocr_carea' id='block_1_66' title="bbox 95 1800 890 1840">
    <p class='ocr_par' dir='ltr' id='par_1_66' title="bbox 95 1800 890 1840">
     <span class='ocr_line' id='line_1_66' title="bbox 95 1800 890 1840; baseline -0.008 -8"><span class='ocrx_word' id='word_1_509' title='bbox 95 1805 178 1840; x_wconf 80' lang='grc' dir='ltr'>τικῆς</span> <span class='ocrx_word' id='word_1_510' title='bbox 194 1805 328 1839; x_wconf 75' lang='grc' dir='ltr'>κινήσεως</span> <span class='ocrx_word' id='word_1_511' title='bbox 343 1803 387 1830; x_wconf 78' lang='grc' dir='ltr'><strong>ἀεὶ</strong></span> <span class='ocrx_word' id='word_1_512' title='bbox 407 1803 588 1839; x_wconf 84' lang='grc' dir='ltr'>πορευόμενον</span> <span class='ocrx_word' id='word_1_513' title='bbox 611 1802 679 1836; x_wconf 73' lang='grc'><strong>(25),</strong></span> <span class='ocrx_word' id='word_1_514' title='bbox 691 1801 751 1828; x_wconf 78' lang='grc' dir='ltr'>τότε</span> <span class='ocrx_word' id='word_1_515' title='bbox 768 1800 890 1835; x_wconf 71' lang='grc' dir='ltr'>κινούμε-</span> 
     </span>
    </p>
   </div>
   <div class='ocr_carea' id='block_1_67' title="bbox 95 1845 889 1883">
    <p class='ocr_par' dir='ltr' id='par_1_67' title="bbox 95 1845 889 1883">
     <span class='ocr_line' id='line_1_67' title="bbox 95 1845 889 1883; baseline -0.008 -6"><span class='ocrx_word' id='word_1_516' title='bbox 95 1860 144 1878; x_wconf 88' lang='grc' dir='ltr'><strong>νον</strong></span> <span class='ocrx_word' id='word_1_517' title='bbox 156 1851 275 1881; x_wconf 83' lang='grc' dir='ltr'>ἵσταται,</span> <span class='ocrx_word' id='word_1_518' title='bbox 288 1849 353 1876; x_wconf 75' lang='grc' dir='ltr'>ὅταν</span> <span class='ocrx_word' id='word_1_519' title='bbox 373 1849 420 1876; x_wconf 75' lang='grc' dir='ltr'>καὶ</span> <span class='ocrx_word' id='word_1_520' title='bbox 435 1848 485 1883; x_wconf 84' lang='grc' dir='ltr'>τῆς</span> <span class='ocrx_word' id='word_1_521' title='bbox 506 1847 578 1883; x_wconf 81' lang='grc' dir='ltr'>ζωῆς</span> <span class='ocrx_word' id='word_1_522' title='bbox 592 1846 715 1882; x_wconf 79' lang='grc' dir='ltr'><strong>ἀπολήξῃ</strong></span> <span class='ocrx_word' id='word_1_523' title='bbox 724 1854 731 1862; x_wconf 71' lang='grc' dir='ltr'><strong>ο</strong></span> <span class='ocrx_word' id='word_1_524' title='bbox 754 1846 806 1876; x_wconf 73' lang='grc' dir='ltr'>ἕως</span> <span class='ocrx_word' id='word_1_525' title='bbox 820 1845 842 1872; x_wconf 81' lang='grc' dir='ltr'>δ’</span> <span class='ocrx_word' id='word_1_526' title='bbox 856 1845 889 1872; x_wconf 82' lang='grc' dir='ltr'>ἂν</span> 
     </span>
    </p>
   </div>
   <div class='ocr_carea' id='block_1_68' title="bbox 96 1890 889 1932">
    <p class='ocr_par' dir='ltr' id='par_1_68' title="bbox 96 1890 889 1932">
     <span class='ocr_line' id='line_1_68' title="bbox 96 1890 889 1932; baseline -0.008 -9"><span class='ocrx_word' id='word_1_527' title='bbox 96 1897 128 1923; x_wconf 72' lang='grc' dir='ltr'><strong>έν</strong></span> <span class='ocrx_word' id='word_1_528' title='bbox 145 1896 184 1931; x_wconf 82' lang='grc' dir='ltr'>τῷ</span> <span class='ocrx_word' id='word_1_529' title='bbox 198 1896 248 1931; x_wconf 81' lang='grc' dir='ltr'><strong>ζῇν</strong></span> <span class='ocrx_word' id='word_1_530' title='bbox 267 1894 298 1932; x_wconf 72' lang='grc' dir='ltr'>ᾖ,</span> <span class='ocrx_word' id='word_1_531' title='bbox 318 1894 412 1922; x_wconf 81' lang='grc' dir='ltr'>στάσιν</span> <span class='ocrx_word' id='word_1_532' title='bbox 426 1894 477 1921; x_wconf 84' lang='grc' dir='ltr'>οὐκ</span> <span class='ocrx_word' id='word_1_533' title='bbox 494 1893 561 1929; x_wconf 75' lang='grc' dir='ltr'>ἔχει.</span> <span class='ocrx_word' id='word_1_534' title='bbox 576 1893 612 1920; x_wconf 81' lang='grc' dir='ltr'><strong>Ἣ</strong></span> <span class='ocrx_word' id='word_1_535' title='bbox 629 1892 683 1928; x_wconf 83' lang='grc' dir='ltr'><strong>γὰρ</strong></span> <span class='ocrx_word' id='word_1_536' title='bbox 694 1891 855 1927; x_wconf 83' lang='grc' dir='ltr'>πληροῦται,</span> <span class='ocrx_word' id='word_1_537' title='bbox 873 1890 889 1925; x_wconf 83' lang='grc' dir='ltr'>ἢ</span> 
     </span>
    </p>
   </div>
   <div class='ocr_carea' id='block_1_69' title="bbox 95 1935 891 1975">
    <p class='ocr_par' dir='ltr' id='par_1_69' title="bbox 95 1935 891 1975">
     <span class='ocr_line' id='line_1_69' title="bbox 95 1935 891 1975; baseline -0.008 -7"><span class='ocrx_word' id='word_1_538' title='bbox 95 1941 255 1969; x_wconf 82' lang='grc' dir='ltr'>διαπνέεται</span> <span class='ocrx_word' id='word_1_539' title='bbox 268 1940 337 1975; x_wconf 68' lang='grc'><strong>(24),</strong></span> <span class='ocrx_word' id='word_1_540' title='bbox 350 1939 367 1975; x_wconf 86' lang='grc' dir='ltr'><strong>ἢ</strong></span> <span class='ocrx_word' id='word_1_541' title='bbox 382 1939 417 1966; x_wconf 79' lang='grc' dir='ltr'>δι’</span> <span class='ocrx_word' id='word_1_542' title='bbox 427 1939 565 1974; x_wconf 78' lang='grc' dir='ltr'>ἑκατέρων</span> <span class='ocrx_word' id='word_1_543' title='bbox 577 1938 685 1969; x_wconf 87' lang='grc' dir='ltr'>πάντως</span> <span class='ocrx_word' id='word_1_544' title='bbox 701 1936 788 1963; x_wconf 70' lang='grc' dir='ltr'>εἰσαεὶ.</span> <span class='ocrx_word' id='word_1_545' title='bbox 803 1935 891 1969; x_wconf 79' lang='grc' dir='ltr'>διεξά-</span> 
     </span>
    </p>
   </div>
   <div class='ocr_carea' id='block_1_70' title="bbox 97 1981 890 2022">
    <p class='ocr_par' dir='ltr' id='par_1_70' title="bbox 97 1981 890 2022">
     <span class='ocr_line' id='line_1_70' title="bbox 97 1981 890 2022; baseline -0.008 -9"><span class='ocrx_word' id='word_1_546' title='bbox 97 1995 189 2022; x_wconf 86' lang='grc' dir='ltr'>γεται.</span> <span class='ocrx_word' id='word_1_547' title='bbox 204 1987 236 2013; x_wconf 79' lang='lat' dir='ltr'><strong><em>El</em></strong></span> <span class='ocrx_word' id='word_1_548' title='bbox 247 1986 338 2013; x_wconf 78' lang='grc' dir='ltr'>τοίνυν</span> <span class='ocrx_word' id='word_1_549' title='bbox 349 1985 412 2012; x_wconf 78' lang='grc' dir='ltr'>οὐδὲ</span> <span class='ocrx_word' id='word_1_550' title='bbox 421 1984 460 2020; x_wconf 80' lang='grc' dir='ltr'>τῷ</span> <span class='ocrx_word' id='word_1_551' title='bbox 470 1983 555 2019; x_wconf 81' lang='grc' dir='ltr'>χθιζῷ</span> <span class='ocrx_word' id='word_1_552' title='bbox 566 1992 607 2016; x_wconf 84' lang='grc' dir='ltr'><strong>τις</strong></span> <span class='ocrx_word' id='word_1_553' title='bbox 618 1983 632 2010; x_wconf 84' lang='lat'><strong><em>6</em></strong></span> <span class='ocrx_word' id='word_1_554' title='bbox 644 1982 724 2014; x_wconf 82' lang='grc' dir='ltr'>αὑτός</span> <span class='ocrx_word' id='word_1_555' title='bbox 736 1983 820 2014; x_wconf 78' lang='grc' dir='ltr'>ἐστιν,</span> <span class='ocrx_word' id='word_1_556' title='bbox 833 1981 890 2008; x_wconf 80' lang='grc' dir='ltr'>ἀλλ’</span> 
     </span>
    </p>
   </div>
   <div class='ocr_carea' id='block_1_71' title="bbox 98 2026 891 2068">
    <p class='ocr_par' dir='ltr' id='par_1_71' title="bbox 98 2026 891 2068">
     <span class='ocr_line' id='line_1_71' title="bbox 98 2026 891 2068; baseline -0.008 -9"><span class='ocrx_word' id='word_1_557' title='bbox 98 2033 194 2068; x_wconf 72' lang='grc' dir='ltr'>ἔτερος</span> <span class='ocrx_word' id='word_1_558' title='bbox 210 2033 244 2067; x_wconf 79' lang='grc' dir='ltr'>τῇ</span> <span class='ocrx_word' id='word_1_559' title='bbox 266 2031 410 2066; x_wconf 76' lang='grc' dir='ltr'>ἀπαλλαγῇ</span> <span class='ocrx_word' id='word_1_560' title='bbox 427 2030 483 2065; x_wconf 76' lang='grc'><strong>(25)</strong></span> <span class='ocrx_word' id='word_1_561' title='bbox 506 2029 619 2063; x_wconf 77' lang='grc' dir='ltr'>γίνεται,</span> <span class='ocrx_word' id='word_1_562' title='bbox 645 2028 708 2055; x_wconf 80' lang='grc' dir='ltr'>ὅταν</span> <span class='ocrx_word' id='word_1_563' title='bbox 730 2026 891 2063; x_wconf 80' lang='grc' dir='ltr'>ὲπαναγάγῃ</span> 
     </span>
    </p>
   </div>
   <div class='ocr_carea' id='block_1_72' title="bbox 98 2073 890 2113">
    <p class='ocr_par' dir='ltr' id='par_1_72' title="bbox 98 2073 890 2113">
     <span class='ocr_line' id='line_1_72' title="bbox 98 2073 890 2113; baseline -0.008 -8"><span class='ocrx_word' id='word_1_564' title='bbox 98 2079 184 2106; x_wconf 79' lang='grc' dir='ltr'>πάλιν</span> <span class='ocrx_word' id='word_1_565' title='bbox 212 2078 243 2104; x_wconf 81' lang='grc' dir='ltr'>τὸ</span> <span class='ocrx_word' id='word_1_566' title='bbox 266 2077 346 2113; x_wconf 84' lang='grc' dir='ltr'>σῶμα</span> <span class='ocrx_word' id='word_1_567' title='bbox 357 2076 435 2112; x_wconf 86' lang='grc' dir='ltr'>ἡμῶν</span> <span class='ocrx_word' id='word_1_568' title='bbox 448 2075 517 2111; x_wconf 78' lang='grc' dir='ltr'>πρὸς</span> <span class='ocrx_word' id='word_1_569' title='bbox 530 2075 579 2111; x_wconf 76' lang='grc' dir='ltr'><strong>τὴν</strong></span> <span class='ocrx_word' id='word_1_570' title='bbox 600 2074 673 2110; x_wconf 84' lang='grc' dir='ltr'>ζωὴν</span> <span class='ocrx_word' id='word_1_571' title='bbox 695 2075 712 2110; x_wconf 83' lang='grc' dir='ltr'><strong>ἡ</strong></span> <span class='ocrx_word' id='word_1_572' title='bbox 734 2073 890 2105; x_wconf 79' lang='grc' dir='ltr'>ἀνάστασις,</span> 
     </span>
    </p>
   </div>
   <div class='ocr_carea' id='block_1_73' title="bbox 98 2119 892 2160">
    <p class='ocr_par' dir='ltr' id='par_1_73' title="bbox 98 2119 892 2160">
     <span class='ocr_line' id='line_1_73' title="bbox 98 2119 892 2160; baseline -0.006 -9"><span class='ocrx_word' id='word_1_573' title='bbox 98 2124 186 2160; x_wconf 80' lang='grc' dir='ltr'>δῆμός</span> <span class='ocrx_word' id='word_1_574' title='bbox 211 2131 254 2155; x_wconf 87' lang='grc' dir='ltr'><strong>τις</strong></span> <span class='ocrx_word' id='word_1_575' title='bbox 270 2122 422 2158; x_wconf 81' lang='grc' dir='ltr'>ἀνθρώπων</span> <span class='ocrx_word' id='word_1_576' title='bbox 433 2121 541 2154; x_wconf 83' lang='grc' dir='ltr'>πάντως</span> <span class='ocrx_word' id='word_1_577' title='bbox 555 2121 570 2147; x_wconf 81' lang='grc' dir='ltr'>ὁ</span> <span class='ocrx_word' id='word_1_578' title='bbox 583 2119 623 2153; x_wconf 74' lang='grc' dir='ltr'>εἷς</span> <span class='ocrx_word' id='word_1_579' title='bbox 634 2121 789 2156; x_wconf 83' lang='grc' dir='ltr'>γενήσεται,</span> <span class='ocrx_word' id='word_1_580' title='bbox 807 2119 845 2152; x_wconf 84' lang='grc' dir='ltr'>ὼς</span> <span class='ocrx_word' id='word_1_581' title='bbox 859 2119 892 2146; x_wconf 73' lang='grc' dir='ltr'>ἂν</span> 
     </span>
    </p>
   </div>
   <div class='ocr_carea' id='block_1_74' title="bbox 101 2165 891 2205">
    <p class='ocr_par' dir='ltr' id='par_1_74' title="bbox 101 2165 891 2205">
     <span class='ocr_line' id='line_1_74' title="bbox 101 2165 891 2205; baseline -0.008 -9"><span class='ocrx_word' id='word_1_582' title='bbox 101 2169 186 2205; x_wconf 80' lang='grc' dir='ltr'>μηδὲν</span> <span class='ocrx_word' id='word_1_583' title='bbox 198 2169 318 2195; x_wconf 77' lang='grc' dir='ltr'>ἐλλείποι</span> <span class='ocrx_word' id='word_1_584' title='bbox 325 2167 373 2194; x_wconf 86' lang='grc' dir='ltr'>τοῦ</span> <span class='ocrx_word' id='word_1_585' title='bbox 382 2167 562 2202; x_wconf 79' lang='grc' dir='ltr'>ἀνισταμένου</span> <span class='ocrx_word' id='word_1_586' title='bbox 577 2166 608 2193; x_wconf 67' lang='grc' dir='ltr'><strong>τδ</strong></span> <span class='ocrx_word' id='word_1_587' title='bbox 623 2166 732 2202; x_wconf 83' lang='grc' dir='ltr'>βρέφος,</span> <span class='ocrx_word' id='word_1_588' title='bbox 740 2165 771 2192; x_wconf 81' lang='grc' dir='ltr'><strong>τὺ</strong></span> <span class='ocrx_word' id='word_1_589' title='bbox 784 2165 891 2200; x_wconf 79' lang='grc' dir='ltr'>νήπιον,</span> 
     </span>
    </p>
   </div>
   <div class='ocr_carea' id='block_1_75' title="bbox 98 2209 890 2248">
    <p class='ocr_par' dir='ltr' id='par_1_75' title="bbox 98 2209 890 2248">
     <span class='ocr_line' id='line_1_75' title="bbox 98 2209 890 2248; baseline -0.006 -8"><span class='ocrx_word' id='word_1_590' title='bbox 98 2216 114 2241; x_wconf 84' lang='grc' dir='ltr'><strong><em>ὸ</em></strong></span> <span class='ocrx_word' id='word_1_591' title='bbox 130 2215 205 2245; x_wconf 84' lang='grc' dir='ltr'>παῖς,</span> <span class='ocrx_word' id='word_1_592' title='bbox 223 2213 254 2240; x_wconf 76' lang='grc' dir='ltr'>τὸ</span> <span class='ocrx_word' id='word_1_593' title='bbox 269 2213 421 2248; x_wconf 80' lang='grc' dir='ltr'>μειράκιον,</span> <span class='ocrx_word' id='word_1_594' title='bbox 434 2211 544 2247; x_wconf 83' lang='grc' dir='ltr'>ὀάνὴρ,</span> <span class='ocrx_word' id='word_1_595' title='bbox 557 2212 572 2238; x_wconf 82' lang='grc' dir='ltr'>ὁ</span> <span class='ocrx_word' id='word_1_596' title='bbox 588 2211 690 2246; x_wconf 80' lang='grc' dir='ltr'>πατὴρ,</span> <span class='ocrx_word' id='word_1_597' title='bbox 703 2209 890 2245; x_wconf 77' lang='grc' dir='ltr'>ὀπρεσὸύτης,</span> 
     </span>
    </p>
   </div>
   <div class='ocr_carea' id='block_1_76' title="bbox 101 2255 891 2294">
    <p class='ocr_par' dir='ltr' id='par_1_76' title="bbox 101 2255 891 2294">
     <span class='ocr_line' id='line_1_76' title="bbox 101 2255 891 2294; baseline -0.006 -7"><span class='ocrx_word' id='word_1_598' title='bbox 101 2260 149 2287; x_wconf 72' lang='grc' dir='ltr'><strong>καὶ</strong></span> <span class='ocrx_word' id='word_1_599' title='bbox 163 2259 199 2286; x_wconf 80' lang='grc' dir='ltr'><strong>τὰ</strong></span> <span class='ocrx_word' id='word_1_600' title='bbox 208 2259 254 2286; x_wconf 80' lang='grc' dir='ltr'><strong>διὰ</strong></span> <span class='ocrx_word' id='word_1_601' title='bbox 271 2259 354 2294; x_wconf 86' lang='grc' dir='ltr'>μέσου</span> <span class='ocrx_word' id='word_1_602' title='bbox 370 2259 470 2286; x_wconf 81' lang='grc' dir='ltr'>πάντα.</span> <span class='ocrx_word' id='word_1_603' title='bbox 489 2257 669 2293; x_wconf 83' lang='grc' dir='ltr'>Σωφροσύνης</span> <span class='ocrx_word' id='word_1_604' title='bbox 690 2256 719 2283; x_wconf 80' lang='grc' dir='ltr'>δὲ</span> <span class='ocrx_word' id='word_1_605' title='bbox 731 2256 778 2283; x_wconf 82' lang='grc' dir='ltr'><strong>καὶ</strong></span> <span class='ocrx_word' id='word_1_606' title='bbox 791 2255 891 2282; x_wconf 83' lang='grc' dir='ltr'>ἀκολα-</span> 
     </span>
    </p>
   </div>
   <div class='ocr_carea' id='block_1_77' title="bbox 101 2301 889 2340">
    <p class='ocr_par' dir='ltr' id='par_1_77' title="bbox 101 2301 889 2340">
     <span class='ocr_line' id='line_1_77' title="bbox 101 2301 889 2340; baseline -0.006 -8"><span class='ocrx_word' id='word_1_607' title='bbox 101 2305 162 2338; x_wconf 76' lang='grc' dir='ltr'>σίας</span> <span class='ocrx_word' id='word_1_608' title='bbox 171 2305 216 2332; x_wconf 69' lang='grc' dir='ltr'><strong>διὰ</strong></span> <span class='ocrx_word' id='word_1_609' title='bbox 230 2304 331 2340; x_wconf 73' lang='grc' dir='ltr'>σαρκδς</span> <span class='ocrx_word' id='word_1_610' title='bbox 354 2303 564 2339; x_wconf 78' lang='grc' dir='ltr'>ἐνεργουμένης,</span> <span class='ocrx_word' id='word_1_611' title='bbox 585 2302 641 2329; x_wconf 78' lang='grc' dir='ltr'><strong>τῶν</strong></span> <span class='ocrx_word' id='word_1_612' title='bbox 664 2302 693 2329; x_wconf 81' lang='grc' dir='ltr'>δὲ</span> <span class='ocrx_word' id='word_1_613' title='bbox 710 2301 767 2336; x_wconf 73' lang='grc'><strong>(26)</strong></span> <span class='ocrx_word' id='word_1_614' title='bbox 785 2301 889 2336; x_wconf 82' lang='grc' dir='ltr'>ὑπομε-</span> 
     </span>
    </p>
   </div>
   <div class='ocr_carea' id='block_1_78' title="bbox 137 2381 682 2418">
    <p class='ocr_par' dir='ltr' id='par_1_78' title="bbox 137 2381 682 2418">
     <span class='ocr_line' id='line_1_78' title="bbox 137 2381 682 2418; baseline -0.007 -7"><span class='ocrx_word' id='word_1_615' title='bbox 137 2384 176 2418; x_wconf 74' lang='grc'><strong>(4)</strong></span> <span class='ocrx_word' id='word_1_616' title='bbox 190 2384 321 2418; x_wconf 79' lang='grc' dir='ltr'>Κομήτῃ.</span> <span class='ocrx_word' id='word_1_617' title='bbox 337 2383 358 2410; x_wconf 87' lang='grc' dir='ltr'><strong>Δ</strong></span> <span class='ocrx_word' id='word_1_618' title='bbox 373 2383 400 2410; x_wconf 92' lang='lat' dir='ltr'><strong>in</strong></span> <span class='ocrx_word' id='word_1_619' title='bbox 414 2382 538 2418; x_wconf 80' lang='lat' dir='ltr'><strong>margine</strong></span> <span class='ocrx_word' id='word_1_620' title='bbox 551 2381 682 2418; x_wconf 75' lang='grc' dir='ltr'>κομῶντι.</span> 
     </span>
    </p>
   </div>
   <div class='ocr_carea' id='block_1_79' title="bbox 137 2417 743 2460">
    <p class='ocr_par' dir='ltr' id='par_1_79' title="bbox 137 2417 743 2460">
     <span class='ocr_line' id='line_1_79' title="bbox 137 2417 743 2460; baseline -0.002 0"><span class='ocrx_word' id='word_1_621' title='bbox 137 2417 177 2460; x_wconf 66' lang='grc' dir='ltr'><strong>ςὲ)</strong></span> <span class='ocrx_word' id='word_1_622' title='bbox 193 2417 392 2460; x_wconf 48' lang='lat' dir='ltr'><strong>ﬂammei-</strong></span> <span class='ocrx_word' id='word_1_623' title='bbox 405 2418 427 2444; x_wconf 78' lang='grc' dir='ltr'><strong>Α</strong></span> <span class='ocrx_word' id='word_1_624' title='bbox 438 2417 462 2460; x_wconf 65' lang='lat'><strong>.3</strong></span> <span class='ocrx_word' id='word_1_625' title='bbox 478 2417 646 2460; x_wconf 57' lang='grc' dir='ltr'>εελανάκφῖ·</span> <span class='ocrx_word' id='word_1_626' title='bbox 669 2450 689 2460; x_wconf 82' lang='lat'><strong>..</strong></span> 
     </span>
    </p>
   </div>
   <div class='ocr_carea' id='block_1_80' title="bbox 137 2450 893 2488">
    <p class='ocr_par' dir='ltr' id='par_1_80' title="bbox 137 2450 893 2488">
     <span class='ocr_line' id='line_1_80' title="bbox 137 2450 893 2488; baseline -0.007 -8"><span class='ocrx_word' id='word_1_627' title='bbox 192 2453 295 2486; x_wconf 72' lang='grc' dir='ltr'><strong>Εἰδὼς.</strong></span> <span class='ocrx_word' id='word_1_628' title='bbox 308 2450 407 2479; x_wconf 29' lang='grc' dir='ltr'>Ᾱίίδὼν</span> <span class='ocrx_word' id='word_1_629' title='bbox 436 2450 538 2478; x_wconf 77' lang='grc' dir='ltr'>ἐκεῖνον</span> <span class='ocrx_word' id='word_1_630' title='bbox 563 2450 643 2479; x_wconf 76' lang='grc' dir='ltr'>εἶναι.</span> <span class='ocrx_word' id='word_1_631' title='bbox 669 2450 690 2476; x_wconf 79' lang='grc' dir='ltr'><strong>Β</strong></span> <span class='ocrx_word' id='word_1_632' title='bbox 705 2450 769 2477; x_wconf 80' lang='grc' dir='ltr'>ἰδὼν</span> <span class='ocrx_word' id='word_1_633' title='bbox 791 2450 893 2476; x_wconf 75' lang='grc' dir='ltr'>ἐκεῖνον</span> 
     </span>
    </p>
   </div>
   <div class='ocr_carea' id='block_1_81' title="bbox 151 2497 239 2514">
    <p class='ocr_par' dir='ltr' id='par_1_81' title="bbox 151 2497 239 2514">
     <span class='ocr_line' id='line_1_81' title="bbox 151 2497 239 2514; baseline 0 0"><span class='ocrx_word' id='word_1_634' title='bbox 151 2497 196 2514; x_wconf 83' lang='grc' dir='ltr'><strong>σαι</strong></span> <span class='ocrx_word' id='word_1_635' title='bbox 200 2497 239 2514; x_wconf 69' lang='grc' dir='ltr'>ιιι.</span> 
     </span>
    </p>
   </div>
   <div class='ocr_carea' id='block_1_82' title="bbox 149 2497 817 2556">
    <p class='ocr_par' dir='ltr' id='par_1_82' title="bbox 149 2497 817 2556">
     <span class='ocr_line' id='line_1_82' title="bbox 149 2497 817 2556; baseline -0.004 -7"><span class='ocrx_word' id='word_1_636' title='bbox 149 2497 250 2556; x_wconf 45' lang='grc' dir='ltr'><strong>ξῗᾞιζλ·</strong></span> <span class='ocrx_word' id='word_1_637' title='bbox 263 2522 468 2556; x_wconf 73' lang='grc' dir='ltr'>ἰσχυρότερον.</span> <span class='ocrx_word' id='word_1_638' title='bbox 482 2521 504 2547; x_wconf 76' lang='grc' dir='ltr'><strong>Δ</strong></span> <span class='ocrx_word' id='word_1_639' title='bbox 522 2521 543 2547; x_wconf 86' lang='grc' dir='ltr'><strong>Β</strong></span> <span class='ocrx_word' id='word_1_640' title='bbox 557 2520 611 2547; x_wconf 79' lang='grc' dir='ltr'><strong>τῶν</strong></span> <span class='ocrx_word' id='word_1_641' title='bbox 627 2519 817 2556; x_wconf 72' lang='grc' dir='ltr'>ἰσχυροτέρων,</span> 
     </span>
    </p>
   </div>
   <div class='ocr_carea' id='block_1_83' title="bbox 137 2556 578 2597">
    <p class='ocr_par' dir='ltr' id='par_1_83' title="bbox 137 2556 578 2597">
     <span class='ocr_line' id='line_1_83' title="bbox 137 2556 578 2597; baseline -0.009 -12"><span class='ocrx_word' id='word_1_642' title='bbox 197 2558 386 2597; x_wconf 58' lang='grc' dir='ltr'><strong>ᾉφμέμενονἱ</strong></span> <span class='ocrx_word' id='word_1_643' title='bbox 397 2558 428 2597; x_wconf 38' lang='lat' dir='ltr'><strong>at</strong></span> <span class='ocrx_word' id='word_1_644' title='bbox 434 2556 578 2597; x_wconf 72' lang='grc' dir='ltr'>ἀφέμενον.</span> 
     </span>
    </p>
   </div>
   <div class='ocr_carea' id='block_1_84' title="bbox 149 2592 589 2625">
    <p class='ocr_par' dir='ltr' id='par_1_84' title="bbox 149 2592 589 2625">
     <span class='ocr_line' id='line_1_84' title="bbox 149 2592 589 2625; baseline -0.009 -5"><span class='ocrx_word' id='word_1_645' title='bbox 149 2593 177 2625; x_wconf 88' lang='grc'><strong>9)</strong></span> <span class='ocrx_word' id='word_1_646' title='bbox 197 2593 358 2619; x_wconf 81' lang='grc' dir='ltr'>Παύσεται.</span> <span class='ocrx_word' id='word_1_647' title='bbox 372 2592 393 2617; x_wconf 93' lang='grc' dir='ltr'>Λ</span> <span class='ocrx_word' id='word_1_648' title='bbox 408 2592 429 2617; x_wconf 86' lang='grc' dir='ltr'><strong>Β</strong></span> <span class='ocrx_word' id='word_1_649' title='bbox 440 2592 589 2625; x_wconf 78' lang='grc' dir='ltr'>παύσηται.</span> 
     </span>
    </p>
   </div>
   <div class='ocr_carea' id='block_1_85' title="bbox 153 2625 680 2661">
    <p class='ocr_par' dir='ltr' id='par_1_85' title="bbox 153 2625 680 2661">
     <span class='ocr_line' id='line_1_85' title="bbox 153 2625 680 2661; baseline -0.013 -6"><span class='ocrx_word' id='word_1_650' title='bbox 153 2628 196 2661; x_wconf 88' lang='grc'><strong>10)</strong></span> <span class='ocrx_word' id='word_1_651' title='bbox 212 2627 418 2658; x_wconf 72' lang='grc' dir='ltr'>Μετάστασις.</span> <span class='ocrx_word' id='word_1_652' title='bbox 438 2627 457 2651; x_wconf 80' lang='grc' dir='ltr'><strong>Α</strong></span> <span class='ocrx_word' id='word_1_653' title='bbox 471 2626 488 2660; x_wconf 82' lang='grc' dir='ltr'><strong>ἡ</strong></span> <span class='ocrx_word' id='word_1_654' title='bbox 508 2625 680 2661; x_wconf 73' lang='grc' dir='ltr'>μετάστασις.</span> 
     </span>
    </p>
   </div>
   <div class='ocr_carea' id='block_1_86' title="bbox 139 2659 669 2698">
    <p class='ocr_par' dir='ltr' id='par_1_86' title="bbox 139 2659 669 2698">
     <span class='ocr_line' id='line_1_86' title="bbox 139 2659 669 2698; baseline -0.011 -8"><span class='ocrx_word' id='word_1_655' title='bbox 139 2659 162 2698; x_wconf 83' lang='grc'><strong>(1</strong></span> <span class='ocrx_word' id='word_1_656' title='bbox 171 2659 195 2698; x_wconf 59' lang='lat' dir='ltr'><strong>ii</strong></span> <span class='ocrx_word' id='word_1_657' title='bbox 217 2661 452 2698; x_wconf 65' lang='grc' dir='ltr'>Ἀδιάσςτασῖον.</span> <span class='ocrx_word' id='word_1_658' title='bbox 460 2661 489 2698; x_wconf 80' lang='lat' dir='ltr'><strong>_A</strong></span> <span class='ocrx_word' id='word_1_659' title='bbox 500 2659 669 2686; x_wconf 81' lang='grc' dir='ltr'>ἀδιάστατον.</span> 
     </span>
    </p>
   </div>
   <div class='ocr_carea' id='block_1_87' title="bbox 139 2694 488 2732">
    <p class='ocr_par' dir='ltr' id='par_1_87' title="bbox 139 2694 488 2732">
     <span class='ocr_line' id='line_1_87' title="bbox 139 2694 488 2732; baseline -0.011 -8"><span class='ocrx_word' id='word_1_660' title='bbox 139 2694 196 2732; x_wconf 70' lang='grc'><strong>(12)</strong></span> <span class='ocrx_word' id='word_1_661' title='bbox 218 2696 338 2732; x_wconf 76' lang='grc' dir='ltr'>Ἑαυτό.</span> <span class='ocrx_word' id='word_1_662' title='bbox 388 2694 488 2732; x_wconf 68' lang='grc' dir='ltr'><strong>ἑαυτῷἶ</strong></span> 
     </span>
    </p>
   </div>
   <div class='ocr_carea' id='block_1_88' title="bbox 139 2729 542 2766">
    <p class='ocr_par' dir='ltr' id='par_1_88' title="bbox 139 2729 542 2766">
     <span class='ocr_line' id='line_1_88' title="bbox 139 2729 542 2766; baseline -0.005 -8"><span class='ocrx_word' id='word_1_663' title='bbox 139 2729 196 2766; x_wconf 75' lang='lat' dir='ltr'><strong>(IS)</strong></span> <span class='ocrx_word' id='word_1_664' title='bbox 209 2731 345 2762; x_wconf 80' lang='grc' dir='ltr'>Πάντως.</span> <span class='ocrx_word' id='word_1_665' title='bbox 361 2730 466 2766; x_wconf 45' lang='lat' dir='ltr'><strong>bellant.</strong></span> <span class='ocrx_word' id='word_1_666' title='bbox 478 2729 499 2755; x_wconf 86' lang='lat' dir='ltr'><strong>A</strong></span> <span class='ocrx_word' id='word_1_667' title='bbox 510 2729 542 2766; x_wconf 19' lang='lat' dir='ltr'><strong>VB.</strong></span> 
     </span>
    </p>
   </div>
   <div class='ocr_carea' id='block_1_89' title="bbox 140 2765 526 2802">
    <p class='ocr_par' dir='ltr' id='par_1_89' title="bbox 140 2765 526 2802">
     <span class='ocr_line' id='line_1_89' title="bbox 140 2765 526 2802; baseline -0.008 -8"><span class='ocrx_word' id='word_1_668' title='bbox 140 2767 195 2802; x_wconf 79' lang='lat' dir='ltr'><strong>(H)</strong></span> <span class='ocrx_word' id='word_1_669' title='bbox 217 2765 388 2802; x_wconf 55' lang='lat' dir='ltr'><strong>&#39;antgr._A</strong></span> <span class='ocrx_word' id='word_1_670' title='bbox 437 2765 526 2802; x_wconf 69' lang='grc' dir='ltr'>εαυτό.</span> 
     </span>
    </p>
   </div>
   <div class='ocr_carea' id='block_1_90' title="bbox 138 2799 460 2833">
    <p class='ocr_par' dir='ltr' id='par_1_90' title="bbox 138 2799 460 2833">
     <span class='ocr_line' id='line_1_90' title="bbox 138 2799 460 2833; baseline -0.006 -5"><span class='ocrx_word' id='word_1_671' title='bbox 138 2799 195 2833; x_wconf 71' lang='lat' dir='ltr'><strong>(l5)</strong></span> <span class='ocrx_word' id='word_1_672' title='bbox 205 2801 296 2829; x_wconf 79' lang='grc' dir='ltr'><strong>Αὑτό.</strong></span> <span class='ocrx_word' id='word_1_673' title='bbox 312 2800 332 2825; x_wconf 78' lang='grc' dir='ltr'><strong>Β</strong></span> <span class='ocrx_word' id='word_1_674' title='bbox 344 2800 374 2825; x_wconf 70' lang='grc' dir='ltr'>τὸ</span> <span class='ocrx_word' id='word_1_675' title='bbox 385 2799 460 2826; x_wconf 70' lang='grc' dir='ltr'>αὑτό.</span> 
     </span>
    </p>
   </div>
   <div class='ocr_carea' id='block_1_91' title="bbox 937 1530 1721 1566">
    <p class='ocr_par' dir='ltr' id='par_1_91' title="bbox 937 1530 1721 1566">
     <span class='ocr_line' id='line_1_91' title="bbox 937 1530 1721 1566; baseline 0.001 -9"><span class='ocrx_word' id='word_1_676' title='bbox 937 1531 1036 1566; x_wconf 82' lang='lat' dir='ltr'><strong>siquis</strong></span> <span class='ocrx_word' id='word_1_677' title='bbox 1067 1531 1109 1559; x_wconf 86' lang='lat' dir='ltr'><strong>bis</strong></span> <span class='ocrx_word' id='word_1_678' title='bbox 1138 1531 1219 1558; x_wconf 90' lang='lat' dir='ltr'><strong>simul</strong></span> <span class='ocrx_word' id='word_1_679' title='bbox 1236 1530 1371 1558; x_wconf 86' lang='lat' dir='ltr'><strong>ﬂammam</strong></span> <span class='ocrx_word' id='word_1_680' title='bbox 1394 1531 1552 1565; x_wconf 78' lang='lat' dir='ltr'><strong>contingat.</strong></span> <span class='ocrx_word' id='word_1_681' title='bbox 1575 1539 1628 1558; x_wconf 91' lang='lat' dir='ltr'><strong>non</strong></span> <span class='ocrx_word' id='word_1_682' title='bbox 1656 1539 1721 1566; x_wconf 85' lang='lat' dir='ltr'><strong>pns-</strong></span> 
     </span>
    </p>
   </div>
   <div class='ocr_carea' id='block_1_92' title="bbox 937 1574 1721 1610">
    <p class='ocr_par' dir='ltr' id='par_1_92' title="bbox 937 1574 1721 1610">
     <span class='ocr_line' id='line_1_92' title="bbox 937 1574 1721 1610; baseline 0.001 -7"><span class='ocrx_word' id='word_1_683' title='bbox 937 1575 974 1604; x_wconf 83' lang='lat' dir='ltr'><strong>sit</strong></span> <span class='ocrx_word' id='word_1_684' title='bbox 996 1575 1118 1603; x_wconf 81' lang='lat' dir='ltr'><strong>eamdem</strong></span> <span class='ocrx_word' id='word_1_685' title='bbox 1145 1579 1256 1610; x_wconf 86' lang='lat' dir='ltr'><strong>tangere</strong></span> <span class='ocrx_word' id='word_1_686' title='bbox 1287 1574 1328 1602; x_wconf 90' lang='lat' dir='ltr'><strong>bis</strong></span> <span class='ocrx_word' id='word_1_687' title='bbox 1352 1575 1498 1610; x_wconf 85' lang='lat' dir='ltr'><strong>(celeritas</strong></span> <span class='ocrx_word' id='word_1_688' title='bbox 1524 1576 1596 1603; x_wconf 91' lang='lat' dir='ltr'><strong>enim</strong></span> <span class='ocrx_word' id='word_1_689' title='bbox 1622 1577 1721 1604; x_wconf 82' lang='lat' dir='ltr'><strong>altera-</strong></span> 
     </span>
    </p>
   </div>
   <div class='ocr_carea' id='block_1_93' title="bbox 937 1620 1721 1657">
    <p class='ocr_par' dir='ltr' id='par_1_93' title="bbox 937 1620 1721 1657">
     <span class='ocr_line' id='line_1_93' title="bbox 937 1620 1721 1657; baseline 0.003 -10"><span class='ocrx_word' id='word_1_690' title='bbox 937 1620 1021 1647; x_wconf 84' lang='lat' dir='ltr'><strong>tionis</strong></span> <span class='ocrx_word' id='word_1_691' title='bbox 1050 1624 1131 1655; x_wconf 84' lang='lat' dir='ltr'><strong>atque</strong></span> <span class='ocrx_word' id='word_1_692' title='bbox 1163 1620 1323 1648; x_wconf 84' lang='lat' dir='ltr'><strong>mutationis</strong></span> <span class='ocrx_word' id='word_1_693' title='bbox 1343 1627 1396 1647; x_wconf 91' lang='lat' dir='ltr'><strong>non</strong></span> <span class='ocrx_word' id='word_1_694' title='bbox 1426 1624 1568 1656; x_wconf 80' lang='lat' dir='ltr'><strong>exspectat</strong></span> <span class='ocrx_word' id='word_1_695' title='bbox 1590 1629 1653 1649; x_wconf 89' lang='lat' dir='ltr'><strong>eum</strong></span> <span class='ocrx_word' id='word_1_696' title='bbox 1673 1622 1721 1657; x_wconf 88' lang='lat' dir='ltr'><strong>qui</strong></span> 
     </span>
    </p>
   </div>
   <div class='ocr_carea' id='block_1_94' title="bbox 937 1665 1722 1701">
    <p class='ocr_par' dir='ltr' id='par_1_94' title="bbox 937 1665 1722 1701">
     <span class='ocr_line' id='line_1_94' title="bbox 937 1665 1722 1701; baseline 0.001 -9"><span class='ocrx_word' id='word_1_697' title='bbox 937 1665 1073 1692; x_wconf 88' lang='lat' dir='ltr'><strong>ﬂamtnam</strong></span> <span class='ocrx_word' id='word_1_698' title='bbox 1092 1665 1188 1693; x_wconf 91' lang='lat' dir='ltr'><strong>iterum</strong></span> <span class='ocrx_word' id='word_1_699' title='bbox 1219 1672 1315 1692; x_wconf 88' lang='lat' dir='ltr'><strong>rursus</strong></span> <span class='ocrx_word' id='word_1_700' title='bbox 1345 1665 1477 1700; x_wconf 80' lang='lat' dir='ltr'><strong>attingat,</strong></span> <span class='ocrx_word' id='word_1_701' title='bbox 1506 1665 1612 1694; x_wconf 85' lang='lat' dir='ltr'><strong>etiamsi</strong></span> <span class='ocrx_word' id='word_1_702' title='bbox 1639 1673 1722 1701; x_wconf 86' lang='lat' dir='ltr'><strong>quam</strong></span> 
     </span>
    </p>
   </div>
   <div class='ocr_carea' id='block_1_95' title="bbox 938 1709 1723 1745">
    <p class='ocr_par' dir='ltr' id='par_1_95' title="bbox 938 1709 1723 1745">
     <span class='ocr_line' id='line_1_95' title="bbox 938 1709 1723 1745; baseline 0.001 -8"><span class='ocrx_word' id='word_1_703' title='bbox 938 1710 1081 1738; x_wconf 88' lang='lat' dir='ltr'><strong>celerrime</strong></span> <span class='ocrx_word' id='word_1_704' title='bbox 1099 1710 1126 1737; x_wconf 90' lang='lat' dir='ltr'><strong>id</strong></span> <span class='ocrx_word' id='word_1_705' title='bbox 1149 1709 1257 1745; x_wconf 80' lang='lat' dir='ltr'><strong>faciat);</strong></span> <span class='ocrx_word' id='word_1_706' title='bbox 1278 1709 1325 1738; x_wconf 88' lang='lat' dir='ltr'><strong>sed</strong></span> <span class='ocrx_word' id='word_1_707' title='bbox 1348 1710 1456 1737; x_wconf 87' lang='lat' dir='ltr'><strong>ﬂamma</strong></span> <span class='ocrx_word' id='word_1_708' title='bbox 1483 1717 1591 1745; x_wconf 80' lang='lat' dir='ltr'><strong>semper</strong></span> <span class='ocrx_word' id='word_1_709' title='bbox 1606 1719 1676 1738; x_wconf 90' lang='lat' dir='ltr'><strong>nova</strong></span> <span class='ocrx_word' id='word_1_710' title='bbox 1690 1718 1723 1738; x_wconf 89' lang='lat' dir='ltr'><strong>ac</strong></span> 
     </span>
    </p>
   </div>
   <div class='ocr_carea' id='block_1_96' title="bbox 940 1755 1723 1792">
    <p class='ocr_par' dir='ltr' id='par_1_96' title="bbox 940 1755 1723 1792">
     <span class='ocr_line' id='line_1_96' title="bbox 940 1755 1723 1792; baseline 0.003 -10"><span class='ocrx_word' id='word_1_711' title='bbox 940 1763 1035 1783; x_wconf 72' lang='lat' dir='ltr'><strong>recens</strong></span> <span class='ocrx_word' id='word_1_712' title='bbox 1046 1759 1099 1787; x_wconf 75' lang='grc' dir='ltr'>ρει,</span> <span class='ocrx_word' id='word_1_713' title='bbox 1127 1755 1199 1783; x_wconf 89' lang='lat' dir='ltr'><strong>omni</strong></span> <span class='ocrx_word' id='word_1_714' title='bbox 1229 1760 1351 1790; x_wconf 90' lang='lat' dir='ltr'><strong>tempore</strong></span> <span class='ocrx_word' id='word_1_715' title='bbox 1388 1763 1524 1788; x_wconf 77' lang='lat' dir='ltr'><strong>nascens.</strong></span> <span class='ocrx_word' id='word_1_716' title='bbox 1554 1763 1586 1784; x_wconf 83' lang='lat' dir='ltr'><strong>ac</strong></span> <span class='ocrx_word' id='word_1_717' title='bbox 1615 1764 1723 1792; x_wconf 85' lang='lat' dir='ltr'><strong>semper</strong></span> 
     </span>
    </p>
   </div>
   <div class='ocr_carea' id='block_1_97' title="bbox 939 1802 1722 1837">
    <p class='ocr_par' dir='ltr' id='par_1_97' title="bbox 939 1802 1722 1837">
     <span class='ocr_line' id='line_1_97' title="bbox 939 1802 1722 1837; baseline 0 -7"><span class='ocrx_word' id='word_1_718' title='bbox 939 1803 1057 1837; x_wconf 85' lang='lat' dir='ltr'><strong>scipsam</strong></span> <span class='ocrx_word' id='word_1_719' title='bbox 1076 1802 1233 1837; x_wconf 80' lang='lat' dir='ltr'><strong>excipiens,</strong></span> <span class='ocrx_word' id='word_1_720' title='bbox 1249 1806 1277 1829; x_wconf 88' lang='lat' dir='ltr'><strong>ct</strong></span> <span class='ocrx_word' id='word_1_721' title='bbox 1293 1809 1431 1837; x_wconf 81' lang='lat' dir='ltr'><strong>nunquam</strong></span> <span class='ocrx_word' id='word_1_722' title='bbox 1446 1802 1473 1829; x_wconf 91' lang='lat' dir='ltr'><strong>in</strong></span> <span class='ocrx_word' id='word_1_723' title='bbox 1489 1802 1584 1830; x_wconf 73' lang='lat' dir='ltr'><strong>eodeni</strong></span> <span class='ocrx_word' id='word_1_724' title='bbox 1599 1810 1722 1831; x_wconf 88' lang='lat' dir='ltr'><strong>manens:</strong></span> 
     </span>
    </p>
   </div>
   <div class='ocr_carea' id='block_1_98' title="bbox 941 1846 1724 1883">
    <p class='ocr_par' dir='ltr' id='par_1_98' title="bbox 941 1846 1724 1883">
     <span class='ocr_line' id='line_1_98' title="bbox 941 1846 1724 1883; baseline -0.001 -6"><span class='ocrx_word' id='word_1_725' title='bbox 941 1847 1096 1883; x_wconf 86' lang='lat' dir='ltr'><strong>lmjusmodi</strong></span> <span class='ocrx_word' id='word_1_726' title='bbox 1112 1847 1241 1882; x_wconf 83' lang='lat' dir='ltr'><strong>quiddam</strong></span> <span class='ocrx_word' id='word_1_727' title='bbox 1266 1846 1338 1874; x_wconf 88' lang='lat' dir='ltr'><strong>circa</strong></span> <span class='ocrx_word' id='word_1_728' title='bbox 1362 1851 1485 1874; x_wconf 87' lang='lat' dir='ltr'><strong>naturam</strong></span> <span class='ocrx_word' id='word_1_729' title='bbox 1506 1848 1593 1875; x_wconf 88' lang='lat' dir='ltr'><strong>nostri</strong></span> <span class='ocrx_word' id='word_1_730' title='bbox 1615 1855 1724 1883; x_wconf 79' lang='lat' dir='ltr'><strong>queque</strong></span> 
     </span>
    </p>
   </div>
   <div class='ocr_carea' id='block_1_99' title="bbox 940 1892 1724 1929">
    <p class='ocr_par' dir='ltr' id='par_1_99' title="bbox 940 1892 1724 1929">
     <span class='ocr_line' id='line_1_99' title="bbox 940 1892 1724 1929; baseline -0.001 -8"><span class='ocrx_word' id='word_1_731' title='bbox 940 1894 1064 1929; x_wconf 84' lang='lat' dir='ltr'><strong>corporis</strong></span> <span class='ocrx_word' id='word_1_732' title='bbox 1090 1897 1142 1920; x_wconf 87' lang='lat' dir='ltr'><strong>est.</strong></span> <span class='ocrx_word' id='word_1_733' title='bbox 1159 1892 1225 1919; x_wconf 85' lang='lat' dir='ltr'><strong>Nam</strong></span> <span class='ocrx_word' id='word_1_734' title='bbox 1249 1899 1311 1919; x_wconf 89' lang='lat' dir='ltr'><strong>cum</strong></span> <span class='ocrx_word' id='word_1_735' title='bbox 1338 1897 1394 1919; x_wconf 92' lang='lat' dir='ltr'><strong>tum</strong></span> <span class='ocrx_word' id='word_1_736' title='bbox 1421 1893 1548 1925; x_wconf 88' lang='lat' dir='ltr'><strong>inﬂuens,</strong></span> <span class='ocrx_word' id='word_1_737' title='bbox 1578 1897 1634 1920; x_wconf 90' lang='lat' dir='ltr'><strong>tum</strong></span> <span class='ocrx_word' id='word_1_738' title='bbox 1651 1893 1724 1921; x_wconf 84' lang='lat' dir='ltr'><strong>eﬂlu-</strong></span> 
     </span>
    </p>
   </div>
   <div class='ocr_carea' id='block_1_100' title="bbox 940 1938 1725 1974">
    <p class='ocr_par' dir='ltr' id='par_1_100' title="bbox 940 1938 1725 1974">
     <span class='ocr_line' id='line_1_100' title="bbox 940 1938 1725 1974; baseline -0.001 -7"><span class='ocrx_word' id='word_1_739' title='bbox 940 1947 990 1967; x_wconf 89' lang='lat' dir='ltr'><strong>ens</strong></span> <span class='ocrx_word' id='word_1_740' title='bbox 1018 1943 1115 1966; x_wconf 87' lang='lat' dir='ltr'><strong>natura</strong></span> <span class='ocrx_word' id='word_1_741' title='bbox 1145 1942 1238 1965; x_wconf 88' lang='lat' dir='ltr'><strong>nostra</strong></span> <span class='ocrx_word' id='word_1_742' title='bbox 1269 1945 1317 1973; x_wconf 88' lang='lat' dir='ltr'><strong>per</strong></span> <span class='ocrx_word' id='word_1_743' title='bbox 1344 1938 1475 1966; x_wconf 87' lang='lat' dir='ltr'><strong>alterandi</strong></span> <span class='ocrx_word' id='word_1_744' title='bbox 1492 1942 1595 1966; x_wconf 89' lang='lat' dir='ltr'><strong>motum</strong></span> <span class='ocrx_word' id='word_1_745' title='bbox 1617 1946 1725 1974; x_wconf 77' lang='lat' dir='ltr'><strong>semper</strong></span> 
     </span>
    </p>
   </div>
   <div class='ocr_carea' id='block_1_101' title="bbox 941 1985 1724 2016">
    <p class='ocr_par' dir='ltr' id='par_1_101' title="bbox 941 1985 1724 2016">
     <span class='ocr_line' id='line_1_101' title="bbox 941 1985 1724 2016; baseline -0.003 -3"><span class='ocrx_word' id='word_1_746' title='bbox 941 1990 968 2013; x_wconf 92' lang='lat' dir='ltr'><strong>ct</strong></span> <span class='ocrx_word' id='word_1_747' title='bbox 997 1985 1117 2012; x_wconf 83' lang='lat' dir='ltr'><strong>ambulet</strong></span> <span class='ocrx_word' id='word_1_748' title='bbox 1155 1988 1182 2011; x_wconf 89' lang='lat' dir='ltr'><strong>et</strong></span> <span class='ocrx_word' id='word_1_749' title='bbox 1213 1988 1371 2016; x_wconf 83' lang='lat' dir='ltr'><strong>moveatur,</strong></span> <span class='ocrx_word' id='word_1_750' title='bbox 1405 1988 1472 2012; x_wconf 83' lang='lat' dir='ltr'><strong>tunc</strong></span> <span class='ocrx_word' id='word_1_751' title='bbox 1492 1985 1724 2015; x_wconf 87' lang='lat' dir='ltr'><strong>consistet,cum</strong></span> 
     </span>
    </p>
   </div>
   <div class='ocr_carea' id='block_1_102' title="bbox 941 2028 1724 2063">
    <p class='ocr_par' dir='ltr' id='par_1_102' title="bbox 941 2028 1724 2063">
     <span class='ocr_line' id='line_1_102' title="bbox 941 2028 1724 2063; baseline -0.003 -5"><span class='ocrx_word' id='word_1_752' title='bbox 941 2031 1024 2059; x_wconf 88' lang='lat' dir='ltr'><strong>etiam</strong></span> <span class='ocrx_word' id='word_1_753' title='bbox 1051 2030 1141 2058; x_wconf 74' lang='lat' dir='ltr'><strong>viwre</strong></span> <span class='ocrx_word' id='word_1_754' title='bbox 1161 2029 1294 2062; x_wconf 85' lang='lat' dir='ltr'><strong>desierit;</strong></span> <span class='ocrx_word' id='word_1_755' title='bbox 1311 2028 1431 2063; x_wconf 87' lang='lat' dir='ltr'><strong>quandiu</strong></span> <span class='ocrx_word' id='word_1_756' title='bbox 1453 2036 1516 2056; x_wconf 87' lang='lat' dir='ltr'><strong>vero</strong></span> <span class='ocrx_word' id='word_1_757' title='bbox 1536 2029 1562 2055; x_wconf 92' lang='lat' dir='ltr'><strong>in</strong></span> <span class='ocrx_word' id='word_1_758' title='bbox 1591 2030 1645 2056; x_wconf 87' lang='lat' dir='ltr'><strong>vita</strong></span> <span class='ocrx_word' id='word_1_759' title='bbox 1665 2029 1724 2057; x_wconf 82' lang='lat' dir='ltr'><strong>fuc-</strong></span> 
     </span>
    </p>
   </div>
   <div class='ocr_carea' id='block_1_103' title="bbox 942 2073 1726 2108">
    <p class='ocr_par' dir='ltr' id='par_1_103' title="bbox 942 2073 1726 2108">
     <span class='ocr_line' id='line_1_103' title="bbox 942 2073 1726 2108; baseline -0.004 -5"><span class='ocrx_word' id='word_1_760' title='bbox 942 2076 989 2108; x_wconf 88' lang='lat' dir='ltr'><strong>ril,</strong></span> <span class='ocrx_word' id='word_1_761' title='bbox 1007 2079 1108 2104; x_wconf 84' lang='lat' dir='ltr'><strong>statum</strong></span> <span class='ocrx_word' id='word_1_762' title='bbox 1130 2079 1156 2102; x_wconf 91' lang='lat' dir='ltr'><strong>et</strong></span> <span class='ocrx_word' id='word_1_763' title='bbox 1177 2075 1265 2101; x_wconf 90' lang='lat' dir='ltr'><strong>locum</strong></span> <span class='ocrx_word' id='word_1_764' title='bbox 1289 2073 1456 2102; x_wconf 88' lang='lat' dir='ltr'><strong>consistendi</strong></span> <span class='ocrx_word' id='word_1_765' title='bbox 1480 2081 1534 2101; x_wconf 92' lang='lat' dir='ltr'><strong>non</strong></span> <span class='ocrx_word' id='word_1_766' title='bbox 1565 2074 1656 2102; x_wconf 84' lang='lat' dir='ltr'><strong>habet.</strong></span> <span class='ocrx_word' id='word_1_767' title='bbox 1674 2076 1726 2101; x_wconf 75' lang='lat' dir='ltr'><strong>Aut</strong></span> 
     </span>
    </p>
   </div>
   <div class='ocr_carea' id='block_1_104' title="bbox 943 2117 1726 2153">
    <p class='ocr_par' dir='ltr' id='par_1_104' title="bbox 943 2117 1726 2153">
     <span class='ocr_line' id='line_1_104' title="bbox 943 2117 1726 2153; baseline -0.001 -6"><span class='ocrx_word' id='word_1_768' title='bbox 943 2120 1015 2147; x_wconf 88' lang='lat' dir='ltr'><strong>enim</strong></span> <span class='ocrx_word' id='word_1_769' title='bbox 1037 2118 1165 2153; x_wconf 83' lang='lat' dir='ltr'><strong>impletur</strong></span> <span class='ocrx_word' id='word_1_770' title='bbox 1181 2123 1226 2145; x_wconf 82' lang='lat' dir='ltr'><strong>aut</strong></span> <span class='ocrx_word' id='word_1_771' title='bbox 1245 2117 1364 2145; x_wconf 84' lang='lat' dir='ltr'><strong>diﬂlalur</strong></span> <span class='ocrx_word' id='word_1_772' title='bbox 1381 2122 1463 2153; x_wconf 87' lang='lat' dir='ltr'><strong>atque</strong></span> <span class='ocrx_word' id='word_1_773' title='bbox 1488 2119 1626 2146; x_wconf 76' lang='lat' dir='ltr'><strong>evanescit</strong></span> <span class='ocrx_word' id='word_1_774' title='bbox 1642 2123 1670 2146; x_wconf 87' lang='lat' dir='ltr'><strong>et</strong></span> <span class='ocrx_word' id='word_1_775' title='bbox 1682 2126 1726 2147; x_wconf 82' lang='lat' dir='ltr'><strong>ex-</strong></span> 
     </span>
    </p>
   </div>
   <div class='ocr_carea' id='block_1_105' title="bbox 945 2164 1726 2200">
    <p class='ocr_par' dir='ltr' id='par_1_105' title="bbox 945 2164 1726 2200">
     <span class='ocr_line' id='line_1_105' title="bbox 945 2164 1726 2200; baseline -0.001 -8"><span class='ocrx_word' id='word_1_776' title='bbox 945 2165 1077 2197; x_wconf 84' lang='lat' dir='ltr'><strong>inanitur,</strong></span> <span class='ocrx_word' id='word_1_777' title='bbox 1102 2168 1149 2191; x_wconf 85' lang='lat' dir='ltr'><strong>aut</strong></span> <span class='ocrx_word' id='word_1_778' title='bbox 1176 2171 1224 2198; x_wconf 89' lang='lat' dir='ltr'><strong>per</strong></span> <span class='ocrx_word' id='word_1_779' title='bbox 1250 2168 1394 2199; x_wconf 88' lang='lat' dir='ltr'><strong>utrumque</strong></span> <span class='ocrx_word' id='word_1_780' title='bbox 1415 2164 1442 2192; x_wconf 93' lang='lat' dir='ltr'><strong>in</strong></span> <span class='ocrx_word' id='word_1_781' title='bbox 1463 2169 1623 2200; x_wconf 88' lang='lat' dir='ltr'><strong>perpetuum</strong></span> <span class='ocrx_word' id='word_1_782' title='bbox 1649 2172 1726 2199; x_wconf 88' lang='lat' dir='ltr'><strong>pror-</strong></span> 
     </span>
    </p>
   </div>
   <div class='ocr_carea' id='block_1_106' title="bbox 945 2209 1727 2246">
    <p class='ocr_par' dir='ltr' id='par_1_106' title="bbox 945 2209 1727 2246">
     <span class='ocr_line' id='line_1_106' title="bbox 945 2209 1727 2246; baseline 0 -9"><span class='ocrx_word' id='word_1_783' title='bbox 945 2217 993 2237; x_wconf 87' lang='lat' dir='ltr'><strong>sus</strong></span> <span class='ocrx_word' id='word_1_784' title='bbox 1018 2210 1190 2244; x_wconf 70' lang='lat' dir='ltr'><strong>transigitur.</strong></span> <span class='ocrx_word' id='word_1_785' title='bbox 1218 2209 1246 2236; x_wconf 88' lang='lat' dir='ltr'><strong>Si</strong></span> <span class='ocrx_word' id='word_1_786' title='bbox 1268 2210 1352 2243; x_wconf 78' lang='lat' dir='ltr'><strong>igitur</strong></span> <span class='ocrx_word' id='word_1_787' title='bbox 1379 2217 1428 2237; x_wconf 89' lang='lat' dir='ltr'><strong>ncc</strong></span> <span class='ocrx_word' id='word_1_788' title='bbox 1448 2211 1494 2245; x_wconf 90' lang='lat' dir='ltr'><strong>qui</strong></span> <span class='ocrx_word' id='word_1_789' title='bbox 1521 2215 1601 2238; x_wconf 82' lang='lat' dir='ltr'><strong>natus</strong></span> <span class='ocrx_word' id='word_1_790' title='bbox 1618 2211 1727 2246; x_wconf 79' lang='lat' dir='ltr'><strong>quidem</strong></span> 
     </span>
    </p>
   </div>
   <div class='ocr_carea' id='block_1_107' title="bbox 945 2255 1727 2287">
    <p class='ocr_par' dir='ltr' id='par_1_107' title="bbox 945 2255 1727 2287">
     <span class='ocr_line' id='line_1_107' title="bbox 945 2255 1727 2287; baseline 0 -5"><span class='ocrx_word' id='word_1_791' title='bbox 945 2259 997 2287; x_wconf 85' lang='lat' dir='ltr'><strong>est.</strong></span> <span class='ocrx_word' id='word_1_792' title='bbox 1021 2255 1129 2283; x_wconf 91' lang='lat' dir='ltr'><strong>interim</strong></span> <span class='ocrx_word' id='word_1_793' title='bbox 1159 2255 1222 2282; x_wconf 88' lang='lat' dir='ltr'><strong>dum</strong></span> <span class='ocrx_word' id='word_1_794' title='bbox 1245 2255 1327 2287; x_wconf 84' lang='lat' dir='ltr'><strong>vivit,</strong></span> <span class='ocrx_word' id='word_1_795' title='bbox 1344 2256 1413 2283; x_wconf 85' lang='lat' dir='ltr'><strong>idem</strong></span> <span class='ocrx_word' id='word_1_796' title='bbox 1438 2261 1492 2287; x_wconf 82' lang='lat' dir='ltr'><strong>est.</strong></span> <span class='ocrx_word' id='word_1_797' title='bbox 1515 2263 1566 2284; x_wconf 85' lang='lat' dir='ltr'><strong>nec</strong></span> <span class='ocrx_word' id='word_1_798' title='bbox 1585 2257 1608 2284; x_wconf 88' lang='lat' dir='ltr'><strong>is</strong></span> <span class='ocrx_word' id='word_1_799' title='bbox 1637 2261 1727 2283; x_wconf 84' lang='lat' dir='ltr'><strong>manet</strong></span> 
     </span>
    </p>
   </div>
   <div class='ocr_carea' id='block_1_108' title="bbox 944 2299 1728 2335">
    <p class='ocr_par' dir='ltr' id='par_1_108' title="bbox 944 2299 1728 2335">
     <span class='ocr_line' id='line_1_108' title="bbox 944 2299 1728 2335; baseline -0.001 -8"><span class='ocrx_word' id='word_1_800' title='bbox 944 2300 991 2335; x_wconf 89' lang='lat' dir='ltr'><strong>qui</strong></span> <span class='ocrx_word' id='word_1_801' title='bbox 1005 2300 1062 2327; x_wconf 82' lang='lat' dir='ltr'><strong>lteri</strong></span> <span class='ocrx_word' id='word_1_802' title='bbox 1086 2299 1194 2331; x_wconf 82' lang='lat' dir='ltr'><strong>fuisset,</strong></span> <span class='ocrx_word' id='word_1_803' title='bbox 1221 2299 1268 2327; x_wconf 87' lang='lat' dir='ltr'><strong>sed</strong></span> <span class='ocrx_word' id='word_1_804' title='bbox 1286 2307 1334 2334; x_wconf 90' lang='lat' dir='ltr'><strong>per</strong></span> <span class='ocrx_word' id='word_1_805' title='bbox 1354 2300 1569 2328; x_wconf 80' lang='lat' dir='ltr'><strong>immutationem</strong></span> <span class='ocrx_word' id='word_1_806' title='bbox 1585 2301 1654 2327; x_wconf 79' lang='lat' dir='ltr'><strong>alius</strong></span> <span class='ocrx_word' id='word_1_807' title='bbox 1670 2307 1728 2327; x_wconf 81' lang='lat' dir='ltr'><strong>cva-</strong></span> 
     </span>
    </p>
   </div>
   <div class='ocr_carea' id='block_1_109' title="bbox 981 2378 1363 2413">
    <p class='ocr_par' dir='ltr' id='par_1_109' title="bbox 981 2378 1363 2413">
     <span class='ocr_line' id='line_1_109' title="bbox 981 2378 1363 2413; baseline 0 -9"><span class='ocrx_word' id='word_1_808' title='bbox 981 2378 1037 2413; x_wconf 78' lang='lat' dir='ltr'><strong>(m)</strong></span> <span class='ocrx_word' id='word_1_809' title='bbox 1051 2379 1173 2412; x_wconf 75' lang='grc' dir='ltr'>Αιγνην.</span> <span class='ocrx_word' id='word_1_810' title='bbox 1190 2379 1212 2404; x_wconf 87' lang='grc' dir='ltr'><strong>Λ</strong></span> <span class='ocrx_word' id='word_1_811' title='bbox 1227 2378 1247 2404; x_wconf 80' lang='lat' dir='ltr'><strong>n</strong></span> <span class='ocrx_word' id='word_1_812' title='bbox 1260 2379 1363 2411; x_wconf 82' lang='grc' dir='ltr'>λιγνῦν.</span> 
     </span>
    </p>
   </div>
   <div class='ocr_carea' id='block_1_110' title="bbox 981 2413 1320 2447">
    <p class='ocr_par' dir='ltr' id='par_1_110' title="bbox 981 2413 1320 2447">
     <span class='ocr_line' id='line_1_110' title="bbox 981 2413 1320 2447; baseline 0 -8"><span class='ocrx_word' id='word_1_813' title='bbox 981 2414 1037 2447; x_wconf 74' lang='grc' dir='ltr'><strong>(ιτ)</strong></span> <span class='ocrx_word' id='word_1_814' title='bbox 1053 2414 1188 2446; x_wconf 74' lang='grc' dir='ltr'>κινησις,</span> <span class='ocrx_word' id='word_1_815' title='bbox 1203 2413 1275 2440; x_wconf 74' lang='lat' dir='ltr'><strong>Dolet</strong></span> <span class='ocrx_word' id='word_1_816' title='bbox 1291 2414 1320 2439; x_wconf 76' lang='grc' dir='ltr'>ιι.</span> 
     </span>
    </p>
   </div>
   <div class='ocr_carea' id='block_1_111' title="bbox 981 2447 1325 2482">
    <p class='ocr_par' dir='ltr' id='par_1_111' title="bbox 981 2447 1325 2482">
     <span class='ocr_line' id='line_1_111' title="bbox 981 2447 1325 2482; baseline -0.006 -7"><span class='ocrx_word' id='word_1_817' title='bbox 981 2448 1169 2482; x_wconf 71' lang='grc' dir='ltr'><strong>(181Λιγνην.</strong></span> <span class='ocrx_word' id='word_1_818' title='bbox 1192 2447 1211 2472; x_wconf 82' lang='grc' dir='ltr'><strong>Β</strong></span> <span class='ocrx_word' id='word_1_819' title='bbox 1223 2447 1325 2481; x_wconf 82' lang='grc' dir='ltr'>λιγνῦν.</span> 
     </span>
    </p>
   </div>
   <div class='ocr_carea' id='block_1_112' title="bbox 982 2482 1477 2517">
    <p class='ocr_par' dir='ltr' id='par_1_112' title="bbox 982 2482 1477 2517">
     <span class='ocr_line' id='line_1_112' title="bbox 982 2482 1477 2517; baseline 0.002 -8"><span class='ocrx_word' id='word_1_820' title='bbox 982 2483 1037 2517; x_wconf 82' lang='grc'><strong>(19)</strong></span> <span class='ocrx_word' id='word_1_821' title='bbox 1059 2483 1086 2509; x_wconf 82' lang='grc' dir='ltr'><strong>Ἀ</strong></span> <span class='ocrx_word' id='word_1_822' title='bbox 1091 2482 1247 2509; x_wconf 41' lang='lat' dir='ltr'><strong>sumcf-47a.</strong></span> <span class='ocrx_word' id='word_1_823' title='bbox 1259 2482 1279 2507; x_wconf 80' lang='grc' dir='ltr'><strong>Β</strong></span> <span class='ocrx_word' id='word_1_824' title='bbox 1292 2482 1477 2517; x_wconf 81' lang='grc' dir='ltr'>ἀλλοτριοῦσα.</span> 
     </span>
    </p>
   </div>
   <div class='ocr_carea' id='block_1_113' title="bbox 984 2517 1401 2551">
    <p class='ocr_par' dir='ltr' id='par_1_113' title="bbox 984 2517 1401 2551">
     <span class='ocr_line' id='line_1_113' title="bbox 984 2517 1401 2551; baseline -0.002 -7"><span class='ocrx_word' id='word_1_825' title='bbox 984 2518 1042 2551; x_wconf 68' lang='grc'><strong>(20)</strong></span> <span class='ocrx_word' id='word_1_826' title='bbox 1059 2517 1166 2544; x_wconf 78' lang='grc' dir='ltr'><strong>Τοίνυν</strong></span> <span class='ocrx_word' id='word_1_827' title='bbox 1181 2517 1237 2549; x_wconf 78' lang='grc' dir='ltr'>δίς.</span> <span class='ocrx_word' id='word_1_828' title='bbox 1250 2518 1272 2543; x_wconf 85' lang='grc' dir='ltr'><strong>Δ</strong></span> <span class='ocrx_word' id='word_1_829' title='bbox 1288 2517 1340 2543; x_wconf 78' lang='grc' dir='ltr'>τινί</span> <span class='ocrx_word' id='word_1_830' title='bbox 1352 2525 1401 2549; x_wconf 81' lang='grc' dir='ltr'>τις.</span> 
     </span>
    </p>
   </div>
   <div class='ocr_carea' id='block_1_114' title="bbox 983 2551 1730 2588">
    <p class='ocr_par' dir='ltr' id='par_1_114' title="bbox 983 2551 1730 2588">
     <span class='ocr_line' id='line_1_114' title="bbox 983 2551 1730 2588; baseline -0.001 -10"><span class='ocrx_word' id='word_1_831' title='bbox 983 2551 1207 2588; x_wconf 39' lang='lat' dir='ltr'><strong>(iuni-ausim.</strong></span> <span class='ocrx_word' id='word_1_832' title='bbox 1220 2553 1240 2578; x_wconf 71' lang='grc' dir='ltr'><strong>Δ</strong></span> <span class='ocrx_word' id='word_1_833' title='bbox 1250 2553 1279 2588; x_wconf 79' lang='lat' dir='ltr'><strong>in</strong></span> <span class='ocrx_word' id='word_1_834' title='bbox 1293 2556 1366 2578; x_wconf 68' lang='lat' dir='ltr'><strong>textu</strong></span> <span class='ocrx_word' id='word_1_835' title='bbox 1377 2553 1558 2588; x_wconf 82' lang='grc' dir='ltr'>γενησομένη,</span> <span class='ocrx_word' id='word_1_836' title='bbox 1569 2553 1596 2579; x_wconf 92' lang='lat' dir='ltr'><strong>in</strong></span> <span class='ocrx_word' id='word_1_837' title='bbox 1610 2552 1730 2585; x_wconf 68' lang='lat' dir='ltr'><strong>margini.-</strong></span> 
     </span>
    </p>
   </div>
   <div class='ocr_carea' id='block_1_115' title="bbox 944 2585 1324 2621">
    <p class='ocr_par' dir='ltr' id='par_1_115' title="bbox 944 2585 1324 2621">
     <span class='ocr_line' id='line_1_115' title="bbox 944 2585 1324 2621; baseline 0 -9"><span class='ocrx_word' id='word_1_838' title='bbox 944 2585 1125 2621; x_wconf 43' lang='grc' dir='ltr'>γεννωμένη(</span> <span class='ocrx_word' id='word_1_839' title='bbox 1135 2585 1156 2612; x_wconf 84' lang='grc' dir='ltr'>Β</span> <span class='ocrx_word' id='word_1_840' title='bbox 1173 2587 1324 2621; x_wconf 83' lang='grc' dir='ltr'>γενωμένη.</span> 
     </span>
    </p>
   </div>
   <div class='ocr_carea' id='block_1_116' title="bbox 980 2621 1458 2658">
    <p class='ocr_par' dir='ltr' id='par_1_116' title="bbox 980 2621 1458 2658">
     <span class='ocr_line' id='line_1_116' title="bbox 980 2621 1458 2658; baseline 0.006 -12"><span class='ocrx_word' id='word_1_841' title='bbox 980 2621 1036 2658; x_wconf 56' lang='grc' dir='ltr'><strong>(ξε)</strong></span> <span class='ocrx_word' id='word_1_842' title='bbox 1059 2621 1244 2658; x_wconf 60' lang='grc' dir='ltr'><strong>ᾐεπίρρντον.</strong></span> <span class='ocrx_word' id='word_1_843' title='bbox 1261 2621 1458 2658; x_wconf 28' lang='grc' dir='ltr'><strong>ΛΑὲτῄρῤητον.</strong></span> 
     </span>
    </p>
   </div>
   <div class='ocr_carea' id='block_1_117' title="bbox 981 2653 1730 2698">
    <p class='ocr_par' dir='ltr' id='par_1_117' title="bbox 981 2653 1730 2698">
     <span class='ocr_line' id='line_1_117' title="bbox 981 2653 1730 2698; baseline -0.005 -16"><span class='ocrx_word' id='word_1_844' title='bbox 981 2653 1038 2698; x_wconf 68' lang='lat'><strong>(23)</strong></span> <span class='ocrx_word' id='word_1_845' title='bbox 1058 2653 1272 2698; x_wconf 55' lang='grc' dir='ltr'>Πορξύόμενογ.</span> <span class='ocrx_word' id='word_1_846' title='bbox 1286 2656 1317 2698; x_wconf 47' lang='grc' dir='ltr'><strong>Δ.</strong></span> <span class='ocrx_word' id='word_1_847' title='bbox 1328 2653 1525 2691; x_wconf 62' lang='grc' dir='ltr'>ΒῚῖιίιιπςὶηο</span> <span class='ocrx_word' id='word_1_848' title='bbox 1550 2653 1730 2690; x_wconf 65' lang='grc' dir='ltr'>πορευόμενόν</span> 
     </span>
    </p>
   </div>
   <div class='ocr_carea' id='block_1_118' title="bbox 947 2690 1423 2725">
    <p class='ocr_par' dir='ltr' id='par_1_118' title="bbox 947 2690 1423 2725">
     <span class='ocr_line' id='line_1_118' title="bbox 947 2690 1423 2725; baseline 0.002 -9"><span class='ocrx_word' id='word_1_849' title='bbox 947 2699 976 2716; x_wconf 81' lang='grc' dir='ltr'><strong>τε</strong></span> <span class='ocrx_word' id='word_1_850' title='bbox 993 2690 1040 2716; x_wconf 83' lang='grc' dir='ltr'><strong>καὶ</strong></span> <span class='ocrx_word' id='word_1_851' title='bbox 1056 2690 1214 2725; x_wconf 80' lang='grc' dir='ltr'>κινούμενον</span> <span class='ocrx_word' id='word_1_852' title='bbox 1228 2690 1287 2716; x_wconf 77' lang='grc' dir='ltr'>τότε</span> <span class='ocrx_word' id='word_1_853' title='bbox 1307 2691 1423 2717; x_wconf 85' lang='grc' dir='ltr'>ἵσταται.</span> 
     </span>
    </p>
   </div>
   <div class='ocr_carea' id='block_1_119' title="bbox 984 2724 1462 2760">
    <p class='ocr_par' dir='ltr' id='par_1_119' title="bbox 984 2724 1462 2760">
     <span class='ocr_line' id='line_1_119' title="bbox 984 2724 1462 2760; baseline -0.002 -9"><span class='ocrx_word' id='word_1_854' title='bbox 984 2725 1040 2760; x_wconf 71' lang='grc'><strong>(21)</strong></span> <span class='ocrx_word' id='word_1_855' title='bbox 1057 2724 1238 2760; x_wconf 22' lang='grc' dir='ltr'>Διαπνέεταιγ.</span> <span class='ocrx_word' id='word_1_856' title='bbox 1265 2725 1285 2750; x_wconf 82' lang='grc' dir='ltr'><strong>Β</strong></span> <span class='ocrx_word' id='word_1_857' title='bbox 1302 2725 1462 2752; x_wconf 84' lang='grc' dir='ltr'>διαπνεῖται.</span> 
     </span>
    </p>
   </div>
   <div class='ocr_carea' id='block_1_120' title="bbox 986 2759 1488 2794">
    <p class='ocr_par' dir='ltr' id='par_1_120' title="bbox 986 2759 1488 2794">
     <span class='ocr_line' id='line_1_120' title="bbox 986 2759 1488 2794; baseline -0.002 -9"><span class='ocrx_word' id='word_1_858' title='bbox 986 2760 1043 2794; x_wconf 70' lang='lat'><strong>(&#39;25)</strong></span> <span class='ocrx_word' id='word_1_859' title='bbox 1065 2759 1248 2792; x_wconf 66' lang='lat' dir='ltr'><strong>&#39;ArutJJm-ﬁ.</strong></span> <span class='ocrx_word' id='word_1_860' title='bbox 1266 2761 1284 2785; x_wconf 83' lang='lat' dir='ltr'><strong>A</strong></span> <span class='ocrx_word' id='word_1_861' title='bbox 1303 2760 1322 2785; x_wconf 67' lang='lat' dir='ltr'><strong>ii</strong></span> <span class='ocrx_word' id='word_1_862' title='bbox 1338 2760 1488 2793; x_wconf 74' lang='grc' dir='ltr'>ὑπαλλαγῇ,</span> 
     </span>
    </p>
   </div>
   <div class='ocr_carea' id='block_1_121' title="bbox 989 2794 1379 2829">
    <p class='ocr_par' dir='ltr' id='par_1_121' title="bbox 989 2794 1379 2829">
     <span class='ocr_line' id='line_1_121' title="bbox 989 2794 1379 2829; baseline 0 -9"><span class='ocrx_word' id='word_1_863' title='bbox 989 2794 1045 2829; x_wconf 65' lang='lat'><strong>(‘26)</strong></span> <span class='ocrx_word' id='word_1_864' title='bbox 1066 2795 1125 2821; x_wconf 78' lang='grc' dir='ltr'><strong>Τῶν</strong></span> <span class='ocrx_word' id='word_1_865' title='bbox 1139 2795 1180 2820; x_wconf 72' lang='grc' dir='ltr'>δέ.</span> <span class='ocrx_word' id='word_1_866' title='bbox 1199 2795 1220 2820; x_wconf 90' lang='grc' dir='ltr'><strong>Λ</strong></span> <span class='ocrx_word' id='word_1_867' title='bbox 1236 2795 1254 2820; x_wconf 68' lang='lat' dir='ltr'><strong>li</strong></span> <span class='ocrx_word' id='word_1_868' title='bbox 1268 2796 1321 2820; x_wconf 73' lang='grc' dir='ltr'>τιὶιν</span> <span class='ocrx_word' id='word_1_869' title='bbox 1342 2804 1379 2820; x_wconf 75' lang='grc' dir='ltr'><strong>τῖ.</strong></span> 
     </span>
    </p>
   </div>
  </div>
