1919 3069
191 109 245 143 9ιῖ

812 108 840 136 S.
860 108 1024 138 GREGORII
1041 109 1188 139 NYSSENI

1770 109 1826 139 M8

191 167 270 194 tentiis
288 169 447 199 argumenta
466 172 519 191 non
545 164 654 198 penitus
675 165 820 192 inexeussa
839 170 920 200 atque
941 165 982 193 in-

1040 168 1153 202 μεν-ὃτι
1172 166 1317 199 ἀνάστασίς
1337 167 1410 194 ἐστιν
1439 167 1457 203 ἡ
1479 167 1518 199 είς
1530 166 1560 194 τὸ
1580 167 1692 202 ἀρχαῖον
1707 166 1755 202 τῆς
1772 165 1826 201 φύ-

191 215 346 237 «τ-.;ιιιιιιιίιιςι
356 210 565 245 βττοιρτιιιίῑιοτο
573 213 691 244 oportet,
706 210 741 236 ita
753 209 980 245 disceptationem

192 259 227 284 de
253 256 296 284 his
320 256 406 284 rebus
433 256 624 291 disponamus.
647 255 829 283 Considerare
843 260 926 291 atque
940 257 982 284 in-

193 302 316 335 telligere
337 301 456 336 primum
477 304 588 336 oportet
607 308 662 334 quo
676 301 810 336 pertineat
832 309 864 328 ac
877 305 982 337 spectet

194 347 406 374 resurrectionis
421 347 559 378 doctrina,
573 346 689 381 cujusve
703 347 742 374 rei
753 347 840 382 gratia
854 355 869 374 a
887 352 982 375 sancta

196 393 338 427 Scriptura
363 393 482 427 prodita,
500 391 656 420 introducta
673 396 700 420 ct
725 392 830 421 credita
847 393 893 420 sit.
909 392 982 426 Quo-

195 437 280 469 circa,
315 444 395 473 prout
421 438 524 473 aliquis
554 437 714 466 definitione
744 438 863 472 quadam
901 439 984 466 talem

195 484 375 518 qumstionem
393 485 553 520 complexus
576 484 770 520 dcsignaverit,
786 484 824 511 ita
843 484 984 512 dicemus:

197 530 363 558 resurrectio
380 535 423 558 est
439 536 544 558 natura
561 534 662 558 nostra:
679 529 706 557 in
726 530 868 565 antiquunm
883 533 986 557 statum

198 575 342 601 restitutio.
361 575 394 601 At
406 575 432 602 in
448 575 536 610 prima
556 575 611 602 vita
624 575 704 609 cujus
718 573 791 602 Deus
806 574 864 608 ipse
879 576 987 600 creator

197 619 259 651 fuit,
280 627 368 654 neque
393 624 532 653 senectus,
561 624 590 647 ut
617 619 758 655 probabile
783 626 816 646 ac
837 617 985 646 verisimile

196 669 248 695 est.
269 673 356 700 neque
378 666 490 694 infantia
503 670 574 697 erat.
598 673 687 702 neque
700 673 732 693 ea
755 672 819 701 qua:
833 672 880 700 per
894 663 985 692 varias

1034 221 1102 244 σεως
1116 212 1172 247 (72)
1200 213 1278 247 ἡμῶν
1295 213 1526 245 ἀποκατάστασις.
1550 213 1619 240 Ἀλλ’
1637 213 1666 239 ἐν
1677 214 1710 248 τῇ
1727 213 1826 249 πρώτῃ

1033 259 1101 294 ζωῇ,
1117 255 1151 294 ἧς
1173 258 1254 290 αὐτὸς
1269 259 1362 292 γέγονε
1378 258 1542 294 δημιουργὸς
1561 260 1575 286 ό
1595 259 1671 291 θεὸς,
1687 258 1749 286 οὔτε
1765 260 1824 294 (75)

1033 304 1122 340 γῆρας
1135 302 1180 339 ἦν,
1194 303 1231 335 ὼς
1259 304 1342 336 εἰκὸς,
1366 303 1427 330 οὗτε
1443 304 1585 339 νηπιότης,
1603 304 1665 330 οὔτε
1680 304 1751 331 κατὰ
1766 305 1827 340 (76)

1034 349 1083 380 τὰς
1095 348 1280 383 πολυτρόπους
1293 348 1448 384 ἀρρωστίας
1459 348 1543 383 πάθη,
1554 347 1617 375 οὗτε
1630 348 1694 375 ἄλλο
1706 349 1762 383 (75)
1774 349 1827 384 τῆς

1034 393 1198 428 σωματικῆς
1208 394 1395 430 ταλαιπωρίας
1403 394 1479 421 οὐδὲν
1491 395 1547 429 (70)
1558 394 1630 429 (οὔτε
1641 395 1696 430 γὰρ
1708 395 1782 427 εἰκὸς
1791 393 1828 430 ἦν

1033 440 1065 465 τὰ
1082 439 1193 466 τοιαῦτα
1206 439 1262 475 (77)
1278 439 1452 476 δημιουργεῖν
1468 441 1514 467 τὸν
1529 440 1618 475 Θεὸν),
1636 440 1704 467 ἀλλὰ
1715 440 1788 467 θεῖόν
1799 449 1828 467 τι

1033 485 1125 519 χρῆμα
1139 482 1200 520 ἧνὴ
1219 485 1376 520 ἀνθρωπίνη
1393 485 1473 520 φύσις
1489 485 1553 521 πρὶν
1569 486 1598 512 ὲν
1612 486 1684 522 ὁρμῇ
1702 485 1828 519 γίνεσθαι

1033 528 1080 555 τοῦ
1095 528 1180 556 κακοῦ
1195 529 1226 556 τὺ
1235 529 1414 566 ἀνθρώπινον.
1427 530 1521 558 Ταῦτα
1535 530 1564 558 δὲ
1580 531 1670 558 πάντα
1681 531 1716 566 τῇ
1729 530 1830 565 εἰσόδῳ

1034 574 1083 609 τῆς
1103 574 1202 605 κακίας
1225 575 1292 610 ἡμῖν
1323 575 1521 603 ωνεισέϐαλεν.
1558 575 1663 603 οὐκοῦν
1686 575 1830 610 ὀὐδεμίαν

1038 618 1161 653 ἀνάγκην
1171 618 1226 651 ἕξει
1235 620 1249 646 ὁ
1261 619 1324 646 ἄνευ
1337 620 1435 652 κακίας
1447 620 1504 655 βίος
1511 621 1540 647 ὲν
1549 621 1605 653 τοῖς
1614 620 1658 648 διὰ
1670 619 1757 648 ταῦτα
1768 619 1829 655 (78)

1039 663 1241 699 συμϐεϐηκόσιν
1258 662 1338 692 εἶναι.

197 710 369 738 infirmitates
382 719 414 739 ac
425 712 536 740 morbos
551 711 681 739 accidunt
692 711 878 743 incommoda,
895 717 983 745 neque
1006 709 1061 736 ulla
1079 709 1205 736 molestia
1220 715 1303 746 atque
1315 718 1438 738 aerumna
1455 718 1589 748 corporea
1622 711 1724 748 (neque
1751 710 1829 739 enim

197 756 314 783 decebat
334 764 366 784 ac
392 765 440 792 par
455 762 524 790 erat,
550 758 635 785 Deum
657 756 792 792 ejusmodi
809 763 853 784 res
867 756 984 788 creare),
1009 754 1056 782 sed
1068 754 1160 782 divina
1172 755 1296 790 quasdam
1310 763 1355 784 res
1370 761 1430 784 erat
1453 757 1574 785 humana
1607 762 1715 790 natura.
1736 756 1830 792 prius-

197 810 280 836 quam
300 810 402 846 genus.
420 804 570 832 humanum
593 804 689 831 vitium
705 807 831 838 appetere
846 802 986 837 empisset.
1017 800 1080 828 lltec
1106 805 1196 828 autem
1219 801 1310 829 omnia
1334 809 1388 830 una
1412 809 1474 830 cum
1501 803 1628 838 ingressu
1663 801 1830 830 vitiositatis

198 850 226 877 in
251 858 302 879 nos
318 850 478 879 invaserunt
493 856 521 880 et
539 852 707 887 irruperunt.
725 851 796 886 Ergo
817 850 871 877 vita
887 849 1044 877 vitiositatis
1066 856 1165 883 expers
1186 849 1213 878 in
1244 849 1279 878 iis
1303 857 1365 886 quze
1389 854 1502 886 propter
1542 851 1614 878 banc
1648 849 1830 882 acciderunt.

198 899 315 928 versari,
331 899 406 926 nullo
434 899 514 927 modo
535 906 646 927 necesse
670 898 789 926 habebit.

232 944 466 976 Quemadmodum
488 944 560 972 enim
587 951 635 979 per
656 944 718 979 gelu
743 951 776 971 ac
799 943 913 978 glaciem
932 942 983 970 iter
1000 942 1021 972 Β

201 989 310 1016 facienti
336 990 448 1021 accidit,
475 993 505 1017 ut
528 997 631 1024 corpus
655 989 715 1023 ejus
744 989 845 1024 frigore
865 988 983 1020 laboret.

199 1039 245 1061 aut
263 1041 310 1070 per
331 1035 437 1063 calidos
457 1035 548 1063 radios
571 1035 762 1068 inambulanti,
788 1039 818 1062 ut
839 1034 923 1062 facies
952 1041 985 1061 ac

198 1088 305 1108 smmna
329 1081 399 1109 cutis
416 1081 548 1108 aduratur
571 1086 654 1116 atque
668 1082 820 1117 nigrescat;
837 1080 879 1108 sin
895 1084 984 1107 autent

199 1129 277 1152 extra
287 1125 385 1153 horum
402 1125 652 1161 utrumquelfuerit,
661 1126 786 1161 protinus
797 1126 831 1152 ab
841 1125 986 1153 adustionc

199 1173 281 1204 atque
306 1169 516 1205 refrigeratione
543 1179 657 1206 prorsus
686 1171 830 1203 liberatur,
854 1178 887 1197 ac
911 1169 985 1197 nulla

199 1215 335 1248 probabili
367 1216 475 1244 ratione
500 1217 636 1252 quispiam
664 1216 837 1252 requisiverit
859 1216 885 1243 id
913 1215 985 1250 quod

199 1269 231 1287 ex
256 1261 346 1296 aliqua
367 1268 451 1289 causa
474 1263 618 1298 contingit,
643 1269 726 1290 causa
747 1269 801 1290 non
830 1265 955 1289 exstante
977 1270 984 1288 :

198 1305 294 1332 eodem
311 1305 392 1333 modo
405 1310 503 1334 natura
516 1311 610 1335 nostra
623 1307 807 1342 passionibus.
824 1306 908 1338 vitiis,
923 1313 986 1340 per-

199 1348 405 1378 turbationibus
417 1353 498 1385 atque
510 1350 652 1380 ali'ectibus
665 1351 783 1378 obnoxia
797 1350 866 1378 facta
880 1350 913 1378 iis
926 1357 987 1386 qua:

198 1396 337 1430 patibilem
369 1397 453 1424 vitam
479 1398 638 1426 necessario
663 1402 890 1434 consequuntur,
921 1405 986 1424 con-

198 1442 301 1469 tlictata
323 1447 374 1470 est.
398 1442 448 1470 Ubi
481 1447 572 1472 autem
593 1444 627 1472 ad
650 1452 721 1477 eam,
740 1451 802 1480 quae
816 1451 830 1471 a
846 1443 986 1478 perturba-

198 1489 333 1520 tionibus,
349 1489 440 1523 }vitiis,
463 1490 693 1525 passionibnsque
718 1496 805 1518 vacua
833 1492 887 1520 est,
923 1488 986 1516 bea-

199 1534 345 1563 titudinem
384 1535 535 1564 recurrerit
563 1543 618 1563 non
647 1534 766 1570 amplius
786 1534 988 1562 conflictabitur

198 1581 235 1608 iis
273 1588 334 1616 qum
364 1581 542 1611 vitiositatem
585 1583 803 1616 consequuntur.
849 1579 984 1612 Quoniam

199 1626 281 1661 igitur
305 1633 476 1662 qtuecunque
497 1633 530 1654 ex
558 1634 590 1654 ea
611 1633 673 1661 quze
692 1625 808 1653 rationis
831 1632 930 1660 expers
945 1629 987 1652 est

199 1673 253 1701 vita
276 1672 401 1699 humana:
425 1675 531 1699 natura:
555 1672 707 1700 conimlstze
735 1676 810 1704 sunt,
838 1679 892 1698 non
910 1671 988 1707 prius

199 1719 227 1746 in
255 1718 334 1746 nobis
352 1722 442 1749 erant.
457 1725 540 1753 quam
562 1718 590 1745 in
612 1716 772 1745 affectiones
795 1724 827 1744 ac
844 1717 988 1750 perturba-

200 1765 290 1792 tiones
313 1771 361 1799 per
383 1763 562 1791 vitiositatem
582 1762 725 1801 delapsum
746 1765 820 1790 esset
838 1762 988 1789 humanum

201 1817 299 1844 genus,
318 1808 476 1837 necessario
501 1807 605 1836 relictis
626 1807 818 1835 aﬂ'ectlonibus
833 1814 866 1835 ac
880 1811 989 1842 pertur-

200 1854 367 1886 bationibus,
383 1854 465 1881 etlam
487 1852 579 1880 omnia
602 1859 773 1887 qumcunque
792 1859 854 1879 cum
873 1852 908 1879 iis
929 1859 991 1879 eer-

202 1905 318 1931 nuntur,‘
331 1899 413 1927 simul
428 1899 628 1932 relinquemus.
641 1897 737 1932 Itaque
749 1905 803 1924 non
817 1900 892 1924 recte
907 1897 991 1924 nulla-

201 1954 255 1981 que
279 1945 414 1980 probabili
440 1944 548 1971 ratione
562 1943 625 1978 quis
650 1942 678 1970 in
701 1942 747 1970 illa
760 1942 815 1969 vita
834 1942 992 1977 quaesiverit

202 1999 234 2018 ea
256 1998 317 2025 qua:
351 1997 384 2018 ex
413 1988 558 2016 :tll‘ectione
585 1995 618 2015 ae
644 1987 713 2014 vitio
745 1986 824 2014 nobis
852 1987 991 2021 posterius

203 2035 373 2063 acciderunt.
400 2033 637 2067 Quemadmodum
661 2033 734 2060 enim
763 2032 787 2059 si
814 2032 877 2067 quis
900 2032 990 2059 lacera

203 2081 297 2108 tunica
319 2080 516 2111 circumdatus,
536 2086 570 2106 eo
593 2079 696 2106 amictu
722 2077 841 2106 nudatus
861 2077 908 2109 sit,
935 2084 989 2104 non

205 2125 321 2159 amplius
344 2125 371 2151 in
398 2132 458 2152 sese
479 2124 576 2158 abjeeti
601 2123 800 2158 turpitudinem
825 2130 856 2149 ac
872 2121 991 2150 dedecus

205 2169 357 2198 indumenti
377 2169 449 2197 videt
470 2178 477 2196 ε
500 2169 595 2196 eodem
615 2169 697 2196 modo
719 2176 781 2196 cum
808 2175 860 2195 nos
881 2175 990 2202 quoque

203 2216 362 2243 exuerimus
388 2219 524 2242 mortuam
539 2222 571 2241 ac
586 2219 693 2250 turpem
714 2214 786 2241 illam
807 2213 938 2245 tunicam,
956 2221 990 2240 ex

204 2261 310 2289 ratione
331 2261 493 2288 carentibus
512 2260 628 2295 pellibus
648 2260 727 2287 nobis
749 2259 877 2294 iujectam
896 2259 991 2294 (pelles

239 2316 296 2350 (7‘2)
313 2317 444 2349 Φύσεως.
470 2316 489 2342 Λ
508 2317 534 2342 in
553 2316 677 2347 margine
694 2316 822 2347 πίστεως.

241 2351 298 2385 ι75)
315 2351 399 2377 Οὔτε.
417 2351 438 2377 Λ
455 2351 530 2377 addit
546 2351 572 2376 τί
584 2351 658 2378 ἄλλο.

241 2387 297 2414 (74)
314 2387 387 2412 Οὔτε
401 2385 485 2413 κατά.
500 2387 521 2412 Α
534 2385 595 2412 οὒτε
611 2386 644 2412 τὰ
656 2386 734 2411 κατὰ.

240 2421 296 2455 (πὶ)
313 2421 387 2447 Οὔτε
404 2420 492 2447 ἄλλο,
507 2420 528 2447 Δ
546 2419 607 2446 οὔτε
621 2429 647 2446 τι
661 2420 734 2446 ἄλλο.

241 2453 298 2487 (76)
314 2455 410 2482 Οὐδὲν
422 2455 501 2481 οὔτε.
519 2455 539 2481 Λ
553 2455 579 2480 iu
594 2456 716 2489 margine
728 2453 800 2481 οὐδέ.

241 2491 302 2525 (77)
318 2492 356 2517 Τὰ
372 2489 502 2516 τοιαῦτα.
526 2489 547 2516 Β
562 2489 632 2525 tlelet
649 2489 693 2525 τά.

240 2523 297 2558 (78)
313 2525 365 2551 Διά
383 2525 484 2551 ταῦτα.
505 2525 524 2550 Λ
542 2525 561 2550 li
575 2523 620 2550 διὰ
631 2524 743 2558 ταύτην.

240 2561 298 2592 (79)
313 2559 431 2593 Θερμῶν
447 2560 586 2586 ἀκτίνων.
600 2559 621 2584 Λ
636 2558 656 2584 Β
668 2559 771 2593 θερμῆς
787 2559 903 2589 ἀκτῖνος.

242 2596 298 2627 (xtl)
318 2595 430 2625 ‘Exm’c.
447 2594 467 2620 Λ
484 2596 509 2619 in
525 2598 600 2619 textu
611 2594 643 2620 ὲκ
657 2593 714 2624 τοῦ,
729 2594 755 2619 in
772 2593 891 2627 margine
904 2593 991 2624 ὲκτῦς.

242 2630 298 2662 (8|)
313 2628 632 2663 Σιγναπιιλλαγήσεται.
648 2627 668 2653 Β
681 2628 884 2663 συναπαλλαγῇ.
904 2628 923 2654 Β
933 2637 993 2654 συν-

206 2664 361 2698 αττηλλάγη.

241 2699 296 2733 (82)
313 2700 367 2725 Ἕκ
385 2707 472 2730 τινος.
492 2698 512 2724 Β
525 2699 556 2723 ἐκ
571 2697 652 2727 τίνος.

241 2734 297 2767 (83)
311 2734 472 2767 Ιέγρμένη.
489 2733 507 2759 Β
522 2734 659 2767 γινομένη.

240 2769 296 2802 (Μ)
319 2768 553 2802 ’Λνιίδρημοῖνσω
571 2767 590 2793 Β
603 2767 820 2801 ἀναδραμούσης.

244 2803 298 2834 (833)
318 2803 584 2830 Ἐπιικολουθιλιέσι.
603 2802 622 2828 Β
636 2801 882 2835 ἐπακολουθήματι.

1071 939 1176 975 Ὥσπερ
1191 939 1245 974 γὰρ
1268 939 1446 967 ἐπακολουθεῖ
1460 939 1499 975 τῷ
1526 939 1570 966 διὰ
1587 939 1705 975 κρυμῶν
1718 940 1829 968 ὁδοιπο-

1036 985 1126 1020 ροῦντι
1137 985 1167 1011 τὸ
1179 985 1311 1020 ψύχεσθαι
1322 985 1353 1011 τὸ
1368 985 1458 1020 σῶμα,
1476 984 1493 1020 ἦ
1510 983 1549 1020 τῷ
1568 985 1613 1012 διὰ
1626 985 1739 1021 θερμῶν
1752 985 1832 1012 ἀκτῖ-

1035 1040 1088 1058 νων
1098 1031 1154 1065 (79)
1166 1030 1342 1066 πορευομένῳ
1359 1030 1389 1057 τὸ
1403 1030 1578 1066 μελαίνεσθαι
1589 1031 1639 1066 τὴν
1656 1031 1830 1066 ἐπιφάνειαν

1035 1077 1099 1104 εἰδὲ
1113 1076 1190 1109 ἐκτὸς
1205 1076 1261 1111 (80)
1275 1077 1404 1113 ἐκατέρου
1420 1077 1524 1111 γένοιτο
1541 1076 1644 1104 τούτων
1658 1077 1831 1105 συναπαλλα-

1035 1123 1149 1158 γὴσεται
1166 1123 1221 1158 (81)
1237 1123 1345 1155 πάντως
1367 1123 1414 1150 καὶ
1430 1123 1477 1150 τοῦ
1499 1123 1638 1159 μελασμοῦ
1654 1124 1702 1151 καὶ
1716 1124 1768 1159 τῆς
1777 1124 1831 1159 ψύ-

1036 1168 1114 1201 ξεως,
1138 1168 1185 1195 καὶ
1210 1169 1261 1195 οὐκ
1285 1168 1317 1195 ἄν
1341 1177 1383 1200 τις
1399 1168 1518 1203 εὐλόγως
1534 1169 1675 1204 ἑπιζητοίη
1690 1169 1721 1196 τὸ
1739 1169 1772 1196 ἐκ
1786 1178 1832 1196 τι-

1036 1222 1080 1246 νος
1093 1214 1150 1249 (8‘2)
1162 1214 1250 1246 αἰτίας
1265 1214 1422 1249 συμϐαῖνον,
1434 1215 1484 1250 τῆς
1501 1215 1591 1247 αίτίας
1603 1215 1654 1242 οὐκ
1668 1215 1752 1251 οὔσης
1762 1223 1770 1232 ·
1783 1215 1831 1242 οὖ-

1036 1268 1089 1291 τως
1102 1260 1119 1295 ἡ
1137 1259 1218 1293 φύσις
1227 1259 1305 1294 ὴμῶν
1321 1259 1446 1295 ἐμπαθὴς
1456 1259 1589 1295 γενομένη
1602 1260 1669 1295 (85),
1681 1260 1831 1295 ωῖςάναγ-

1037 1305 1122 1337 καίως
1146 1305 1356 1332 ἐπακολουθοῦσι
1371 1307 1404 1341 τῇ
1418 1305 1556 1341 παθητικῇ
1577 1305 1634 1342 ζωῇ
1663 1306 1830 1342 συνηνέχθη.

1037 1352 1109 1387 Πρὸς
1132 1351 1161 1378 δὲ
1186 1352 1235 1387 τὴν
1266 1351 1358 1386 ἀπαθῆ
1391 1352 1580 1387 μακαριότητα
1603 1351 1685 1378 πάλιν
1709 1352 1829 1388 ἀναδραο

1039 1396 1126 1432 μοῦσα
1139 1396 1206 1432 (84),
1221 1397 1312 1424 οὐκέτι
1330 1398 1386 1429 τοῖς
1406 1397 1618 1424 ἐπακολουθοῦσι
1635 1398 1691 1432 (85)
1707 1398 1757 1433 τῆς
1778 1406 1831 1425 κα-

1037 1442 1100 1474 κίας
1123 1442 1358 1478 συνενεχθήσεται.
1379 1443 1454 1469 Ἐπεὶ
1468 1441 1515 1470 οὖν
1537 1444 1588 1470 ὅσα
1608 1443 1640 1471 ὲκ
1659 1444 1709 1479 τῆς
1731 1443 1833 1479 ἀλόγου

1038 1486 1110 1522 ζωῆς
1121 1489 1154 1523 τῇ
1170 1488 1328 1524 ἀνθρωπίνῃ
1344 1488 1495 1524 κατεμίχθη
1508 1489 1598 1524 φύσει,
1610 1489 1641 1516 οὐ
1653 1489 1788 1525 πρότερον
1795 1487 1833 1525 ἦν

1038 1534 1066 1560 ὲν
1077 1535 1141 1569 ἡμῖν
1150 1535 1214 1570 πρὶν
1228 1535 1268 1566 είς
1282 1534 1367 1567 πάθος
1375 1535 1418 1562 διὰ
1429 1535 1528 1567 κακίας
1542 1536 1598 1571 (8G)
1609 1537 1702 1563 πεσεῖν
1715 1536 1786 1572 (86⁶)
1796 1537 1829 1563 τὸ

1040 1578 1220 1614 ἀνθρώπινον,
1232 1579 1386 1614 ἀναγκαίως
1406 1581 1602 1612 καταλιπόντες
1625 1581 1655 1608 τὸ
1671 1582 1767 1614 πάθος,
1782 1583 1830 1609 καὶ

1039 1624 1129 1650 πάντα
1143 1623 1193 1650 ὅσα
1213 1624 1272 1659 μετ’
1294 1623 1378 1651 αὐτοῦ
1394 1624 1543 1660 καθορᾶται
1565 1626 1829 1661 συγκαταλείψομεν.

1037 1669 1118 1696 Ὥστε
1128 1669 1178 1696 οὐκ
1190 1669 1222 1696 ἄν
1234 1678 1276 1700 τις
1290 1670 1409 1704 εὐλόγως
1425 1671 1453 1696 ὲν
1464 1670 1503 1705 τῷ
1515 1670 1564 1705 βίῳ
1580 1671 1677 1705 ἐκείνῳ
1692 1671 1725 1698 τὰ
1736 1672 1769 1698 ἐκ
1781 1671 1830 1698 τοῦ

1037 1714 1138 1746 πάθους
1152 1715 1216 1749 ἡμῖν
1228 1714 1419 1750 συμϐεϐηκότα
1430 1715 1486 1750 (87)
1497 1715 1564 1751 ζητή
1570 1724 1649 1743 σειεν.
1661 1716 1766 1752 Ὥσπερ
1775 1716 1832 1752 γὰρ

1036 1761 1062 1787 εἰ
1075 1769 1117 1791 τις
1127 1760 1266 1795 ῥωγαλέον
1292 1760 1348 1795 (88)
1366 1761 1430 1795 περὶ
1449 1760 1530 1787 αὐτὸν
1554 1761 1609 1796 (89)
1623 1761 1696 1796 ἔχων
1716 1761 1830 1797 χιτῶνα,

1037 1805 1193 1841 γυμνωθείη
1221 1805 1269 1832 τοῦ
1300 1806 1515 1842 περιϐλήματος,
1543 1807 1634 1834 οὐκέτι
1661 1806 1695 1833 ἂν
1710 1806 1761 1842 τὴν
1781 1807 1832 1833 τοῦ

1038 1850 1238 1885 ὰπορῤιφέντος
1252 1850 1444 1885 ἀσχημοσύνην
1457 1851 1500 1885 ἐφ’
1516 1851 1613 1877 ἑαυτοῦ
1634 1851 1739 1885 βλέποι,
1758 1850 1832 1878 οὕτω

1039 1896 1086 1922 καὶ
1098 1895 1177 1930 ἡμῶν
1203 1895 1416 1930 ἀποδυσαμένων
1430 1895 1476 1922 τὸν
1491 1896 1587 1931 νεκρὸν
1608 1897 1712 1923 ἐκεῖνον
1727 1897 1775 1923 καί
1790 1898 1829 1923 είσ

1038 1941 1120 1976 δεχθῆ
1151 1940 1262 1975 χιτῶνα,
1289 1940 1334 1966 τὸν
1350 1940 1382 1966 ὲκ
1403 1941 1458 1967 τῶν
1482 1940 1586 1975 ἀλόγων
1600 1941 1744 1976 δερμάτων
1761 1942 1832 1981 ἡμῖν

1039 1985 1219 2021 ἐπιϐληθέντα
1249 1984 1352 2020 (δέρμα
1373 1985 1430 2019 (90)
1449 1985 1477 2011 δὲ
1497 1985 1604 2012 ἀκούων
1623 1986 1654 2012 τὸ
1670 1987 1763 2022 σχῆμα
1781 1988 1831 2021 τῆς

1043 2031 1140 2065 ἀλόγου
1158 2031 1264 2065 φύσεως
1276 2032 1347 2057 νοεῖν
1362 2039 1407 2065 μοι
1421 2030 1502 2063 δοκῶ,
1515 2027 1537 2065 ᾧ
1550 2031 1607 2066 (9|)
1620 2031 1687 2067 ’πρὸς
1701 2033 1732 2059 τὸ
1745 2033 1831 2062 πάθος

1043 2076 1226 2108 οἰκειωθέντες
1247 2075 1302 2110 (9‘2)
1324 2075 1568 2111 περιεσλήθημεν),
1598 2077 1687 2104 πάντα
1709 2077 1759 2104 ὅσα
1775 2077 1831 2113 (95)

1043 2123 1090 2150 τοῦ
1104 2123 1200 2157 ἀλόγου
1225 2123 1358 2158 δέρματος
1375 2122 1440 2158 περὶ
1457 2122 1530 2157 ἡμᾶς
1541 2120 1575 2157 ἦν
1594 2123 1623 2148 ὲν
1635 2123 1669 2157 τῇ
1683 2122 1832 2150 ἀπεκδύσει

1043 2169 1089 2195 τοῦ
1099 2169 1212 2204 χιτῶνος
1223 2167 1478 2202 συναποόαλλόμεθα
1496 2167 1562 2201 (94).
1574 2167 1651 2193 Ἔστι
1668 2166 1696 2192 δὲ
1712 2166 1730 2194 a
1747 2176 1830 2202 προα-

1043 2213 1139 2240 έλαόεν
1152 2213 1208 2248 (95)
1222 2212 1332 2240 ἀπὸτοῦ
1347 2212 1403 2247 (96)
1413 2212 1510 2246 ἀλόγου
1517 2211 1662 2247 δέρματος,
1681 2211 1698 2246 ἡ
1712 2211 1796 2246 μίξις,
1814 2213 1831 2248 ἡ

1044 2259 1184 2294 σύλληψις,
1199 2260 1213 2286 ό
1225 2259 1314 2290 τόκος,
1328 2259 1341 2285 ὁ
1358 2258 1453 2294 ῥύπος,
1471 2259 1487 2293 ἡ
1511 2257 1589 2292 θηλὴ.
1604 2257 1621 2292 ἡ
1634 2256 1732 2292 τροφὴν
1752 2257 1769 2292 ὴ
1786 2257 1832 2283 ὲκ-

1085 2316 1142 2347 (86)
1161 2316 1211 2342 Διὰ
1226 2315 1343 2347 κακίας.
1359 2313 1435 2340 Dolet
1449 2313 1478 2340 Β.
1499 2313 1520 2339 Λ
1532 2313 1597 2348 legit
1614 2311 1722 2338 κακίαν.

1078 2351 1147 2384 (86')
1167 2350 1284 2377 Πεσεῖν.
1306 2349 1325 2376 Β
1339 2349 1445 2384 παθεῖν.

1079 2386 1135 2419 (87)
1151 2385 1370 2418 Συμΰεϐηκότα.

1044 2420 1125 2448 habet
1140 2421 1160 2446 A
1176 2420 1204 2447 in
1220 2419 1354 2455 margine.
1371 2453 1376 2455 _
1491 2452 1496 2455 _
1571 2451 1577 2455 _
1591 2451 1606 2455 __

1089 2456 1134 2488 88)
1148 2449 1324 2488 Ῥωγαλέόν.
1338 2454 1359 2480 Δ
1371 2453 1397 2480 in
1411 2452 1535 2487 margine
1545 2451 1621 2478 addit
1630 2449 1829 2485 διετιχισμένονΓ

1092 2490 1254 2523 89)Λὺτόν.
1272 2490 1294 2515 Δ
1311 2489 1330 2514 Β
1345 2488 1452 2515 ἑαυτόν.

1079 2523 1135 2558 (90)
1148 2526 1252 2558 Δέρμίι.
1272 2524 1291 2550 Α
1306 2523 1439 2558 δέρματα.

1079 2560 1119 2595 (su
1127 2562 1135 2593 )
1155 2557 1205 2594 '9;
1221 2559 1240 2584 ιι
1255 2559 1278 2584 δ.

1080 2591 1136 2627 (92)
1153 2591 1368 2625 σικειωυὲντες.
1384 2593 1404 2618 Λ
1417 2593 1432 2627 ό
1447 2591 1668 2627 οίκειωσὰμενος.

1079 2630 1136 2662 (95)
1152 2629 1253 2655 Πάντα
1267 2628 1335 2653 ὅσα.
1356 2627 1374 2653 Δ
1392 2626 1439 2653 καὶ
1454 2626 1533 2653 πάνθ’
1549 2627 1609 2652 ὅσα.

1080 2664 1136 2699 (94)
1157 2662 1460 2699 Συνιιποείιλλιξμεθα.
1488 2662 1508 2687 Δ
1532 2661 1568 2687 ita
1591 2662 1616 2699 in
1637 2662 1783 2699 margine}
1803 2661 1829 2688 in

1044 2697 1226 2726 textu'autem
1245 2697 1519 2731 συναπεκδυθὴοεται,
1536 2697 1607 2729 quod
1621 2701 1648 2723 et
1663 2697 1744 2724 hath
1760 2697 1789 2722 Β.

1082 2734 1137 2766 (Elii)
1154 2732 1352 2765 Πμιυέλαϐεν.
1371 2732 1391 2758 Λ
1408 2731 1426 2757 ll
1442 2730 1654 2766 προσελάῦομεν.

1083 2770 1137 2803 (96)
1159 2768 1229 2795 uno
1247 2767 1309 2794 τυίι.
1325 2766 1345 2793 Α
1362 2766 1415 2792 ἀπὸ
1430 2766 1458 2792 δέ
1471 2774 1512 2799 γε.

1400 2363 1691 2417 Ενέπισυμὸεῦεηκὸτσ,
1715 2380 1789 2409 ouod
1802 2363 1830 2408 ct
