1919 3069
188 65 239 92 155
804 62 833 90 S.
852 61 1019 91 GIIEGORII
1035 61 1183 92 NYSSENI
1766 58 1831 87 156

186 121 274 156 surgit
289 121 315 148 in
332 121 469 156 potentia;
488 121 639 149 seminatur
656 121 684 149 in
697 121 858 156 ignominia,
879 130 972 151 resur-

1042 123 1105 158 ἦναι
1121 123 1177 158 (45)
1194 123 1224 149 ὲν
1245 123 1277 157 τῇ
1297 121 1375 157 βώλῳ
1390 120 1461 152 σῖτος
1476 119 1525 155 τὴν
1542 120 1571 146 ὲν
1593 117 1632 154 τῷ
1652 117 1728 152 ποσῷ
1750 117 1829 151 βρα-

186 168 226 202 git
261 168 288 194 in
325 168 431 202 gloria;
462 168 615 195 seminatur
642 176 743 203 corpus
777 169 906 200 animale,
933 177 976 197 rc-

1041 168 1140 203 ςύτητα,
1159 168 1206 195 καὶ
1229 168 1281 203 τὴν
1302 167 1331 194 ὲν
1352 166 1391 201 τῷ
1407 165 1475 201 ποιῷ
1498 166 1636 200 σχήματος
1651 164 1708 199 (Mi)
1733 162 1828 190 αὑτοῦ

188 212 276 247 surgit
318 220 419 247 corpus
458 213 612 247 spirituale.
634 222 643 238 ι
665 213 688 229 ⁸ο
716 213 750 240 llt
766 213 839 241 enim
867 218 978 249 postea-

1041 213 1159 248 διότητα,
1173 212 1268 240 ἑαυτὸν
1278 212 1328 238 οὑκ
1338 205 1521 246 ἀφῆκεν,ῖὶλλ’
1534 211 1563 236 ὲν
1573 209 1648 244 αὐτῷ
1659 209 1716 243 (Π)
1729 208 1828 242 μένων

187 266 270 292 quam
293 258 319 284 in
345 259 423 293 gleba
449 259 614 286 dissolutum
649 266 680 286 ac
703 259 832 286 dillusum
856 256 978 286 triticum

1041 257 1130 292 ῖτάχυς
1159 258 1284 292 γίνεται,
1318 255 1466 291 πάμπολλα
1489 254 1546 290 (48)
1571 253 1707 288 διαφέρων
1736 251 1827 282 αὐτὸς

189 303 282 334 luerit,
313 303 406 330 relicta
434 311 466 331 ea
492 311 554 339 qua!
579 303 607 331 in
642 304 794 338 quantitate
820 303 980 332 considera-

1041 303 1136 336 αυτοῦ,
1153 303 1272 338 μεγέθει,
1286 303 1334 330 καὶ
1356 302 1458 334 κάλλει,
1477 302 1524 328 καὶ
1540 300 1671 335 ποικιλίᾳ,
1686 300 1734 326 καὶ
1753 298 1827 332 σχή-

189 353 234 376 ιιιι-
256 349 418 384 exiguitate,
448 354 476 377 et
505 357 537 377 ea
575 357 636 385 qua:
663 350 690 377 in
714 349 845 385 qualitate
873 353 979 384 specta-

1041 357 1096 375 ιατι
1112 349 1168 382 (i9,
1181 357 1188 363 '
1210 348 1282 375 κατὰ
1298 348 1343 375 τον
1358 347 1439 374 αὐτὸν
1454 347 1553 382 τρόπον
1571 346 1617 373 καὶ
1629 346 1646 380 ή
1660 343 1826 379 ἀνθρωπίνη

189 396 234 419 tur
263 394 355 428 ﬁgura:
365 401 422 420 sua:
439 394 616 428 proprietate,
642 393 761 428 scipsum
781 401 835 420 non
855 394 978 427 dimittit,

1041 392 1111 426 ρύσις
1123 394 1252 427 ὲναφεῖσα
1266 392 1305 428 τῷ
1316 393 1424 428 Θανάτῳ
1440 392 1530 419 πάντα
1544 391 1579 417 τὰ
1592 391 1656 426 περὶ
1665 390 1752 424 αὐτὴν
1763 389 1826 424 (50)

190 438 236 465 sed
254 438 280 464 in
298 438 391 474 seipse
410 447 524 466 manens
542 439 617 473 spica
649 438 754 472 evadit,
786 439 865 473 longe
895 439 980 474 pluri-

1041 438 1173 474 ὃιώματα,
1189 440 1238 465 ὅσα
1251 439 1294 466 διὰ
1313 439 1363 474 τῆς
1381 438 1520 474 ὲμπαθοῦς
1536 437 1683 468 διαθέσεως
1701 436 1826 470 ἐπεκτή-

191 491 265 510 mum
281 484 339 519 ipse
357 491 417 511 sese
434 486 461 511 et
483 483 682 520 magnitudine,
709 487 737 511 et
765 483 979 518 pulchritudine,

1041 493 1107 518 tuo,
1124 485 1173 520 τὴν
1186 485 1297 521 ἀτιμίαν
1312 485 1393 519 λέγω,
1407 484 1456 520 τὴν
1475 483 1588 519 φθορὰν,
1601 482 1651 518 τὴν
1666 481 1826 511 ἀσθένειαν.

191 532 219 556 et
239 530 382 561 varietate,
397 533 425 557 et
441 530 528 565 figura
543 537 678 565 superans
699 534 781 564 atque
796 529 954 564 przeccdcns
972 539 980 557 :

1041 531 1081 566 τὴν
1104 531 1173 557 κατὰ
1189 531 1239 564 τῆς
1258 531 1315 566 (51)
1341 530 1450 566 ἡλικίας
1473 529 1619 565 διαφορὰν,
1648 527 1748 563 ἑαυτὴν
1772 527 1827 554 οὐκ

192 575 230 602 ita
242 579 338 602 natura
349 582 460 610 quoque
475 575 594 603 humana
607 575 736 603 omnibus
756 575 815 603 suis
847 575 874 603 in
895 579 983 604 morte

1041 576 1154 612 'tcplqctv,
1170 576 1227 603 ἀλλ’
1236 577 1330 612 ὥσπερ
1343 577 1382 608 εἰς
1392 576 1491 610 στάχυν
1504 575 1565 602 τινὰ
1577 574 1645 610 πρὸς
1658 574 1707 609 τὴν
1718 573 1826 607 ἀφθαρ-

193 620 296 647 relictis
310 620 531 655 proprietatibus,
543 627 612 655 quas
626 627 675 655 per
689 619 863 648 aﬂ‘ectioncm
879 627 912 648 ac
927 620 982 648 dis-

1041 621 1094 648 xlav
1107 621 1277 656 μεθίσταται,
1301 621 1349 648 καὶ
1365 621 1416 656 τὴν
1433 620 1522 652 δόξαν,
1539 619 1586 646 κα)⁸
1599 619 1648 653 τὴν
1662 618 1757 654 τιμὴν,
1775 619 1827 644 καὶ

194 665 359 699 positionem
375 666 564 700 passionihus,
578 666 754 701 motibusque
771 670 798 693 et
814 666 898 693 animi
919 674 983 701 pcr-

1041 666 1082 702 r‘hv
1098 666 1223 702 δύναμιν,
1246 666 1293 693 καὶ
1316 666 1365 701 τὴν
1388 667 1417 692 ἐν
1441 665 1523 692 παντὶ
1540 664 1704 698 τελειότητα,
1724 663 1772 690 καὶ
1793 663 1828 688 τὸ

192 711 401 739 turbationibus
425 711 572 738 obnoxiam
604 711 800 746 acquisiverat,
838 711 982 745 dedecore,

194 755 316 790 inquam,
343 761 371 784 et
399 757 561 792 ignominia,
592 757 781 792 corruptione,
811 758 983 791 inﬁrmitate,

1036 712 1134 748 μηκέτι
1148 712 1198 748 τὴν
1214 713 1286 748 ζωὴν
1302 712 1388 747 αὐτῆς
1409 711 1610 746 οἰκονομεῖσθαι
1624 712 1680 742 τοῖς
1697 710 1826 744 φυσικοῖς

1037 758 1189 794 ίδιώμασιν,
1201 758 1258 786 ἀλλ’
1272 759 1312 790 εἰς
1327 758 1514 793 πνευματικήν
1533 766 1593 784 τινα
1606 757 1653 783 καὶ
1668 755 1759 790 ἀπαθῆ
1777 764 1827 790 με-

193 805 302 828 a‘tatum
316 802 481 836 differentia,
492 803 611 838 seipsam
627 811 681 830 non
704 803 828 836 dimittit,
847 803 895 831 sed
922 807 984 830 tan-

1041 804 1150 839 ιαϐἧναι
1167 804 1343 831 κατάστασιν.
1366 803 1440 838 Αὕτη
1456 803 1510 838 γάρ
1525 803 1600 829 ἐστιν
1614 803 1630 837 ἡ
1645 801 1693 828 τοῦ
1705 801 1825 836 ψυχικοῦ

193 854 276 881 quam
292 847 319 873 in
339 849 443 882 spicam
463 847 623 882 quamdam,
640 848 667 874 in
695 848 982 884 incorruptibilitau-m

194 891 404 924 immutatur,iu
417 892 544 927 gloriam,
562 893 589 920 in
612 893 755 925 honorem,
772 893 799 920 in
823 895 982 929 potentiam,

193 941 221 963 ct
236 937 263 963 in
279 937 353 964 omni
366 945 395 965 re
405 937 613 972 perfectionem,
628 944 655 966 et
671 939 697 966 in
713 947 773 966 eam
785 940 982 973 conditionem,

195 987 224 1008 ut
240 983 294 1010 vita
310 984 370 1017 ejus
384 991 439 1011 non
465 984 584 1018 amplius
604 984 778 1012 naturalibus
799 985 980 1020 proprietati-

195 1028 247 1054 bus
261 1027 481 1062 administretur,
496 1029 544 1056 scd
559 1029 586 1056 in
602 1029 773 1064 spiritualem
787 1029 943 1065 quemdam,
954 1034 982 1058 et

195 1080 208 1097 a
223 1073 432 1107 passionibusct
443 1074 528 1101 animi
539 1074 659 1102 motibus
673 1074 983 1109 perturbationibusque

1036 849 1161 884 σώματος
1180 849 1289 885 ίδῐοτης,
1312 850 1357 876 ἀεὶ
1373 849 1430 884 (δὲ)
1444 848 1488 875 διά
1507 856 1578 878 τινος
1601 847 1665 882 ῥοῆς
1685 846 1734 872 καὶ
1750 846 1826 880 κινή-

1036 903 1106 926 σεως
1122 894 1176 921 ἀπὸ
1195 894 1243 921 τοῦ
1255 895 1285 921 ὲν
1298 891 1321 928 ᾦ
1337 895 1411 921 ἐστιν
1426 893 1605 925 ἀλλοιοῦσθαι,
1625 892 1672 919 καὶ
1690 891 1821 927 μεταϐάλ-

1035 939 1091 966 λειν
1113 940 1153 970 εἰς
1169 939 1273 974 ἓτερον.
1301 939 1335 965 ’Λ
1357 938 1412 974 γὰρ
1429 937 1476 965 οὖν
1492 938 1548 973 (53)
1566 937 1617 963 οὐκ
1640 935 1683 962 ἐπ’
1700 935 1758 971 (54)
1779 934 1827 961 ἁν-

1035 984 1155 1020 ορὼποις
1176 984 1256 1020 μόνον
1276 984 1395 1020 ὁρῶμεν,
1416 984 1484 1011 ἀλλὰ
1499 984 1546 1010 καὶ
1568 983 1596 1009 ὲν
1613 982 1705 1017 φυτοῖς
1731 981 1780 1008 καὶ
1797 980 1828 1005 ὲν

1036 1030 1191 1066 βοσκήμασι
1206 1030 1273 1065 (55),
1299 1031 1402 1057 τούτων
1416 1030 1491 1057 οὐδὲν
1513 1030 1542 1055 ὲν
1562 1028 1600 1064 τῷ
1619 1027 1687 1063 τῷδε
1703 1026 1760 1062 (56)
1776 1025 1828 1061 βίῳ

1036 1076 1279 1111 ὑπολειφθήσεται.
1515 1068 1518 1071 ’

195 1121 342 1148 immunem
357 1124 459 1148 statum
477 1125 608 1149 transeat.
621 1120 684 1149 "me
706 1126 749 1150 cst
761 1122 835 1149 enim
851 1122 979 1151 animalis
1003 1124 1128 1158 corporis
1141 1124 1304 1159 proprietas,
1325 1127 1354 1150 ut
1377 1130 1485 1157 semper:
1518 1129 1566 1156 per
1600 1120 1702 1147 [luxum
1727 1125 1829 1154 quem-

193 1169 257 1194 dam
277 1173 304 1196 et
324 1173 430 1196 motum
452 1169 542 1197 alneo
561 1169 589 1197 in
605 1177 661 1205 quo
679 1175 819 1204 versatur,
849 1170 988 1198 diversum
1005 1171 1062 1205 ﬁat,
1083 1172 1154 1200 etin
1185 1172 1259 1200 aliud
1274 1172 1455 1200 .immuletur.
1489 1169 1555 1197 Nam
1583 1176 1643 1204 qua:
1670 1175 1744 1195 nunc
1774 1173 1830 1193 non

194 1216 283 1243 solum
301 1216 328 1243 in
345 1216 514 1250 hominibus,
528 1217 577 1245 sed
589 1218 670 1245 etiam
687 1218 714 1246 in
730 1219 830 1253 plantis
843 1224 870 1247 ct
886 1219 1019 1255 stirpibus
1033 1225 1116 1256 atque
1133 1221 1280 1256 pecoribus
1293 1220 1364 1248 bona
1394 1219 1530 1250 videmus,
1551 1218 1649 1245 horum
1680 1215 1750 1244 nihil
1794 1214 1825 1241 in

196 1262 242 1288 illa
261 1270 322 1298 qua:
335 1266 400 1289 tunc
415 1263 469 1290 erit
483 1263 538 1291 vita
552 1262 740 1298 relinquetur-

230 1327 344 1355 Videtur
367 1331 457 1356 autem
482 1329 549 1356 mihi
578 1337 626 1364 per
648 1329 740 1357 omnia
763 1337 854 1359 sermo
875 1339 986 1367 quoque

195 1373 362 1407 apostolicus
385 1381 449 1400 cum
470 1378 566 1402 nostra
581 1375 615 1402 de
638 1376 840 1404 resurrectione
858 1377 988 1412 opinione

195 1417 375 1449 concordare,
390 1422 472 1453 atque
488 1419 515 1446 id
529 1419 686 1452 ostendere,
706 1420 779 1455 quod
794 1421 876 1448 etiam
890 1427 986 1449 nostra

1073 1330 1153 1356 Δοκεῖ
1165 1330 1193 1356 δέ
1207 1339 1250 1365 μοι
1268 1330 1315 1356 καὶ
1329 1329 1373 1356 διὰ
1388 1329 1498 1356 πάντων
1512 1327 1706 1362 συναγορεύειν
1726 1327 1742 1352 ὁ
1757 1327 1829 1352 ἁπο-

1039 1376 1161 1407 στολικὸς
1184 1376 1262 1410 λόγος
1287 1377 1320 1410 τῇ
1348 1374 1410 1402 καθ’
1442 1374 1515 1409 ἡμᾶς
1535 1373 1667 1408 ὑπολήψει
1692 1373 1741 1407 τῆς
1764 1372 1831 1398 ἀναν

1041 1421 1171 1454 στάσεως,
1196 1421 1243 1448 καὶ
1257 1421 1336 1447 τοῦτο
1352 1420 1483 1447 δεικνύειν
1501 1420 1569 1455 ὅπερ
1585 1419 1600 1445 ὁ
1623 1419 1757 1454 ἡμέτερος
1774 1419 1831 1452 ὀρι-

194 1464 317 1492 continet
335 1464 469 1497 deﬁnitio,
493 1472 554 1500 quae
577 1465 656 1498 dicit,
676 1466 744 1493 nihil
759 1466 834 1493 aliud
856 1475 918 1495 esse
941 1476 983 1496 re-

1041 1467 1106 1502 σμδς
1120 1468 1242 1502 περιέχει
1258 1467 1355 1501 λέγων,
1376 1466 1466 1501 Μηδὲν
1482 1466 1575 1501 ἕτερον
1590 1462 1657 1491 εἶναι
1670 1464 1830 1494 ἀνάστασιν,

195 1510 406 1541 surrectionem,
422 1517 504 1545 quam
519 1510 546 1537 in
562 1510 705 1545 antiquum
728 1514 829 1539 statum
844 1516 871 1538 ct
890 1513 987 1540 condi—

195 1557 298 1583 tionem
332 1561 437 1583 natura:
470 1560 572 1584 nostra:
602 1557 815 1584 restitutionem.
851 1558 987 1591 Quoniam

195 1603 268 1630 enim
287 1602 314 1629 in
329 1602 417 1637 prima
435 1603 541 1638 origine
558 1603 663 1634 mundi,
679 1603 732 1630 hoc
747 1611 762 1630 a
781 1603 923 1639 Scriptura
944 1605 987 1632 di-

195 1649 325 1679 dicimus.
342 1648 415 1684 quod
430 1649 550 1683 primum
566 1649 700 1684 graminis
713 1649 824 1677 herbam
840 1654 911 1677 terra
926 1659 989 1686 pro-

196 1695 286 1726 duxit,
303 1699 332 1721 ut
348 1695 375 1721 in
391 1695 550 1722 narratione
565 1695 735 1727 continetur,
757 1696 857 1723 deinde
875 1703 907 1723 ex
925 1704 988 1731 ger-

198 1740 272 1767 mine
293 1747 386 1767 semen
405 1739 549 1774 provenit:
565 1740 638 1774 quod
667 1745 812 1776 postquam
840 1740 867 1768 in
888 1745 987 1768 terram

198 1784 367 1816 deduxisset,
393 1785 488 1812 eadem
517 1793 614 1812 rursus
641 1785 748 1820 species
772 1786 832 1820 ejus
857 1787 930 1821 quod
954 1785 989 1813 ab

199 1829 278 1856 initio
297 1832 470 1864 provenerat,
496 1833 575 1856 enata
602 1834 662 1856 est:
679 1829 706 1856 id
727 1830 857 1857 nimirum
880 1830 988 1858 divinus

198 1875 346 1909 Apostolus
372 1874 399 1901 in
418 1873 618 1902 resurrectione
634 1882 742 1910 quoque
760 1874 818 1902 ﬁeri
833 1874 911 1902 dicit.
929 1874 989 1902 Non

199 1921 288 1948 solum
315 1923 405 1947 autem
423 1919 476 1946 hoc
493 1919 527 1946 ab
549 1926 583 1946 eo
603 1919 745 1951 docemur,
767 1919 893 1947 videlicet
915 1920 987 1955 quod

199 1967 349 1994 humanum
365 1972 452 2000 genus
469 1965 503 1992 ad
519 1965 781 2000 magniliccntiorem
801 1970 828 1993 et
849 1966 988 2001 augustio-

199 2020 257 2040 rem
270 2016 371 2040 statum
380 2016 407 2040 et
419 2011 603 2039 conditionem
617 2011 789 2044 immutetur;
804 2019 897 2039 verum
907 2013 988 2040 etiam

199 2060 272 2094 quod
291 2059 358 2086 nihil
370 2058 445 2086 aliud
459 2057 495 2085 sit
508 2057 535 2084 id
550 2058 623 2092 quod
642 2062 778 2093 speratur,
801 2059 853 2085 nisi
875 2058 900 2086 id
916 2059 988 2094 quod

199 2109 259 2133 crat
283 2105 311 2132 in
337 2105 482 2140 principio.
507 2104 642 2138 Quoniam
670 2103 743 2131 enim
762 2105 797 2131 ab
826 2105 904 2133 initio
933 2113 986 2132 non

200 2149 276 2184 spica
289 2157 321 2176 ex
339 2149 454 2181 semine,
469 2149 516 2177 sed
530 2156 563 2177 ex
577 2149 622 2176 illa
631 2156 723 2177 semen
738 2149 880 2184 provenit:
895 2154 988 2185 postea

199 2202 265 2222 vero
279 2195 408 2230 deinceps
421 2195 520 2222 semini
537 2195 613 2229 spica
635 2195 780 2227 accrescit,
794 2195 988 2230 consequentia

201 2240 389 2268 similitudinis
416 2243 508 2276 aperte
530 2240 660 2271 ostendit,
682 2241 754 2276 quod
770 2241 815 2267 ubi
831 2241 921 2268 Olllllls
941 2248 989 2275 per

201 2287 430 2315 resurrectionem
457 2286 537 2314 nobis
559 2287 699 2315 beatitudo
722 2287 937 2322 repullulavcrit,
960 2287 987 2314 in

202 2334 341 2368 antiquam
357 2333 472 2369 gratiam
494 2339 576 2369 atque
594 2333 718 2361 decoretur
735 2333 902 2361 restituetur.
919 2333 987 2360 Cum

237 2402 259 2417 ‘°
280 2401 362 2430 lCor.
380 2410 424 2435 xv,
441 2403 487 2430 42.

238 2469 294 2504 (45)
306 2469 497 2503 Διαλυθῆναι.
514 2471 536 2495 Δ
550 2469 708 2504 διαλυθῆναι
722 2469 746 2495 ὁ.

237 2504 295 2537 (Mi)
314 2504 480 2539 Σχήματος.
497 2504 576 2539 Δγτοῦ
593 2513 637 2538 σχ.

249 2539 294 2570 47)
317 2540 366 2565 Ἐγ
382 2538 473 2571 αὐτῷ.
486 2539 507 2565 Α
521 2538 540 2564 Β
554 2540 582 2565 ἐν
599 2538 700 2573 ἑαυτῷ.

238 2540 294 2607 (48)
309 2574 484 2607 Πάμπολλα.
500 2574 521 2600 Α
537 2573 676 2607 πάμπολυ.

251 2574 294 2605 48)
309 2574 484 2608 Πάμπολλα.
500 2574 521 2600 Α
537 2573 676 2608 πάμπολυ.

237 2609 294 2641 (49)
314 2608 493 2643 ΣχήματιηΛ
508 2610 534 2635 in
550 2612 623 2635 textu
640 2608 740 2643 χάριτι.

238 2644 294 2675 (ΒΟ)
308 2643 373 2676 Περὶ
395 2642 500 2676 αὑτήν.
517 2643 535 2668 Α
549 2644 613 2677 περὶ
626 2643 735 2677 ἑαυτήν.

239 2678 294 2711 (51)
311 2678 389 2704 Κατὰ
404 2677 468 2711 τῆς.
488 2678 509 2703 Λ
527 2677 546 2703 ll
565 2678 634 2705 κατὰ
647 2678 706 2710 τάς.

239 2713 295 2745 iiii)
317 2713 385 2739 Ἄει.
403 2713 425 2739 Δ
438 2713 456 2738 Β
469 2713 500 2738 τὺ
515 2712 566 2739 ἀεί.

240 2749 295 2780 (33‘
318 2746 380 2774 Οὖι·
406 2747 496 2773 Λνῦν.

240 2783 284 2814 (Li
409 2782 426 2808 Δ
442 2783 460 2808 Β
473 2783 507 2808 ἐν
521 2782 640 2816 ιᾎὼμεν.
659 2783 679 2810 Α
695 2782 769 2810 adiit
787 2784 863 2809 λαιὰ..

1037 1512 1055 1547 ἢ
1072 1513 1121 1548 τὴν
1143 1513 1183 1544 είς
1206 1515 1237 1539 τὸ
1262 1513 1373 1547 ἀρχαῖον
1396 1512 1445 1546 τῆς
1467 1511 1574 1545 φύσεως
1591 1510 1670 1545 ἡμῶν
1691 1509 1831 1536 ἀποκατά-

1039 1567 1142 1586 στασιν.
1166 1558 1276 1593 Ἐπειδὴ
1288 1558 1342 1593 γὰρ
1357 1559 1386 1584 ὲν
1400 1558 1434 1592 τῇ
1451 1556 1546 1592 πρώτῃ
1570 1555 1733 1591 κοσμογονίᾳ
1751 1554 1832 1581 τοῦτο

1039 1604 1114 1639 παρὰ
1129 1604 1179 1638 τῆς
1203 1603 1222 1629 Γ
1226 1604 1314 1638 ραφῆς
1332 1603 1543 1638 μεμαθήκαμεν,
1561 1603 1600 1628 ὅτι
1622 1602 1730 1636 πρῶτον
1747 1601 1831 1627 ὲὸλά-

1039 1658 1136 1684 στησεν
1152 1650 1168 1684 ἡ
1184 1649 1220 1683 γῆ
1237 1648 1352 1684 βοτάνην
1367 1648 1475 1684 χόρτου,
1493 1647 1583 1679 καθὼς
1608 1648 1623 1674 ὁ
1642 1647 1719 1680 λόγος
1735 1646 1831 1680 φησιν,

1039 1692 1098 1721 εἶτα
1120 1695 1152 1720 ἐκ
1173 1694 1224 1729 τῆς
1249 1694 1366 1729 βλάστης
1397 1693 1509 1728 σπέρμα
1526 1692 1582 1726 (57)
1605 1691 1722 1725 ἐγένετο,
1745 1688 1832 1725 οὗπερ

1039 1740 1085 1766 ἐπὶ
1099 1740 1148 1775 τὴν
1170 1740 1221 1774 γῆν
1238 1738 1437 1774 καταρρυέντος
1446 1758 1454 1770 ,
1477 1738 1508 1763 τὺ
1522 1737 1588 1764 αὐτὸ
1605 1737 1686 1763 πάλιν
1700 1734 1771 1767 εἶδος
1782 1736 1832 1762 τοῦ

1039 1786 1069 1818 ἐξ
1079 1786 1167 1822 ἀρχῆς
1178 1787 1289 1820 φυέντος
1300 1785 1434 1820 ἀνέδραμε
1446 1793 1452 1800 '
1467 1784 1534 1819 φησὶ
1543 1783 1571 1810 δὲ
1581 1783 1659 1810 τοῦτο
1667 1783 1681 1809 ὁ
1692 1783 1762 1814 θεῖος
1774 1783 1832 1817 (58)

1045 1832 1205 1863 ’Λπόστολος
1226 1831 1273 1858 καὶ
1294 1831 1341 1857 ἐπὶ
1364 1830 1413 1865 τῆς
1436 1829 1610 1860 ἀναστάσεως
1626 1828 1758 1862 γίνεσθαι.
1792 1828 1831 1854 Οὐ

1041 1878 1121 1913 μόνον
1134 1877 1163 1904 δὲ
1179 1877 1235 1911 (59)
1249 1877 1328 1903 τοῦτο
1341 1877 1404 1910 παρ’
1423 1875 1504 1902 αὐτοῦ
1518 1874 1709 1909 διδασκόμεθα,
1719 1874 1751 1900 τὸ
1763 1873 1831 1908 πρὸς

1038 1924 1069 1950 τὸ
1085 1922 1374 1959 μεγαλοπρεπέστατον
1389 1921 1444 1956 (60)
1470 1919 1648 1955 μεθίστασθαι
1670 1919 1701 1946 τὸ
1724 1919 1830 1955 ἀνθρώ-

1039 1978 1127 2001 πινον,
1149 1969 1206 1995 ἀλλ’
1222 1968 1262 1994 ὅτι
1278 1967 1310 1994 τὸ
1325 1966 1500 2001 ἐλπιζόμενον
1517 1965 1592 1991 οὐδὲν
1604 1965 1697 2000 ἔτερόν
1714 1966 1798 1997 ἐστιν,
1813 1965 1830 2000 ἢ

1038 2014 1107 2049 ὅπερ
1122 2014 1151 2040 ἐν
1165 2013 1282 2047 πρώτοις
1297 2010 1340 2046 ἦν.
1363 2011 1472 2046 Ἐπειδὴ
1487 2010 1541 2045 γὰρ
1557 2010 1588 2037 τὸ
1608 2011 1668 2036 κατ’
1682 2011 1769 2046 ἀρχὰς
1782 2011 1830 2045 οὐχ

1039 2061 1078 2091 ὡς
1092 2060 1148 2094 (61)
1167 2059 1266 2093 στάχυς
1280 2058 1334 2084 ἀπὸ
1353 2057 1399 2083 τοῦ
1416 2057 1582 2092 σπέρματος,
1605 2056 1663 2083 ἀλλ’
1680 2056 1786 2083 ἐκεῖθεν
1800 2056 1830 2083 τὸ

1040 2105 1168 2140 σπέρμαο
1196 2104 1265 2139 μετὰ
1287 2102 1374 2130 ταῦτα
1395 2103 1424 2129 δὲ
1446 2099 1523 2134 οὗτος
1539 2102 1578 2137 τῷ
1591 2102 1729 2138 σπέρματι
1750 2111 1829 2138 περι-

1041 2151 1149 2185 φύεται,
1162 2151 1180 2185 ἡ
1193 2149 1240 2176 τοῦ
1255 2149 1451 2185 ύποδείγματος
1468 2148 1612 2176 ἀκολουθία
1626 2148 1719 2183 σαφῶς
1732 2149 1826 2175 ἐπιδεί-

1041 2203 1118 2221 κνυσι
1132 2194 1200 2228 (62),
1223 2193 1254 2220 τδ
1274 2195 1371 2221 πᾶσαν.
1381 2193 1430 2229 τὴν
1443 2193 1488 2220 διὰ
1510 2194 1559 2228 τῆς
1574 2194 1748 2225 ἀναστάσεως
1763 2194 1830 2220 ἀνα-

1041 2240 1242 2275 ϐλαστήσουσαν
1255 2240 1321 2275 ἡμῖν
1335 2239 1535 2275 μακαριότητα,
1550 2239 1618 2274 πρὸς
1632 2240 1681 2272 τὴν
1697 2239 1726 2272 ἐξ
1744 2240 1830 2274 ἀρχῆς

1041 2286 1180 2313 ἐπανιέναι
1203 2285 1292 2321 χάριν.
1316 2286 1421 2321 Στάχυς
1439 2285 1494 2321 γὰρ
1520 2285 1596 2318 ὄντες
1620 2285 1760 2321 καταρχὰς
1775 2286 1830 2320 (6'6)

1041 2332 1141 2367 τρόπον
1154 2332 1214 2359 τινὰ
1231 2331 1278 2359 καὶ
1299 2331 1389 2366 ἡμεῖς,
1405 2331 1498 2366 ἐπειδὴ
1514 2331 1569 2367 (Gl)
1585 2331 1624 2366 τῷ
1645 2331 1766 2359 καύσωνι
1781 2331 1829 2366 τῆς

1073 2467 1130 2502 (55)
1142 2467 1366 2501 Εὺϐοσκὴμασι.
1385 2467 1408 2494 R
1422 2467 1506 2496 delet.

1073 2503 1130 2536 (56)
1147 2502 1190 2535 Τῷ
1209 2502 1256 2529 δέ.
1271 2503 1293 2529 Δ
1309 2503 1381 2529 τότε.

1075 2538 1133 2569 (57)
1150 2537 1279 2571 Σπέρμα.
1300 2537 1321 2564 Α
1337 2537 1357 2563 Β
1370 2537 1401 2563 τὺ
1418 2539 1536 2572 σπέρμα.

1075 2573 1132 2605 (58)
1153 2573 1181 2598 '0
1203 2572 1290 2604 θεῖος.
1304 2572 1325 2598 Β
1342 2572 1389 2599 καὶ
1402 2572 1415 2598 ὁ
1429 2573 1510 2603 θεῖος.

1075 2607 1132 2640 (59)
1149 2607 1195 2633 Δέ.
1210 2607 1282 2634 delet
1295 2607 1327 2633 Α.

1077 2641 1133 2678 (tio)
1146 2641 1482 2678 Μεγαᾼοπρεπέστατρν.
1493 2641 1519 2678 Β
1530 2641 1823 2678 μεγαλοπρεπέστερον.

1078 2676 1134 2711 (61)
1151 2677 1212 2710 Οὐχ
1227 2676 1276 2709 ὡς.
1292 2677 1315 2702 Λ
1330 2676 1379 2711 οὐχ
1392 2677 1415 2702 ὁ.
1436 2676 1459 2701 Β·
1473 2676 1544 2710 οὐχί.

1078 2711 1135 2744 (62)
1158 2711 1369 2737 Ἐπιὸείχνυσι.
1386 2711 1406 2736 Λ
1425 2711 1605 2737 ὑποδείκνυσι.

1079 2746 1135 2777 (ίῖὅ)
1151 2745 1316 2778 Καταρχάς.
1332 2746 1352 2771 Α
1369 2745 1389 2771 Β
1406 2746 1435 2771 τὸ
1451 2754 1567 2780 καταρχ.

1082 2781 1136 2814 (Oi)
1160 2780 1284 2812 Ἐπειδὴ.
1306 2780 1379 2808 Dclct
1397 2780 1424 2807 ll.
