1922 3078
94 123 137 149 till

98 201 115 214 ε
127 201 398 213 πῂ..
308 200 669 213 ,ρση--υκν-ν-ζμι-ω
675 199 821 204 -μμῆ-..μ

501 121 543 148 Ill".
564 120 771 147 INFANTIBUS
794 119 852 153 QUI
867 117 1095 145 PRIEMA'I‘URE
1117 117 1363 146 Alilt‘l'llj-NTUL

1684 117 1737 145 10"!

1087 196 1282 208 :r:___~

737 278 852 321 ΤΟΥ
889 275 1076 319 ΑΥΤΟΥ

483 378 697 462 ΠΕΒΙ
759 376 933 432 ΤΩΝ
1004 374 1352 431 ΝΗΠΙΩΝ

675 485 741 511 111³0
765 483 852 509 (WA!)
863 481 1184 512 "Atl’AI’ﬂAZOMI‘INQN,

806 561 904 587 ΠΡοΣ
928 560 1051 586 ΙΕΡΙΟΝ

910 631 942 638 ..-

777 682 1047 727 EJUSDEM

661 792 750 846 DE
791 790 1224 848 INFANTIBUS

610 899 669 933 QUI
711 898 939 928 PR/ESIATURE
987 898 1243 944 AL'lill‘lllN'l‘Ull,~

810 978 860 1004 AD
892 977 1060 1006 IIIERIUM.

711 1057 852 1084 Laurentio
873 1058 966 1092 Sifuno
982 1059 1129 1091 inlurprclc.

137 1176 182 1202 Σοὶ
201 1176 265 1210 μὲν,
291 1173 316 1201 ὦ
331 1176 432 1210 ἄριστε,
456 1175 555 1206 πάντες
574 1176 697 1209 σοφισταί
712 1184 740 1202 τε
759 1176 806 1202 καὶ
822 1176 899 1210 λογοο

988 1173 1099 1201 Dicendi
1121 1173 1232 1208 quidem
1248 1173 1314 1206 vim,
1331 1180 1385 1208 qua
1403 1173 1519 1209 quisque
1533 1174 1661 1208 prmditus
1680 1175 1737 1202 tue-

103 1222 204 1256 γράφι
222 1221 276 1257 τὴν
293 1220 341 1247 τοῦ
358 1221 446 1254 λέγειν
461 1221 568 1252 πάντως
584 1221 761 1254 ἐπιδείξονται
774 1221 897 1256 δύναμιν,

103 1265 157 1293 οἷόν
170 1275 226 1293 τινι
245 1266 346 1301 σταδίῳ
360 1266 398 1300 τῷ
413 1266 507 1293 πλάτει
516 1267 570 1292 τῶν
586 1267 639 1292 σῶν
655 1267 801 1301 θαυμάτων
816 1266 902 1293 ἐνδιαί-

105 1312 225 1343 οὲοντες.
245 1312 304 1338 Καὶ
320 1311 374 1346 γάρ
394 1320 451 1342 πως
465 1310 533 1337 οἶδεν
548 1311 801 1347 μεγαλοφωνότερον
816 1312 902 1339 ποιεῖν

105 1358 149 1383 τὸν
165 1357 248 1391 λόγον
263 1357 376 1391 γενναία
391 1365 432 1388 τις
445 1356 605 1392 ἀμφιλαφὴς
619 1357 779 1392 προτεθεῖσα
791 1357 847 1388 τοῖς
859 1356 903 1383 δυ-

105 1403 237 1436 ναμένοις
256 1403 394 1433 ὑπόθεσις,
410 1402 474 1436 περὶ
488 1402 522 1436 ἢν
539 1401 652 1436 ὑψοῦται
665 1403 679 1427 ὁ
697 1402 784 1436 λόγος,
801 1401 840 1437 τῷ
855 1410 903 1437 με.

107 1447 184 1481 γέοει
210 1448 266 1474 τῶν
285 1447 455 1482 πραγμάτων
479 1447 717 1482 συνεπαιρόμενος.
757 1447 852 1481 Ἡμεῖς
874 1447 902 1474 δὲ

107 1494 179 1519 κατὰ
193 1494 258 1525 τοὺς
273 1494 402 1528 γηραιοὺς
424 1493 478 1526 τῶν
498 1493 590 1519 ἵππων
606 1492 658 1524 ἔξω
671 1492 718 1518 τοῦ
734 1492 840 1519 σταδίου
853 1493 903 1528 τῆς

108 1538 268 1570 ὑποθέσεως
286 1539 422 1573 μένοντες,
442 1539 472 1564 τὸ
495 1535 542 1569 οὖς
559 1538 637 1572 μόνον
657 1538 717 1568 ταῖς
732 1537 778 1563 ἐπὶ
797 1537 838 1563 σοὶ
850 1537 903 1563 τῶν

107 1585 198 1618 λόγων
215 1584 342 1618 ἁμίλλαις
353 1584 576 1619 διαναστήσομεν,
591 1583 616 1609 εῐ
627 1583 678 1610 πού
689 1591 732 1614 τις
746 1584 793 1610 καὶ
809 1583 903 1618 μέχρις

109 1630 191 1665 ἡμῶν
215 1629 345 1664 φθάσειεν
371 1627 454 1664 ἦχος,
478 1629 516 1664 τῷ
536 1628 643 1664 σφοδρῷ
666 1637 696 1655 τε
713 1628 759 1655 καὶ
780 1637 904 1655 συντετα-

112 1677 188 1711 μένῳ
212 1676 253 1711 τῷ
268 1676 371 1710 ἆρματι
391 1675 435 1702 διὰ
452 1675 507 1701 ⁴τῶν
524 1675 578 1701 σῶν
595 1674 741 1709 θαυμάτων
765 1673 810 1700 τὸν
827 1674 903 1707 λόγον

112 1722 246 1748 ἐλαύνων.
281 1720 389 1756 Ἐπειδὴ
408 1721 436 1747 δὲ
455 1720 597 1755 συμϐαίνει
612 1719 663 1747 κᾶν
677 1720 729 1746 ὑπὸ
742 1720 836 1755 γήρως
852 1719 904 1752 {ﬁt};

113 1768 182 1802 μένῃ
193 1767 249 1794 τῶν
260 1767 373 1800 ἀγώνων
387 1767 400 1792 ό
413 1766 503 1798 ἵππος,
517 1766 646 1798 πολλάκις
657 1765 738 1794 αὐτὸν
753 1766 791 1801 τῷ
808 1765 904 1800 κτύπῳ

111 1813 166 1839 τῶν
187 1812 439 1847 κατακροαινόντων
456 1813 496 1844 εἰς
522 1811 676 1847 προθυμίαν
692 1811 902 1846 διεγειρόμενον,

952 1221 997 1252 rit,
1020 1227 1115 1246 omnes
1135 1223 1162 1246 et
1185 1223 1310 1246 oratores
1327 1225 1353 1246 et
1379 1227 1471 1246 rerum
1497 1220 1644 1256 scriptores
1665 1221 1735 1248 haud

951 1265 1096 1292 diﬂiculter
1111 1264 1170 1296 tibi,
1188 1272 1205 1291 ο
1219 1264 1260 1291 vir
1281 1264 1394 1299 optimc,
1411 1265 1492 1292 veluti
1511 1266 1537 1291 in
1559 1265 1647 1293 stadio
1667 1273 1736 1300 quo-

952 1311 1013 1337 dam
1041 1318 1089 1346 per
1107 1310 1314 1344 amplitudinem
1339 1311 1533 1337 miraculorum
1554 1315 1662 1338 tuorum
1680 1311 1737 1338 dis-

952 1360 1096 1383 currentes
1125 1355 1219 1389 utique
1239 1355 1466 1382 demonstrabunt
1485 1356 1608 1383 :etenim
1630 1356 1738 1390 pracla-

953 1410 1014 1429 rum
1029 1405 1056 1428 ιιι
1070 1402 1211 1437 egregium
1225 1402 1423 1436 copiosumque
1438 1401 1545 1428 dicendi
1563 1402 1658 1436 peritis
1674 1410 1737 1437 pro-

955 1449 1075 1483 positum
1095 1451 1284 1482 argumentum
1300 1447 1416 1482 erigere,
1432 1451 1459 1474 et
1476 1454 1528 1473 una
1551 1455 1612 1474 cum
1629 1449 1736 1483 rnagni-

953 1495 1050 1522 tudine
1074 1501 1165 1520 rerum
1188 1493 1268 1528 quasi
1297 1494 1323 1520 in
1355 1493 1440 1520 altum
1464 1493 1577 1524 tollere.
1599 1497 1626 1521 et
1649 1495 1736 1529 magis

953 1539 1156 1574 quotlannnoilo
1171 1538 1379 1574 grandiloqnam
1393 1543 1475 1573 atque
1490 1546 1617 1566 sonoram
1630 1539 1737 1566 eﬂtcere

954 1585 1023 1612 solet
1049 1585 1211 1611 orationem.
1237 1583 1292 1611 Nos
1313 1591 1378 1611 vero
1403 1589 1532 1618 tanquam
1563 1584 1627 1619 equi
1654 1585 1736 1612 veluti

954 1634 1031 1657 extra
1055 1630 1172 1656 stadium
1193 1629 1343 1664 argumenti
1369 1633 1520 1661 manentes,
1546 1636 1639 1657 aurem
1666 1630 1737 1657 dun-

955 1678 1030 1701 taxat
1045 1674 1079 1701 iis
1093 1681 1154 1708 qua:
1173 1678 1283 1709 propter
1297 1678 1323 1701 te
1342 1673 1418 1705 ﬂant,
1433 1674 1588 1700 orationum
1605 1675 1733 1702 certami-

955 1720 1035 1746 nibus
1060 1719 1253 1754 prasliebimus,
1278 1719 1300 1747 si
1320 1719 1389 1746 forte
1415 1719 1497 1746 etiam
1521 1719 1555 1746 ad
1581 1727 1630 1747 nos
1651 1727 1737 1754 usque

954 1764 1106 1792 vehementi
1124 1764 1224 1799 impetu
1244 1769 1270 1791 et
1290 1764 1405 1791 incitato
1418 1771 1501 1791 curru
1518 1771 1566 1798 per
1592 1769 1636 1791 tua
1654 1767 1738 1791 mira-

955 1811 1016 1838 cula
1044 1811 1152 1845 agitans
1182 1810 1334 1837 orationem
1358 1810 1458 1845 aliquis
1482 1817 1567 1837 sonus
1596 1810 1738 1845 pervl-nite

112 1859 164 1894 τήν
178 1867 209 1884 τε
229 1858 350 1894 κεφαλὴν
364 1859 478 1893 ἀνέχειν,
502 1858 547 1884 καὶ
560 1858 626 1893 όρᾷν
642 1857 797 1891 ἐναγώνιον,
813 1857 900 1884 πνέειν

955 1857 1052 1892 possit.
1069 1857 1123 1884 Sed
1143 1856 1272 1891 quoniam
1294 1856 1395 1884 accidit
1419 1860 1460 1889 ut,
1476 1856 1558 1884 etiam
1584 1857 1607 1884 si
1627 1862 1738 1891 propter

114 1913 143 1931 τε
165 1904 292 1938 Θυμῶδες
311 1904 358 1931 καὶ
382 1903 518 1931 ὑποκινεῖν
542 1903 605 1935 τοὺς
630 1903 714 1935 πόδας
735 1903 844 1934 πυκνῶς
866 1902 905 1937 τῷ
929 1904 932 1906 ’

114 1951 208 1984 ἐδάφει
219 1950 269 1981 τὰς
281 1950 366 1981 ὁπλὰς
381 1949 561 1982 ὲπαύσσοντα,
606 1947 745 1984 προθυμία
758 1949 824 1984 μόνη
835 1948 903 1984 πρὸς

114 1995 178 2026 τοὺς
195 1993 303 2028 ἀγῶνας
319 1993 405 2026 ἐστὶν,
421 1995 437 2029 ἠ
452 1994 479 2020 δὲ
493 1993 540 2020 τοῦ
558 1992 664 2028 τρέχειν
679 1993 792 2029 δύναμις
807 2002 904 2028 προαν-

115 2039 207 2074 ηλὼοη
224 2038 264 2074 τῷ
283 2040 371 2074 χρόνῳ
382 2048 388 2055 ·
415 2039 461 2065 τὸν
475 2039 555 2066 αὑτὸν
567 2040 668 2076 τρόπον
685 2039 732 2066 καὶ
745 2039 759 2066 ὁ
771 2039 905 2076 ἡμέτερος

115 2085 194 2118 λόγος
208 2084 353 2119 ὲξαγώνιος
367 2084 453 2119 μένων
469 2084 511 2110 διὰ
523 2084 554 2111 τὸ
566 2084 665 2120 γῆρας,
676 2084 723 2111 καὶ
734 2085 905 2120 παραχωρῶν

115 2130 161 2156 τοῦ
177 2129 285 2156 σταδίου
300 2130 358 2161 τοῖς
369 2130 497 2165 ἀκμαίοις
509 2129 579 2156 κατὰ
590 2129 639 2165 τὴν
655 2130 805 2163 παίδευσιν,
822 2130 905 2164 μόνην

116 2183 158 2201 σοι
177 2175 299 2201 δείκνυσι
318 2174 367 2210 τὴν
393 2175 545 2210 προθυμίαν
569 2173 616 2201 τοῦ
632 2175 734 2202 ἐθέλειν
750 2176 783 2202 ἂν
797 2175 844 2202 καὶ
859 2175 905 2202 ἐπὶ

117 2220 164 2247 σοῦ
179 2219 377 2254 ἀγωνίσασθαι,
389 2220 470 2255 εἴπερ
481 2220 584 2256 ἡϐῶσιν
594 2221 619 2247 οἱ
632 2220 703 2248 κατὰ
714 2220 777 2252 τοὺς
791 2220 838 2247 νῦν
849 2221 904 2252 τοῖς

117 2265 206 2299 λόγοις
219 2265 400 2300 ἀκμάζοντες.
420 2266 489 2301 Ὄση
501 2264 530 2292 δέ
548 2274 593 2301 μοι
601 2265 650 2302 τῆς
664 2266 818 2301 προθυμίας
832 2266 904 2292 ἐστὶν

117 2310 283 2346 ἠὲπίδειξις,
294 2311 344 2338 οὐκ
355 2311 384 2337 ἐν
396 2310 435 2346 τῷ
447 2310 600 2345 διηγεῖσθαι
613 2319 641 2338 τι
655 2311 710 2337 τῶν
724 2311 788 2337 σῶν.
802 2311 904 2338 Τούτου

116 2356 170 2391 γὰρ
181 2356 261 2391 μόγις
272 2356 306 2383 ἂν
318 2357 386 2383 καὶὸ
397 2356 521 2393 σφριγῶν
530 2365 560 2384 τε
568 2355 615 2384 καὶ
626 2357 820 2392 συντεταμένος
828 2357 904 2392 τύχοι

117 2401 204 2435 λόγος,
219 2402 258 2432 ὡς
275 2401 314 2437 μὴ
328 2402 396 2428 πολὺ
413 2401 527 2428 κατόπιν
540 2401 590 2437 τῆς
606 2401 685 2434 ἀξίας
696 2402 902 2437 ἀπολειφθῆναι,

116 2448 130 2472 ὁ
144 2446 193 2481 τὴν
217 2447 358 2482 ἀμήχανον
383 2447 486 2481 ταύτην
510 2447 642 2483 ἁρμονίαν
660 2447 708 2474 τοῦ
726 2447 808 2483 ἤθους
830 2448 902 2482 διερα

118 2492 243 2527 μηνεύων
260 2492 294 2518 ἐκ
307 2492 361 2519 τῶν
377 2493 505 2520 ἐναντίοιν
516 2493 750 2528 συγκεκραμένην.
774 2492 836 2525 Πῶς
852 2501 902 2520 κα-

118 2537 205 2572 θάπερ
223 2539 284 2569 ταῖς
303 2537 358 2564 τῶν
380 2537 522 2573 βλεφάρων
538 2538 683 2573 προῦολαῖς
701 2538 732 2565 τὸ
754 2538 808 2565 Ιτῶν
827 2538 904 2565 ἀκτί-

118 2590 169 2608 νων
193 2583 314 2618 ἄκρατον
338 2584 355 2618 ἡ
380 2583 459 2617 φύσις
484 2582 698 2616 ἐπισκιάζουσα,
733 2583 904 2618 κεκραμένον

118 2627 249 2661 προσάγει
272 2626 304 2654 τὸ
325 2627 426 2661 φέγγος
454 2628 510 2658 τοῖς
532 2628 668 2662 ὄμμασιν,
702 2627 739 2659 ὼς
757 2627 791 2654 ἂν
819 2635 904 2663 προσ-

119 2672 183 2707 ηνὴς
204 2673 220 2698 ὁ
246 2672 322 2707 ἥλιος
342 2673 468 2707 γένοιτο,
482 2672 550 2708 πρὸς
569 2673 618 2708 τὴν
638 2673 671 2699 ὲκ
690 2673 744 2699 τῶν
761 2673 903 2708 βλεφάρων

119 2718 196 2744 σκιὰν
213 2718 380 2754 συμμέτρως
395 2719 429 2754 τῇ
450 2718 530 2754 χρείᾳ
548 2719 794 2754 κατακιρνάμενος,
817 2719 903 2750 οὓτως

119 2764 148 2790 τὸ
160 2764 259 2799 σεμνόν
275 2772 305 2790 τε
321 2764 368 2791 καὶ
382 2764 551 2799 μεγαλοφυὲς
566 2764 612 2791 τοῦ
629 2764 710 2798 ἤθους
728 2766 760 2800 τῇ
774 2764 903 2800 ἐμμέτρῳ

118 2809 352 2846 ταπεινοφροσύνῃ
365 2809 606 2845 καταμιγνύμενον,
619 2810 668 2836 οὐκ
679 2810 842 2844 ὑποστρέφει
853 2809 903 2841 τὰς

917 2522 938 2552 C

956 1906 1123 1930 senectutem
1143 1906 1221 1930 extra
1238 1902 1389 1929 certamina
1411 1905 1520 1929 maneat
1541 1909 1642 1937 equus,
1665 1910 1737 1937 sche

956 1952 1044 1974 tatnen
1066 1946 1175 1974 fremitu
1195 1947 1332 1982 pulsuque
1356 1953 1388 1974 ac
1412 1947 1504 1974 sonitu
1533 1947 1736 1974 lascivientium

956 1991 1201 2026 itmtltantiumque
1229 1991 1262 2018 ad
1290 1991 1460 2019 alacritatem
1485 1995 1596 2019 erectus
1614 1995 1641 2019 et
1656 1997 1738 2027 caput

956 2038 1042 2071 tollat,
1060 2041 1094 2071 ,οι
1116 2037 1199 2064 veluti
1217 2037 1245 2064 in
1265 2036 1416 2064 certamine
1432 2044 1557 2066 versans.
1577 2041 1634 2064 tum
1657 2038 1738 2064 ardo—

956 2090 1012 2110 rem
1041 2082 1069 2109 in
1098 2082 1198 2114 oculis,
1224 2085 1280 2109 tum
1306 2081 1334 2109 in
1358 2082 1456 2116 spiritu
1485 2082 1606 2116 ﬂatuque
1631 2082 1738 2110 animos

955 2131 1086 2158 ostentet,
1102 2130 1129 2154 et
1144 2126 1242 2154 crebro
1257 2130 1332 2153 motu
1344 2127 1442 2161 pedum
1459 2128 1575 2162 ungulas
1589 2127 1737 2155 identidem

955 2173 1016 2200 solo
1032 2172 1130 2204 illidat,
1147 2172 1192 2199 cui
1209 2171 1268 2200 sola
1287 2173 1418 2199 alacritas
1435 2173 1468 2200 ad
1483 2173 1632 2200 certamina
1648 2173 1736 2206 adest,

956 2219 1072 2247 facultas
1097 2222 1187 2247 autem
1205 2218 1333 2246 currendi
1360 2223 1423 2246 ante
1442 2219 1517 2254 lapso
1541 2223 1664 2254 tempore
1689 2220 1738 2246 ab—

955 2269 1062 2300 sumpta
1092 2271 1132 2293 est
1149 2274 1155 2293 :
1172 2265 1267 2293 eodem
1291 2265 1372 2292 modo
1396 2270 1490 2292 nostra
1515 2273 1626 2301 quoque
1648 2266 1737 2293 oratio

955 2315 1066 2346 propter
1078 2316 1244 2338 senectutem
1258 2314 1335 2338 cura
1348 2311 1498 2338 certamina
1510 2319 1635 2344 manens,
1648 2312 1738 2338 stadio

955 2357 1056 2385 cedens
1076 2357 1230 2384 eruditione
1249 2356 1420 2390 ﬂorentibus,
1437 2357 1522 2384 solam
1537 2357 1587 2385 tibi
1609 2358 1737 2384 alacrita-

955 2407 1008 2430 tem
1023 2407 1048 2429 et
1062 2402 1229 2429 voluntatem
1245 2402 1272 2428 in
1288 2402 1403 2436 gratiam
1421 2406 1496 2430 tuam
1510 2402 1631 2430 certandi
1645 2407 1737 2430 osten-

954 2448 1006 2480 dit,
1030 2447 1167 2482 siquidem
1186 2447 1223 2474 ita
1237 2447 1356 2480 ﬂoreret,
1373 2451 1403 2474 ut
1426 2448 1474 2483 qui
1493 2455 1566 2476 nunc
1580 2448 1735 2483 eloquentia

954 2493 1058 2528 vigent.
1088 2492 1142 2520 Sed
1166 2499 1247 2527 quam
1268 2493 1383 2521 ostendo
1408 2497 1533 2528 prompta
1557 2493 1685 2520 voluntas
1709 2498 1737 2520 et

955 2537 1039 2564 animi
1055 2537 1214 2572 propensio,
1230 2545 1283 2565 non
1302 2545 1335 2564 eo
1351 2538 1477 2572 pertinet.
1494 2541 1524 2564 ut
1537 2545 1569 2565 ex
1585 2538 1639 2565 tuis
1655 2538 1736 2566 rebus

955 2583 1058 2617 aliquid
1075 2590 1212 2618 exponere
1224 2584 1315 2610 velim.
1331 2584 1357 2610 ld
1379 2585 1452 2611 enim
1469 2585 1628 2615 vehemens,
1642 2584 1737 2618 eopio-

955 2636 1041 2664 saque
1068 2633 1096 2655 et
1122 2629 1259 2655 elaborata
1286 2629 1329 2656 vix
1354 2635 1516 2665 assequatur
1540 2629 1638 2660 oratio,
1668 2629 1736 2662 quin

954 2674 1040 2700 multa
1060 2681 1115 2700 non
1136 2679 1300 2709 assequatur
1319 2683 1380 2710 quae
1397 2682 1447 2710 pro
1472 2675 1604 2710 dignitate
1620 2673 1657 2700 rei
1681 2681 1736 2700 non

954 2723 1064 2750 tractet,
1089 2727 1149 2754 quae
1166 2720 1327 2747 immensam
1343 2725 1371 2748 et
1389 2721 1463 2748 omni
1488 2719 1638 2748 imitatione
1654 2726 1737 2754 supe-

957 2765 1057 2792 riorem
1079 2765 1149 2793 hanc
1164 2773 1272 2792 morum
1295 2769 1323 2793 et
1340 2766 1442 2801 ingenii
1465 2763 1688 2793 concordantiam
1710 2768 1738 2790 rt

957 2811 1166 2838 consonantiam
1189 2819 1221 2839 ex
1244 2812 1390 2839 contrariis
1409 2811 1490 2839 rebus
1506 2808 1692 2844 compositam
1710 2814 1738 2836 et
