1922 3078
202 98 255 127 165

829 93 859 122 S.
869 91 1034 136 ακβοωιιι
1055 92 1201 121 NYSSENl

1792 94 1841 121 161

199 156 437 189 eontemperalam
461 151 616 186 susceperit
639 133 840 184 explicandam.
862 148 924 183 Quo
943 157 990 185 pa-

1045 151 1121 185 ὗψεις
1140 151 1194 177 τῶν
1217 150 1424 186 προσορῶντων,
1453 150 1519 177 ἀλλὰ
1546 150 1578 177 δι’
1603 151 1698 186 ἡδονῆς
1729 150 1841 185 βλέπω.

201 202 258 230 ctu,
281 199 355 225 sicut
373 195 566 232 palpebrarum
587 195 806 230 prominentibus
823 195 896 230 pilis,
912 196 993 230 quasi

202 244 275 271 vallo
289 243 409 278 obiecto.
427 242 576 277 puritatem
592 245 619 267 ct
632 241 831 268 vehementiam
851 241 992 267 radiorum

203 294 303 317 natura
315 288 486 317 obumbrans
506 292 533 315 ct
547 287 688 321 frangens.
703 290 886 322 temperatum
900 293 933 313 ac
951 286 993 313 di-

205 336 294 363 lutum
319 334 495 370 splendorem
514 333 605 360 oculis
620 332 716 366 infert,
733 339 788 367 quo
809 331 935 367 placidus
951 332 994 360 sol

204 389 254 416 pro
270 389 303 409 eo
319 381 401 408 modo
422 387 501 415 quem
520 386 587 407 usus
602 377 701 413 poscit,
715 385 778 406 cum
795 377 891 405 umbra
911 385 994 412 quam

205 426 340 461 palpebra:
357 424 472 457 faciunt,
492 426 717 458 contemperatus
731 422 858 454 exsistat,
880 422 917 449 ita
933 429 994 450 mo-

204 480 265 499 rum
283 471 404 507 gravitas
427 474 509 505 atque
523 469 654 504 maiestas
670 475 732 496 eum
750 467 890 495 moderata
908 467 994 495 animi

203 517 371 546 demissione
391 515 548 548 commista,
573 522 629 542 non
647 518 752 543 avertat
766 514 864 542 oculos
888 514 994 542 intuen-

203 567 284 598 tium,
316 564 364 592 sed
385 563 539 599 iucundum
564 561 665 590 efficiat
689 561 826 593 obtutum,
851 564 881 588 ut
905 567 994 595 neque

203 610 348 646 gravitatis
364 617 397 637 ac
418 608 574 637 severitatis
596 607 730 643 splendor
747 607 925 639 obscuretur,
944 613 1010 648 ne-_

204 664 259 690 quc
274 656 363 683 latens
383 655 410 682 in
435 655 528 681 animo
544 654 585 681 vis
612 657 723 688 propter
736 653 920 681 humilitatem
944 651 994 680 de-

205 700 348 734 spiciatur,
372 699 420 727 sed
443 699 560 726 alterum
576 698 720 733 mqualiter
739 698 766 726 in
782 702 910 734 utroque,
934 701 993 725 tum

206 754 232 772 ,ιι
247 745 411 773 celsitmline
433 752 465 772 ac
487 744 656 772 sublimitate
672 744 789 774 comitas
814 749 841 773 et
866 745 993 772 humani-

204 793 258 821 tas.
276 792 333 816 tum
360 790 387 816 in
414 789 567 817 humilitate
583 790 641 817 vice
665 796 744 817 versa
760 790 881 825 gravitas
897 794 926 817 et
949 797 993 818 se-

1045 196 1259 230 παρασκευὰζει,
1275 196 1313 228 ὡς
1325 197 1393 231 μήτε
1408 196 1458 231 τῆς
1477 196 1640 231 σεμνότητος
1650 197 1701 232 τὴν
1724 205 1841 231 μαρμα-

1045 241 1130 276 ρυγὴν
1151 241 1353 277 ἀμαυροῦσθαι,
1382 243 1451 277 μήτε
1474 241 1519 268 διὰ
1539 242 1735 278 ταπεινότητος
1753 250 1837 268 κατα-

1044 287 1202 322 φρονεῖσθαι
1216 287 1247 314 τὸ
1265 287 1428 319 ἐνδιάθετον,
1443 287 1512 314 ἀλλά
1523 287 1594 315 κατά
1607 288 1638 314 τὸ
1653 288 1710 315 ἶσον
1727 289 1757 314 ἐν
1772 289 1839 314 ἐκα-

1043 332 1115 368 τέρῳ
1128 332 1290 368 θεωρεῖσθαι
1302 333 1333 359 τὸ
1345 333 1448 368 ἕτερον,
1463 333 1492 359 ἔν
1504 342 1534 359 τε
1547 333 1588 368 τῷ
1602 333 1697 369 ὑψηλῷ
1711 334 1763 369 τὴν
1779 342 1839 359 κοι-

1043 379 1153 413 νότητα,
1165 379 1212 406 καὶ
1222 380 1251 406 ἐν
1260 379 1299 414 τῷ
1313 379 1434 415 ταπεινῷ
1443 379 1475 406 τὸ
1486 379 1603 414 ἔμπαλιν
1614 379 1663 415 τὴν
1673 388 1702 406 σε
1706 380 1838 415 μνότητα.

1047 423 1142 455 ’Ἄλλος
1159 422 1247 450 ταῦτα
1263 423 1452 460 διεξερχέσθω,
1472 423 1520 450 καὶ
1533 424 1564 450 τὸ
1580 423 1771 460 πολυόμματον
1787 424 1839 459 τῆς

1043 469 1133 504 ψυχῆς
1157 469 1321 505 ἀνυμνείτω.
1347 470 1496 505 Ίσάριθμοι
1516 470 1576 502 ταῖς
1603 469 1675 505 θριξὶ
1698 470 1769 505 τάχα
1787 472 1838 506 τῆς

1044 515 1165 550 κεφαλῆς
1180 516 1205 542 οἱ
1220 515 1270 551 τῆς
1284 515 1371 551 ψυχῆς
1387 515 1532 551 ὀφθαλμοὶ,
1549 515 1717 551 πανταχόθεν
1737 516 1838 551 ἐπίσης

1043 561 1090 594 όξύ
1113 570 1143 588 τε
1158 562 1206 589 καὶ
1230 561 1349 593 ἀπλανὲς
1373 561 1537 597 δεδορκότες,
1552 560 1622 588 ὥστε
1648 561 1791 597 πόρρωθέν
1807 571 1838 589 τε

1043 607 1162 643 προϊδεῖν
1176 615 1184 622 ·
1214 606 1262 634 καὶ
1290 607 1328 643 μὴ
1349 606 1457 641 ἀγνοεῖν
1481 607 1514 633 ὲκ
1531 605 1579 633 τοῦ
1602 606 1746 641 σύνεγγυς,
1768 607 1838 642 μηδὲ

1043 652 1093 688 τήν
1106 653 1203 687 πεῖραν
1216 652 1362 688 ἀναμένειν
1376 652 1422 679 τοῦ
1439 651 1639 683 λυσιτελοῦντος
1654 652 1816 680 διδάσκαλον
1830 662 1835 667 ·

1044 699 1113 726 ἀλλά
1124 699 1154 725 τὸ
1172 699 1222 734 μὲν
1237 700 1294 731 τοῖς
1306 698 1360 726 τῶν
1372 698 1487 725 ἐλπίδων
1500 699 1649 735 ὀφθαλμοῖς
1660 700 1793 735 προορᾷν,
1807 699 1838 725 τὺ

1043 745 1072 771 δὲ
1086 744 1198 780 θεωρεῖν
1212 744 1257 771 διὰ
1271 746 1322 780 τῆς
1338 745 1459 780 μνήμης,
1476 745 1540 773 ἄλλο
1552 754 1582 772 τε
1600 745 1629 772 δὲ
1646 746 1717 772 κατά
1733 746 1764 772 τὸ
1780 745 1837 771 ἐνέ-

1045 789 1116 821 στὼς
1131 791 1159 816 ὲν
1173 790 1265 826 κύκλῳ
1276 791 1444 827 περιαθρεῖν,
1457 791 1545 818 πάντα
1555 791 1584 818 δὲ
1597 791 1669 818 κατά
1682 791 1782 818 ταύτὸν
1796 792 1837 817 ὲν-

202 835 305 862 verilas
327 834 574 863 animadvertatur.
606 835 684 862 Alius
710 836 768 863 hac
796 840 934 870 exponat,
964 840 990 864 et

1044 838 1136 872 εργεῖν
1152 837 1313 872 ἀσυγχύτως
1339 837 1440 869 πάσαις
1455 839 1515 870 ταῖς
1529 837 1669 869 τοιαύταις
1684 837 1837 873 ἐνεργείαις

202 881 324 908 animum
355 881 436 908 istum
463 880 652 915 compluribus
685 881 774 909 oculis
805 882 989 917 insignitum,

1044 882 1090 909 τὸν
1104 882 1166 909 νοῦν
1181 883 1355 918 καταλλήλως
1370 882 1576 919 ὲπιμερίζοντα.

203 927 330 954 laudibus
344 931 536 962 prosequatur.
559 927 686 954 Forsitan
706 928 779 955 enim
799 928 870 963 pilos
887 929 987 964 capitis
1007 936 1123 957 numero
1135 933 1246 964 :cquant
1262 929 1347 956 animi
1365 929 1449 961 oculi,
1466 930 1593 965 undique
1628 930 1733 965 pariter
1746 933 1772 958 et
1803 937 1836 956 cx

202 981 281 1008 :equo
303 977 410 1001 certum
429 978 456 1002 et
473 978 584 1002 acutum
605 980 772 1008 cernentes,
800 979 831 1003 ut
848 980 876 1004 et
892 984 925 1003 ex
944 977 1095 1012 longinquo
1137 976 1319 1011 prospiciam,
1348 977 1474 1011 nihilque
1494 976 1583 1012 fugiat
1612 984 1645 1004 ac
1678 976 1762 1004 lateat
1789 984 1836 1003 eos

204 1029 239 1048 cx
258 1021 424 1055 propinquo,
451 1028 501 1048 nec
519 1021 715 1056 experientiam
743 1021 871 1050 utilitatis
892 1026 918 1050 c:
956 1023 1090 1050 commodi
1117 1023 1277 1057 magistram
1308 1026 1485 1058 exspectent;
1516 1022 1565 1051 sed
1610 1022 1683 1049 aliud
1723 1022 1837 1057 quidem

201 1067 290 1094 oculis
308 1066 367 1101 spei
393 1066 564 1101 provideant,
588 1067 663 1094 aliud
679 1075 743 1095 vero
756 1075 805 1103 per
824 1068 985 1096 memoriam
1006 1073 1133 1101 cernant,
1156 1068 1230 1096 aliud
1245 1068 1312 1096 item
1338 1069 1364 1096 in
1386 1069 1530 1104 praesentia
1562 1068 1684 1104 undique
1713 1069 1836 1096 circum-

207 1121 263 1149 que
280 1114 355 1141 circa
370 1114 603 1147 animadvertant,
620 1115 714 1142 omnia
728 1123 795 1143 vero
814 1116 897 1143 simul
912 1119 940 1144 et
955 1116 1052 1144 eodem
1083 1121 1208 1151 tempore
1224 1116 1352 1144 omnibus
1390 1116 1545 1151 huiusmodi
1578 1117 1734 1144 actionibus
1773 1116 1833 1143 abs-

205 1165 259 1195 que
283 1159 447 1186 confnsionc
473 1160 669 1187 convenienter
693 1163 722 1186 et
743 1164 807 1194 apte
834 1167 911 1187 utens
932 1167 993 1188 sese
1016 1160 1186 1188 distribuens
1207 1160 1474 1195 accommodansque
1510 1160 1608 1187 efficiat
1628 1166 1656 1188 et
1694 1164 1835 1195 operetur.

237 1206 417 1234 Venerandas
449 1207 513 1234 item
545 1207 716 1243 paupertatis
742 1207 853 1236 divitias
878 1208 995 1235 admire-

202 1257 258 1284 tur,
274 1252 297 1279 si
310 1252 372 1287 quis
388 1256 484 1279 nostra
498 1256 579 1280 aetate
591 1256 634 1280 est
647 1252 694 1287 qui
708 1252 844 1287 eiusmodi
860 1260 917 1279 rem
930 1260 993 1280 cum

201 1298 283 1325 laude
296 1302 324 1325 et
341 1297 524 1325 admiratione
548 1297 689 1325 celebrare
711 1297 791 1325 sciat.
815 1297 855 1324 Ac
877 1296 993 1324 forsitan

203 1344 313 1371 etiamsi
331 1344 408 1379 prius
423 1348 557 1376 nouerat,
576 1347 605 1370 at
618 1351 692 1370 nunc
708 1348 819 1378 propter
834 1346 862 1370 te
876 1350 994 1377 pauper-

201 1392 267 1418 tatis
287 1398 398 1426 quoque
426 1390 596 1418 desiderium
620 1389 746 1421 florebit,
776 1393 878 1424 tuaque
905 1388 992 1415 tenui-

194 1441 245 1464 .tas
259 1441 342 1472 atque
360 1436 505 1471 frugalitas
524 1436 683 1470 ingentibus
698 1435 788 1462 Crtnsi
807 1435 867 1461 auri
885 1435 990 1470 pontic-

201 1482 279 1510 ribus
299 1482 403 1509 beatior
423 1481 579 1508 habebitur.
599 1481 751 1513 Quemnam
767 1481 839 1507 enim
855 1481 896 1507 vel
918 1485 992 1508 terra

201 1528 243 1555 vel
263 1535 338 1554 mare
354 1527 435 1554 ambo
450 1534 516 1554 suos
533 1530 682 1561 proventus
701 1526 816 1561 benigne
832 1525 993 1560 impartien-

201 1577 244 1599 tes
258 1573 294 1599 ita
310 1573 418 1599 beatum
433 1572 624 1603 reddiderunt,
648 1575 677 1597 ut
692 1574 766 1597 tuam
783 1570 865 1597 vitam
885 1570 992 1596 animus

201 1617 254 1644 iste
269 1616 450 1643 materialium
467 1615 627 1643 facultatum
645 1619 672 1642 et
687 1615 891 1642 mundanarum
908 1621 991 1648 opum

200 1664 393 1698 contemptor?
417 1663 452 1691 Ut
477 1663 550 1691 enim
576 1663 615 1690 illi
631 1663 678 1698 qui
699 1670 714 1690 a
742 1663 817 1690 ferro
838 1662 991 1697 rubiginem

203 1710 367 1744 abstergunt
383 1714 410 1737 et
435 1710 583 1743 abradunt,
608 1709 781 1744 splendidum
802 1708 829 1735 id
843 1712 871 1735 et
891 1708 925 1735 ad
947 1715 991 1734 ar-

202 1756 276 1791 genti
304 1756 389 1784 decus
412 1755 547 1783 accedens
568 1754 699 1787 alliciunt,
728 1754 766 1781 ita
789 1754 838 1781 tibi
864 1753 926 1780 vita:
947 1760 992 1779 ra-

200 1803 275 1835 dius,
291 1802 356 1829 dum
374 1809 482 1836 semper
500 1808 516 1828 a
534 1801 660 1836 rubigine
680 1800 859 1836 pecuniarum
876 1799 992 1834 diligen-

202 1852 244 1875 ter
262 1852 442 1883 expurgatur,
466 1847 569 1874 clarior
594 1846 693 1874 evasit.
725 1845 787 1873 llaec
800 1853 910 1881 quoque
933 1845 991 1872 elo-

202 1894 352 1929 quentibus
367 1900 400 1920 ac
417 1892 527 1920 dicendi
548 1891 678 1919 facultate
693 1891 814 1927 pra‘ditis
832 1890 990 1925 relinquan-

208 1944 270 1972 tnr;
296 1943 324 1966 et
343 1938 417 1974 quod
434 1938 547 1973 pulchre
572 1938 668 1971 calles,
690 1938 717 1964 in
735 1936 836 1972 quibus
861 1936 943 1964 rebus
956 1944 989 1963 ex

202 1984 361 2019 sumptione
388 1988 416 2011 ct
443 1984 621 2019 acceptione,
652 1990 734 2018 quam
759 1990 792 2010 ex
822 1981 990 2009 abstinentia

201 2030 272 2057 lucri
296 2030 360 2065 plus
376 2029 466 2057 laudis
491 2037 523 2057 ac
539 2029 632 2064 gloria:
645 2029 707 2064 quis
731 2027 802 2055 ferre
826 2027 925 2062 possit.
945 2026 991 2054 Li-

1080 1207 1132 1235 Τόν
1149 1216 1178 1235 τε
1196 1208 1293 1243 σεμνὸν
1304 1207 1354 1242 τῆς
1365 1208 1459 1239 πενίας
1476 1207 1591 1235 πλοῦτον
1604 1207 1769 1243 θαυμαζέτω
1784 1208 1832 1233 πά-

1044 1255 1086 1282 λιν
1100 1256 1211 1288 ἐκεῖνος,
1235 1255 1262 1281 εῐ
1274 1255 1316 1286 τίς
1332 1255 1407 1281 ἐστιν
1419 1255 1448 1281 ὲν
1468 1254 1507 1289 τῷ
1524 1254 1585 1281 καθ’
1600 1255 1673 1289 ἡμᾶς
1692 1254 1742 1289 βίῳ
1757 1253 1836 1284 εἰδὼς

1043 1299 1074 1326 τὸ
1088 1299 1209 1326 τοιοῦτον
1223 1300 1252 1327 ὲν
1267 1299 1371 1334 ἐπαίνῳ
1388 1298 1523 1325 ποιεῖσθαι
1539 1300 1586 1326 καὶ
1608 1298 1739 1333 θαύματι.
1758 1299 1835 1333 Τάχα

1042 1344 1072 1372 δὲ
1086 1345 1110 1371 εί
1128 1345 1221 1380 καὶμὴ
1236 1345 1368 1381 πρότερον
1380 1343 1424 1380 ἦν,
1442 1344 1510 1372 ἀλλά
1525 1344 1572 1371 νῦν
1581 1344 1625 1371 διὰ
1638 1345 1668 1371 σὲ
1680 1345 1727 1371 καὶ
1741 1345 1836 1376 πενίας

1043 1391 1155 1426 ἀνθήσει
1167 1391 1258 1423 πόθος,
1274 1392 1318 1418 καὶ
1334 1391 1387 1426 πρὸ
1399 1391 1454 1417 τῶν
1468 1391 1677 1418 πολυταλάντων
1694 1391 1742 1418 τοῦ
1752 1392 1773 1418 Κ
1778 1392 1830 1427 ροί⁴

1043 1444 1091 1462 σου
1105 1435 1233 1469 πλίνθων,
1251 1436 1268 1470 ἡ
1291 1436 1324 1470 σὴ
1340 1435 1484 1470 πλινθότης
1500 1435 1747 1471 μακαρισθήσεται.
1766 1436 1834 1462 Τίνα

1042 1480 1096 1515 γὰρ
1111 1480 1278 1515 μακαριστὸν
1296 1480 1384 1511 οὕτως
1397 1480 1520 1513 ἀπέδειξε
1536 1481 1571 1515 γῆ
1587 1489 1617 1506 τε
1635 1480 1684 1506 καὶ
1700 1480 1836 1511 θάλασσα,

1042 1527 1101 1558 ταῖς
1119 1526 1198 1558 ἰδίαις
1214 1526 1332 1561 ἑκατέρα
1351 1525 1490 1561 προσόδοις
1512 1525 1682 1561 δεξιουμένη,
1703 1525 1719 1560 ἢ
1734 1526 1772 1556 ὡς
1789 1525 1835 1551 τὸν

1043 1572 1088 1598 σὺν
1104 1572 1161 1606 βίον
1177 1573 1194 1607 ἡ
1211 1572 1279 1607 πρὸς
1292 1571 1341 1607 τὴν
1361 1571 1456 1607 ὑλικὴν
1468 1571 1628 1607 περιουσίαν
1641 1570 1834 1602 ἀποδιάθεαις;

1048 1618 1091 1649 Ὧς
1115 1617 1170 1653 γὰρ
1192 1618 1216 1644 οἱ
1240 1617 1287 1643 τοῦ
1311 1617 1421 1653 σιδήρου
1439 1617 1486 1644 τὸν
1511 1617 1550 1643 ιδν
1569 1616 1740 1648 ἀποξὲοντες,
1759 1615 1834 1642 στιλ-

1041 1662 1108 1690 πνὸν
1119 1662 1200 1689 αύτὸν
1213 1663 1261 1689 καὶ
1271 1662 1436 1698 ἀργυροειδῆ
1449 1662 1678 1698 κατεργάζονται,
1692 1661 1781 1693 οὕτως
1793 1662 1834 1687 σοὶ

1042 1709 1217 1745 φανερωτέρα
1233 1709 1344 1743 γέγονεν
1359 1709 1376 1744 ἡ
1392 1708 1439 1735 τοῦ
1455 1708 1513 1743 βίου
1527 1708 1616 1740 ἀκτὶς,
1632 1708 1677 1735 ἀεὶ
1687 1708 1721 1734 δι’
1736 1708 1831 1742 ἐπιμε-

1041 1754 1114 1785 λείας
1125 1753 1172 1780 τοῦ
1188 1754 1227 1780 ἰοῦ
1239 1753 1293 1780 τῶν
1307 1754 1455 1790 χρημάτων
1469 1754 1664 1789 καθαιρομένη.
1680 1754 1735 1780 Καὶ
1746 1753 1834 1780 ταῦτα

1041 1800 1181 1835 παρείσθω
1192 1801 1249 1831 τοῖς
1261 1801 1347 1827 εἰπεῖν
1363 1800 1532 1836 δυναμένοις,
1545 1800 1592 1826 καὶ
1608 1801 1649 1827 δτι
1666 1799 1757 1831 καλῶς
1768 1799 1829 1825 ἐπί-

1041 1852 1138 1870 στασαι
1154 1844 1184 1871 ἐν
1201 1844 1272 1871 τίσιν
1283 1845 1341 1871 ἐστὶ
1359 1844 1390 1871 τὸ
1402 1844 1493 1871 λαϐεῖν
1512 1845 1560 1871 τοῦ
1577 1844 1746 1881 καθαρεῦσαι
1763 1844 1831 1879 λήμ-

1043 1898 1128 1924 ματος
1138 1889 1315 1925 ἐνδοξότερον.
1339 1889 1389 1921 Δὸς
1404 1890 1458 1925 γάρ
1474 1898 1518 1925 μοι
1534 1890 1604 1925 μετά
1623 1890 1781 1925 παρρησίας
1794 1891 1832 1916 εί.

1041 1936 1113 1966 πεῖν,
1126 1935 1167 1961 ὅτι
1182 1935 1213 1961 οὺ
1234 1935 1343 1962 πάντων
1357 1935 1494 1971 ὑπερορᾷς
1516 1936 1570 1962 τῶν
1587 1935 1749 1971 λημμάτων,
1773 1936 1832 1962 ἀλλ’

1040 1977 1078 2006 ὦν
1091 1979 1167 2006 οὔπω
1180 1988 1222 2011 τις
1244 1979 1364 2014 ἅψασθαι
1387 1980 1442 2007 τῶν
1466 1980 1656 2016 προλαϐόντων
1679 1981 1830 2016 δεδύνηται,

1042 2025 1122 2060 μόνος
1134 2025 1304 2060 περιεδράξω
1321 2025 1401 2061 διπλῇ
1415 2027 1448 2061 τῇ
1463 2026 1545 2061 χειρί.
1564 2026 1637 2052 ’Δντὶ
1651 2026 1706 2062 γὰρ
1717 2027 1831 2061 ἐσθῆτός

201 2080 264 2105 ceat
285 2076 359 2104 enim
376 2075 444 2103 mihi
461 2083 524 2102 cum
545 2075 616 2103 bona
636 2075 714 2102 venia
730 2078 778 2101 tua
798 2073 902 2107 dicere,
915 2072 989 2107 quod

1041 2080 1113 2102 τινος
1125 2071 1142 2106 ἢ
1162 2071 1335 2106 ἀνδραπόδων
1348 2071 1366 2106 ἢ
1379 2072 1537 2107 χρημάτων,
1552 2072 1638 2103 αὐτὰς
1651 2072 1706 2099 τῶν
1724 2072 1830 2107 ἀνθρὼ-

201 2130 257 2150 uon
271 2122 364 2149 omnia
378 2122 456 2149 lucra
469 2121 589 2156 despicis
600 2125 682 2155 atque
693 2119 858 2153 contemnis,
867 2119 914 2146 sed
928 2126 989 2154 quae

202 2175 282 2195 nemo
308 2167 483 2203 superiorum
500 2166 591 2193 adhuc
613 2166 747 2201 attingere
768 2169 796 2192 et
817 2165 926 2200 assequi
942 2172 989 2199 po-

200 2213 263 2246 tuit,
279 2220 311 2240 ea
327 2213 462 2240 ambabus
474 2212 602 2240 manibus
618 2212 694 2239 solus
708 2211 867 2246 complexus
880 2218 920 2238 es.
936 2211 989 2238 Pro

201 2264 277 2287 veste
301 2259 376 2286 enim
401 2259 493 2294 aliqua
520 2258 654 2293 pretiosa,
682 2264 731 2292 pro
755 2256 911 2292 mancipiis,
938 2264 988 2291 pro

201 2304 327 2339 pecuniis
350 2304 426 2338 ipsas
446 2303 587 2330 hominum
608 2302 714 2330 animas
735 2307 840 2337 captas,
865 2307 892 2330 et
909 2302 936 2329 in
949 2303 989 2330 di-

201 2348 327 2376 lectionis
342 2347 472 2375 thesauro
492 2346 631 2382 depositas
647 2350 732 2373 tenes.
759 2345 822 2373 Haec
838 2346 987 2381 scriptores

198 2398 227 2422 et
256 2397 393 2426 oratores,
420 2392 521 2428 quibus
548 2391 705 2426 huiusmodi
732 2399 777 2419 res
800 2391 913 2426 pulchre
938 2392 986 2418 ile-

198 2438 321 2466 scribere
342 2441 506 2465 ornamento
527 2440 580 2469 est,
603 2441 757 2471 exponant;
778 2441 873 2464 nostra
895 2439 986 2463 autem

198 2483 294 2512 senilis
315 2483 405 2511 oratio
424 2486 529 2510 tantum
556 2490 620 2511 sese
645 2487 753 2510 moveat
777 2486 804 2510 et
824 2482 939 2513 excitet,
956 2485 987 2508 ut

199 2529 365 2564 pedetentim
384 2532 568 2564 persequatur
581 2536 596 2556 a
613 2532 661 2556 tua
678 2528 812 2563 sapientia
828 2527 908 2555 nobis
923 2534 987 2562 pro-

200 2574 316 2609 positam
334 2575 526 2609 qua3stionem,
544 2581 642 2608 nempe
655 2573 720 2608 quid
735 2578 855 2601 statuere
871 2576 898 2600 et
910 2572 987 2608 iudi-

197 2627 262 2647 care
277 2623 402 2655 oporteat
417 2619 451 2647 de
466 2619 500 2648 iis
516 2620 562 2655 qui
578 2623 740 2655 praemature
754 2619 939 2654 abripiuntur,
956 2619 984 2646 in

198 2665 299 2700 quibus
322 2664 452 2693 nativitas
469 2665 556 2699 ‘_morti
581 2664 778 2700 propemodum
796 2664 983 2699 coniungitur.

199 2710 273 2743 Quas
290 2717 334 2738 res
358 2710 440 2738 etiam
465 2711 576 2746 sapiens
593 2711 637 2739 ille
663 2711 734 2738 inter
748 2714 876 2739 externos
895 2710 982 2742 Plato,

198 2764 262 2782 eum
284 2756 371 2783 nmlta
385 2763 418 2783 ex
437 2764 553 2791 persona
568 2757 637 2792 eius,
654 2757 700 2792 qui
727 2756 881 2788 revixisset,
898 2756 982 2790 deiu-

196 2802 277 2829 dieiis
292 2809 351 2837 qua:
365 2793 422 2830 illic
436 2803 507 2837 apud
529 2803 634 2831 inferos
653 2807 842 2835 exerceantur,
863 2801 980 2837 pliiloso~

1040 2125 1100 2143 πων
1110 2117 1160 2148 τὰς
1169 2116 1259 2152 ψυχὰς
1272 2116 1362 2144 λαϐὼν
1373 2116 1455 2152 ἔχεις,
1468 2117 1507 2152 τῷ
1519 2117 1649 2153 θησαυρῷ
1657 2119 1706 2151 τῆς
1718 2118 1830 2152 ἀγάπης

1039 2162 1247 2198 ὲναποθέμενος.
1266 2162 1359 2190 Ταῦτα
1369 2162 1533 2199 λογογράφοι
1548 2164 1596 2190 καὶ
1606 2164 1733 2197 σοφισταὶ
1749 2163 1830 2196 διεξί-

1039 2216 1140 2240 τωααν,
1156 2205 1197 2239 οἷς
1214 2208 1316 2242 κόσμος
1331 2207 1421 2239 καλῶς
1441 2208 1476 2234 τά
1491 2207 1602 2234 τοιαῦτα
1617 2207 1749 2243 γράφειν’
1771 2209 1786 2234 ό
1801 2208 1829 2234 δὲ

1039 2253 1150 2288 γήρειος
1172 2253 1251 2288 ἡμῶν
1273 2253 1367 2287 λόγος,
1392 2253 1518 2280 τοσοῦτον
1539 2252 1634 2280 ἑαυτὸν
1655 2253 1827 2285 ὑποκινείτω,

1038 2298 1100 2325 ὅσον
1117 2299 1199 2334 βάδην
1212 2298 1366 2331 ἐπεξελθεῖν
1381 2299 1420 2334 τῷ
1432 2299 1588 2334 προτεθέντι
1604 2299 1671 2334 ἡμῖν
1689 2298 1765 2334 παρά
1778 2300 1828 2334 τῆς

1039 2344 1088 2380 σῆς
1112 2344 1208 2378 σοφίας
1224 2344 1408 2379 προϐλήματι,
1425 2345 1452 2371 τί
1471 2345 1524 2380 χρὴ
1536 2344 1681 2378 γινώσκειν
1695 2345 1761 2380 περὶ
1772 2345 1828 2371 τῶν

1038 2390 1092 2425 πρὸ
1104 2389 1177 2425 ὥρας
1194 2389 1437 2425 ἀναρπαζομένων,
1455 2390 1498 2424 αφ’
1513 2387 1551 2417 ὥν
1569 2390 1668 2425 μικροῦ
1681 2390 1736 2417 δεῖν
1750 2391 1768 2425 ἡ
1782 2390 1827 2425 γέ-

1038 2444 1110 2467 νεσις
1131 2435 1171 2471 τῷ
1185 2436 1293 2470 θανάτῳ
1315 2436 1497 2464 συνάπτεται·
1521 2437 1568 2463 καὶ
1589 2437 1603 2463 ὁ
1627 2436 1708 2470 σοφὸς
1724 2436 1755 2462 ὲν
1771 2437 1827 2467 τοῖς

1037 2481 1089 2514 ἔξω
1114 2482 1227 2509 Πλάτων
1251 2482 1352 2514 πολλὰς
1373 2483 1405 2509 ὲκ
1436 2482 1583 2518 προσώπου
1612 2482 1825 2514 ἀναδεδιωκότος

1036 2528 1101 2564 περὶ
1112 2528 1167 2555 τῶν
1179 2528 1284 2555 ἐκεῖθεν
1304 2528 1486 2564 δικαστηρίων
1501 2528 1695 2564 φιλοσοφήσας,
1719 2528 1826 2564 ἀφῆκεν

1035 2574 1189 2609 ἀπόρρητα,
1204 2573 1242 2606 ὡς
1264 2574 1408 2608 κρείττονα
1429 2574 1494 2600 δντα
1516 2573 1626 2609 δηλαδὴ,
1649 2573 1666 2608 ἢ
1683 2573 1754 2600 ὥστε
1773 2574 1825 2600 ὑπὸ

1036 2617 1164 2653 λογισμὸν
1178 2618 1348 2654 ἀνθρώπινον
1368 2618 1465 2646 ἐλθεῖν.
1492 2618 1523 2645 Ei
1541 2618 1592 2655 μὲν
1605 2615 1652 2645 οὖν
1665 2626 1690 2644 τι
1706 2617 1825 2645 τοιοῦτον

1035 2663 1065 2690 ὲν
1077 2665 1133 2695 tot;
1142 2663 1336 2699 ὲξητασμένοις
1349 2664 1479 2696 ἐστὶν,ὼς
1493 2661 1568 2691 λύειν
1583 2663 1632 2695 τάς
1643 2662 1690 2690 τοῦ
1705 2663 1824 2699 προελή-

1037 2718 1120 2744 ματος
1135 2709 1309 2745 ἀμφιϐολίας,
1323 2710 1386 2746 δέξῃ
1402 2711 1503 2745 δηλαδὴ
1515 2710 1562 2737 τὸν
1574 2710 1720 2746 εὑρεθέντα
1730 2710 1807 2743 λόγον
1815 2718 1821 2725 ·

1037 2757 1061 2781 εί
1070 2756 1097 2782 δὲ
1109 2756 1157 2791 μὴ,
1165 2756 1310 2792 συγγνώσῃ
1320 2757 1428 2788 πάντως
1437 2756 1475 2791 τῷ
1483 2757 1517 2791 γή
1522 2756 1658 2791 ρᾳ,’μόνην
1667 2755 1717 2790 τὴν
1725 2755 1823 2790 προθυ-

1036 2802 1100 2837 μίαν
1113 2802 1190 2838 ήμῶν
1203 2804 1242 2834 είς
1256 2803 1286 2829 τὸ
1301 2804 1451 2838 παραπχεῖν
1462 2804 1488 2829 τί
1501 2811 1540 2829 σοι
1551 2803 1604 2829 τῶν
1620 2800 1823 2836 κεχαρισμένων
