1922 3078
104 121 155 150 165

102 225 152 261 τὴν
159 227 201 260 ὑφ’
212 226 282 261 ἡλίῳ
295 227 397 262 μικροῦ
407 227 463 253 δεῖν
474 228 504 253 ἒν
515 225 692 261 στρατόπεδον
703 225 893 260 ποιησάμενον,

104 272 151 298 καὶ
175 272 264 298 πᾶσαν
279 272 369 307 ἑαυτῷ
390 272 568 307 συγκινοῦντα
587 272 637 307 τὴν
659 271 829 306 οἰκουμένην,
850 271 894 297 ὅτε

104 317 173 342 κατὰ
183 316 236 342 τῶν
250 317 388 352 Ἐλλήνων
402 318 575 352 ἐστράτευσε,
589 316 647 351 μεθ’
660 316 757 351 ἡδονῆς
770 315 894 348 δέξασθαί

104 369 186 396 φησιν
196 363 211 388 6
218 361 298 395 λόγος
309 362 426 397 πένητός
436 371 508 394 τινος
516 361 612 397 δῶρον.
626 361 719 396 ’Ύδωρ
731 361 758 387 δὲ
768 360 799 386 τδ
810 360 894 392 ξένιον

102 405 147 442 ἦν.
163 408 210 434 καὶ
224 408 304 434 τοῦτο
321 408 373 434 οὑκ
387 409 417 434 ἐν
431 407 545 442 κεράμῳ
564 407 723 442 φερόμενον,
742 406 800 433 ἀλλ’
814 406 843 432 ὲν
854 405 894 440 τῷ

102 452 186 488 κοίλῳ
200 454 250 488 τῆς
265 453 320 479 τῶν
330 453 430 489 χειρῶν
440 452 569 486 παλάμης
579 451 784 487 περιεχόμενον.
800 450 894 483 Οὕτως

101 496 150 525 οὖν
173 499 222 525 καὶ
247 499 280 525 σὺ
303 499 373 525 κατὰ
401 499 451 534 τὴν
475 498 629 534 προσοῦσάν
648 506 689 524 σοι
710 497 893 533 μεγαλοφυῖαν

103 545 212 578 μιμήσῃ
228 543 338 574 πάντως
351 544 464 575 ἐκεῖνον,
477 539 500 576 ᾧ
510 542 597 577 δῶρον
611 542 720 576 ἐγένετο
733 542 751 578 ὴ
765 541 894 577 προαίρε-

103 597 156 620 σις,
172 588 252 623 εἰπερ
265 588 345 623 ἡμῶν
360 588 446 623 βραχύ
460 596 490 614 τε
509 588 557 614 καὶ
569 587 702 618 ὑδατῶδες
718 587 844 623 εὑρεθείη
861 587 893 613 τὸ

101 634 198 669 δῶρον.
217 634 324 669 Ὠσπερ
340 634 386 660 ἐπὶ
405 633 457 660 τῶν
470 633 605 669 οὐρανίων
622 632 767 668 θαυμάτων
777 633 828 668 ὁρᾷ
842 632 893 667 μὲν

102 680 201 713 ἐπίσης
210 678 246 704 τὰ
261 679 408 713 φαινόμενα
424 677 519 712 κάλλη,
535 677 587 704 κᾶν
602 678 825 713 πεπαιδευμένος,
839 677 891 705 κᾶν

106 723 215 759 ἰδιώτης
231 724 300 758 τύχῃ
315 732 357 753 τις
369 722 406 749 ὣν
423 723 438 748 6
453 723 521 758 πρὸς
537 723 582 750 τὸν
594 723 708 758 οὐρανὸν
720 722 889 750 ἀναϐλέπων·

100 771 246 796 διανοεῖται
266 769 294 796 δὲ
316 770 350 796 τὰ
371 769 435 804 περὶ
458 769 547 795 αὐτῶν
568 769 616 803 οὺχ
641 768 758 804 ὁμοίως,
774 768 815 794 ὃτι
837 768 892 795 ἀπὸ

100 815 261 850 φιλοσοφίας
281 815 440 850 ὁρμώμενος
450 834 458 846 ,
473 815 521 841 καὶ
541 815 555 840 6
569 815 663 849 μόναις
673 815 734 846 ταῖς
749 814 890 849 αἰσθήσεσι

926 197 990 218 λ.
1035 198 1040 200 ν
1069 191 1228 214 ».π

447 121 493 150 οε
521 120 733 150 mnarmus
761 121 821 155 QUI
843 104 1119 162 suam

102 179 310 214 ἀποδεξάμενος.
325 181 382 207 Καὶ
398 181 452 216 γὰρ
463 180 509 207 τὸν
519 181 620 216 Ξέρξην
632 181 734 206 ἐκεῖνον
747 179 793 206 τδν
805 180 896 206 πᾶσαν
911 189 931 218 Α

944 211 1006 260 ἆσέ
1029 226 1148 261 majores
1171 226 1298 254 videlicet
1318 211 1426 261 essent:
1438 236 1521 265 quant
1538 211 1599 266 qius
1614 211 1733 261 ουδ’ῒέ

945 269 1149 299 tiocinationem
1181 275 1209 299 et
1235 271 1421 306 conjecturam
1454 274 1601 303 humanam
1633 268 1733 305 cadere

943 320 1067 351 possent.
1090 316 1120 344 Si
1146 317 1232 352 igitur
1251 317 1355 352 aliquid
1372 319 1482 353 quidem
1500 319 1621 350 taledtst
1650 323 1676 350 in
1698 324 1732 352 iis

925 371 927 374 ⁴
943 369 1005 396 quae
1021 362 1215 397 perpendimus
1232 365 1315 398 atque
1330 363 1444 391 scrutati
1459 372 1565 400 sumus,
1581 369 1657 402 quod
1673 370 1731 396 sol-

943 410 988 434 vat
1003 408 1150 442 propositae
1173 408 1341 444 quaestionis
1359 401 1563 448 amhigdiiajes,
1584 401 1730 448 amplecte-

943 414 988 434 vat
1003 414 1150 442 proposita:
1173 414 1336 444 quaestionis
1359 414 1563 483 amtugltgjes,
1584 414 1729 448 amplecte-

943 452 982 480 ris
1007 458 1034 480 et
1059 453 1243 488 approbabis,
1260 454 1390 482 nimirum
1418 455 1464 483 inv
1501 458 1556 484 tam
1576 458 1729 486 rationem:

942 498 986 526 sin
1008 498 1111 530 minus,
1142 499 1275 527 senectuti
1295 507 1410 535 prorsus
1427 501 1565 537 ignosces,
1590 503 1730 538 solamque

942 544 1026 572 animi
1041 544 1129 573 nostri
1142 546 1367 580 propensionem,
1383 549 1442 581 qua’
1449 541 1500 574 tibi
1516 551 1623 582 gratum
1641 548 1731 576 facere

941 589 1078 624 cupimus,
1105 590 1281 625 approbahis.
1307 591 1415 618 Etenim
1433 590 1552 620 Xerxem
1574 593 1663 626 illum,
1681 595 1728 629 qui

942 634 1098 662 universam
1123 635 1319 670 propemodum
1335 643 1396 670 qum
1411 636 1465 665 sub
1484 637 1542 664 sole
1559 642 1602 665 est
1625 641 1728 665 terram

943 687 997 707 una
1021 683 1113 707 castra
1133 680 1207 713 fecit,
1230 684 1258 708 et
1282 688 1391 708 omnem
1416 685 1553 709 terrarum
1571 683 1665 710 orbem
1685 692 1728 711 sc-

940 732 1004 752 cum
1030 725 1125 758 movit,
1154 733 1216 753 cum
1238 726 1371 754 adversus
1392 725 1503 755 (imos
1525 728 1728 762 expeditionem

942 768 1016 801 iecit,
1033 773 1108 797 tenet
1131 769 1206 797 fama
1226 771 1355 805 pauperis
1373 770 1518 806 cujusdam
1542 779 1643 799 munus
1666 779 1728 799 eum

941 815 1079 850 voluptate
1102 815 1253 849 accepisse.
1280 815 1308 842 id
1327 821 1417 853 autem
1432 816 1534 844 donum
1561 824 1632 852 aqua
1657 822 1728 849 erat,

99 861 131 887 τὸ
154 861 317 896 φαινόμενον
342 860 506 895 ἐπιτρέπων.
534 857 618 891 Οὗτος
645 859 693 894 μὲν
711 859 765 894 γὰρ
791 860 807 894 ἢ
831 860 892 891 ταῖς

944 866 1028 894 eaque
1044 866 1099 886 non
1123 859 1151 886 in
1179 859 1255 886 ﬁctili
1270 867 1335 888 vase
1359 860 1508 893 ferebatur,
1532 862 1580 889 sed
1607 863 1634 889 in
1661 870 1728 889 cava

101 907 210 932 ἀκτῖσιν
226 906 321 941 ἣδεται
342 906 388 932 τοῦ
411 906 498 940 ἡλίου,
518 906 535 942 ἢ
553 906 584 932 τὸ
599 905 697 936 κάλλος
718 905 771 931 τῶν
784 905 891 940 ἄστρων

944 911 1074 931 manuum
1091 904 1182 939 palma
1198 905 1418 934 continebatur":
1429 906 1470 934 sic
1487 913 1552 942 ergo
1568 911 1597 934 tu
1619 915 1730 942 quoque

100 952 242 986 θαύματος
254 951 330 984 ἄξιον
342 952 438 987 κρίνει,
455 951 529 987 ἢτδν
544 951 659 986 ἀριθμὸν
675 950 722 977 τοὺ
737 949 889 985 σεληνιαίου

944 957 993 984 pro
1007 957 1050 982 ea,
1068 957 1122 985 qua
1136 950 1267 985 praeditus
1282 957 1312 978 es
1332 950 1418 987 animi
1438 952 1639 987 magnitudine,
1652 960 1729 987 pror-

99 997 201 1032 δρόμου
215 997 261 1023 ὲπὶ
273 995 321 1023 τοῦ
339 996 424 1032 μηνὸς
439 997 639 1032 παρετήρησεν.

944 1002 989 1022 sus
1000 994 1075 1022 illum
1092 995 1254 1027 imitaberis,
1271 995 1316 1023 cui
1332 1003 1381 1030 pro
1396 1002 1511 1024 munere
1523 997 1650 1025 voluntas
1664 998 1727 1030 fuit,

102 1045 124 1071 si
150 1049 278 1072 nostrum
296 1046 398 1072 donum
421 1048 448 1071 et
471 1044 599 1080 exiguum
619 1047 646 1070 et
665 1050 785 1078 aqueum
808 1042 892 1070 fuerit
921 1042 1074 1069 inventum.
1091 1041 1326 1074 Quemadmodum
1349 1042 1377 1069 in
1396 1043 1556 1071 cmiestibus
1588 1044 1728 1072 miraculis

102 1095 268 1124 apparentes
286 1090 507 1125 pulchritudines
525 1097 558 1117 ex
573 1095 652 1124 a‘quo
670 1089 780 1124 quidem
806 1088 891 1121 videt,
928 1088 986 1116 sive
1001 1088 1138 1119 eruditus,
1155 1088 1213 1116 sive
1227 1089 1305 1116 rudis
1324 1092 1352 1116 ct
1366 1089 1567 1122 idiota-luerit,
1590 1090 1614 1117 is
1628 1091 1674 1125 qui
1701 1091 1727 1118 in

103 1137 206 1164 cadum
231 1138 349 1172 suspicit
364 1146 371 1164 :
388 1136 436 1164 sed
457 1137 534 1163 aliter
547 1136 581 1164 de
596 1136 651 1164 illis
673 1136 810 1170 cogitatis,
825 1135 872 1170 qui
893 1143 908 1162 a
924 1134 1096 1170 philosophia
1112 1134 1146 1160 ad
1170 1138 1250 1162 conte

104 1187 146 1210 ter
160 1184 226 1210 item
250 1183 275 1210 is
286 1183 331 1217 qui
355 1183 421 1210 solis
439 1183 568 1210 sensibus
581 1182 607 1209 id
620 1181 693 1217 quod
709 1185 822 1216 apparet
836 1181 978 1216 permittit.
1006 1181 1056 1207 llic
1100 1180 1174 1208 enim
1200 1188 1233 1208 ve

1299 1135 1535 1163 iationemearum
1562 1136 1646 1168 venit,
1676 1136 1727 1163 ali-

1329 1180 1383 1208 diis
1405 1180 1472 1208 solis
1495 1180 1657 1214 delectatur,
1687 1182 1729 1209 vel

106 1228 345 1263 pulchritmiiuem
362 1228 482 1255 siderum
508 1227 640 1263 miraculo
654 1227 763 1262 dignam
781 1226 896 1261 judicat,
909 1226 951 1253 vel
970 1233 1112 1253 numerum
1131 1225 1237 1253 lunaris
1250 1231 1350 1252 cursus
1366 1225 1395 1252 in
1411 1233 1505 1253 mense
1518 1225 1657 1254 Obsonat.

143 1276 172 1303 ’0
188 1276 217 1302 δὲ
233 1276 386 1310 διορατικὸς
406 1275 456 1310 τὴν
478 1275 577 1310 ψυχὴν,
601 1275 648 1302 καὶ
668 1274 711 1300 διὰ
726 1274 892 1306 παιδεύσεως

101 1320 168 1356 πρὸς
183 1320 233 1354 τὴν
255 1320 418 1355 κατανόησιν
442 1320 496 1346 τῶν
518 1319 651 1354 οὐρανίων
677 1319 890 1354 κεκαθαρμένος,

102 1364 260 1392 καταλιπὼν
273 1365 359 1391 ταῦτα
370 1364 403 1391 δι’
412 1362 449 1391 ὧν
460 1365 635 1399 εὐφραίνεται
650 1364 704 1390 τῶν
716 1364 892 1399 ἀλογωτὲρων

101 1411 117 1444 ή
131 1410 268 1445 αἴσθησις,
293 1410 362 1444 πρὸς
385 1411 434 1444 τὴν
455 1411 501 1436 τοῦ
523 1410 621 1441 παντὸς
635 1409 768 1444 ἁρμονίαν
789 1409 891 1444 βλέπει,

102 1456 148 1482 καὶ
163 1457 196 1481 ὲκ
209 1456 258 1491 τῆς
274 1456 418 1489 ἐγκυκλίου
436 1456 568 1490 κινήσεως
581 1455 630 1490 τὴν
645 1455 676 1482 ὲκ
689 1455 744 1481 τῶν
763 1454 892 1481 ἐναντίων

102 1501 288 1536 εὐαρμοστίαν
299 1502 452 1532 ἐπισκοπεῖ,
466 1501 524 1532 πῶς
540 1501 574 1536 τῇ
587 1500 702 1527 ἀπλανεῖ
716 1500 850 1535 περιφορᾷ
865 1500 890 1526 οἰ

101 1546 175 1577 ἐντὸς
191 1547 287 1573 κύκλοι
304 1547 372 1582 πρὸς
385 1547 415 1573 τὸ
434 1546 551 1582 ἔμπαλιν
571 1546 755 1573 ἁνελίσσονται
766 1554 772 1560 ·
789 1545 846 1576 πῶς
857 1545 891 1571 τὰ

102 1593 130 1618 ἐν
145 1592 237 1623 αὑτοῖς
255 1592 426 1627 θεωρούμενα
436 1592 489 1618 τῶν
503 1592 611 1627 ἄστρων
627 1593 774 1624 πολυειδῶς
789 1601 892 1627 σχημα-

101 1637 207 1669 τίςεται
219 1638 248 1664 ὲν
260 1639 471 1673 προσεγγισμοῖς
487 1646 517 1664 τε
532 1637 579 1664 ναὶ
588 1639 764 1671 ἀποστάσεσι,
774 1639 821 1665 καὶ
830 1639 892 1665 om.

102 1682 217 1718 δρομαῖς
229 1691 259 1708 τε
274 1683 320 1709 καί
331 1683 477 1717 ἐκλείψεσι,
489 1683 536 1709 καὶ
546 1683 605 1714 ταῖς
618 1683 663 1709 ἐπὶ
675 1684 708 1710 τὰ
724 1683 826 1717 πλάγια
839 1692 892 1710 11a—

104 1727 274 1763 ριδρομαῖς,
299 1728 348 1763 τὴν
371 1727 541 1754 ἀδιάλειπτον
565 1728 673 1764 ἐκείνην
697 1729 828 1764 ἁρμονίαν
848 1729 892 1754 ἀεὶ

104 1774 173 1800 κατὰ
187 1774 222 1800 τὰ
243 1773 313 1800 αὐτὰ
332 1774 379 1800 καὶ
396 1773 525 1805 ὡσαύτως
548 1774 759 1809 ὲξεργαζόμενα,
776 1772 816 1806 οἷς
832 1774 892 1800 οὐδὲ

104 1819 151 1846 τοῦ
165 1820 335 1855 βραχυτάτου
349 1819 402 1846 τῶν
413 1820 520 1854 ἄστρων
534 1820 551 1854 ἡ
562 1819 636 1851 θέσις
651 1819 804 1855 ἀθεώρητος
815 1828 892 1855 περι-

104 1866 213 1901 ορᾶται,
229 1865 297 1891 ἀλλὰ
313 1865 402 1891 πάντα
417 1866 466 1900 τὴν
487 1865 548 1900 ῐσην
562 1865 675 1901 παρέχει
698 1865 823 1900 φροντίδα
836 1866 891 1896 τοῖς

105 1912 151 1938 διὰ
164 1911 215 1946 τῆς
229 1911 324 1946 σοφίας
341 1912 386 1938 ἐπὶ
400 1911 433 1938 τὰ
444 1911 500 1938 ἄνω
513 1911 560 1938 τὸν
575 1912 636 1938 νοῦν
649 1912 827 1946 μετοικίσασι.
840 1911 892 1937 Τὸν

104 1956 187 1984 αὑτὸν
205 1957 306 1991 τρόπον
322 1957 368 1982 καί
387 1957 429 1989 σὺ,
449 1954 472 1983 ὦ
494 1956 573 1991 τιμία
598 1965 643 1991 μοι
660 1956 774 1991 κεφαλὴ,
796 1957 844 1991 τὴν
863 1955 892 1982 έν

103 2003 161 2033 τοῖς
175 1999 236 2028 οὖσι
250 2001 296 2028 τοῦ
313 2001 381 2028 Θεοῦ
401 2001 555 2036 οἰκονομίαν
576 2000 691 2036 βλέπων,
708 2001 787 2036 ἀφεὶς
802 2002 892 2028 ἐκεῖνα

105 2046 171 2082 περὶ
184 2047 202 2073 ἃ
215 2046 269 2072 τῶν
287 2046 390 2072 πολλῶν
405 2046 516 2081 ἄσχολός
530 2047 603 2073 ἐστιν
613 2048 630 2082 ἡ
643 2046 745 2073 διάνοια
762 2046 892 2081 (πλοῦτον

107 2092 181 2126 λέγω
193 2092 238 2118 καὶ
248 2092 342 2126 τῦφον,
356 2092 402 2118 καὶ
414 2091 491 2127 δόξης
505 2091 652 2127 ἐπιθυμίαν
665 2092 755 2127 κενῆς,
769 2092 840 2127 ἅπερ
850 2092 893 2119 ἇν-

105 2146 204 2173 τικρυς
217 2137 335 2164 ἀκτίνων
350 2137 427 2173 δίκην
447 2137 700 2172 περιαστράπτοντα
713 2138 777 2169 τοὺς
789 2137 893 2172 άλογω-
908 2153 931 2182 Ι)

104 2183 202 2218 τέρους
210 2183 369 2218 ἐκπλήττειν
377 2182 493 2214 εἴωθεν),
500 2183 558 2209 οὐδὲ
565 2183 598 2209 τὰ
607 2183 734 2210 δοκοῦντα
745 2183 893 2218 μικρότερα

104 2227 160 2253 τῶν
176 2228 205 2254 ἐν
222 2229 278 2259 τοῖς
294 2225 354 2254 οὖσι
371 2227 564 2262 θεωρουμένων
588 2227 752 2259 ἀνεξέταστα
767 2227 892 2254 καταλεί-

105 2281 139 2299 πε
144 2283 178 2304 ις,
186 2273 338 2308 ἀνερευνῶν
345 2282 374 2300 τε
385 2273 431 2300 καὶ
440 2273 667 2308 διασκοπούμενος
678 2273 727 2308 τὴν
735 2273 892 2307 ἀνωμαλίαν

106 2319 155 2354 τῆς
170 2319 345 2353 ἀνθρωπίνης
369 2318 441 2353 ζωῆς
452 2325 458 2333 ·
476 2319 506 2345 οὐ
524 2318 603 2353 μόνον
617 2318 665 2354 τὴν
686 2318 757 2344 κατὰ
778 2317 893 2345 πλοῦτον

107 2364 154 2390 καὶ
168 2364 264 2391 πενίαν
277 2363 500 2399 θεωρουμένην,ῆ
511 2364 559 2394 τὰς
570 2363 640 2390 κατὰ
649 2363 684 2389 τὰ
693 2363 834 2397 ἀξιώματα
847 2363 893 2389 καὶ

105 2409 139 2435 τὰ
151 2410 217 2444 γένη
232 2409 364 2444 διαφορὰς
375 2406 465 2442 (οἶδας
477 2409 530 2445 γὰρ
541 2408 598 2435 ἀντ’
606 2408 712 2439 οὐδενὸς
725 2405 794 2434 εἶναι
805 2408 892 2434 ταῦτα

107 2453 147 2487 οἷς
162 2455 194 2481 τὸ
210 2453 280 2481 εἶναι
295 2455 325 2480 οὺ
338 2454 398 2480 καθ’
414 2454 561 2480 ὑπόστασιν
575 2453 678 2480 οἰκείαν
694 2453 777 2486 ἐστὶν,
790 2452 847 2480 ἀλλ’
863 2453 892 2479 έν

107 2501 139 2535 τῇ
158 2499 261 2535 ματαίᾳ
275 2499 405 2534 ὑπολήψει
419 2499 473 2526 τῶν
490 2500 546 2530 τοῖς
566 2499 603 2534 μὴ
614 2496 688 2525 οὖσιν
702 2499 740 2530 ὡς
757 2498 892 2533 ὑφεστῶσι

107 2545 335 2581 προσκεχηνότων
347 2552 354 2558 ·
371 2545 395 2570 εἰ
417 2542 464 2571 οὖν
481 2553 523 2576 τις
538 2544 662 2579 ἀφέλοιτο
675 2544 722 2570 τοῦ
736 2544 892 2579 λαμπρυνο-

110 2591 189 2626 μένου
214 2591 248 2625 τῇ
264 2589 328 2626 δόξῃ
342 2589 396 2616 τῶν
411 2590 450 2621 είς
470 2589 540 2616 αὐτὰ
555 2589 705 2624 βλεπόντων
721 2589 769 2625 τὴν
784 2588 892 2624 μύησιν,

108 2636 182 2663 οὐδὲν
195 2635 424 2669 ὑπολειφθήσεται
434 2635 471 2669 τῷ
485 2633 727 2669 μεγαλοφρονοῦντι
739 2635 784 2661 ἐπὶ
793 2634 832 2669 τῷ
841 2634 894 2660 δια-

110 2681 178 2716 κένῳ
203 2681 358 2715 φυσήματι,
383 2679 433 2707 κᾶν
456 2681 530 2706 πᾶσα
556 2680 702 2714 χρημάτων
729 2679 813 2715 ἡῦλη
828 2680 893 2714 παρ’

110 2726 182 2760 αὑτῷ
197 2725 431 2760 κατορωρυγμένη
444 2725 543 2760 τύχῃ),
559 2725 627 2752 ἀλλά
642 2733 682 2751 σοι
697 2724 740 2751 διὰ
755 2725 893 2760 φροντίδος

110 2772 166 2797 ἐστὶ
176 2771 278 2805 γνῶναι
291 2771 328 2797 τά.
340 2779 369 2796 τε
390 2770 456 2797 ἄλλα
476 2771 524 2806 τῆς
540 2771 613 2802 θείας
629 2770 782 2805 οἰκονομίας
799 2771 866 2806 πρὸς
880 2771 895 2796 ὅ

109 2824 134 2842 τι
151 2816 204 2843 τῶν
214 2815 368 2850 γινομένων
381 2814 495 2842 ἕκαστον
509 2814 610 2850 βλέπει,
625 2815 671 2842 καὶ
683 2815 753 2846 τίνος
768 2814 845 2849 χάριν
856 2814 895 2849 τῷ

981 1275 1016 1301 At
1031 1275 1055 1302 is
1068 1274 1114 1308 qui
1130 1274 1222 1300 animo
1238 1274 1383 1308 perspicax
1399 1278 1426 1301 et
1437 1281 1486 1308 per
1499 1273 1680 1310 eruditionem
1694 1279 1728 1301 an

944 1319 1200 1354 contemplationem
1226 1319 1378 1346 cmicstium
1402 1322 1535 1354 purgatus
1558 1324 1586 1347 et
1601 1320 1728 1347 omitus

943 1370 997 1397 est,
1024 1365 1135 1392 omissis
1158 1365 1201 1392 his
1229 1365 1331 1399 quibus
1354 1364 1460 1392 ratione
1482 1364 1574 1393 minus
1593 1363 1729 1392 utentium

944 1417 1043 1437 sensus
1057 1409 1219 1441 delectatur,
1236 1416 1326 1436 rerum
1339 1409 1530 1437 universarum
1544 1409 1726 1442 harmoniam,

945 1456 997 1484 hoc
1010 1459 1052 1483 est
1073 1455 1288 1483 consentientem
1303 1459 1331 1483 et
1348 1456 1428 1490 quasi
1453 1455 1642 1483 concinentem
1660 1463 1727 1483 con-

943 1493 1133 1537 spirationem,
1148 1501 1349 1536 copulationcm
1367 1505 1448 1537 atque
1464 1503 1728 1537 coagmentatiouem

944 1547 1074 1580 intuetur,
1094 1552 1121 1575 et
1137 1555 1169 1575 ei
1187 1547 1314 1574 circulari
1331 1552 1414 1582 atque
1433 1547 1460 1574 in
1478 1548 1570 1576 orbem
1593 1547 1728 1576 redeunte

944 1597 1018 1620 motu
1041 1600 1101 1620 eam
1127 1600 1188 1628 qua:
1207 1600 1239 1620 ex
1257 1593 1405 1620 contrariis
1431 1593 1470 1627 iit,
1499 1593 1679 1628 aptitudinem
1701 1598 1730 1620 et

943 1638 1149 1673 congruentiam
1164 1639 1367 1673 contemplatur
1383 1648 1390 1666 ε
1404 1646 1459 1674 quo
1470 1643 1549 1674 pacto
1560 1639 1642 1666 orbes
1658 1639 1728 1666 inte-

944 1684 1031 1711 riores
1050 1683 1221 1711 revolutionc
1235 1687 1365 1718 motuque
1386 1683 1534 1716 contrario,
1552 1687 1634 1719 atque
1657 1685 1728 1710 incr-

944 1729 1065 1756 rantium
1089 1728 1215 1763 maloque
1238 1729 1429 1757 inlunrentium
1449 1733 1477 1757 et
1500 1729 1644 1757 inﬁxarum
1662 1730 1729 1757 stel-

945 1773 1031 1799 larum
1061 1771 1180 1799 ambitus
1205 1773 1350 1805 rotundus,
1378 1777 1452 1800 retro
1480 1777 1625 1801 versentur
1646 1777 1729 1808 atque

944 1818 1090 1851 ferantur;
1112 1817 1252 1852 quomodo
1269 1818 1359 1846 sidera
1374 1827 1434 1854 qua:
1458 1819 1485 1846 in
1502 1819 1536 1846 iis
1550 1819 1730 1854 conspiciun-

944 1869 1000 1896 tur,
1017 1864 1225 1891 multiformiter
1239 1863 1399 1899 ﬁgurentur,
1415 1865 1510 1892 tumin
1525 1865 1728 1900 appropinqua-

943 1909 1077 1941 tionibus,
1097 1910 1267 1942 accessibus,
1283 1910 1520 1945 congressibusvc,
1535 1914 1593 1937 tum
1613 1911 1728 1938 recessi-

944 1954 1198 1989 bus.digressibus,
1213 1955 1363 1988 distantiis,
1386 1955 1649 1990 elongatiouibusve.
1670 1959 1728 1983 tum

944 2000 1164 2035 subiectionibus
1182 2004 1264 2036 alque
1279 2000 1442 2033 defectibus,
1457 2005 1485 2029 et
1504 2001 1624 2036 obliquis
1640 2006 1728 2028 trans-

945 2045 1074 2072 cutsibus
1107 2045 1319 2078 indeiicientem,
1351 2046 1562 2078 indesinentcm,
1589 2046 1727 2077 stabilem.

946 2094 1158 2125 perpetuamque
1177 2090 1254 2117 illam
1268 2091 1493 2118 concordantiam
1515 2095 1543 2118 et
1557 2091 1728 2118 harmoniam

945 2144 1051 2171 semper
1064 2135 1205 2171 aequaliter
1220 2139 1248 2164 et
1261 2136 1356 2164 eodem
1373 2136 1455 2164 modo
1469 2136 1623 2168 ciiicicntia,
1636 2143 1651 2163 a
1669 2137 1729 2171 qui-

943 2183 995 2210 bus
1009 2190 1044 2210 ue
1059 2181 1165 2209 minimi
1177 2182 1287 2217 quidem
1305 2182 1406 2210 sideris
1421 2182 1491 2210 situs
1501 2189 1582 2217 quem
1594 2190 1649 2209 non
1663 2189 1730 2208 con-

944 2227 1090 2262 templctur
1114 2227 1341 2261 praetermittitur,
1369 2227 1417 2255 sed
1443 2227 1536 2254 omnia
1560 2234 1654 2262 parem
1680 2234 1730 2254 cu-

944 2280 1001 2299 ram
1028 2273 1150 2308 przebent
1183 2272 1217 2300 iis
1239 2272 1286 2308 qui
1314 2279 1364 2308 per
1382 2272 1545 2308 sapientiam
1571 2273 1605 2300 ad
1631 2280 1730 2308 supera

943 2323 1063 2344 mentem
1087 2317 1269 2345 traduxerunt
1291 2317 1411 2345 :eodcm
1439 2317 1520 2345 modo
1543 2322 1572 2345 tu
1602 2325 1728 2353 quoque,

945 2370 962 2389 ο
974 2362 1088 2388 charum
1105 2361 1172 2389 mihi
1192 2366 1348 2396 eaput,cum
1363 2361 1627 2389 administrationem
1643 2361 1688 2390 Dei
1703 2363 1729 2390 in

946 2407 1027 2434 rebus
1045 2407 1182 2435 universis
1200 2407 1359 2434 consideras
1388 2407 1501 2435 omissis
1520 2407 1574 2435 illis
1585 2407 1658 2435 circa
1671 2415 1731 2442 ιιιιιο

945 2452 1018 2487 vulgi
1033 2459 1110 2480 mens
1126 2457 1258 2486 occupata
1269 2456 1311 2479 est
1321 2451 1366 2486 (de
1382 2452 1484 2480 divitiis
1496 2452 1602 2487 loquor.
1619 2457 1646 2480 et
1661 2452 1730 2480 dcli-

945 2498 1008 2529 ciis.
1027 2502 1055 2525 et
1073 2505 1149 2525 vana:
1163 2497 1257 2533 gloria:
1275 2498 1436 2532 cupiditate,
1453 2506 1514 2533 qua
1533 2506 1578 2526 res
1594 2499 1673 2534 plane
1686 2506 1730 2525 ra-

947 2542 1054 2569 diorum
1066 2542 1093 2568 in
1105 2542 1215 2569 modum
1229 2542 1307 2578 quasi
1319 2541 1426 2577 fulgure
1443 2543 1662 2578 praestringentes
1682 2550 1730 2570 cus

947 2587 993 2622 qui
1004 2586 1108 2615 ratione
1120 2587 1210 2615 minus
1222 2588 1571 2624 utuntur,obstupefacere,
1580 2593 1661 2623 atque
1671 2595 1730 2622 pcr-

947 2631 1051 2662 eulsos.
1077 2631 1207 2660 attonitos
1221 2634 1249 2659 et
1274 2635 1466 2660 consternatos
1492 2631 1606 2660 reddere
1620 2630 1731 2664 solent),

947 2684 999 2705 nec
1012 2685 1043 2705 ea
1066 2677 1186 2712 quidem.
1211 2684 1272 2712 qum
1286 2677 1399 2704 minima
1422 2677 1561 2710 videmur,
1576 2684 1608 2704 ex
1624 2676 1659 2704 iis
1671 2683 1732 2711 qua:

948 2724 976 2750 in
990 2723 1072 2750 rebus
1097 2722 1233 2750 universis
1247 2722 1466 2754 considerantur,
1482 2722 1625 2750 lnexcussa
1647 2721 1732 2748 retiu-

948 2767 1022 2802 quis,
1038 2767 1228 2798 considerans,
1247 2766 1395 2802 dispiciens
1406 2770 1433 2794 et
1448 2770 1575 2794 scrutaris
1591 2765 1731 2800 inatquali-

948 2817 1031 2840 tatem
1046 2813 1171 2841 humanae
1189 2813 1249 2840 vita:
1262 2820 1268 2838 :
1279 2820 1334 2839 non
1355 2819 1414 2839 cum
1430 2811 1572 2843 duntaxat,
1585 2818 1644 2846 quin
1657 2810 1731 2837 circa
