1922 3078
202 100 252 128 nn
826 89 1041 128 ammenti
1064 89 1210 118 arssmt

202 100 252 128 l6?
826 92 858 121 5.
949 91 999 120 (ἓοὲ

201 157 311 186 di\itias
326 160 354 184 et
372 158 562 190 paupertatem
579 132 844 186 consialcra‘Ev’el
860 87 995 187 nam

1064 89 1210 118 NYSSENI
1789 88 1841 115 ms

1053 152 1098 187 μὲν
1114 152 1160 182 :i,‘
1168 152 1256 186 γῆρας
1270 151 1376 186 μακρὸν
1393 150 1585 185 παρατείνεται
1602 150 1618 185 ἡ
1636 148 1703 183 ζωὴ,
1719 148 1733 173 ὸ
1752 147 1782 173 δὲ
1795 156 1841 174 το-

203 208 261 230 tum
277 205 304 228 et
320 209 453 236 generum
478 199 648 226 diﬂ'crentias
663 197 747 233 (nosti
769 197 842 224 enim
873 197 930 223 lucc
946 203 997 232 pro

202 249 288 276 nihilo
300 255 372 279 esse,
386 246 486 281 quibus
503 245 624 272 essentia
640 251 694 270 non
710 249 751 271 est
768 243 918 270 secundum
936 250 997 276 pro-

202 296 288 328 priam
301 293 522 325 subsistentiam,
542 290 590 318 sed
621 290 649 317 itt
669 297 738 316 vana
756 290 885 324 opinione
901 296 996 315 eorum

200 341 247 375 qui
265 341 346 367 rebus
360 338 541 369 ponentibus,
554 337 633 372 quasi
643 336 862 364 subsistentibus
872 334 994 362 inhiant:

202 395 264 413 nant
283 387 304 414 si
320 386 384 420 quis
398 385 503 413 adimat
518 385 542 411 ei
559 384 607 418 qui
620 383 714 418 gloria:
725 381 873 418 splendore
887 381 949 408 inﬁa
965 388 997 407 us

200 438 253 464 est,
279 433 436 467 opinionem
463 435 489 458 et
506 429 738 457 existimationem
760 435 857 455 eorum
883 428 928 462 qui
947 426 997 453 has

203 487 247 507 res
264 479 363 506 intueri
382 477 484 508 solent,
497 475 568 502 nihil
590 474 766 509 relinquetur
780 473 805 500 ei
821 473 868 508 qui
884 479 997 507 magnos

201 524 254 552 sibi
266 524 301 551 ob
317 531 361 551 res
376 530 460 549 vanas
476 521 592 556 spiritus
612 521 708 552 sumit,
723 525 749 547 et
764 520 855 554 inepte
887 519 997 546 intlatus

201 575 261 602 est,
296 569 402 597 etiamsi
437 569 478 596 vel
514 568 640 595 universa
671 566 850 601 pecuniarum
884 566 997 593 materia

202 624 285 650 penrs
320 623 383 643 eum
429 614 538 642 defossa
575 613 638 648 sit).
673 612 726 639 Sed
770 612 819 638 tibi
849 619 923 638 cura:
955 615 998 638 est

201 662 284 694 Srire,
302 669 363 689 ctttll
399 661 507 695 reliqua
523 659 624 687 divinat
648 659 911 689 administrationis,
942 665 998 692 quo

202 709 324 743 quidque
337 712 441 743 spectet
453 714 548 735 eorum
563 714 623 741 qua:
638 706 716 737 ﬁttnt,
728 710 785 732 tum
799 713 852 739 qua
867 705 900 731 de
914 711 998 730 eausa

201 757 247 784 alii
260 756 369 791 quidem
384 755 409 781 in
425 754 532 788 longam
560 756 727 780 senectutem
744 752 798 778 vita
826 754 996 785 prorogetur,

202 802 272 828 alius
283 808 347 828 vero
371 800 504 826 hactenus
523 799 587 826 vin
619 798 756 833 particeps
783 798 828 826 sit.
863 800 997 830 quaternis

202 853 251 880 per
274 845 482 879 respirationem
502 851 592 871 aerem
614 843 744 873 hauriat,
761 847 788 868 ct
812 841 938 876 protinus
956 840 997 866 vi-

200 898 256 919 tam
272 892 357 918 ﬁniat.
373 890 439 917 Nam
452 890 474 917 si
489 889 557 916 nihil
572 895 668 915 eorum
682 895 742 922 qua:
758 887 784 914 iu
801 886 904 913 muudo
920 890 996 919 sunt,

202 947 256 965 non
273 947 286 964 ιι
304 937 359 964 Deo
370 942 422 967 cst.
437 935 484 963 sed
502 934 595 962 omnia
613 941 628 960 a
644 934 736 960 divina
761 933 900 960 voluntate
929 939 997 966 pen-

201 985 277 1017 dent,
298 991 330 1010 ac
353 982 486 1017 sapientia
505 980 723 1015 providendique
737 980 836 1006 virtute
854 978 997 1014 prmditum

203 1038 303 1057 mtmen
320 1030 444 1056 divinum
458 1031 511 1056 est.
525 1034 639 1062 prorsus
656 1026 738 1053 etiam
756 1026 799 1052 bis
820 1025 912 1060 aliqua
928 1025 999 1051 ratio

201 1073 307 1102 subest.
325 1080 385 1107 qua
402 1071 545 1107 sapientim
559 1070 604 1098 Dei
622 1071 702 1098 simul
720 1075 747 1097 et
761 1070 822 1105 ejus
844 1078 927 1102 cuiae,
945 1078 998 1105 qua

201 1119 368 1154 prospicitur
388 1125 420 1145 ac
437 1118 597 1153 providetur
615 1118 698 1144 rebus
710 1117 847 1144 universis
859 1137 865 1147 ,
879 1116 998 1151 insignia

202 1167 280 1192 ferat.
299 1164 376 1197 Quod
392 1164 464 1191 enim
495 1168 596 1191 temere
608 1171 640 1191 ac
660 1164 721 1190 sine
749 1162 856 1190 ratione
870 1162 909 1193 ﬁt,
929 1170 998 1197 opus

202 1211 248 1237 Dei
267 1219 320 1238 non
338 1209 429 1237 fuerit.
444 1209 491 1235 Dei
506 1216 626 1243 namque
640 1209 779 1244 proprium
794 1213 849 1240 est,
866 1212 998 1243 quemad-

202 1257 312 1284 modum
338 1255 426 1290 iuquit
457 1254 610 1289 Scriptura,
644 1255 737 1281 omnia
767 1262 831 1281 cuin
863 1254 998 1288 sapientia

202 1304 302 1330 tacere.
325 1301 403 1335 Quod
428 1301 512 1336 igitur
528 1301 666 1335 sapienter
689 1300 793 1327 factum
810 1301 838 1327 in
853 1300 998 1328 illo?Pro-

200 1348 252 1376 diit
270 1349 352 1375 homo
368 1355 416 1382 per
433 1347 604 1375 nativitatem
626 1346 652 1373 in
669 1347 771 1379 vitam;
791 1346 884 1374 hausit
897 1355 997 1379 aerem,

201 1404 216 1423 a
227 1396 328 1430 gemitu
345 1395 426 1422 vitam
442 1393 592 1426 inchoavit,
612 1393 748 1428 lacrymas
760 1398 865 1421 natura:
878 1395 1000 1422 muneris

201 1443 261 1470 vice
291 1440 436 1476 impendit,
465 1440 606 1475 primitias
620 1439 682 1466 vita:
707 1439 789 1468 solvit
817 1444 843 1466 et
869 1440 1000 1467 libamina

1789 88 1841 115 ius

1050 198 1143 224 σοῦτνιν
1161 197 1268 233 μετέχει
1283 196 1330 223 τοῦ
1346 196 1406 232 ζῇν,
1427 197 1490 223 ὅσον
1506 196 1541 222 δι’
1558 195 1696 229 ἀναπνοῆς
1711 194 1758 220 τὸν
1772 193 1844 228 ἀέρα

1050 245 1163 276 animi,
1178 243 1226 270 καὶ
1242 243 1323 275 εὐθὺς
1341 242 1490 277 καταλῆξαι
1502 242 1547 269 τὸν
1566 242 1633 277 βίον.
1649 242 1680 267 Ei
1697 241 1751 275 γὰρ
1765 239 1844 266 οὐδὲν

1048 291 1123 318 ἀθεεὶ
1135 290 1190 317 τῶν
1204 291 1233 317 ἐν
1248 290 1342 324 κόσμῳ
1353 290 1420 321 ἐστὶ,
1435 289 1523 316 πάντα
1536 288 1563 315 δὲ
1574 288 1622 321 τῆς
1637 287 1713 318 θείας
1726 286 1844 320 ἐξῆπται

1049 337 1212 371 βουλήσεως,
1227 336 1307 370 σοφὸν
1325 336 1354 362 δὲ
1372 335 1419 362 καὶ
1435 334 1611 370 προνοητικὸν
1625 334 1656 360 τὸ
1672 333 1755 364 θεῖον,
1773 332 1845 358 πάν·

1048 392 1101 414 τως
1116 392 1158 414 τις
1182 383 1275 409 ἔπεστι
1291 382 1338 408 καὶ
1363 380 1468 413 τούτοις
1483 381 1571 415 λόγος,
1591 380 1640 415 τῆς
1664 380 1761 414 σοφίας
1783 378 1844 413 ἃμα

1047 429 1094 456 τοῦ
1111 428 1178 456 Θεοῦ
1201 428 1310 462 καὶτῆς
1337 428 1518 463 πῳνοητικῆς
1543 425 1699 462 ἐπιμελείας
1719 425 1754 452 τὰ
1772 433 1845 458 γνω-

1051 476 1172 511 ρίσματα
1185 475 1285 510 φέρων.
1293 474 1330 500 Τὸ
1341 474 1395 509 γὰρ
1406 473 1466 508 είκῆ
1475 482 1504 499 τε
1514 474 1560 499 καὶ
1568 473 1673 507 ἀλόγως
1688 471 1844 506 γινόμενον.

1048 522 1097 549 οὐκ
1112 521 1145 548 ἂν
1157 521 1236 556 ἔργον
1253 518 1296 553 εἴη
1312 519 1390 545 Θεοῦ.
1404 518 1471 545 Θεοῦ
1488 518 1542 553 γὰρ
1564 518 1640 548 ἴδιον,
1654 516 1746 548 καθώς
1758 524 1845 551 φησιν

1049 568 1065 603 ἡ
1083 567 1189 603 Γραφὴ,
1205 566 1235 593 τὸ
1248 567 1337 592 πάντα
1351 565 1379 590 ἐν
1396 564 1477 599 σοφίᾳ
1491 565 1587 591 ποιεῖν.
1606 564 1638 590 Τί
1655 561 1702 590 οὖν
1715 563 1746 590 τὸ
1761 561 1846 596 σοφὸν

1048 615 1077 640 ὲν
1101 613 1218 647 ὲκείνῳ;
1244 612 1368 647 Παρῆλοε
1385 611 1429 638 διὰ
1450 611 1603 645 γεννήσεως
1625 610 1665 640 εἰς
1686 609 1733 636 τὸν
1758 608 1817 643 βίον
1831 609 1846 633 ὁ

1049 659 1203 694 ἄνθρωπος,
1228 658 1330 685 ἔσπασε
1351 658 1396 684 τὸν
1415 658 1502 693 ἀέρα,
1530 656 1584 683 ἀπὸ
1602 655 1726 691 οἰμωγῆς
1743 655 1775 681 τὸ
1794 654 1846 688 ζῇν

1049 706 1161 741 ἤρξατο,
1175 707 1366 741 ὲλειτούργησε
1382 707 1412 741 τῇ
1426 706 1505 740 φύσει
1518 705 1549 731 τὸ
1561 704 1688 738 δάκρυον,
1700 702 1846 737 ἀπὴρξατο

1048 751 1088 785 τῷ
1102 751 1151 786 βίῳ
1166 752 1218 777 τῶν
1236 751 1353 786 θρήνων,
1373 751 1437 786 πρίν
1450 758 1523 781 τινος
1536 750 1682 784 μετασχεῖν
1702 748 1757 774 τῶν
1772 747 1844 773 κατὰ

1049 797 1094 823 τὸν
1116 797 1172 832 βίον
1188 797 1284 832 ἡδέων,
1308 798 1372 832 πρὶν
1396 796 1546 831 τονωοῆναι
1569 795 1619 830 τὴν
1640 793 1779 829 αἴσθησιν,
1805 793 1846 818 ἔτι

1049 843 1195 878 λελυμένος
1212 844 1271 874 ταῖς
1283 842 1336 869 τῶν
1355 842 1443 877 μελῶν
1461 841 1614 877 ἁρμονίαις.
1629 840 1733 872 ἁπαλός
1748 848 1778 865 τε
1797 840 1846 865 καὶ

1049 890 1255 924 διακεχυμένος,
1276 890 1323 916 καὶ
1344 889 1537 925 ἀδιάρθρωτος,
1559 888 1606 914 καὶ
1624 887 1654 913 τὸ
1665 887 1725 913 ὅλον
1745 886 1844 915 εἰπεῖν,

1051 937 1116 972 πρὶν
1138 936 1263 970 γενέσθαι
1280 936 1422 971 ἄνθρωπος
1451 935 1549 969 (εἰπερ
1571 932 1714 969 ἀνθρώπου
1737 932 1804 958 ἴδιον
1828 932 1845 965 ὴ

1050 981 1145 1017 λογικὴ
1166 982 1244 1017 χάρις
1268 981 1358 1008 ἐστίν·
1383 983 1397 1007 ὁ
1418 981 1447 1007 δὲ
1462 980 1538 1007 οὕτω
1557 981 1586 1007 ὲν
1602 979 1691 1015 ἑαυτῴ
1705 980 1752 1005 τὸν
1764 978 1846 1012 λόγον

1051 1028 1214 1063 ἐχώρησεν),
1227 1024 1303 1059 οὗτος
1319 1027 1334 1053 ὁ
1352 1027 1434 1062 μηδὲν
1449 1027 1529 1053 πλέον
1544 1026 1623 1061 ἔχων,
1638 1025 1684 1052 τοῦ
1698 1025 1727 1051 ὲν
1740 1026 1774 1059 τῇ
1792 1033 1846 1059 μη-

1051 1074 1127 1109 τρὼᾳ
1140 1073 1215 1108 νηδῦι
1229 1072 1418 1108 συνεχομένου,
1435 1072 1504 1108 πλὴν
1518 1072 1547 1098 τὸ
1571 1073 1600 1098 ὲν
1625 1071 1686 1103 ἀέρι
1704 1070 1847 1105 γενέσθαι,

1052 1121 1080 1146 ὲν
1094 1120 1182 1154 τούτῳ
1199 1119 1248 1154 τῆς
1264 1118 1371 1153 ἡλικίας
1387 1118 1435 1150 ὢν,
1457 1118 1501 1144 διὰ
1518 1117 1633 1144 θανάτου
1647 1117 1750 1148 λύεται,
1766 1117 1783 1151 ἢ
1797 1118 1845 1143 ἐκ·

1051 1164 1149 1196 τεθεὶς,
1166 1164 1182 1199 ἢ
1200 1164 1388 1197 καταπνιγεὶς,
1406 1164 1422 1198 ἦ
1443 1163 1515 1190 κατὰ
1532 1163 1562 1189 τὸ
1578 1163 1731 1198 αὐτόματον
1748 1162 1783 1188 δι’
1796 1162 1848 1197 dp-

1053 1209 1168 1245 ρωστίας
1192 1209 1238 1235 τοῦ
1256 1209 1306 1244 ζῇν
1331 1209 1522 1243 παυσάμενος,
1550 1208 1575 1234 τί
1601 1208 1654 1243 χρὴ
1681 1208 1746 1243 περὶ
1761 1207 1847 1234 αὑτοῦ

1051 1257 1151 1282 ἐννοεῖν
1164 1263 1171 1287 ;
1190 1254 1252 1286 Πῶς
1267 1255 1331 1290 περὶ
1349 1255 1402 1281 τῶν
1415 1254 1486 1281 οὕτω
1509 1253 1740 1288 τετελευτηκότων
1753 1253 1827 1288 ἔχειν
1838 1262 1847 1286 ;

1054 1302 1166 1336 Ὄψεται
1181 1299 1235 1337 ἆρα
1247 1301 1361 1336 κάκείνη
1373 1300 1472 1336 ἡψυχὴ
1488 1300 1533 1328 τὸν
1547 1300 1654 1336 κριτὴν,
1669 1299 1848 1336 παραστήσε-

1052 1357 1097 1374 ται
1117 1347 1186 1382 μετὰ
1198 1347 1253 1373 τῶν
1267 1347 1354 1374 ἄλλων
1368 1347 1407 1382 τῷ
1427 1347 1540 1382 βήματι,
1566 1346 1659 1380 ὑφέξει
1671 1346 1725 1372 τῶν
1747 1345 1847 1380 βεϐιω-

1055 1393 1142 1428 μένων
1156 1393 1204 1428 τὴν
1220 1393 1320 1428 κρίσιν,
1336 1393 1452 1428 λήψεται
1470 1393 1520 1428 τὴν
1531 1393 1592 1418 κατ’
1605 1392 1684 1424 ἀξίαν
1699 1392 1847 1423 ἀντίδοσιν,

1053 1439 1069 1473 ἢ
1085 1439 1151 1473 πυρὶ
1166 1438 1368 1473 καθαιρουμὲνη
1385 1437 1456 1464 κατὰ
1471 1438 1520 1469 τὰς
1539 1437 1586 1464 τοῦ
1606 1437 1774 1472 Εὐαγγελίου
1789 1446 1848 1472 φωο

201 1489 265 1516 fecit
272 1489 305 1516 de
319 1488 392 1521 ﬁetu,
402 1487 561 1522 priusquam
578 1485 696 1521 alicujus
706 1485 743 1513 rei
762 1486 787 1513 in
802 1487 857 1513 vita
870 1486 999 1521 jucuudre

1053 1485 1110 1517 νὰς,
1128 1486 1145 1520 ἢ
1158 1486 1190 1520 τῇ
1202 1485 1290 1520 δρόσῳ
1307 1485 1356 1520 τῆς
1369 1484 1493 1518 εὐλογίας
1507 1484 1730 1519 ἐναποψύχουσα;

202 1536 341 1570 particeps
358 1535 466 1564 fuisset,
487 1534 647 1569 priusquam
668 1533 796 1560 sensibus
813 1539 953 1569 vegetatus
969 1539 996 1562 et
1015 1535 1140 1562 ﬁrmatus
1155 1537 1228 1561 esset
1248 1542 1254 1560 :
1273 1533 1355 1560 etiam
1388 1540 1462 1560 nttnc
1499 1533 1683 1560 membrorum
1715 1539 1847 1570 eorupagc

201 1587 285 1617 atque
320 1580 556 1616 coagmentatione
587 1579 705 1611 solutus,
733 1583 811 1606 terter
827 1588 859 1607 ac
887 1581 1014 1613 diiiusus,
1055 1579 1260 1611 inartieulatus,
1284 1579 1400 1607 artubus
1427 1579 1549 1606 nondum
1580 1579 1738 1614 compositis
1766 1584 1847 1613 atque

202 1630 337 1662 formatis,
351 1633 416 1656 etut
431 1627 587 1655 summatim
598 1627 866 1662 dicam,priusquam
883 1628 964 1655 homo
975 1628 1156 1660 iactuscsset,
1174 1627 1308 1662 siquidem
1321 1627 1441 1654 hominis
1457 1627 1598 1662 propriutn
1608 1626 1710 1655 donum
1732 1627 1846 1655 rationis

200 1679 262 1708 est;
278 1678 305 1700 at
336 1674 379 1700 hic
407 1672 523 1700 rationis
543 1672 663 1699 nondum
687 1680 773 1707 capax
789 1677 859 1705 erat,
875 1674 919 1700 hic
945 1674 992 1709 qui
1013 1674 1098 1701 nihilo
1111 1674 1172 1708 plus
1187 1674 1303 1700 habebat
1316 1680 1397 1708 quam
1411 1672 1435 1700 is
1449 1673 1634 1707 quimatcrno
1669 1678 1746 1700 utero
1781 1681 1846 1700 conv

203 1723 316 1752 tinetur,
337 1723 518 1755 pralterquam
532 1718 605 1753 quod
623 1718 649 1745 in
670 1726 732 1746 aere
754 1719 814 1751 fuit,
829 1719 856 1746 in
870 1727 901 1747 ea
916 1723 996 1748 aetate
1010 1727 1072 1747 cum
1093 1720 1130 1747 sit
1155 1727 1203 1755 per
1231 1723 1348 1747 mortem
1374 1719 1502 1750 solvitur.
1542 1719 1586 1746 vel
1617 1720 1771 1755 expositus,
1807 1723 1848 1748 vel

203 1770 364 1800 summ-atus,
383 1768 424 1795 vel
441 1770 538 1802 sponte
550 1774 598 1802 per
618 1766 805 1805 inﬁrmitatem
818 1768 910 1795 vivere
926 1768 1068 1801 desinens,
1092 1768 1157 1803 quid
1176 1768 1210 1795 de
1234 1775 1267 1795 eo
1293 1769 1414 1803 cogitare
1442 1767 1570 1802 oportet?
1604 1766 1748 1800 Quomodo
1783 1769 1847 1795 item

204 1818 237 1844 de
255 1816 289 1843 iis
298 1815 345 1850 qui
361 1815 434 1841 hunc
448 1814 551 1841 exitum
570 1813 631 1840 vita:
647 1813 802 1840 habuerunt
816 1814 995 1841 sentire?Au
1028 1814 1073 1840 illa
1098 1822 1206 1849 quoque
1225 1814 1315 1841 anima
1344 1814 1462 1848 judicent
1480 1813 1592 1847 videbit,
1621 1814 1750 1841 tribunali
1784 1823 1847 1842 eum

203 1862 265 1890 aliis
280 1862 403 1900 sistetur,
418 1859 521 1887 subibit
545 1863 613 1886 acta:
632 1860 693 1886 vita:
718 1859 866 1893 judicium,
891 1860 1006 1894 accipiet
1021 1866 1070 1894 pro
1085 1861 1183 1887 merito
1195 1859 1404 1887 retributionem
1416 1864 1443 1887 et
1455 1861 1718 1894 compensationem,
1733 1861 1775 1888 vel
1792 1861 1846 1896 igni

204 1912 331 1945 purgata,
350 1907 428 1942 juxta
444 1905 585 1941 Evangelii
601 1906 694 1936 verba.
707 1905 750 1933 vel
770 1906 797 1933 in
808 1913 871 1934 rore
883 1906 1084 1934 benedictionis
1093 1906 1255 1941 refrigerata
1270 1912 1351 1941 atque
1365 1907 1517 1934 retocillata
1530 1907 1542 1933 ?

487 1951 705 1979 EXI’LICA'FIO.

244 1999 312 2027 llinc
327 1999 405 2034 plan:
413 1998 583 2033 ntauifestum
594 1998 708 2033 estquod
716 1999 900 2033 purgatarium
916 1999 1002 2033 ignem

206 2045 287 2073 Pater
298 2044 339 2072 hic
363 2049 493 2071 tormenta
515 2045 701 2078 cruciatusque
720 2043 795 2075 dicit,
823 2044 917 2079 quibus
944 2042 1003 2076 post

206 2097 316 2119 mortem
330 2084 448 2126 quisque
458 2099 549 2118 eorum
564 2091 609 2125 qui
628 2095 798 2124 peccaverunt
817 2095 841 2117 et
857 2095 916 2117 ante
930 2099 1002 2118 mor-

206 2144 267 2169 tem.
287 2146 339 2165 non
355 2142 383 2164 ut
412 2137 522 2172 dignum
549 2141 573 2163 et
593 2143 643 2170 par
663 2141 732 2167 erat,
750 2136 1001 2171 pa’uilemiamcge-

207 2190 267 2213 runt
284 2186 310 2211 in
326 2185 437 2219 ﬂantma
453 2183 620 2217 afﬁciuntur,
630 2182 710 2217 juxta
722 2182 876 2215 parubolam
889 2182 1003 2217 Evange-

1096 1953 1253 1980 Ἐντεῦθεν
1275 1952 1372 1987 δῆλον
1394 1953 1518 1988 τρανῶς,
1539 1955 1584 1980 ὅτι
1609 1954 1773 1989 καθάρσιον
1786 1955 1847 1990 πῖγ)

1055 2000 1071 2025 ὁ
1087 1998 1198 2032 Πατὴρ,
1220 1999 1274 2032 τὰς
1289 1999 1363 2033 μετὰ
1382 1999 1439 2033 τὴν
1463 1999 1610 2033 τελευτὴν
1632 2000 1763 2028 ἑκάστου
1787 2001 1848 2028 τῶν

1052 2044 1276 2079 ἡμαρτηκότων,
1293 2045 1343 2071 καὶ
1354 2045 1397 2079 μὴ
1415 2046 1668 2080 μετανοησάντων
1684 2047 1776 2080 ἀξίως
1788 2048 1846 2081 πρὸ

1053 2089 1205 2124 τελευτῆς,
1219 2090 1254 2117 ὲν
1269 2091 1358 2125 φλογὶ
1369 2090 1527 2124 ,ϐασάνους
1539 2092 1618 2126 φησί
1629 2101 1635 2107 ·
1650 2092 1726 2118 κατὰ
1745 2092 1804 2126 τὴν
1813 2093 1848 2119 ὲν

1052 2135 1092 2168 τῷ
1106 2136 1277 2170 Εὐαγγελῐῳ
1291 2136 1478 2170 παραϐολὴν,
1489 2138 1557 2170 περῖ
1571 2146 1603 2163 τε
1617 2138 1669 2164 τοῦ
1682 2138 1846 2171 πλουσίου,

1054 2182 1166 2209 καὶτοῦ
1177 2182 1319 2216 Λαζάρου.
1333 2182 1431 2216 Δῆλον
1440 2183 1496 2217 γὰρ
1507 2183 1551 2210 ὅτι
1562 2181 1656 2211 ταῦτα
1667 2182 1725 2211 ὦδε
1737 2183 1848 2219 μέμνη-

206 2233 286 2258 licunt
301 2232 332 2257 de
344 2229 424 2257 divite
452 2232 478 2255 et
506 2227 612 2254 Lazaro
642 2227 661 2253 ‘.
693 2226 998 2260 Perspicuumcstenim

1053 2236 1099 2254 τιιι
1110 2226 1164 2261 τῆς
1177 2227 1348 2261 παραϐολῆς
1361 2227 1400 2260 τῷ
1414 2228 1519 2260 εἰπεῖν,
1528 2228 1546 2262 ἣ
1562 2229 1631 2263 :wpl
1648 2230 1847 2267 καθαιρομένη

205 2279 274 2312 quod
287 2276 365 2310 hujus
375 2276 416 2301 hic
431 2273 566 2309 pnrabolw
582 2273 700 2299 meminit
721 2273 783 2298 dum
800 2273 875 2304 dicit,
891 2274 929 2300 vel
944 2274 1001 2308 igne

207 2327 317 2357 purgata
332 2322 390 2357 (hoc
397 2324 502 2354 propter
511 2317 639 2353 divitem),
653 2318 690 2345 vel
705 2318 731 2344 in
741 2326 799 2346 rore
814 2319 1001 2347 benedictionis

209 2369 377 2403 refrigerata,
388 2366 447 2401 (hoc
457 2369 563 2399 propter
571 2363 725 2398 Lazarum).
734 2365 767 2391 At
777 2365 824 2391 illa
831 2365 1002 2400 jusiijudicii

208 2412 348 2444 mouentia,
367 2419 376 2437 ι
393 2409 509 2437 Abibunt
538 2409 565 2435 hi
577 2408 684 2443 quidem
712 2409 746 2435 ad
763 2415 889 2437 wiernum
902 2411 1004 2445 suppli-

207 2460 289 2489 cium,
299 2456 367 2490 justi
378 2463 436 2482 vero
448 2453 481 2480 (ιιί
496 2454 576 2480 vitam
589 2458 716 2481 (utentum
730 2462 739 2481 :
760 2456 786 2481 ἰ
811 2455 927 2482 nondum
942 2461 1004 2483 ante

204 2503 337 2539 judicium
353 2501 437 2528 locum
452 2499 527 2526 habet
545 2499 570 2525 in
589 2499 628 2525 his

245 2547 297 2574 Sed
321 2547 393 2574 haud
409 2546 467 2574 scio
487 2546 627 2580 quotnmlo
642 2546 699 2573 haec
711 2546 744 2574 de
770 2547 928 2581 huptsmodi
945 2548 1002 2574 ani-

210 2601 252 2620 ma
268 2592 391 2628 cogitare
405 2596 542 2627 aput-teat.
561 2591 663 2619 Nomen
677 2593 749 2619 enim
770 2593 960 2620 retributionis
977 2597 1004 2620 et

211 2637 442 2665 remunerationis
467 2638 570 2672 aliquid
590 2642 717 2672 oportere
732 2645 845 2672 prorsus
862 2642 925 2664 ante
940 2646 1004 2673 pra:-

210 2685 296 2712 bitum
306 2684 560 2719 eSsesigniﬁeat;at
576 2683 600 2710 ei
615 2684 661 2718 qui
675 2684 786 2710 omnino
797 2691 850 2710 non
868 2683 1003 2710 vixit‘ma-

211 2731 278 2758 teria
285 2730 386 2765 aliquid
400 2730 534 2765 praebendi
553 2735 685 2765 prati-eota
698 2734 749 2757 est.
761 2729 789 2756 ln
799 2730 899 2764 quibus
911 2735 1001 2757 autem

249 2818 257 2834 '
274 2818 338 2845 Luc.
358 2826 413 2850 tm,
435 2817 467 2843 l9
485 2824 546 2851 sqq.
585 2817 595 2832 ³
615 2815 710 2842 Matth.
729 2823 791 2849 xxv,
809 2816 852 2843 46.

1055 2274 1154 2308 (τοῦτο
1171 2273 1219 2300 διὰ
1235 2273 1289 2300 τὸν
1306 2275 1477 2308 πλούσιον),
1492 2275 1510 2309 ἢ
1526 2274 1563 2308 τῇ
1581 2275 1681 2309 δρόσῳ
1693 2275 1749 2309 τῆς
1760 2277 1849 2303 613.10-

1055 2320 1122 2355 τίας
1146 2320 1386 2354 ἐναποψύχουσα
1409 2321 1515 2356 (τοῦτο
1539 2321 1588 2348 διὰ
1612 2321 1666 2348 τὸν
1688 2322 1846 2357 Λάζαρον).

1060 2365 1091 2393 Ἡ
1104 2365 1138 2391 δὲ
1149 2365 1302 2400 ἀπόφασις
1313 2365 1365 2392 τοῦ
1376 2366 1493 2394 δικαίου
1501 2366 1613 2401 κριτοῦ,
1631 2376 1640 2392 ι
1652 2368 1848 2395 Ἀπελεύσον-

1056 2420 1102 2437 τιιι
1115 2409 1198 2438 οὗτοι
1210 2411 1269 2445 μὲν
1279 2412 1323 2444 εἰς
1336 2411 1457 2439 αἰώνιον
1466 2413 1606 2445 κόλασιν,
1633 2415 1660 2440 οι
1684 2413 1718 2439 δὲ
1738 2413 1847 2441 δίκαιοι

1053 2458 1097 2489 εἰς
1113 2456 1189 2490 ζωὴν
1202 2457 1321 2484 αἰώνιον
1330 2466 1336 2472 ’
1353 2467 1361 2483 ι
1373 2459 1455 2485 οὔπω
1466 2459 1522 2493 πρὸ
1536 2459 1592 2493 τῆς
1610 2460 1737 2494 κρίσεως
1748 2460 1849 2495 χώραν

1054 2502 1116 2536 ἔχει
1132 2502 1166 2528 ἐν
1185 2503 1313 2536 τούτοις.
1851 2518 1856 2536 .'

1097 2547 1165 2574 Ἀλλ’
1183 2549 1233 2575 οὐκ
1250 2547 1308 2575 οἶδα.
1322 2549 1379 2581 πῶς
1404 2550 1457 2585 χρὴ
1469 2550 1554 2577 ταῦτα
1572 2552 1635 2586 περὶ
1657 2550 1707 2584 τῆς
1721 2528 1856 2589 τοιαύτηῑῗ

1054 2592 1180 2628 ἐννοῆσαι
1202 2594 1301 2629 ψυχῆς.
1320 2595 1356 2621 Τὸ
1376 2595 1431 2630 γὰρ
1452 2596 1502 2630 τῆς
1514 2595 1673 2627 ἀντιδόσεως
1698 2597 1794 2630 ὄνομα,
1820 2605 1834 2621 τ

1053 2639 1151 2674 χρῆναί
1166 2649 1190 2666 τι
1206 2640 1314 2672 πάντως
1325 2641 1584 2676 προπαρασχεοῆναι
1599 2641 1737 2676 σημαίνει,
1753 2641 1800 2667 τοῦ
1819 2641 1846 2667 δὲ

1055 2684 1091 2719 μὴ
1101 2683 1262 2719 βεϐιωκότος
1271 2685 1350 2716 ὅλως,
1360 2686 1376 2720 ἡ
1387 2684 1437 2721 ὕλη
1448 2686 1495 2712 τοῦ
1510 2695 1536 2712 τι
1552 2687 1703 2721 παρασχεῖν
1718 2686 1845 2721 παραφῄ-

1055 2739 1142 2765 ρηται.
1152 2730 1210 2765 Ἐφ’
1219 2726 1256 2758 ὦν
1265 2730 1292 2758 δὲ
1300 2731 1371 2763 δόσις
1381 2732 1431 2758 οὐκ
1438 2731 1521 2764 ἐστιν,
1532 2731 1592 2758 οὐδὲ
1603 2732 1736 2763 ἀντίδοσις
1747 2732 1845 2768 κυρίως
