1922 3078
67 98 116 126 169

450 103 492 129 DE
510 104 715 132 INFANTIBUS
738 105 798 138 QUI
817 104 1052 149 PREMATUBEV
1071 105 1314 134 ABRIPIUNTUR.

1644 106 1695 134 170

67 158 292 193 ὁνομαοθήσεται,
305 160 352 194 Μὴ
360 160 442 196 olim;
451 161 479 187 δὲ
486 162 536 196 τῆς
543 161 712 194 ἀντιδόσεως,
721 162 782 189 οὔτε
791 163 860 196 ἀγα-

922 163 986 188 latio
1004 169 1058 189 non
1078 166 1129 193 est,
1146 171 1195 189 nec
1206 163 1394 197 compensatio
1408 163 1518 197 quidem
1536 167 1562 190 et
1578 163 1698 192 retribu.

69 205 113 230 θόν
130 206 203 230 ἐστιν
214 205 276 231 οὔτε
289 206 375 232 κακον
388 207 419 233 τὸ
431 209 489 234 κατ’
505 208 600 236 ἐλπίδα
614 209 803 244 προκείμενον.
824 209 860 234 Τὸ

69 252 121 286 γὰρ
139 252 223 286 ονομα
240 252 331 283 τοῦτο.
350 253 404 280 τῶν
424 253 484 280 καθ’
498 255 627 290 ἑκάτερον
638 255 789 289 νοουμένων
812 254 860 290 τὴν

69 297 184 332 ἀμοιϐὴν
204 298 403 331 ἐπαγγέλλεται
412 307 419 314 ο
434 299 466 325 τὺ
481 299 508 325 δὲ
524 301 592 335 μήτε
605 301 634 326 ὲν
648 299 742 334 ἀγαθῷ
754 301 821 335 μήτε
831 301 861 326 ὲν

71 344 147 378 κακῷ
164 345 370 379 εὑρισκόμενον,
387 346 416 372 ἐν
432 346 520 372 οὐδενὶ
530 347 638 378 πάντως
655 347 728 373 ἐστίν
739 355 746 362 ·
760 347 861 381 ἄμεσος

71 391 124 424 γαρ
135 389 209 424 ήτῆς
218 389 348 424 τοιαύτης
358 390 520 422 ἀντιθέσεως
530 391 694 426 ἐναντιότης,
707 392 724 426 ἡ
736 391 782 417 τοῦ
793 392 861 425 ἀγα-

71 435 117 460 θοῦ
135 435 181 460 καὶ
193 434 240 460 τοῦ
254 435 350 465 κακοῦ,
365 435 446 469 λέγω,
462 433 500 463 ὧν
511 437 652 473 οὐθέτερον
667 437 740 463 ἔσται
751 458 758 469 ,
772 437 810 472 τῷ
823 437 861 472 μὴ

71 481 185 515 θατέρου
198 481 414 516 κατάρξαντι.Τὸ
421 481 504 516 οὖνλὲν
514 483 608 518 μηδενὶ
618 483 647 510 ὃν
659 484 734 510 οὐδὲν
742 481 809 510 εἷναί
821 492 863 514 τις

70 527 142 552 εἴποι
159 526 240 558 ὅλως.
255 527 288 554 Et
302 528 331 554 δέ
345 537 386 559 τις
402 528 433 554 τὸ
446 529 564 556 τοιοῦτον
579 530 625 556 καὶ
636 527 706 556 εἶναι
721 529 804 563 λέγοι,
816 528 863 555 καὶ

71 572 99 596 ἐν
115 571 230 604 ἀγαθοῖς
246 570 328 604 εἶναι,
345 573 469 605 διδόντος,
487 574 535 600 οὐκ
556 574 724 605 ἀποδιδόντος
734 573 782 600 τοῦ
794 572 862 600 Θεοῦ

72 617 107 643 τὰ
120 617 214 652 ἀγαθὰ
225 620 281 650 τοῖς
295 619 434 651 τοιούτοις,
456 620 535 646 ποίαν
548 620 621 654 λέγει
636 620 685 655 τῆς
701 618 863 654 ἀποκληρώ-

75 671 146 694 eam;
171 664 274 699 ταύτης
302 665 412 698 αἰτίαν;
442 665 497 692 Ποῦ
521 666 551 692 τὸ
561 665 663 692 δίκαιον
681 664 864 697 συναποδείξει

73 711 112 746 τῷ
125 711 197 746 λόγῳ
209 720 217 743 ;
235 712 297 743 Πῶς
308 712 335 738 δὲ
351 713 411 744 ταῖς
423 712 619 746 Εὐαγγελικαίς
633 713 734 746 φωναῖς
753 712 865 746 σύμφω-

74 765 118 783 νον
135 757 217 788 δείξει
231 758 261 783 τὸ
275 757 379 793 νόημα;
396 758 468 785 Ἐκεῖ
480 757 733 793 συναλλαγματικήν
745 766 806 783 τινα
816 757 865 792 τῆς

75 801 169 835 βασιλε
174 802 218 833 ίας
224 802 274 836 τὴν
283 803 296 828 ὲ
300 803 418 838 μπορίαν
427 804 483 834 τοῖς
495 802 569 834 ἁξιου
574 802 663 838 μένοις
670 802 800 837 προσγίνε
804 801 865 828 σθαι

74 847 159 880 λέγει.
184 848 293 883 Ἐπειδὴ
303 847 358 883 γὰρ
371 848 401 874 τὸ
415 849 461 874 καὶ
474 848 514 880 τὸ,
530 848 605 883 φησι,
620 847 799 881 πεποιήκατε,
814 846 863 881 τὴν

76 893 218 928 βασιλείαν
231 894 383 920 ἀντιλαϐεῖν
397 895 458 920 ἐστε
471 894 577 921 δίκαιοι.
600 893 729 920 Ἐνταῦθα
744 893 771 919 δὲ
784 893 865 928 μηδε-

78 941 154 973 μιᾶς,
165 940 234 974 μήτε
246 939 382 975 πράξεως,
395 940 463 974 μήτε
472 939 654 975 προαιρέσεως
666 939 795 974 ὑπούσης,
806 939 865 965 τίνα

78 986 175 1020 καιρὸν
189 985 246 1020 ἔχει
261 986 308 1012 καὶ
327 985 430 1017 τούτοις
446 985 521 1021 παρά
535 984 582 1012 τοῦ
596 985 664 1012 Θεοῦ
684 985 806 1018 γίνεσθαι
821 983 866 1010 λέ-

77 1036 136 1061 γειν
154 1028 186 1053 τὸ
206 1028 236 1059 ἐξ
250 1028 367 1063 ἀμοιϐῆς
383 1028 576 1062 ὲλπιζὸμενονς
598 1028 622 1054 εἰ
641 1028 670 1054 δέ
685 1036 725 1059 τις
737 1027 866 1054 ἀόασανί-

78 1081 149 1105 στως
162 1073 209 1099 τὸν
224 1073 343 1100 τοιοῦτον
359 1073 462 1106 δέξεται
476 1073 565 1107 λόγον.
578 1073 615 1104 ὡς
634 1074 741 1104 πάντως
755 1073 784 1099 ὲν
798 1072 867 1105 ἀγα-

78 1118 134 1149 θοῖς
160 1118 292 1153 ἐσομένου
308 1118 354 1144 τοῦ
377 1118 557 1154 παρελθόντος
577 1118 663 1150 οὕτως
677 1118 723 1144 ἐπὶ
739 1118 784 1144 τὸν
799 1117 866 1152 βίον,

79 1164 111 1190 ὲκ
135 1164 230 1190 τούτου
248 1164 480 1199 μακαριστότερον
505 1165 706 1200 ἀναφανήσεται
727 1164 777 1198 τῆς
795 1163 868 1199 ζωῆς

80 1211 110 1236 τὺ
124 1210 163 1245 μὴ
179 1210 302 1245 μετέχειν
317 1209 400 1246 ζωῆς,
419 1210 496 1244 εἴπερ
511 1210 607 1245 ἐκείνῳ
625 1211 673 1246 μὲν
685 1209 868 1245 ἀναμφίΰολος

80 1256 96 1290 ἠ
111 1256 166 1281 τῶν
181 1255 291 1289 ἀγαθῶν
303 1255 442 1290 μετουσία,
455 1255 506 1282 κᾶν
518 1255 662 1291 βαρϐάρων
671 1255 738 1290 τύχῃ
756 1255 867 1289 γονέων,

81 1303 128 1328 καὶ
150 1302 188 1337 μὴ
203 1301 390 1337 νενομισμένῳ
407 1301 493 1338 χυηθῇ
516 1303 614 1337 γάμῳ”
630 1301 668 1337 τῷ
681 1302 709 1328 δὲ
727 1302 869 1336 βεῦιωχὸτι

80 1348 126 1374 τὸν
140 1349 264 1383 χωρητόν
288 1356 318 1374 τε
341 1349 387 1374 καὶ
401 1348 515 1383 νόμιμον
535 1350 568 1384 τῇ
585 1349 664 1383 φύσει
680 1349 785 1384 χρόνον,
803 1349 870 1376 πὰν-

81 1402 135 1424 τως
158 1394 268 1428 ἢπλέον
287 1394 303 1428 ἢ
327 1393 438 1420 ἔλασσον
455 1395 469 1420 ὁ
483 1395 534 1428 τῆς
556 1395 654 1427 κακίας
683 1395 820 1430 μολυσμὸς
836 1397 869 1430 τῇ

84 1439 139 1475 ζωῇ
156 1440 356 1474 καταμίγνυται
368 1449 374 1454 ·
391 1440 418 1475 ἢ,
433 1441 458 1466 εἰ
472 1440 564 1475 μέλλοι
582 1441 721 1472 παντελῶς
739 1441 788 1476 τῆς
803 1441 871 1477 πρὸς

82 1485 112 1511 τὸ
136 1485 223 1512 κακὸν
240 1486 381 1517 κοινωνίας
398 1486 475 1518 ἐκτὸς
493 1485 573 1516 εἶναι,
586 1486 689 1513 πολλῶν
706 1487 780 1522 αὐτῴ
792 1486 870 1522 δεῖ[ν]

84 1531 205 1567 ἱδρώτων
219 1531 287 1567 πρὸς
302 1531 368 1558 αὐτὸ
382 1532 460 1558 τοῦτο
476 1532 523 1559 καὶ
537 1533 633 1560 πόνων.
649 1532 687 1560 Οὐ
700 1532 753 1567 γὰρ
769 1533 872 1568 ἀκμητὶ

84 1577 263 1612 κατορθοῦται
275 1578 331 1609 τοῖς
343 1577 479 1612 μετιοῦσιν
490 1577 628 1614 ἀρετὴ[ν],
637 1578 697 1604 οὐδὲ
707 1578 804 1609 ἄπονός
815 1579 873 1604 ἐστι

83 1625 139 1655 τοῖς
147 1623 300 1657 ἀνθρώποις
307 1625 324 1658 ἡ
334 1623 386 1650 τῶν
396 1623 554 1658 καθ’ἠδονὴν
561 1624 745 1659 ἀλλοτρίωςις,
755 1624 825 1650 ὥστε
833 1624 873 1650 ὲν).

84 1670 137 1695 τῶν
150 1669 269 1704 ἀνιαρῶν
281 1669 311 1701 ἐξ
322 1669 484 1705 ἀμφοτέρων
496 1669 686 1705 συνενεχθῆναι
699 1669 752 1696 δεῖν
766 1669 873 1700 πάντως

84 1716 129 1742 τὸν
139 1716 308 1750 μετασχόντα
313 1715 359 1742 τοῦ
368 1716 544 1751 χρονιωτέρου
554 1715 645 1751 βίου,ἦ
654 1715 700 1742 νῦν
709 1715 747 1750 τῷ
754 1715 874 1750 ἐπιπόνῳ

85 1761 133 1795 τῆς
149 1761 251 1796 ἀρετῆς
262 1760 434 1791 ἐναθλοῦντα.
447 1761 463 1795 ἦ
477 1761 536 1787 τότε
551 1760 593 1787 διὰ
604 1761 652 1795 τὴν
662 1761 690 1786 ἐν
703 1760 789 1795 κακίᾳ
802 1759 873 1794 ζωὴν

85 1808 118 1842 τῇ
134 1807 269 1833 ἀντιδόσει
291 1806 345 1833 τῶν
359 1806 490 1840 ἀλγεινῶν
505 1806 669 1841 ὀδυνώμενον
681 1814 688 1820 ·
716 1807 763 1832 ἐπὶ
777 1806 805 1832 δὲ
821 1806 874 1832 τῶν

86 1853 185 1887 ἀώρων
204 1852 324 1879 τοιοῦτόν
342 1853 415 1878 ἐστιν
436 1851 529 1879 οὐδέν’
555 1852 612 1878 ἀλλ’
628 1852 728 1884 εὐθέως
750 1852 766 1887 ἡ
785 1852 874 1887 ἀγαθὴ

86 1899 161 1934 λῆξις
184 1899 248 1930 τοὺς
260 1899 290 1924 ἐν
311 1898 399 1934 ἁωρίᾳ
421 1898 606 1934 μεταστάντας
619 1898 771 1933 ἐκδέχεται,
797 1899 876 1934 εἴπερ

87 1944 213 1980 ἀληθεύει
226 1945 280 1970 τῶν
293 1943 379 1976 οὕτως
391 1944 577 1979 ὑπειληφότων
590 1945 604 1971 ὸ
625 1943 712 1978 λόγος.
727 1944 831 1971 Οὐκοῦν
844 1945 877 1971 ἐκ

87 1991 136 2018 τοῦ
149 1991 297 2018 ἀκολούθου
321 1991 368 2017 καὶ
384 1990 430 2017 τοῦ
446 1989 525 2024 λόγου
539 1989 722 2025 προτιμοτέρα
739 1989 877 2025 δειχθήσε-

87 2048 132 2065 ται
150 2040 167 2073 ή
187 2038 293 2072 ἀλογία,
319 2038 365 2063 καὶ
379 2038 396 2072 ἡ
416 2036 499 2072 ἀρετὴ
518 2036 623 2068 οὐδενὸς
638 2036 701 2070 ἀξία
715 2036 760 2062 διὰ
775 2036 877 2062 τούτων

88 2085 303 2119 ἀναφανήσεται.
332 2084 361 2109 Εἰ
381 2083 436 2118 γὰρ
456 2083 575 2117 μηδεμία
594 2083 689 2116 γέγονε
705 2082 790 2117 ζημία
808 2082 877 2118 πρὸς

88 2131 137 2166 τὴν
155 2130 211 2156 τῶν
233 2129 342 2163 ἀγαθῶν
360 2128 504 2164 μετουσίαν
524 2127 563 2163 τῷ
588 2127 625 2164 μὴ
650 2129 811 2163 μετασχόντι
827 2129 877 2163 τῆς

88 2177 207 2212 ἀρετῆς.
237 2177 350 2211 μάταιον
373 2175 406 2201 ἂν
421 2175 463 2210 εἴη
478 2174 508 2201 τὸ
527 2174 591 2209 περὶ
609 2174 710 2209 ταύτην
727 2175 817 2200 πονεῖν
831 2174 877 2200 καὶ

88 2223 229 2257 ἀνόνητον,
245 2223 294 2257 τῆς
315 2221 412 2255 ἀλόγου
431 2220 623 2252 καταστάσεως
639 2221 668 2247 ὲν
689 2221 723 2256 τῇ
745 2220 792 2246 τοῦ
809 2220 877 2247 Θεοῦ

89 2269 179 2304 κρίσει
196 2267 422 2304 προτερευούσης.

911 210 950 236 tio
965 211 1074 244 proprie
1097 209 1292 236 nominabitur.
1310 208 1361 236 Ubi
1375 214 1463 236 autem
1479 210 1622 237 retributio
1641 218 1696 237 non

910 259 963 286 est.
981 262 1070 290 neque
1084 254 1184 281 bonum
1211 262 1300 286 neque.
1321 255 1431 284 malum,
1457 256 1530 289 quod
1548 257 1589 282 vel
1605 264 1697 291 spere-

911 304 966 333 tur,
985 301 1028 327 vel
1042 304 1190 330 metuatur.
1207 302 1376 335 propositum
1395 305 1438 327 est
1465 300 1494 327 1d
1505 301 1577 328 enim
1598 310 1697 329 nomen

911 353 1016 377 eorum.
1028 353 1088 380 qua:
1100 346 1125 373 in
1137 346 1293 372 alterutram
1305 350 1405 380 partem
1419 345 1616 380 intelliguntur.
1626 354 1698 373 com-

913 389 1099 421 pensationem
1114 393 1142 416 et
1157 389 1363 416 retributionem
1389 389 1542 424 promittit;
1558 391 1630 424 qttod
1649 398 1699 417 att-

913 438 966 462 tem
977 443 1064 469 neque
1077 435 1102 462 in
1118 435 1188 462 bono
1202 443 1288 470 neqtte
1300 436 1326 462 in
1342 435 1567 467 maloiuvenitnr,
1584 437 1611 463 in
1626 437 1698 463 nulla

913 489 943 507 re
956 489 1070 515 prorsus
1081 486 1122 508 est
1137 490 1142 508 :
1159 482 1221 508 sine
1240 481 1327 508 medio
1341 487 1381 508 est
1392 482 1462 508 enini
1472 481 1699 517 ejusmodioppo-

914 526 1022 553 sitionis
1035 528 1225 558 contrarietas.
1245 527 1308 554 boni
1323 534 1349 554 et
1366 528 1428 554 Iunii
1449 528 1568 562 inquam.
1585 536 1699 562 quorum

914 574 1042 598 neutrtmt
1076 571 1217 605 continget
1231 571 1255 598 ei
1283 571 1329 605 qui
1346 579 1398 598 non
1418 572 1533 599 alterius
1546 572 1699 606 exetnplum

914 619 940 642 et
963 617 1100 650 specimen
1110 616 1265 652 prazbuerit.
1279 616 1357 648 Quod
1374 616 1456 651 igitur
1470 616 1496 643 in
1513 617 1586 643 nulla
1602 625 1630 643 re
1646 622 1700 646 est.

915 670 949 689 ne
959 670 1020 689 esse
1034 663 1144 697 quidem
1159 670 1272 697 prorsus
1283 662 1384 697 aliquis
1396 662 1505 690 divrit.
1517 663 1592 695 Quod
1605 663 1626 689 si
1639 664 1701 696 quis

915 709 970 734 tale
984 713 1011 735 et
1028 716 1090 736 esse
1102 713 1129 736 et
1143 709 1170 735 in
1195 709 1275 736 bonis
1290 716 1352 736 esse
1374 707 1459 740 dicat,
1476 709 1532 736 Deo
1556 710 1625 735 bona
1640 709 1701 735 tali-

915 754 967 782 bus
983 755 1074 787 dante,
1094 763 1146 782 nou
1164 756 1302 788 reddente,
1319 763 1400 790 quain
1420 756 1501 790 hujus
1514 756 1701 782 attributiouis

916 807 1028 827 cauSam
1056 800 1173 828 aﬁeret?
1189 802 1232 828 ubi
1258 801 1391 836 justitiam
1411 802 1437 829 in
1451 802 1502 829 bac
1525 802 1702 829 attributione

917 845 998 872 simul
1014 846 1104 873 inesse
1119 847 1244 874 oratione
1266 847 1483 874 demonstrabit?
1498 847 1639 879 Quomodo
1654 854 1703 874 au-

916 897 968 918 tent
984 892 1053 918 banc
1074 893 1229 927 opinionem
1245 901 1306 920 cum
1327 893 1496 929 Evangelieis
1513 894 1625 921 vocibus
1637 901 1702 921 con-

916 937 1072 965 cordantem
1089 939 1231 966 ostendet?
1246 939 1302 966 lllic
1316 940 1424 974 quidem
1438 945 1564 974 tanquam
1578 948 1609 967 ex
1621 948 1702 975 nego-

917 984 957 1010 tio
973 989 1115 1011 contracto
1132 993 1243 1020 regnum
1263 994 1311 1013 eos
1323 987 1368 1021 qui
1397 986 1470 1020 digni
1485 987 1619 1013 habentur
1635 995 1701 1014 ('OII-

918 1035 1062 1057 secuturos
1073 1038 1134 1057 esse
1147 1031 1222 1057 dicit.
1239 1031 1372 1064 Quoniam
1385 1033 1458 1059 enim
1472 1033 1522 1060 hoc
1542 1039 1568 1060 et
1581 1033 1642 1065 hoc,
1659 1034 1702 1060 in-

917 1075 986 1109 quit.
1001 1075 1114 1108 lecistis,
1127 1084 1234 1111 :equum
1250 1081 1302 1108 est.
1330 1082 1358 1104 ut
1373 1086 1485 1112 regnum
1501 1079 1562 1106 loco
1581 1087 1704 1106 remune-

918 1122 1033 1149 rationis
1046 1123 1198 1158 accipiatis.
1216 1122 1265 1150 llic
1277 1131 1341 1151 vero
1363 1132 1424 1150 cum
1443 1125 1546 1152 nullum
1561 1133 1647 1160 neque
1663 1125 1704 1152 fa-

919 1172 993 1194 ctum
1009 1176 1096 1202 neque
1123 1169 1250 1197 voluntas
1268 1170 1365 1199 subsit.
1380 1178 1433 1205 qua
1458 1171 1564 1198 ratione
1586 1175 1613 1198 et
1625 1179 1705 1198 occa-

920 1215 997 1241 sione
1011 1215 1073 1249 quis
1086 1215 1158 1242 dicet
1170 1215 1252 1242 etiam
1267 1216 1309 1243 bis
1321 1224 1336 1242 a
1351 1215 1405 1243 Deo
1418 1217 1577 1252 contingere
1591 1217 1617 1244 id
1633 1217 1705 1252 qttod

920 1267 951 1286 ex
985 1261 1163 1287 retributione
1176 1266 1203 1288 et
1218 1263 1440 1296 compensatione
1469 1263 1612 1297 speratur?
1627 1263 1705 1294 Ouod

921 1306 944 1332 si
956 1306 1018 1340 quis
1032 1307 1090 1333 sine
1105 1306 1158 1333 ulla
1172 1307 1334 1334 cxcussionc
1350 1312 1376 1333 et
1389 1308 1589 1335 examinatione
1613 1308 1718 1342 hujus--

921 1351 994 1377 modi
1020 1351 1174 1386 opinionem
1190 1352 1380 1384 amplectetur,
1399 1353 1477 1386 qttasi
1492 1360 1605 1387 prorsus
1619 1353 1646 1380 itt
1663 1353 1709 1380 bo-

922 1397 965 1423 nis
981 1396 1088 1423 futurus
1106 1397 1141 1423 sit
1156 1397 1179 1424 is
1195 1397 1241 1431 qui
1255 1397 1305 1423 hoc
1318 1399 1398 1424 modo
1412 1398 1542 1432 prodierit
1569 1398 1596 1424 in
1612 1398 1706 1431 vitam,

922 1448 954 1468 ex
964 1440 1015 1467 bac
1032 1440 1162 1474 opinione
1176 1441 1288 1468 meliore
1304 1442 1460 1468 conditione
1475 1442 1634 1477 licatiorque
1648 1450 1709 1470 esse

923 1485 1061 1513 videbitur
1078 1487 1124 1521 qui
1137 1487 1197 1513 vita:
1210 1488 1346 1522 particeps
1362 1489 1475 1514 omnino
1491 1496 1546 1515 non
1559 1493 1612 1520 est.
1627 1496 1708 1523 quam

926 1532 971 1566 qui
990 1532 1065 1565 vivit,
1082 1532 1104 1559 si
1120 1532 1228 1566 quidem
1245 1533 1288 1558 ille
1297 1533 1482 1568 proculdubio
1498 1534 1629 1561 bonorutn
1646 1542 1710 1569 par-

926 1578 1012 1613 ticeps
1026 1578 1088 1608 erit.
1120 1579 1201 1605 etiatn
1220 1579 1242 1605 si
1259 1579 1393 1606 Barbaros
1420 1584 1546 1615 parentes
1560 1580 1659 1608 habeat
1683 1586 1710 1608 et

924 1622 1008 1657 justis
1020 1623 1204 1658 legitimisque
1214 1625 1317 1658 nuptiis
1331 1630 1481 1660 conceptus
1497 1633 1552 1652 non
1569 1626 1623 1659 sit;
1638 1627 1711 1653 illitis

927 1675 1017 1697 autent
1032 1669 1106 1700 vitae.
1122 1671 1168 1705 qui
1187 1670 1213 1697 id
1239 1671 1311 1705 qttod
1338 1675 1434 1698 natura
1457 1673 1530 1707 capit
1551 1677 1633 1708 atque
1647 1680 1713 1700 eon-

927 1717 1025 1749 Sttevit,
1038 1718 1153 1744 vivendo
1169 1723 1277 1752 tempus
1298 1719 1429 1752 exegerit.
1442 1727 1555 1753 prorsus
1572 1720 1612 1747 vel
1625 1719 1713 1754 major

927 1762 969 1788 vel
998 1762 1088 1788 minor
1111 1762 1300 1797 coinquinatio
1326 1763 1483 1790 vitiositatis
1501 1764 1712 1796 admiscebitur;

928 1811 975 1834 aut
985 1807 1007 1834 si
1016 1808 1124 1842 penitus
1135 1815 1151 1834 a
1163 1809 1424 1835 communionemali
1442 1817 1544 1836 vacuus
1559 1810 1621 1840 erit,
1643 1810 1714 1836 mul-

929 1855 965 1881 lis
985 1855 1009 1881 ei
1040 1855 1073 1882 ad
1088 1855 1141 1882 bor.
1168 1855 1257 1889 ipsum
1280 1855 1426 1882 sudoribus
1438 1859 1464 1882 et
1480 1855 1620 1883 laboribus
1645 1863 1714 1890 opus

927 1901 988 1928 eril.
1003 1900 1062 1927 Non
1078 1901 1150 1928 enim
1164 1901 1267 1935 absque
1293 1901 1400 1935 negotio
1425 1901 1471 1936 qui
1496 1902 1587 1928 virtuti
1604 1901 1716 1929 student

928 1954 988 1974 eam
1004 1950 1206 1981 assequuntur;
1229 1955 1317 1981 neque
1332 1947 1435 1981 absque
1448 1947 1540 1974 labore
1557 1947 1714 1974 hominibus

929 1992 1075 2026 contingit,
1094 1997 1123 2019 ut
1137 2000 1152 2018 a
1166 1992 1244 2019 malis
1272 1992 1457 2026 voluptatibus
1474 1991 1553 2019 alieni
1565 1992 1631 2023 sint.
1647 1993 1715 2019 adeo

930 2043 958 2064 ut
974 2045 1087 2072 prorsus
1101 2041 1226 2072 oporteat
1242 2045 1303 2064 eum
1319 2038 1364 2072 qui
1378 2037 1482 2064 diutius
1496 2038 1522 2064 in
1538 2038 1592 2064 vita
1607 2037 1716 2064 futurus

929 2083 974 2115 sit.
990 2083 1075 2110 altero
1089 2091 1123 2110 ex
1156 2084 1261 2110 duobus
1287 2084 1409 2110 molestis
1429 2083 1598 2118 implicatum
1617 2083 1715 2110 conﬂi-

929 2130 1007 2161 ctari.
1024 2129 1064 2156 vel
1082 2137 1155 2156 ntmc
1172 2130 1199 2156 in
1213 2129 1347 2156 laborioso
1356 2130 1486 2156 exercitio
1500 2130 1608 2157 virtutis
1622 2129 1717 2157 decor-

931 2179 1044 2208 tantem,
1055 2175 1096 2202 vel
1109 2179 1172 2201 tunc
1186 2182 1296 2209 propter
1311 2174 1392 2201 vitam
1408 2183 1455 2209 per
1471 2175 1602 2202 malitiam
1622 2181 1649 2202 et
1668 2184 1716 2202 ne-

931 2221 1045 2256 quitiam
1077 2224 1255 2252 transactam,
1287 2220 1313 2246 in
1340 2220 1520 2248 retributione
1547 2222 1666 2249 tristium
1690 2225 1717 2248 et

891 2264 912 2291 D
928 2267 1086 2294 acerbarunt
1107 2273 1197 2293 rerum
1213 2266 1354 2293 cruciatus
1365 2269 1393 2293 et
1401 2266 1510 2293 dolores
1531 2267 1690 2294 tolerantem
1709 2277 1715 2294 :

90 2315 117 2342 in
138 2315 315 2350 praematuris
327 2319 417 2341 autetn
433 2313 502 2340 nihil
514 2317 557 2340 est
571 2313 718 2347 ejusmodi.
732 2312 785 2339 Sed
802 2313 927 2348 protinus
937 2320 995 2344 eos,
1012 2313 1058 2347 qtti
1075 2312 1218 2339 immatura
1231 2316 1311 2339 aetate
1324 2320 1356 2338 ex
1373 2312 1424 2338 hac
1436 2313 1489 2338 vita
1504 2313 1628 2340 translati
1641 2319 1716 2343 sunt.

90 2364 112 2391 si
141 2364 224 2392 modo
245 2371 311 2391 vera
328 2370 423 2390 eorum
450 2362 497 2398 qui
527 2362 564 2388 ita
591 2362 768 2396 suspicantur
793 2365 819 2388 et
834 2361 960 2393 credunt,
976 2361 1068 2395 opittio
1085 2365 1142 2392 est,
1161 2360 1231 2386 bona
1255 2367 1316 2386 sors
1341 2363 1421 2394 atque
1446 2359 1566 2386 conditio
1601 2361 1714 2395 excipit.

90 2408 161 2445 Ergo
187 2416 221 2435 ex
248 2407 428 2442 conseqttenti
460 2407 576 2434 rationis
610 2406 732 2432 carentia
753 2405 835 2432 etiam
859 2405 918 2440 ipsa
936 2406 1041 2432 ratione
1059 2413 1119 2433 esse
1142 2405 1315 2439 praistautior
1329 2409 1356 2431 et
1375 2404 1522 2439 optabilior
1540 2407 1715 2438 ostendetur.

89 2463 115 2483 et
133 2457 224 2484 virtus
239 2455 342 2482 nttllins
358 2455 436 2490 pretii
467 2463 517 2490 per
536 2455 594 2481 huic
620 2454 774 2488 apparebit.
804 2453 869 2480 Nam
888 2454 911 2480 si
936 2454 1041 2480 nulltun
1060 2453 1190 2480 damnum
1224 2460 1256 2480 ac
1283 2453 1489 2486 detrimentum,
1514 2457 1646 2487 quantum
1684 2454 1717 2481 ad

91 2510 171 2529 usum
182 2506 211 2529 et
228 2500 464 2536 participationem
485 2500 619 2526 bonorum
643 2500 751 2530 attinet,
775 2498 875 2526 accidit
889 2499 914 2525 ei
932 2499 978 2534 qtti
996 2499 1133 2534 particeps
1149 2498 1258 2525 virtutis
1286 2505 1340 2525 non
1367 2498 1428 2531 fuit,
1449 2505 1548 2525 vanum
1575 2503 1602 2526 et
1623 2499 1719 2526 inutile

90 2548 149 2582 ejtts
164 2547 288 2574 studium
302 2545 392 2575 fuerit.
414 2553 476 2571 eum
493 2548 582 2572 status
611 2549 637 2570 et
667 2544 735 2570 ordo
749 2544 865 2571 rationis
882 2551 981 2579 expers
996 2544 1102 2578 priores
1114 2547 1205 2578 partes
1221 2544 1248 2570 in
1260 2543 1364 2577 judicio
1379 2542 1425 2570 Dei
1445 2544 1578 2571 obtineat.

124 2596 219 2623 Ταῦτα
247 2596 279 2621 σὺ
307 2595 396 2621 πάντα
422 2595 469 2620 καὶ
493 2593 528 2620 τὰ
550 2593 662 2620 τοιαῦτα
679 2593 880 2628 διανοούμενος,

89 2644 214 2676 ἐξετάσαι
234 2643 280 2669 τὸν
297 2642 361 2677 περὶ
386 2641 479 2668 τούτου
496 2640 574 2674 λόγον
598 2639 768 2672 διεκελεύσω,
784 2639 821 2671 ὡς
848 2639 881 2665 ἂν

90 2691 154 2725 ἡμῖν
177 2688 222 2715 διὰ
237 2688 286 2723 τῆς
302 2687 449 2714 ἀκολούθου
467 2687 604 2722 ζητήσεως
617 2685 663 2711 ὲπί
682 2693 753 2716 τινος
774 2684 881 2719 βεϐαίου

90 2736 224 2771 νοήματος
245 2735 262 2769 ἡ
281 2734 345 2768 περὶ
361 2732 444 2760 αὑτοῦ
470 2731 604 2767 ἱδρυνθειη
625 2731 737 2758 διάνοια.
761 2729 831 2764 Ἐγὼ
853 2730 882 2756 δὲ

92 2782 157 2816 πρὸς
173 2781 203 2808 τὸ
215 2780 401 2815 δυσθεώρητον
416 2778 463 2806 τοῦ
479 2778 654 2814 προτεθέντος
669 2777 733 2811 ἡμῖν
756 2776 882 2810 σκέμμα-

91 2836 134 2859 τος
153 2827 271 2863 βλέπων,
294 2825 424 2862 ἁρμόζειν
450 2826 498 2860 μὲν
523 2822 598 2860 οἶμαι
618 2824 664 2851 καὶ
675 2823 724 2858 τὴν
740 2823 786 2849 τοῦ
803 2823 883 2849 Ἀπο-

207 2875 344 2905 ΡΑτιιοι.
364 2874 424 2902 Gtt.
444 2871 554 2902 XLVI.

969 2593 1031 2620 Haec
1048 2598 1074 2620 et
1094 2592 1228 2627 ejusmodi
1246 2593 1348 2623 omnia.
1375 2599 1436 2618 enm
1467 2592 1559 2620 animo
1591 2595 1718 2626 agttares.

933 2638 1060 2666 hortatus
1074 2645 1104 2664 es
1113 2645 1165 2668 me,
1184 2641 1213 2663 ut
1228 2637 1308 2671 ltujus
1319 2637 1358 2663 rei
1376 2637 1509 2664 rationem
1525 2640 1672 2668 scrutarer,
1689 2639 1719 2662 ut

933 2691 983 2720 per
1000 2688 1214 2717 consequentem
1229 2686 1256 2709 ιιι
1266 2685 1478 2709 consentaneatn
1494 2680 1672 2716 quaestionem
1686 2687 1719 2706 ac

934 2728 1148 2763 disputationem
1163 2728 1241 2754 nobis
1254 2727 1280 2754 in
1293 2727 1381 2761 aliqua
1393 2728 1469 2754 ﬁrma
1479 2726 1607 2760 opinione
1621 2724 1654 2750 de
1670 2724 1721 2751 hac
1736 2742 1740 2747 .

936 2783 965 2803 te
976 2782 1052 2802 mens
1062 2778 1238 2802 statueretur.
1253 2773 1307 2807 Ego
1314 2780 1377 2800 vero
1391 2772 1610 2800 animadvertetis
1620 2775 1722 2804 quanta

936 2820 1080 2849 difﬁcultas
1095 2828 1126 2849 ac
1143 2819 1309 2855 perplexitas
1329 2819 1395 2846 insit
1423 2819 1450 2846 in
1468 2826 1499 2846 ea
1516 2826 1576 2852 qua:
1595 2816 1673 2844 nobis
1690 2815 1724 2842 ad

1526 2867 1546 2896 ϐ
