1922 3078
203 114 250 142 ΠΙ

816 106 844 133 S.
865 103 1029 132 CREGORII
1048 103 1194 130 NYSSENI

1778 97 1829 124 172

200 166 428 198 considerandum
454 170 482 194 et
505 164 745 200 contemplandum
761 163 899 198 proposita
911 170 985 197 quac-

1044 161 1130 187 ττόλου
1147 161 1238 196 φωνὴν
1261 160 1299 195 τῷ
1317 160 1428 195 παρόντι
1444 158 1525 192 λόγῳ.
1545 158 1578 192 ἣν
1593 156 1638 183 ἐπὶ
1665 156 1719 182 τῶν
1744 156 1830 189 ἀνεφ-

200 215 254 242 stio
267 219 321 245 est,
339 213 483 241 convenire
508 211 618 246 quidem
634 211 732 245 opinor
760 210 844 236 etiam
858 208 985 244 praesenti

200 259 424 288 commentationi
447 258 624 293 apostolicam
642 263 747 286 vocem,
768 263 822 289 qua
846 255 891 281 ille
920 262 987 281 usus

201 312 242 335 est
254 307 281 334 in
296 306 391 333 arduis
407 309 434 332 et
450 305 549 332 mentis
567 302 727 337 cogitationi
742 301 891 328 inaccessis
903 305 930 326 et
944 300 987 326 in-

201 352 494 388 comprehensibilibus
521 349 728 385 questionibus.
744 356 753 372 ι
782 347 943 376 Oaltitudo.
976 356 985 372 ι

201 400 338 433 inquiens,
357 407 366 423 ι
385 397 541 425 divitiarum
569 401 596 423 et
617 394 758 430 sapientia:
775 398 801 420 et
824 393 989 428 cognitionis

203 445 248 472 Dei
262 446 269 472 l
286 443 372 478 Quam
390 442 578 471 inscrutabilia
607 441 710 476 judicia
726 440 795 474 ejus,
811 445 838 467 et
849 440 989 474 investiga-

201 490 271 518 biles
284 490 333 517 vi:e
350 489 410 523 ejus
433 489 439 515 !
463 487 530 521 Quis
557 487 629 514 enim
650 486 777 521 cognovit
793 489 911 513 mentem
937 485 989 512 Do-

203 537 268 564 mini
285 537 316 563 ’τ
333 545 342 562 ι
356 535 408 562 Sed
421 536 549 570 quoniam
564 541 660 562 rursus
674 533 821 568 Apostolus
836 533 873 560 ait
889 532 910 563 ’⁸,
925 540 990 568 pro-

202 583 292 618 prium
318 582 467 618 spiritualis
483 589 545 609 esse
569 580 660 608 omnia
691 581 821 611 scrutari,
845 579 987 613 indagare.

202 628 346 664 exquirere
357 631 384 655 et
398 627 569 659 examinare,
582 631 663 662 atque
675 625 847 654 commendat
855 633 902 652 eos
917 625 962 659 qui
975 632 988 651 a

203 673 296 700 divina
315 673 401 708 gratia
417 672 444 699 in
473 673 547 700 omni
573 672 678 699 ratione
694 671 824 706 omnique
835 670 990 705 cognitione

205 718 283 746 ditati
315 722 391 749 sunt,
406 723 479 746 recte
511 725 553 744 ine
576 717 712 744 iacturum
735 725 797 744 esse
830 724 938 747 cenSco,
955 717 989 746 si.

203 764 292 799 quoad
308 764 367 798 ejus
391 764 447 791 ﬁeri
469 764 579 798 poterit,
603 763 807 798 inquisitionem
835 766 862 789 et
880 762 990 788 inresti—

203 810 338 845 gationem
366 817 418 836 non
436 809 581 844 negligam,
610 817 698 844 neque
717 809 787 843 quod
805 809 832 835 in
851 808 892 835 his
916 815 989 842 qua:-

1039 207 1119 233 ίκτων
1139 207 1241 238 ἐκεῖνος
1259 205 1405 239 πεποίηται
1421 204 1522 237 λέγων·
1541 213 1549 227 ι
1561 203 1593 229 Ὢ
1616 201 1696 236 βάθος
1713 201 1830 228 πλούτου

1038 254 1085 280 καὶ
1098 253 1194 287 σοφίας
1206 253 1252 279 καὶ
1267 251 1393 286 γνώσεως
1408 250 1476 276 Θεοῦ
1490 251 1496 276 l
1521 249 1565 279 Ὠς
1581 247 1779 283 ἀνεξερεύνητα
1795 247 1829 273 τὰ

1038 300 1159 335 κρίματα
1174 298 1265 329 αὑτοῦ,
1282 298 1328 324 καὶ
1342 296 1537 330 ἀνεξιχνίαστοι
1550 295 1578 321 αί
1592 294 1646 321 ὁδοὶ
1661 293 1762 320 αὺτοῦί
1782 291 1831 322 Τίς

1038 347 1093 382 γὰρ
1106 346 1175 380 ἔγνω
1198 345 1259 371 νοῦν
1273 343 1373 378 Κυρίου
1386 351 1393 374 ;
1416 353 1424 368 ι
1450 341 1558 376 Ἐπειδὴ
1573 341 1601 367 δὲ
1618 340 1699 367 πάλιν
1714 341 1728 365 ὁ
1750 338 1832 364 ’Λπό-

1039 391 1131 423 στολος
1147 391 1211 417 ἴδιον
1227 389 1273 416 τοῦ
1292 387 1476 424 πνευματικοῦ
1492 395 1557 421 φησι
1579 386 1610 412 τὸ
1625 385 1780 420 ἀνακρίνειν
1795 384 1830 410 τὰ

1039 435 1138 465 πάντα,
1157 435 1203 460 καὶ
1217 433 1375 468 ἀπώέχεται
1389 433 1451 462 τοὺς
1467 432 1542 466 παρὰ
1556 431 1604 465 τῆς
1626 430 1702 461 Θείας
1717 430 1831 464 χάριτος

1039 481 1247 511 πλουτισθέντας
1264 481 1293 506 ἐν
1308 479 1389 505 ’πανιὴ⁸
1407 478 1478 513 λόγῳ
1491 477 1538 503 καὶ
1553 476 1626 511 πασῃ
1639 475 1755 510 γνώσει·
1777 483 1830 502 κα-

1039 527 1093 559 λῶς
1115 527 1186 562 ἔχειν
1209 527 1279 561 φημὶ
1297 525 1333 560 μὴ
1350 523 1569 558 κατολιγωρῆσαι
1586 522 1636 555 τῆς
1652 522 1767 556 δυνατῆς
1786 521 1831 554 ἐξ-

1040 574 1167 605 ετάσεως,
1196 573 1262 608 μηδὲ
1286 571 1415 607 περιιδεῖν
1429 570 1458 596 τὸ
1481 569 1645 604 ζητούμενον
1670 569 1698 594 ἐν
1726 567 1831 598 τούτοις

1039 619 1216 655 ἀνερεύνητόν
1245 627 1273 644 τε
1300 618 1346 644 καὶ
1379 616 1550 651 ἀθεώρητον,
1579 614 1616 645 ὡς
1640 615 1673 640 ἂν
1700 614 1737 649 μὴ
1769 613 1829 640 καθ’

1040 665 1185 700 ὁμοιότητα
1207 664 1256 698 τῆς
1279 662 1325 688 τοῦ
1349 661 1540 696 προϐλήματος
1563 660 1727 691 ὑποθέσεως,
1745 659 1792 686 καὶ
1816 659 1830 685 ὁ

1040 710 1104 746 περὶ
1128 708 1208 735 αὑτοῦ
1233 708 1309 742 λόγος
1326 707 1423 742 ἀτελὴς
1438 705 1611 741 ἁφανισθείη,
1631 707 1647 740 ἢ
1667 707 1714 732 καὶ
1728 706 1828 741 ἄωρος,

1041 755 1166 790 καθάπερ
1187 763 1212 780 τι
1233 755 1328 789 νήπιον
1355 753 1410 779 τῶν
1438 753 1588 787 ἀρτιτόκων
1612 753 1676 788 πρὶν
1704 753 1743 783 εἰς
1772 751 1830 786 (pd);

1042 801 1181 837 προελθεῖν
1204 801 1251 827 καὶ
1268 800 1440 835 ἀδρυνθῆναι.
1456 796 1511 825 οἷόν
1525 807 1576 824 τινι
1601 798 1707 833 θανάτῳ
1724 799 1757 833 τῇ
1779 799 1830 832 ρᾳ-

205 840 284 886 ritur,
301 855 337 881 ita
354 840 500 889 despiciam
511 840 597 890 atque
609 840 792 886 contemnam,
805 857 834 880 ut
848 853 874 880 id
886 840 990 887 absque

1044 847 1126 882 θυμία
1142 846 1195 873 τῶν
1212 846 1280 881 πρὸς
1293 846 1342 881 τὴν
1360 845 1471 880 ζήτησιν
1485 845 1534 879 τῆς
1556 844 1683 879 ἀληθείας
1705 845 1831 870 ἀτονοῦν-

204 901 371 928 scrutatione
401 905 482 936 atque
516 901 744 935 contemplatione
770 899 988 935 przetermittam;

205 954 240 974 ne
254 946 287 974 ad
309 946 513 974 similitudinem
531 946 682 981 argumenti
704 946 849 981 proposita:
864 945 991 980 quaestio-

205 991 260 1022 nis.
278 992 366 1019 oratio
378 999 487 1026 quoque
506 991 539 1019 de
551 999 583 1019 ea
598 999 628 1018 re
650 991 806 1024 imperfecta
834 995 990 1022 evanescat,

205 1037 248 1065 vel
263 1037 344 1064 etiam
357 1041 420 1065 ante
446 1041 554 1073 tempus
570 1038 653 1065 veluti
676 1037 766 1065 infans
783 1038 882 1072 aliquis
910 1037 992 1064 modo

207 1087 297 1115 natus,
328 1083 488 1118 priusquam
514 1083 540 1110 in
558 1084 645 1110 lucem
673 1083 786 1118 prodeat
807 1089 833 1112 et
851 1089 990 1120 attgcscat,

205 1132 334 1163 tanquam
363 1133 450 1156 morte
478 1129 606 1164 quatiam,
638 1130 665 1157 in
688 1131 839 1164 quastione
868 1131 992 1159 veritatis

206 1173 390 1201 deﬁcientium
411 1175 518 1210 ignavia
544 1179 626 1210 atque
653 1176 779 1203 socordia
807 1176 922 1204 intereat
949 1181 991 1203 at-

205 1227 259 1254 que
272 1223 474 1254 corrumpatur.
490 1219 565 1247 Haud
582 1220 664 1255 igitur
678 1220 880 1247 incommodum
895 1221 991 1248 existi-

207 1271 261 1295 mo,
277 1272 331 1291 non
356 1265 449 1292 statim
467 1272 482 1291 a
511 1265 585 1293 fonte
616 1269 643 1292 et
669 1265 749 1292 initio
763 1274 838 1293 more
851 1271 991 1293 oratorum

207 1309 234 1336 in
247 1309 362 1344 judiciis
379 1310 576 1337 decertantium
591 1318 653 1338 cum
669 1312 886 1346 oppositionihus
902 1312 992 1346 impli-

206 1355 262 1382 cari
279 1360 361 1390 atque
376 1355 586 1390 conﬂigere.sed
605 1357 722 1392 quodam
733 1358 849 1384 orationi
866 1358 993 1393 imposito

206 1401 312 1433 ordine,
332 1409 379 1436 per
406 1403 628 1437 consequentiam
661 1403 806 1438 propositae
834 1405 993 1439 qumstionis

207 1446 358 1482 producere
371 1447 637 1474 commentationem.
650 1447 780 1481 Quisnam
797 1449 879 1484 igitur
891 1454 933 1476 est
950 1450 994 1478 ille

207 1492 274 1520 ordo
285 1493 296 1519 ?
306 1491 393 1520 Nosse
405 1493 522 1527 primum
535 1493 606 1520 unde
622 1499 718 1520 natura
733 1494 861 1525 humana,
877 1499 904 1522 et
913 1495 993 1529 cujus
1007 1506 1028 1536 ο

207 1539 246 1566 rei
264 1539 351 1572 gratia
370 1543 513 1574 procreata
539 1539 584 1566 sit.
601 1539 629 1566 Si
645 1540 717 1567 enim
734 1541 790 1567 haec
815 1548 865 1569 nos
884 1549 937 1568 non
954 1540 995 1568 fu-

207 1584 307 1619 gerint,
320 1592 369 1611 nec
383 1592 396 1610 a
407 1585 544 1619 proposita
553 1585 663 1620 quidem
676 1586 755 1613 nobis
766 1587 995 1614 commentatione

207 1628 435 1657 aberraverimus.
452 1629 512 1656 Jam
529 1637 593 1657 vero
624 1637 821 1665 supervacuum
839 1631 920 1659 fuerit
935 1639 994 1659 ora-

207 1675 281 1702 tione
296 1675 420 1710 probare.
445 1675 517 1709 quod
536 1675 667 1710 quidquid
692 1677 842 1704 secundum
858 1677 941 1705 Deum
968 1678 994 1705 in

207 1727 298 1747 rerum
315 1724 424 1751 natura,
440 1725 496 1747 tum
525 1725 617 1748 mente
632 1723 792 1757 percipitur,
808 1727 863 1749 tum
877 1723 995 1757 videtur,

207 1771 239 1791 ex
253 1764 312 1799 ipso
330 1764 385 1791 Deo
399 1765 547 1792 essentiam
566 1765 663 1793 habeat
680 1775 686 1792 :
702 1774 763 1793 cum
781 1775 871 1800 nemo,
886 1767 995 1802 opinor.

207 1817 302 1836 eorum
319 1809 365 1844 qui
383 1814 521 1844 utcunque
546 1818 637 1837 rerum
653 1812 794 1839 veritatem
819 1811 995 1845 contemplati

210 1855 323 1888 fuerint,
351 1855 507 1890 hnjusmodi
538 1856 693 1890 opinionem
717 1862 924 1893 oppugnaturus
949 1859 995 1885 ιιίι.

208 1899 411 1928 Constat‘enim
429 1900 499 1928 inter
521 1908 617 1928 omnes
648 1910 679 1928 ex
706 1910 757 1928 una
782 1910 863 1930 causa
880 1903 998 1938 pendere

208 1953 254 1973 res
270 1947 424 1979 universas,
441 1947 598 1982 nullamque
614 1955 669 1974 rem
682 1948 767 1982 ipsam
786 1955 817 1975 ex
834 1956 894 1975 sese
902 1956 997 1976 essen-

209 1992 275 2019 tiam
303 1991 412 2023 hahere,
429 2000 516 2028 neque
542 1993 585 2020 sui
601 1992 687 2028 ipsius
706 1993 868 2028 principium
886 1998 912 2020 et
936 2001 998 2021 cau-

210 2045 268 2065 sam
280 2045 358 2070 esse,
382 2037 430 2065 sed
444 2046 525 2065 unam
549 2038 658 2073 quidem
692 2046 754 2065 esse
785 2043 908 2066 naturam
943 2047 997 2068 non

211 2087 329 2110 creatam
365 2087 393 2111 et
428 2084 635 2119 sempiternam,
661 2091 722 2118 quae
740 2091 847 2119 semper
872 2084 998 2112 similiter

211 2132 238 2155 et
254 2128 349 2156 eodem
367 2129 448 2156 modo
475 2136 536 2156 sese
549 2129 658 2160 habeat,
679 2129 753 2155 omni
771 2130 937 2157 intervallari
956 2131 998 2157 in-

1041 902 1095 919 των
1120 891 1351 927 διαφθειρόμενος.
1374 891 1447 925 Φημὶ
1472 890 1561 916 τοίνυν
1586 890 1675 921 καλῶς
1696 889 1768 924 ἔχειν
1793 889 1829 925 μὴ

1043 937 1194 974 ῥητορικῶς
1217 946 1246 964 τε
1271 937 1319 964 καὶ
1336 935 1523 970 ἀγωνιστικῶς
1548 935 1628 966 εὐθὺς
1652 935 1722 961 κατά
1743 935 1831 970 στόμα

1043 986 1110 1021 πρὸς
1139 984 1288 1015 ἀντιθέσεις
1318 983 1538 1018 συμπλέκεσθαι,
1566 982 1634 1008 ἀλλά
1664 991 1723 1008 τινα
1754 982 1830 1013 τάξιν

1042 1029 1185 1061 ἐπιθέντας
1199 1029 1238 1064 τῷ
1255 1029 1337 1064 λόγῳ,
1351 1029 1383 1055 δι’
1399 1028 1545 1054 ἀκολούθου
1560 1027 1690 1061 προάγειν
1704 1028 1753 1062 τὴν
1766 1027 1833 1061 περὶ

1042 1075 1088 1101 τοῦ
1112 1074 1304 1109 προϐλήματος
1331 1073 1457 1109 θεωρίαν.
1485 1073 1532 1104 Τίς
1558 1071 1604 1099 οὖν
1630 1073 1646 1107 ἡ
1674 1072 1766 1105 τάξιςς
1794 1073 1830 1099 Τὸ

1042 1120 1143 1154 γνῶναι
1167 1119 1274 1155 πρῶτον
1295 1119 1355 1146 ὅθεν
1379 1120 1395 1154 ἡ
1419 1119 1574 1154 ἀνθρωπίνη
1595 1118 1684 1152 φύσις,
1703 1121 1750 1145 καὶ
1768 1119 1830 1145 ὅτου

1043 1167 1122 1202 χάριν
1138 1164 1219 1202 ἦλθεν
1233 1166 1273 1197 είς
1288 1165 1403 1199 γένεσιν.
1420 1165 1450 1191 Εἰ
1467 1164 1520 1200 γὰρ
1539 1164 1641 1190 τούτων
1657 1164 1693 1200 μὴ
1713 1165 1830 1200 διαμάρ-

1042 1220 1146 1247 τοιμεν,
1168 1211 1228 1238 οὐδὲ
1246 1211 1294 1246 τῆς
1315 1210 1497 1245 προκειμένης
1520 1210 1586 1245 ἡμῖν
1609 1210 1725 1246 θεωρίας
1739 1211 1830 1245 ἡμαρ-

1043 1258 1155 1293 τηκότες
1180 1257 1307 1292 ἐσόμεθα.
1322 1257 1359 1282 Τὸ
1378 1257 1426 1291 μὲν
1442 1254 1488 1282 οὖν
1505 1257 1535 1282 ἐκ
1549 1256 1615 1282 Θεοῦ
1630 1257 1683 1282 πᾶν
1698 1257 1712 1282 ὃ
1732 1256 1758 1282 τί
1778 1257 1831 1291 πέρ

1044 1305 1101 1330 ἐστι
1119 1303 1177 1339 μετ’
1194 1303 1274 1330 αὐτὸν
1289 1303 1317 1329 ἐν
1332 1304 1386 1333 τοῖς
1404 1300 1479 1328 οὖσιν
1495 1303 1524 1329 ὲν
1538 1304 1570 1338 τῇ
1588 1302 1666 1336 φύσει
1687 1303 1832 1337 νοούμενον

1043 1359 1073 1376 τε
1097 1350 1144 1376 καὶ
1170 1349 1306 1385 ὁρώμενον
1333 1348 1364 1374 τὸ
1380 1347 1449 1374 εἶναι
1474 1348 1555 1383 ἔχειν,
1582 1353 1706 1383 περιττὸν
1729 1348 1761 1374 ἂν
1787 1347 1830 1384 εἴη

1044 1396 1115 1431 λόγῳ
1129 1394 1391 1426 κατασκευάζεσθαι,
1407 1393 1523 1426 οὐδενὸς,
1539 1392 1624 1429 οἶμαι,
1641 1394 1694 1420 τῶν
1708 1394 1833 1420 ὁπωσοῦν

1045 1441 1258 1476 ὲπεσκεμμένων
1283 1440 1332 1476 τὴν
1357 1440 1410 1466 τῶν
1428 1439 1512 1466 ὄντων
1538 1440 1666 1475 ἀλήθειαν
1691 1439 1760 1474 προς
1783 1440 1833 1474 τὴν

1045 1487 1172 1522 τοιαύτην
1196 1486 1328 1521 ὑπόληψιν
1350 1485 1532 1521 ἐνισταμένου.
1565 1486 1749 1520 Ὀμολογεῖται
1777 1485 1832 1520 γὰρ

1046 1532 1122 1568 παρά
1143 1531 1262 1563 πάντων,
1290 1531 1353 1566 μιᾶς
1369 1530 1457 1562 αἰτίας
1472 1529 1585 1565 esseea;
1601 1530 1631 1556 τὸ
1646 1532 1710 1562 πᾶν,
1726 1530 1772 1556 καὶ
1788 1531 1834 1556 οῦ-

1045 1578 1090 1604 δὲν
1105 1577 1157 1604 τῶν
1170 1577 1253 1603 ὄντων
1270 1576 1351 1603 αὐτοῦ
1366 1576 1396 1608 ἐξ
1411 1576 1507 1603 ἑαυτοῦ
1530 1576 1560 1602 τὸ
1585 1574 1654 1602 εἶναι
1669 1576 1750 1612 ἔχειν,
1772 1576 1834 1603 οὐδὲ

1047 1623 1142 1649 ἑαυτοῦ
1157 1621 1226 1649 εἶναι
1247 1623 1333 1658 ἀρχὴν
1347 1623 1393 1650 καὶ
1414 1622 1512 1654 αίτίαν,
1529 1622 1596 1649 ἀλλὰ
1611 1623 1673 1657 μίαν
1689 1623 1738 1657 μὲν
1753 1623 1834 1656 φύσιν

1047 1667 1116 1695 εἶναι
1137 1669 1261 1695 ἄκτιστον
1289 1669 1333 1695 καὶ
1358 1668 1451 1700 ἀΐδιον,
1468 1668 1510 1694 ἀεὶ
1537 1668 1607 1695 κατά
1634 1668 1666 1694 τὰ
1693 1667 1764 1694 αὐτὰ
1788 1668 1835 1694 καὶ

1046 1714 1175 1746 ὡσαύτως
1191 1714 1314 1749 ἔχουσαν,
1341 1714 1440 1746 παντὸς
1461 1713 1674 1749 διαστηματικοῦ
1699 1714 1834 1748 νοήματος

1049 1760 1257 1796 ὑπερκειμένην,
1281 1759 1383 1795 ἀναυξῆ
1398 1769 1457 1786 τινα
1479 1760 1525 1786 καὶ
1541 1759 1683 1794 ἀμεὶωτον,
1698 1760 1745 1786 καὶ
1764 1768 1834 1785 παν-

1047 1807 1093 1839 τὸς
1108 1807 1171 1842 ὅρου
1186 1807 1312 1833 ἐπέκεινα
1329 1806 1532 1842 θεωρουμένην·
1553 1803 1586 1841 ἦς
1603 1806 1692 1841 ἔργον,
1711 1805 1758 1832 καὶ
1772 1806 1835 1841 χρό-

1048 1861 1102 1883 νος,
1120 1853 1166 1878 καὶ
1183 1852 1273 1883 τόπος,
1290 1852 1336 1878 καὶ
1349 1852 1384 1878 τὰ
1404 1853 1450 1878 ἐπὶ
1467 1852 1571 1882 τούτοις
1586 1852 1681 1882 πάντα,
1707 1852 1755 1878 καὶ
1769 1852 1796 1877 εἴ
1809 1860 1834 1878 τι

1049 1898 1101 1934 πρὸ
1124 1898 1224 1924 τούτων
1242 1897 1443 1932 καταλαμϐάνει
1465 1898 1481 1932 ὴ
1503 1897 1590 1923 ἔννοια
1613 1898 1706 1933 νοητόν
1733 1906 1762 1924 τε
1787 1898 1835 1924 καὶ

1049 1944 1242 1979 ὑπερκόσμιον.
1264 1944 1310 1969 Ἓν
1324 1944 1352 1970 δὲ
1373 1943 1425 1969 τῶν
1440 1943 1589 1976 γεγονότων
1607 1944 1653 1969 καὶ
1668 1943 1716 1978 τὴν
1730 1943 1835 1978 ἀνθρω-

1049 1992 1129 2025 πίνην
1144 1990 1223 2023 φύσιν
1237 1987 1305 2015 εἷναί
1320 1997 1420 2024 φαμεν,
1435 1989 1505 2024 λόγῳ
1521 1990 1572 2015 τινὶ
1585 1990 1634 2024 τῆς
1654 1990 1834 2016 θεοπνεύστου

1048 2035 1219 2067 διδασκαλίας
1231 2035 1319 2070 ὁδηγῷ
1333 2035 1400 2071 προς
1414 2035 1491 2062 τοῦτο
1507 2035 1695 2070 συγχρώμενοι
1704 2044 1711 2052 ·
1727 2037 1756 2068 ὅς
1767 2045 1834 2071 φησι

1049 2083 1158 2109 πάντων
1170 2082 1245 2115 παρά
1257 2081 1303 2108 τοῦ
1315 2080 1381 2107 Θεοῦ
1396 2081 1589 2117 παραχθέντων
1604 2082 1644 2112 είς
1657 2081 1774 2115 γένεσιν,
1788 2081 1835 2107 καὶ

1048 2129 1093 2155 τὸν
1109 2128 1249 2163 ἄνθρωπον
1265 2127 1311 2153 ἐπὶ
1327 2127 1375 2162 τῆς
1397 2127 1448 2161 γῆς
1475 2126 1674 2161 ἀναδειχθῆναι,
1691 2127 1720 2160 ἐξ
1741 2128 1834 2162 ἑτερο-

211 2173 321 2201 tellectn
348 2173 483 2208 superior,
509 2172 668 2200 incrementi
691 2172 934 2208 diminutionisque
949 2182 992 2201 ev-

1049 2175 1135 2208 γενῶν
1161 2173 1382 2208 συγκεκραμένον
1404 2173 1453 2208 τὴν
1472 2173 1561 2207 φύσιν,
1578 2173 1628 2207 τῆς
1644 2173 1718 2204 θείας
1741 2182 1771 2200 τε
1789 2175 1835 2200 καὶ

212 2226 286 2253 pers,
300 2226 360 2254 quae
373 2219 444 2245 ultra
456 2225 564 2245 omnem
581 2217 726 2244 terminum
737 2225 797 2245 csse
812 2219 998 2254 conspiciatur

212 2268 240 2291 et
262 2265 429 2299 intelligatur
446 2273 452 2291 :
469 2263 548 2298 cujus
570 2271 638 2298 opus
657 2264 692 2289 sit
708 2269 733 2290 et
748 2269 852 2298 tempus
875 2270 903 2292 et
923 2265 998 2292 locus

212 2314 240 2338 et
260 2311 303 2339 his
318 2309 512 2345 consequentia
527 2310 628 2341 omnia,
654 2317 684 2336 ac
697 2310 719 2336 si
736 2310 800 2344 quid
812 2315 874 2338 ante
884 2311 939 2337 haec
951 2319 998 2337 co-

213 2356 308 2390 gitatio
326 2354 542 2390 comprehendit,
558 2358 615 2381 tum
639 2355 695 2382 sola
715 2360 805 2382 tuente
818 2357 997 2391 comprehen-

212 2401 300 2433 sibile.
317 2405 375 2428 tum
398 2399 658 2434 supramundanum.
688 2400 775 2427 Unum
800 2407 890 2429 autem
914 2410 945 2429 ex
964 2403 997 2430 iis

212 2454 271 2482 qua!
298 2446 368 2473 facta
385 2449 459 2477 sunt.
479 2450 602 2473 naturam
632 2454 741 2481 quoque
764 2447 909 2474 humanam
935 2456 996 2476 esse

211 2493 339 2523 dicimus,
367 2492 491 2519 oratione
515 2492 632 2526 quadam
663 2493 763 2520 divinae
776 2494 907 2520 doctrinae
927 2494 996 2521 duce

211 2539 245 2566 ad
257 2539 308 2565 hoc
319 2541 443 2565 utentes:
457 2546 518 2572 quae
532 2539 579 2570 ait,
591 2539 719 2566 omnibus
734 2547 748 2566 a
769 2539 821 2567 Deo
834 2540 865 2566 ad
881 2548 995 2574 genera-

213 2585 312 2612 tionem
337 2584 488 2618 productis,
515 2585 650 2612 hominem
667 2593 775 2620 quoque
796 2592 879 2620 super
895 2590 995 2613 terram

211 2633 333 2657 creatum
353 2637 424 2659 esse.
437 2629 516 2664 cujus
527 2634 626 2657 natura
637 2638 670 2658 ex
679 2630 778 2658 diversi
789 2632 896 2666 generis
913 2632 995 2659 rebus

212 2678 412 2707 contemperata
429 2674 474 2706 sit,
493 2674 585 2702 divina
602 2675 832 2710 intellectualique
847 2680 942 2703 natura
961 2677 994 2704 ad

211 2726 270 2746 eam
292 2727 352 2755 qua:
366 2720 499 2756 cujusque
513 2721 638 2748 elementi
658 2721 683 2748 ei
697 2722 851 2750 contributa
866 2727 917 2755 est,
933 2730 996 2758 por-

262 2806 356 2835 ‘Rom.
372 2815 417 2841 xi,
433 2809 477 2836 35.
515 2810 526 2825 ⁵
544 2809 631 2837 lCor.
648 2817 685 2843 ιι,
704 2810 751 2838 10.

1049 2222 1144 2256 νοερᾶς
1158 2220 1260 2252 οὐσίας,
1271 2220 1338 2255 πρὸς
1350 2220 1398 2255 τὴν
1415 2220 1528 2246 ἑκάστου
1541 2219 1593 2245 τῶν
1611 2219 1749 2254 ποιχεῖων
1761 2220 1835 2254 αὐτῷ

1049 2268 1284 2302 συνερανισθεῖσαν
1300 2267 1397 2301 μοῖραν
1416 2265 1646 2300 καταμιχθείσης·
1665 2265 1790 2298 γενέσθαι
1806 2266 1834 2292 δὲ

1048 2313 1141 2340 τοῦτον
1166 2313 1240 2348 παρὰ
1263 2311 1308 2338 τοῦ
1332 2311 1529 2345 πεποιηκότος,
1553 2311 1594 2345 ἐφ’
1621 2307 1673 2344 ᾧτε
1699 2309 1766 2337 εἶναι
1786 2312 1834 2346 τῆς

1048 2359 1121 2390 θείας
1146 2367 1174 2385 τε
1201 2358 1247 2384 καὶ
1269 2357 1469 2393 ὑπερκειμένης
1497 2356 1636 2391 δυνάμεως
1663 2356 1782 2391 ἔμψυχόν
1807 2365 1833 2382 τι

1047 2405 1180 2439 ὁμοίωμα.
1203 2404 1310 2430 Βέλτιον
1334 2403 1356 2430 δ’
1381 2403 1414 2429 ἂν
1438 2403 1479 2438 εἴη
1499 2402 1546 2428 καὶ
1566 2402 1650 2437 αὐτὴν
1664 2401 1833 2434 παραθέσθαι

1047 2449 1095 2484 τὴν
1117 2448 1188 2482 λέξιν
1203 2448 1316 2483 ἔχουσαν
1337 2447 1440 2478 οὕτως·
1459 2456 1468 2472 ι
1493 2448 1547 2473 Καὶ
1570 2447 1692 2480 ἐποίησε,
1714 2456 1722 2471 ι
1741 2447 1832 2480 φησὶν,

1051 2504 1060 2519 ι
1078 2495 1092 2520 ὁ
1110 2494 1174 2526 Θεὸς
1196 2494 1241 2520 τὸν
1265 2493 1407 2530 ἄνθρωπον
1419 2501 1427 2508 '
1449 2493 1507 2519 κατ’
1521 2492 1610 2519 είκόνα
1624 2492 1690 2518 Θεοῦ
1707 2492 1833 2526 ἐποίησεν

1048 2541 1138 2568 αὐτόν.
1158 2551 1167 2566 ι
1185 2541 1240 2576 Τὴν
1261 2541 1289 2567 δὲ
1308 2540 1396 2567 αίτίαν
1418 2540 1467 2574 τῆς
1482 2539 1529 2566 τοῦ
1551 2539 1620 2570 ζώου
1637 2539 1730 2565 τούτου
1754 2547 1834 2565 κατα-

1049 2588 1158 2623 σκευῆς,
1174 2587 1228 2614 τῶν
1244 2587 1296 2623 πρὸ
1320 2587 1397 2622 ἡμῶν
1411 2595 1482 2617 τινες
1499 2585 1600 2620 ταύτην
1622 2585 1832 2614 ἀποδεδώκασιν,

1048 2634 1089 2660 ὅτι
1111 2633 1171 2668 διχῆ
1197 2633 1363 2668 διῃρημένης
1388 2632 1437 2666 τῆς
1464 2632 1578 2663 κτίσεως
1610 2631 1714 2664 πάσης.
1744 2630 1833 2662 καθώς

1050 2681 1154 2714 φησινὸ
1171 2679 1340 2711 ’Δπόστολος,
1358 2680 1398 2710 εἰς
1412 2679 1442 2705 τὸ
1462 2678 1558 2714 ὁρατόν
1579 2686 1609 2703 τε
1631 2677 1677 2703 καὶ
1701 2676 1831 2711 ἀόρατον·

1050 2725 1208 2760 σημαίνεται
1216 2724 1260 2751 διὰ
1273 2727 1321 2760 μὲν
1333 2724 1378 2752 τοῦ
1387 2723 1513 2760 ἀοράτου,
1521 2723 1551 2750 τὸ
1560 2723 1653 2758 νοητὸν
1665 2723 1712 2748 καὶ
1720 2721 1831 2757 ἀσώμασ
