1922 3078
89 108 137 137 173
475 107 518 134 DE
536 105 741 135 INFANTIBUS
758 104 819 139 QUI
835 103 1062 132 PRIEMATURE
1076 103 1323 133 ABRIPIUNTUR.
1662 104 1712 131 I74-

87 174 140 194 τον·
147 166 191 194 διὰ
204 165 233 192 δὲ
246 166 294 193 τοῦ
308 165 451 202 ὁρατοῦ,τὸ
461 165 589 201 αἰσθητόν
601 173 631 191 τε
648 165 693 192 καὶ
709 163 881 198 σωματῶδες.

939 164 1035 190 tionem
1064 161 1180 188 admista
1198 171 1204 188 :
1222 161 1295 188 hunc
1311 166 1401 188 autem
1426 161 1528 189 idcirco
1541 161 1640 189 factum
1653 170 1714 191 esse

89 224 102 242 a
116 215 258 246 Creatore,
284 218 315 242 ut
336 219 414 242 esset
437 214 537 241 divina;
553 218 634 248 atque
656 220 763 248 supera:
780 214 890 240 \‘ll'luliS
907 212 1058 240 animatum
1072 209 1209 244 quoddam
1232 209 1420 236 simulacrum.
1433 208 1610 237 Commodius
1623 214 1713 236 autem

88 261 264 290 fueritetiam
278 261 368 296 ipsam
381 262 408 288 in
423 261 542 288 medium
555 261 653 289 aﬂerre
663 261 820 294 dictionem,
839 269 899 296 quae
914 260 977 287 talis
992 262 1035 286 est
1052 268 1058 285 :
1074 266 1083 282 ι
1101 257 1134 284 Ει
1148 257 1222 288 fecit,
1243 266 1252 282 ι
1273 256 1372 291 inquit.
1393 265 1402 281 ι
1419 256 1490 284 Deus
1509 258 1655 290 hominem,
1672 266 1716 285 se-

87 308 206 336 cundum
222 307 372 343 imaginem
388 307 435 335 Dei
451 308 515 335 fecit
526 315 587 334 eum
604 308 626 334 ⁸.
645 317 653 333 ι
674 307 759 334 Porro
770 314 882 334 causam
902 305 1050 334 creatiouis
1067 303 1149 338 hujus
1167 303 1303 336 animalis,
1323 302 1432 337 quidam
1455 310 1548 329 eorum
1573 305 1620 338 qui
1651 307 1716 330 ante

88 362 137 382 nos
154 353 277 385 fuerunt,
295 354 367 380 hanc
380 353 569 385 reddiderunt,
587 354 660 389 quod
677 362 738 381 cum
760 353 886 380 bifariam
918 352 1005 379 divisa
1031 351 1067 377 sit
1090 349 1180 376 omnis
1207 353 1343 379 creatura,
1369 348 1596 383 quemadmodum
1627 349 1716 384 inquit

87 400 250 435 Apostolus,
267 400 295 426 in
313 400 421 427 visibile
434 400 540 428 scilicet
552 405 578 428 et
601 401 739 428 invisibile
755 409 762 426 :
782 408 830 435 per
841 398 980 426 invisibile
1004 398 1124 433 quidem,
1142 396 1168 422 id
1206 395 1277 430 quod
1313 399 1402 422 mente
1414 395 1516 430 percipi
1554 400 1652 431 potest,
1687 399 1715 423 et

89 447 286 480 incorporeum
298 454 305 478 ;
322 453 371 480 per
382 446 489 474 visibile
503 451 593 474 autem
606 447 737 474 sensibile
749 450 776 474 et
790 453 952 481 corporeum
973 444 1153 479 signiﬁcatur.

119 494 170 526 Είς
183 493 230 521 δύο
244 494 334 520 τοίνυν
347 493 432 521 ταῦτα
446 494 616 530 διῃρημένων
638 495 748 522 πάντων
764 496 818 522 τῶν
832 496 877 522 ὅν-

86 547 150 569 των,
166 539 206 570 εἷς
217 547 248 565 τε
261 539 291 565 τὸ
305 539 442 574 αἰσθητὸν.
453 540 533 574 λέγω,
548 540 595 566 καὶ
607 541 647 572 εἰς
658 542 688 567 τὸ
701 541 760 567 κατ’
774 540 878 567 ἔννοιαν

87 584 291 620 θεωρούμενον·
306 585 353 611 καὶ
367 585 416 619 τῆς
431 585 480 620 μὲν
495 585 641 621 ἀγγελικῆς
657 594 687 612 τε
702 587 748 613 καὶ
766 587 878 622 ἀσωμά-

87 639 134 656 του
152 630 271 665 φύπως,
286 631 347 666 ἣτις
359 631 412 657 τῶν
424 632 556 667 ἀοράτων,
573 633 601 658 ἐν
615 633 669 664 τοῖς
683 633 878 669 ὑπερκοσμίοις

88 685 118 703 τε
131 678 180 704 καὶ
193 677 398 713 ύπερουρανίοις
412 678 602 714 διαιτωμένης.
614 678 657 706 διὰ
669 679 700 705 τὸ
714 679 879 714 κατάλληλον

89 719 161 748 εἶναι
179 723 213 757 τῇ
229 722 308 757 φύσει
323 723 353 749 τὸ
367 723 524 758 ἐνδιαίτημα
540 723 567 758 (ἦ
587 731 617 749 τε
632 723 686 759 γὰρ
702 724 781 759 νοερά
800 724 880 757 φύσις

89 767 177 803 λεπτή
201 777 244 800 τις
260 769 307 795 καὶ
325 769 432 804 καθαρὰ
459 769 506 796 καὶ
531 769 635 806 άὸαρὴς
658 770 705 796 καὶ
728 771 878 806 εὐκίνητος,
898 788 918 816 Β

88 814 119 840 τό
143 823 174 840 τε
190 814 315 850 οὐράνιον
337 815 417 850 σῶμα
437 815 535 841 λεπτόν
548 824 577 842 τε
593 815 640 842 καὶ
652 815 751 850 κοῦφον
767 816 814 843 καὶ
826 817 882 842 ἀει-

89 860 214 895 κίνητον)
227 869 234 876 ο
250 860 298 895 τῆς
316 861 344 887 δὲ
357 861 418 895 γῆς,
431 860 446 887 ὃ
458 860 489 896 δὴ
497 861 551 887 τῶν
565 861 700 896 αἰσθητῶν
713 862 786 888 ἐστιν
800 861 881 897 ἔσχα-

89 913 146 936 τον,
163 905 271 936 οἰκείως
286 914 315 931 τε
326 906 372 932 καὶ
391 905 563 940 καταλλήλως
575 906 643 940 πρὸς
655 907 703 942 τὴν
716 907 770 933 τῶν
779 907 882 942 νοητῶν

89 951 119 978 ὲν
137 951 209 986 αὐτῇ
222 951 358 986 διαγωγὴν
373 951 423 977 οὐκ
438 951 566 986 ἐχούσης·
583 952 636 987 (τίς
654 952 708 988 γὰρ
723 952 755 980 ἂν
778 953 882 987 γένοιτο

89 996 139 1023 τοῦ
159 997 315 1032 ἀνωφεροῦς
331 1005 360 1023 τε
381 998 426 1024 καὶ
451 997 552 1032 κούφου
577 998 645 1033 πρὸς
659 998 690 1024 τὸ
705 998 774 1034 βαρύ
791 1007 820 1025 τε
835 999 882 1025 καὶ

91 1041 223 1077 ἐμϐριθὲς
241 1042 399 1074 κοινωνία;)
420 1042 457 1074 ὡς
477 1043 509 1069 ἂν
531 1043 567 1078 μὴ
588 1043 698 1076 τελείως
718 1045 830 1080 ἄμοιρός
852 1054 881 1072 τε

91 1088 140 1114 καὶ
156 1087 310 1123 enixi-ripa;
324 1089 341 1123 ἡ
357 1088 394 1123 γῆ
408 1088 458 1123 τῆς
471 1089 567 1124 νοερᾶς
579 1098 608 1115 τε
624 1089 671 1116 καὶ
685 1090 829 1125 ἀσωμάτου
845 1091 883 1118 δι-

95 1133 210 1168 αγωγῆς
227 1134 280 1168 εἴη,
295 1133 389 1160 τούτου
412 1134 490 1169 χάριν
510 1135 665 1170 προμηθείᾳ
686 1135 818 1170 κρείττονι
835 1136 883 1172 τὴν

92 1178 268 1214 ἀνθρωπίνην
284 1179 413 1214 συστῆναι
429 1181 550 1212 γένεσιν,
566 1181 599 1215 τῇ
618 1180 698 1215 νοερᾷ
716 1189 744 1206 τε
763 1181 808 1207 καὶ
825 1180 884 1216 θείᾳ

92 1225 144 1259 τῆς
160 1225 248 1260 ψυχῆς
260 1224 339 1260 οὐσίᾳ
350 1225 400 1257 τῆς
412 1226 509 1260 γηῖνης
523 1225 620 1261 μοίρας
642 1226 881 1261 περιπλασοεῑσης,

93 1271 132 1302 ὡς
143 1271 177 1297 ἃν
188 1272 221 1306 τῇ
238 1271 307 1306 πρὸς
317 1270 346 1297 τὸ
363 1270 489 1305 ὲμῦριθὲς
495 1279 524 1296 τε
532 1271 576 1297 καὶ
592 1271 752 1306 σωματῶδες
763 1272 885 1306 συμφυῖᾳ

94 1316 271 1352 καταλλήλως
286 1316 384 1351 ἡψυχὴ
399 1315 437 1351 τῷ
449 1317 570 1351 στοιχείῳ
589 1317 639 1352 τῆς
655 1317 705 1352 γῆς
722 1317 883 1352 ὲμὸιοτεύοι,

96 1362 212 1397 ἐχούσης
233 1370 259 1388 τι
290 1362 358 1397 πρὸς
379 1361 427 1398 τὴν
452 1362 500 1397 τῆς
520 1362 618 1397 σαρκὺς
642 1363 735 1389 οὐσίαν
756 1363 884 1397 συγγενὲς

96 1409 143 1434 καὶ
159 1407 306 1444 ὁμόφυλον.
323 1408 426 1439 Σκοπὸς
447 1407 474 1435 δὲ
490 1409 542 1435 τῶν
559 1408 706 1444 γινομένων
727 1409 795 1439 ἐστὶ,
814 1409 844 1435 τὸ
856 1410 885 1436 ὲν

96 1455 171 1490 πάσῃ
196 1456 229 1490 τῇ
254 1454 340 1481 κτίσει
366 1454 410 1482 διὰ
435 1456 484 1490 τῆς
507 1456 603 1491 νοερᾶς
626 1456 733 1490 φύσεως
765 1457 815 1491 τὴν
838 1456 885 1482 τοῦ

95 1501 197 1532 παντὸς
222 1501 422 1537 ὑπερκειμένην
448 1501 604 1535 δοξάζεσθαι
632 1502 755 1537 δύναμιν,
778 1502 831 1529 τῶν
853 1511 883 1528 τε

95 1547 266 1583 ἐπουρανίων
280 1548 326 1574 καὶ
351 1548 405 1574 τῶν
417 1547 576 1583 ἐπιχθονίων
590 1548 634 1575 διὰ
648 1548 698 1584 τῆς
711 1548 795 1584 αὐτῆς
809 1549 851 1576 ὲνε
857 1557 885 1583 ρ-

95 1593 173 1627 γείας
188 1593 270 1628 (λέγω
284 1593 312 1620 δὲ
325 1594 369 1620 διὰ
384 1593 431 1620 τοῦ
449 1593 516 1630 πρὸς
532 1594 576 1621 τὸν
589 1594 653 1620 Θεὸν
670 1593 787 1630 βλέπειν)
803 1594 884 1629 ἀλλή-

95 1638 153 1671 λοις
178 1638 247 1675 πρὸς
267 1639 313 1666 τὸν
330 1639 410 1666 αὑτὸν
435 1639 536 1666 σκοπὸν
554 1640 771 1674 συναπτομένων.
799 1639 832 1666 Ἢ
856 1640 884 1666 δὲ

94 1684 142 1711 τοῦ
173 1683 282 1719 βλέπειν
306 1684 375 1720 πρὸς
398 1684 444 1711 τὸν
472 1685 538 1712 Θεὸν
575 1686 698 1720 ἐνέργεια
725 1686 800 1712 ούδὲν
822 1686 885 1713 ἄλλο

97 1730 183 1761 ἐστὶν,
198 1729 216 1765 ἢ
232 1729 288 1764 ζωὴ
304 1731 337 1765 τῇ
359 1730 439 1765 νοερᾷ
455 1730 533 1764 φύσει
555 1731 658 1757 ἐοικυῖά
680 1739 709 1757 τε
723 1731 771 1757 καὶ
787 1732 884 1758 κατάλ-

97 1775 188 1810 ληλος.
217 1775 324 1810 Ὥσπερ
347 1775 400 1810 γὰρ
423 1775 456 1802 τὰ
481 1776 594 1811 σώματα
618 1777 700 1812 γήϊνα
723 1776 796 1808 ὄντα,
825 1779 886 1809 ταῖς

96 1821 207 1855 γηῖναις
238 1821 421 1856 διακρατεῐται
444 1823 574 1856 τροφαῖς,
601 1823 647 1849 καί
674 1831 699 1849 τι
724 1823 886 1858 σωματῶδες

97 1866 173 1901 ζωῆς
194 1864 263 1898 εἶδος
284 1867 312 1892 ὲν
336 1866 441 1898 τούτοις
462 1866 717 1902 καταλαμϐάνομεν,
734 1868 834 1903 ὁμοίως
857 1869 886 1895 ὲν

98 1912 208 1946 ἀλόγοις
231 1921 260 1939 τε
284 1913 330 1939 καὶ
351 1912 467 1947 λογικοῖς
491 1913 700 1949 ὲνεργούμενον·
718 1913 804 1945 οὕτως
817 1912 886 1940 εἷναί

97 1965 160 1985 τινα
175 1957 228 1993 χρὴ
240 1958 286 1985 καὶ
302 1958 398 1993 νοητὴν
419 1958 490 1994 ζωὴν
505 1959 689 1991 ὑποτίθεσθαι,
701 1959 735 1986 δι’
758 1957 792 1995 ἧς
806 1961 834 1986 ἐν
848 1959 887 1994 τῷ

97 2003 155 2029 δντι
171 2003 343 2038 συντηρεῖται
358 2003 374 2037 ἡ
389 2002 477 2036 φύσις.
494 2002 526 2029 El
541 2003 568 2029 δὲ
580 2004 596 2039 ἡ
609 2003 659 2038 τῆς
681 2003 780 2039 σαρκὸς
790 2004 886 2039 τροφὴ,

97 2049 246 2085 ὲπὶρῤυτός
262 2057 304 2080 τις
317 2046 384 2075 οὖσα
402 2050 448 2075 καὶ
464 2050 644 2085 ἀπορρέουσα,
664 2050 698 2076 δι’
716 2050 800 2085 αὐτῆς
815 2058 887 2084 παρ-

97 2094 160 2121 όδου
171 2094 287 2129 δύναμίν
299 2103 359 2121 τινα
370 2095 486 2130 ζωτικὴν
507 2095 692 2122 ἐναποτίθεται
708 2093 748 2128 οἷς
762 2095 795 2122 ἂν
809 2095 888 2131 γένη-

966 493 1033 520 Cum
1055 493 1138 527 igitur
1160 492 1186 518 in
1210 491 1266 518 haec
1289 490 1343 518 duo
1359 490 1447 517 divisa
1468 490 1524 517 sint
1547 490 1637 517 omnia
1657 499 1717 526 quae

932 544 1007 572 sunt,
1036 539 1063 566 in
1093 538 1232 570 sensibile,
1260 538 1383 572 inquam.
1413 541 1440 564 et
1464 537 1492 563 in
1516 537 1542 564 id
1569 537 1640 572 quod
1669 545 1718 572 per

933 584 1034 611 mentis
1065 584 1241 619 agitationem
1260 587 1288 610 et
1315 583 1509 617 cogitationem
1525 583 1718 611 consideratur

932 633 959 656 et
972 629 1147 664 intelligitur,
1166 632 1248 663 atque
1268 628 1389 662 angelica
1410 627 1518 663 quidem
1543 632 1571 656 et
1588 629 1717 664 incorpo-

933 682 979 702 rea
1001 678 1116 706 natura,
1137 681 1197 708 quae
1221 681 1254 700 ex
1281 672 1466 700 invisibilihus
1490 678 1543 705 est,
1570 674 1597 700 in
1623 681 1720 708 supra-

934 719 1081 747 mundanis
1096 724 1124 746 et
1139 718 1383 754 supercoalestibus
1399 718 1523 753 Partibus
1550 719 1718 746 domicilium

935 767 1043 798 habeat,
1067 770 1209 800 propterea
1232 765 1304 800 quod
1320 772 1351 792 ea
1371 765 1451 792 sedes
1466 765 1503 792 illi
1534 769 1638 793 naturae
1652 773 1720 792 con-

935 813 1048 839 veniens
1072 815 1100 839 et
1125 810 1331 838 accommodata
1354 811 1390 837 sit
1419 810 1502 843 (nam
1527 811 1596 838 sicut
1623 815 1720 838 natura

936 857 1127 885 intellectualis
1142 857 1232 884 tenuis
1245 856 1380 891 quaedam,
1396 863 1472 891 pura,
1485 856 1613 890 ponderis
1624 865 1721 892 expers

934 909 962 931 et
987 904 1066 939 agilis
1091 907 1143 936 est,
1171 903 1209 930 ita
1235 910 1337 938 corpus
1359 910 1468 937 quoque
1486 903 1607 937 caaleste,
1628 907 1719 933 tenue,

935 950 993 978 leve
1009 955 1035 977 et
1053 957 1160 984 semper
1175 949 1274 976 mobile
1294 949 1346 981 est)
1364 957 1370 975 :
1388 952 1461 975 terra
1479 952 1579 981 autem,
1601 956 1661 984 quze
1674 957 1722 977 ex-

937 1002 1052 1023 tremum
1071 997 1200 1022 nimirum
1220 1002 1252 1021 ex
1272 994 1449 1022 sensibilibus
1465 999 1517 1026 εει,
1542 1002 1603 1021 cum
1620 994 1653 1021 ad
1670 995 1721 1022 hoc

936 1048 999 1078 apta
1026 1047 1108 1077 atque
1123 1040 1330 1068 accommodata
1346 1047 1400 1067 nou
1423 1040 1468 1070 sit.
1486 1045 1515 1067 ut
1534 1041 1560 1067 in
1577 1048 1607 1068 ea
1622 1041 1722 1076 degant

936 1095 967 1115 ea
982 1095 1043 1123 qua:
1056 1087 1113 1115 sola
1134 1091 1224 1114 mente
1239 1085 1529 1120 comprehenduntur:
1545 1087 1636 1121 (quam
1649 1087 1721 1114 enim

936 1132 1156 1160 communionem
1174 1132 1273 1159 habeat
1288 1131 1315 1157 id
1330 1131 1403 1166 quod
1429 1131 1487 1158 leve
1505 1136 1548 1158 est
1569 1139 1601 1158 ac
1613 1139 1721 1159 sursum

937 1178 1033 1210 fertur,
1057 1185 1119 1205 cum
1144 1185 1177 1205 eo
1195 1178 1266 1212 quod
1293 1184 1374 1213 grave
1393 1184 1425 1204 ac
1445 1177 1628 1212 ponderosum
1643 1178 1722 1213 est?)

937 1232 972 1251 ne
993 1228 1065 1250 terra
1097 1223 1206 1258 penitus
1233 1231 1331 1258 expers
1355 1231 1388 1251 ac
1408 1232 1494 1252 vacua
1521 1231 1594 1253 esset
1620 1226 1653 1253 ab
1680 1226 1722 1253 in-

939 1269 1082 1297 Iellectuali
1115 1273 1142 1296 et
1177 1269 1338 1304 incorporea
1366 1271 1591 1303 conversatione,
1621 1272 1724 1299 idcirco

938 1315 1107 1350 providentia
1135 1315 1250 1344 meliori.
1277 1322 1338 1342 cum
1366 1316 1544 1344 intellectuali
1571 1318 1725 1352 divinaeque

938 1361 1036 1388 animae
1059 1365 1163 1387 natura:
1186 1364 1293 1388 terrena
1319 1362 1407 1395 portio
1433 1362 1600 1390 circumdata
1623 1369 1650 1390 et
1675 1364 1725 1391 ob-

939 1407 1020 1433 ducta
1043 1410 1131 1438 esset,‘
1152 1406 1228 1433 aiunt
1250 1407 1395 1433 humanam
1419 1407 1564 1435 conﬂatam
1592 1416 1654 1436 esse
1675 1417 1724 1436 ua-

939 1457 1040 1484 turam,
1074 1455 1102 1478 ut
1134 1459 1181 1486 per
1207 1460 1266 1478 eam
1295 1459 1429 1486 quacum
1458 1454 1576 1488 pondere
1600 1455 1725 1489 corporis

940 1497 1043 1524 coaluit
1069 1497 1302 1532 coniunctionem.
1324 1502 1387 1533 apte
1413 1502 1494 1534 atque
1520 1501 1726 1528 accommodate

937 1545 1040 1571 viveret
1063 1544 1154 1570 anima
1186 1543 1214 1571 in
1243 1545 1380 1572 elemento
1402 1551 1491 1577 terrm,
1518 1555 1578 1581 qua:
1601 1547 1725 1574 nonnihil

937 1590 1110 1623 cngnalionis
1126 1595 1153 1617 et
1169 1589 1309 1618 aﬂtnitatis
1325 1591 1406 1618 habet
1421 1600 1482 1618 cum
1507 1597 1605 1620 natura
1621 1594 1726 1620 carnis.

938 1635 1001 1663 Ilaec
1020 1641 1110 1663 autem
1136 1636 1228 1663 omnia
1253 1636 1306 1663 huc
1330 1640 1472 1671 spectant,
1498 1643 1526 1664 ut
1548 1638 1676 1666 nimirum
1698 1639 1725 1666 in

937 1682 1011 1709 omni
1032 1686 1159 1709 creatura
1183 1689 1231 1716 per
1252 1681 1463 1710 intellectualem
1485 1687 1610 1710 naturam
1640 1685 1726 1720 glori-

939 1729 1067 1756 ﬁcaretur
1089 1732 1116 1755 et
1138 1728 1324 1756 celebraretur
1341 1737 1372 1756 ea
1388 1730 1476 1757 virtus
1492 1735 1518 1757 et
1532 1735 1652 1765 potestas
1667 1739 1727 1766 qua:

938 1774 1021 1807 supra
1049 1772 1177 1808 praesidet
1194 1773 1277 1801 rebus
1297 1773 1443 1804 universis,
1471 1778 1528 1801 tum
1558 1776 1730 1805 caelestibus.

938 1824 995 1847 tum
1019 1821 1206 1852 terrestribus,
1237 1827 1285 1854 per
1308 1820 1431 1847 eamdem
1459 1820 1630 1848 eﬂicientiam
1654 1822 1728 1857 (dico

939 1871 1027 1893 autem
1048 1874 1096 1900 per
1115 1866 1177 1898 hoc,
1205 1870 1234 1892 ut
1254 1866 1287 1893 ad
1314 1865 1397 1893 Deum
1417 1867 1576 1902 respiciant)
1608 1867 1641 1894 ad
1657 1876 1729 1895 cam-

939 1912 1000 1939 dem
1018 1912 1196 1940 intentionem
1219 1912 1290 1939 inter
1307 1920 1368 1939 sese
1387 1912 1551 1947 conjunctis.
1569 1912 1654 1940 Porro
1671 1913 1728 1941 eili-

927 1959 1040 1986 'cicntia
1065 1959 1228 1993 respiciendi
1244 1959 1276 1985 ad
1296 1958 1390 1991 Deum,
1407 1959 1476 1986 nihil
1497 1959 1627 1986 estaliud
1646 1968 1727 1995 quant

939 2005 996 2030 vita
1022 2004 1198 2032 intellectuali
1223 2008 1328 2031 naturae
1345 2005 1510 2031 conveniens
1531 2010 1557 2032 et
1572 2012 1728 2032 accommo-

941 2050 1014 2078 data.
1025 2050 1259 2083 Quemadmodum
1272 2050 1344 2077 enim
1361 2054 1468 2077 terrena
1483 2057 1597 2085 corpora
1612 2051 1729 2079 terrenis

942 2100 1143 2123 conservantur
1158 2095 1238 2127 cibis,
1251 2103 1284 2122 ac
1297 2103 1457 2130 corpoream
1481 2096 1626 2130 quamdam
1641 2096 1668 2124 in
1685 2097 1727 2124 his

98 2148 162 2167 ταιο
180 2139 258 2175 πόσῳ
273 2140 371 2175 μᾶλλον
386 2142 403 2176 ἡ
428 2141 556 2176 μετουσία
578 2140 624 2168 τοῦ
641 2141 724 2173 ὅντως
742 2141 827 2173 ὄντος,
842 2141 885 2168 τοῦ

942 2142 1003 2169 vita:
1017 2142 1134 2176 speciem
1147 2141 1386 2175 deprehendimus,
1402 2148 1462 2175 quae
1478 2142 1505 2168 in
1523 2142 1609 2169 brutis
1627 2143 1727 2176 pariter

99 2186 145 2213 ἀεὶ
163 2186 290 2221 μένοντος
310 2187 357 2212 καὶ
379 2187 493 2214 πάντοτε
514 2187 644 2219 ὡσαύτως
666 2188 783 2223 ἔχοντος,
801 2189 829 2214 ὲν
850 2188 890 2222 τῷ

97 2229 170 2258 εἶναι
188 2231 319 2265 φυλάσσει
334 2232 379 2258 τὸν
401 2233 583 2268 μετασχόνταί
610 2234 641 2259 Εἰ
660 2231 706 2260 οὖν
725 2232 793 2269 αὕτη
816 2234 889 2260 ἐστὶν

100 2277 118 2311 ή
133 2276 222 2303 οἰκεία
236 2285 267 2303 τε
283 2277 330 2303 καὶ
344 2277 508 2312 κατάλληλος
529 2280 562 2314 τῇ
580 2279 660 2314 νοερᾷ
676 2279 755 2313 φύσει
771 2279 838 2314 ζωὴ,
860 2279 890 2305 τὸ

99 2321 148 2349 eo?)
162 2322 231 2348 Θεοῦ
253 2323 386 2358 μετέχειν,
407 2325 456 2350 οὐκ
468 2324 500 2351 ἂν
513 2325 557 2351 διὰ
570 2325 624 2351 τῶν
637 2325 764 2351 ἐναντίων
785 2325 890 2359 γένοιτο

99 2368 116 2402 ἡ
133 2368 274 2402 μετουσία,
291 2369 316 2395 εἰ
339 2369 375 2404 μὴ
388 2369 486 2405 τρόπον
501 2370 560 2397 τινὰ
578 2371 706 2405 συγγενὲς
721 2372 763 2406 εἴη
779 2370 818 2405 τῷ
829 2371 890 2406 ὁρε-

99 2413 209 2448 γομένῳ
224 2413 256 2440 τὸ
278 2415 466 2449 μετεχόμενον.
496 2415 538 2447 Ὧς
557 2416 612 2451 γὰρ
635 2415 766 2451 ὀφθαλμῷ
786 2416 890 2450 γίνεται

99 2460 150 2494 τῆς
169 2459 258 2494 αὐγῆς
271 2460 289 2495 ἡ
303 2460 452 2492 ἀπόλαυσις
464 2461 503 2496 τῷ
517 2462 633 2497 φυσικὴν
651 2462 737 2497 αὐγὴν
751 2463 780 2488 ὲν
802 2462 891 2497 ἑαυτῷ

100 2505 168 2538 πρὸς
191 2505 242 2540 τὴν
262 2505 310 2532 τοῦ
333 2506 479 2541 ὁμογενοῦς
496 2507 635 2544 ἀντίληψιν
657 2507 738 2543 ἔχειν,
761 2508 809 2535 καὶ
829 2507 891 2534 οὕτε

100 2548 241 2582 δάκτυλος,
267 2550 330 2577 οὗτε
361 2551 425 2577 ἄλλο
449 2560 476 2578 τι
499 2551 553 2578 τῶν
580 2551 668 2587 μελῶν
691 2552 737 2579 τοῦ
766 2551 891 2588 σώματος

101 2594 206 2630 ἐνεργεί
223 2596 273 2631 τὴν
291 2597 396 2632 ὅρασιν,
416 2597 460 2624 διὰ
476 2598 506 2624 τὸ
522 2599 656 2633 μηδεμίαν
670 2599 702 2625 ἐκ
719 2598 825 2633 φύσεως
840 2600 891 2625 αὑ-

102 2640 150 2675 γὴν
166 2643 194 2667 ὲν
209 2641 284 2677 ἄλλῳ
304 2642 358 2668 τινὶ
371 2642 425 2669 τῶν
442 2643 529 2678 μελῶν
551 2644 782 2671 κατεσκευάσθαι·
805 2644 891 2677 οὕτως

101 2687 207 2722 ἀνάγκη
225 2688 301 2714 πᾶσα
317 2689 362 2715 καὶ
384 2689 430 2716 ἐπὶ
451 2690 500 2724 τῆς
520 2690 566 2717 τοῦ
579 2690 647 2717 θεοῦ
662 2691 806 2726 μετουσίας
819 2688 889 2717 εἶναί

100 2741 124 2760 τι
144 2734 276 2768 συγγενὲς
297 2735 365 2770 πρὸς
384 2735 417 2762 τὺ
436 2736 615 2772 μετεχόμενον
634 2738 662 2764 ὲν
680 2738 714 2772 τῇ
739 2737 819 2772 φύσει
842 2736 888 2763 τοῦ

137 2826 148 2842 ¹
167 2825 239 2854 Gen.
258 2833 287 2860 I,
303 2825 348 2853 9-7.

941 2192 968 2216 et
990 2189 1095 2215 ratione
1116 2187 1237 2222 praeditis
1256 2192 1399 2214 exercetur
1417 2197 1423 2214 :
1450 2187 1486 2214 ila
1506 2195 1607 2222 ponere
1622 2193 1728 2223 oportet

942 2241 1003 2261 esse
1016 2233 1162 2268 quamdam
1180 2232 1261 2259 etiam
1286 2232 1385 2260 mentis
1399 2233 1536 2259 intellectu
1551 2233 1729 2268 comprehen-

943 2279 1049 2306 sibilcm
1079 2282 1106 2305 et
1124 2278 1288 2305 iuvisibilem
1311 2278 1405 2310 vitam,
1433 2286 1482 2312 per
1506 2287 1588 2313 quam
1620 2280 1647 2306 in
1678 2288 1728 2307 sua

942 2325 1062 2352 essentia
1083 2328 1180 2350 natura
1204 2328 1395 2351 conservatur.
1410 2324 1488 2357 Quod
1508 2325 1530 2352 si
1556 2326 1647 2353 carnis
1677 2326 1728 2352 ali-

942 2373 1065 2396 mentum
1087 2369 1199 2397 aﬂiuere
1216 2377 1248 2396 ac
1268 2369 1386 2397 deﬂuere
1413 2371 1534 2403 solitum,
1559 2379 1606 2406 per
1628 2373 1729 2398 transi-

944 2420 1002 2442 tum
1028 2415 1119 2450 ipsum
1143 2416 1194 2442 vim
1228 2417 1374 2450 quamdam
1405 2416 1512 2443 vitalem
1537 2417 1729 2445 subministrat

944 2461 1047 2495 quibus
1071 2462 1206 2496 ingestum
1229 2462 1321 2494 fuerit,
1345 2466 1449 2496 quanto
1473 2464 1559 2498 magis
1583 2463 1728 2498 participa-

945 2508 983 2534 tio
1009 2508 1069 2542 ejus
1094 2508 1141 2542 qui
1165 2515 1259 2534 revera
1280 2512 1332 2540 est,
1349 2507 1396 2542 qui
1421 2515 1528 2542 semper
1542 2513 1634 2535 manet
1647 2512 1728 2542 atque

945 2552 1041 2580 eodem
1065 2552 1148 2579 modo
1175 2559 1284 2588 semper
1309 2559 1339 2580 se
1369 2552 1459 2585 habet,
1484 2553 1511 2579 in
1536 2561 1585 2580 sua
1608 2554 1726 2580 essentia

945 2602 1090 2626 conservat
1109 2605 1171 2625 eum
1187 2598 1233 2633 qui
1249 2598 1384 2633 particeps
1401 2598 1460 2633 ejus
1476 2599 1575 2625 l‘ueritl
1599 2597 1626 2624 Si
1645 2598 1726 2632 igitur

944 2644 1003 2672 haec
1016 2645 1126 2680 propria
1138 2645 1359 2679 conveniensque
1371 2644 1545 2671 intellectuali
1554 2647 1660 2669 natura:
1672 2644 1725 2668 vita

943 2695 995 2722 est,
1011 2691 1034 2718 si
1049 2690 1095 2718 Dei
1118 2690 1253 2725 particeps
1267 2690 1314 2720 sit,
1342 2697 1511 2728 nequ_aquam
1529 2697 1576 2723 per
1588 2689 1725 2715 contraria

942 2737 1116 2772 participatio
1140 2736 1297 2771 contigerit,
1320 2736 1374 2764 nisi
1397 2736 1488 2765 aliuuo
1510 2735 1590 2762 modo
1604 2734 1630 2761 id
1647 2734 1726 2767 cujus
