1922 3078
177 133 230 160 175

814 131 841 158 S.
860 130 1024 158 GREGORII
1039 131 1184 159 NYSSENI

1755 129 1808 156 176

176 190 349 227 [anticipatio
373 194 415 218 est
440 196 587 226 cognatum
612 194 693 217 luent
712 197 737 218 et
757 191 829 226 quod
857 191 959 226 appetit

1013 191 1203 223 ἀπολαύοντος.
1220 193 1268 218 Διά
1283 190 1361 217 τοῦτό
1381 198 1462 225 φησιν
1479 190 1495 225 ὴ
1510 187 1616 224 Γραφὴ,
1636 188 1696 214 κατ’
1714 187 1808 213 είκόνα

175 242 202 263 et
225 238 361 272 particeps
378 244 439 264 esse
455 236 541 270 cupit.
560 235 595 262 Ut
612 236 684 264 enim
700 236 780 263 oculo
797 244 864 264 usus
886 241 967 271 atque

175 282 269 309 fruilio
299 282 454 317 splendoris
479 282 614 317 contingit
638 290 672 309 ex
704 290 736 308 co
760 282 833 316 quod
856 286 967 316 natura-

174 330 226 356 lem
244 330 270 356 in
298 337 360 356 sese
379 329 550 364 splendorem
574 329 656 356 habet
670 327 703 355 ad
720 329 964 364 apprehensionem

174 383 206 402 ac
231 377 434 410 perceptionem
456 375 517 410 ejus
545 374 618 410 quod
637 375 761 409 ejusdem
785 375 893 409 generis
908 378 965 407 est;

175 429 206 449 ac
237 430 325 456 neque
355 421 471 457 digitus,
502 428 591 456 neque
624 420 695 447 aliud
727 421 812 446 ullum
838 421 964 455 corporis

175 468 329 494 membrum
356 468 447 494 visunt
467 470 587 498 exercet,
614 471 756 501 propterea
775 466 847 501 quod
871 466 963 493 nullus

176 513 202 540 in
226 513 280 539 alio
295 513 423 548 quopiam
438 512 623 539 membrorum
648 519 662 537 a
688 516 786 538 natura
808 511 911 538 inditus
929 511 964 539 sit

175 560 305 594 splendor
323 569 329 586 :
347 560 383 586 ita
405 559 484 593 plane
507 565 619 586 necesse
641 562 683 585 est
701 559 783 585 etiam
808 558 834 584 in
852 558 964 592 partici-

175 605 283 640 patione
305 605 349 631 Dei
376 604 505 639 quiddam
526 611 587 630 cum
615 611 647 631 eo
670 604 752 637 cujus
774 603 867 630 fruitio
882 608 963 639 atque

174 651 347 686 participatio
365 654 408 677 est
420 653 565 684 cognatum
588 657 649 677 esse
665 650 691 676 in
713 654 811 676 natura
832 649 960 677 fruentis.

174 695 279 723 Idcirco
305 695 446 730 Scriptura
465 695 544 726 dicit,
565 695 716 722 secundum
745 694 891 729 imaginem
912 695 960 723 Dei

175 742 311 769 hominem
333 749 395 769 esse
408 741 524 773 Factum,
544 746 573 768 ut
595 749 642 776 per
662 741 689 768 id
709 741 783 776 quod
801 741 891 769 simile
905 746 959 775 est,

174 788 274 819 simile,
296 788 403 823 opinor,
418 787 540 814 rvideret.
567 786 650 814 Deum
668 793 758 814 autem
777 787 881 819 videre.
904 788 960 815 vita

1018 237 1085 264 Θεοῦ
1102 237 1265 272 γεγενῆσθαι
1289 237 1334 263 τὸν
1360 236 1521 271 ἄνθρωπον
1536 235 1574 266 ὡς
1597 233 1640 263 ἄν,
1659 232 1745 267 οἶμαι,
1768 232 1809 267 τῷ

1017 285 1102 320 ὁμοίῳ
1125 284 1234 319 βλέπειν
1253 283 1284 310 τὸ
1308 284 1408 317 ὅμοιον.
1427 282 1463 308 Τὸ
1484 282 1513 308 δὲ
1533 281 1640 316 βλέπειν
1661 280 1706 307 τὸν
1730 279 1808 307 Θεὸν.

1018 331 1090 356 ἐστὶν
1111 331 1127 365 ἡ
1154 329 1210 365 ζωὴ
1234 330 1283 364 τῆς
1300 329 1400 364 ψυχῆς,
1417 327 1507 360 καθὼς
1536 328 1565 354 ἐν
1587 328 1644 358 τοῖς
1672 326 1810 361 φθάσασιν

1017 377 1132 412 εῐρηται.
1154 375 1230 402 Ἐπεὶ
1244 375 1272 401 δέ
1285 383 1343 406 πως
1367 375 1383 409 ἡ
1405 373 1452 400 τοῦ
1465 373 1572 408 ἀληθῶς
1595 372 1697 407 ἀγαθοῦ
1712 372 1810 406 ἄγνοια

1017 421 1142 457 καθάπερ
1164 430 1207 453 τις
1227 420 1325 456 ὁμίχλη
1348 420 1386 454 τῷ
1409 419 1556 455 διορατικῷ
1577 420 1627 452 τῆς
1648 418 1738 454 ψυχῆς
1760 419 1810 445 ὲπ-

1016 467 1172 502 εσκότησεν,
1193 466 1359 502 παχυνθεῖσα
1380 466 1408 493 δὲ
1429 467 1445 502 ἡ
1469 465 1566 501 ὀμίχλη
1589 465 1668 499 νέφος
1687 464 1808 498 ἐγένετο,

1015 513 1086 540 ὥστε
1105 512 1149 539 διὰ
1172 512 1218 539 τοῦ
1243 511 1341 547 βάθους
1361 512 1410 548 τῆς
1433 511 1556 545 ἀγνοίας,
1578 511 1626 546 τὴν
1639 511 1736 538 ἀκτῖνα
1757 510 1810 545 τῆς

1015 558 1142 594 ἀληθείας
1158 558 1196 594 μὴ
1210 557 1365 585 διαδύεσθαι
1375 565 1382 572 ·
1398 557 1553 591 ἀναγκαίως
1566 557 1604 592 τῷ
1618 556 1750 592 χωρισμῷ
1761 555 1808 582 τοῦ

1015 604 1103 638 φωτὸς
1125 604 1172 631 καὶ
1195 605 1212 639 ἡ
1237 604 1293 639 ζωὴ
1311 604 1396 638 αὐτῆς
1413 602 1594 635 συνεξέλιπεν.
1620 603 1736 639 Εἴρηται
1753 601 1810 638 γὰρ

1013 650 1063 685 τὴν
1077 649 1164 685 ἀληθῆ
1180 638 1252 685 ζωὴν
1265 638 1314 684 τῆς
1330 649 1418 684 ψυχῆς
1438 649 1467 675 ἐν
1482 650 1514 684 τῇ
1532 648 1661 684 μετουσίᾳ
1674 638 1721 674 τοῧ
1740 648 1810 682 ἀγα-

1015 695 1061 722 θοῦ
1090 695 1276 731 ἐνεργεῖσθαι,
1300 695 1350 730 τῆς
1374 695 1401 721 δὲ
1425 695 1536 729 ἀγνοίας
1559 694 1628 729 πρὸς
1653 694 1703 729 τὴν
1733 694 1810 720 θείαν

1014 741 1178 777 κατανόησιν
1202 741 1400 776 ἐμποδιζούσης
1432 741 1558 767 ἐκπεσεῖν
1583 740 1632 775 τῆς
1660 739 1732 774 ζωῆς
1758 739 1809 774 τὴν

1013 788 1102 824 ψυχὴν
1130 788 1179 824 τὴν
1192 788 1240 815 τοῦ
1255 788 1322 814 Θεοῦ
1339 787 1375 823 μὴ
1391 787 1566 822 μετέχουσαν.

173 835 271 861 anima:
288 838 340 866 est,
360 833 591 868 quemadmodum
618 832 644 858 in
669 832 888 867 przeccdentibus
918 833 1022 860 dictum
1047 839 1089 861 est
1115 834 1252 866 Quoniam
1290 837 1382 860 autem
1415 832 1485 866 ejus.
1513 831 1587 866 quod
1615 838 1680 857 vere
1704 830 1808 856 bonum

173 885 225 910 est.
253 880 417 915 ignorantia,
432 879 513 906 veluti
528 878 625 905 nebula
637 879 760 912 quaedam
781 880 959 914 perspectivze
979 880 1079 907 anima:
1101 879 1224 906 facultati
1242 879 1371 906 tenebras
1383 878 1497 910 oil'udit;
1530 877 1629 904 nebula
1654 883 1721 903 vero
1741 875 1810 903 dcu-

173 932 232 954 sata
260 926 347 953 nubes
368 926 437 952 facta
458 930 510 954 est.
532 925 600 951 adeo
621 928 651 951 ut
680 932 728 960 per
746 925 961 960 profunditatem
982 927 1143 961 ignorantia:
1169 926 1265 953 radius
1299 925 1422 952 veritatis
1446 927 1590 958 penetrare
1616 931 1671 950 non
1707 923 1806 958 possit.

173 979 329 1000 necessario
358 979 410 997 una
452 978 513 997 cum
540 971 693 1004 privatione
732 970 802 998 lucis
825 971 906 998 etiam
937 972 992 998 vita
1018 972 1107 1006 ipsius
1134 971 1247 998 defecit.
1280 969 1387 998 Dictum
1419 974 1461 996 est
1489 970 1561 996 enim
1590 977 1682 996 veram
1708 968 1808 994 anima:

173 1019 256 1044 vitam
276 1025 323 1052 per
338 1017 400 1043 boni
420 1017 658 1051 participationem
678 1017 815 1049 exerceri,
835 1018 990 1053 ignorantia
1028 1026 1095 1045 vero
1126 1018 1173 1045 Dei
1205 1017 1430 1052 contemplationi
1455 1021 1538 1051 atque
1575 1015 1726 1051 cognitioni
1762 1015 1805 1042 of-

175 1066 282 1091 liciente
299 1064 352 1090 vita
376 1063 514 1090 excidisse
536 1065 656 1090 animam
679 1071 740 1098 qua:
756 1063 802 1090 Dei
828 1065 966 1099 particeps
985 1073 1038 1091 non
1065 1065 1110 1092 sit.

208 1108 294 1136 Porro
307 1116 386 1135 nemo
397 1108 475 1135 nobis
489 1109 682 1135 necessitatem
697 1110 819 1143 imponat
831 1110 964 1144 originem
983 1114 1002 1140 Β

173 1155 334 1190 ignorantia:
343 1154 509 1189 exponendi,
523 1154 594 1181 ιιιιιιο
607 1155 664 1181 haec
678 1155 816 1189 inquiens.
827 1159 854 1182 ct
863 1163 876 1181 a
889 1164 959 1190 quo;

174 1201 222 1228 sed
238 1210 271 1228 cx
295 1202 352 1236 ipsa
377 1201 578 1235 signiﬁcatione
600 1201 718 1228 nominis
740 1201 873 1235 intelligat
889 1200 961 1236 quod

174 1248 289 1274 scientia
309 1252 389 1282 atque
412 1247 566 1281 ignorantia
592 1247 713 1274 indicent
733 1248 852 1274 animam
869 1248 962 1282 aliquo

174 1293 255 1322 modo
282 1302 343 1321 sese
363 1293 396 1320 ad
417 1293 520 1327 aliquid
544 1293 656 1321 habere.
672 1293 743 1320 Nihil
760 1299 850 1321 autem
866 1302 960 1321 eorum

174 1347 234 1374 qua:
258 1339 290 1365 ad
316 1339 419 1374 aliquid
437 1343 464 1366 et
481 1339 671 1373 intelliguntur
689 1343 716 1366 et
738 1339 880 1371 dicuntur.
895 1339 961 1366 sub-

173 1385 303 1414 stantiam
313 1385 440 1420 eaprimit
461 1389 542 1420 atque
558 1385 740 1413 demonstrat.
756 1386 816 1412 Alia
832 1387 903 1412 enim
919 1390 961 1413 est

173 1433 233 1467 ejus
253 1431 325 1465 quod
348 1431 380 1458 ad
407 1431 508 1465 aliquid
535 1431 647 1462 dicitur,
675 1436 702 1458 et
730 1432 783 1458 alia
800 1432 961 1460 substantiae

173 1478 254 1504 ratio.
273 1477 302 1504 Si
326 1477 409 1511 igitur
434 1477 547 1504 scientia
574 1477 729 1504 substantia
757 1485 811 1505 non
837 1481 889 1510 est,
913 1478 960 1505 sed

173 1524 274 1550 mentis
283 1524 356 1550 circa
373 1523 492 1557 aliquam
504 1531 559 1549 rem
570 1524 651 1556 actio,
661 1524 746 1550 multo
760 1529 960 1559 magtscertum

172 1574 252 1604 atque
260 1573 336 1596 extra
350 1569 565 1595 controversiam
574 1573 615 1595 est
630 1570 815 1603 ignorantiam
824 1570 903 1604 longe
913 1570 961 1597 ab-

171 1622 233 1642 esse
250 1614 284 1642 ab
295 1621 327 1641 eo
343 1614 533 1640 utsuhstantia
544 1613 589 1640 sit.
607 1613 685 1646 Quod
702 1618 793 1641 autem
808 1614 959 1642 secundum

172 1661 352 1688 substantiam
363 1664 476 1689 nonest.
484 1666 535 1686 nec
546 1659 659 1686 omnino
673 1660 783 1694 quidem
796 1660 961 1688 est.Absur—

171 1707 236 1735 dunt
257 1708 340 1742 igitur
366 1710 393 1733 et
419 1713 518 1732 vanum
539 1706 620 1732 fuerit
640 1705 674 1732 de
688 1713 721 1732 eo
737 1705 812 1741 quod
835 1714 889 1733 non
904 1711 959 1738 est,

171 1753 246 1780 unde
271 1753 317 1785 sit,
332 1752 440 1778 curiose
456 1751 606 1786 inquirere.
626 1751 760 1783 Quoniam
776 1751 859 1786 igitur
876 1751 958 1778 vitam

1061 1111 1162 1145 Μηδεὶς
1191 1110 1220 1137 δὲ
1247 1109 1417 1143 γενεαλογεῖν
1450 1108 1524 1143 ἡμᾶς
1549 1107 1727 1141 ἀναγκαζέτω
1754 1108 1806 1143 τὴν

1012 1157 1133 1190 ἄγνοιαν,
1153 1156 1233 1183 πόθεν
1252 1156 1321 1191 αὕτη
1344 1156 1430 1189 λέγων
1444 1155 1492 1181 καὶ
1513 1154 1566 1181 ἀπὸ
1581 1154 1654 1185 τίνος
1668 1162 1674 1168 ·
1700 1154 1758 1180 ἀλλ’
1775 1153 1805 1186 ἐξ

1012 1203 1098 1238 αὐτῆς
1110 1203 1202 1229 νοείτω
1215 1203 1265 1237 τῆς
1277 1203 1323 1228 τοῦ
1338 1202 1468 1237 ὀνόματος
1485 1201 1631 1236 σημασίας,
1646 1201 1686 1226 ὃτι
1700 1201 1716 1236 ἡ
1732 1200 1805 1234 γνῶ-

1013 1258 1054 1281 σις
1067 1251 1114 1276 καὶ
1135 1250 1151 1284 ἠ
1173 1250 1268 1283 ἄγνοια
1283 1249 1337 1275 τῶν
1359 1248 1426 1283 πρός
1443 1248 1469 1274 τί
1492 1257 1549 1279 πως
1566 1247 1636 1282 ἔχειν
1652 1247 1700 1282 τὴν
1714 1247 1804 1282 ψυχὴν

1012 1295 1185 1321 ἐνδείκνυται.
1210 1295 1292 1320 Οὐδὲν
1312 1294 1340 1321 δὲ
1355 1294 1408 1320 τῶν
1425 1294 1492 1329 πρός
1509 1303 1533 1320 τι
1547 1293 1697 1328 νοουμένων
1711 1302 1740 1319 τε
1756 1293 1804 1320 καὶ

1011 1338 1174 1374 λεγομένων,
1186 1339 1278 1365 οὐσίαν
1294 1339 1466 1374 παρίστησιν.
1480 1339 1574 1370 ’Ἄλλος
1583 1339 1637 1375 γὰρ
1649 1340 1663 1364 ὁ
1675 1339 1721 1365 τοῦ
1735 1340 1804 1374 πρός

1011 1393 1048 1415 τι,
1070 1385 1114 1412 καὶ
1131 1385 1223 1419 ἕτερος
1237 1386 1250 1411 ὁ
1267 1385 1316 1419 τῆς
1331 1386 1425 1417 οὐσίας
1446 1385 1535 1419 λόγος.
1562 1386 1594 1411 Εἰ
1607 1383 1654 1412 οὖν
1671 1386 1686 1420 ἡ
1702 1385 1804 1419 γνῶσις

1011 1431 1089 1457 ουσία
1101 1431 1150 1456 οὐκ
1162 1430 1244 1462 ἐστιν,
1258 1431 1325 1457 ἀλλὰ
1343 1432 1454 1466 περιττὴ
1467 1432 1517 1465 τῆς
1528 1431 1646 1463 διανοίας
1660 1431 1801 1468 ἐνέργεια·

1012 1477 1079 1504 πολὺ
1100 1477 1199 1512 μᾶλλον
1219 1479 1235 1512 ἡ
1259 1468 1354 1510 ἄγνοια
1369 1478 1463 1514 πόρρω
1482 1477 1528 1504 τοῦ
1551 1477 1611 1504 κατ’
1624 1478 1718 1504 οὐσίαν
1732 1476 1803 1504 εἶναι

1012 1523 1192 1558 ὡμολόγηται.
1221 1522 1257 1549 Τὸ
1272 1523 1300 1549 δὲ
1327 1523 1362 1558 μὴ
1383 1523 1443 1549 κατ’
1456 1523 1550 1549 οὐσίαν
1575 1522 1621 1555 ὃν,
1646 1523 1706 1549 οὐδὲ
1728 1523 1802 1549 ἐστιν

1011 1569 1089 1600 ὅλως.
1115 1568 1235 1594 Μάταιον
1254 1568 1344 1594 τοίνυν
1358 1568 1391 1594 ἂν
1406 1568 1448 1603 εἱή
1466 1568 1591 1603 περὶτοῦ
1610 1568 1645 1604 μὴ
1668 1568 1753 1600 ὄντος,
1773 1567 1802 1594 τὸ

1013 1614 1074 1640 ὅθεν
1091 1614 1148 1640 ἐστὶ
1164 1613 1402 1649 περιεργάζεσθαι.
1426 1613 1535 1649 Ἐπειδὴ
1556 1613 1645 1640 τοίνυν
1663 1613 1734 1649 ζωὴν
1752 1614 1802 1648 μὲν

994 1651 1099 1695 ’ψυχῆς
1115 1659 1164 1695 τὴν
1178 1659 1225 1686 τοῦ
1246 1659 1313 1686 Θεοῦ
1340 1659 1484 1694 μετουσίαν
1503 1659 1518 1685 ό
1536 1659 1613 1694 λόγος
1629 1657 1698 1685 εἷναί
1723 1668 1800 1694 φησι,

1012 1706 1111 1740 γνῶσις
1124 1705 1152 1732 δὲ
1170 1704 1239 1732 κατὰ
1251 1704 1282 1731 τὸ
1294 1704 1433 1740 ἐγχωροῦν
1449 1705 1524 1730 ἐστιν
1539 1706 1555 1739 ἡ
1573 1705 1702 1739 μετουσία
1716 1712 1722 1718 ·
1744 1705 1760 1740 ἡ
1772 1705 1800 1731 δὲ

1011 1752 1107 1786 ἄγνοια
1121 1751 1180 1786 οὐχί
1200 1751 1272 1782 τινός
1292 1751 1366 1777 ἐστιν
1380 1750 1506 1786 ὕπαρξις,
1523 1751 1590 1777 ἀλλὰ
1601 1751 1652 1786 τῆς
1665 1751 1734 1778 κατά
1750 1751 1801 1787 τὴν

171 1799 282 1834 quidem
309 1798 407 1824 animus
430 1797 476 1824 Dei
505 1797 743 1831 participationem
774 1804 835 1824 esse
864 1805 957 1824 sermo

1012 1799 1110 1832 γνώτιν
1137 1799 1276 1832 ἐνεργείας
1294 1798 1432 1833 ἀναίρεσις
1447 1807 1453 1814 ·
1473 1798 1512 1834 τῷ
1530 1798 1558 1824 δὲ
1577 1798 1613 1834 μὴ
1630 1786 1800 1834 ἐνεργεῖσθαι

171 1845 250 1877 dicit,
275 1851 362 1878 caque
382 1843 554 1878 participatio
570 1843 596 1869 in
611 1850 644 1869 eo
666 1846 803 1875 versatur,
823 1848 852 1869 ut
870 1850 958 1877 quan-

172 1896 229 1918 tum
253 1890 277 1917 ei
298 1890 362 1916 licet
383 1894 409 1916 et
427 1889 511 1923 capit,
536 1887 650 1915 scientia
675 1888 788 1922 praedita
811 1887 861 1921 sit;
880 1889 958 1923 igno-

172 1936 260 1963 rantia
278 1939 368 1961 autem
386 1942 440 1961 non
454 1933 571 1968 alicujus
584 1933 750 1964 substantia,
765 1933 813 1960 sed
826 1933 887 1968 ejus
898 1941 958 1968 qua:

172 1989 220 2015 per
243 1980 386 2007 scientiam
404 1978 443 2010 ﬁt,
468 1978 586 2004 actionis
606 1977 735 2005 interitus
755 1981 836 2013 atque
851 1985 958 2013 perem-

172 2027 229 2060 plio
252 2030 308 2058 est;
336 2032 368 2051 ac
388 2024 544 2051 necessario
567 2023 759 2057 consequitur,
783 2028 811 2050 ut
830 2024 873 2050 ubi
897 2031 959 2058 par-

173 2072 294 2107 ticipatio
320 2070 367 2098 Dei
386 2077 441 2096 non
467 2073 621 2101 exercetur,
647 2069 763 2103 privatio
778 2070 812 2097 ‘et
828 2070 958 2097 alienatio

171 2119 233 2145 vita:
255 2118 290 2145 sit
303 2117 341 2152 (id
368 2120 458 2142 autem
488 2115 622 2141 maiorum
647 2114 728 2142 fuerit
756 2116 921 2151 extremum)
948 2124 956 2143 ι

172 2167 374 2198 consequenter
398 2161 488 2188 omnis
510 2161 572 2187 boni
596 2160 684 2188 factor
702 2162 874 2190 curationem
894 2163 957 2189 mali

171 2211 199 2237 in
221 2209 300 2236 nobis
321 2213 459 2242 operatur.
484 2206 558 2233 Bona
583 2207 654 2233 enim
670 2214 714 2234 res
731 2209 839 2235 curatio
856 2214 913 2240 est;
931 2213 957 2235 at

171 2255 282 2282 modum
299 2253 451 2280 curationis
467 2260 581 2287 prorsus
598 2253 715 2288 ignorat,
734 2255 780 2289 qui
797 2262 852 2281 non
870 2255 958 2290 respi-

171 2300 208 2328 rit
225 2300 259 2327 ad
273 2299 432 2334 mysterium
453 2298 655 2333 Evangelieum.
671 2299 739 2326 Cum
760 2299 841 2335 igitur
856 2300 956 2327 malum

170 2353 231 2374 esse
255 2346 474 2373 demonstratum
499 2344 544 2377 sit,
566 2345 589 2372 si
610 2352 625 2371 a
656 2344 720 2377 Deo,
751 2347 796 2381 qui
822 2350 864 2373 est
887 2346 956 2379 vita,

170 2393 280 2420 alienati
294 2391 391 2423 simus,
405 2391 511 2418 curatio
523 2391 689 2425 ejuscentodi
704 2392 872 2420 infirmitatis
885 2397 955 2425 erat,

170 2440 227 2466 Deo
248 2445 344 2465 rursus
367 2436 495 2472 conjungi
519 2443 601 2472 atque
623 2438 776 2469 conciliari,
803 2443 829 2466 ct
855 2439 881 2465 in
899 2440 954 2466 vita

169 2483 284 2511 versari.
313 2482 380 2509 Cum
402 2490 468 2517 ergo
490 2482 548 2510 haec
570 2483 626 2509 vita
650 2491 698 2518 per
725 2492 800 2518 spent
829 2484 955 2510 humanae

169 2535 275 2557 natura:
297 2529 434 2563 proposita
457 2529 502 2560 sit,
528 2537 582 2555 non
608 2530 717 2564 proprie
739 2528 793 2556 dici
807 2533 896 2564 potest
913 2537 955 2556 re-

168 2575 383 2603 munerationem
408 2582 502 2601 eorum
521 2575 567 2610 qui
592 2576 660 2602 bene
680 2575 815 2607 vixerunt,
840 2574 952 2610 partici-

169 2622 306 2653 pationem
330 2625 357 2646 et
380 2628 459 2647 usum
485 2621 548 2647 vitae
571 2620 639 2653 fore,
656 2625 683 2647 et
706 2620 870 2655 supplicium
894 2621 954 2647 vice

168 2674 257 2694 versa.
282 2665 334 2692 Sed
361 2666 433 2700 quod
457 2667 558 2693 dicitur
580 2667 671 2693 simile
694 2671 736 2693 est
764 2667 789 2693 ei
815 2673 896 2701 quam
919 2666 953 2694 de

167 2713 255 2739 oculis
277 2712 304 2738 in
325 2712 444 2739 medium
475 2711 612 2740 atl‘erimus
644 2712 829 2739 similitudini.
861 2712 952 2747 Neque

166 2759 238 2785 enim
256 2758 281 2785 ei
296 2758 340 2792 qui
353 2758 447 2786 oculos
460 2762 588 2793 purgatos
601 2759 691 2789 habet,
706 2759 845 2793 prmmium
863 2759 950 2793 quod-

166 2806 227 2832 dam
246 2809 273 2832 et
293 2805 467 2831 honorarium
483 2812 543 2832 esse
558 2804 675 2832 dicimus
687 2813 782 2832 eorutn
798 2813 858 2840 qua:
875 2806 950 2832 cerni

165 2851 550 2887 possuntanimadversionem
563 2862 569 2879 :
584 2857 630 2880 aut
643 2853 730 2881 oculis
739 2853 873 2881 laboranti
883 2862 948 2882 con-

1007 1843 1054 1870 τοῦ
1079 1844 1146 1870 Θεοῦ
1166 1844 1214 1879 τὴν
1240 1844 1384 1879 μετουσίαν
1411 1845 1426 1879 ἡ
1451 1844 1500 1879 τῆς
1529 1843 1602 1878 ζωῆς
1624 1843 1800 1878 ἀλλοτρίωσις

1008 1890 1164 1923 ἀναγκαίως
1178 1890 1392 1925 ἐπηκολούθησεν
1407 1891 1493 1926 (τοῦτο
1507 1891 1529 1917 δ’
1543 1891 1574 1917 ἂν
1587 1891 1629 1926 εἴη
1642 1891 1694 1917 τῶν
1706 1891 1800 1918 κακῶν

1008 1934 1038 1960 τὺ
1055 1934 1190 1969 ἔσχατον)·
1204 1935 1357 1967 ἀκολούθως
1367 1937 1381 1962 ό
1393 1936 1439 1962 τοῦ
1455 1937 1554 1968 παντὸς
1567 1938 1669 1972 ἀγαθοῦ
1685 1940 1800 1976 ποιητὴς

1007 1979 1057 2015 τὴν
1082 1980 1128 2006 τοῦ
1153 1980 1236 2007 κακοῦ
1262 1979 1408 2016 θεραπείαν
1437 1984 1465 2008 ἐν
1497 1983 1562 2018 ἡμῖν
1590 1985 1797 2020 κατεργάζεται.

1015 2026 1127 2059 Ἀγαθὸν
1150 2026 1203 2062 γὰρ
1218 2027 1234 2061 ἡ
1250 2026 1392 2061 θεραπεία,
1415 2028 1460 2054 τὸν
1485 2028 1512 2055 δὲ
1534 2029 1634 2064 τρόπον
1655 2032 1704 2066 τῆς
1721 2031 1800 2067 θερα-

1009 2071 1089 2103 πείας
1105 2072 1197 2106 ἀγνοεῖ
1219 2073 1327 2104 πάντως
1339 2074 1352 2099 ὁ
1366 2073 1403 2108 μὴ
1418 2074 1486 2108 πρὸς
1500 2074 1529 2101 τὸ
1543 2075 1726 2110 Εὑαγγελικὸν
1741 2078 1800 2114 βλὲ-

1009 2126 1067 2144 πων
1086 2119 1242 2154 μυστήριον.
1256 2118 1348 2145 Κακοῦ
1363 2119 1453 2146 τοίνυν
1470 2120 1673 2157 ἀποδειχθέντος
1687 2124 1734 2150 τοῦ
1749 2125 1798 2151 ἀλ-

1008 2162 1186 2199 λοτριωθῆναι
1206 2163 1366 2196 Θεοῦ,ὅστις
1381 2166 1455 2192 ἐστὶν
1469 2167 1485 2202 ἡ
1500 2167 1566 2202 ζωὴ,
1583 2169 1598 2203 ἡ
1612 2167 1743 2204 Θεραπεία
1752 2171 1798 2197 τοῦ

1007 2208 1127 2234 τοιούτου
1165 2210 1381 2246 ἁρῤωστήματος
1405 2210 1438 2247 ἦν
1472 2212 1502 2239 τὸ
1522 2213 1601 2240 πάλιν
1624 2216 1799 2251 οἰκειωθῆναι

1008 2253 1078 2289 Θεῷ,
1094 2255 1142 2281 καὶ
1157 2256 1184 2281 ἐν
1205 2256 1237 2291 τῇ
1253 2256 1309 2292 ζωῇ
1323 2257 1459 2290 γενέσθαι.
1480 2259 1588 2294 Ταύτης
1601 2258 1647 2287 οὖν
1661 2261 1710 2296 τῆς
1725 2262 1798 2297 ζωῆς

1009 2301 1070 2326 κατ’
1094 2300 1187 2327 ἐλπίδα
1210 2303 1392 2338 προκειμένης
1416 2304 1447 2339 τῇ
1466 2304 1621 2341 ἀνθρωπίνῃ
1642 2307 1732 2341 φύσει,
1747 2309 1797 2335 οὐκ

1008 2345 1081 2372 ἔστιν
1099 2347 1184 2373 εἰπεῖν
1208 2348 1310 2382 κυρίως
1336 2349 1467 2376 ἀντίδοσιν
1495 2351 1547 2377 τῶν
1574 2351 1603 2378 εὖ
1627 2352 1796 2387 βεϐιωκότων

1008 2392 1133 2426 γενέσθαι
1152 2394 1202 2428 τὴν
1215 2394 1263 2428 τῆς
1284 2393 1357 2428 ζωῆς
1374 2396 1528 2429 μετουσίαν,
1553 2398 1600 2424 καὶ
1615 2400 1751 2434 τιμωρίαν
1766 2400 1796 2426 τὸ

973 2461 994 2488 D
1009 2439 1135 2474 ἔμπαλιν.
1157 2440 1227 2466 Ἀλλ’
1241 2441 1333 2476 ὅμοιόν
1350 2443 1406 2468 ἐστι
1423 2442 1461 2477 τῷ
1473 2443 1542 2470 κατά
1562 2444 1626 2475 τοὺς
1640 2445 1795 2480 ὀφθαλμοὺς

1009 2486 1186 2521 ὑποδείγματι
1197 2487 1227 2513 τὸ
1237 2487 1388 2522 λεγόμενον.
1403 2489 1469 2515 Οὐδὲ
1482 2490 1536 2525 γὰρ
1548 2489 1587 2525 τῷ
1599 2490 1795 2527 κεκαθαρμένῳ

1008 2531 1056 2563 τὰς
1069 2532 1143 2566 edat;
1160 2531 1276 2559 ἔπαθλόν
1299 2533 1326 2560 τί
1342 2542 1431 2569 φαμεν
1446 2533 1513 2561 εἶναι
1527 2536 1573 2562 καὶ
1589 2537 1731 2572 πρεσϐεῖον
1746 2539 1794 2574 τὴν

1007 2578 1061 2604 τῶν
1075 2579 1178 2613 ὁρατῶν
1193 2580 1363 2615 κατανόησιν,
1378 2581 1395 2616 ἢ
1411 2581 1449 2616 τῷ
1470 2582 1600 2614 νοσοῦντι,
1620 2583 1651 2610 τὸ
1666 2583 1792 2618 ἔμπαλιν,

1008 2624 1155 2659 καταδίκην
1179 2626 1239 2651 τινὰ
1268 2626 1315 2652 καὶ
1339 2628 1528 2663 τιμωρητικὴν
1553 2628 1687 2655 ἀπόϐασιν
1708 2630 1736 2656 τὸ
1756 2631 1792 2666 μὴ

1010 2670 1132 2705 μετέχειν
1142 2670 1191 2705 τ’ἡς
1202 2672 1328 2707 ὁρατικῆς
1344 2673 1491 2708 ἐνεργείας.
1510 2673 1578 2699 Ἀλλ’
1591 2674 1628 2705 ὡς
1639 2675 1792 2709 ἀναγκαίως

1005 2714 1100 2742 ἕπεται
1116 2715 1154 2751 τῷ
1170 2717 1239 2743 κατὰ
1255 2717 1334 2751 φύσιν
1349 2718 1511 2754 διακειμένῳ
1525 2720 1555 2746 τὸ
1570 2719 1689 2754 βλέπειν,
1707 2720 1745 2755 τῷ
1762 2730 1791 2747 τε

1005 2761 1059 2786 ἀπὺ
1077 2760 1179 2792 πάθους
1194 2762 1386 2797 παρενεχθέντι
1401 2763 1451 2797 τῆς
1470 2764 1587 2798 φύσεως,
1605 2765 1635 2791 τὺ
1656 2765 1693 2800 μὴ
1717 2767 1791 2800 ἐνερ-

1005 2807 1063 2839 γεῖν
1077 2805 1125 2841 τὴν
1147 2807 1259 2841 ὅρασιν·
1283 2808 1328 2834 τὸν
1351 2809 1431 2835 αὑτὸν
1452 2810 1550 2844 τρόπον
1571 2811 1648 2846 καὶὴ
1671 2812 1791 2847 μακαρία

1005 2853 1061 2889 ζωὴ
1080 2855 1203 2889 συμφυής
1217 2855 1274 2882 ἐστι
1291 2856 1337 2882 καὶ
1351 2856 1437 2883 οἰκεία
1451 2858 1508 2888 τοῖς
1523 2857 1740 2894 κεκαθαρμένοις
1758 2858 1790 2886 τὰ
