1922 3078
103 116 150 142 I77

509 117 552 144 DE
566 117 775 147 INFANTIBUS
790 119 849 152 QUI
860 119 1088 149 PRA‘IMATURE
1097 121 1342 150 ABRIPIUNTUR.

1679 119 1729 146 173

100 173 148 206 τῆς
161 172 250 208 ψυχῆς
267 173 434 210 αἰσθητήρια
448 183 455 191 ·
473 176 515 210 ἐφ’
532 172 570 203 ὧν
583 176 611 203 δὲ
622 177 746 213 καθάπερ
761 186 802 210 τις
816 177 891 213 λήμη

957 186 995 208 ra.
1019 179 1272 208 condemnationem
1291 180 1436 214 quamdam
1462 184 1487 206 et
1510 179 1644 213 pmoalem
1667 185 1730 206 sen-

100 218 130 243 τὺ
143 218 212 244 κατὰ
225 218 275 254 τὴν
289 219 401 253 ἄγνοιαν
415 220 500 252 πάθος
514 222 639 256 ἐμπόδιον
651 222 718 258 πρὸς
735 223 784 258 τὴν
800 231 892 257 μετου-

102 264 161 291 σίαν
172 264 219 290 τοῦ
238 265 367 299 ἀληθινοῦ
386 266 474 307 φωτὸς
487 267 602 300 γίνεται,
621 268 777 302 ἀναγκαίως
795 269 891 296 ἕπεται

101 310 132 336 τὸ
143 310 181 346 μὴ
197 311 320 345 μετέχειν
333 312 449 344 ἐκείνου,
465 310 495 338 οὗ
510 312 559 348 τὴν
577 314 721 348 μετουσίαν
736 314 807 349 ζωὴν
823 312 891 341 εἷναί

102 365 192 391 φαμεν
205 357 252 384 τοῦ
264 358 432 392 μετέχοντος.

944 225 1069 257 tentiam.
1089 225 1162 260 quod
1178 234 1232 253 non
1247 234 1360 261 compos
1384 230 1426 253 est
1442 225 1592 252 ellicientia:
1608 224 1730 252 videndi.

945 269 1000 297 Sed
1013 274 1043 297 ut
1054 272 1210 298 necessario
1225 272 1413 306 consequitur,
1425 274 1454 297 ιιι
1473 271 1495 297 is
1511 271 1556 303 qui
1578 271 1730 298 secundum

946 319 1072 343 naturam
1089 317 1238 351 dispositus
1260 321 1302 344 est
1323 317 1424 348 videat,
1452 317 1476 343 is
1501 323 1566 343 vero
1588 316 1667 351 cujus
1695 323 1729 341 ex

947 362 1044 389 morbo
1067 366 1165 389 natura
1190 363 1285 390 vitiata
1302 370 1335 390 ac
1359 362 1506 397 depravata
1524 366 1576 394 est,
1595 362 1729 389 visionem

103 411 158 430 non
183 409 310 432 exerceat
331 415 338 432 :
364 405 458 433 eodem
494 405 575 432 modo
603 407 681 434 beata
702 415 812 442 quoque
839 407 893 434 vita
913 412 1030 442 cognata
1046 417 1078 436 ac
1093 410 1205 445 propria
1233 418 1328 438 eorum
1362 413 1405 438 est
1419 409 1520 444 quibus
1551 409 1649 436 anima:
1668 415 1732 434 sen-

103 450 179 477 soria
208 455 323 486 purgata
344 455 410 480 sunt
432 452 482 479 :in
500 452 602 487 quibus
623 457 713 481 autem
735 454 898 489 ignorantia:
913 453 1112 489 vitium,quasi
1130 455 1255 489 quzedam
1271 456 1405 491 lippitudo
1437 454 1640 491 participationi
1675 453 1731 480 veri

103 497 218 524 luminis
246 497 346 531 ofﬁcit,
370 499 528 526 necessario
552 499 693 533 sequitur,
717 504 747 526 ut
771 508 824 526 non
853 499 1002 534 participes
1034 502 1091 529 sint
1121 502 1183 536 ejus
1208 502 1289 536 cujus
1315 502 1554 537 participationem
1590 505 1618 527 et
1653 507 1731 526 usum

103 544 189 571 vitam
206 552 268 571 esse
279 545 396 572 dicimus
414 547 613 581 participautis.

141 590 251 616 Τούτων
264 591 353 617 τοίνυν
365 591 451 622 οὕτως
464 594 529 628 ἡμῖν
543 593 715 629 διῃρημένων
724 613 732 626 ,
755 595 850 629 καιρὸς
863 595 895 621 ἂν

106 637 149 671 εἴη
167 637 319 669 διεξετάσαι
333 638 372 672 τῷ
387 638 459 673 λόγῳ
468 640 497 665 τὺ
510 639 639 673 προτεθὲν
649 641 715 675 ἡμῖν
732 640 878 675 πρόϐλημα
889 649 896 656 ’

106 682 228 708 τοιοῦτον
242 683 269 708 δέ
283 691 310 708 τι
325 683 470 718 λεγόμενον
486 682 528 719 ἦν·
547 685 578 710 Εἰ
600 686 670 711 κατά
685 686 716 711 τὸ
736 685 838 712 δίκαιον
854 686 897 719 γί-

107 736 185 753 νεται
200 728 253 754 τῶν
266 729 377 762 ἀγαθῶν
391 730 406 764 ἡ
420 730 606 762 ἀνταπόδοσις,
622 732 651 757 έν
669 731 737 758 τίσιν
752 731 828 758 ἔσται
843 733 856 758 ὁ
870 733 898 758 ὲν

985 593 1031 621 llis
1045 594 1128 629 igitur
1150 602 1164 620 a
1181 594 1260 622 nobis
1282 594 1334 621 hoc
1351 594 1431 621 modo
1446 593 1584 621 distinctis
1601 596 1628 620 et
1645 592 1733 625 expli-

948 641 1027 670 catis.
1040 641 1229 675 tempestivum
1242 640 1323 668 fuerit
1335 641 1499 676 propositam
1517 640 1596 666 nobis
1610 639 1734 665 oratione

948 690 1067 712 tractare
1090 690 1170 719 atque
1197 686 1335 713 discutere
1360 686 1536 720 quaestionem
1558 683 1734 719 :lmjusmodi

950 733 1040 756 autem
1063 730 1191 764 quiddam
1218 735 1278 757 erat
1295 732 1366 766 quod
1388 731 1610 766 proponebatur:
1632 729 1660 756 Si
1686 737 1734 764 pro

107 774 199 808 νηπίῳ
221 774 386 809 τελευτήσας
407 776 452 802 τὸν
474 776 540 811 βίον,
563 777 631 811 μήτε
649 777 733 803 κακὸν
746 778 774 803 ὲν
788 778 820 812 τῇ
841 777 896 812 ζωῇ

957 783 983 802 :0
999 775 1072 809 quod
1094 776 1198 810 justum
1221 781 1273 807 est.
1291 777 1425 804 bonorum
1450 776 1632 803 renumeratio
1653 780 1734 810 atque

107 819 195 855 ταύτῃ
211 820 439 855 καταϐαλόμενος,
457 822 523 856 μήτε
535 823 646 856 ἀγαθὸν,
662 823 733 849 ὥστε
745 823 790 850 διὰ
799 823 899 850 τούτων

109 865 237 899 γενέσθαι
254 866 328 900 αὐτῷ
350 866 399 901 τὴν
424 868 483 893 κατ’
500 868 579 901 ἀξίαν
602 869 749 902 ἀντίδοσιν;
775 867 811 905 τῼ
833 869 900 905 πρὸς

109 911 159 946 τὴν
170 911 329 938 ἀκολουθίαν
339 912 393 938 τῶν
408 913 598 949 ἐξητασμένων
610 914 727 949 ὁρῶντες
740 915 902 950 ἀποκρινού-

112 957 182 992 μεθα
197 957 280 983 ὅτιτὸ
297 958 518 993 προσδοκώμενον
531 959 642 992 ἀγαθὸν,
657 961 756 987 οἰκεῖον
774 960 824 995 μέν
843 962 901 987 ἐστι

111 1003 181 1029 κατὰ
199 1003 281 1037 φύσιν
296 1003 335 1039 τῷ
350 1003 512 1040 ἀνθρωπίνῳ
532 1004 625 1038 γένει,
653 1005 761 1039 λέγεται
785 1006 812 1032 δὲ
831 1007 901 1033 κατά

110 1058 171 1076 τινα
195 1049 311 1076 διάνοιαν
336 1050 366 1076 τὸ
391 1050 456 1077 αὐτὸ
481 1051 527 1077 καὶ
549 1051 699 1083 ἀντίδοσις·
725 1052 764 1087 τῷ
779 1052 806 1078 δὲ
828 1053 902 1087 αὐτῷ

109 1095 290 1129 ὑποδείγματι
309 1095 390 1122 πάλιν
411 1096 441 1121 τὸ
457 1096 545 1131 νόημα
561 1096 639 1123 τοῦτο
661 1097 900 1132 σαφηνισθήσεται.

111 1142 163 1168 Δύο
184 1143 238 1177 γάρ
260 1151 332 1174 τινες
348 1142 551 1169 ὑποκείσθωσαν
566 1143 604 1178 τῷ
618 1141 689 1178 λόγῳ
707 1143 902 1179 ἀρρωστήματί

111 1196 163 1214 τινι
180 1187 251 1215 κατᾶ
266 1188 316 1219 τὰς
329 1188 404 1222 ὄψεις
429 1189 641 1224 συνενεχθέντες,
664 1189 766 1216 τούτων
782 1189 809 1215 δὲ
825 1191 838 1215 ὁ
853 1189 902 1224 μὲν

112 1234 321 1269 σπουδαιότερον
335 1234 429 1260 ἑαυτὸν
445 1234 585 1260 ἑπιδιδότω
598 1236 631 1270 τῇ
656 1235 801 1270 θεραπείᾳ,
816 1235 903 1262 πάντα

111 1280 256 1314 ὑπομένων
271 1280 305 1306 τὰ
322 1280 395 1315 παρὰ
419 1281 468 1315 τῆς
490 1281 614 1316 ἰατρικῆς
632 1281 834 1316 προσαγόμενα,
853 1281 903 1308 κᾶν

111 1327 229 1353 ἐπίπονα
278 1334 284 1340 ·
309 1328 322 1353 ὁ
346 1327 374 1352 δὲ
392 1327 459 1362 πρὸς
483 1327 583 1362 λουτρά
607 1336 636 1353 τε
661 1327 707 1354 καὶ
730 1328 903 1362 οἰνοφλυγίας

112 1373 314 1408 ἀκρατέστερον
334 1373 489 1404 διακείσθω,
515 1374 649 1409 μηδεμίαν
668 1373 715 1400 τοῦ
735 1373 903 1409 ἰατρεύοντος

113 1419 269 1455 σλμῧουὶὴν
295 1420 362 1455 πρὸς
384 1420 433 1455 τὴν
449 1420 502 1446 τῶν
524 1420 669 1456 ὀφθαλμῶν
687 1422 791 1455 ὑγίειαν
816 1430 903 1457 παρα-

952 822 1094 848 retributio
1114 822 1153 852 ﬁt.
1180 822 1206 849 in
1236 823 1336 857 quibus
1359 823 1514 850 versabitur
1532 823 1554 849 is
1572 823 1618 857 qui
1645 822 1734 848 infans

951 866 978 893 in
1001 871 1093 894 tenera
1116 872 1195 894 allato
1218 868 1301 894 vitam
1326 867 1423 898 ﬁnivit,
1446 874 1534 901 neque
1557 866 1619 893 boni
1643 866 1669 892 in
1686 866 1736 892 hac

950 912 1005 938 vita
1030 920 1118 946 neque
1133 913 1195 939 mali
1215 913 1361 947 quidquam
1383 916 1498 939 conatus
1513 916 1539 939 et
1556 919 1681 943 exorsus,
1706 915 1736 937 ut

951 965 1000 992 per
1017 960 1073 985 litec
1090 958 1113 985 ei
1133 966 1182 993 pro
1201 958 1299 985 merito
1317 959 1459 985 retributio
1476 957 1537 984 ﬁat?
1558 957 1607 984 Cui
1626 957 1658 984 ad
1675 965 1737 984 con-

953 1005 1124 1037 sequentiam
1139 1012 1235 1032 eorutn
1247 1012 1308 1039 qua:
1318 1005 1472 1031 examinata
1485 1007 1548 1030 sunt
1558 1003 1736 1038 respicientes

953 1049 1179 1084 respondebimus
1206 1050 1277 1084 quod
1309 1050 1421 1080 bonum.
1452 1049 1524 1084 quod
1554 1053 1735 1083 exspectatur,

953 1097 1101 1124 secundum
1131 1100 1255 1123 naturam
1280 1095 1390 1131 quidem
1413 1095 1524 1122 lmnmni
1544 1094 1651 1130 generis
1675 1102 1737 1128 pro.-

953 1142 1041 1176 prium
1065 1146 1133 1169 est:
1163 1142 1263 1169 dicitur
1294 1146 1382 1168 autem
1410 1140 1561 1169 secundum
1593 1140 1736 1175 quemdam

953 1188 1133 1220 intellectum.
1157 1188 1227 1215 idem
1251 1187 1333 1215 etiam
1361 1187 1504 1215 retributio
1522 1196 1528 1213 :
1545 1191 1626 1221 atque
1644 1187 1737 1214 eadem

954 1242 1052 1261 rursus
1077 1233 1257 1261 similitudine
1282 1241 1380 1261 sensus
1402 1233 1446 1260 hic
1463 1233 1655 1267 evplieabitur.
1688 1232 1736 1258 Ρον

954 1285 1056 1307 nantur
1077 1280 1149 1307 enim
1166 1280 1193 1306 in
1216 1280 1340 1307 oratione
1368 1283 1462 1306 nostra
1485 1279 1540 1306 duo
1556 1279 1676 1314 quidam.
1693 1278 1738 1313 qui

954 1327 981 1353 in
992 1326 1116 1353 morbum
1130 1326 1275 1360 quetndam
1290 1325 1436 1352 inciderint
1452 1325 1606 1354 oculorum,
1623 1331 1738 1358 quorum

954 1379 1026 1398 ultus
1052 1371 1149 1405 majori
1181 1379 1242 1398 cum
1271 1369 1362 1398 studio
1388 1369 1530 1404 magisque
1553 1369 1649 1396 sedqu
1679 1377 1740 1395 sese

956 1416 1091 1443 curationi
1119 1416 1269 1451 permittat,
1295 1416 1386 1442 omnia
1406 1423 1467 1449 qua:
1498 1414 1532 1441 ab
1556 1419 1615 1441 arte
1635 1415 1739 1441 medica

111 1465 269 1501 δεξάμενος.
295 1466 386 1501 Φαμὲν
410 1465 508 1497 τοίνυν,
531 1467 651 1501 πρὸς¹τὺ
670 1467 754 1502 πέρας
777 1469 903 1503 ἑκατέρου

958 1463 1151 1494 adhibeantur,
1168 1463 1344 1497 quantumvis
1362 1462 1444 1488 etiam
1464 1461 1584 1488 dolerent
1603 1460 1738 1487 facientia.

114 1511 269 1546 βλέποντες.
286 1512 368 1544 ἀξίως
390 1513 542 1539 ἀντιλαϐεῖν
565 1513 694 1547 ἑκάτερον
709 1514 758 1549 τῆς
776 1515 905 1550 προαιρέ-

113 1566 184 1589 σεως
208 1557 291 1584 αὑτοῦ
313 1558 375 1588 τοὺς
399 1558 540 1593 καρπούς”
565 1558 612 1584 τὴν
640 1558 689 1593 μὲν
705 1559 754 1594 τὴν
779 1559 906 1594 στέρησιν

113 1601 162 1627 τοῦ
181 1602 282 1635 φωτὸς,
297 1602 342 1628 τὸν
357 1602 384 1628 δὲ
397 1603 446 1638 τὴν
457 1602 615 1629 ἀπόλαυσιν.
631 1604 667 1630 Τὸ
681 1604 735 1639 γὰρ
749 1605 907 1638 ἀναγκαίως

114 1646 270 1682 ἑπόμενον,
299 1648 431 1674 ἀντίδοσιν
455 1649 486 1674 ὲκ
512 1650 705 1684 καταχρήσεως
727 1650 904 1686 ὀνομάζομεν.

115 1693 209 1719 Ταῦτα
223 1693 270 1720 καὶ
283 1694 329 1720 ἐπὶ
343 1694 396 1720 τῶν
408 1695 511 1730 νηπίων
528 1693 700 1730 ζητουμένων
715 1695 788 1722 ἔστιν
808 1697 905 1728 εἰπεῖν,

115 1739 157 1764 ὅτι
169 1739 186 1773 ἡ
202 1740 253 1774 τῆς
264 1739 335 1774 ζωῆς
347 1740 453 1775 ἐκείνης
469 1741 625 1773 ἀπόλαυσις,
639 1741 726 1768 οἰκεία
740 1743 788 1776 μέν
804 1743 860 1769 ἐστι
874 1745 906 1778 τῇ

116 1785 276 1820 ἀνθρωπίνῃ
300 1785 399 1819 φύσει·
418 1787 466 1821 τῆς
483 1787 510 1813 δὲ
533 1788 603 1814 κατὰ
626 1788 674 1822 τὴν
690 1788 801 1822 ἄγνοιαν
818 1789 907 1820 νόσου,

117 1832 226 1857 πάντων
241 1831 332 1866 σχεδὸν
347 1832 399 1858 τῶν
413 1834 441 1858 ἐν
462 1834 495 1867 τῇ
512 1834 594 1868 σαρκὶ
616 1832 907 1870 ζώντων¹ὲπικρατού-

119 1886 169 1912 σης
181 1898 188 1909 ,
213 1878 228 1903 ὁ
247 1878 295 1912 μὲν
311 1880 370 1909 ταῖς
384 1879 568 1913 καθηκούσαις
584 1879 742 1916 θεραπείαις
757 1881 852 1908 ἑαυτὸν
864 1883 909 1907 ὲκ-

119 1923 257 1959 καθάρας,
280 1924 328 1950 καὶ
352 1921 407 1950 οἷόν
430 1933 490 1951 τινα
512 1924 604 1960 λήμην
622 1925 669 1952 τοῦ
684 1925 837 1962 διορατικοῦ
860 1927 909 1962 τῆς

117 1969 207 2004 ψυχῆς
233 1969 389 2000 ἀποκλύσας
409 1970 458 2005 τὴν
481 1971 601 2004 ἄγνοιαν,
626 1971 701 2004 ἀξιον
723 1973 772 2006 τῆς
791 1973 910 2008 σπουδῆς

119 2015 175 2049 ἔχει
187 2015 217 2041 τὸ
231 2014 335 2049 κέρδος,
348 2016 376 2041 ἐν
387 2017 418 2051 τῇ
436 2016 491 2051 ζωῇ
504 2018 537 2052 τῇ
550 2017 620 2043 κατὰ
632 2016 712 2052 φύσιν
726 2018 879 2052 γενόμενος’
896 2020 910 2045 ὀ

118 2061 146 2087 δὲ
158 2060 194 2087 τὰ
206 2061 251 2087 διὰ
266 2062 315 2096 τῆς
329 2061 428 2096 ἀρετῆς
439 2061 548 2096 φεύγων
562 2063 708 2098 καθάρσια,
723 2063 771 2090 καὶ
785 2063 910 2091 δυσίατον

119 2107 210 2142 ἑαυτῷ
225 2107 269 2133 διὰ
291 2107 345 2133 τῶν
359 2107 504 2142 ἀπατηλῶν
518 2107 617 2143 ἡδονῶν
634 2109 845 2140 κατασκευάζων
861 2109 910 2144 τῆς

120 2153 232 2187 ἀγνοίας
246 2153 296 2188 τὴν
311 2153 399 2185 νόσον,
421 2153 498 2189 παρὰ
511 2153 592 2187 φύσιν
605 2154 746 2186 διατεθεὶς⁷
761 2154 909 2190 ἠλλοτρίω-

119 2207 165 2224 ται
175 2197 224 2224 τοῦ
238 2197 308 2224 κατὰ
318 2198 407 2232 φύσιν,
424 2199 471 2224 καὶ
484 2198 618 2234 ἀμέτοχος
628 2199 731 2233 γίνεται
744 2200 794 2234 τῆς
808 2200 910 2231 οἰκείας

120 2244 188 2280 ἡμῖν
200 2244 247 2270 καὶ
261 2244 428 2279 καταλλήλου
444 2246 525 2280 ζωῆς.
539 2246 575 2271 Τὸ
585 2245 612 2271 δὲ
623 2246 804 2281 ἀπειρόκακον
815 2247 910 2281 νήπιον

122 2290 260 2325 μηδεμιᾶς
276 2290 354 2316 νόσου
368 2290 422 2316 τῶν
444 2291 493 2325 τῆς
516 2290 606 2325 ψυχῆς
627 2291 758 2325 ὀμμάτων
780 2291 847 2325 πρὸς
861 2291 910 2326 τὴν

120 2335 170 2363 τοῦ
195 2336 284 2370 φωτὸς
308 2336 451 2371 μετουσίαν
472 2335 689 2371 ἐπιπροσθούσης
702 2356 708 2367 ,
736 2337 764 2362 ἐν
783 2336 822 2371 τῷ
841 2337 911 2363 κατὰ

121 2382 204 2416 φύσιν
221 2381 336 2415 γίνεται,
356 2380 393 2415 μὴ
416 2381 541 2415 δεόμενον
562 2380 612 2414 τῆς
628 2381 659 2406 ὲκ
677 2380 724 2406 τοῦ
742 2380 910 2415 καθαρθῆναι

121 2427 239 2461 ὑγιείας.
252 2427 293 2453 ὅτι
307 2426 374 2462 μηδὲ
389 2426 436 2462 τὴν
451 2426 536 2461 ἀρχὴν
550 2426 598 2461 τὴν
611 2426 686 2452 νόσον
706 2427 738 2461 τῇ
752 2425 824 2461 ψυχῇ
841 2434 911 2460 παρ-

121 2473 242 2505 εδέξατο.

123 2527 181 2545 ram
207 2519 358 2553 dispositus
375 2521 402 2544 et
418 2517 532 2544 allectus
553 2517 659 2544 alienus
674 2521 716 2544 est
733 2517 768 2543 ab
790 2524 823 2543 eo
838 2516 910 2551 quod

958 1509 1100 1537 sustinens
1121 1519 1128 1536 :
1151 1509 1220 1536 alter
1235 1516 1301 1535 vero
1320 1517 1334 1535 a
1354 1508 1459 1535 balneis
1476 1511 1501 1534 et
1519 1507 1604 1533 nimio
1620 1507 1673 1533 vini
1690 1515 1740 1533 usu

958 1563 1018 1582 sese
1038 1556 1129 1582 minus
1143 1555 1279 1582 abstinere
1298 1554 1394 1588 possit.
1421 1553 1526 1580 nullum
1556 1552 1651 1579 medici
1677 1560 1742 1579 con-

958 1601 1051 1629 silium
1081 1601 1152 1636 quod
1189 1601 1222 1627 ad
1251 1600 1394 1628 sanitatem
1429 1599 1570 1626 oculorum
1608 1598 1741 1633 pertineat

958 1647 1117 1674 admittens.
1141 1646 1263 1673 Dicimus
1288 1647 1369 1679 igitur
1395 1646 1428 1672 ad
1457 1645 1536 1671 ﬁnem
1564 1649 1590 1671 ct
1614 1649 1740 1671 eventum

959 1693 1102 1728 utriusque
1136 1697 1302 1726 spectantes,
1329 1697 1476 1726 utrumque
1503 1699 1560 1719 sua:
1591 1690 1743 1717 voluntatis

958 1738 1056 1772 dignos
1073 1738 1194 1773 recipere
1209 1737 1331 1770 fructus;
1347 1738 1419 1764 Illinc
1430 1738 1540 1772 quidem
1551 1736 1741 1772 privationem,

958 1785 1034 1812 illum
1057 1792 1121 1811 vero
1143 1791 1222 1811 usum
1244 1787 1271 1810 et
1295 1783 1451 1810 fruitioncm
1475 1784 1554 1810 lucis.
1572 1782 1648 1815 Quod
1671 1783 1741 1809 enim

959 1829 1117 1856 necessario
1145 1829 1281 1864 sequitur,
1306 1828 1333 1855 id
1355 1836 1403 1862 per
1430 1828 1602 1860 abusionem,
1629 1827 1744 1854 retribu-

958 1876 1060 1902 tionem
1074 1881 1102 1902 et
1115 1875 1364 1910 compensationem
1380 1875 1564 1901 nominamus.
1584 1873 1645 1900 "me
1660 1873 1743 1899 etiam

960 1922 994 1949 ad
1019 1930 1049 1950 ea
1073 1930 1133 1956 qua:
1148 1922 1181 1949 de
1198 1921 1349 1948 infantibus
1365 1925 1525 1956 qua-runtur
1541 1921 1594 1948 diei
1619 1924 1743 1955 possunt,

959 1969 1032 2004 quod
1056 1969 1130 1996 illius
1146 1968 1208 1995 vitae
1238 1976 1305 1995 usus
1331 1971 1412 2002 atque
1436 1966 1541 1998 fruitio,
1560 1966 1667 2001 propria
1683 1966 1744 1999 qui-

959 2015 1021 2042 dem
1049 2015 1176 2042 humante
1206 2017 1310 2041 natum
1338 2013 1388 2042 sit.
1421 2012 1469 2040 sed
1491 2019 1553 2039 cum
1585 2011 1745 2046 ignorantia:

961 2060 1056 2088 morbo
1073 2067 1171 2087 omnes
1192 2059 1387 2094 propemodum
1412 2059 1459 2093 qui
1488 2059 1515 2084 in
1541 2065 1624 2084 carne
1649 2057 1744 2083 vivunt

961 2107 1080 2141 correpti
1095 2108 1166 2134 sint:
1178 2105 1225 2140 qui
1239 2105 1348 2140 quidem
1364 2104 1470 2131 idoneis
1486 2107 1513 2131 et
1528 2103 1745 2138 competentibus

961 2152 1150 2179 curationibus
1168 2159 1228 2179 sese
1242 2150 1444 2185 expurgaverit,
1460 2153 1488 2176 et
1503 2149 1586 2177 veluti
1607 2149 1746 2183 lippitudi-

960 2205 1022 2224 nem
1046 2197 1190 2232 quamdam
1213 2203 1227 2222 a
1250 2196 1420 2230 perspectiva
1443 2195 1468 2222 vi
1495 2195 1592 2222 animae
1617 2195 1746 2230 ignoran-

960 2244 1024 2269 tiam
1045 2242 1123 2276 quasi
1146 2241 1320 2272 derivaverit,
1345 2240 1462 2267 abluerit
1486 2244 1568 2274 atque
1594 2239 1746 2268 sustulerit.

960 2288 1071 2323 dignum
1092 2287 1183 2314 studio
1200 2286 1307 2313 lucrum
1333 2289 1498 2313 consecutus
1516 2285 1545 2312 in
1571 2292 1603 2312 ea
1625 2292 1685 2319 qute
1703 2292 1747 2311 sc—

960 2334 1079 2360 cundum
1102 2336 1230 2359 naturam
1257 2336 1309 2364 est,
1337 2331 1391 2358 vita
1415 2335 1558 2362 versatur;
1592 2330 1637 2364 qui
1657 2333 1746 2356 autem

963 2387 994 2407 ea
1020 2387 1080 2413 quae
1097 2386 1145 2413 per
1160 2379 1289 2404 virtutem
1308 2377 1482 2407 adhibentur.
1503 2376 1659 2411 purgatoria
1680 2375 1748 2409 fugit

964 2425 1094 2454 remedia,
1113 2426 1264 2457 curatoque
1277 2421 1413 2449 difﬁcilem
1437 2421 1488 2448 sibi
1503 2428 1550 2456 per
1572 2419 1683 2446 fallaces
1699 2426 1747 2445 vo-

965 2471 1084 2505 luptates
1107 2469 1268 2504 ignorantia:
1288 2468 1413 2495 morbum
1437 2465 1528 2498 ellicit,
1552 2470 1650 2500 przeter
1666 2469 1747 2490 natu—

938 2515 1089 2543 secundum
1118 2518 1244 2540 naturam
1275 2518 1328 2544 est.
1358 2516 1385 2540 et
1415 2519 1513 2546 expers
1544 2510 1574 2537 ﬁt
1601 2509 1662 2543 ejus
1686 2509 1747 2535 vita:

123 2573 184 2599 qua:
202 2565 283 2592 nobis
300 2563 409 2599 proprie
425 2564 553 2590 convenit
572 2567 599 2590 et
612 2563 818 2590 accommodata
842 2568 893 2590 est.
919 2563 955 2589 At
980 2562 1087 2596 puellus
1109 2561 1200 2588 infans
1226 2560 1342 2594 simplex
1375 2559 1519 2593 omnisque
1553 2555 1663 2582 malitia:
1699 2561 1747 2581 ex-

123 2620 197 2648 pars,
223 2611 299 2638 nullo
324 2611 406 2638 etiam
423 2617 495 2637 nunc
519 2609 662 2636 oculorum
695 2608 779 2635 animi
811 2608 907 2635 morbo
935 2607 1138 2643 participationi
1162 2606 1232 2633 lueis
1249 2605 1396 2636 ol'ﬁciente,
1410 2605 1438 2632 in
1460 2613 1493 2632 co
1521 2604 1594 2639 quod
1622 2601 1747 2628 naturale

123 2664 166 2688 est
194 2664 334 2690 versatur,
369 2659 488 2685 sanitate
517 2664 578 2692 quae
613 2663 661 2691 per
687 2655 877 2690 purgationem
908 2655 1054 2690 contingit,
1082 2662 1136 2682 non
1163 2653 1300 2689 indigens,
1327 2654 1429 2688 quippe
1453 2652 1500 2688 qui
1525 2658 1577 2679 nec
1607 2650 1641 2676 ab
1669 2648 1747 2675 initio

123 2707 234 2744 quidem
258 2713 373 2742 prorsus
393 2706 420 2732 in
443 2705 564 2732 animum
586 2704 713 2731 morbum
737 2703 859 2730 admisit.

158 2753 213 2780 Kal
229 2761 274 2789 μοι
289 2753 362 2779 δοκεῖ
377 2751 421 2778 διά
438 2759 509 2782 τινος
526 2750 670 2784 ἀναλογίας
684 2749 791 2781 οἰκείως
811 2749 884 2784 ἔχειν
897 2748 911 2775 ὁ

125 2799 219 2835 παρῲν
230 2799 277 2825 τοῦ
295 2798 353 2833 βίου
366 2797 464 2833 τρόπος
480 2798 513 2832 τῇ
533 2795 743 2832 προσδοκωμένη
759 2795 825 2831 ζωῇ.
837 2794 911 2822 Καθ-

127 2845 197 2880 άπερ
210 2844 265 2881 γὰρ
285 2843 354 2880 θηλῇ
384 2843 431 2869 καὶ
444 2843 558 2877 γάλακτι
580 2843 596 2878 ἡ
613 2842 706 2878 πρώτη
729 2842 783 2869 τῶν
807 2840 910 2876 νηπίων

999 2745 1038 2772 Ac
1053 2745 1119 2772 mihi
1139 2751 1261 2778 praesens
1277 2746 1340 2769 Vita:
1360 2742 1430 2769 ratio
1453 2748 1502 2776 per
1520 2745 1664 2774 quamdam
1680 2745 1746 2766 con-

964 2791 1128 2819 venientiam
1141 2793 1221 2824 atque
1232 2787 1435 2823 proportionem
1450 2785 1540 2812 afﬁnis
1551 2788 1578 2811 et
1594 2782 1748 2818 propinqua

965 2844 1027 2865 esse
1045 2836 1152 2865 videtur
1172 2835 1197 2863 ei
1214 2834 1275 2862 vitae
1291 2840 1372 2868 quam
1394 2836 1594 2866 exspectamus.
1608 2827 1748 2860 Quemad-
