1922 3078
199 96 252 128 με)

834 99 862 128 S.
875 99 1040 128 GREGORII
1059 99 1206 128 NYSSENI

1773 95 1825 127 {$0

199 158 309 186 modttm
320 158 391 184 enim
407 157 495 192 prima
507 156 651 184 infantium
662 160 728 184 aetas
741 164 858 183 mamma
872 165 903 184 ac
915 158 984 184 lacte

1039 153 1126 193 ήλικῖα
1137 157 1315 194 τιθηνουμένη
1327 157 1487 193 ἑκτρὲφεται
1500 165 1506 171 ε
1523 155 1581 183 εἶτα
1595 157 1746 192 διαδέχεται
1759 158 1825 183 ταύ-

199 205 303 231 nutrita
325 203 475 236 educatur;
494 203 592 230 deinde
612 203 682 230 alius
706 203 874 230 conveniens
897 203 921 230 ei
941 204 984 229 cui

200 249 346 277 adhibetur
361 249 462 283 exeipit
486 249 575 280 cibus.
601 251 648 284 qui
672 249 786 276 idoneus
808 257 840 276 ac
859 241 985 283 proprius

200 296 236 323 sit
255 296 315 330 ejus
330 296 377 330 qui
393 295 540 328 enutritur,
560 295 648 322 donec
669 294 701 321 ad
719 294 865 329 perfectam
889 302 986 329 perve-

201 342 272 369 nerit
286 345 410 369 aetatem:
426 341 461 368 ita
475 341 573 375 opinor
585 340 667 367 etiam
681 341 800 366 anitnam
821 348 868 375 per
879 347 910 366 ea
925 347 986 374 qua:

201 393 309 420 semper
321 389 502 420 competentia
521 384 572 411 sibi
593 388 675 419 atque
696 384 902 412 accommodata
920 385 985 416 sint,

201 431 298 459 ordine
314 435 394 466 atque
411 432 605 467 consequentia
621 431 738 467 quadam
755 431 912 466 participem
928 432 985 459 fieri

202 478 261 513 ejus
279 479 352 509 vitae,
372 485 432 513 quae
454 478 604 505 secundum
631 485 755 504 naturam
773 482 826 508 est,
855 481 985 512 quantam

202 525 276 559 capit
292 532 324 552 ac
337 529 436 559 potest.
450 525 484 552 de
503 525 537 551 iis
551 532 611 559 qua:
623 525 650 551 in
668 523 834 550 beatitudine
845 523 986 558 proposita

203 574 278 600 sunt,
305 574 407 604 partem
425 568 589 604 capientem,
605 569 835 604 quemadmodum
859 570 940 596 etiam
960 569 985 595 id

203 622 218 640 a
234 614 317 641 Paulo
336 615 490 646 didicimus.
519 615 599 642 aliter
614 615 753 642 nutriente
775 622 836 642 eum
861 615 907 649 qui
929 614 985 648 jatn

202 667 251 694 per
267 661 395 687 virtutem
409 659 538 690 creverit.
562 661 642 687 aliter
658 660 789 686 infamem
812 664 838 686 et
859 658 974 694 imperfe

201 706 315 733 ctiorem
328 715 335 732 :
351 713 413 732 nam
427 706 460 732 ad
472 705 748 740 hujusmodiquidcm
765 705 852 732 dicit:
871 714 880 730 ι
894 704 987 732 Laetis

202 755 266 785 potu
283 759 331 778 vos
349 751 415 783 alui,
430 756 458 778 et
473 759 528 778 non
545 752 626 785 cibo;
647 752 768 778 nondum
787 751 860 778 enim
878 755 986 785 potera-

202 797 239 824 tis
249 797 269 823 θ.
283 807 292 824 i
309 796 349 824 Ad
362 805 408 825 eos
416 801 506 824 autem
517 799 562 832 qui
578 798 634 832 jam
645 797 985 832 impleverantmensurnm

1034 213 1084 239 την
1098 204 1262 239 κατάλληλος
1276 204 1356 238 ἑτέρα
1368 203 1407 238 τῷ
1421 203 1591 239 ὑποκειμένῳ
1603 203 1699 238 τροςςή,
1714 203 1824 235 οἰκείως

1034 257 1064 275 τε
1079 249 1125 275 καὶ
1147 249 1305 284 ἐπιτηδείως
1319 249 1387 283 πρὸς
1402 247 1434 274 τὸ
1448 248 1615 283 τρεφόμενον
1638 248 1747 283 ἔχουσα,
1770 248 1824 279 ἓως

1034 295 1067 322 ἂν
1081 295 1128 322 ἐπὶ
1139 295 1170 321 τὸ
1183 295 1282 322 τέλειον
1297 295 1387 330 φθάσῃ
1399 303 1406 310 ’
1423 294 1508 326 οὕτως
1523 291 1600 329 οἶμαι
1613 294 1660 321 καὶ
1673 294 1722 329 τὴν
1734 294 1824 329 ψυχὴν

1035 341 1079 368 διὰ
1095 341 1148 368 τῶν
1170 341 1213 367 ἀεὶ
1237 340 1410 375 καταλλήλων
1428 340 1504 372 τάξει
1527 341 1582 366 τινὶ
1605 341 1652 366 καὶ
1676 339 1824 374 ἀκολουθίᾳ

1037 387 1161 422 μετέχειν
1174 387 1223 422 τῆς
1236 387 1306 414 κατὰ
1321 386 1401 420 φύσιν
1416 386 1498 421 ζωῆς.
1509 387 1547 418 ὡς
1560 387 1644 422 χωρεῖ
1653 386 1700 413 καὶ
1711 386 1823 412 δύναται

1035 432 1090 458 τῶν
1103 434 1131 459 ἐν
1151 434 1184 468 τῇ
1203 432 1382 467 μακαριότητι
1397 432 1582 467 προκειμένων
1599 431 1824 466 μεταλαμϐάνου-

1038 487 1082 510 σα,
1099 479 1190 510 καθὼς
1204 479 1250 505 καὶ
1265 479 1338 513 παρὰ
1351 478 1398 504 τοῦ
1422 478 1526 505 Παύλου
1549 478 1579 504 τὺ
1592 477 1710 504 τοιοῦτον
1723 477 1823 512 ἐμάθο-

1038 533 1098 559 μεν,
1114 524 1199 556 ἄλλως
1212 524 1356 558 τρέφοντος
1369 524 1413 550 τὸν
1430 525 1480 558 ήδη
1501 523 1545 550 διὰ
1559 524 1609 559 τῆς
1625 523 1724 559 ἀρετῆς
1740 523 1823 557 αὐξη-

1037 570 1127 601 θέντα,
1143 571 1190 597 καὶ
1216 570 1316 606 ἑτέρως
1328 570 1358 596 τὸ
1375 571 1469 605 νήπιον
1484 570 1531 596 καὶ
1546 569 1731 605 ἀτελέστερον.
1751 570 1823 604 Πρὸς

1039 616 1087 651 μὲν
1115 617 1169 651 γὰρ
1191 617 1254 648 τοὺς
1283 616 1418 647 τοιούτους
1443 616 1535 650 φησὶν,
1563 616 1604 642 ὅτι
1630 625 1639 640 ι
1654 615 1727 642 Γάλα
1750 616 1823 650 ὑμᾶς

1037 662 1160 693 ἐπότισα,
1176 663 1206 688 οὐ
1222 662 1318 698 βρῶμα
1330 670 1337 677 ·
1355 661 1430 688 οὔπω
1445 661 1500 697 γὰρ
1512 661 1659 696 ἠδύνασθε·
1677 671 1686 686 ι
1714 661 1784 697 πρὸς
1795 662 1822 688 δὲ

1037 709 1099 739 τοὺς
1120 708 1333 743 πεπληρωκότας
1348 708 1379 735 τὸ
1402 709 1500 744 μέτρον
1519 709 1568 743 τῆς
1590 708 1687 742 νοητῆς
1701 707 1820 742 ἡλικίας,

1041 762 1050 779 t
1064 754 1178 780 Τελείων
1189 754 1217 780 δέ
1231 755 1299 785 ἐστι,
1315 763 1324 778 ι
1345 754 1437 788 φησὶν,
1467 764 1476 779 t
1491 754 1507 789 ή
1521 755 1618 789 στερεὰ
1632 754 1730 789 τροφὴ,
1745 763 1754 779 ι
1768 753 1822 780 τῶν

1037 799 1080 826 διὰ
1093 799 1141 834 τὴν
1156 799 1211 832 ἕξιν
1232 800 1267 826 τὰ
1289 800 1452 835 αἰσθητήρια
1468 800 1680 835 γεγυμνασμένα
1695 800 1821 834 ἑχόντων.

202 842 300 874 aetatis,
319 850 380 877 quae
398 843 502 870 ratione
517 851 548 869 ac
570 846 661 870 mente
682 842 849 877 percipitur:
871 851 880 868 ι
896 841 986 869 Perfe-

1039 845 1169 880 Καθάπερ
1183 845 1272 872 τοίνυν
1281 846 1331 871 οὐκ
1345 845 1417 871 ἐστιν
1429 846 1458 871 ἐν
1471 846 1526 877 τοῖς
1540 845 1642 880 ὁμοίοις
1654 846 1741 872 εἰπεῖν
1753 843 1822 872 εἷναι

202 892 309 914 ctorum
330 892 421 915 autem
435 893 487 919 est,
501 898 510 914 ι
531 889 628 923 inquit,
648 887 772 915 «solidus
791 888 902 920 cibus',
914 898 923 914 ›
941 888 987 922 qui

202 941 251 968 per
272 933 394 962 habitum
411 935 533 962 sensaria
553 935 654 962 habent
676 935 836 962 exercitata.
852 934 987 967 Quemad-

202 980 312 1006 modum
338 979 420 1015 igitur
438 981 491 1007 dici
519 988 572 1007 non
594 984 694 1015 potest,
719 981 747 1008 in
767 981 904 1009 similibus
927 988 988 1008 esse

201 1026 289 1052 virum
304 1029 331 1053 et
355 1025 496 1058 infantem,
521 1027 628 1054 etiatnsi
653 1031 750 1054 neuter
771 1034 866 1054 eorum
892 1027 988 1053 morbo

202 1071 294 1105 aliquo
308 1071 481 1106 implicetur:
496 1072 562 1107 (quo
578 1076 658 1107 pacto
671 1072 744 1099 enim
760 1072 786 1098 in
802 1072 914 1107 paribus
924 1080 986 1099 ver-

202 1118 257 1144 sari
277 1118 383 1146 deliciis
399 1119 515 1153 possint,
533 1119 580 1154 qui
593 1119 749 1147 earumdem
765 1127 856 1146 rerum
874 1119 987 1154 partici-

203 1171 250 1197 pes
271 1171 325 1190 non
340 1165 436 1197 sunt?)
453 1165 499 1192 sed
520 1165 616 1192 morbo
630 1165 739 1200 quidem
759 1165 836 1192 nullo
856 1165 947 1200 afﬂigi,
962 1169 989 1192 et

201 1208 230 1234 in
248 1207 301 1236 hoc
313 1214 341 1235 et
357 1209 384 1235 in
400 1209 447 1235 illo
461 1209 587 1236 similiter
603 1208 715 1241 dicitur,
732 1209 854 1244 quandiu
882 1209 988 1244 passio-

201 1253 246 1280 nis
261 1257 289 1280 et
312 1253 467 1282 afﬂictionis
493 1258 607 1289 uterque
625 1262 722 1289 expers
743 1259 794 1288 est,
818 1255 865 1282 sed
881 1255 987 1282 fructus

201 1299 361 1326 deliciarum
383 1308 438 1326 non
460 1300 577 1333 amplius
592 1300 626 1327 ab
645 1300 741 1328 iisdem
758 1300 882 1328 similiter
898 1300 987 1334 perci-

201 1344 275 1379 pitur
289 1345 367 1374 (nam
385 1346 449 1373 huic
462 1345 570 1381 quidem
593 1346 654 1373 licet
671 1346 712 1373 vel
730 1346 900 1373 orationibus
914 1346 988 1373 dele-

201 1393 281 1425 ctari,
299 1393 339 1420 vel
365 1393 447 1420 rebus
462 1400 590 1428 praeesse,
607 1394 648 1420 vel
668 1401 732 1420 cum
751 1393 832 1420 laude
854 1401 885 1419 ac
901 1393 987 1428 gloria

201 1439 377 1474 magistratus
405 1446 508 1473 gerere,
534 1439 576 1467 vel
602 1438 800 1466 lienel'aciendo
829 1438 987 1466 hominibus

201 1485 344 1520 egentibus
370 1486 533 1518 clarescere,
551 1486 592 1513 vel
619 1485 642 1512 si
669 1493 714 1513 res
737 1485 774 1512 ita
800 1486 900 1519 tulerit,
925 1493 986 1513 cum

201 1539 297 1562 uxore,
313 1539 373 1566 quae
391 1531 467 1558 cordi
497 1532 544 1564 sit,
571 1531 746 1559 matrimonio
766 1531 891 1565 junctum
914 1539 986 1563 esse,

200 1585 234 1604 ac
249 1577 343 1605 domui
367 1584 501 1612 praeesse;
518 1584 550 1604 ac
566 1577 589 1604 si
610 1585 664 1612 qua
683 1577 736 1604 alia
751 1585 799 1612 per
821 1578 890 1604 hanc
903 1578 987 1604 vitam

201 1630 255 1650 una
266 1630 328 1650 cum
337 1623 381 1651 his
391 1623 513 1658 jucunda
527 1623 590 1650 licet
600 1623 732 1654 invenire,
749 1627 806 1650 tum
820 1629 986 1656 acroamata,

202 1674 259 1696 tum
291 1670 456 1704 spectacula,
482 1670 651 1701 venationes,
688 1670 806 1700 lavacra,
834 1672 986 1704 gymnasia,

201 1715 358 1743 convivales
378 1716 462 1742 animi
482 1716 688 1748 delectationes,
719 1723 751 1743 ac
774 1717 796 1743 si
824 1717 889 1750 quid
913 1717 987 1743 aliud

201 1762 335 1796 ejusmodi
357 1766 416 1789 est:
431 1768 458 1788 at
481 1762 577 1790 infanti
595 1762 700 1789 delicia:
722 1767 785 1789 sunt
802 1763 854 1794 lac,
873 1762 988 1790 nutricis

202 1808 283 1838 nime,
299 1807 389 1842 quieta
405 1815 437 1834 ac
448 1808 553 1842 placida
568 1808 662 1839 motio,
680 1816 740 1842 quae
752 1816 877 1835 somnum
892 1808 988 1835 invitet

202 1857 230 1880 et
242 1853 413 1887 demulceat;
431 1861 492 1880 nam
502 1853 668 1889 imperfectae
677 1854 765 1880 atatis
777 1861 808 1881 ea
825 1857 923 1880 natura
934 1857 987 1885 est,

202 1903 233 1926 ut
251 1907 312 1934 qua:
325 1891 443 1934 superet
464 1899 535 1926 hanc
554 1899 766 1927 oblectationem
792 1906 847 1926 non
868 1898 987 1934 capiat):

203 1944 297 1972 eodem
314 1945 405 1977 modo.
421 1945 467 1979 qui
484 1953 533 1980 per
548 1946 675 1972 virtutem
692 1945 719 1971 in
740 1945 790 1971 hac
805 1945 860 1972 vita
882 1945 989 1972 animas

202 1992 386 2024 nutriverunt,
407 1996 444 2024 et,
469 1997 497 2018 ut
518 1992 607 2026 inquit
631 1991 788 2026 Apostolus,
817 1991 916 2018 mentis
933 1998 990 2018 sua:

204 2046 334 2066 sensuum
358 2038 539 2066 instrumenta
559 2042 751 2068 exercuerunt.
769 2037 792 2064 si
812 2036 846 2064 ad
859 2037 988 2072 incorpo-

204 2092 278 2112 ream
295 2085 368 2111 illam
382 2084 464 2111 vitam
481 2083 671 2116 traducantur,
694 2091 744 2118 pro
759 2083 863 2111 ratione
879 2083 989 2111 habitus

205 2137 237 2157 ac
255 2131 389 2164 potentiae,
407 2137 469 2165 quae
483 2129 510 2156 in
530 2129 597 2164 ipsis
612 2130 687 2161 insit,
709 2129 862 2156 divinarum
878 2129 989 2156 delicia-

1036 891 1082 917 τὸν
1108 891 1191 926 ἄνδρα
1219 899 1248 916 τε
1275 891 1321 917 καὶ
1344 891 1375 916 τὸ
1397 891 1502 925 νήπιον,
1527 891 1578 917 κᾶν
1601 891 1718 926 μηδεμία
1746 891 1822 922 νόσος

1037 938 1158 973 ἑκατέρῳ
1180 937 1282 964 τούτων
1308 937 1514 972 προσάπτηται·
1533 937 1609 972 (πῶς
1623 937 1677 972 γὰρ
1692 937 1725 963 ἂν
1742 937 1771 963 ὲν
1783 937 1822 972 τῷ

1038 984 1088 1019 ἴσῳ
1107 984 1157 1019 τῆς
1180 984 1286 1018 τρυφῆς
1307 983 1444 1017 γένοιντο,
1463 983 1488 1008 οί
1503 982 1557 1009 τῶν
1581 982 1670 1008 αὐτῶν
1695 982 1732 1018 μὴ
1756 990 1822 1017 μετ-

1037 1029 1174 1064 έχοντες;)
1186 1029 1253 1056 ἀλλὰ
1272 1029 1303 1055 τὸ
1325 1029 1374 1063 μὲν
1393 1028 1430 1063 μὴ
1450 1028 1597 1054 κακοῦσθαι
1611 1028 1682 1063 νόσῳ
1695 1028 1760 1059 τινὶ,
1777 1028 1822 1054 καὶ

1038 1076 1084 1102 ἐπὶ
1107 1077 1202 1102 τούτου
1225 1076 1273 1102 καὶ
1295 1076 1337 1102 ἐπ’
1351 1076 1454 1102 ἐκείνου
1479 1075 1586 1108 λέγεται
1614 1073 1820 1109 παραπλησίως,

1038 1122 1090 1154 ἓως
1107 1122 1139 1148 ἂν
1151 1121 1203 1154 ἔξω
1216 1121 1318 1152 πάθους
1330 1119 1483 1156 ἑκάτεροςῇ
1498 1128 1504 1134 ·
1521 1120 1574 1147 τῶν
1584 1120 1612 1147 δὲ
1629 1120 1700 1146 κατὰ
1719 1119 1822 1155 τρυφὴν

1039 1167 1056 1202 ἡ
1072 1166 1220 1197 ἀπόλαυσις
1244 1166 1334 1193 οὐκέτι
1362 1166 1461 1200 ὁμοίως
1481 1165 1552 1201 παρὰ
1565 1164 1618 1191 τῶν
1641 1164 1730 1191 αὐτῶν
1745 1165 1821 1199 ἐνερ-

1039 1213 1129 1246 γεῖται
1157 1211 1206 1246 (τῷ
1231 1211 1279 1246 μὲν
1308 1211 1361 1246 γὰρ
1387 1211 1504 1245 ὑπάρχει
1529 1210 1575 1236 καὶ
1601 1208 1645 1235 διὰ
1670 1209 1757 1242 λόγων
1778 1208 1822 1234 εὑ-

1039 1257 1209 1293 φραίνεσθαι,
1230 1257 1278 1283 καὶ
1293 1257 1461 1291 πραγμάτων
1477 1257 1641 1293 ἐπιστατεῖν,
1662 1255 1708 1281 καὶ
1721 1254 1823 1280 εὐδοκί-

1040 1312 1097 1339 μως
1109 1303 1196 1339 ἀρχὰς
1213 1303 1342 1338 μετιέναι,
1360 1303 1407 1329 καὶ
1423 1303 1481 1332 ταῖς
1494 1301 1547 1328 τῶν
1563 1292 1697 1336 δεομένων
1712 1299 1823 1335 εὐεργε-

1039 1350 1109 1381 σίαις
1127 1348 1341 1385 λαμπρύνεσθαι,
1365 1349 1472 1383 γαμετῇ
1491 1356 1519 1373 τε
1542 1347 1686 1377 συνοικεῖν,
1702 1345 1736 1373 ἂν
1752 1345 1823 1372 οὕτω

1039 1396 1106 1432 τύχῃ
1130 1395 1296 1429 καταθυμία,
1321 1395 1368 1420 καὶ
1388 1393 1463 1420 οῐκου
1486 1394 1596 1428 ἄρχειν,
1624 1392 1671 1419 καὶ
1686 1392 1736 1418 ὅσα
1753 1391 1823 1418 κατὰ

1038 1442 1132 1469 τοῦτον
1145 1442 1218 1468 ἐστιν
1232 1441 1296 1477 ἡδέα
1308 1441 1354 1467 τὸν
1367 1440 1522 1475 παραῦατδν
1539 1439 1594 1474 βίον
1609 1439 1708 1473 εὑρεῖν,
1722 1437 1824 1472 ἀκροά-

1001 1503 1022 1533 c
1041 1489 1114 1524 ματά
1127 1496 1156 1514 τε
1171 1488 1216 1514 καὶ
1229 1486 1362 1521 θεάματα,
1376 1486 1456 1521 θῆραι
1474 1486 1521 1512 καὶ
1535 1485 1645 1520 λουτρὰ,
1660 1484 1706 1510 καὶ
1718 1483 1824 1533 γυμνάα

1040 1543 1095 1564 σια.
1110 1534 1156 1560 καὶ
1175 1533 1321 1568 συμπόσια,
1346 1532 1393 1558 καὶ
1405 1531 1545 1566 θυμηδίαι,
1567 1531 1612 1557 καὶ
1626 1530 1652 1556 ετ
1664 1538 1690 1556 τι
1704 1528 1823 1555 τοιοῦτον

1038 1581 1146 1615 ἕτερον·
1162 1579 1200 1613 τῷ
1213 1579 1241 1605 δὲ
1254 1578 1342 1613 νηπίῳ
1361 1578 1378 1612 ὴ
1398 1577 1497 1612 τρυφὴ,
1513 1577 1544 1603 τὸ
1560 1576 1630 1610 γὰλα
1654 1576 1723 1606 ἐστὶ,
1743 1575 1792 1601 καὶ
1806 1575 1823 1609 ἡ

1037 1627 1086 1661 τῆς
1100 1625 1210 1661 τιθήνης
1225 1624 1330 1658 ἀγκάλη
1339 1643 1346 1655 ,
1368 1624 1415 1650 καὶ
1429 1623 1549 1658 ήρεμαίσ.
1563 1622 1668 1658 κίνησις
1682 1621 1727 1648 τὸν
1740 1620 1823 1648 ὕπνον

1038 1670 1205 1706 ἐφελκομένη
1228 1678 1257 1696 τε
1281 1669 1328 1696 καὶ
1351 1668 1482 1704 ἡδύνουσα
1496 1676 1502 1682 ⁸
1524 1667 1572 1703 τὴν
1585 1667 1637 1703 γὰρ
1652 1667 1721 1702 ὑπὲρ
1745 1666 1824 1692 τοῦτο

1038 1716 1206 1752 εὐφροσύνην
1218 1735 1226 1747 ,
1251 1715 1281 1741 τὸ
1295 1714 1388 1745 ἀτελὲς
1404 1713 1454 1748 τῆς
1477 1713 1583 1748 ἡλικίας
1597 1712 1719 1747 χωρῆσαι
1743 1710 1824 1745 φύσιν

1037 1763 1087 1790 οὐκ
1101 1762 1168 1797 ἔχει)
1180 1769 1187 1775 θ
1203 1761 1247 1788 τὸν
1262 1760 1344 1787 αὐτὸν
1359 1760 1457 1795 τρόπον
1472 1760 1496 1786 ot
1509 1759 1553 1785 διὰ
1566 1758 1615 1793 τῆς
1632 1757 1732 1793 ἀρετῆς
1744 1757 1774 1782 ὲν
1786 1755 1824 1790 τῷ

1038 1807 1100 1842 τῇδε
1117 1807 1166 1842 βίῳ
1183 1806 1232 1837 τὰς
1251 1805 1339 1840 ψυχὰς
1361 1804 1518 1840 θρέψαντες,
1538 1803 1595 1834 καὶ,
1609 1802 1698 1834 καιώς
1715 1810 1796 1836 φησιν
1809 1801 1824 1827 ὁ

1045 1853 1214 1884 Ἀπόστολος.
1237 1851 1495 1886 καταγυμνάσαντες
1512 1849 1615 1876 ἑαυτῶν
1633 1848 1667 1875 τὰ
1683 1847 1766 1883 νοητὰ
1781 1848 1824 1874 αξ-

1039 1899 1191 1934 σθητήρια,
1213 1898 1236 1924 εἰ
1259 1897 1328 1932 πρὸς
1352 1897 1400 1932 τὴν
1423 1895 1566 1931 ἀσώματον
1581 1895 1688 1929 ἐκείνην
1706 1901 1825 1929 μετοικι-

1040 1944 1127 1976 σθεῖεν
1145 1944 1216 1978 ζωὴν
1227 1963 1235 1975 ,
1259 1944 1325 1978 πρὸς
1345 1943 1424 1977 λόγον
1439 1944 1489 1977 τῆς
1506 1941 1710 1976 ἐνυπαρχούσης
1733 1941 1824 1972 αὒτοῐς

1039 1988 1122 2022 ἕξεώς
1137 1997 1167 2015 τε
1190 1989 1237 2015 καὶ
1252 1987 1407 2023 δυνάμεως,
1425 1988 1473 2022 τῆς
1497 1987 1571 2018 θείας
1587 1987 1692 2022 τρυφῆς
1708 1986 1824 2021 μεταλή-

1039 2035 1143 2069 ψονται,
1160 2034 1177 2068 ἢ
1191 2033 1322 2065 πλείονος,
1337 2033 1353 2068 ἢ
1369 2032 1518 2064 ἐλάττονος,
1533 2032 1604 2058 κατὰ
1618 2032 1668 2068 τὴν
1683 2031 1824 2068 παροῦσαν

1039 2079 1153 2106 ἑκάστου
1166 2079 1280 2114 δύναμιν
1296 2078 1350 2104 τῶν
1364 2077 1550 2112 προκειμένων
1565 2077 1730 2112 μετέχοντες.
1752 2077 1783 2103 'H
1796 2075 1823 2103 δὲ

1040 2125 1170 2159 ἄγευστος
1194 2125 1243 2158 τῆς
1264 2124 1364 2160 ἀρετῆς
1380 2123 1462 2158 ψυχὴ,
1485 2122 1540 2149 τῶν
1566 2122 1614 2157 μὲν
1638 2123 1670 2149 ὲκ
1692 2122 1824 2157 πονηρίας

204 2183 265 2202 rum
290 2176 437 2210 participes
459 2179 549 2206 erunt,
575 2175 617 2201 vel
634 2175 763 2209 majorem
789 2174 831 2201 vel
855 2174 986 2201 minorem

1040 2169 1142 2202 κακῶν,
1155 2170 1202 2196 ἆτε
1221 2170 1288 2204 μήτε
1301 2169 1350 2204 τὴν
1365 2168 1450 2204 ἀρχὴν
1466 2167 1651 2203 συνενεχθείσα
1665 2168 1698 2202 τῇ
1711 2167 1761 2203 τῆς
1776 2176 1825 2194 και

205 2220 357 2248 secundum
377 2224 538 2254 praesentem
551 2219 684 2254 cujusque
700 2220 847 2254 potentiam
863 2220 988 2254 proposi-

205 2269 295 2292 torum
316 2268 419 2300 partem
444 2264 593 2299 capientes.
611 2264 646 2290 At
672 2264 762 2290 anima
784 2271 844 2299 qua:
859 2265 987 2291 virtutem

207 2311 327 2338 nondum
344 2311 470 2346 gustavit,
490 2317 584 2337 eorum
599 2310 707 2344 quidem
728 2310 862 2338 malorum
879 2318 940 2346 qua:
954 2319 988 2338 ex

207 2357 379 2391 improbitate
392 2363 423 2382 ac
437 2356 558 2390 nequitia
577 2357 714 2388 oriuntur,
731 2361 758 2383 ut
778 2364 838 2391 qua:
857 2356 892 2384 ab
911 2357 989 2384 initio

206 2410 319 2438 prorsus
335 2402 362 2429 in
381 2402 489 2428 malitias
506 2401 629 2429 morbum
655 2410 708 2428 non
731 2402 869 2434 inciderit.
891 2410 988 2438 expers

207 2453 315 2481 manet;
333 2447 406 2475 illius
422 2452 510 2474 autem
528 2447 599 2480 vitat,
624 2455 704 2481 quam
719 2447 765 2474 Dei
783 2452 840 2474 tum
856 2449 988 2483 cognitio-

207 2502 268 2521 nem
288 2498 345 2520 tum
363 2493 600 2528 participationem
621 2501 683 2520 esse
696 2494 784 2520 oratio
799 2494 925 2528 superior
941 2495 988 2522 de-

1039 2217 1102 2248 κίας
1115 2215 1194 2251 νόσῳ,
1208 2216 1328 2251 διαμένει
1350 2215 1481 2250 ἀμέτοχος
1503 2215 1552 2250 τῆς
1566 2214 1638 2249 ζωῆς
1653 2215 1771 2250 ἐκείνης,
1791 2215 1824 2250 ἣν

1039 2262 1107 2289 Θεοῦ
1123 2262 1222 2296 γνῶσίν
1238 2270 1268 2287 τε
1293 2261 1340 2290 καὶ
1365 2260 1507 2296 μετουσίαν
1523 2261 1537 2286 ὁ
1554 2260 1607 2295 πρὸ
1621 2259 1723 2286 τούτων
1746 2259 1825 2294 λόγος

1039 2308 1166 2344 ὡρίσατο,
1183 2306 1308 2334 τοσοῦτον
1325 2307 1433 2342 μετέχει
1453 2306 1528 2342 παρὰ
1549 2307 1600 2341 τὴν
1616 2307 1743 2342 πρώτην,
1763 2307 1824 2333 ὅσον

1041 2356 1125 2390 χωρεί
1147 2353 1178 2380 τὸ
1199 2353 1375 2389 τρεφόμενον,
1395 2352 1447 2385 ἕως
1468 2352 1512 2384 ἂν,
1528 2352 1652 2388 καθάπερ
1669 2353 1722 2379 τινὶ
1737 2353 1823 2388 τροφῇ

1041 2399 1201 2435 καταλλήλῳ
1213 2400 1245 2434 τῇ
1261 2398 1360 2434 θεωρίᾳ
1372 2398 1418 2424 τοῦ
1429 2398 1504 2430 ὄντος
1517 2398 1717 2433 ὲναδρυνθεῖσα,
1731 2407 1823 2434 χωρη-

1041 2445 1104 2480 τική
1120 2445 1167 2472 τοῦ
1191 2444 1313 2474 πλείονος
1334 2444 1455 2478 γένηται,
1479 2445 1508 2470 ὲν
1529 2443 1652 2478 δαψιλείᾳ
1671 2442 1718 2470 τοῦ
1739 2443 1824 2475 δντως

1041 2494 1116 2524 δντος
1133 2491 1192 2518 κατ’
1207 2491 1331 2523 ἐξουσίαν
1347 2490 1507 2525 μετέχουσα.

195 2541 305 2584 ‘finivit,
320 2545 422 2567 tantam
436 2540 463 2567 in
477 2540 555 2567 initio
568 2544 670 2574 partem
687 2542 769 2575 capit.
785 2547 894 2576 quanta:
903 2550 987 2577 rapax
1004 2547 1046 2570 est
1062 2541 1089 2569 id
1105 2539 1177 2575 quod
1198 2539 1346 2569 enutritur.
1367 2538 1456 2573 quoad
1480 2542 1609 2573 tanquam
1626 2538 1690 2565 cibo
1706 2537 1822 2574 quodam

209 2585 381 2614 convenienti
405 2589 432 2612 et
449 2584 655 2612 accommodato
675 2586 708 2612 ad
733 2587 989 2621 contemplationem
1010 2586 1080 2621 ejus,
1095 2585 1142 2620 qui
1163 2591 1257 2612 revera
1271 2587 1324 2615 est,
1339 2582 1451 2618 grandis
1471 2582 1566 2611 eﬁ‘ecta
1593 2583 1706 2618 majoris
1735 2582 1821 2618 partis

208 2640 293 2668 capax
316 2630 461 2664 efficiatur,
489 2632 600 2667 largiter
625 2637 652 2659 et
674 2633 782 2660 abunde
802 2641 851 2668 pro
873 2635 988 2662 arbitrio
1013 2638 1117 2669 partem
1132 2633 1244 2668 capiens
1255 2631 1314 2666 ejus
1329 2631 1376 2666 qui
1392 2638 1487 2658 revera
1503 2635 1555 2658 est.

243 2678 283 2705 Ad
305 2678 361 2705 haec
387 2678 566 2712 respicientes
583 2679 715 2706 malorum
737 2679 857 2714 quidem,
875 2688 936 2716 qua:
954 2689 986 2708 ex

209 2723 384 2759 improbitate
396 2731 427 2751 ac
440 2724 561 2759 nequitia
573 2725 720 2753 exsistunt.
737 2725 838 2754 pariter
849 2730 987 2757 expertem

249 2823 261 2839 ⁸
279 2823 289 2850 l
308 2822 372 2850 Cor.
387 2830 436 2855 ιιι,
451 2824 478 2851 2.
516 2825 525 2839 ⁷
538 2823 618 2852 Hebr.
637 2833 662 2856 γ,
679 2824 719 2852 Η.

1077 2679 1147 2714 Πρὸς
1169 2679 1254 2705 ταῦτα
1269 2678 1420 2713 βλέποντες,
1437 2677 1489 2711 ἔξω
1505 2677 1554 2713 μὲν
1568 2676 1620 2703 τῶν
1640 2678 1672 2704 ἐκ
1692 2675 1824 2712 πονηρίας

1045 2725 1138 2754 κακῶν
1155 2725 1254 2761 ὁμοίως
1280 2722 1348 2751 εἶναί
1365 2732 1454 2759 φαμεν
1468 2723 1517 2758 τὴν
1539 2722 1626 2759 ψυχὴν
1638 2743 1645 2756 ,
1667 2721 1714 2749 τοῦ
1730 2730 1760 2750 τε
1780 2720 1825 2748 διὰ
