1922 3078
117 98 159 128 181
506 101 548 128 DE
568 102 775 131 INFANTIBUS
789 104 849 138 QUI
870 104 1096 133 PRAEMATUBE
1109 104 1357 133 ABRIPIUNTUR.

1694 107 1745 134 I82

117 160 198 193 πάσης
211 158 314 193 ἀρετῆς
329 159 454 194 ἥκοντος,
478 161 524 187 καὶ
540 161 586 187 τοῦ
604 162 671 197 μηδὲ
685 163 752 194 ὅλως
767 172 900 198 μετεσχη-

958 165 1072 191 Jnimam
1101 172 1163 192 esse
1187 164 1306 191 dicimus
1332 169 1388 190 tum
1415 163 1475 198 ejus
1497 164 1542 198 qui
1571 172 1618 198 per
1633 172 1743 192 onmem

115 205 187 235 κότος
199 205 246 230 τοῦ
265 204 334 239 βίου.
363 205 401 231 UO
430 206 482 240 μὴν
506 208 535 232 ἐν
548 207 587 242 τῷ
610 208 695 243 ὁμοίῳ
708 208 757 244 τὴν
773 210 903 245 ἑκατέρου

115 250 210 276 τούτων
233 250 376 286 διαγωγὴν
401 252 554 287 ἐννοοῦμεν.
587 253 616 279 ’0
644 255 692 288 μὲν
716 255 769 290 γὰρ
793 255 903 289 ἤκουσε,

115 295 201 326 καθὼς
217 297 231 321 ὁ
245 295 395 331 Προφήτης
410 298 485 331 φησι,
499 298 552 324 τῶν
569 298 702 333 οὐρανίων
716 300 903 336 διηγημάτων,

113 341 145 368 δι’
162 338 197 368 ὧν
213 342 230 376 ἡ
247 341 313 374 δόξα
332 343 380 377 τοῦ
393 343 460 369 Θεοῦ
475 344 698 377 καταγγέλλεται,
720 347 766 372 καὶ
790 346 834 373 διὰ
854 347 904 382 τῆς

115 388 228 418 κτίσεως
243 388 312 423 πρὸς
326 389 377 423 τὴν
390 389 553 424 κατανόησιν
566 390 694 426 ώδηγήθη
709 391 756 417 τοῦ
769 393 904 419 Δεσπότου

112 434 161 468 τῆς
175 434 290 465 κτίσεως
302 454 310 465 ,
334 436 380 461 καὶ
402 435 554 470 διδασκάλῳ
576 438 608 471 τῇ
624 436 708 468 ὅντως
723 438 804 473 σοφίᾳ
823 439 904 474 ἐχρή-

113 488 188 510 σατο,
207 481 240 514 τῇ
266 481 295 506 ὲν
311 482 368 512 τοῖς
384 478 442 507 οὖσι
464 481 638 518 θεωρουμένῃ
661 483 750 518 σοφίᾳ,
768 483 799 509 τό
813 492 843 510 τε
857 484 904 510 τοῦ

113 526 202 559 φωτὸς
218 526 313 552 τούτου
328 526 424 558 κάλλος
438 527 618 561 κατανοήσας,
633 527 801 562 ἁναλογικῶς
815 529 845 555 τὸ
857 528 904 555 τοῦ

113 572 244 606 ἀληθινοῦ
257 572 346 606 φωτὸς
363 573 459 604 κάλλος
475 574 580 608 ἐνόησε,
596 574 643 600 καὶ
657 575 686 600 ὲν
699 574 736 610 τῷ
750 575 842 610 παγίῳ
855 577 904 611 τῆς

113 618 166 652 γῆς
176 618 207 644 τὺ
216 618 263 644 τοῦ
275 619 454 654 πεποιηκότος
465 620 549 655 αὐτὴν
559 620 725 655 ἀμετάθετον
736 622 883 656 ἐπαιδεύθη
896 631 902 637 ·

112 665 162 690 καὶ
178 664 208 690 τὸ
225 664 379 699 ἀμέτρητον
398 664 444 691 τοῦ
461 665 575 700 οὐρανοῦ
593 665 708 701 μέγεθος
725 667 903 702 κατανοήσας,

113 711 183 745 πρὸς
197 710 228 736 τὺ
244 710 357 746 ἄπειρόν
371 720 400 737 τε
417 711 463 737 καὶ¹
483 712 608 747 ἀόριστον
622 713 671 747 τῆς
688 712 905 748 ὲμπεριεχοὺσης

111 756 143 782 τὸ
157 757 212 783 πᾶν
229 756 371 791 δυνάμεως
392 757 531 792 ὡδηγήθη,
545 757 594 789 τάς
609 766 637 783 τε
654 758 765 790 ἀκτῖνας
781 758 842 784 ίδὼν
858 758 904 784 τοῦ

112 802 190 836 ἡλίου
219 803 253 828 ἐκ
277 803 331 829 τῶν
354 802 487 829 τοσούτων
513 803 667 838 ὑψωμάτων
701 803 797 842 μέχρις
828 804 905 839 ἡμῶν

110 847 271 882 διηκούσας,
289 848 320 875 τὸ
340 849 377 884 μὴ
392 850 495 876 ἀτονεῖν
511 849 558 881 τὰς
576 849 701 883 νοητικὲις
716 849 763 875 τοῦ
776 850 843 876 Θεοῦ
863 851 905 876 ὲν-
920 844 942 871 Β

112 894 226 928 εργείας
244 895 312 929 πρὸς
333 895 446 921 ἕκαστον
469 895 546 930 ἡμῶν
569 895 623 921 ἀπὸ
645 895 690 921 τοῦ
712 895 761 930 τῆς
778 895 905 931 Θεότητος

112 939 200 973 ὕψους
216 941 340 967 κατιέναι
353 940 397 966 διὰ
410 940 465 966 τῶν
489 940 657 975 φαινομένων
680 941 850 968 ἐπίστευσεν.
874 942 905 968 El

113 987 169 1021 γάρ
184 984 223 1017 εἷς
237 986 275 1012 ὣν
288 987 400 1022 φωστὴρ
414 987 488 1021 κοινῇ
503 995 532 1012 τε
547 987 576 1012 τὸ
593 987 769 1021 ὑποκείμενον
786 987 858 1013 ἆπαν
871 989 904 1022 τῇ

113 1033 268 1067 φωτιστικῇ
286 1032 397 1066 δυνάμει
423 1031 609 1067 διαλαμϐάνει,
626 1032 672 1058 καὶ
688 1033 755 1058 πᾶσι
770 1034 826 1063 τοῖς
842 1041 906 1067 μετρ

113 1079 225 1113 ἐχουσιν
239 1078 334 1104 ἑαυτὸν
347 1077 493 1112 ἐπινέμων,
508 1078 567 1109 ὅλος
579 1078 685 1113 ἑκάστῳ
698 1078 744 1104 καὶ
755 1078 905 1113 ἀδιαίρετος

115 1122 233 1156 πάρεστι
244 1130 250 1137 ·
273 1122 348 1157 πόσῳ
366 1122 463 1156 μᾶλλον
479 1123 493 1148 ὁ
508 1122 553 1148 τοῦ
570 1123 710 1157 φωστῆρος
731 1123 905 1158 δημιουργὸς,

115 1169 164 1195 καὶ
191 1169 281 1195 πάντα
308 1169 336 1194 ὲν
361 1169 428 1194 πᾶσι
453 1168 566 1202 γίνεται,
585 1167 674 1200 καθώς
690 1177 772 1203 φησιν
788 1169 802 1194 ό
825 1169 905 1195 Ἀπό-

117 1214 222 1245 στολος,
237 1214 283 1240 καὶ
297 1214 403 1248 ἑκάστῳ
420 1214 544 1248 πάρεστι,
559 1213 683 1240 τοσοῦτον
698 1213 793 1241 ἑαυτὸν
808 1213 905 1247 διδοὺς,

116 1261 178 1286 ὅσον
194 1261 224 1287 τὸ
239 1261 417 1296 ὑποκείμενον
433 1260 555 1296 δέχεταιε
579 1260 658 1287 ’Λλλὰ
672 1261 719 1287 καὶ
743 1261 842 1295 στάχυν
864 1270 906 1293 τις

118 1305 181 1331 ἰδὼν
195 1307 242 1332 ἐπὶ
257 1306 318 1340 γῆς,
335 1307 381 1332 καὶ
396 1306 445 1341 τὴν
460 1307 491 1332 ἐκ
505 1305 588 1340 φυτοῦ
604 1305 732 1341 βλάστην,
747 1306 793 1332 καὶ
809 1305 906 1341 βότρυν

116 1351 232 1387 ὦριμον,
257 1352 304 1378 καὶ
318 1352 347 1378 τὸ
359 1351 409 1386 τῆς
421 1352 531 1387 ὀπώρας
547 1351 653 1383 κάλλος,
669 1351 685 1387 ἦ
701 1353 730 1378 ὲν
744 1353 870 1387 καρποῖς,
888 1352 905 1387 ἢ

116 1398 146 1422 ὲν
161 1397 265 1427 ἄνθεσι,
282 1397 329 1423 καὶ
341 1397 389 1432 τὴν
404 1397 555 1432 αὐτόματον
571 1397 650 1428 πόαν,
670 1398 716 1424 καὶ
739 1397 801 1433 ὄρος
817 1397 862 1424 ἐπὶ
877 1397 907 1424 τὸ

115 1443 238 1479 αἰθέριον
254 1443 320 1478 ὕψος
336 1443 390 1470 ἀπὸ
403 1444 452 1479 τῆς
468 1443 554 1478 ἄκρας
570 1443 784 1479 ἀνατεινόμενον,
800 1444 907 1476 καὶτὰς

116 1489 146 1514 ὲν
166 1488 316 1523 ὑπωρείαις
337 1489 437 1522 πηγὰς.
457 1489 550 1523 μαζῶν
566 1489 643 1523 δίκην
663 1489 696 1514 ἐκ
714 1489 768 1515 τῶν
787 1489 907 1523 λαγόνων

115 1533 164 1558 τοῦ
183 1533 264 1568 ὅρους
282 1533 472 1568 ἐπιρρεούσας,
488 1533 625 1568 ποταμούς
639 1542 668 1560 τε
681 1533 724 1560 διὰ
741 1534 795 1561 τῶν
811 1534 907 1560 κοίλων

117 1578 241 1613 ῥέοντας,
261 1578 307 1605 καὶ
321 1579 457 1606 θάλασσαν
474 1579 673 1614 ὑποδεχομένην
688 1579 723 1606 τὰ
742 1580 908 1614 πανταχόθεν

118 1624 254 1660 ῥεύματα,
269 1626 315 1651 καὶ
329 1626 358 1651 ὲν
372 1625 410 1660 τῷ
424 1625 514 1660 μέτρῳ
530 1625 671 1660 μένουσαν,
687 1626 796 1661 κύματά
810 1634 840 1652 τε
851 1627 907 1657 τοῖς

117 1671 254 1705 αἰγιαλοῖς
270 1671 425 1706 ὀριζόμενα,
440 1672 487 1697 καὶ
507 1672 556 1697 οὐκ
571 1672 732 1704 ἐπεξιοῦσαν
757 1672 827 1707 ὑπὲρ
844 1672 907 1703 τοὺς

117 1718 305 1753 τεταγμένους
321 1718 399 1753 ὅρους
416 1718 486 1744 κατὰ
500 1719 548 1752 τῆς
562 1719 675 1754 ἠπείρου
689 1719 738 1753 τὴν
751 1718 886 1745 θάλασσαν
898 1726 905 1733 ·

116 1763 205 1790 ταῦτα
225 1764 273 1790 καὶ
286 1763 321 1790 τὰ
334 1764 446 1790 τοιαῦτα
461 1764 575 1799 βλέπων,
594 1765 652 1795 πῶς
667 1765 715 1799 οὺχ
730 1764 838 1790 ἅπαντα
851 1763 907 1789 δια-

119 1809 198 1836 λάϐοι
209 1809 249 1844 τῷ
259 1809 342 1844 λόγῳ,
353 1810 385 1836 δι’
396 1806 433 1836 ὧν
448 1810 551 1844 γίνεται
562 1810 578 1845 ἡ
593 1809 751 1837 διδασκαλία
763 1809 809 1836 τοῦ
821 1809 905 1841 ὄντος,

119 1856 143 1881 ει
165 1856 268 1890 μικρὰν
290 1855 377 1890 ἐαυτῷ
401 1855 514 1890 δύναμιν
537 1855 604 1890 πρὸς
628 1855 678 1890 τὴν
701 1855 844 1890 μετουσίαν
857 1854 908 1889 τῆς

117 1902 226 1936 τρυφῆς
251 1902 356 1936 ἐκείνης
382 1902 618 1937 παρεσκευάσατο;
637 1902 696 1928 Ἵνα
718 1902 746 1928 δὲ
771 1901 851 1937 παρῶ
874 1902 908 1928 τὰ

119 1947 282 1982 μαθήματα,
293 1947 352 1974 ὅθεν
367 1948 479 1982 θήγεται
494 1948 561 1983 πρὸς
571 1948 670 1983 ἀρετὴν
683 1949 699 1983 ἡ
715 1948 828 1980 διάνοια,
842 1956 908 1982 γεω-

118 1994 236 2028 μετρίαν
245 2002 274 2019 τε
289 1995 335 2020 καὶ
349 1995 538 2030 ἀστρονομίαν,
551 1994 598 2020 καὶ
610 1994 660 2029 τὴν
671 1994 715 2021 διὰ
730 1994 776 2020 τοῦ
790 1993 906 2030 ἀριθμοῦ

117 2039 284 2073 κατανόησιν
301 2039 350 2074 τῆς
362 2039 501 2075 ἀληθείας,
519 2040 609 2066 πᾶσάν
626 2048 655 2065 τε
675 2040 785 2074 μέθοδον
800 2039 907 2066 ἀποδει-

116 2084 216 2118 κτικὴν
229 2084 283 2110 τῶν
295 2085 482 2120 ἀγνοουμένων
497 2086 543 2112 καὶ
559 2085 737 2121 βεϐαιωτικὴν
749 2085 802 2111 τῶν
814 2093 907 2111 κατει-

116 2131 278 2165 λημμένων,
300 2131 346 2157 καὶ
360 2131 412 2166 πρό
425 2139 456 2165 γε
472 2131 582 2165 τούτων,
598 2131 647 2166 τὴν
661 2132 710 2166 τῆς
727 2130 906 2157 θεοπνεύστου

955 211 1083 238 virtutem
1100 218 1261 245 progressus
1289 210 1364 242 facit,
1385 209 1450 236 'tum
1467 210 1527 244 ejus
1550 211 1596 244 qui
1621 218 1655 238 ne
1681 212 1743 238 vita:

955 256 1064 291 quidem
1078 256 1188 291 penitus
1202 256 1340 290 particeps
1357 255 1417 288 fuit,
1431 263 1484 282 non
1497 261 1589 282 tamen
1607 256 1635 283 in
1646 257 1742 284 eodem

956 307 1027 329 statu
1043 307 1124 337 atque
1145 302 1302 329 conditiOne
1320 301 1377 336 pari
1396 302 1538 337 utriusque
1553 302 1650 330 horum
1676 310 1743 330 cou-

955 349 1137 375 vcrsationem
1163 349 1279 382 vitaeque
1299 347 1500 375 traductionem
1526 356 1588 376 esae
1613 349 1744 384 intelligi-

956 402 1026 421 mus.
1042 393 1091 420 Hic
1105 393 1177 420 enim
1193 394 1330 424 caelestes,
1348 397 1376 420 ut
1393 393 1430 420 ait
1443 393 1589 428 Propheta,
1605 395 1743 421 narratio-

956 447 1014 470 nes,
1036 447 1082 474 per
1105 447 1173 473 quas
1197 439 1282 474 gloria
1302 438 1349 466 Dci
1371 439 1560 469 annuntiatur,
1579 439 1693 471 audivit,
1716 444 1744 466 et

956 493 1004 519 per
1018 490 1171 511 creaturam
1187 484 1219 511 ad
1233 485 1480 512 considerationem
1493 483 1598 512 Domini
1612 488 1744 512 creaturae

955 529 1087 556 deductus
1109 534 1161 560 est,
1188 534 1214 556 et
1235 529 1268 556 ad
1284 529 1504 564 cognoscendam
1521 537 1580 556 eam
1600 537 1661 564 qua:
1680 537 1744 556 vere

956 576 1088 610 sapientia
1104 580 1156 606 cst,
1183 575 1312 610 magistra
1331 583 1398 603 usus
1414 580 1457 603 est
1476 583 1506 602 ea
1525 575 1660 611 sapientia
1683 583 1744 611 quas

956 622 982 648 in
1002 623 1083 649 rebus
1097 622 1232 649 universis
1254 622 1455 651 consideratur.
1486 625 1513 647 et
1531 622 1621 648 inesse
1640 622 1743 649 intelli-

956 667 1038 702 gitur,
1057 671 1138 700 atquc
1149 667 1231 700 hujus
1243 667 1313 694 lucis
1324 667 1530 701 pulchritudine
1541 666 1741 700 animadversa,

956 721 1004 747 per
1019 713 1224 740 corivenientem
1247 712 1454 740 similitudinem
1478 719 1509 738 ac
1525 712 1739 747 proportionem.

955 766 1027 785 vera:
1051 759 1120 786 lucis
1136 757 1367 793 pulchritudinem
1385 758 1571 786 consideravit
1592 763 1619 785 et
1636 759 1743 786 intelle-

957 805 996 831 xit
1011 813 1018 837 ς
1033 808 1060 831 et
1076 812 1122 838 per
1138 804 1304 831 soliditatem
1323 811 1354 830 ac
1369 803 1562 831 firmitudinem
1579 808 1670 836 terrae,
1681 804 1742 839 ejus

956 851 1002 885 qui
1017 850 1161 881 feciteam,
1171 849 1266 876 didicit
1280 850 1495 877 immobilitatem
1508 858 1540 877 ac
1553 850 1741 878 stabilitatem.

956 899 1091 924 lmmensa
1116 904 1225 931 quoque
1247 896 1309 923 cteli
1332 896 1520 931 magnitudine
1539 897 1741 928 animadversa,

956 942 989 969 ad
1009 941 1142 968 infinitam
1160 946 1188 969 et
1205 941 1440 968 indetertninatatu
1459 942 1606 976 potentiam
1623 950 1667 970 res
1683 943 1743 969 uni-

956 995 1051 1014 versas
1067 988 1093 1014 in
1109 995 1139 1014 se
1149 987 1334 1014 continentem
1348 987 1483 1014 deductus
1498 990 1560 1019 est;
1577 988 1743 1022 conspectis-

956 1040 1009 1067 que
1025 1032 1110 1059 radiis
1122 1031 1190 1058 solis
1201 1040 1216 1058 e
1234 1032 1317 1058 tantis
1333 1031 1523 1059 altitudinibus
1537 1031 1569 1058 ad
1588 1039 1638 1060 nos
1656 1039 1743 1067 usque

957 1079 1169 1114 pertinentibus,
1194 1086 1242 1113 per
1265 1085 1296 1105 ea
1313 1085 1374 1112 qua:
1397 1082 1539 1112 apparent.
1566 1077 1743 1112 providentiae

957 1125 1055 1151 divinae
1074 1124 1224 1152 eﬂicientiis
1242 1124 1397 1151 facultatem
1415 1131 1470 1150 non
1495 1123 1591 1151 deesse
1617 1123 1742 1154 credidit.

957 1175 985 1197 ut
1004 1171 1038 1197 ab
1053 1170 1196 1197 altitudine
1212 1170 1320 1197 deitatis
1332 1170 1365 1197 ad
1384 1177 1606 1204 unumquemque
1617 1173 1742 1196 nostrum

957 1217 1114 1244 descendat.
1130 1216 1196 1243 Nam
1217 1217 1239 1243 si
1258 1224 1341 1243 unum
1358 1216 1492 1243 luminare
1510 1221 1537 1243 ct
1561 1217 1744 1243 communiter

957 1261 1089 1296 quidquid
1104 1261 1257 1295 subjectum
1274 1265 1314 1288 est
1330 1261 1522 1288 illutniuatrice
1539 1261 1563 1287 vi
1584 1264 1701 1296 Occupat
1716 1265 1744 1288 et

958 1304 1174 1338 comprehendit,
1195 1308 1222 1331 et
1244 1304 1372 1331 omnibus
1394 1305 1535 1332 utentibus
1551 1309 1633 1339 atque
1648 1304 1744 1332 fruct.—

959 1351 1030 1377 tibus
1053 1351 1174 1385 scipsum
1197 1350 1366 1384 impertiens,
1391 1353 1465 1377 totus
1486 1350 1636 1385 unicuique
1655 1354 1683 1377 et
1701 1350 1745 1378 in-

958 1397 1062 1424 divisus
1083 1398 1171 1427 adest,
1196 1401 1299 1431 quanto
1316 1396 1403 1431 magis
1419 1396 1561 1423 luminaris
1585 1396 1743 1428 fabricator,

958 1447 984 1469 ct
1001 1443 1091 1470 omnia
1116 1443 1141 1469 in
1158 1442 1296 1472 omnibus,
1316 1446 1344 1468 ut
1361 1442 1508 1476 Apostolus
1531 1442 1619 1476 inquit
1629 1442 1650 1474 ',
1671 1443 1745 1470 exsi-

959 1489 1006 1515 stit
1035 1493 1062 1515 et
1089 1488 1236 1522 unicuique
1262 1488 1348 1518 adcst,
1380 1492 1485 1514 tantum
1514 1495 1575 1515 sese
1597 1487 1744 1519 exhibens,

959 1539 1091 1569 qttantuin
1115 1534 1266 1569 subjectum
1284 1534 1374 1568 capit!
1396 1534 1551 1567 Quinetiam
1577 1535 1599 1561 si
1615 1535 1678 1569 quis
1702 1535 1745 1562 vel

959 1581 1061 1614 spicam
1089 1587 1171 1614 super
1186 1584 1286 1606 terram
1313 1579 1495 1614 conspexerit,
1524 1579 1568 1606 vel
1595 1587 1627 1606 ex
1651 1580 1744 1615 planta

959 1633 1070 1660 gertncn
1093 1630 1214 1657 enatum,
1239 1626 1280 1652 vel
1305 1632 1441 1652 racemum
1466 1630 1614 1658 maturum,
1631 1626 1673 1652 vol
1694 1633 1744 1653 au-

959 1672 1044 1698 tumni
1071 1671 1313 1706 pulchritudinem,
1339 1674 1395 1697 ttun
1421 1671 1450 1697 in
1478 1670 1613 1698 fructibus
1633 1676 1689 1698 tum
1716 1673 1744 1698 in

958 1718 1083 1748 floribus,
1117 1717 1159 1744 vel
1190 1722 1287 1752 sponte
1320 1716 1522 1752 provenientetn
1551 1717 1675 1749 herbam,
1702 1718 1745 1746 vel

958 1767 1077 1791 montem
1092 1763 1126 1790 ad
1141 1762 1284 1790 tetheream
1300 1763 1472 1790 altitudinem
1491 1770 1506 1789 a
1525 1763 1668 1790 cacumine
1684 1771 1745 1798 per-

959 1810 1099 1842 tinentem,
1123 1813 1151 1837 et
1171 1809 1262 1837 fontes
1287 1809 1314 1836 in
1338 1809 1404 1837 locis
1427 1809 1565 1844 depressis
1584 1809 1696 1836 uberum
1716 1810 1744 1836 in

959 1854 1069 1881 modum
1091 1862 1124 1882 ex
1140 1854 1273 1882 lateribus
1289 1857 1317 1881 et
1332 1854 1452 1882 hiatibus
1469 1854 1570 1881 montis
1591 1854 1743 1886 afﬂuentes,

958 1904 1015 1926 tum
1045 1907 1138 1928 amnes
1163 1907 1211 1935 per
1229 1907 1349 1927 concava
1370 1900 1429 1927 loca
1451 1900 1578 1934 fluentes,
1595 1904 1652 1927 tum
1669 1908 1744 1928 mare

958 1946 1030 1982 quod
1047 1950 1074 1974 et
1096 1947 1187 1974 omnia
1203 1946 1324 1981 undique
1338 1946 1448 1973 ﬂumina
1467 1947 1577 1981 cvcipit,
1597 1951 1624 1974 et
1649 1947 1676 1973 in
1694 1954 1743 1974 sua

959 2001 1086 2021 mensura
1110 1997 1211 2025 manet,
1236 1993 1390 2027 fluctusque
1408 1993 1544 2020 littoribus
1562 1993 1701 2024 terminat,
1717 1998 1744 2021 et

958 2047 1013 2066 non
1036 2040 1106 2066 ultra
1132 2039 1297 2066 constitutos
1321 2040 1387 2066 lines
1411 2039 1439 2066 in
1458 2039 1643 2066 continentem
1670 2046 1745 2066 mare

958 2093 1125 2120 erumpens:
1152 2085 1209 2112 hiec
1226 2089 1252 2112 ct
1271 2085 1426 2119 hujusmodi
1454 2085 1477 2113 si
1491 2085 1554 2120 quis
1576 2084 1743 2115 consideret,

958 2139 1013 2166 quo
1031 2136 1111 2166 pacto
1132 2139 1186 2158 non
1210 2131 1302 2158 omnia
1324 2131 1429 2157 ratione
1443 2130 1667 2166 comprehendat,
1696 2138 1746 2166 per

116 2177 232 2212 Γραφῇ
244 2177 411 2212 φιλοσοφίαν,
426 2178 530 2204 τελείαν
544 2178 698 2212 ἐπάγουσαν
709 2177 842 2210 κάθαρσιν
853 2178 905 2207 τοῖς

961 2185 1021 2211 quae
1040 2176 1174 2212 theologis
1195 2177 1315 2211 cognitio
1331 2176 1438 2203 exsistit
1454 2176 1514 2210 ejus
1527 2176 1574 2211 qui
1594 2176 1655 2203 est?
1669 2175 1746 2202 Nun-

116 2223 150 2249 δι’
168 2223 254 2257 αὐτῆς
268 2223 302 2250 τὰ
317 2223 376 2250 θεῖα
394 2223 616 2259 πεπαιδευμένοις
630 2223 777 2258 μυστήρια.

961 2224 1024 2258 quid
1045 2231 1153 2257 parvaut
1180 2222 1231 2249 sibi
1248 2222 1301 2249 vim
1318 2222 1350 2248 ad
1378 2222 1614 2256 participationem
1635 2221 1745 2248 illarum

116 2270 281 2298 deliciarum
297 2272 487 2306 comparavit?
503 2271 536 2298 Ut
554 2272 681 2298 omittam
700 2271 809 2297 interim
826 2270 1002 2306 disciplinas,
1020 2271 1120 2305 quibus
1156 2278 1233 2297 utens
1262 2270 1295 2297 ad
1319 2271 1447 2296 virtutem
1484 2269 1602 2299 acuitur,
1637 2275 1746 2303 geome-

119 2319 213 2348 triam,
227 2318 489 2352 astronomiamque,
507 2322 534 2344 et
548 2325 607 2344 eam
624 2324 683 2351 quae
701 2324 748 2351 per
765 2324 909 2343 numerum
927 2316 1061 2350 contingit
1073 2316 1256 2351 cognitionem
1272 2315 1404 2344 veritatis,
1419 2319 1500 2348 atque
1531 2321 1638 2340 omnem
1662 2313 1746 2340 ratio-

119 2374 183 2393 nem
200 2373 232 2392 ac
247 2365 318 2392 viain
332 2364 573 2392 demonstrativam
589 2373 684 2392 eorum
710 2372 770 2399 quae
791 2364 964 2399 ignorantur,
992 2370 1019 2391 et
1043 2365 1260 2391 confirmativam
1289 2372 1382 2392 eorttm
1408 2371 1468 2398 quae
1499 2361 1694 2397 comprehensa
1718 2364 1746 2386 et

118 2411 260 2438 intellecta
290 2416 375 2437 sunt:
402 2411 434 2438 ad
468 2411 526 2438 baac
550 2410 613 2437 item
638 2410 737 2437 divinae
761 2410 909 2444 Scriptura:
929 2410 1141 2445 philosophiam,
1168 2418 1228 2444 quae
1246 2409 1394 2445 perfectam
1414 2409 1450 2436 iis
1463 2408 1510 2444 qui
1545 2414 1594 2442 per
1618 2412 1678 2433 eam
1704 2404 1746 2431 di-

118 2460 182 2485 vina
198 2457 300 2484 fuerint
313 2457 402 2485 edocti
421 2458 562 2493 mysteria,
578 2457 654 2484 affert
671 2457 870 2492 purgationem.

159 2506 189 2532 '0
205 2505 232 2532 δὲ
248 2504 362 2540 μηδενὸς
376 2503 478 2530 τούτων
498 2503 527 2529 ὲν
543 2502 641 2537 γνώσει
666 2503 820 2536 γενόμενος,
841 2501 907 2536 μηδὲ

119 2550 337 2586 χειραγωγηθεὶς
359 2549 403 2576 διὰ
417 2549 463 2575 τοῦ
479 2549 581 2584 κόσμου
604 2549 672 2581 πρὸς
687 2549 736 2583 τὴν
754 2548 808 2574 τῶν
823 2548 908 2583 ὑπερ-

119 2597 240 2631 κοσμίων
251 2595 363 2630 ἀγαθῶν
373 2595 547 2630 κατανόησιν,
561 2595 664 2626 ἁπαλός
676 2603 717 2626 τις
731 2595 776 2621 καὶ
790 2594 910 2629 ἀγύμνα-

121 2650 181 2673 στος
205 2641 252 2668 καὶ
276 2640 392 2676 ἀτριὸὴς
412 2640 461 2675 τὴν
483 2641 602 2667 διάνοιαν
624 2640 767 2675 παρελθὼν
782 2640 827 2666 τὸν
842 2640 908 2674 βίον,

119 2688 220 2719 ἐκεῖνος
233 2687 286 2714 οὐκ
309 2687 342 2713 ἂν
357 2687 386 2713 ὲν
405 2688 460 2718 τοῖς
473 2685 564 2719 αὐτοῖς
583 2687 635 2723 εἴη,
649 2689 678 2713 ὲν
691 2686 730 2718 οἷς
746 2688 760 2713 ὁ
774 2686 851 2720 λόγος
864 2686 909 2713 τὸν

118 2734 290 2770 προλαϐόντα
304 2733 456 2768 ἀπέδειξεν,
473 2734 511 2765 ὡς
528 2734 625 2770 μηκέτι
639 2734 683 2762 διὰ
697 2733 776 2761 τοῦτο
793 2740 907 2769 μακαρι-

151 2823 162 2839 ⁸
182 2823 191 2850 l
209 2822 278 2850 Cor.
297 2830 343 2853 XV.
361 2821 405 2848 98.

996 2502 1031 2526 At
1047 2506 1070 2525 IS
1086 2498 1133 2533 qui
1148 2498 1244 2524 harum
1261 2503 1353 2524 rerum
1369 2495 1471 2523 nullius
1484 2494 1664 2529 cognitionem
1680 2492 1746 2520 ade-

961 2550 1023 2581 ptus
1036 2550 1087 2577 est,
1105 2552 1192 2579 neque
1204 2550 1251 2578 per
1261 2542 1392 2570 mundum
1404 2541 1438 2568 ad
1453 2540 1635 2575 cognitionem
1649 2545 1746 2572 supra-

962 2592 1163 2620 muudanarum
1186 2598 1276 2617 rerum
1297 2589 1374 2624 quasi
1397 2595 1478 2615 manu
1498 2588 1594 2614 ductus
1608 2589 1660 2616 est,
1680 2583 1746 2611 sim-

963 2639 1022 2674 plex
1038 2639 1116 2669 adeo,
1135 2642 1211 2664 tener
1221 2640 1248 2663 et
1261 2635 1455 2662 inexercitatus
1470 2636 1613 2666 menteque
1626 2629 1746 2656 incultus

962 2684 1046 2711 vitam
1061 2683 1210 2714 transiens,
1222 2689 1276 2710 non
1294 2682 1320 2708 in
1337 2680 1433 2708 iisdem
1452 2681 1585 2709 versctur,
1601 2676 1628 2702 in
1645 2674 1746 2710 quibus

962 2729 1131 2764 Superiorem
1154 2727 1230 2754 illum
1247 2730 1419 2754 versaturum
1433 2722 1523 2750 oratio
1538 2720 1745 2751 demonstravit.
