1922 3078
199 82 250 110 183

811 84 840 112 S.
857 85 1022 114 GREGORII
1041 88 1063 115 Ν
1068 88 1185 116 YSSENI

1772 90 1828 117 ιςι

197 146 227 169 ιιι
253 141 356 169 idcirco
380 149 435 170 non
459 142 576 177 amplius
598 142 676 178 juxta
703 145 836 178 prolatam
861 153 875 172 ο
902 146 983 174 nobis

1045 149 1160 184 πτότερον
1168 148 1385 179 ἀποδείκνυσθαι,
1398 148 1467 175 κατὰ
1477 148 1526 184 τὴν
1539 149 1747 184 προενεχθείσαν
1759 149 1828 184 ἡμῖν

196 188 396 223 oppositionem
422 187 527 216 beatior
545 197 607 217 esse
625 190 786 217 ostendatur
806 191 831 218 is
854 191 902 226 qui
919 191 982 219 vita:

198 236 334 270 particeps
350 243 404 263 non
419 236 480 268 fuit,
500 244 532 263 eo
546 236 593 271 qui
613 237 742 271 praeclare
766 238 902 272 particeps
922 239 982 273 ejus

199 281 259 308 fuit.
277 281 344 308 Nam
371 289 404 308 eo
424 282 534 316 quidem
560 283 606 317 qui
636 290 698 309 cum
721 283 787 310 vitio
807 284 984 319 nequitiaque

199 327 276 359 vixit,
294 335 348 354 non
364 327 444 355 modo
456 327 582 362 simplex.
594 329 704 363 vitiique
716 336 748 356 ac
759 329 868 356 malitia:
875 337 982 363 expers,

199 372 376 399 verumetiam
392 372 415 399 is
431 372 544 400 forsitan
556 393 564 405 ,
579 374 626 408 qui
641 382 691 401 nec
705 381 818 408 prorsus
832 375 941 410 quidem
950 376 984 402 ab

200 417 277 444 initio
289 418 391 452 prodiit
404 418 430 445 in
446 419 540 450 vitam,
556 419 663 446 beatior
677 419 769 447 fuerit.
788 419 852 447 Tale
865 421 937 448 enim
952 421 986 448 de

199 460 269 488 Juda
284 470 393 497 quoque
416 471 464 498 per
480 464 670 498 Evangelicam
690 472 784 491 vocem
803 464 952 492 didicimus
963 465 985 498 θ,

200 509 273 542 quod
291 509 318 536 in
333 509 434 536 talibus
446 509 469 536 is
483 510 529 544 qui
545 511 654 544 penitus
672 510 698 538 in
712 519 802 538 rerqu
819 515 917 538 natura
933 519 986 538 non

201 559 253 586 est.
270 562 303 582 eo
317 556 438 590 quicum
453 556 601 583 vitiositate
617 557 739 590 pervenit
758 557 785 583 in
801 564 891 584 rerum
907 561 989 584 natii-

202 608 271 633 ram,
292 601 404 628 meliore
425 602 582 630 conditione
608 603 655 630 sit.
673 601 740 629 Nam
759 603 798 629 illi
820 603 930 637 quidem
949 603 985 630 ob

1035 195 1180 226 ἀντίθεσιν,
1192 195 1237 220 τὸν
1254 194 1289 229 μὴ
1308 195 1474 229 μετασχόντα
1487 194 1534 222 τοῦ
1546 194 1603 228 βίου
1618 194 1664 220 τοῦ
1677 195 1828 229 μετασχόν-

1035 248 1080 271 τος
1091 239 1189 270 καλῶς.
1208 239 1259 265 Τοῦ
1277 239 1326 273 μὲν
1340 239 1393 273 γὰρ
1409 239 1493 273 κακίᾳ
1507 237 1684 273 συνεζηκότος
1697 239 1728 264 οὺ
1744 239 1828 273 μόνον

1036 286 1051 312 ὁ
1071 285 1253 320 ἀπειρόκακος
1275 284 1309 311 ἂν
1333 285 1376 319 εἴη
1399 284 1638 320 μακαριστότερος,
1663 284 1731 311 ἀλλὰ
1747 284 1794 310 καὶ
1813 284 1829 308 ὁ

1038 329 1105 364 μηδὲ
1120 329 1169 365 τὴν
1179 330 1266 365 ἀρχὴν
1281 328 1423 364 παρελθὼν
1439 330 1479 361 είς
1493 330 1538 356 τὸν
1554 329 1618 364 βίον.
1633 329 1760 356 Τοιοῦτον
1769 328 1829 364 γὰρ

1037 374 1084 400 καὶ
1095 375 1159 409 περὶ
1170 374 1216 401 τοῦ
1234 375 1317 401 Ἰούδα
1327 374 1370 400 διὰ
1382 374 1432 409 τῆς
1442 373 1627 409 Εὑαγγελικῆς
1639 374 1730 408 φωνῆς
1741 373 1830 400 ἐδιδά-

1036 420 1152 455 χθημεν,
1174 421 1214 447 ὅτι
1239 420 1284 446 ἐπὶ
1308 419 1362 446 τῶν
1385 420 1512 447 τοιούτων
1527 421 1649 455 κρεῖττον
1672 419 1720 445 τοῦ
1755 418 1830 445 κατὰ

1036 465 1134 492 κακίαν
1162 465 1314 500 ὑφεστῶτος
1338 467 1394 492 ἐστι
1415 466 1445 492 τδ
1467 465 1606 497 παντελῶς
1628 464 1828 491 ἀνυπόστατον.

1036 510 1081 546 Τῷ
1098 510 1146 546 μὲν
1164 511 1217 547 γὰρ
1231 511 1275 538 διὰ
1289 512 1319 538 τὸ
1337 511 1418 546 βάθος
1440 511 1490 546 τῆς
1505 511 1655 545 ὲμφυείσης
1672 510 1772 541 κακίας
1787 510 1830 539 είς

1036 555 1148 592 ἄπειρον
1163 556 1356 591 παρατείνεται
1370 558 1385 592 ἡ
1400 557 1442 583 διὰ
1457 557 1506 591 τῆς
1525 557 1684 592 καθάρσεως
1702 555 1829 586 κόλασις⁹

1037 602 1084 629 τοῦ
1098 603 1126 629 δὲ
1144 603 1181 638 μὴ
1196 603 1271 634 ὄντος
1292 603 1349 634 πῶς
1365 602 1398 629 ἂν
1414 603 1493 638 ὀδύνη
1510 603 1676 637 καθάψοιτο;

203 646 416 680 profunditatem
435 648 536 676 innatae
546 649 705 676 vitiositatis
726 650 752 676 in
773 649 909 676 infinitum
927 653 1092 684 prorogatur
1112 656 1144 676 ea
1159 657 1219 684 qua:
1239 657 1286 684 per
1305 650 1492 684 purgationem
1516 648 1546 675 fit
1567 655 1658 683 poma.
1673 654 1737 675 eum
1764 653 1831 673 vero

203 693 249 727 qui
268 701 321 720 non
342 698 395 725 est,
416 695 555 729 quomodo
579 695 658 722 dolor
681 696 816 730 attingere
838 695 948 730 possrt?

237 737 316 771 Quod
341 739 365 766 si
390 740 451 774 quis
474 745 615 775 comparat
642 741 816 768 immaturam
842 741 988 768 infantium

1076 742 1107 768 El.
1121 742 1150 768 δέ
1162 750 1203 773 τις
1220 742 1287 777 πρὸς
1300 741 1346 768 τὸν
1359 741 1419 768 κατ’
1433 741 1533 776 ἀρετὴν
1548 740 1604 775 βίον
1617 740 1704 775 κρίνοι
1722 739 1770 765 τὸν
1782 747 1832 773 νην

204 785 287 811 vitam
308 792 370 811 eum
396 792 427 811 ea
444 793 504 820 quae
524 786 675 814 secundum
693 787 821 814 virtutem
845 787 946 822 agitur,
967 787 990 814 is

205 837 298 856 revera
323 829 413 858 infans
435 837 460 858 et
482 831 655 866 importunus
679 836 733 863 est.
762 833 808 867 qui
833 832 990 867 huiusmodi

202 875 308 908 judicio
321 876 355 903 de
371 876 454 904 rebus
477 882 580 904 utatur.
599 877 754 913 interrogas
774 885 840 912 ergo
855 878 934 911 cujus
950 878 990 904 rei

205 923 290 955 gratia
306 923 332 949 in
348 930 380 950 ea
397 927 476 951 aetate
488 924 550 959 quis
565 932 581 952 e
595 925 647 952 vita
666 925 840 956 subducitur.
865 926 929 960 quid
944 933 991 960 per

206 968 257 994 hoc
272 968 364 995 divina
377 969 511 1004 sapientia
529 971 697 1005 providendo
711 971 810 998 cavet?
823 971 899 1004 Quod
916 971 939 998 si
958 970 992 998 de

207 1013 249 1040 his
261 1014 370 1048 quidem
384 1015 460 1042 dicas
476 1024 536 1050 qua:
553 1016 724 1051 illegitimum
740 1021 848 1052 partum
860 1022 990 1051 arguunt.

206 1064 234 1087 et
250 1061 353 1089 idcirco
375 1069 389 1088 a
414 1063 573 1097 parentibus
593 1063 626 1090 de
655 1063 744 1090 medio
764 1063 909 1094 tolluntur,
942 1062 993 1089 im-

206 1107 303 1134 merito
323 1108 432 1134 malitiae
456 1115 570 1142 operum
592 1115 606 1135 a
635 1108 690 1136 Deo
704 1108 837 1136 ralionem
851 1115 991 1142 reposcas.

206 1152 254 1186 qui
269 1160 300 1180 ea
315 1160 376 1187 qme
401 1153 429 1180 in
447 1153 498 1180 hac
521 1158 596 1188 parte
615 1161 669 1181 non
686 1157 759 1181 recte
779 1154 850 1181 facta
874 1158 947 1184 sunt,
966 1155 992 1180 in

205 1198 338 1232 judicium
353 1199 473 1226 adducit.
490 1199 537 1226 Sin
561 1204 651 1227 autem
669 1200 779 1234 aliquis,
799 1200 907 1228 etiamsi
931 1199 990 1226 dili-

206 1249 302 1278 genter
313 1245 446 1272 educetur
459 1250 486 1272 et
500 1251 611 1272 curetur
624 1253 637 1272 a
652 1246 822 1280 parentibus.
835 1251 951 1280 votaque
959 1245 994 1271 ab

208 1289 305 1317 iisdem
333 1298 383 1325 pro
405 1299 438 1318 eo
465 1291 586 1319 studiose
607 1291 803 1326 suscipiantur,
827 1292 889 1318 vitae
903 1295 993 1318 tamen

208 1336 345 1371 particeps
365 1345 420 1364 non
442 1342 495 1367 est.
520 1337 615 1364 morbo
631 1338 664 1365 ad
684 1342 799 1365 mortem
816 1345 902 1372 usque
918 1338 995 1364 inva-

209 1383 327 1410 lescente
343 1383 425 1417 (quod
445 1383 530 1411 solius
548 1383 620 1410 haud
636 1384 718 1411 dubie
738 1391 828 1411 causa:
843 1384 907 1418 est),
924 1383 994 1410 hanc

207 1424 241 1452 de
263 1412 370 1454 talibus-
394 1428 580 1461 conjecturam
608 1428 742 1460 facimus,
769 1428 840 1463 quod
868 1412 1030 1463 perfecth

209 1472 386 1505 providentiae
401 1474 447 1504 sit.
470 1481 525 1500 non
542 1473 622 1500 modo
638 1474 750 1500 morbos
765 1477 921 1500 contractos
944 1481 995 1500 cu-

208 1524 280 1549 rare.
295 1526 389 1545 verum
404 1519 485 1546 etiam
502 1526 536 1546 ne
550 1519 584 1546 ab
597 1519 675 1546 initio
688 1520 798 1554 quidem
817 1527 931 1554 prorsus
945 1519 996 1546 ali-

208 1562 270 1596 quis
289 1563 316 1591 in
331 1564 414 1592 rebus
424 1564 518 1592 vetitis
529 1569 664 1596 versetur.
678 1565 834 1600 providere.
844 1565 997 1593 Verisimile

208 1609 280 1636 enim
294 1613 338 1637 est
350 1618 411 1637 eum
427 1611 472 1645 qui
491 1610 518 1638 id
535 1612 608 1646 quod
623 1611 745 1638 futurum
768 1616 810 1638 est
824 1619 901 1646 atque
915 1616 998 1647 atque

210 1656 376 1687 praeteritum
396 1656 535 1691 cognovit.
553 1664 730 1692 progressum
753 1657 814 1683 vita:
835 1657 948 1684 infantis
964 1657 996 1684 ad

211 1700 404 1732 perfectionem
420 1703 575 1737 prohibere,
591 1711 624 1729 ne
638 1703 710 1737 quod
724 1702 749 1729 vi
767 1703 880 1737 praescia
896 1703 997 1729 malum

210 1747 430 1774 animadversum
453 1752 495 1775 est
521 1748 548 1774 in
564 1756 597 1775 eo
619 1749 665 1783 qui
687 1748 723 1774 ita
744 1749 866 1775 victurus
891 1749 998 1782 fuisset,

211 1793 379 1826 perficiatur.
400 1798 481 1828 atque
497 1795 521 1820 ei
536 1794 582 1828 qui
600 1801 631 1821 ca
650 1794 793 1821 voluntate
820 1794 993 1828 arbitrioque

210 1839 335 1866 victurus
350 1839 523 1872 fuisset,vitii
538 1840 724 1875 nequitiaeque
738 1840 852 1867 materia
869 1841 925 1867 vita
940 1840 996 1867 ﬁat.

212 1886 300 1918 Atque
314 1885 389 1912 hunc
404 1885 574 1912 intellectum
592 1885 774 1913 similitudine
784 1885 902 1920 quadam
919 1885 999 1913 facile

213 1931 294 1959 fuerit
312 1931 468 1966 exprimere
495 1936 577 1967 atque
604 1936 814 1967 repraesentare.
846 1932 889 1959 Sit
913 1932 997 1963 enim,

212 1976 329 2010 exempli
348 1975 447 2010 gratia.
463 1984 493 2003 ex
510 1976 585 2004 omni
603 1984 703 2011 genere
713 1977 839 2003 ciborum
854 1976 997 2010 opiparum

212 2021 350 2054 quioddam
370 2029 402 2048 ac
415 2022 528 2049 dubium
545 2023 670 2050 convivis
684 2023 794 2057 epulum
811 2024 997 2058 propositum;

212 2065 277 2092 huic
296 2066 388 2100 praesit
407 2073 441 2092 ex
465 2066 589 2093 convivis
611 2066 635 2093 is
664 2066 711 2101 qui
741 2071 838 2094 exacte
865 2067 999 2102 cujusque

213 2115 318 2138 natura!
350 2112 543 2146 proprietatem
574 2112 690 2144 noverit,
715 2112 781 2148 quid
812 2113 859 2140 tali
888 2113 997 2148 quidem

213 2162 427 2192 temperamento
443 2162 524 2192 atque
537 2158 718 2192 complexioni
735 2159 920 2192 commodum,
935 2159 1000 2193 quid

213 2203 277 2230 item
292 2204 402 2230 noxium
418 2207 445 2230 et
468 2203 672 2230 incommodum
689 2204 734 2236 sit,
762 2203 855 2231 addita
875 2204 912 2231 sit
937 2204 1000 2231 item

213 2249 278 2276 huic
290 2257 353 2276 cum
367 2249 530 2277 auctoritate
550 2253 673 2284 potestas
685 2254 712 2276 et
720 2249 838 2277 ollicium
853 2251 1000 2284 quoddam.

214 2300 243 2322 ut
268 2295 301 2323 ad
317 2303 396 2323 suum
413 2295 555 2323 arbitrium
588 2296 672 2322 alium
692 2296 803 2330 quidem
829 2296 868 2323 uti
888 2301 916 2324 ct
946 2296 1000 2323 frui

213 2341 347 2375 appositis
362 2341 444 2373 sinat,
466 2341 549 2368 alium
581 2350 646 2369 vero
680 2343 832 2377 prohibeat.
853 2347 880 2369 et
907 2344 998 2370 omnia

214 2386 295 2413 faciat
321 2387 354 2414 ad
386 2387 447 2417 hoc.
477 2395 533 2422 quo
561 2388 679 2422 quisque
704 2396 755 2416 suo
784 2393 999 2423 temperamento

213 2439 295 2467 atque
316 2433 498 2467 complcxioni
513 2434 656 2461 commoda
681 2435 929 2470 convenientiaque
957 2441 999 2462 at-

215 2479 311 2514 tingat,
328 2487 362 2506 ne
376 2479 416 2506 vel
433 2479 528 2507 morbo
544 2480 678 2507 obnoxius
695 2488 742 2514 per
758 2481 897 2508 esculenta
915 2487 1000 2508 matc-

214 2526 282 2552 riam
315 2525 409 2552 morbo
437 2525 569 2560 adjiciens
597 2525 769 2557 conficiatur,
790 2527 831 2553 vel
860 2527 1000 2554 robustior

215 2571 389 2598 incommodo
405 2571 466 2599 cibo
483 2573 633 2599 molestiam
646 2581 679 2600 ex
695 2573 837 2599 humerum
857 2574 999 2600 abundan-

217 2619 253 2644 tia
269 2617 412 2644 contrahat
426 2622 506 2652 atque
525 2618 645 2652 laboret;
664 2618 690 2645 in
708 2619 751 2645 his
765 2619 864 2653 aliquis
879 2618 1001 2646 vinolen-

217 2664 261 2690 ti:e
277 2663 413 2694 addictus.
430 2664 470 2690 vel
491 2671 522 2690 ex
539 2663 629 2690 medio
651 2665 777 2691 convivio
795 2664 940 2696 educatur,
958 2665 1001 2692 vel

218 2718 279 2736 cum
296 2710 415 2744 incipiat
430 2710 570 2741 inebriari.
583 2711 625 2738 vel
645 2711 672 2738 in
691 2710 769 2738 ﬁnem
788 2719 874 2746 usque
893 2718 1001 2746 perma-

252 2799 261 2813 ⁶
285 2798 377 2825 Matth.
401 2807 460 2826 χχιι
473 2817 480 2830 ,
497 2798 541 2824 νὶὶ.

1042 787 1127 822 πιώδη
1141 787 1188 813 καὶ
1203 787 1300 822 ἄωρον.
1315 787 1403 822 ἄωρος
1417 787 1431 813 ὁ
1441 786 1559 817 τοιοῦτός
1572 786 1629 812 ἐστι
1642 784 1753 819 τοιαύτη
1767 784 1832 819 κρί-

1042 841 1083 859 σει
1108 833 1171 868 περ).
1193 833 1248 859 τῶν
1271 833 1357 865 ὄντων
1379 832 1527 867 χρώμενος.
1543 832 1664 865 Ἐρωτᾷς
1693 828 1740 856 οὖν
1766 830 1831 855 ὅτου

1041 877 1120 912 χάριν
1136 878 1165 903 ὲν
1183 877 1270 911 τούτῳ
1286 877 1335 912 τῆς
1357 876 1464 912 ἡλικίας
1479 875 1518 902 ὣν
1535 876 1584 910 τῆς
1602 874 1674 909 ζωῆς
1692 873 1832 908 ὑπεξάγε-

1041 931 1100 956 ται,
1116 923 1142 949 τί
1157 923 1200 949 διὰ
1214 923 1308 949 τούτου
1322 923 1370 957 τῆς
1382 922 1457 953 θείας
1473 922 1568 956 σοφίας
1589 920 1830 956 προμηθουμένης.

1048 968 1117 994 Ἀλλ’
1130 969 1154 994 εἰ
1170 968 1219 1003 μὲν
1236 968 1300 1003 περὶ
1313 968 1413 994 τούτων
1423 967 1522 1001 λέγοις,
1540 967 1590 993 ὅσα
1605 967 1653 1001 τῆς
1669 965 1832 1001 παρανόμου

1043 1017 1165 1050 κυήσεως
1181 1014 1290 1049 ἔλεγχος
1312 1014 1415 1047 γίνεται
1427 1034 1434 1044 ,
1457 1013 1504 1040 καὶ
1525 1013 1567 1039 διὰ
1587 1012 1666 1038 τοῦτο
1687 1012 1762 1046 παρὰ
1777 1012 1833 1038 τῶν

1043 1059 1250 1094 γεννησαμένων
1265 1058 1466 1093 ὲξαφανίζεται,
1480 1058 1530 1083 οὐκ
1543 1058 1656 1088 εἰκότως
1668 1056 1700 1084 ἂν
1714 1057 1769 1083 τῶν
1781 1057 1833 1091 τῆς

1043 1105 1142 1136 κακίας
1157 1105 1244 1140 ἔργων
1261 1104 1306 1130 τὸν
1321 1103 1387 1130 Θεὸν
1405 1103 1548 1138 ἁπαιτοίης
1566 1103 1612 1129 τὸν
1628 1103 1717 1136 λόγον,
1733 1102 1778 1128 τὸν
1795 1102 1832 1128 τὰ

1045 1151 1082 1187 μὴ
1098 1150 1187 1182 καλῶς
1205 1151 1252 1176 ἐπὶ
1272 1150 1358 1185 τούτῳ
1377 1149 1547 1184 γεγενημένα
1561 1149 1601 1180 είς
1616 1149 1705 1183 κρίσιν
1720 1148 1833 1181 ἄγοντα.

1044 1199 1075 1224 Et
1089 1197 1116 1224 δέ
1126 1205 1167 1228 τις
1181 1197 1228 1223 καὶ
1238 1196 1462 1231 ἀνατρεφομὲνων
1476 1195 1530 1221 τῶν
1544 1195 1721 1229 γεννητόρων,
1737 1194 1784 1221 καὶ
1798 1194 1833 1220 δι’

1045 1243 1202 1278 ἐπιμελείας
1224 1241 1439 1274 θεραπευόντων,
1462 1240 1508 1266 καὶ
1525 1240 1558 1266 δι’
1572 1240 1654 1274 εὐχῆς
1668 1240 1835 1271 σπουδαζόν-

1044 1297 1108 1320 των,
1125 1289 1199 1323 ὅμως
1215 1288 1246 1314 οὺ
1265 1287 1372 1322 μετέχει
1383 1286 1429 1312 τοῦ
1446 1285 1514 1321 βίον.
1530 1285 1766 1321 κατακρατοῦντος
1782 1286 1833 1320 μὲ-

1045 1343 1090 1370 χρι
1105 1334 1221 1360 θανάτου
1235 1333 1281 1359 τοῦ
1299 1333 1512 1368 ὰρῤωστήματος
1529 1332 1562 1367 (ὃ
1582 1331 1665 1367 μόνης
1682 1333 1731 1366 τῆς
1743 1331 1836 1362 αἰτίας

1046 1379 1235 1416 ἀναμφιϐόλως
1251 1380 1336 1410 ἐστὶ),
1352 1379 1437 1405 ταῦτα
1461 1379 1523 1413 περὶ
1541 1378 1596 1404 τῶν
1611 1377 1738 1405 τοιούτων
1759 1378 1836 1404 εἰκάο

1047 1427 1139 1461 ζομεν,
1155 1427 1196 1453 ὅτι
1214 1425 1317 1456 τελείας
1334 1425 1391 1451 ἐστὶ
1406 1424 1541 1459 προνοίας,
1559 1425 1589 1450 οὺ
1609 1423 1689 1458 μόνον
1701 1423 1836 1458 γεγονότα

1046 1471 1209 1508 θεραπεύειν
1224 1471 1258 1498 τὰ
1277 1471 1360 1505 πάθη,
1374 1470 1430 1497 ἀλλ’
1447 1471 1520 1501 ὅπως
1539 1470 1572 1496 ἂν
1591 1469 1658 1505 μηδὲ
1682 1470 1732 1505 τὴν
1745 1470 1836 1505 ἀρχήν

1045 1528 1086 1550 τις
1102 1519 1157 1550 τοῖς
1167 1516 1398 1553 ἁπηγορευμένοις
1411 1516 1549 1550 ἐγγένοιτο
1564 1516 1696 1552 προνοεῖν.
1715 1515 1766 1542 Τὸν
1779 1516 1836 1550 γὰρ

1046 1565 1185 1599 ἐγνωκότα
1210 1565 1307 1598 ἐπίσης
1322 1563 1361 1597 τῷ
1383 1562 1581 1598 παρεληλυθότι
1594 1561 1624 1588 τὸ
1643 1561 1752 1596 μέλλον,
1775 1562 1837 1587 ὲπι-

1047 1612 1161 1639 κωλύειν
1169 1611 1240 1642 εἰκὸς
1255 1611 1304 1645 τὴν
1317 1609 1363 1636 ἐπὶ
1373 1609 1402 1635 τὸ
1412 1608 1515 1635 τέλειον
1529 1608 1579 1642 τῆς
1590 1607 1661 1642 ζωῆς
1676 1606 1723 1633 τοῦ
1738 1606 1836 1641 νηπίου

1049 1655 1169 1692 πρόοδον,
1186 1657 1223 1688 ὼς
1233 1655 1265 1683 ἂν
1282 1656 1319 1690 μὴ
1331 1656 1363 1690 τῇ
1376 1655 1565 1688 προγνωστικῇ
1578 1652 1690 1687 δυνάμει
1704 1651 1736 1677 τὺ
1751 1659 1837 1677 κατα-

1048 1703 1143 1738 νοηοὲν
1167 1702 1250 1729 κακὸν
1271 1701 1316 1728 ἐπὶ
1341 1700 1388 1726 τοῦ
1416 1699 1556 1735 μέλλοντος
1577 1698 1663 1729 οὕτως
1689 1697 1836 1731 βιώσεσθαι

1047 1748 1202 1782 τελειωθείη
1212 1767 1219 1778 ,
1242 1748 1290 1773 καὶ
1315 1746 1427 1780 γένηται
1443 1746 1482 1780 τῷ
1502 1746 1535 1780 τῇ
1550 1744 1662 1780 τοιαύτῃ
1677 1743 1836 1778 προαιρέσει

1050 1793 1213 1826 συζήσεσθαι
1229 1792 1350 1827 μέλλοντι
1361 1791 1409 1826 ὕλη
1428 1791 1524 1822 κακίας
1536 1790 1550 1816 ὁ
1561 1789 1626 1824 βίος.
1643 1788 1836 1823 Ὑποόείγματι

1049 1840 1076 1866 δέ
1086 1848 1139 1866 τινι
1150 1839 1239 1875 ῥᾴδιον
1251 1838 1283 1865 ἂν
1292 1838 1335 1872 εἴη
1345 1837 1517 1872 παραστῆσαι
1527 1838 1558 1863 τὸ
1572 1837 1617 1871 νόη
1623 1845 1670 1871 μα.
1682 1836 1772 1862 Ἔστω
1781 1835 1836 1868 γὰρ

1050 1886 1110 1912 καθ’
1126 1885 1252 1911 ὑπόθεσιν
1268 1884 1425 1917 παντοδαπή
1441 1891 1482 1914 τις
1502 1883 1604 1917 εὐωχία
1616 1881 1783 1917 προκειμένη
1798 1879 1836 1914 τῷ

1051 1930 1203 1966 συμποσίῳ,
1219 1928 1396 1956 ὲπιστατείτω
1412 1928 1439 1954 δέ
1453 1936 1493 1959 τις
1508 1927 1628 1958 τοιοῦτος
1641 1926 1695 1953 τῶν
1707 1925 1836 1960 δαιτυμό-

1050 1985 1113 2006 νων,
1139 1972 1194 2007 οἷος
1213 1974 1333 2009 ἀκριϐῶς
1355 1972 1451 1999 εἰδέναι
1468 1972 1501 1998 τὰ
1520 1972 1568 2006 τῆς
1591 1973 1704 1998 ἑκάστου
1729 1970 1837 2005 φύσεως

1053 2020 1193 2054 ἰδιώματα,
1208 2019 1255 2045 καὶ
1272 2017 1297 2044 τί
1314 2018 1362 2052 μὲν
1374 2016 1539 2051 κατάλληλον
1552 2018 1584 2051 τῇ
1598 2015 1709 2052 τοιαύτῃ
1729 2015 1836 2050 κράσει,

1051 2064 1076 2090 τί
1092 2064 1119 2090 δὲ
1135 2062 1278 2094 ὲπιόλαῦὲς
1295 2064 1342 2088 καὶ
1353 2061 1484 2088 ἀνοίκειον
1496 2069 1502 2076 ·
1525 2060 1697 2095 προσκείσθω
1710 2061 1738 2086 δὲ
1751 2060 1837 2095 τούτῳ

1052 2111 1098 2136 καὶ
1110 2109 1254 2144 αὑθεντικὴ
1265 2117 1306 2139 τις
1319 2106 1436 2140 ἐξουσία,
1449 2106 1494 2133 τοῦ
1506 2107 1576 2133 κατὰ
1592 2107 1622 2132 τὸ
1633 2107 1698 2133 ῐδιον
1714 2106 1837 2142 βούλημα

1051 2157 1096 2183 τὸν
1119 2156 1167 2191 μέν
1181 2164 1241 2181 τινα
1269 2154 1391 2189 μετέχειν
1408 2153 1462 2179 τῶν
1479 2153 1663 2189 προκειμένων
1676 2153 1735 2187 ὲᾷν,
1749 2152 1795 2178 τὸν
1809 2152 1836 2178 δὲ

1052 2203 1226 2238 ἀποτρέπειν,
1242 2202 1289 2228 καὶ
1306 2201 1394 2227 πάντα
1411 2201 1507 2230 ποιεῖν,
1519 2199 1556 2231 ὡς
1573 2199 1606 2225 ἂν
1621 2199 1692 2225 κατὰ
1708 2199 1758 2234 τὴν
1772 2199 1836 2225 ἐαυ-

1052 2249 1097 2275 τοῦ
1117 2248 1215 2283 κρᾶσιν
1238 2246 1352 2277 ἕκαστος
1376 2243 1430 2271 τῶν
1447 2244 1620 2278 καταλλήλων
1644 2243 1835 2278 προσάπτοιτο,

1053 2296 1096 2321 ἵνα
1112 2295 1178 2329 μήτε
1195 2294 1209 2319 ὁ
1223 2291 1341 2326 νοσώδης
1364 2289 1528 2324 ἐπιτριϐείη,
1553 2289 1680 2325 προσθεὶς
1704 2289 1770 2322 ὕλην
1795 2288 1836 2314 διὰ

1051 2339 1106 2366 τῶν
1120 2337 1256 2372 ἐδωδίμων
1273 2337 1306 2371 τῇ
1319 2335 1398 2368 νόσῳ,
1417 2334 1485 2369 μήτε
1498 2334 1511 2359 ὁ
1528 2333 1725 2368 εὐρωστότερος
1743 2333 1835 2367 κάμοι,
1854 2352 1861 2357 .-

1053 2387 1091 2417 ei;
1104 2383 1278 2418 πληθωρικὴν
1293 2381 1387 2415 ἀηδίαν
1402 2378 1540 2406 ἐκπίπτων
1557 2379 1589 2412 τῇ
1604 2377 1763 2412 καταλλήλῳ
1778 2386 1835 2412 τρο-

1054 2435 1101 2468 φῇ·
1124 2432 1152 2457 ὲν
1177 2430 1280 2460 τούτοις
1298 2429 1314 2463 ἢ
1333 2427 1479 2462 μεσοῦντος
1498 2425 1544 2452 τοῦ
1563 2424 1713 2458 συμποσίου
1729 2432 1771 2455 τις
1787 2423 1836 2449 τῶν

1053 2480 1085 2514 τῇ
1100 2476 1256 2511 οἰνοφλυγία
1269 2474 1473 2509 προσκειμένων
1486 2471 1626 2506 ἐξάγηται,
1641 2470 1657 2505 ἦ
1671 2471 1698 2496 ἐν
1715 2470 1785 2504 ἀρχῇ
1801 2468 1835 2495 ὢν

1052 2526 1102 2560 τῆς
1125 2524 1219 2558 μέθης.
1247 2521 1264 2556 ἢ
1291 2521 1370 2556 μέχρι
1390 2520 1482 2550 τέλους
1505 2516 1650 2552 παραμένῃ
1667 2515 1706 2551 τῷ
1728 2515 1833 2550 δείπνῳ,

1051 2573 1136 2600 ταῦτα
1148 2569 1193 2597 τοῦ
1210 2568 1355 2595 ἐπιστάτου
1370 2565 1583 2599 οἰκονομοῦντος,
1599 2563 1636 2594 ὡς
1653 2562 1685 2589 ἂν
1702 2563 1822 2596 εὐσχημο

1051 2619 1108 2652 νοίη
1122 2616 1238 2652 διαρκῶς
1255 2615 1271 2649 ὴ
1288 2613 1411 2649 τράπεζα
1426 2611 1478 2637 τῶν
1489 2612 1521 2636 ἐκ
1534 2609 1678 2644 πληθώρας
1691 2609 1736 2634 καὶ
1747 2607 1833 2652 μέθης

1053 2651 1275 2697 καὶγπαραιρορὶς
1288 2658 1380 2685 κακῶν
1396 2656 1592 2692 καθαρεύουσα.
1607 2655 1710 2688 Ὥσπερ
1729 2651 1774 2679 οὖν
1788 2653 1833 2685 τῆς

1052 2710 1106 2736 τῶν
1120 2706 1283 2743 ἡδυσμάτων
1305 2705 1400 2738 κνίσης
1416 2701 1613 2736 ἀποσπώμενος
1637 2699 1687 2725 οὐκ
1708 2699 1736 2724 ὲν
1757 2697 1832 2733 ἡδονῇ
