1922 3078
79 125 127 153 185

483 125 528 153 DE
552 125 761 154 INFANTIBUS
779 126 839 159 QUI
861 126 1088 155 PR/EMATURE
1105 127 1350 156 ABRIPIUNTUR.

1652 126 1703 153 iSll

77 184 187 210 ποιεῖται
199 183 256 210 τῶν
271 183 447 219 καταθυμίων
457 184 506 220 τὴν
517 185 655 221 στέρησιν,
670 185 726 212 ἀλλ’
736 185 862 220 ἀκρισίαν

915 190 979 212 neat
995 185 1023 212 in
1043 193 1134 217 cmna,
1150 185 1207 212 haec
1227 185 1263 211 ita
1281 184 1409 218 praefecto
1426 183 1646 215 administrante,
1675 188 1704 211 ut

76 230 131 256 τινὰ
148 229 195 256 τοῦ
210 230 422 262 ἐπιστατοῦντος
435 230 645 264 καταγινώσκει,
658 231 695 262 ὡς
707 230 796 265 φθόνῳ
811 230 865 256 τινὶ

77 276 118 301 καὶ
130 275 159 300 οὐ
175 275 292 310 προνοίᾳ
306 274 361 301 τῶν
377 275 565 310 προκειμένων
580 275 766 310 ἀπείργοντος.
791 274 822 300 Ei
835 273 864 300 δὲ

77 321 138 356 πρὸς
148 321 211 352 τοὺς
218 320 261 347 ἔτι
270 321 492 357 ἀσχημονοῦντας
506 323 539 357 τῇ
559 322 711 357 παρατάσει
719 322 768 356 τῆς
779 320 864 356 μέθης

77 367 161 402 βλέποι
171 368 200 393 ὲν
215 368 327 402 ἐμέτοις
339 368 386 394 καὶ
400 368 583 403 καρηϐαρίαις
595 368 642 394 καὶ
651 367 690 403 τῷ
705 367 865 403 παραφθέγ-

75 412 163 446 γεσθαι
175 421 202 439 τι
215 412 274 439 τῶν
288 414 318 440 οὐ
335 413 458 443 δεόντων.
473 414 553 449 χάριν
565 414 692 449 ὁμολογεῖ
704 414 743 449 τῷ
753 413 806 449 πρὸ
815 413 863 440 τοῦ

75 458 187 486 τοιούτου
212 459 319 491 πάθους
342 459 393 495 τῆς
418 460 538 496 ἀμέτρου
563 460 722 495 πλησμονῆς
744 460 864 495 ἀποστή-

76 514 156 532 σαντι.
179 505 211 531 Εἰ
230 505 263 541 δὴ
280 506 404 540 νενόηται
421 507 487 541 ἡμῖν
504 506 534 532 τὸ
549 506 711 541 ὑπόδειγμα,
728 506 818 541 ῥᾴδιον
831 505 863 532 ἃν

75 552 113 586 εἴη
130 552 320 586 προσαγαγεῖν
332 552 362 578 τὸ
376 553 404 578 ὲν
419 552 506 587 τούτῳ
521 552 693 587 καταληφθὲν
715 553 780 587 ἡμῖν
795 552 863 578 θεώ-

76 607 145 634 ρημα
154 598 192 633 τῷ
204 599 381 634 προκειμένῳ
394 599 519 633 νοήματι.
537 598 568 624 Τί
578 598 632 634 γὰρ
643 598 673 624 τὸ
684 598 863 633 προκείμενον

74 643 120 679 ἦν;
138 645 220 671 ’Ὁτου
242 645 323 680 χάριν
336 646 350 671 ὁ
364 644 441 677 Θεὸς,
457 644 557 679 πολλῆς
570 644 654 680 οΰσης
669 646 724 676 τοῖς
744 644 863 679 πατράσι

76 690 187 725 σπουδῆς
210 691 381 726 φυλαχθῆναι
401 691 508 723 ἑαυτοῖς
523 691 568 717 τὸν
589 690 636 717 τοῦ
658 690 715 725 βίου
730 690 861 725 διάδοχον,

75 737 157 772 ἄωρον
171 737 307 769 πολλάκις
320 738 350 764 ἐν
362 737 401 773 τῷ
417 738 488 764 τέλει
500 738 549 772 τῆς
563 737 671 773 ἡλικίας
685 738 717 773 ἐᾷ
728 737 758 764 τὸ
769 737 863 772 τεχθὲν

74 783 298 818 ἀναρπάξεσθαη
326 784 399 819 Πρὸς
421 784 468 816 οὓς
491 784 607 820 ἐροῦμεν
634 783 665 810 τὺ
694 783 862 819 συμποτικὸν

73 831 154 857 ἐκεῖνο
163 831 330 866 ὑπόδειγμα,
341 832 381 858 ὃτι
389 832 437 867 τῆς
449 831 496 858 τοῦ
507 831 565 866 βίου
574 831 714 867 τραπέζης
724 830 824 866 πολλήν
832 840 862 857 τε

74 877 116 903 καὶ
125 876 304 908 παντοδαπὴν
318 877 372 904 τῶν
390 877 526 912 ἐδωδίμων
537 878 586 911 τὴν
603 877 777 913 παρασκευὴν
789 876 865 911 ἐχού-

75 930 118 956 σης
131 921 194 956 (νόει
211 921 241 948 δέ
263 930 309 957 μοι
320 922 390 949 κατὰ
404 922 453 957 τὴν
466 922 650 957 ὀψαρτυτικὴν
666 922 811 957 ἐμπειρίαν
826 921 863 957 μὴ

74 966 155 993 πάντα
170 966 209 1002 τῷ
223 967 274 1002 τῆς
290 967 387 1003 ἡδονῆς
399 967 487 1002 μέλιτι
498 968 531 995 τὰ
544 967 590 994 τοῦ
604 967 661 1003 βίου
676 967 863 1001 καταγλυκαι-

74 1013 176 1045 νεσθαι,
203 1013 263 1040 ἀλλ’
279 1014 352 1040 ἔστιν
370 1014 437 1040 ὅπου
450 1014 497 1040 καὶ
512 1015 567 1045 τοῖς
581 1013 790 1049 αὐστηροτέροις
809 1012 864 1039 τῶν

73 1060 257 1094 συμπομάτων
266 1060 316 1095 τὴν
325 1059 397 1094 ζωὴν
405 1059 600 1095 ὲπαρτύεσθαι,
607 1056 651 1085 οἶα
657 1059 689 1094 δὴ
698 1057 864 1093 φιλοτεχνοῦ,

74 1113 110 1132 σιν
123 1105 146 1131 οἱ
158 1105 213 1131 τῶν
226 1105 294 1140 περὶ
310 1104 432 1138 γαστέρα
448 1105 494 1131 καὶ
511 1104 602 1139 θοίνην
618 1104 719 1139 ἡδονῶν
734 1106 862 1139 τεχνῖται,

73 1152 124 1182 τοῖς
140 1151 335 1186 δριμυτέροις,
353 1151 369 1185 ἢ
390 1150 522 1185 ἁλμῶσιν,
541 1150 557 1184 ἢ
572 1150 793 1186 παραστύφουσιν
815 1150 864 1180 τὰς

73 1196 169 1230 ὀρέξεις
180 1195 235 1222 τῶν
250 1196 419 1231 δαιτυμόνων
436 1195 686 1230 ἀναρριπίζοντες)·
698 1195 758 1220 ἐπεὶ
773 1192 818 1221 οὖν
833 1195 863 1220 οὐ

73 1242 112 1267 διὰ
125 1242 231 1268 πάντων
242 1242 304 1267 ἐστὶ
313 1241 365 1267 τῶν
376 1241 544 1276 πραγμάτων
558 1240 691 1275 μελιειδὴς
703 1241 716 1266 ό
730 1240 795 1274 βίος,
807 1239 863 1266 ἀλλ’

74 1288 139 1314 ἔστιν
153 1288 181 1314 ἐν
197 1285 239 1318 οἷς
254 1287 329 1322 ἅλμη
344 1288 374 1313 τὸ
387 1287 451 1321 ὄψον
473 1287 558 1315 ἐστὶν.
571 1286 587 1322 ἢ
602 1286 707 1320 στύψις,
720 1286 735 1321 ἢ
751 1286 862 1321 ὁξώδης,

74 1334 215 1368 ἧδηκτικὴ
241 1342 286 1364 τις
310 1333 356 1359 καὶ
378 1333 486 1368 δριμεῖα
513 1332 624 1366 ποιότης
642 1332 794 1366 ἐντριϐεῑσα
808 1333 864 1363 τοῖς

76 1379 234 1415 πράγμασι,
253 1378 406 1413 δύσληπτον
424 1379 555 1413 ποιεῖτὴν
571 1378 719 1414 καρυκείαν
733 1378 779 1405 τοῦ
794 1378 862 1413 βίου,

76 1426 181 1460 πλήρεις
194 1425 222 1451 δὲ
239 1425 265 1451 οἱ
280 1424 330 1459 τῆς
345 1425 452 1460 ἀπάτης
467 1425 602 1460 κρατῆρες
617 1423 785 1450 παντοδαποῦ
798 1424 865 1459 κρά-

76 1480 162 1507 ματος·
175 1468 213 1498 ὧν
221 1472 247 1497 οἱ
261 1471 311 1507 μὲν
319 1471 349 1497 τὸ
360 1471 481 1504 φυσῶδες
492 1471 577 1502 πάθος
588 1470 632 1496 διὰ
646 1470 693 1497 τοῦ
706 1470 805 1505 στύφου
817 1472 865 1506 τῆς

76 1518 178 1552 ἀπάτης
188 1517 363 1553 ἐμποιοῦσιν,
377 1517 401 1543 οἰ
412 1517 440 1543 δὲ
452 1517 491 1548 είς
501 1517 661 1552 παραφορὰν
673 1516 735 1548 τοὺς
753 1517 865 1552 ἐμπιόν-

74 1573 118 1595 τας
134 1563 339 1595 ἐξεκαλέσαντο,
352 1563 441 1594 ἄλλοις
454 1563 483 1589 δὲ
499 1563 553 1589 τῶν
573 1562 698 1597 πονηρῶς
710 1562 864 1597 κτηθέντων

76 1610 117 1636 τὸν
137 1610 233 1646 ἔμετον
245 1610 291 1636 διὰ
307 1610 356 1645 τῆς
377 1610 493 1645 αἰσχρᾶς
515 1609 666 1641 ἀποτίσεως
690 1609 861 1643 ἁνεκίνησαν.

83 1655 121 1687 Ὠς
139 1656 171 1682 ἂν
193 1653 241 1682 οὖν
266 1656 303 1691 μὴ
325 1655 491 1691 ἐπιχρονίζοι
510 1655 542 1690 τῇ
563 1654 672 1690 τοιαύτῃ
691 1654 741 1690 τῆς
760 1655 863 1691 τραπέ-

78 1702 121 1738 ζης
136 1703 300 1737 παρασκευῇ
317 1703 331 1728 ὁ
352 1702 389 1737 μὴ
412 1701 526 1732 δεόντως
551 1700 590 1735 τῷ
603 1701 744 1735 συμποσίῳ
760 1701 861 1736 χρησά-

77 1756 159 1781 μενος,
177 1748 278 1774 Θᾶττον
300 1747 425 1781 ἐξάγεται
436 1746 483 1773 τοῦ
498 1746 552 1772 τῶν
566 1746 734 1781 δαιτυμόνων
752 1746 862 1781 πληρώ-

78 1800 165 1826 ματος,
181 1793 331 1827 κερδαίνων
348 1792 378 1819 τδ
401 1793 438 1828 μὴ
459 1793 487 1818 ἐν
502 1792 614 1823 ἐκείνοις
635 1792 771 1826 γενέσθαι,
793 1789 830 1819 ὧν
845 1793 861 1828 ἡ

76 1838 186 1873 ἀμετρία
201 1838 255 1873 τῆς
276 1837 451 1869 ἀπολαύσεως
465 1839 521 1869 τοῖς
536 1837 717 1873 λαιμαργοῦσι
735 1838 863 1873 πρόξενος

77 1884 182 1917 γίνεται.
210 1884 299 1911 Τοῦτό
327 1885 400 1911 ἐστιν
413 1885 427 1911 ὅ
442 1893 514 1919 φημι
525 1884 631 1916 τελείας
647 1882 716 1912 εἶναι
735 1885 862 1920 προνοίας

77 1930 247 1966 κατόρθωμα,
275 1930 304 1957 τὸ
322 1930 358 1966 μὴ
376 1931 456 1965 μόνον
485 1930 621 1957 συστάντα
643 1930 806 1966 θεραπεύειν
828 1931 862 1958 τὰ

77 1976 154 2011 πάθη,
171 1977 241 2003 ἀλλὰ
265 1977 311 2003 καὶ
325 1976 438 2003 κωλύειν
461 1977 512 2012 πρὸ
535 1978 584 2012 τῆς
599 1978 765 2009 συστάσεως.
783 1978 815 2004 Ὃ
830 1977 862 2013 δὴ

77 2023 194 2058 καὶπερὶ
216 2022 266 2049 τοῦ
285 2022 398 2050 θανάτου
416 2022 470 2049 τῶν
485 2023 635 2057 ἀρτιτόκων
658 2024 860 2059 ὑπενοήσαμεν,

76 2069 113 2094 ὅτι
134 2070 147 2095 ὁ
169 2068 242 2104 λόγῳ
257 2068 291 2095 τὰ
311 2069 399 2095 πάντα
422 2068 506 2095 ποιῶν
523 2068 576 2095 ὑπὸ
590 2069 795 2104 φιλανθρωπίας
810 2070 862 2104 ἀφ-

76 2114 186 2148 αιρεῖται
212 2114 263 2148 τῆς
281 2113 379 2145 κακίας
397 2113 445 2149 τὴν
461 2113 537 2146 ὓλην,
564 2114 601 2150 μὴ
618 2114 704 2145 διδοὺς
720 2115 813 2150 καιρὸν
828 2116 860 2150 τῇ

77 2159 229 2195 προαιρέσει
246 2160 279 2195 τῇ
291 2159 335 2186 διὰ
348 2159 398 2193 τῆς
413 2160 621 2195 προγνωπικῆς
640 2160 779 2195 δυνάμεως
791 2169 861 2194 γνω-

79 2205 193 2241 ρισθεὶσῃ
212 2206 258 2232 διὰ
273 2206 326 2232 τῶν
343 2206 431 2241 ἔργων
451 2206 480 2233 ἐν
499 2206 600 2237 κακίας
619 2205 699 2241 εξοχῇ
723 2205 861 2240 δειχθῆναι

77 2251 116 2277 οἷα
129 2253 210 2284 ἐστὶν,
224 2253 290 2278 ὅταν
309 2252 377 2288 πρὺς
394 2253 423 2279 τὸ
436 2252 521 2279 κακὸν
533 2252 582 2287 τὴν
597 2252 684 2288 ὁρμὴν
700 2252 767 2287 ἔχοι.
793 2251 862 2278 Πολ-

78 2296 149 2329 λάκις
162 2298 189 2324 δὲ
203 2297 253 2332 τὴν
270 2297 467 2333 σεσοφισμένην
480 2298 528 2333 τῆς
546 2298 725 2333 φιλαργυρίας
739 2297 863 2332 ἀνάγκην

77 2342 116 2368 διὰ
131 2343 181 2369 τῶν
193 2343 322 2370 τοιούτων
333 2343 437 2378 ἐλέγχει
452 2344 466 2370 ὁ
477 2343 608 2370 συνιστῶν
617 2343 647 2369 τὺ
659 2342 705 2369 τοῦ
721 2343 778 2377 βίου
794 2351 863 2377 συμ-

79 2388 175 2419 πόσιον,
190 2389 228 2420 ὡς
243 2389 286 2420 ἂν,
305 2388 392 2424 οἶμαι,
406 2389 509 2424 γυμνὸν
522 2389 576 2416 τῶν
595 2389 782 2424 εὐπροσώπων
797 2397 862 2423 προ-

79 2433 259 2468 καλυμμάτων
286 2434 316 2460 τδ
338 2435 387 2469 τῆς
409 2435 588 2470 φιλαργυρίας
603 2434 774 2469 ἀρρώστημα
801 2434 863 2469 φαί-

80 2486 154 2511 νοιτο,
171 2480 265 2515 μηδενὶ
280 2480 512 2515 παραπετάσματι
538 2480 738 2515 πεπλανημένῳ
752 2488 863 2506 συσκιά-

80 2524 194 2560 ξάμενον.
207 2527 275 2552 Φασὶ
286 2527 339 2562 γὰρ
350 2527 374 2552 οἱ
386 2526 477 2552 πολλοὶ
485 2525 527 2552 διὰ
534 2525 612 2552 τοῦτο
618 2527 677 2556 ταῖς
684 2526 730 2552 τοῦ
742 2525 863 2556 πλείονος

80 2570 228 2606 ἐπιθυμίαις
238 2572 477 2601 ἐπιπλατύνεσϐαι.
486 2572 522 2603 ὡς
533 2571 566 2598 ἂν
575 2571 790 2607 πλουσιωτέρους
800 2572 863 2602 τοὺς

81 2615 108 2648 ἐξ
118 2617 203 2643 αὐτῶν
219 2618 366 2652 γεγονότας
383 2619 535 2652 ποιήσαιεν.
551 2614 589 2644 ὧν
603 2617 707 2652 ἐλέγχει
723 2617 772 2653 τὴν
787 2618 863 2644 νόσον

84 2662 144 2690 ἰδίαν
156 2662 246 2696 οὖσαν,
261 2665 312 2691 οὐκ
319 2664 349 2696 ἐξ
356 2665 476 2700 ἀνάγκης
486 2664 674 2699 ἐγγινομένην,
682 2664 698 2699 ὴ
707 2664 862 2699 ἀπροφάσι-

83 2717 138 2741 στος
148 2710 201 2736 τῶν
211 2711 331 2737 ἀτέκνων
345 2710 494 2743 πλεονεξία.
512 2711 606 2737 Πολλοὶ
619 2710 674 2746 γὰρ
686 2710 747 2737 οὔτε
757 2710 864 2746 ἔχοντες

83 2754 197 2791 διαδοχὴν
208 2758 252 2783 ἐπὶ
261 2754 420 2788 πολλοῖς,οἷς
432 2757 595 2792 ἐμόχθησαν,
604 2756 666 2783 οὔτε
675 2757 704 2783 ἐν
713 2757 801 2783 ἐλπίσι
816 2755 862 2783 τοῦ

84 2803 150 2835 σχεῖν
159 2802 243 2834 ὄντες,
265 2802 327 2829 ἀντὶ
339 2804 442 2838 μυρίων
453 2803 554 2829 τέκνων
567 2803 666 2834 πολλὰς
677 2803 823 2838 ἐπιθυμίας
835 2803 863 2828 ὲν

85 2846 180 2880 ἑαυτοῖς
199 2848 432 2885 παιδοτροψοῦσιν,
456 2849 504 2876 οὐκ
519 2849 623 2884 ἔχοντες
645 2849 694 2876 ποῦ
717 2849 765 2884 τὴν
782 2849 864 2882 ἀνάγ-

916 231 1021 257 nullum
1037 239 1068 258 ex
1088 230 1256 257 abundantia
1280 234 1361 264 atque
1391 230 1523 257 ebrietate
1551 230 1704 265 mentisque

915 278 1111 313 depravatione
1127 278 1228 304 malum
1245 277 1382 303 exsistens
1398 277 1424 302 in
1451 276 1539 302 medio
1567 276 1705 311 relinqua-

915 329 970 356 tur,
987 324 1034 351 sed
1061 328 1211 359 perpetuus
1241 322 1323 349 decor
1339 327 1366 349 et
1398 322 1528 349 honestas
1556 322 1583 348 in
1612 329 1704 349 mensa

915 375 1047 398 servetur.
1068 369 1303 402 Quemadmodum
1332 367 1415 403 igitur
1438 367 1463 393 ei
1490 367 1536 401 qui
1565 374 1580 392 a
1609 366 1704 393 nidore

914 416 1151 443 condimentorum
1163 415 1301 445 avellitur,
1314 413 1431 449 privatio
1443 420 1536 439 eorum
1552 419 1612 447 quae
1627 411 1703 439 cordi

915 464 991 493 sunt,
1009 461 1116 496 ingrata
1134 465 1215 495 atque
1231 458 1379 493 injucunda
1396 462 1449 490 est,
1469 462 1551 492 atque
1569 458 1703 492 importu.

914 507 1008 535 nitatis
1024 514 1056 533 ac
1072 506 1234 533 temeritatis
1251 505 1393 540 cujusdam
1407 504 1563 539 prmfectum
1574 503 1704 531 condem-

914 558 972 584 nat,
991 552 1069 588 quasi
1095 552 1196 579 invidia
1211 551 1328 587 quadam
1346 556 1373 578 et
1397 559 1451 577 non
1474 549 1644 584 providentia
1669 549 1703 576 ab

913 598 1046 634 appositis
1067 603 1215 625 arcentem.
1235 597 1287 624 Sed
1303 597 1325 624 si
1345 597 1377 624 ad
1396 605 1443 625 cos
1461 597 1505 632 qui
1531 595 1703 632 prorogatio-

913 653 948 672 ne
963 644 1104 672 ebrietatis
1121 643 1265 673 vomenda.
1283 648 1420 677 caputque
1442 648 1581 677 gravatum
1598 642 1704 677 jactan-

913 692 960 722 (lo,
979 699 1010 717 ac
1025 695 1126 717 temere
1140 698 1200 724 qua:
1226 698 1277 715 non
1306 690 1385 715 «locet
1415 689 1590 722 proferendo.
1620 689 1701 715 etiam

913 743 987 763 nunc.
1003 743 1032 763 se
1047 736 1164 769 turpiter
1180 740 1305 770 gerentes
1331 735 1470 769 respiciat,
1489 734 1603 769 gratiam
1623 734 1704 760 habet

913 782 936 809 ei
951 781 1007 816 qui,
1021 785 1167 815 antequam
1185 781 1247 806 talia
1265 781 1315 805 sibi
1334 780 1500 811 acciderent,
1515 780 1550 807 ab
1572 779 1704 806 immode-

914 832 974 854 rata
990 827 1140 862 repletione
1159 835 1219 854 eum
1238 827 1418 862 prohibuerit.
1439 827 1465 852 Si
1497 827 1580 861 igitur
1610 826 1704 854 simili-

916 873 983 900 tudo
998 880 1012 899 a
1026 872 1112 907 nobis
1122 873 1261 900 intellecta
1275 878 1326 905 est,
1344 873 1424 900 facile
1436 873 1519 900 fuerit
1535 873 1561 899 in
1577 880 1608 900 ea
1626 880 1703 900 com—

915 919 1079 954 prehensam
1096 926 1110 945 a
1130 918 1211 946 nobis
1236 919 1449 954 speculationem
1480 920 1512 945 ad
1532 919 1701 954 propositum

915 972 1026 992 sensum
1044 964 1260 991 accommodare.
1272 964 1341 997 Quid
1359 965 1431 992 enim
1449 965 1704 1000 eratpropositum?

914 1012 999 1045 Cujus
1018 1012 1055 1038 rei
1068 1012 1166 1046 gratia.
1182 1019 1244 1038 cum
1261 1012 1408 1046 plurimum
1428 1011 1512 1038 studii
1530 1015 1657 1046 parentes
1675 1012 1701 1038 in

914 1058 966 1084 hoc
979 1061 1089 1092 ponant,
1109 1061 1137 1084 ut
1153 1065 1264 1085 suarum
1290 1057 1341 1084 sibi
1367 1058 1529 1084 facultatum
1558 1065 1703 1085 successor

915 1108 1079 1135 reservetur,
1096 1103 1167 1130 Deus
1186 1111 1257 1138 smpe
1275 1108 1336 1130 ante
1354 1108 1460 1138 tempus
1481 1111 1513 1130 ac
1541 1108 1703 1138 prtemature

914 1150 941 1176 in
956 1149 1114 1184 imperfecta
1123 1153 1202 1176 astate
1217 1149 1304 1184 abripi
1321 1150 1388 1176 sinit
1404 1149 1429 1175 id
1447 1149 1519 1183 quod
1535 1154 1627 1175 natum
1639 1149 1704 1176 est?

915 1195 963 1223 llis
978 1195 1023 1231 qui
1043 1195 1080 1221 ita
1107 1196 1288 1229 interrogant,
1313 1195 1464 1222 referemus
1481 1195 1650 1221 convivalem
1670 1194 1703 1220 il-

914 1242 967 1268 lam
987 1241 1202 1272 similitudinem,
1217 1241 1289 1276 quod
1305 1249 1367 1268 cum
1394 1242 1509 1268 multum
1537 1249 1568 1268 ac
1598 1241 1703 1268 varium

914 1288 1115 1315 esculentorum
1133 1292 1292 1322 apparatum
1313 1288 1376 1315 vita:
1405 1296 1500 1315 mensa
1525 1287 1624 1314 habeat
1643 1288 1705 1322 (in-

914 1334 1099 1368 tclligeautcm
1117 1334 1182 1360 mihi
1200 1333 1351 1361 secundum
1366 1335 1491 1369 peritiam
1508 1334 1546 1361 rei
1561 1334 1705 1361 culinaria!

914 1380 1036 1414 artisque
1057 1379 1270 1406 condiendorum
1288 1379 1425 1411 ciborum,
1452 1387 1506 1406 non
1531 1387 1628 1406 omnes
1644 1380 1705 1406 vita!

914 1429 1007 1460 partes
1039 1425 1189 1459 voluptatis
1219 1425 1298 1452 melle
1322 1425 1493 1457 dulcescere,
1524 1425 1571 1452 sed
1604 1425 1704 1452 alicubi

914 1471 996 1498 etiam
1014 1472 1205 1499 acerbioribus
1221 1471 1334 1498 casibus
1360 1471 1443 1498 vitam
1467 1471 1585 1503 condiri.
1612 1471 1703 1506 qualia

916 1518 1045 1545 nimirum
1059 1518 1179 1545 artiﬁces
1196 1518 1365 1552 voluptatum
1382 1516 1415 1544 ad
1429 1517 1525 1552 epulas
1537 1521 1564 1544 et
1579 1521 1703 1545 ventrem

916 1565 1111 1600 pertinentium
1125 1564 1284 1599 excogitant
1298 1567 1325 1590 et
1340 1567 1471 1594 tractant,
1484 1563 1525 1590 vel
1538 1563 1703 1595 acrioribus,

916 1615 957 1640 vel
973 1613 1166 1648 salsuginosis,
1181 1613 1224 1640 vel
1241 1613 1458 1647 astringentibus
1474 1613 1613 1647 appetitus
1636 1621 1704 1640 con-

915 1660 1038 1686 vivarum
1053 1658 1215 1693 excitantes)
1233 1668 1239 1685 :
1258 1658 1388 1693 quoniam
1402 1666 1468 1693 ergo
1485 1667 1538 1685 non
1555 1667 1603 1693 per
1613 1659 1704 1686 omnia

914 1704 1020 1739 negotia
1038 1704 1179 1739 ofﬁciaque
1201 1705 1254 1730 vita
1272 1703 1364 1730 suavis
1388 1708 1414 1730 et
1435 1703 1557 1738 jucunda
1575 1708 1627 1735 est,
1655 1704 1704 1731 sed

914 1750 942 1777 in
959 1750 1093 1785 aliquibus
1106 1750 1200 1787 etiam}
1215 1751 1409 1777 salsamentum
1433 1750 1578 1777 obsonium
1595 1755 1646 1781 est,
1664 1752 1705 1777 vel

913 1797 1064 1829 astrictiva,
1076 1797 1117 1823 vel
1131 1800 1251 1826 acetosa.
1270 1796 1310 1823 vel
1328 1795 1440 1822 mordax
1456 1797 1579 1830 quaedam
1591 1800 1618 1823 ct
1633 1797 1706 1823 acris

913 1842 1031 1877 qualitas
1052 1841 1173 1877 ingesta,
1195 1846 1222 1868 et
1244 1841 1326 1868 rebus
1358 1841 1449 1868 intrita
1476 1846 1585 1876 suu‘ptu
1611 1842 1706 1869 dillici-

914 1889 965 1915 lem
983 1887 1066 1915 efficit
1083 1888 1144 1914 vita:
1163 1887 1253 1914 cibum
1275 1886 1428 1918 conditura.
1444 1887 1516 1922 pleni
1534 1887 1597 1914 item
1622 1887 1706 1914 variae

913 1934 1035 1961 mistnra:
1067 1933 1173 1960 fraudis
1208 1937 1328 1961 crateres
1364 1937 1429 1960 sunt
1460 1942 1467 1959 :
1505 1941 1621 1968 quorum
1658 1934 1704 1960 alii

912 1981 1020 2014 quidem
1039 1978 1187 2006 inflationis
1202 1979 1295 2005 vitium
1312 1986 1359 2013 per
1375 1978 1462 2006 fastus
1483 1977 1605 2006 fraudem
1630 1978 1706 2014 inge-

912 2029 1026 2059 nerant,
1056 2025 1102 2052 alii
1134 2032 1198 2052 vero
1226 2026 1254 2052 in
1277 2024 1458 2051 temeritatem
1488 2032 1520 2051 ac
1548 2024 1704 2052 vecordiam

912 2072 1046 2099 devocant
1061 2079 1109 2099 eos
1125 2070 1171 2105 qui
1194 2070 1366 2102 imbiberint,
1383 2070 1444 2097 aliis
1460 2070 1524 2096 item
1545 2070 1616 2097 male
1629 2078 1705 2105 quie-

913 2119 1027 2145 sitorum
1048 2117 1179 2144 vomitum
1203 2124 1251 2148 per
1273 2121 1379 2151 turpem
1401 2117 1565 2143 solutionem
1584 2121 1703 2143 movent.

912 2162 951 2189 Ne
972 2169 1037 2197 ergo
1058 2162 1084 2188 in
1108 2161 1154 2187 tali
1176 2169 1277 2188 mensa:
1297 2165 1427 2195 apparatu
1449 2160 1553 2188 diutius
1575 2161 1705 2188 immore-

913 2210 967 2238 tur,
983 2206 1029 2240 qui
1048 2214 1101 2233 non
1118 2209 1191 2232 recte
1205 2213 1237 2232 ac
1252 2205 1381 2232 decenter
1401 2206 1527 2232 convivio
1547 2209 1648 2238 utatur,
1666 2206 1707 2233 ci-

914 2251 969 2278 tius
987 2251 1113 2277 educitur
1127 2259 1158 2277 ex
1175 2254 1247 2277 coetu
1263 2254 1344 2285 atque
1365 2258 1497 2278 consessu
1516 2252 1704 2283 convivarum,

915 2297 941 2324 id
960 2297 1028 2324 lucri
1048 2296 1168 2329 facietis,
1187 2296 1259 2331 quod
1287 2298 1313 2323 in
1332 2296 1377 2323 illa
1396 2297 1521 2324 molestia
1548 2302 1628 2332 atque
1649 2303 1708 2324 tur-

915 2343 1039 2379 pitudine
1058 2351 1110 2370 non
1127 2347 1261 2374 versetur.
1283 2351 1397 2378 quarum
1416 2351 1506 2369 rerum
1527 2343 1706 2371 immoderata

916 2390 1038 2424 sumptio
1055 2389 1230 2416 ltelluonibus
1247 2389 1420 2416 conciliatrix
1439 2389 1558 2417 exsistit.
1582 2389 1639 2417 Hoc
1652 2395 1703 2421 est.

914 2436 986 2470 quod
1002 2436 1064 2462 dico
1088 2434 1218 2469 perfecta:
1247 2438 1329 2469 atque
1358 2434 1493 2462 absolutae
1521 2436 1705 2470 providentiae

914 2488 984 2515 opus
997 2489 1069 2513 esse,
1086 2488 1142 2507 llOﬂ
1160 2480 1249 2508 solum
1276 2485 1434 2507 contractos
1452 2488 1550 2508 curare
1576 2481 1700 2512 lllOl‘bOS,

914 2534 1009 2554 verum
1034 2527 1115 2553 etiam
1148 2526 1294 2561 prohibere
1316 2530 1461 2560 antequam
1487 2527 1702 2553 contrahantur.

914 2572 1002 2605 Quam
1017 2572 1085 2599 adeo
1101 2572 1258 2607 opinionem
1280 2572 1363 2599 etiam
1379 2571 1412 2598 de
1437 2576 1525 2598 morte
1555 2571 1702 2598 infantium

913 2619 994 2645 modo
1019 2622 1146 2645 natorum
1171 2618 1323 2650 habemus,
1361 2618 1434 2651 quod
1467 2618 1490 2644 is
1517 2618 1563 2652 qui
1597 2618 1704 2644 ratione

913 2666 1005 2692 omnia
1023 2665 1097 2696 facit,
1113 2665 1283 2691 humanitate
1298 2663 1433 2691 adductus
1457 2664 1531 2690 vitiis
1559 2663 1703 2690 materiam

914 2712 1014 2743 aufert,
1037 2711 1157 2745 spatium
1174 2710 1306 2744 temporis
1329 2710 1463 2737 voluntati
1496 2716 1543 2743 per
1558 2708 1611 2734 vim
1629 2716 1701 2742 prae-

914 2756 998 2783 sciam
1019 2760 1118 2783 notata:
1133 2761 1160 2782 et
1184 2755 1383 2783 animadversa!
1413 2762 1467 2781 non
1497 2754 1576 2785 dans,
1608 2758 1636 2780 ut
1653 2762 1703 2788 per

914 2810 996 2836 opera
1013 2803 1039 2828 in
1068 2802 1198 2836 nequitias
1213 2801 1328 2835 vitiique
1352 2801 1512 2828 excellentia
1540 2799 1703 2827 ostendatur

915 2848 1003 2883 qualis
1022 2848 1067 2880 sit.
1087 2856 1149 2875 cum
1164 2846 1197 2874 ad
1212 2847 1314 2873 malum
1332 2847 1462 2881 impetum
1478 2846 1576 2874 habeat
1594 2848 1621 2871 et
1635 2844 1704 2873 elic-
