  <div class='ocr_page' id='page_1' title='image "/cluster/home/n/w/nwhite01/storage/ocr_20150623/46/njp.32101077772604/113.png"; bbox 0 0 1922 3078; ppageno 0'>
   <div class='ocr_carea' id='block_1_1' title="bbox 224 124 1050 155">
    <p class='ocr_par' dir='ltr' id='par_1_1' title="bbox 224 124 1050 155">
     <span class='ocr_line' id='line_1_1' title="bbox 224 124 1050 155; baseline -0.004 0"><span class='ocrx_word' id='word_1_1' title='bbox 224 129 274 155; x_wconf 67' lang='grc'><strong>187</strong></span> <span class='ocrx_word' id='word_1_2' title='bbox 839 125 866 153; x_wconf 85' lang='lat' dir='ltr'><strong>S.</strong></span> <span class='ocrx_word' id='word_1_3' title='bbox 889 124 1050 153; x_wconf 80' lang='lat' dir='ltr'><strong>GREGOR&quot;</strong></span> 
     </span>
    </p>
   </div>
   <div class='ocr_carea' id='block_1_2' title="bbox 221 187 1046 224">
    <p class='ocr_par' dir='ltr' id='par_1_2' title="bbox 221 187 1046 224">
     <span class='ocr_line' id='line_1_2' title="bbox 221 187 1046 224; baseline -0.004 -7"><span class='ocrx_word' id='word_1_4' title='bbox 221 195 306 217; x_wconf 87' lang='lat' dir='ltr'><strong>etum.</strong></span> <span class='ocrx_word' id='word_1_5' title='bbox 332 189 527 224; x_wconf 74' lang='lat' dir='ltr'><strong>Saepenumero</strong></span> <span class='ocrx_word' id='word_1_6' title='bbox 553 192 644 215; x_wconf 83' lang='lat' dir='ltr'><strong>autem</strong></span> <span class='ocrx_word' id='word_1_7' title='bbox 675 194 722 222; x_wconf 90' lang='lat' dir='ltr'><strong>per</strong></span> <span class='ocrx_word' id='word_1_8' title='bbox 749 187 906 221; x_wconf 84' lang='lat' dir='ltr'><strong>hujusmodi</strong></span> <span class='ocrx_word' id='word_1_9' title='bbox 926 187 1007 214; x_wconf 89' lang='lat' dir='ltr'><strong>etiam</strong></span> <span class='ocrx_word' id='word_1_10' title='bbox 1024 190 1046 218; x_wconf 82' lang='grc' dir='ltr'><strong>Α</strong></span> 
     </span>
    </p>
   </div>
   <div class='ocr_carea' id='block_1_3' title="bbox 220 233 1009 269">
    <p class='ocr_par' dir='ltr' id='par_1_3' title="bbox 220 233 1009 269">
     <span class='ocr_line' id='line_1_3' title="bbox 220 233 1009 269; baseline -0.003 -6"><span class='ocrx_word' id='word_1_11' title='bbox 220 243 302 263; x_wconf 76' lang='lat' dir='ltr'><strong>casus</strong></span> <span class='ocrx_word' id='word_1_12' title='bbox 321 235 476 262; x_wconf 76' lang='lat' dir='ltr'><strong>simulatam</strong></span> <span class='ocrx_word' id='word_1_13' title='bbox 498 239 579 269; x_wconf 78' lang='lat' dir='ltr'><strong>atque</strong></span> <span class='ocrx_word' id='word_1_14' title='bbox 595 237 757 269; x_wconf 66' lang='lat' dir='ltr'><strong>praetcnsam</strong></span> <span class='ocrx_word' id='word_1_15' title='bbox 775 233 896 260; x_wconf 75' lang='lat' dir='ltr'><strong>avaritim</strong></span> <span class='ocrx_word' id='word_1_16' title='bbox 914 241 1009 261; x_wconf 84' lang='lat' dir='ltr'><strong>neces-</strong></span> 
     </span>
    </p>
   </div>
   <div class='ocr_carea' id='block_1_4' title="bbox 222 279 1008 315">
    <p class='ocr_par' dir='ltr' id='par_1_4' title="bbox 222 279 1008 315">
     <span class='ocr_line' id='line_1_4' title="bbox 222 279 1008 315; baseline -0.001 -8"><span class='ocrx_word' id='word_1_17' title='bbox 222 282 329 307; x_wconf 86' lang='lat' dir='ltr'><strong>sitatem</strong></span> <span class='ocrx_word' id='word_1_18' title='bbox 344 281 434 315; x_wconf 77' lang='lat' dir='ltr'><strong>arguit</strong></span> <span class='ocrx_word' id='word_1_19' title='bbox 446 280 469 307; x_wconf 89' lang='lat' dir='ltr'><strong>is</strong></span> <span class='ocrx_word' id='word_1_20' title='bbox 483 280 530 314; x_wconf 93' lang='lat' dir='ltr'><strong>qui</strong></span> <span class='ocrx_word' id='word_1_21' title='bbox 548 280 613 307; x_wconf 77' lang='lat' dir='ltr'><strong>vita:</strong></span> <span class='ocrx_word' id='word_1_22' title='bbox 628 279 784 306; x_wconf 80' lang='lat' dir='ltr'><strong>convivium</strong></span> <span class='ocrx_word' id='word_1_23' title='bbox 798 279 952 310; x_wconf 71' lang='lat' dir='ltr'><strong>constituit,</strong></span> <span class='ocrx_word' id='word_1_24' title='bbox 967 285 1008 311; x_wconf 89' lang='lat' dir='ltr'><strong>ut,</strong></span> 
     </span>
    </p>
   </div>
   <div class='ocr_carea' id='block_1_5' title="bbox 221 325 1009 361">
    <p class='ocr_par' dir='ltr' id='par_1_5' title="bbox 221 325 1009 361">
     <span class='ocr_line' id='line_1_5' title="bbox 221 325 1009 361; baseline 0 -9"><span class='ocrx_word' id='word_1_25' title='bbox 221 327 329 361; x_wconf 91' lang='lat' dir='ltr'><strong>opinor,</strong></span> <span class='ocrx_word' id='word_1_26' title='bbox 346 326 465 353; x_wconf 90' lang='lat' dir='ltr'><strong>nudatus</strong></span> <span class='ocrx_word' id='word_1_27' title='bbox 481 326 615 360; x_wconf 80' lang='lat' dir='ltr'><strong>speciosis</strong></span> <span class='ocrx_word' id='word_1_28' title='bbox 631 325 808 359; x_wconf 68' lang='lat' dir='ltr'><strong>prmtextibus</strong></span> <span class='ocrx_word' id='word_1_29' title='bbox 825 333 856 351; x_wconf 84' lang='lat' dir='ltr'><strong>ac</strong></span> <span class='ocrx_word' id='word_1_30' title='bbox 870 326 1009 352; x_wconf 87' lang='lat' dir='ltr'><strong>velamen-</strong></span> 
     </span>
    </p>
   </div>
   <div class='ocr_carea' id='block_1_6' title="bbox 221 371 1010 407">
    <p class='ocr_par' dir='ltr' id='par_1_6' title="bbox 221 371 1010 407">
     <span class='ocr_line' id='line_1_6' title="bbox 221 371 1010 407; baseline -0.001 -8"><span class='ocrx_word' id='word_1_31' title='bbox 221 374 256 400; x_wconf 93' lang='lat' dir='ltr'><strong>tis</strong></span> <span class='ocrx_word' id='word_1_32' title='bbox 283 374 408 400; x_wconf 71' lang='lat' dir='ltr'><strong>avaritize</strong></span> <span class='ocrx_word' id='word_1_33' title='bbox 440 373 553 399; x_wconf 84' lang='lat' dir='ltr'><strong>morbus</strong></span> <span class='ocrx_word' id='word_1_34' title='bbox 589 376 719 406; x_wconf 84' lang='lat' dir='ltr'><strong>appareat</strong></span> <span class='ocrx_word' id='word_1_35' title='bbox 740 372 815 398; x_wconf 93' lang='lat' dir='ltr'><strong>nullo</strong></span> <span class='ocrx_word' id='word_1_36' title='bbox 833 371 902 399; x_wconf 79' lang='lat' dir='ltr'><strong>falso</strong></span> <span class='ocrx_word' id='word_1_37' title='bbox 932 376 1010 407; x_wconf 81' lang='lat' dir='ltr'><strong>tegu-</strong></span> 
     </span>
    </p>
   </div>
   <div class='ocr_carea' id='block_1_7' title="bbox 221 417 1008 452">
    <p class='ocr_par' dir='ltr' id='par_1_7' title="bbox 221 417 1008 452">
     <span class='ocr_line' id='line_1_7' title="bbox 221 417 1008 452; baseline -0.003 -7"><span class='ocrx_word' id='word_1_38' title='bbox 221 424 313 445; x_wconf 81' lang='lat' dir='ltr'><strong>mento</strong></span> <span class='ocrx_word' id='word_1_39' title='bbox 338 418 528 445; x_wconf 74' lang='lat' dir='ltr'><strong>obumbratus.</strong></span> <span class='ocrx_word' id='word_1_40' title='bbox 562 417 629 444; x_wconf 88' lang='lat' dir='ltr'><strong>Nam</strong></span> <span class='ocrx_word' id='word_1_41' title='bbox 659 417 739 452; x_wconf 79' lang='lat' dir='ltr'><strong>vulgo</strong></span> <span class='ocrx_word' id='word_1_42' title='bbox 775 417 896 452; x_wconf 88' lang='lat' dir='ltr'><strong>plerique</strong></span> <span class='ocrx_word' id='word_1_43' title='bbox 921 418 1008 450; x_wconf 84' lang='lat' dir='ltr'><strong>aiunt,</strong></span> 
     </span>
    </p>
   </div>
   <div class='ocr_carea' id='block_1_8' title="bbox 221 463 1009 499">
    <p class='ocr_par' dir='ltr' id='par_1_8' title="bbox 221 463 1009 499">
     <span class='ocr_line' id='line_1_8' title="bbox 221 463 1009 499; baseline 0 -8"><span class='ocrx_word' id='word_1_44' title='bbox 221 465 326 491; x_wconf 88' lang='lat' dir='ltr'><strong>idcirco</strong></span> <span class='ocrx_word' id='word_1_45' title='bbox 343 472 372 491; x_wconf 87' lang='lat' dir='ltr'><strong>se</strong></span> <span class='ocrx_word' id='word_1_46' title='bbox 394 464 536 498; x_wconf 86' lang='lat' dir='ltr'><strong>cupiditati</strong></span> <span class='ocrx_word' id='word_1_47' title='bbox 564 471 620 490; x_wconf 90' lang='lat' dir='ltr'><strong>rem</strong></span> <span class='ocrx_word' id='word_1_48' title='bbox 653 463 771 498; x_wconf 78' lang='lat' dir='ltr'><strong>augendi</strong></span> <span class='ocrx_word' id='word_1_49' title='bbox 801 464 952 499; x_wconf 73' lang='lat' dir='ltr'><strong>indulgere,</strong></span> <span class='ocrx_word' id='word_1_50' title='bbox 980 468 1009 491; x_wconf 91' lang='lat' dir='ltr'><strong>ut</strong></span> 
     </span>
    </p>
   </div>
   <div class='ocr_carea' id='block_1_9' title="bbox 222 510 1009 545">
    <p class='ocr_par' dir='ltr' id='par_1_9' title="bbox 222 510 1009 545">
     <span class='ocr_line' id='line_1_9' title="bbox 222 510 1009 545; baseline 0.001 -9"><span class='ocrx_word' id='word_1_51' title='bbox 222 511 335 538; x_wconf 89' lang='lat' dir='ltr'><strong>ditiores</strong></span> <span class='ocrx_word' id='word_1_52' title='bbox 351 519 383 537; x_wconf 85' lang='lat' dir='ltr'><strong>ex</strong></span> <span class='ocrx_word' id='word_1_53' title='bbox 403 518 463 538; x_wconf 90' lang='lat' dir='ltr'><strong>sese</strong></span> <span class='ocrx_word' id='word_1_54' title='bbox 485 514 565 538; x_wconf 86' lang='lat' dir='ltr'><strong>natos</strong></span> <span class='ocrx_word' id='word_1_55' title='bbox 591 510 716 541; x_wconf 81' lang='lat' dir='ltr'><strong>reddant,</strong></span> <span class='ocrx_word' id='word_1_56' title='bbox 748 519 864 545; x_wconf 91' lang='lat' dir='ltr'><strong>quorum</strong></span> <span class='ocrx_word' id='word_1_57' title='bbox 884 511 1009 538; x_wconf 88' lang='lat' dir='ltr'><strong>morbtnn</strong></span> 
     </span>
    </p>
   </div>
   <div class='ocr_carea' id='block_1_10' title="bbox 222 557 1011 592">
    <p class='ocr_par' dir='ltr' id='par_1_10' title="bbox 222 557 1011 592">
     <span class='ocr_line' id='line_1_10' title="bbox 222 557 1011 592; baseline 0.001 -9"><span class='ocrx_word' id='word_1_58' title='bbox 222 558 362 592; x_wconf 89' lang='lat' dir='ltr'><strong>proprium</strong></span> <span class='ocrx_word' id='word_1_59' title='bbox 375 565 446 589; x_wconf 77' lang='lat' dir='ltr'><strong>esse,</strong></span> <span class='ocrx_word' id='word_1_60' title='bbox 463 563 489 585; x_wconf 86' lang='lat' dir='ltr'><strong>et</strong></span> <span class='ocrx_word' id='word_1_61' title='bbox 500 565 533 584; x_wconf 79' lang='lat' dir='ltr'><strong>e.\&#39;</strong></span> <span class='ocrx_word' id='word_1_62' title='bbox 551 557 718 584; x_wconf 88' lang='lat' dir='ltr'><strong>necessitate</strong></span> <span class='ocrx_word' id='word_1_63' title='bbox 731 565 784 584; x_wconf 89' lang='lat' dir='ltr'><strong>non</strong></span> <span class='ocrx_word' id='word_1_64' title='bbox 799 557 905 584; x_wconf 79' lang='lat' dir='ltr'><strong>innasci</strong></span> <span class='ocrx_word' id='word_1_65' title='bbox 921 558 1011 592; x_wconf 81' lang='lat' dir='ltr'><strong>arguit</strong></span> 
     </span>
    </p>
   </div>
   <div class='ocr_carea' id='block_1_11' title="bbox 223 604 1008 638">
    <p class='ocr_par' dir='ltr' id='par_1_11' title="bbox 223 604 1008 638">
     <span class='ocr_line' id='line_1_11' title="bbox 223 604 1008 638; baseline 0 -8"><span class='ocrx_word' id='word_1_66' title='bbox 223 604 421 631; x_wconf 76' lang='lat' dir='ltr'><strong>inexcusabilis</strong></span> <span class='ocrx_word' id='word_1_67' title='bbox 451 604 567 630; x_wconf 76' lang='lat' dir='ltr'><strong>avaritia</strong></span> <span class='ocrx_word' id='word_1_68' title='bbox 595 612 690 631; x_wconf 91' lang='lat' dir='ltr'><strong>eorutn</strong></span> <span class='ocrx_word' id='word_1_69' title='bbox 716 605 761 638; x_wconf 90' lang='lat' dir='ltr'><strong>qui</strong></span> <span class='ocrx_word' id='word_1_70' title='bbox 786 604 880 631; x_wconf 88' lang='lat' dir='ltr'><strong>liberis</strong></span> <span class='ocrx_word' id='word_1_71' title='bbox 904 608 1008 631; x_wconf 85' lang='lat' dir='ltr'><strong>carent.</strong></span> 
     </span>
    </p>
   </div>
   <div class='ocr_carea' id='block_1_12' title="bbox 223 651 1012 678">
    <p class='ocr_par' dir='ltr' id='par_1_12' title="bbox 223 651 1012 678">
     <span class='ocr_line' id='line_1_12' title="bbox 223 651 1012 678; baseline -0.001 -1"><span class='ocrx_word' id='word_1_72' title='bbox 223 651 297 677; x_wconf 83' lang='lat' dir='ltr'><strong>Multi</strong></span> <span class='ocrx_word' id='word_1_73' title='bbox 321 652 392 678; x_wconf 88' lang='lat' dir='ltr'><strong>enim</strong></span> <span class='ocrx_word' id='word_1_74' title='bbox 420 659 482 678; x_wconf 90' lang='lat' dir='ltr'><strong>cum</strong></span> <span class='ocrx_word' id='word_1_75' title='bbox 512 658 562 678; x_wconf 86' lang='lat' dir='ltr'><strong>nec</strong></span> <span class='ocrx_word' id='word_1_76' title='bbox 597 651 714 677; x_wconf 79' lang='lat' dir='ltr'><strong>habeant</strong></span> <span class='ocrx_word' id='word_1_77' title='bbox 743 651 890 677; x_wconf 89' lang='lat' dir='ltr'><strong>multorum</strong></span> <span class='ocrx_word' id='word_1_78' title='bbox 918 651 1012 677; x_wconf 71' lang='lat' dir='ltr'><strong>labore</strong></span> 
     </span>
    </p>
   </div>
   <div class='ocr_carea' id='block_1_13' title="bbox 222 696 1012 731">
    <p class='ocr_par' dir='ltr' id='par_1_13' title="bbox 222 696 1012 731">
     <span class='ocr_line' id='line_1_13' title="bbox 222 696 1012 731; baseline 0.001 -9"><span class='ocrx_word' id='word_1_79' title='bbox 222 702 361 730; x_wconf 88' lang='lat' dir='ltr'><strong>partorum</strong></span> <span class='ocrx_word' id='word_1_80' title='bbox 387 697 520 724; x_wconf 89' lang='lat' dir='ltr'><strong>bonorum</strong></span> <span class='ocrx_word' id='word_1_81' title='bbox 557 705 753 726; x_wconf 83' lang='lat' dir='ltr'><strong>successores,</strong></span> <span class='ocrx_word' id='word_1_82' title='bbox 787 705 836 723; x_wconf 72' lang='lat' dir='ltr'><strong>nec</strong></span> <span class='ocrx_word' id='word_1_83' title='bbox 863 696 1012 731; x_wconf 83' lang='lat' dir='ltr'><strong>aliquando</strong></span> 
     </span>
    </p>
   </div>
   <div class='ocr_carea' id='block_1_14' title="bbox 223 742 1010 777">
    <p class='ocr_par' dir='ltr' id='par_1_14' title="bbox 223 742 1010 777">
     <span class='ocr_line' id='line_1_14' title="bbox 223 742 1010 777; baseline 0.001 -9"><span class='ocrx_word' id='word_1_84' title='bbox 223 742 363 770; x_wconf 87' lang='lat' dir='ltr'><strong>habituros</strong></span> <span class='ocrx_word' id='word_1_85' title='bbox 376 751 438 770; x_wconf 87' lang='lat' dir='ltr'><strong>esse</strong></span> <span class='ocrx_word' id='word_1_86' title='bbox 455 751 484 769; x_wconf 87' lang='lat' dir='ltr'><strong>se</strong></span> <span class='ocrx_word' id='word_1_87' title='bbox 499 747 622 777; x_wconf 78' lang='lat' dir='ltr'><strong>sperent,</strong></span> <span class='ocrx_word' id='word_1_88' title='bbox 637 751 686 777; x_wconf 89' lang='lat' dir='ltr'><strong>pro</strong></span> <span class='ocrx_word' id='word_1_89' title='bbox 703 743 817 769; x_wconf 88' lang='lat' dir='ltr'><strong>inlinitis</strong></span> <span class='ocrx_word' id='word_1_90' title='bbox 832 743 927 769; x_wconf 88' lang='lat' dir='ltr'><strong>liberis</strong></span> <span class='ocrx_word' id='word_1_91' title='bbox 942 743 1010 769; x_wconf 68' lang='lat' dir='ltr'><strong>mnl»</strong></span> 
     </span>
    </p>
   </div>
   <div class='ocr_carea' id='block_1_15' title="bbox 221 789 1010 824">
    <p class='ocr_par' dir='ltr' id='par_1_15' title="bbox 221 789 1010 824">
     <span class='ocr_line' id='line_1_15' title="bbox 221 789 1010 824; baseline 0.001 -10"><span class='ocrx_word' id='word_1_92' title='bbox 221 794 264 816; x_wconf 89' lang='lat' dir='ltr'><strong>tas</strong></span> <span class='ocrx_word' id='word_1_93' title='bbox 285 790 354 815; x_wconf 86' lang='lat' dir='ltr'><strong>intra</strong></span> <span class='ocrx_word' id='word_1_94' title='bbox 379 797 439 816; x_wconf 85' lang='lat' dir='ltr'><strong>sese</strong></span> <span class='ocrx_word' id='word_1_95' title='bbox 455 790 620 824; x_wconf 72' lang='lat' dir='ltr'><strong>cupiditates</strong></span> <span class='ocrx_word' id='word_1_96' title='bbox 640 790 727 820; x_wconf 83' lang='lat' dir='ltr'><strong>alunt,</strong></span> <span class='ocrx_word' id='word_1_97' title='bbox 750 797 803 815; x_wconf 91' lang='lat' dir='ltr'><strong>non</strong></span> <span class='ocrx_word' id='word_1_98' title='bbox 829 789 960 816; x_wconf 86' lang='lat' dir='ltr'><strong>habentes</strong></span> <span class='ocrx_word' id='word_1_99' title='bbox 983 789 1010 815; x_wconf 93' lang='lat' dir='ltr'><strong>in</strong></span> 
     </span>
    </p>
   </div>
   <div class='ocr_carea' id='block_1_16' title="bbox 222 834 1011 869">
    <p class='ocr_par' dir='ltr' id='par_1_16' title="bbox 222 834 1011 869">
     <span class='ocr_line' id='line_1_16' title="bbox 222 834 1011 869; baseline -0.001 -8"><span class='ocrx_word' id='word_1_100' title='bbox 222 842 292 869; x_wconf 87' lang='lat' dir='ltr'><strong>quos</strong></span> <span class='ocrx_word' id='word_1_101' title='bbox 304 835 449 861; x_wconf 77' lang='lat' dir='ltr'><strong>conferant</strong></span> <span class='ocrx_word' id='word_1_102' title='bbox 466 835 548 869; x_wconf 90' lang='lat' dir='ltr'><strong>hujus</strong></span> <span class='ocrx_word' id='word_1_103' title='bbox 564 835 650 862; x_wconf 86' lang='lat' dir='ltr'><strong>morbi</strong></span> <span class='ocrx_word' id='word_1_104' title='bbox 667 836 870 862; x_wconf 75' lang='lat' dir='ltr'><strong>necessitatem.</strong></span> <span class='ocrx_word' id='word_1_105' title='bbox 891 834 969 867; x_wconf 83' lang='lat' dir='ltr'><strong>Quod</strong></span> <span class='ocrx_word' id='word_1_106' title='bbox 989 834 1011 861; x_wconf 91' lang='lat' dir='ltr'><strong>si</strong></span> 
     </span>
    </p>
   </div>
   <div class='ocr_carea' id='block_1_17' title="bbox 222 880 1013 915">
    <p class='ocr_par' dir='ltr' id='par_1_17' title="bbox 222 880 1013 915">
     <span class='ocr_line' id='line_1_17' title="bbox 222 880 1013 915; baseline -0.001 -9"><span class='ocrx_word' id='word_1_107' title='bbox 222 881 267 914; x_wconf 88' lang='lat' dir='ltr'><strong>qui</strong></span> <span class='ocrx_word' id='word_1_108' title='bbox 285 881 353 908; x_wconf 90' lang='lat' dir='ltr'><strong>male</strong></span> <span class='ocrx_word' id='word_1_109' title='bbox 365 882 391 907; x_wconf 93' lang='lat' dir='ltr'><strong>in</strong></span> <span class='ocrx_word' id='word_1_110' title='bbox 407 882 460 907; x_wconf 86' lang='lat' dir='ltr'><strong>vita</strong></span> <span class='ocrx_word' id='word_1_111' title='bbox 472 887 628 911; x_wconf 82' lang='lat' dir='ltr'><strong>versantur.</strong></span> <span class='ocrx_word' id='word_1_112' title='bbox 645 889 676 907; x_wconf 78' lang='lat' dir='ltr'><strong>ac</strong></span> <span class='ocrx_word' id='word_1_113' title='bbox 691 881 781 907; x_wconf 75' lang='lat' dir='ltr'><strong>dedita</strong></span> <span class='ocrx_word' id='word_1_114' title='bbox 808 889 890 915; x_wconf 79' lang='lat' dir='ltr'><strong>opera</strong></span> <span class='ocrx_word' id='word_1_115' title='bbox 907 880 1013 907; x_wconf 84' lang='lat' dir='ltr'><strong>consul-</strong></span> 
     </span>
    </p>
   </div>
   <div class='ocr_carea' id='block_1_18' title="bbox 221 926 1013 962">
    <p class='ocr_par' dir='ltr' id='par_1_18' title="bbox 221 926 1013 962">
     <span class='ocr_line' id='line_1_18' title="bbox 221 926 1013 962; baseline 0 -10"><span class='ocrx_word' id='word_1_116' title='bbox 221 930 304 960; x_wconf 87' lang='lat' dir='ltr'><strong>toque</strong></span> <span class='ocrx_word' id='word_1_117' title='bbox 320 927 455 959; x_wconf 76' lang='lat' dir='ltr'><strong>crudeles,</strong></span> <span class='ocrx_word' id='word_1_118' title='bbox 472 933 565 953; x_wconf 74' lang='lat' dir='ltr'><strong>truces</strong></span> <span class='ocrx_word' id='word_1_119' title='bbox 582 931 663 961; x_wconf 86' lang='lat' dir='ltr'><strong>atque</strong></span> <span class='ocrx_word' id='word_1_120' title='bbox 681 927 816 962; x_wconf 71' lang='lat' dir='ltr'><strong>tyrannici</strong></span> <span class='ocrx_word' id='word_1_121' title='bbox 836 931 909 955; x_wconf 85' lang='lat' dir='ltr'><strong>sunt.</strong></span> <span class='ocrx_word' id='word_1_122' title='bbox 928 926 1013 953; x_wconf 89' lang='lat' dir='ltr'><strong>omni-</strong></span> 
     </span>
    </p>
   </div>
   <div class='ocr_carea' id='block_1_19' title="bbox 1072 124 1860 153">
    <p class='ocr_par' dir='ltr' id='par_1_19' title="bbox 1072 124 1860 153">
     <span class='ocr_line' id='line_1_19' title="bbox 1072 124 1860 153; baseline -0.001 -1"><span class='ocrx_word' id='word_1_123' title='bbox 1072 125 1218 153; x_wconf 72' lang='lat' dir='ltr'><strong>NYSSENI</strong></span> <span class='ocrx_word' id='word_1_124' title='bbox 1806 124 1860 152; x_wconf 73' lang='grc'><strong>188</strong></span> 
     </span>
    </p>
   </div>
   <div class='ocr_carea' id='block_1_20' title="bbox 1061 185 1858 223">
    <p class='ocr_par' dir='ltr' id='par_1_20' title="bbox 1061 185 1858 223">
     <span class='ocr_line' id='line_1_20' title="bbox 1061 185 1858 223; baseline -0.003 -9"><span class='ocrx_word' id='word_1_125' title='bbox 1061 197 1112 222; x_wconf 87' lang='grc' dir='ltr'><strong>κην</strong></span> <span class='ocrx_word' id='word_1_126' title='bbox 1124 189 1171 223; x_wconf 82' lang='grc' dir='ltr'><strong>τῆς</strong></span> <span class='ocrx_word' id='word_1_127' title='bbox 1182 187 1336 223; x_wconf 65' lang='grc' dir='ltr'>ἀρρωστίας</span> <span class='ocrx_word' id='word_1_128' title='bbox 1347 186 1448 221; x_wconf 70' lang='grc' dir='ltr'>ταὺτης</span> <span class='ocrx_word' id='word_1_129' title='bbox 1459 186 1687 221; x_wconf 81' lang='grc' dir='ltr'>επανενέγκωσιν.</span> <span class='ocrx_word' id='word_1_130' title='bbox 1702 186 1735 212; x_wconf 84' lang='lat' dir='ltr'><strong>El</strong></span> <span class='ocrx_word' id='word_1_131' title='bbox 1746 185 1775 212; x_wconf 82' lang='grc' dir='ltr'>δέ</span> <span class='ocrx_word' id='word_1_132' title='bbox 1784 194 1858 218; x_wconf 79' lang='grc' dir='ltr'>τινες</span> 
     </span>
    </p>
   </div>
   <div class='ocr_carea' id='block_1_21' title="bbox 1061 232 1857 269">
    <p class='ocr_par' dir='ltr' id='par_1_21' title="bbox 1061 232 1857 269">
     <span class='ocr_line' id='line_1_21' title="bbox 1061 232 1857 269; baseline -0.004 -8"><span class='ocrx_word' id='word_1_133' title='bbox 1061 234 1153 265; x_wconf 81' lang='grc' dir='ltr'>κακῶς</span> <span class='ocrx_word' id='word_1_134' title='bbox 1176 233 1370 269; x_wconf 75' lang='grc' dir='ltr'>ἐπιδημοῦντες</span> <span class='ocrx_word' id='word_1_135' title='bbox 1385 233 1424 268; x_wconf 81' lang='grc' dir='ltr'>τῷ</span> <span class='ocrx_word' id='word_1_136' title='bbox 1437 232 1496 268; x_wconf 75' lang='grc' dir='ltr'><strong>βίῳ,</strong></span> <span class='ocrx_word' id='word_1_137' title='bbox 1528 232 1682 268; x_wconf 79' lang='grc' dir='ltr'>τυραννικοί</span> <span class='ocrx_word' id='word_1_138' title='bbox 1704 241 1735 258; x_wconf 85' lang='grc' dir='ltr'><strong>τε</strong></span> <span class='ocrx_word' id='word_1_139' title='bbox 1750 232 1800 258; x_wconf 77' lang='grc' dir='ltr'>καὶ</span> <span class='ocrx_word' id='word_1_140' title='bbox 1813 240 1857 257; x_wconf 85' lang='grc' dir='ltr'>πι-</span> 
     </span>
    </p>
   </div>
   <div class='ocr_carea' id='block_1_22' title="bbox 1061 277 1858 315">
    <p class='ocr_par' dir='ltr' id='par_1_22' title="bbox 1061 277 1858 315">
     <span class='ocr_line' id='line_1_22' title="bbox 1061 277 1858 315; baseline -0.003 -10"><span class='ocrx_word' id='word_1_141' title='bbox 1061 280 1122 315; x_wconf 78' lang='grc' dir='ltr'>κροὶ</span> <span class='ocrx_word' id='word_1_142' title='bbox 1140 280 1189 314; x_wconf 78' lang='grc' dir='ltr'><strong>τὴν</strong></span> <span class='ocrx_word' id='word_1_143' title='bbox 1208 279 1376 315; x_wconf 69' lang='grc' dir='ltr'>προαίρεσιν,</span> <span class='ocrx_word' id='word_1_144' title='bbox 1394 279 1495 310; x_wconf 69' lang='grc' dir='ltr'>πάσαις</span> <span class='ocrx_word' id='word_1_145' title='bbox 1511 278 1670 310; x_wconf 76' lang='grc' dir='ltr'><strong>ἀκολασίαις</strong></span> <span class='ocrx_word' id='word_1_146' title='bbox 1684 277 1858 312; x_wconf 83' lang='grc' dir='ltr'>δεδουλωμέ-</span> 
     </span>
    </p>
   </div>
   <div class='ocr_carea' id='block_1_23' title="bbox 1061 316 1858 360">
    <p class='ocr_par' dir='ltr' id='par_1_23' title="bbox 1061 316 1858 360">
     <span class='ocr_line' id='line_1_23' title="bbox 1061 316 1858 360; baseline -0.005 -8"><span class='ocrx_word' id='word_1_147' title='bbox 1061 334 1112 355; x_wconf 78' lang='grc' dir='ltr'>νοι.</span> <span class='ocrx_word' id='word_1_148' title='bbox 1136 325 1214 360; x_wconf 84' lang='grc' dir='ltr'>ουμῷ</span> <span class='ocrx_word' id='word_1_149' title='bbox 1229 316 1419 360; x_wconf 68' lang='grc' dir='ltr'>παραπλῆγες,</span> <span class='ocrx_word' id='word_1_150' title='bbox 1446 325 1600 359; x_wconf 79' lang='grc' dir='ltr'><strong>φειδόμενοι</strong></span> <span class='ocrx_word' id='word_1_151' title='bbox 1621 324 1676 351; x_wconf 85' lang='grc' dir='ltr'><strong>τῶν</strong></span> <span class='ocrx_word' id='word_1_152' title='bbox 1696 323 1858 359; x_wconf 81' lang='grc' dir='ltr'><strong>ἀνηκέστων</strong></span> 
     </span>
    </p>
   </div>
   <div class='ocr_carea' id='block_1_24' title="bbox 1061 368 1858 406">
    <p class='ocr_par' dir='ltr' id='par_1_24' title="bbox 1061 368 1858 406">
     <span class='ocr_line' id='line_1_24' title="bbox 1061 368 1858 406; baseline -0.004 -9"><span class='ocrx_word' id='word_1_153' title='bbox 1061 371 1154 398; x_wconf 81' lang='grc' dir='ltr'><strong>κακῶν</strong></span> <span class='ocrx_word' id='word_1_154' title='bbox 1169 371 1284 402; x_wconf 82' lang='grc' dir='ltr'>οὐδενὸς,</span> <span class='ocrx_word' id='word_1_155' title='bbox 1293 371 1390 406; x_wconf 74' lang='grc' dir='ltr'>λῃσταὶ</span> <span class='ocrx_word' id='word_1_156' title='bbox 1405 371 1451 397; x_wconf 74' lang='grc' dir='ltr'>καὶ</span> <span class='ocrx_word' id='word_1_157' title='bbox 1467 370 1635 405; x_wconf 81' lang='grc' dir='ltr'>ἀνδροφόνοι,</span> <span class='ocrx_word' id='word_1_158' title='bbox 1651 369 1699 396; x_wconf 60' lang='grc' dir='ltr'><strong>καὶ</strong></span> <span class='ocrx_word' id='word_1_159' title='bbox 1716 368 1858 404; x_wconf 78' lang='grc' dir='ltr'><strong>πατρίδων</strong></span> 
     </span>
    </p>
   </div>
   <div class='ocr_carea' id='block_1_25' title="bbox 1062 413 1858 452">
    <p class='ocr_par' dir='ltr' id='par_1_25' title="bbox 1062 413 1858 452">
     <span class='ocr_line' id='line_1_25' title="bbox 1062 413 1858 452; baseline -0.005 -9"><span class='ocrx_word' id='word_1_160' title='bbox 1062 417 1203 452; x_wconf 80' lang='grc' dir='ltr'><strong>προδόται,</strong></span> <span class='ocrx_word' id='word_1_161' title='bbox 1231 417 1246 452; x_wconf 84' lang='grc' dir='ltr'>ἢ</span> <span class='ocrx_word' id='word_1_162' title='bbox 1267 416 1293 442; x_wconf 75' lang='grc' dir='ltr'><strong>εἴ</strong></span> <span class='ocrx_word' id='word_1_163' title='bbox 1308 425 1334 442; x_wconf 92' lang='grc' dir='ltr'><strong>τι</strong></span> <span class='ocrx_word' id='word_1_164' title='bbox 1349 416 1451 442; x_wconf 81' lang='grc' dir='ltr'>τούτων</span> <span class='ocrx_word' id='word_1_165' title='bbox 1480 416 1553 442; x_wconf 74' lang='grc' dir='ltr'>ἐστὶν</span> <span class='ocrx_word' id='word_1_166' title='bbox 1579 415 1758 451; x_wconf 80' lang='grc' dir='ltr'>ὲναγέστερον</span> <span class='ocrx_word' id='word_1_167' title='bbox 1781 413 1858 449; x_wconf 77' lang='grc' dir='ltr'>(οἷον</span> 
     </span>
    </p>
   </div>
   <div class='ocr_carea' id='block_1_26' title="bbox 1063 461 1857 499">
    <p class='ocr_par' dir='ltr' id='par_1_26' title="bbox 1063 461 1857 499">
     <span class='ocr_line' id='line_1_26' title="bbox 1063 461 1857 499; baseline -0.004 -9"><span class='ocrx_word' id='word_1_168' title='bbox 1063 463 1226 499; x_wconf 71' lang='grc' dir='ltr'>πατροφόνοι</span> <span class='ocrx_word' id='word_1_169' title='bbox 1239 472 1267 489; x_wconf 83' lang='grc' dir='ltr'><strong>τε</strong></span> <span class='ocrx_word' id='word_1_170' title='bbox 1281 463 1328 489; x_wconf 73' lang='grc' dir='ltr'>καὶ</span> <span class='ocrx_word' id='word_1_171' title='bbox 1354 462 1518 498; x_wconf 83' lang='grc' dir='ltr'>μητρολῷαι,</span> <span class='ocrx_word' id='word_1_172' title='bbox 1543 462 1590 489; x_wconf 74' lang='grc' dir='ltr'>καὶ</span> <span class='ocrx_word' id='word_1_173' title='bbox 1609 461 1796 491; x_wconf 85' lang='grc' dir='ltr'>παιδοκτόνοι,</span> <span class='ocrx_word' id='word_1_174' title='bbox 1811 462 1857 488; x_wconf 71' lang='grc' dir='ltr'>καὶ</span> 
     </span>
    </p>
   </div>
   <div class='ocr_carea' id='block_1_27' title="bbox 1061 506 1857 545">
    <p class='ocr_par' dir='ltr' id='par_1_27' title="bbox 1061 506 1857 545">
     <span class='ocr_line' id='line_1_27' title="bbox 1061 506 1857 545; baseline -0.005 -9"><span class='ocrx_word' id='word_1_175' title='bbox 1061 511 1120 541; x_wconf 74' lang='grc' dir='ltr'>ταῖς</span> <span class='ocrx_word' id='word_1_176' title='bbox 1143 509 1311 545; x_wconf 75' lang='grc' dir='ltr'>παρανόμοις</span> <span class='ocrx_word' id='word_1_177' title='bbox 1329 509 1433 543; x_wconf 78' lang='grc' dir='ltr'>μίξεσιν</span> <span class='ocrx_word' id='word_1_178' title='bbox 1450 507 1657 539; x_wconf 79' lang='grc' dir='ltr'>ἐπιλυσσῶντες)</span> <span class='ocrx_word' id='word_1_179' title='bbox 1669 529 1676 539; x_wconf 84' lang='grc'>,</span> <span class='ocrx_word' id='word_1_180' title='bbox 1702 507 1727 534; x_wconf 81' lang='grc' dir='ltr'><strong>οἱ</strong></span> <span class='ocrx_word' id='word_1_181' title='bbox 1741 506 1857 533; x_wconf 81' lang='grc' dir='ltr'>τοιοῦτοί</span> 
     </span>
    </p>
   </div>
   <div class='ocr_carea' id='block_1_28' title="bbox 1062 553 1856 590">
    <p class='ocr_par' dir='ltr' id='par_1_28' title="bbox 1062 553 1856 590">
     <span class='ocr_line' id='line_1_28' title="bbox 1062 553 1856 590; baseline -0.004 -8"><span class='ocrx_word' id='word_1_182' title='bbox 1062 565 1133 587; x_wconf 84' lang='grc' dir='ltr'>τινες</span> <span class='ocrx_word' id='word_1_183' title='bbox 1155 556 1240 587; x_wconf 77' lang='grc' dir='ltr'>ὄντες,</span> <span class='ocrx_word' id='word_1_184' title='bbox 1262 556 1290 581; x_wconf 86' lang='grc' dir='ltr'>ὲν</span> <span class='ocrx_word' id='word_1_185' title='bbox 1316 557 1347 590; x_wconf 83' lang='grc' dir='ltr'>τῇ</span> <span class='ocrx_word' id='word_1_186' title='bbox 1372 554 1455 589; x_wconf 74' lang='grc' dir='ltr'>κακίᾳ</span> <span class='ocrx_word' id='word_1_187' title='bbox 1470 555 1555 590; x_wconf 85' lang='grc' dir='ltr'>ταύτῃ</span> <span class='ocrx_word' id='word_1_188' title='bbox 1573 554 1774 588; x_wconf 75' lang='grc' dir='ltr'><strong>γηράσκουσιν·</strong></span> <span class='ocrx_word' id='word_1_189' title='bbox 1799 553 1856 584; x_wconf 75' lang='grc' dir='ltr'><strong>πῶς</strong></span> 
     </span>
    </p>
   </div>
   <div class='ocr_carea' id='block_1_29' title="bbox 1062 600 1856 637">
    <p class='ocr_par' dir='ltr' id='par_1_29' title="bbox 1062 600 1856 637">
     <span class='ocr_line' id='line_1_29' title="bbox 1062 600 1856 637; baseline -0.003 -9"><span class='ocrx_word' id='word_1_190' title='bbox 1062 602 1120 637; x_wconf 79' lang='grc' dir='ltr'>ἐρεῖ</span> <span class='ocrx_word' id='word_1_191' title='bbox 1134 611 1175 632; x_wconf 81' lang='grc' dir='ltr'><strong>τις</strong></span> <span class='ocrx_word' id='word_1_192' title='bbox 1195 601 1351 636; x_wconf 76' lang='grc' dir='ltr'>συμόαίνειν</span> <span class='ocrx_word' id='word_1_193' title='bbox 1369 601 1454 627; x_wconf 81' lang='grc' dir='ltr'>ταῦτα</span> <span class='ocrx_word' id='word_1_194' title='bbox 1468 602 1524 632; x_wconf 87' lang='grc' dir='ltr'>τοῖς</span> <span class='ocrx_word' id='word_1_195' title='bbox 1535 600 1804 636; x_wconf 74' lang='grc' dir='ltr'>προεξητασμένοιςς</span> <span class='ocrx_word' id='word_1_196' title='bbox 1825 600 1856 626; x_wconf 86' lang='grc' dir='ltr'>Εί</span> 
     </span>
    </p>
   </div>
   <div class='ocr_carea' id='block_1_30' title="bbox 1062 646 1854 684">
    <p class='ocr_par' dir='ltr' id='par_1_30' title="bbox 1062 646 1854 684">
     <span class='ocr_line' id='line_1_30' title="bbox 1062 646 1854 684; baseline -0.003 -10"><span class='ocrx_word' id='word_1_197' title='bbox 1062 649 1116 684; x_wconf 83' lang='grc' dir='ltr'>γὰρ</span> <span class='ocrx_word' id='word_1_198' title='bbox 1134 649 1164 674; x_wconf 79' lang='grc' dir='ltr'>τὸ</span> <span class='ocrx_word' id='word_1_199' title='bbox 1192 648 1243 684; x_wconf 74' lang='grc' dir='ltr'><strong>πρδ</strong></span> <span class='ocrx_word' id='word_1_200' title='bbox 1265 648 1337 683; x_wconf 82' lang='grc' dir='ltr'>ὥρας</span> <span class='ocrx_word' id='word_1_201' title='bbox 1355 647 1538 682; x_wconf 77' lang='grc' dir='ltr'>ἀνάρπαστον,</span> <span class='ocrx_word' id='word_1_202' title='bbox 1562 647 1600 677; x_wconf 88' lang='grc' dir='ltr'>ὼς</span> <span class='ocrx_word' id='word_1_203' title='bbox 1618 647 1651 673; x_wconf 88' lang='grc' dir='ltr'><strong>ἂν</strong></span> <span class='ocrx_word' id='word_1_204' title='bbox 1672 647 1708 682; x_wconf 79' lang='grc' dir='ltr'>μὴ</span> <span class='ocrx_word' id='word_1_205' title='bbox 1724 647 1764 677; x_wconf 86' lang='grc' dir='ltr'><strong>είς</strong></span> <span class='ocrx_word' id='word_1_206' title='bbox 1780 646 1854 677; x_wconf 79' lang='grc' dir='ltr'>τέλος</span> 
     </span>
    </p>
   </div>
   <div class='ocr_carea' id='block_1_31' title="bbox 1063 693 1854 728">
    <p class='ocr_par' dir='ltr' id='par_1_31' title="bbox 1063 693 1854 728">
     <span class='ocr_line' id='line_1_31' title="bbox 1063 693 1854 728; baseline -0.004 -8"><span class='ocrx_word' id='word_1_207' title='bbox 1063 694 1133 721; x_wconf 80' lang='grc' dir='ltr'>κατὰ</span> <span class='ocrx_word' id='word_1_208' title='bbox 1153 694 1183 720; x_wconf 75' lang='grc' dir='ltr'>τὸ</span> <span class='ocrx_word' id='word_1_209' title='bbox 1196 694 1346 728; x_wconf 79' lang='grc' dir='ltr'>ὑπόδειγμα</span> <span class='ocrx_word' id='word_1_210' title='bbox 1362 693 1408 720; x_wconf 73' lang='grc' dir='ltr'>τοῦ</span> <span class='ocrx_word' id='word_1_211' title='bbox 1429 693 1580 728; x_wconf 79' lang='grc' dir='ltr'><strong>συμποσίου</strong></span> <span class='ocrx_word' id='word_1_212' title='bbox 1602 694 1659 725; x_wconf 86' lang='grc' dir='ltr'>τοῖς</span> <span class='ocrx_word' id='word_1_213' title='bbox 1681 693 1781 718; x_wconf 74' lang='grc' dir='ltr'>πάθεσι</span> <span class='ocrx_word' id='word_1_214' title='bbox 1807 693 1854 726; x_wconf 82' lang='grc' dir='ltr'><strong>τῆς</strong></span> 
     </span>
    </p>
   </div>
   <div class='ocr_carea' id='block_1_32' title="bbox 1063 737 1855 775">
    <p class='ocr_par' dir='ltr' id='par_1_32' title="bbox 1063 737 1855 775">
     <span class='ocr_line' id='line_1_32' title="bbox 1063 737 1855 775; baseline -0.005 -8"><span class='ocrx_word' id='word_1_215' title='bbox 1063 741 1135 775; x_wconf 79' lang='grc' dir='ltr'>ζωῆς</span> <span class='ocrx_word' id='word_1_216' title='bbox 1161 741 1262 775; x_wconf 79' lang='grc' dir='ltr'>ταύτης</span> <span class='ocrx_word' id='word_1_217' title='bbox 1280 740 1539 775; x_wconf 84' lang='grc' dir='ltr'>ὲλλαιμαργήσειεν,</span> <span class='ocrx_word' id='word_1_218' title='bbox 1566 738 1753 774; x_wconf 82' lang='grc' dir='ltr'>προνοητικῶς</span> <span class='ocrx_word' id='word_1_219' title='bbox 1775 737 1855 770; x_wconf 78' lang='grc' dir='ltr'>ὑπεξ-</span> 
     </span>
    </p>
   </div>
   <div class='ocr_carea' id='block_1_33' title="bbox 1063 785 1855 821">
    <p class='ocr_par' dir='ltr' id='par_1_33' title="bbox 1063 785 1855 821">
     <span class='ocr_line' id='line_1_33' title="bbox 1063 785 1855 821; baseline -0.004 -8"><span class='ocrx_word' id='word_1_220' title='bbox 1063 789 1157 821; x_wconf 85' lang='grc' dir='ltr'>ἁγεται</span> <span class='ocrx_word' id='word_1_221' title='bbox 1173 787 1219 813; x_wconf 80' lang='grc' dir='ltr'><strong>τοῦ</strong></span> <span class='ocrx_word' id='word_1_222' title='bbox 1239 786 1368 821; x_wconf 77' lang='grc' dir='ltr'>βιωτικοῦ</span> <span class='ocrx_word' id='word_1_223' title='bbox 1385 786 1536 821; x_wconf 73' lang='grc' dir='ltr'>συμποσίου</span> <span class='ocrx_word' id='word_1_224' title='bbox 1551 793 1557 799; x_wconf 81' lang='lat'>&#39;</span> <span class='ocrx_word' id='word_1_225' title='bbox 1582 785 1653 817; x_wconf 83' lang='grc' dir='ltr'>τίνος</span> <span class='ocrx_word' id='word_1_226' title='bbox 1671 785 1752 820; x_wconf 85' lang='grc' dir='ltr'>χάριν</span> <span class='ocrx_word' id='word_1_227' title='bbox 1774 786 1788 811; x_wconf 83' lang='grc' dir='ltr'>ὁ</span> <span class='ocrx_word' id='word_1_228' title='bbox 1802 793 1855 810; x_wconf 52' lang='grc' dir='ltr'>τοι.</span> 
     </span>
    </p>
   </div>
   <div class='ocr_carea' id='block_1_34' title="bbox 1065 831 1855 869">
    <p class='ocr_par' dir='ltr' id='par_1_34' title="bbox 1065 831 1855 869">
     <span class='ocr_line' id='line_1_34' title="bbox 1065 831 1855 869; baseline -0.003 -10"><span class='ocrx_word' id='word_1_229' title='bbox 1065 833 1142 864; x_wconf 74' lang='grc' dir='ltr'>οὗτος</span> <span class='ocrx_word' id='word_1_230' title='bbox 1162 834 1242 869; x_wconf 79' lang='grc' dir='ltr'>μέχρι</span> <span class='ocrx_word' id='word_1_231' title='bbox 1264 833 1358 868; x_wconf 80' lang='grc' dir='ltr'>γήρως</span> <span class='ocrx_word' id='word_1_232' title='bbox 1372 833 1534 868; x_wconf 76' lang='grc' dir='ltr'>ἐμπαροινΞί</span> <span class='ocrx_word' id='word_1_233' title='bbox 1548 831 1587 867; x_wconf 82' lang='grc' dir='ltr'>τῷ</span> <span class='ocrx_word' id='word_1_234' title='bbox 1604 832 1758 866; x_wconf 81' lang='grc' dir='ltr'>συμποσίῳ,</span> <span class='ocrx_word' id='word_1_235' title='bbox 1777 839 1855 865; x_wconf 79' lang='grc' dir='ltr'>πονη-</span> 
     </span>
    </p>
   </div>
   <div class='ocr_carea' id='block_1_35' title="bbox 1068 877 1855 916">
    <p class='ocr_par' dir='ltr' id='par_1_35' title="bbox 1068 877 1855 916">
     <span class='ocr_line' id='line_1_35' title="bbox 1068 877 1855 916; baseline -0.003 -10"><span class='ocrx_word' id='word_1_236' title='bbox 1068 880 1116 916; x_wconf 79' lang='grc' dir='ltr'><strong>ρὰν</strong></span> <span class='ocrx_word' id='word_1_237' title='bbox 1138 879 1226 914; x_wconf 82' lang='grc' dir='ltr'>ἑαυτῷ</span> <span class='ocrx_word' id='word_1_238' title='bbox 1248 888 1278 905; x_wconf 85' lang='grc' dir='ltr'><strong>τε</strong></span> <span class='ocrx_word' id='word_1_239' title='bbox 1303 879 1350 905; x_wconf 68' lang='grc' dir='ltr'><strong>καὶ</strong></span> <span class='ocrx_word' id='word_1_240' title='bbox 1371 881 1428 910; x_wconf 84' lang='grc' dir='ltr'>τοῖς</span> <span class='ocrx_word' id='word_1_241' title='bbox 1447 879 1598 914; x_wconf 78' lang='grc' dir='ltr'>συμπόταις</span> <span class='ocrx_word' id='word_1_242' title='bbox 1623 879 1672 905; x_wconf 57' lang='grc' dir='ltr'>τὴν</span> <span class='ocrx_word' id='word_1_243' title='bbox 1691 878 1745 904; x_wconf 86' lang='grc' dir='ltr'><strong>τῶν</strong></span> <span class='ocrx_word' id='word_1_244' title='bbox 1763 877 1855 904; x_wconf 83' lang='grc' dir='ltr'>κακῶν</span> 
     </span>
    </p>
   </div>
   <div class='ocr_carea' id='block_1_36' title="bbox 1067 925 1465 960">
    <p class='ocr_par' dir='ltr' id='par_1_36' title="bbox 1067 925 1465 960">
     <span class='ocr_line' id='line_1_36' title="bbox 1067 925 1465 960; baseline -0.003 -9"><span class='ocrx_word' id='word_1_245' title='bbox 1067 925 1251 960; x_wconf 78' lang='grc' dir='ltr'>ἑωλοκρασίαν</span> <span class='ocrx_word' id='word_1_246' title='bbox 1264 925 1465 956; x_wconf 79' lang='grc' dir='ltr'>ὲπισκεδάζων;</span> 
     </span>
    </p>
   </div>
   <div class='ocr_carea' id='block_1_37' title="bbox 221 970 1854 1007">
    <p class='ocr_par' dir='ltr' id='par_1_37' title="bbox 221 970 1854 1007">
     <span class='ocr_line' id='line_1_37' title="bbox 221 970 1854 1007; baseline -0.002 -8"><span class='ocrx_word' id='word_1_247' title='bbox 221 973 273 1000; x_wconf 83' lang='lat' dir='ltr'><strong>bus</strong></span> <span class='ocrx_word' id='word_1_248' title='bbox 299 973 457 1003; x_wconf 86' lang='lat' dir='ltr'><strong>libidinibus</strong></span> <span class='ocrx_word' id='word_1_249' title='bbox 477 974 599 1005; x_wconf 86' lang='lat' dir='ltr'><strong>obnoxii,</strong></span> <span class='ocrx_word' id='word_1_250' title='bbox 631 973 773 1000; x_wconf 85' lang='lat' dir='ltr'><strong>iracundia</strong></span> <span class='ocrx_word' id='word_1_251' title='bbox 799 973 961 1007; x_wconf 61' lang='lat' dir='ltr'><strong>pratcipitcs.</strong></span> <span class='ocrx_word' id='word_1_252' title='bbox 979 980 994 999; x_wconf 89' lang='lat' dir='ltr'><strong>a</strong></span> <span class='ocrx_word' id='word_1_253' title='bbox 1010 972 1084 999; x_wconf 90' lang='lat' dir='ltr'><strong>ttullo</strong></span> <span class='ocrx_word' id='word_1_254' title='bbox 1101 972 1242 999; x_wconf 85' lang='lat' dir='ltr'><strong>incurabili</strong></span> <span class='ocrx_word' id='word_1_255' title='bbox 1259 972 1330 998; x_wconf 86' lang='lat' dir='ltr'><strong>malo</strong></span> <span class='ocrx_word' id='word_1_256' title='bbox 1345 971 1523 1002; x_wconf 84' lang='lat' dir='ltr'><strong>abstinentes.</strong></span> <span class='ocrx_word' id='word_1_257' title='bbox 1543 972 1673 1003; x_wconf 87' lang='lat' dir='ltr'><strong>latrones.</strong></span> <span class='ocrx_word' id='word_1_258' title='bbox 1701 970 1854 1002; x_wconf 59' lang='lat' dir='ltr'><strong>homicida.</strong></span> 
     </span>
    </p>
   </div>
   <div class='ocr_carea' id='block_1_38' title="bbox 222 1017 1856 1056">
    <p class='ocr_par' dir='ltr' id='par_1_38' title="bbox 222 1017 1856 1056">
     <span class='ocr_line' id='line_1_38' title="bbox 222 1017 1856 1056; baseline -0.002 -9"><span class='ocrx_word' id='word_1_259' title='bbox 222 1021 315 1055; x_wconf 69' lang='lat' dir='ltr'><strong>patriae</strong></span> <span class='ocrx_word' id='word_1_260' title='bbox 327 1021 490 1056; x_wconf 80' lang='lat' dir='ltr'><strong>proditores,</strong></span> <span class='ocrx_word' id='word_1_261' title='bbox 510 1030 541 1048; x_wconf 87' lang='lat' dir='ltr'><strong>ac</strong></span> <span class='ocrx_word' id='word_1_262' title='bbox 559 1022 581 1049; x_wconf 94' lang='lat' dir='ltr'><strong>si</strong></span> <span class='ocrx_word' id='word_1_263' title='bbox 598 1021 662 1056; x_wconf 88' lang='lat' dir='ltr'><strong>quid</strong></span> <span class='ocrx_word' id='word_1_264' title='bbox 678 1021 721 1048; x_wconf 87' lang='lat' dir='ltr'><strong>his</strong></span> <span class='ocrx_word' id='word_1_265' title='bbox 737 1026 780 1048; x_wconf 81' lang='lat' dir='ltr'><strong>est</strong></span> <span class='ocrx_word' id='word_1_266' title='bbox 798 1020 996 1053; x_wconf 85' lang='lat' dir='ltr'><strong>detestabilius,</strong></span> <span class='ocrx_word' id='word_1_267' title='bbox 1013 1020 1132 1055; x_wconf 85' lang='lat' dir='ltr'><strong>magisve</strong></span> <span class='ocrx_word' id='word_1_268' title='bbox 1157 1019 1291 1046; x_wconf 79' lang='lat' dir='ltr'><strong>nefarium</strong></span> <span class='ocrx_word' id='word_1_269' title='bbox 1313 1025 1340 1046; x_wconf 87' lang='lat' dir='ltr'><strong>et</strong></span> <span class='ocrx_word' id='word_1_270' title='bbox 1358 1019 1553 1046; x_wconf 80' lang='lat' dir='ltr'><strong>exsecrandum</strong></span> <span class='ocrx_word' id='word_1_271' title='bbox 1576 1019 1680 1053; x_wconf 87' lang='lat' dir='ltr'><strong>(veluti</strong></span> <span class='ocrx_word' id='word_1_272' title='bbox 1701 1017 1856 1053; x_wconf 55' lang='lat' dir='ltr'><strong>parricidae,</strong></span> 
     </span>
    </p>
   </div>
   <div class='ocr_carea' id='block_1_39' title="bbox 221 1066 1856 1105">
    <p class='ocr_par' dir='ltr' id='par_1_39' title="bbox 221 1066 1856 1105">
     <span class='ocr_line' id='line_1_39' title="bbox 221 1066 1856 1105; baseline -0.001 -10"><span class='ocrx_word' id='word_1_273' title='bbox 221 1076 337 1096; x_wconf 85' lang='lat' dir='ltr'><strong>matrum</strong></span> <span class='ocrx_word' id='word_1_274' title='bbox 356 1071 518 1105; x_wconf 88' lang='lat' dir='ltr'><strong>pulsatores,</strong></span> <span class='ocrx_word' id='word_1_275' title='bbox 538 1071 684 1097; x_wconf 74' lang='lat' dir='ltr'><strong>liberorum</strong></span> <span class='ocrx_word' id='word_1_276' title='bbox 709 1070 919 1099; x_wconf 74' lang='lat' dir='ltr'><strong>interfectores,</strong></span> <span class='ocrx_word' id='word_1_277' title='bbox 936 1073 963 1096; x_wconf 91' lang='lat' dir='ltr'><strong>et</strong></span> <span class='ocrx_word' id='word_1_278' title='bbox 983 1069 1099 1103; x_wconf 85' lang='lat' dir='ltr'><strong>quadam</strong></span> <span class='ocrx_word' id='word_1_279' title='bbox 1121 1068 1200 1103; x_wconf 87' lang='lat' dir='ltr'><strong>quasi</strong></span> <span class='ocrx_word' id='word_1_280' title='bbox 1223 1068 1298 1094; x_wconf 84' lang='lat' dir='ltr'><strong>rabie</strong></span> <span class='ocrx_word' id='word_1_281' title='bbox 1327 1068 1426 1095; x_wconf 90' lang='lat' dir='ltr'><strong>mentis</strong></span> <span class='ocrx_word' id='word_1_282' title='bbox 1451 1067 1555 1102; x_wconf 79' lang='lat' dir='ltr'><strong>legibus</strong></span> <span class='ocrx_word' id='word_1_283' title='bbox 1572 1068 1671 1095; x_wconf 85' lang='lat' dir='ltr'><strong>vetitos</strong></span> <span class='ocrx_word' id='word_1_284' title='bbox 1693 1066 1856 1094; x_wconf 85' lang='lat' dir='ltr'><strong>concubitus</strong></span> 
     </span>
    </p>
   </div>
   <div class='ocr_carea' id='block_1_40' title="bbox 221 1113 1857 1150">
    <p class='ocr_par' dir='ltr' id='par_1_40' title="bbox 221 1113 1857 1150">
     <span class='ocr_line' id='line_1_40' title="bbox 221 1113 1857 1150; baseline -0.002 -8"><span class='ocrx_word' id='word_1_285' title='bbox 221 1121 357 1143; x_wconf 78' lang='lat' dir='ltr'><strong>sectantes</strong></span> <span class='ocrx_word' id='word_1_286' title='bbox 378 1126 384 1143; x_wconf 94' lang='lat'>:</span> <span class='ocrx_word' id='word_1_287' title='bbox 402 1117 448 1150; x_wconf 90' lang='lat' dir='ltr'><strong>qui</strong></span> <span class='ocrx_word' id='word_1_288' title='bbox 470 1124 531 1143; x_wconf 90' lang='lat' dir='ltr'><strong>cum</strong></span> <span class='ocrx_word' id='word_1_289' title='bbox 547 1117 615 1143; x_wconf 82' lang='lat' dir='ltr'><strong>tales</strong></span> <span class='ocrx_word' id='word_1_290' title='bbox 638 1117 706 1144; x_wconf 88' lang='lat' dir='ltr'><strong>adeo</strong></span> <span class='ocrx_word' id='word_1_291' title='bbox 732 1117 800 1146; x_wconf 88' lang='lat' dir='ltr'><strong>sint.</strong></span> <span class='ocrx_word' id='word_1_292' title='bbox 826 1116 852 1142; x_wconf 95' lang='lat' dir='ltr'><strong>in</strong></span> <span class='ocrx_word' id='word_1_293' title='bbox 879 1116 929 1142; x_wconf 90' lang='lat' dir='ltr'><strong>hac</strong></span> <span class='ocrx_word' id='word_1_294' title='bbox 958 1115 1078 1149; x_wconf 74' lang='lat' dir='ltr'><strong>nequitia</strong></span> <span class='ocrx_word' id='word_1_295' title='bbox 1106 1118 1187 1148; x_wconf 83' lang='lat' dir='ltr'><strong>atque</strong></span> <span class='ocrx_word' id='word_1_296' title='bbox 1213 1114 1361 1141; x_wconf 86' lang='lat' dir='ltr'><strong>vitiositate</strong></span> <span class='ocrx_word' id='word_1_297' title='bbox 1388 1117 1587 1142; x_wconf 77' lang='lat' dir='ltr'><strong>consenescunt</strong></span> <span class='ocrx_word' id='word_1_298' title='bbox 1606 1114 1764 1149; x_wconf 91' lang='lat' dir='ltr'><strong>:quomodo</strong></span> <span class='ocrx_word' id='word_1_299' title='bbox 1785 1113 1857 1140; x_wconf 83' lang='lat' dir='ltr'><strong>dicet</strong></span> 
     </span>
    </p>
   </div>
   <div class='ocr_carea' id='block_1_41' title="bbox 222 1161 1855 1197">
    <p class='ocr_par' dir='ltr' id='par_1_41' title="bbox 222 1161 1855 1197">
     <span class='ocr_line' id='line_1_41' title="bbox 222 1161 1855 1197; baseline 0 -9"><span class='ocrx_word' id='word_1_300' title='bbox 222 1162 320 1197; x_wconf 84' lang='lat' dir='ltr'><strong>aliquis</strong></span> <span class='ocrx_word' id='word_1_301' title='bbox 333 1162 389 1190; x_wconf 68' lang='lat' dir='ltr'><strong>haec</strong></span> <span class='ocrx_word' id='word_1_302' title='bbox 403 1171 553 1197; x_wconf 82' lang='lat' dir='ltr'><strong>congruere</strong></span> <span class='ocrx_word' id='word_1_303' title='bbox 568 1168 594 1190; x_wconf 90' lang='lat' dir='ltr'><strong>et</strong></span> <span class='ocrx_word' id='word_1_304' title='bbox 611 1164 759 1190; x_wconf 85' lang='lat' dir='ltr'><strong>convenire</strong></span> <span class='ocrx_word' id='word_1_305' title='bbox 776 1171 837 1190; x_wconf 83' lang='lat' dir='ltr'><strong>cum</strong></span> <span class='ocrx_word' id='word_1_306' title='bbox 859 1163 892 1190; x_wconf 86' lang='lat' dir='ltr'><strong>iis</strong></span> <span class='ocrx_word' id='word_1_307' title='bbox 911 1171 971 1197; x_wconf 78' lang='lat' dir='ltr'><strong>qua:</strong></span> <span class='ocrx_word' id='word_1_308' title='bbox 995 1169 1077 1197; x_wconf 90' lang='lat' dir='ltr'><strong>supra</strong></span> <span class='ocrx_word' id='word_1_309' title='bbox 1101 1161 1215 1196; x_wconf 69' lang='lat' dir='ltr'><strong>quaesita</strong></span> <span class='ocrx_word' id='word_1_310' title='bbox 1230 1166 1310 1196; x_wconf 88' lang='lat' dir='ltr'><strong>atque</strong></span> <span class='ocrx_word' id='word_1_311' title='bbox 1327 1165 1442 1188; x_wconf 85' lang='lat' dir='ltr'><strong>tractata</strong></span> <span class='ocrx_word' id='word_1_312' title='bbox 1460 1162 1545 1189; x_wconf 83' lang='lat' dir='ltr'><strong>sunt?</strong></span> <span class='ocrx_word' id='word_1_313' title='bbox 1563 1161 1629 1188; x_wconf 84' lang='lat' dir='ltr'><strong>Nam</strong></span> <span class='ocrx_word' id='word_1_314' title='bbox 1645 1161 1667 1189; x_wconf 90' lang='lat' dir='ltr'><strong>si</strong></span> <span class='ocrx_word' id='word_1_315' title='bbox 1685 1161 1707 1189; x_wconf 81' lang='lat' dir='ltr'><strong>is</strong></span> <span class='ocrx_word' id='word_1_316' title='bbox 1725 1162 1771 1196; x_wconf 92' lang='lat' dir='ltr'><strong>qui</strong></span> <span class='ocrx_word' id='word_1_317' title='bbox 1788 1169 1855 1196; x_wconf 69' lang='lat' dir='ltr'><strong>prae-</strong></span> 
     </span>
    </p>
   </div>
   <div class='ocr_carea' id='block_1_42' title="bbox 223 1207 1857 1243">
    <p class='ocr_par' dir='ltr' id='par_1_42' title="bbox 223 1207 1857 1243">
     <span class='ocr_line' id='line_1_42' title="bbox 223 1207 1857 1243; baseline 0.001 -10"><span class='ocrx_word' id='word_1_318' title='bbox 223 1211 328 1235; x_wconf 84' lang='lat' dir='ltr'><strong>mature</strong></span> <span class='ocrx_word' id='word_1_319' title='bbox 345 1208 489 1243; x_wconf 84' lang='lat' dir='ltr'><strong>abripitur,</strong></span> <span class='ocrx_word' id='word_1_320' title='bbox 511 1217 543 1235; x_wconf 90' lang='lat' dir='ltr'><strong>ne</strong></span> <span class='ocrx_word' id='word_1_321' title='bbox 557 1209 636 1242; x_wconf 84' lang='lat' dir='ltr'><strong>juxta</strong></span> <span class='ocrx_word' id='word_1_322' title='bbox 652 1209 856 1236; x_wconf 88' lang='lat' dir='ltr'><strong>similitudinem</strong></span> <span class='ocrx_word' id='word_1_323' title='bbox 877 1209 993 1236; x_wconf 81' lang='lat' dir='ltr'><strong>convivii</strong></span> <span class='ocrx_word' id='word_1_324' title='bbox 1021 1208 1054 1236; x_wconf 90' lang='lat' dir='ltr'><strong>ad</strong></span> <span class='ocrx_word' id='word_1_325' title='bbox 1085 1208 1164 1234; x_wconf 83' lang='lat' dir='ltr'><strong>linem</strong></span> <span class='ocrx_word' id='word_1_326' title='bbox 1182 1216 1267 1242; x_wconf 86' lang='lat' dir='ltr'><strong>usque</strong></span> <span class='ocrx_word' id='word_1_327' title='bbox 1285 1208 1311 1235; x_wconf 92' lang='lat' dir='ltr'><strong>in</strong></span> <span class='ocrx_word' id='word_1_328' title='bbox 1327 1208 1399 1234; x_wconf 80' lang='lat' dir='ltr'><strong>vitiis</strong></span> <span class='ocrx_word' id='word_1_329' title='bbox 1415 1207 1496 1241; x_wconf 84' lang='lat' dir='ltr'><strong>hujus</strong></span> <span class='ocrx_word' id='word_1_330' title='bbox 1533 1207 1594 1234; x_wconf 66' lang='lat' dir='ltr'><strong>vita:</strong></span> <span class='ocrx_word' id='word_1_331' title='bbox 1618 1208 1695 1242; x_wconf 88' lang='lat' dir='ltr'><strong>qttasi</strong></span> <span class='ocrx_word' id='word_1_332' title='bbox 1723 1207 1857 1235; x_wconf 84' lang='lat' dir='ltr'><strong>helluetur</strong></span> 
     </span>
    </p>
   </div>
   <div class='ocr_carea' id='block_1_43' title="bbox 223 1252 1858 1290">
    <p class='ocr_par' dir='ltr' id='par_1_43' title="bbox 223 1252 1858 1290">
     <span class='ocr_line' id='line_1_43' title="bbox 223 1252 1858 1290; baseline 0 -11"><span class='ocrx_word' id='word_1_333' title='bbox 223 1257 304 1288; x_wconf 85' lang='lat' dir='ltr'><strong>atque</strong></span> <span class='ocrx_word' id='word_1_334' title='bbox 333 1253 526 1285; x_wconf 85' lang='lat' dir='ltr'><strong>debacchetur,</strong></span> <span class='ocrx_word' id='word_1_335' title='bbox 553 1255 664 1289; x_wconf 87' lang='lat' dir='ltr'><strong>provida</strong></span> <span class='ocrx_word' id='word_1_336' title='bbox 688 1255 805 1290; x_wconf 86' lang='lat' dir='ltr'><strong>quadam</strong></span> <span class='ocrx_word' id='word_1_337' title='bbox 833 1255 960 1282; x_wconf 82' lang='lat' dir='ltr'><strong>cautione</strong></span> <span class='ocrx_word' id='word_1_338' title='bbox 985 1261 1017 1281; x_wconf 89' lang='lat' dir='ltr'><strong>ac</strong></span> <span class='ocrx_word' id='word_1_339' title='bbox 1048 1253 1235 1281; x_wconf 88' lang='lat' dir='ltr'><strong>benevolentia</strong></span> <span class='ocrx_word' id='word_1_340' title='bbox 1257 1261 1289 1281; x_wconf 80' lang='lat' dir='ltr'><strong>ex</strong></span> <span class='ocrx_word' id='word_1_341' title='bbox 1310 1253 1384 1279; x_wconf 85' lang='lat' dir='ltr'><strong>vitali</strong></span> <span class='ocrx_word' id='word_1_342' title='bbox 1411 1252 1572 1280; x_wconf 85' lang='lat' dir='ltr'><strong>subducitur</strong></span> <span class='ocrx_word' id='word_1_343' title='bbox 1589 1252 1714 1280; x_wconf 90' lang='lat' dir='ltr'><strong>convivio</strong></span> <span class='ocrx_word' id='word_1_344' title='bbox 1729 1262 1735 1279; x_wconf 92' lang='lat'>:</span> <span class='ocrx_word' id='word_1_345' title='bbox 1750 1260 1804 1287; x_wconf 87' lang='lat' dir='ltr'><strong>qua</strong></span> <span class='ocrx_word' id='word_1_346' title='bbox 1823 1252 1858 1279; x_wconf 87' lang='lat' dir='ltr'><strong>de</strong></span> 
     </span>
    </p>
   </div>
   <div class='ocr_carea' id='block_1_44' title="bbox 223 1300 1856 1337">
    <p class='ocr_par' dir='ltr' id='par_1_44' title="bbox 223 1300 1856 1337">
     <span class='ocr_line' id='line_1_44' title="bbox 223 1300 1856 1337; baseline 0.001 -11"><span class='ocrx_word' id='word_1_347' title='bbox 223 1308 317 1334; x_wconf 84' lang='lat' dir='ltr'><strong>causa,</strong></span> <span class='ocrx_word' id='word_1_348' title='bbox 337 1301 382 1335; x_wconf 86' lang='lat' dir='ltr'><strong>qui</strong></span> <span class='ocrx_word' id='word_1_349' title='bbox 400 1302 462 1329; x_wconf 87' lang='lat' dir='ltr'><strong>talis</strong></span> <span class='ocrx_word' id='word_1_350' title='bbox 482 1306 533 1334; x_wconf 84' lang='lat' dir='ltr'><strong>est,</strong></span> <span class='ocrx_word' id='word_1_351' title='bbox 550 1311 635 1337; x_wconf 83' lang='lat' dir='ltr'><strong>usque</strong></span> <span class='ocrx_word' id='word_1_352' title='bbox 649 1303 682 1330; x_wconf 88' lang='lat' dir='ltr'><strong>ad</strong></span> <span class='ocrx_word' id='word_1_353' title='bbox 698 1307 866 1330; x_wconf 84' lang='lat' dir='ltr'><strong>senectutem</strong></span> <span class='ocrx_word' id='word_1_354' title='bbox 887 1303 914 1330; x_wconf 92' lang='lat' dir='ltr'><strong>in</strong></span> <span class='ocrx_word' id='word_1_355' title='bbox 934 1301 1060 1330; x_wconf 83' lang='lat' dir='ltr'><strong>convivio</strong></span> <span class='ocrx_word' id='word_1_356' title='bbox 1075 1301 1268 1334; x_wconf 80' lang='lat' dir='ltr'><strong>debacchatur,</strong></span> <span class='ocrx_word' id='word_1_357' title='bbox 1289 1301 1395 1328; x_wconf 80' lang='lat' dir='ltr'><strong>noxiam</strong></span> <span class='ocrx_word' id='word_1_358' title='bbox 1417 1305 1472 1327; x_wconf 89' lang='lat' dir='ltr'><strong>ttnu</strong></span> <span class='ocrx_word' id='word_1_359' title='bbox 1490 1300 1558 1333; x_wconf 85' lang='lat' dir='ltr'><strong>sibi,</strong></span> <span class='ocrx_word' id='word_1_360' title='bbox 1578 1304 1635 1327; x_wconf 92' lang='lat' dir='ltr'><strong>tum</strong></span> <span class='ocrx_word' id='word_1_361' title='bbox 1653 1301 1856 1335; x_wconf 91' lang='lat' dir='ltr'><strong>compotoribus</strong></span> 
     </span>
    </p>
   </div>
   <div class='ocr_carea' id='block_1_45' title="bbox 222 1347 901 1383">
    <p class='ocr_par' dir='ltr' id='par_1_45' title="bbox 222 1347 901 1383">
     <span class='ocr_line' id='line_1_45' title="bbox 222 1347 901 1383; baseline 0.006 -11"><span class='ocrx_word' id='word_1_362' title='bbox 222 1351 249 1373; x_wconf 88' lang='lat' dir='ltr'><strong>et</strong></span> <span class='ocrx_word' id='word_1_363' title='bbox 273 1347 395 1375; x_wconf 85' lang='lat' dir='ltr'><strong>convivis</strong></span> <span class='ocrx_word' id='word_1_364' title='bbox 419 1348 550 1374; x_wconf 83' lang='lat' dir='ltr'><strong>malorum</strong></span> <span class='ocrx_word' id='word_1_365' title='bbox 577 1348 718 1383; x_wconf 84' lang='lat' dir='ltr'><strong>crapulam</strong></span> <span class='ocrx_word' id='word_1_366' title='bbox 735 1348 901 1376; x_wconf 79' lang='lat' dir='ltr'><strong>olTundens?</strong></span> 
     </span>
    </p>
   </div>
   <div class='ocr_carea' id='block_1_46' title="bbox 260 1394 1014 1431">
    <p class='ocr_par' dir='ltr' id='par_1_46' title="bbox 260 1394 1014 1431">
     <span class='ocr_line' id='line_1_46' title="bbox 260 1394 1014 1431; baseline 0.003 -10"><span class='ocrx_word' id='word_1_367' title='bbox 260 1394 312 1421; x_wconf 82' lang='lat' dir='ltr'><strong>Sed</strong></span> <span class='ocrx_word' id='word_1_368' title='bbox 329 1402 389 1424; x_wconf 86' lang='lat' dir='ltr'><strong>cur,</strong></span> <span class='ocrx_word' id='word_1_369' title='bbox 410 1402 523 1428; x_wconf 84' lang='lat' dir='ltr'><strong>prorsus</strong></span> <span class='ocrx_word' id='word_1_370' title='bbox 548 1395 650 1430; x_wconf 79' lang='lat' dir='ltr'><strong>inquis.</strong></span> <span class='ocrx_word' id='word_1_371' title='bbox 673 1395 747 1423; x_wconf 92' lang='lat' dir='ltr'><strong>hunc</strong></span> <span class='ocrx_word' id='word_1_372' title='bbox 773 1396 883 1430; x_wconf 82' lang='lat' dir='ltr'><strong>quidem</strong></span> <span class='ocrx_word' id='word_1_373' title='bbox 901 1395 1014 1431; x_wconf 86' lang='lat' dir='ltr'><strong>provida</strong></span> 
     </span>
    </p>
   </div>
   <div class='ocr_carea' id='block_1_47' title="bbox 224 1440 1015 1477">
    <p class='ocr_par' dir='ltr' id='par_1_47' title="bbox 224 1440 1015 1477">
     <span class='ocr_line' id='line_1_47' title="bbox 224 1440 1015 1477; baseline 0.001 -10"><span class='ocrx_word' id='word_1_374' title='bbox 224 1440 413 1467; x_wconf 84' lang='lat' dir='ltr'><strong>benevolentia</strong></span> <span class='ocrx_word' id='word_1_375' title='bbox 446 1441 574 1468; x_wconf 74' lang='lat' dir='ltr'><strong>subducit</strong></span> <span class='ocrx_word' id='word_1_376' title='bbox 611 1449 645 1468; x_wconf 84' lang='lat' dir='ltr'><strong>ex</strong></span> <span class='ocrx_word' id='word_1_377' title='bbox 683 1442 737 1469; x_wconf 77' lang='lat' dir='ltr'><strong>vita</strong></span> <span class='ocrx_word' id='word_1_378' title='bbox 771 1442 931 1477; x_wconf 87' lang='lat' dir='ltr'><strong>priusquam</strong></span> <span class='ocrx_word' id='word_1_379' title='bbox 966 1449 1015 1477; x_wconf 88' lang='lat' dir='ltr'><strong>per</strong></span> 
     </span>
    </p>
   </div>
   <div class='ocr_carea' id='block_1_48' title="bbox 224 1487 1014 1523">
    <p class='ocr_par' dir='ltr' id='par_1_48' title="bbox 224 1487 1014 1523">
     <span class='ocr_line' id='line_1_48' title="bbox 224 1487 1014 1523; baseline 0.001 -10"><span class='ocrx_word' id='word_1_380' title='bbox 224 1487 325 1514; x_wconf 89' lang='lat' dir='ltr'><strong>malum</strong></span> <span class='ocrx_word' id='word_1_381' title='bbox 343 1487 469 1514; x_wconf 78' lang='lat' dir='ltr'><strong>voluntas</strong></span> <span class='ocrx_word' id='word_1_382' title='bbox 493 1488 661 1521; x_wconf 79' lang='lat' dir='ltr'><strong>perﬁciatur,</strong></span> <span class='ocrx_word' id='word_1_383' title='bbox 692 1488 768 1515; x_wconf 91' lang='lat' dir='ltr'><strong>illum</strong></span> <span class='ocrx_word' id='word_1_384' title='bbox 791 1496 855 1516; x_wconf 88' lang='lat' dir='ltr'><strong>vero</strong></span> <span class='ocrx_word' id='word_1_385' title='bbox 883 1488 1014 1523; x_wconf 87' lang='lat' dir='ltr'><strong>relinquit</strong></span> 
     </span>
    </p>
   </div>
   <div class='ocr_carea' id='block_1_49' title="bbox 224 1534 1012 1569">
    <p class='ocr_par' dir='ltr' id='par_1_49' title="bbox 224 1534 1012 1569">
     <span class='ocr_line' id='line_1_49' title="bbox 224 1534 1012 1569; baseline 0.001 -10"><span class='ocrx_word' id='word_1_386' title='bbox 224 1534 305 1560; x_wconf 89' lang='lat' dir='ltr'><strong>talem</strong></span> <span class='ocrx_word' id='word_1_387' title='bbox 320 1534 387 1563; x_wconf 78' lang='lat' dir='ltr'><strong>ﬁeri,</strong></span> <span class='ocrx_word' id='word_1_388' title='bbox 407 1537 435 1559; x_wconf 93' lang='lat' dir='ltr'><strong>ut</strong></span> <span class='ocrx_word' id='word_1_389' title='bbox 453 1534 549 1560; x_wconf 80' lang='lat' dir='ltr'><strong>melius</strong></span> <span class='ocrx_word' id='word_1_390' title='bbox 567 1534 618 1568; x_wconf 89' lang='lat' dir='ltr'><strong>ipsi</strong></span> <span class='ocrx_word' id='word_1_391' title='bbox 633 1538 708 1561; x_wconf 77' lang='lat' dir='ltr'><strong>esset</strong></span> <span class='ocrx_word' id='word_1_392' title='bbox 721 1534 830 1569; x_wconf 75' lang='lat' dir='ltr'><strong>penitus</strong></span> <span class='ocrx_word' id='word_1_393' title='bbox 841 1539 935 1561; x_wconf 90' lang='lat' dir='ltr'><strong>natum</strong></span> <span class='ocrx_word' id='word_1_394' title='bbox 958 1542 1012 1561; x_wconf 89' lang='lat' dir='ltr'><strong>non</strong></span> 
     </span>
    </p>
   </div>
   <div class='ocr_carea' id='block_1_50' title="bbox 223 1579 1012 1614">
    <p class='ocr_par' dir='ltr' id='par_1_50' title="bbox 223 1579 1012 1614">
     <span class='ocr_line' id='line_1_50' title="bbox 223 1579 1012 1614; baseline 0 -8"><span class='ocrx_word' id='word_1_395' title='bbox 223 1579 308 1606; x_wconf 78' lang='lat' dir='ltr'><strong>esse?</strong></span> <span class='ocrx_word' id='word_1_396' title='bbox 325 1579 364 1606; x_wconf 83' lang='lat' dir='ltr'><strong>Ad</strong></span> <span class='ocrx_word' id='word_1_397' title='bbox 382 1579 432 1606; x_wconf 84' lang='lat' dir='ltr'><strong>hoc</strong></span> <span class='ocrx_word' id='word_1_398' title='bbox 458 1579 520 1609; x_wconf 87' lang='lat' dir='ltr'><strong>item</strong></span> <span class='ocrx_word' id='word_1_399' title='bbox 543 1579 680 1613; x_wconf 88' lang='lat' dir='ltr'><strong>ejusmodi</strong></span> <span class='ocrx_word' id='word_1_400' title='bbox 704 1580 849 1614; x_wconf 87' lang='lat' dir='ltr'><strong>quamdam</strong></span> <span class='ocrx_word' id='word_1_401' title='bbox 869 1579 1012 1614; x_wconf 78' lang='lat' dir='ltr'><strong>benignio-</strong></span> 
     </span>
    </p>
   </div>
   <div class='ocr_carea' id='block_1_51' title="bbox 225 1625 1014 1661">
    <p class='ocr_par' dir='ltr' id='par_1_51' title="bbox 225 1625 1014 1661">
     <span class='ocr_line' id='line_1_51' title="bbox 225 1625 1014 1661; baseline 0.001 -9"><span class='ocrx_word' id='word_1_402' title='bbox 225 1626 301 1653; x_wconf 86' lang='lat' dir='ltr'><strong>ribus</strong></span> <span class='ocrx_word' id='word_1_403' title='bbox 315 1630 340 1652; x_wconf 87' lang='lat' dir='ltr'><strong>et</strong></span> <span class='ocrx_word' id='word_1_404' title='bbox 354 1625 522 1660; x_wconf 69' lang='lat' dir='ltr'><strong>tequiorihus</strong></span> <span class='ocrx_word' id='word_1_405' title='bbox 543 1625 676 1652; x_wconf 85' lang='lat' dir='ltr'><strong>rationem</strong></span> <span class='ocrx_word' id='word_1_406' title='bbox 692 1626 848 1657; x_wconf 82' lang='lat' dir='ltr'><strong>reddemus.</strong></span> <span class='ocrx_word' id='word_1_407' title='bbox 873 1626 945 1661; x_wconf 92' lang='lat' dir='ltr'><strong>quod</strong></span> <span class='ocrx_word' id='word_1_408' title='bbox 961 1634 1014 1653; x_wconf 69' lang='lat' dir='ltr'><strong>sae-</strong></span> 
     </span>
    </p>
   </div>
   <div class='ocr_carea' id='block_1_52' title="bbox 226 1671 1014 1706">
    <p class='ocr_par' dir='ltr' id='par_1_52' title="bbox 226 1671 1014 1706">
     <span class='ocr_line' id='line_1_52' title="bbox 226 1671 1014 1706; baseline -0.001 -8"><span class='ocrx_word' id='word_1_409' title='bbox 226 1679 375 1706; x_wconf 88' lang='lat' dir='ltr'><strong>penumero</strong></span> <span class='ocrx_word' id='word_1_410' title='bbox 395 1671 449 1697; x_wconf 84' lang='lat' dir='ltr'><strong>vita</strong></span> <span class='ocrx_word' id='word_1_411' title='bbox 465 1679 560 1698; x_wconf 88' lang='lat' dir='ltr'><strong>eortun</strong></span> <span class='ocrx_word' id='word_1_412' title='bbox 578 1671 624 1706; x_wconf 89' lang='lat' dir='ltr'><strong>qui</strong></span> <span class='ocrx_word' id='word_1_413' title='bbox 642 1671 710 1698; x_wconf 84' lang='lat' dir='ltr'><strong>bene</strong></span> <span class='ocrx_word' id='word_1_414' title='bbox 733 1671 863 1703; x_wconf 83' lang='lat' dir='ltr'><strong>vixerint,</strong></span> <span class='ocrx_word' id='word_1_415' title='bbox 881 1671 962 1698; x_wconf 85' lang='lat' dir='ltr'><strong>etiam</strong></span> <span class='ocrx_word' id='word_1_416' title='bbox 980 1671 1014 1698; x_wconf 87' lang='lat' dir='ltr'><strong>iis</strong></span> 
     </span>
    </p>
   </div>
   <div class='ocr_carea' id='block_1_53' title="bbox 225 1717 1015 1752">
    <p class='ocr_par' dir='ltr' id='par_1_53' title="bbox 225 1717 1015 1752">
     <span class='ocr_line' id='line_1_53' title="bbox 225 1717 1015 1752; baseline -0.001 -7"><span class='ocrx_word' id='word_1_417' title='bbox 225 1718 272 1752; x_wconf 88' lang='lat' dir='ltr'><strong>qui</strong></span> <span class='ocrx_word' id='word_1_418' title='bbox 286 1725 318 1744; x_wconf 81' lang='lat' dir='ltr'><strong>ex</strong></span> <span class='ocrx_word' id='word_1_419' title='bbox 336 1717 402 1752; x_wconf 88' lang='lat' dir='ltr'><strong>ipsis</strong></span> <span class='ocrx_word' id='word_1_420' title='bbox 425 1717 481 1743; x_wconf 90' lang='lat' dir='ltr'><strong>nati</strong></span> <span class='ocrx_word' id='word_1_421' title='bbox 500 1721 575 1748; x_wconf 86' lang='lat' dir='ltr'><strong>sunt,</strong></span> <span class='ocrx_word' id='word_1_422' title='bbox 596 1725 679 1744; x_wconf 85' lang='lat' dir='ltr'><strong>causa</strong></span> <span class='ocrx_word' id='word_1_423' title='bbox 701 1717 824 1744; x_wconf 88' lang='lat' dir='ltr'><strong>melioris</strong></span> <span class='ocrx_word' id='word_1_424' title='bbox 848 1718 1015 1744; x_wconf 88' lang='lat' dir='ltr'><strong>conditionis</strong></span> 
     </span>
    </p>
   </div>
   <div class='ocr_carea' id='block_1_54' title="bbox 225 1763 1015 1799">
    <p class='ocr_par' dir='ltr' id='par_1_54' title="bbox 225 1763 1015 1799">
     <span class='ocr_line' id='line_1_54' title="bbox 225 1763 1015 1799; baseline 0.001 -9"><span class='ocrx_word' id='word_1_425' title='bbox 225 1769 279 1791; x_wconf 87' lang='lat' dir='ltr'><strong>est.</strong></span> <span class='ocrx_word' id='word_1_426' title='bbox 305 1763 393 1798; x_wconf 86' lang='lat' dir='ltr'><strong>Atque</strong></span> <span class='ocrx_word' id='word_1_427' title='bbox 420 1769 550 1790; x_wconf 83' lang='lat' dir='ltr'><strong>sexcenta</strong></span> <span class='ocrx_word' id='word_1_428' title='bbox 577 1764 673 1790; x_wconf 90' lang='lat' dir='ltr'><strong>horum</strong></span> <span class='ocrx_word' id='word_1_429' title='bbox 704 1771 736 1790; x_wconf 79' lang='lat' dir='ltr'><strong>ex</strong></span> <span class='ocrx_word' id='word_1_430' title='bbox 757 1764 849 1790; x_wconf 85' lang='lat' dir='ltr'><strong>divina</strong></span> <span class='ocrx_word' id='word_1_431' title='bbox 872 1763 1015 1799; x_wconf 81' lang='lat' dir='ltr'><strong>Scriptura</strong></span> 
     </span>
    </p>
   </div>
   <div class='ocr_carea' id='block_1_55' title="bbox 226 1810 1015 1845">
    <p class='ocr_par' dir='ltr' id='par_1_55' title="bbox 226 1810 1015 1845">
     <span class='ocr_line' id='line_1_55' title="bbox 226 1810 1015 1845; baseline 0.003 -9"><span class='ocrx_word' id='word_1_432' title='bbox 226 1810 382 1838; x_wconf 86' lang='lat' dir='ltr'><strong>testimonia</strong></span> <span class='ocrx_word' id='word_1_433' title='bbox 397 1813 471 1838; x_wconf 86' lang='lat' dir='ltr'><strong>sunt.</strong></span> <span class='ocrx_word' id='word_1_434' title='bbox 488 1810 588 1844; x_wconf 84' lang='lat' dir='ltr'><strong>quibus</strong></span> <span class='ocrx_word' id='word_1_435' title='bbox 607 1814 699 1843; x_wconf 87' lang='lat' dir='ltr'><strong>aperte</strong></span> <span class='ocrx_word' id='word_1_436' title='bbox 723 1810 853 1837; x_wconf 79' lang='lat' dir='ltr'><strong>docentur</strong></span> <span class='ocrx_word' id='word_1_437' title='bbox 868 1810 928 1845; x_wconf 87' lang='lat' dir='ltr'><strong>ejus</strong></span> <span class='ocrx_word' id='word_1_438' title='bbox 942 1819 1015 1838; x_wconf 77' lang='lat' dir='ltr'><strong>cura:</strong></span> 
     </span>
    </p>
   </div>
   <div class='ocr_carea' id='block_1_56' title="bbox 227 1853 1013 1889">
    <p class='ocr_par' dir='ltr' id='par_1_56' title="bbox 227 1853 1013 1889">
     <span class='ocr_line' id='line_1_56' title="bbox 227 1853 1013 1889; baseline 0.003 -9"><span class='ocrx_word' id='word_1_439' title='bbox 227 1853 406 1888; x_wconf 82' lang='lat' dir='ltr'><strong>beneﬁciique</strong></span> <span class='ocrx_word' id='word_1_440' title='bbox 419 1854 492 1888; x_wconf 89' lang='lat' dir='ltr'><strong>quod</strong></span> <span class='ocrx_word' id='word_1_441' title='bbox 507 1853 582 1887; x_wconf 80' lang='lat' dir='ltr'><strong>digni</strong></span> <span class='ocrx_word' id='word_1_442' title='bbox 597 1862 611 1880; x_wconf 93' lang='lat' dir='ltr'><strong>a</strong></span> <span class='ocrx_word' id='word_1_443' title='bbox 628 1854 682 1881; x_wconf 85' lang='lat' dir='ltr'><strong>Deo</strong></span> <span class='ocrx_word' id='word_1_444' title='bbox 699 1858 916 1889; x_wconf 88' lang='lat' dir='ltr'><strong>consequuntur,</strong></span> <span class='ocrx_word' id='word_1_445' title='bbox 933 1856 1013 1882; x_wconf 81' lang='lat' dir='ltr'><strong>etiam</strong></span> 
     </span>
    </p>
   </div>
   <div class='ocr_carea' id='block_1_57' title="bbox 227 1899 1016 1934">
    <p class='ocr_par' dir='ltr' id='par_1_57' title="bbox 227 1899 1016 1934">
     <span class='ocr_line' id='line_1_57' title="bbox 227 1899 1016 1934; baseline 0.003 -8"><span class='ocrx_word' id='word_1_446' title='bbox 227 1907 261 1927; x_wconf 81' lang='lat' dir='ltr'><strong>ex</strong></span> <span class='ocrx_word' id='word_1_447' title='bbox 278 1899 344 1934; x_wconf 83' lang='lat' dir='ltr'><strong>ipsis</strong></span> <span class='ocrx_word' id='word_1_448' title='bbox 361 1900 517 1934; x_wconf 79' lang='lat' dir='ltr'><strong>progenitos</strong></span> <span class='ocrx_word' id='word_1_449' title='bbox 532 1907 586 1926; x_wconf 88' lang='lat' dir='ltr'><strong>una</strong></span> <span class='ocrx_word' id='word_1_450' title='bbox 603 1900 751 1934; x_wconf 87' lang='lat' dir='ltr'><strong>participes</strong></span> <span class='ocrx_word' id='word_1_451' title='bbox 765 1909 836 1928; x_wconf 88' lang='lat' dir='ltr'><strong>esse.</strong></span> <span class='ocrx_word' id='word_1_452' title='bbox 854 1900 930 1927; x_wconf 87' lang='lat' dir='ltr'><strong>llaud</strong></span> <span class='ocrx_word' id='word_1_453' title='bbox 953 1909 1016 1928; x_wconf 88' lang='lat' dir='ltr'><strong>con—</strong></span> 
     </span>
    </p>
   </div>
   <div class='ocr_carea' id='block_1_58' title="bbox 227 1945 1015 1981">
    <p class='ocr_par' dir='ltr' id='par_1_58' title="bbox 227 1945 1015 1981">
     <span class='ocr_line' id='line_1_58' title="bbox 227 1945 1015 1981; baseline 0.001 -9"><span class='ocrx_word' id='word_1_454' title='bbox 227 1945 372 1972; x_wconf 87' lang='lat' dir='ltr'><strong>temnenda</strong></span> <span class='ocrx_word' id='word_1_455' title='bbox 397 1949 489 1972; x_wconf 77' lang='lat' dir='ltr'><strong>autern</strong></span> <span class='ocrx_word' id='word_1_456' title='bbox 515 1953 576 1972; x_wconf 88' lang='lat' dir='ltr'><strong>sors</strong></span> <span class='ocrx_word' id='word_1_457' title='bbox 603 1945 684 1972; x_wconf 78' lang='lat' dir='ltr'><strong>fuerit</strong></span> <span class='ocrx_word' id='word_1_458' title='bbox 698 1946 780 1972; x_wconf 89' lang='lat' dir='ltr'><strong>etiam</strong></span> <span class='ocrx_word' id='word_1_459' title='bbox 803 1946 884 1973; x_wconf 87' lang='lat' dir='ltr'><strong>alicui</strong></span> <span class='ocrx_word' id='word_1_460' title='bbox 902 1946 1015 1981; x_wconf 83' lang='lat' dir='ltr'><strong>impedi—</strong></span> 
     </span>
    </p>
   </div>
   <div class='ocr_carea' id='block_1_59' title="bbox 227 1990 1015 2026">
    <p class='ocr_par' dir='ltr' id='par_1_59' title="bbox 227 1990 1015 2026">
     <span class='ocr_line' id='line_1_59' title="bbox 227 1990 1015 2026; baseline 0.003 -10"><span class='ocrx_word' id='word_1_461' title='bbox 227 1994 320 2017; x_wconf 89' lang='lat' dir='ltr'><strong>mento</strong></span> <span class='ocrx_word' id='word_1_462' title='bbox 337 1990 421 2017; x_wconf 84' lang='lat' dir='ltr'><strong>fuisse</strong></span> <span class='ocrx_word' id='word_1_463' title='bbox 441 1990 473 2017; x_wconf 82' lang='lat' dir='ltr'><strong>ad</strong></span> <span class='ocrx_word' id='word_1_464' title='bbox 491 1991 622 2017; x_wconf 87' lang='lat' dir='ltr'><strong>tnalitiatn</strong></span> <span class='ocrx_word' id='word_1_465' title='bbox 656 1994 683 2017; x_wconf 90' lang='lat' dir='ltr'><strong>et</strong></span> <span class='ocrx_word' id='word_1_466' title='bbox 700 1991 851 2025; x_wconf 89' lang='lat' dir='ltr'><strong>nequitiam</strong></span> <span class='ocrx_word' id='word_1_467' title='bbox 874 1991 919 2026; x_wconf 90' lang='lat' dir='ltr'><strong>qui</strong></span> <span class='ocrx_word' id='word_1_468' title='bbox 937 1992 1015 2026; x_wconf 86' lang='lat' dir='ltr'><strong>juxta</strong></span> 
     </span>
    </p>
   </div>
   <div class='ocr_carea' id='block_1_60' title="bbox 228 2035 1016 2071">
    <p class='ocr_par' dir='ltr' id='par_1_60' title="bbox 228 2035 1016 2071">
     <span class='ocr_line' id='line_1_60' title="bbox 228 2035 1016 2071; baseline 0.005 -10"><span class='ocrx_word' id='word_1_469' title='bbox 228 2035 301 2062; x_wconf 90' lang='lat' dir='ltr'><strong>illani</strong></span> <span class='ocrx_word' id='word_1_470' title='bbox 322 2036 434 2062; x_wconf 89' lang='lat' dir='ltr'><strong>omnino</strong></span> <span class='ocrx_word' id='word_1_471' title='bbox 456 2036 581 2062; x_wconf 81' lang='lat' dir='ltr'><strong>victurus</strong></span> <span class='ocrx_word' id='word_1_472' title='bbox 609 2035 716 2063; x_wconf 84' lang='lat' dir='ltr'><strong>fuisset.</strong></span> <span class='ocrx_word' id='word_1_473' title='bbox 747 2036 801 2064; x_wconf 84' lang='lat' dir='ltr'><strong>Sed</strong></span> <span class='ocrx_word' id='word_1_474' title='bbox 816 2037 946 2071; x_wconf 90' lang='lat' dir='ltr'><strong>quoniam</strong></span> <span class='ocrx_word' id='word_1_475' title='bbox 961 2036 1016 2065; x_wconf 68' lang='lat' dir='ltr'><strong>‘hic</strong></span> 
     </span>
    </p>
   </div>
   <div class='ocr_carea' id='block_1_61' title="bbox 228 2082 1015 2116">
    <p class='ocr_par' dir='ltr' id='par_1_61' title="bbox 228 2082 1015 2116">
     <span class='ocr_line' id='line_1_61' title="bbox 228 2082 1015 2116; baseline 0.004 -8"><span class='ocrx_word' id='word_1_476' title='bbox 228 2082 256 2108; x_wconf 92' lang='lat' dir='ltr'><strong>in</strong></span> <span class='ocrx_word' id='word_1_477' title='bbox 276 2082 358 2109; x_wconf 89' lang='lat' dir='ltr'><strong>rebus</strong></span> <span class='ocrx_word' id='word_1_478' title='bbox 372 2082 486 2110; x_wconf 84' lang='lat' dir='ltr'><strong>incertis</strong></span> <span class='ocrx_word' id='word_1_479' title='bbox 506 2082 594 2109; x_wconf 89' lang='lat' dir='ltr'><strong>oratio</strong></span> <span class='ocrx_word' id='word_1_480' title='bbox 616 2082 786 2116; x_wconf 87' lang='lat' dir='ltr'><strong>conjecturis</strong></span> <span class='ocrx_word' id='word_1_481' title='bbox 805 2083 906 2116; x_wconf 89' lang='lat' dir='ltr'><strong>utitur,</strong></span> <span class='ocrx_word' id='word_1_482' title='bbox 924 2084 1015 2112; x_wconf 91' lang='lat' dir='ltr'><strong>nullus</strong></span> 
     </span>
    </p>
   </div>
   <div class='ocr_carea' id='block_1_62' title="bbox 227 2127 1014 2164">
    <p class='ocr_par' dir='ltr' id='par_1_62' title="bbox 227 2127 1014 2164">
     <span class='ocr_line' id='line_1_62' title="bbox 227 2127 1014 2164; baseline 0.003 -11"><span class='ocrx_word' id='word_1_483' title='bbox 227 2127 339 2154; x_wconf 90' lang='lat' dir='ltr'><strong>omnino</strong></span> <span class='ocrx_word' id='word_1_484' title='bbox 363 2127 554 2162; x_wconf 85' lang='lat' dir='ltr'><strong>reprehendet,</strong></span> <span class='ocrx_word' id='word_1_485' title='bbox 575 2128 598 2155; x_wconf 90' lang='lat' dir='ltr'><strong>si</strong></span> <span class='ocrx_word' id='word_1_486' title='bbox 627 2128 655 2155; x_wconf 86' lang='lat' dir='ltr'><strong>in</strong></span> <span class='ocrx_word' id='word_1_487' title='bbox 679 2128 780 2155; x_wconf 83' lang='lat' dir='ltr'><strong>multas</strong></span> <span class='ocrx_word' id='word_1_488' title='bbox 803 2133 894 2163; x_wconf 84' lang='lat' dir='ltr'><strong>partes</strong></span> <span class='ocrx_word' id='word_1_489' title='bbox 924 2130 1014 2164; x_wconf 89' lang='lat' dir='ltr'><strong>conje-</strong></span> 
     </span>
    </p>
   </div>
   <div class='ocr_carea' id='block_1_63' title="bbox 228 2172 1015 2203">
    <p class='ocr_par' dir='ltr' id='par_1_63' title="bbox 228 2172 1015 2203">
     <span class='ocr_line' id='line_1_63' title="bbox 228 2172 1015 2203; baseline 0.004 -4"><span class='ocrx_word' id='word_1_490' title='bbox 228 2177 305 2199; x_wconf 84' lang='lat' dir='ltr'><strong>ctura</strong></span> <span class='ocrx_word' id='word_1_491' title='bbox 327 2178 445 2200; x_wconf 86' lang='lat' dir='ltr'><strong>mentem</strong></span> <span class='ocrx_word' id='word_1_492' title='bbox 461 2172 576 2200; x_wconf 86' lang='lat' dir='ltr'><strong>diducit.</strong></span> <span class='ocrx_word' id='word_1_493' title='bbox 589 2173 647 2200; x_wconf 87' lang='lat' dir='ltr'><strong>Non</strong></span> <span class='ocrx_word' id='word_1_494' title='bbox 665 2175 754 2201; x_wconf 86' lang='lat' dir='ltr'><strong>solum</strong></span> <span class='ocrx_word' id='word_1_495' title='bbox 769 2175 841 2201; x_wconf 87' lang='lat' dir='ltr'><strong>enim</strong></span> <span class='ocrx_word' id='word_1_496' title='bbox 857 2175 1015 2203; x_wconf 88' lang='lat' dir='ltr'><strong>auctoribus</strong></span> 
     </span>
    </p>
   </div>
   <div class='ocr_carea' id='block_1_64' title="bbox 229 2218 1054 2259">
    <p class='ocr_par' dir='ltr' id='par_1_64' title="bbox 229 2218 1054 2259">
     <span class='ocr_line' id='line_1_64' title="bbox 229 2218 1054 2259; baseline 0.005 -15"><span class='ocrx_word' id='word_1_497' title='bbox 229 2218 335 2252; x_wconf 79' lang='lat' dir='ltr'><strong>generis</strong></span> <span class='ocrx_word' id='word_1_498' title='bbox 349 2218 548 2253; x_wconf 82' lang='lat' dir='ltr'><strong>gratiﬁcantem</strong></span> <span class='ocrx_word' id='word_1_499' title='bbox 566 2218 649 2246; x_wconf 89' lang='lat' dir='ltr'><strong>Deum</strong></span> <span class='ocrx_word' id='word_1_500' title='bbox 677 2220 777 2247; x_wconf 81' lang='lat' dir='ltr'><strong>dixerit</strong></span> <span class='ocrx_word' id='word_1_501' title='bbox 795 2220 894 2255; x_wconf 89' lang='lat' dir='ltr'><strong>aliquis</strong></span> <span class='ocrx_word' id='word_1_502' title='bbox 915 2229 947 2247; x_wconf 86' lang='lat' dir='ltr'><strong>ex</strong></span> <span class='ocrx_word' id='word_1_503' title='bbox 964 2221 1016 2248; x_wconf 91' lang='lat' dir='ltr'><strong>im-</strong></span> <span class='ocrx_word' id='word_1_504' title='bbox 1032 2232 1054 2259; x_wconf 75' lang='grc' dir='ltr'>ο</span> 
     </span>
    </p>
   </div>
   <div class='ocr_carea' id='block_1_65' title="bbox 229 2263 1015 2300">
    <p class='ocr_par' dir='ltr' id='par_1_65' title="bbox 229 2263 1015 2300">
     <span class='ocr_line' id='line_1_65' title="bbox 229 2263 1015 2300; baseline 0.005 -10"><span class='ocrx_word' id='word_1_505' title='bbox 229 2263 314 2298; x_wconf 85' lang='lat' dir='ltr'><strong>proba</strong></span> <span class='ocrx_word' id='word_1_506' title='bbox 331 2264 388 2291; x_wconf 85' lang='lat' dir='ltr'><strong>vita</strong></span> <span class='ocrx_word' id='word_1_507' title='bbox 406 2264 559 2292; x_wconf 90' lang='lat' dir='ltr'><strong>subducere</strong></span> <span class='ocrx_word' id='word_1_508' title='bbox 570 2273 632 2291; x_wconf 88' lang='lat' dir='ltr'><strong>eum</strong></span> <span class='ocrx_word' id='word_1_509' title='bbox 646 2265 692 2300; x_wconf 68' lang='lat' dir='ltr'><strong>qui</strong></span> <span class='ocrx_word' id='word_1_510' title='bbox 709 2266 735 2292; x_wconf 95' lang='lat' dir='ltr'><strong>in</strong></span> <span class='ocrx_word' id='word_1_511' title='bbox 756 2274 786 2293; x_wconf 88' lang='lat' dir='ltr'><strong>ea</strong></span> <span class='ocrx_word' id='word_1_512' title='bbox 804 2266 928 2294; x_wconf 87' lang='lat' dir='ltr'><strong>victurus</strong></span> <span class='ocrx_word' id='word_1_513' title='bbox 947 2266 1015 2294; x_wconf 82' lang='lat' dir='ltr'><strong>fuis-</strong></span> 
     </span>
    </p>
   </div>
   <div class='ocr_carea' id='block_1_66' title="bbox 229 2310 1014 2347">
    <p class='ocr_par' dir='ltr' id='par_1_66' title="bbox 229 2310 1014 2347">
     <span class='ocr_line' id='line_1_66' title="bbox 229 2310 1014 2347; baseline 0.004 -10"><span class='ocrx_word' id='word_1_514' title='bbox 229 2314 282 2342; x_wconf 86' lang='lat' dir='ltr'><strong>set,</strong></span> <span class='ocrx_word' id='word_1_515' title='bbox 302 2317 396 2337; x_wconf 88' lang='lat' dir='ltr'><strong>verum</strong></span> <span class='ocrx_word' id='word_1_516' title='bbox 410 2310 492 2337; x_wconf 89' lang='lat' dir='ltr'><strong>etiam</strong></span> <span class='ocrx_word' id='word_1_517' title='bbox 507 2310 530 2337; x_wconf 90' lang='lat' dir='ltr'><strong>si</strong></span> <span class='ocrx_word' id='word_1_518' title='bbox 551 2310 617 2337; x_wconf 91' lang='lat' dir='ltr'><strong>nihil</strong></span> <span class='ocrx_word' id='word_1_519' title='bbox 640 2311 775 2345; x_wconf 87' lang='lat' dir='ltr'><strong>ejusmodi</strong></span> <span class='ocrx_word' id='word_1_520' title='bbox 795 2313 831 2338; x_wconf 86' lang='lat' dir='ltr'><strong>sit</strong></span> <span class='ocrx_word' id='word_1_521' title='bbox 846 2312 873 2338; x_wconf 94' lang='lat' dir='ltr'><strong>in</strong></span> <span class='ocrx_word' id='word_1_522' title='bbox 905 2313 948 2345; x_wconf 79' lang='lat' dir='ltr'><strong>iis,</strong></span> <span class='ocrx_word' id='word_1_523' title='bbox 968 2313 1014 2347; x_wconf 88' lang='lat' dir='ltr'><strong>qui</strong></span> 
     </span>
    </p>
   </div>
   <div class='ocr_carea' id='block_1_67' title="bbox 229 2355 1016 2392">
    <p class='ocr_par' dir='ltr' id='par_1_67' title="bbox 229 2355 1016 2392">
     <span class='ocr_line' id='line_1_67' title="bbox 229 2355 1016 2392; baseline 0.003 -9"><span class='ocrx_word' id='word_1_524' title='bbox 229 2360 394 2392; x_wconf 77' lang='lat' dir='ltr'><strong>przemature</strong></span> <span class='ocrx_word' id='word_1_525' title='bbox 419 2355 614 2390; x_wconf 85' lang='lat' dir='ltr'><strong>abripiuntur,</strong></span> <span class='ocrx_word' id='word_1_526' title='bbox 644 2355 715 2382; x_wconf 86' lang='lat' dir='ltr'><strong>haud</strong></span> <span class='ocrx_word' id='word_1_527' title='bbox 749 2357 900 2384; x_wconf 87' lang='lat' dir='ltr'><strong>absurdum</strong></span> <span class='ocrx_word' id='word_1_528' title='bbox 934 2357 1016 2385; x_wconf 79' lang='lat' dir='ltr'><strong>fuerit</strong></span> 
     </span>
    </p>
   </div>
   <div class='ocr_carea' id='block_1_68' title="bbox 229 2401 1015 2437">
    <p class='ocr_par' dir='ltr' id='par_1_68' title="bbox 229 2401 1015 2437">
     <span class='ocr_line' id='line_1_68' title="bbox 229 2401 1015 2437; baseline 0.001 -8"><span class='ocrx_word' id='word_1_529' title='bbox 229 2401 336 2437; x_wconf 86' lang='lat' dir='ltr'><strong>opinari</strong></span> <span class='ocrx_word' id='word_1_530' title='bbox 356 2401 477 2428; x_wconf 90' lang='lat' dir='ltr'><strong>atrocius</strong></span> <span class='ocrx_word' id='word_1_531' title='bbox 488 2408 520 2427; x_wconf 89' lang='lat' dir='ltr'><strong>ac</strong></span> <span class='ocrx_word' id='word_1_532' title='bbox 532 2401 715 2436; x_wconf 88' lang='lat' dir='ltr'><strong>periculosius</strong></span> <span class='ocrx_word' id='word_1_533' title='bbox 728 2402 788 2430; x_wconf 85' lang='lat' dir='ltr'><strong>illos</strong></span> <span class='ocrx_word' id='word_1_534' title='bbox 803 2411 863 2430; x_wconf 86' lang='lat' dir='ltr'><strong>sese</strong></span> <span class='ocrx_word' id='word_1_535' title='bbox 877 2403 903 2430; x_wconf 89' lang='lat' dir='ltr'><strong>in</strong></span> <span class='ocrx_word' id='word_1_536' title='bbox 919 2404 1015 2431; x_wconf 85' lang='lat' dir='ltr'><strong>vitiosa</strong></span> 
     </span>
    </p>
   </div>
   <div class='ocr_carea' id='block_1_69' title="bbox 228 2446 1014 2485">
    <p class='ocr_par' dir='ltr' id='par_1_69' title="bbox 228 2446 1014 2485">
     <span class='ocr_line' id='line_1_69' title="bbox 228 2446 1014 2485; baseline 0.003 -11"><span class='ocrx_word' id='word_1_537' title='bbox 228 2449 284 2474; x_wconf 90' lang='lat' dir='ltr'><strong>vita</strong></span> <span class='ocrx_word' id='word_1_538' title='bbox 298 2450 424 2482; x_wconf 76' lang='lat' dir='ltr'><strong>gesturos</strong></span> <span class='ocrx_word' id='word_1_539' title='bbox 441 2446 536 2479; x_wconf 81' lang='lat' dir='ltr'><strong>fuisse,</strong></span> <span class='ocrx_word' id='word_1_540' title='bbox 551 2454 631 2481; x_wconf 90' lang='lat' dir='ltr'><strong>quam</strong></span> <span class='ocrx_word' id='word_1_541' title='bbox 645 2447 753 2474; x_wconf 87' lang='lat' dir='ltr'><strong>illorum</strong></span> <span class='ocrx_word' id='word_1_542' title='bbox 771 2456 946 2483; x_wconf 86' lang='lat' dir='ltr'><strong>quemquam,</strong></span> <span class='ocrx_word' id='word_1_543' title='bbox 969 2450 1014 2485; x_wconf 90' lang='lat' dir='ltr'><strong>qui</strong></span> 
     </span>
    </p>
   </div>
   <div class='ocr_carea' id='block_1_70' title="bbox 229 2493 1014 2527">
    <p class='ocr_par' dir='ltr' id='par_1_70' title="bbox 229 2493 1014 2527">
     <span class='ocr_line' id='line_1_70' title="bbox 229 2493 1014 2527; baseline 0.001 -6"><span class='ocrx_word' id='word_1_544' title='bbox 229 2494 265 2521; x_wconf 87' lang='lat' dir='ltr'><strong>ob</strong></span> <span class='ocrx_word' id='word_1_545' title='bbox 288 2495 370 2520; x_wconf 87' lang='lat' dir='ltr'><strong>vitam</strong></span> <span class='ocrx_word' id='word_1_546' title='bbox 388 2499 504 2526; x_wconf 85' lang='lat' dir='ltr'><strong>nequam</strong></span> <span class='ocrx_word' id='word_1_547' title='bbox 531 2497 611 2526; x_wconf 85' lang='lat' dir='ltr'><strong>atque</strong></span> <span class='ocrx_word' id='word_1_548' title='bbox 628 2493 778 2527; x_wconf 70' lang='lat' dir='ltr'><strong>improbatur</strong></span> <span class='ocrx_word' id='word_1_549' title='bbox 795 2495 931 2521; x_wconf 87' lang='lat' dir='ltr'><strong>nobilitati</strong></span> <span class='ocrx_word' id='word_1_550' title='bbox 955 2495 1014 2522; x_wconf 80' lang='lat' dir='ltr'><strong>fue-</strong></span> 
     </span>
    </p>
   </div>
   <div class='ocr_carea' id='block_1_71' title="bbox 229 2537 1015 2567">
    <p class='ocr_par' dir='ltr' id='par_1_71' title="bbox 229 2537 1015 2567">
     <span class='ocr_line' id='line_1_71' title="bbox 229 2537 1015 2567; baseline 0.001 -1"><span class='ocrx_word' id='word_1_551' title='bbox 229 2540 295 2567; x_wconf 89' lang='lat' dir='ltr'><strong>rint.</strong></span> <span class='ocrx_word' id='word_1_552' title='bbox 312 2539 378 2565; x_wconf 83' lang='lat' dir='ltr'><strong>Nam</strong></span> <span class='ocrx_word' id='word_1_553' title='bbox 393 2539 461 2565; x_wconf 92' lang='lat' dir='ltr'><strong>nihil</strong></span> <span class='ocrx_word' id='word_1_554' title='bbox 474 2538 530 2565; x_wconf 81' lang='lat' dir='ltr'><strong>ﬁeri</strong></span> <span class='ocrx_word' id='word_1_555' title='bbox 552 2538 612 2565; x_wconf 84' lang='lat' dir='ltr'><strong>sine</strong></span> <span class='ocrx_word' id='word_1_556' title='bbox 627 2537 682 2565; x_wconf 86' lang='lat' dir='ltr'><strong>Deo</strong></span> <span class='ocrx_word' id='word_1_557' title='bbox 698 2547 730 2565; x_wconf 80' lang='lat' dir='ltr'><strong>ex</strong></span> <span class='ocrx_word' id='word_1_558' title='bbox 748 2540 841 2567; x_wconf 86' lang='lat' dir='ltr'><strong>multis</strong></span> <span class='ocrx_word' id='word_1_559' title='bbox 862 2540 944 2567; x_wconf 88' lang='lat' dir='ltr'><strong>rebus</strong></span> <span class='ocrx_word' id='word_1_560' title='bbox 972 2540 1015 2567; x_wconf 87' lang='lat' dir='ltr'><strong>di-</strong></span> 
     </span>
    </p>
   </div>
   <div class='ocr_carea' id='block_1_72' title="bbox 231 2585 1015 2617">
    <p class='ocr_par' dir='ltr' id='par_1_72' title="bbox 231 2585 1015 2617">
     <span class='ocr_line' id='line_1_72' title="bbox 231 2585 1015 2617; baseline 0.003 -5"><span class='ocrx_word' id='word_1_561' title='bbox 231 2585 373 2613; x_wconf 86' lang='lat' dir='ltr'><strong>dicimus:</strong></span> <span class='ocrx_word' id='word_1_562' title='bbox 406 2592 517 2611; x_wconf 89' lang='lat' dir='ltr'><strong>rursum</strong></span> <span class='ocrx_word' id='word_1_563' title='bbox 547 2592 611 2611; x_wconf 83' lang='lat' dir='ltr'><strong>vero</strong></span> <span class='ocrx_word' id='word_1_564' title='bbox 634 2592 687 2611; x_wconf 85' lang='lat' dir='ltr'><strong>non</strong></span> <span class='ocrx_word' id='word_1_565' title='bbox 722 2585 834 2612; x_wconf 76' lang='lat' dir='ltr'><strong>fortuita</strong></span> <span class='ocrx_word' id='word_1_566' title='bbox 864 2594 937 2617; x_wconf 82' lang='lat' dir='ltr'><strong>esse,</strong></span> <span class='ocrx_word' id='word_1_567' title='bbox 966 2594 1015 2614; x_wconf 90' lang='lat' dir='ltr'><strong>nec</strong></span> 
     </span>
    </p>
   </div>
   <div class='ocr_carea' id='block_1_73' title="bbox 230 2630 1014 2665">
    <p class='ocr_par' dir='ltr' id='par_1_73' title="bbox 230 2630 1014 2665">
     <span class='ocr_line' id='line_1_73' title="bbox 230 2630 1014 2665; baseline 0.001 -7"><span class='ocrx_word' id='word_1_568' title='bbox 230 2631 337 2659; x_wconf 82' lang='lat' dir='ltr'><strong>ratione</strong></span> <span class='ocrx_word' id='word_1_569' title='bbox 363 2638 458 2658; x_wconf 82' lang='lat' dir='ltr'><strong>carere</strong></span> <span class='ocrx_word' id='word_1_570' title='bbox 487 2638 519 2657; x_wconf 82' lang='lat' dir='ltr'><strong>ea</strong></span> <span class='ocrx_word' id='word_1_571' title='bbox 537 2638 596 2665; x_wconf 68' lang='lat' dir='ltr'><strong>qua:</strong></span> <span class='ocrx_word' id='word_1_572' title='bbox 615 2630 748 2658; x_wconf 87' lang='lat' dir='ltr'><strong>divinitus</strong></span> <span class='ocrx_word' id='word_1_573' title='bbox 775 2632 1014 2665; x_wconf 82' lang='lat' dir='ltr'><strong>administranturl</strong></span> 
     </span>
    </p>
   </div>
   <div class='ocr_carea' id='block_1_74' title="bbox 231 2677 1016 2712">
    <p class='ocr_par' dir='ltr' id='par_1_74' title="bbox 231 2677 1016 2712">
     <span class='ocr_line' id='line_1_74' title="bbox 231 2677 1016 2712; baseline 0.001 -7"><span class='ocrx_word' id='word_1_574' title='bbox 231 2685 312 2705; x_wconf 90' lang='lat' dir='ltr'><strong>nemo</strong></span> <span class='ocrx_word' id='word_1_575' title='bbox 324 2685 378 2704; x_wconf 89' lang='lat' dir='ltr'><strong>non</strong></span> <span class='ocrx_word' id='word_1_576' title='bbox 394 2677 572 2707; x_wconf 85' lang='lat' dir='ltr'><strong>concesserit,</strong></span> <span class='ocrx_word' id='word_1_577' title='bbox 592 2677 684 2704; x_wconf 85' lang='lat' dir='ltr'><strong>sciens</strong></span> <span class='ocrx_word' id='word_1_578' title='bbox 711 2677 784 2712; x_wconf 91' lang='lat' dir='ltr'><strong>quod</strong></span> <span class='ocrx_word' id='word_1_579' title='bbox 812 2677 883 2705; x_wconf 88' lang='lat' dir='ltr'><strong>Deus</strong></span> <span class='ocrx_word' id='word_1_580' title='bbox 899 2679 969 2705; x_wconf 89' lang='lat' dir='ltr'><strong>ratio</strong></span> <span class='ocrx_word' id='word_1_581' title='bbox 985 2687 1016 2706; x_wconf 88' lang='lat' dir='ltr'><strong>ac</strong></span> 
     </span>
    </p>
   </div>
   <div class='ocr_carea' id='block_1_75' title="bbox 232 2722 1017 2757">
    <p class='ocr_par' dir='ltr' id='par_1_75' title="bbox 232 2722 1017 2757">
     <span class='ocr_line' id='line_1_75' title="bbox 232 2722 1017 2757; baseline 0.001 -7"><span class='ocrx_word' id='word_1_582' title='bbox 232 2722 366 2757; x_wconf 88' lang='lat' dir='ltr'><strong>sapientia</strong></span> <span class='ocrx_word' id='word_1_583' title='bbox 393 2727 446 2753; x_wconf 80' lang='lat' dir='ltr'><strong>est,</strong></span> <span class='ocrx_word' id='word_1_584' title='bbox 468 2726 495 2749; x_wconf 87' lang='lat' dir='ltr'><strong>et</strong></span> <span class='ocrx_word' id='word_1_585' title='bbox 521 2722 610 2749; x_wconf 91' lang='lat' dir='ltr'><strong>omnis</strong></span> <span class='ocrx_word' id='word_1_586' title='bbox 627 2722 713 2749; x_wconf 89' lang='lat' dir='ltr'><strong>virtus</strong></span> <span class='ocrx_word' id='word_1_587' title='bbox 740 2728 772 2748; x_wconf 85' lang='lat' dir='ltr'><strong>ac</strong></span> <span class='ocrx_word' id='word_1_588' title='bbox 799 2722 914 2750; x_wconf 87' lang='lat' dir='ltr'><strong>veritas.</strong></span> <span class='ocrx_word' id='word_1_589' title='bbox 943 2723 1017 2751; x_wconf 80' lang='lat' dir='ltr'><strong>Nihil</strong></span> 
     </span>
    </p>
   </div>
   <div class='ocr_carea' id='block_1_76' title="bbox 232 2769 1018 2803">
    <p class='ocr_par' dir='ltr' id='par_1_76' title="bbox 232 2769 1018 2803">
     <span class='ocr_line' id='line_1_76' title="bbox 232 2769 1018 2803; baseline 0.003 -8"><span class='ocrx_word' id='word_1_590' title='bbox 232 2774 321 2796; x_wconf 83' lang='lat' dir='ltr'><strong>autent</strong></span> <span class='ocrx_word' id='word_1_591' title='bbox 344 2769 467 2800; x_wconf 82' lang='lat' dir='ltr'><strong>rationis,</strong></span> <span class='ocrx_word' id='word_1_592' title='bbox 485 2769 589 2795; x_wconf 88' lang='lat' dir='ltr'><strong>ratione</strong></span> <span class='ocrx_word' id='word_1_593' title='bbox 606 2771 691 2798; x_wconf 91' lang='lat' dir='ltr'><strong>caret,</strong></span> <span class='ocrx_word' id='word_1_594' title='bbox 716 2776 803 2802; x_wconf 77' lang='lat' dir='ltr'><strong>neque</strong></span> <span class='ocrx_word' id='word_1_595' title='bbox 821 2769 953 2803; x_wconf 88' lang='lat' dir='ltr'><strong>sapientis</strong></span> <span class='ocrx_word' id='word_1_596' title='bbox 968 2770 1018 2797; x_wconf 85' lang='lat' dir='ltr'><strong>ali-</strong></span> 
     </span>
    </p>
   </div>
   <div class='ocr_carea' id='block_1_77' title="bbox 232 2815 1016 2849">
    <p class='ocr_par' dir='ltr' id='par_1_77' title="bbox 232 2815 1016 2849">
     <span class='ocr_line' id='line_1_77' title="bbox 232 2815 1016 2849; baseline 0.003 -9"><span class='ocrx_word' id='word_1_597' title='bbox 232 2815 297 2849; x_wconf 87' lang='lat' dir='ltr'><strong>quid</strong></span> <span class='ocrx_word' id='word_1_598' title='bbox 319 2815 450 2849; x_wconf 87' lang='lat' dir='ltr'><strong>insipiens</strong></span> <span class='ocrx_word' id='word_1_599' title='bbox 471 2819 523 2845; x_wconf 85' lang='lat' dir='ltr'><strong>est,</strong></span> <span class='ocrx_word' id='word_1_600' title='bbox 540 2821 627 2848; x_wconf 78' lang='lat' dir='ltr'><strong>neque</strong></span> <span class='ocrx_word' id='word_1_601' title='bbox 642 2818 699 2840; x_wconf 92' lang='lat' dir='ltr'><strong>tum</strong></span> <span class='ocrx_word' id='word_1_602' title='bbox 716 2815 817 2847; x_wconf 80' lang='lat' dir='ltr'><strong>virtus.</strong></span> <span class='ocrx_word' id='word_1_603' title='bbox 835 2819 892 2842; x_wconf 93' lang='lat' dir='ltr'><strong>tum</strong></span> <span class='ocrx_word' id='word_1_604' title='bbox 916 2815 1016 2843; x_wconf 86' lang='lat' dir='ltr'><strong>veritas</strong></span> 
     </span>
    </p>
   </div>
   <div class='ocr_carea' id='block_1_78' title="bbox 231 2859 1017 2897">
    <p class='ocr_par' dir='ltr' id='par_1_78' title="bbox 231 2859 1017 2897">
     <span class='ocr_line' id='line_1_78' title="bbox 231 2859 1017 2897; baseline 0.004 -11"><span class='ocrx_word' id='word_1_605' title='bbox 231 2859 375 2888; x_wconf 81' lang='lat' dir='ltr'><strong>admiserit</strong></span> <span class='ocrx_word' id='word_1_606' title='bbox 389 2864 470 2897; x_wconf 83' lang='lat' dir='ltr'><strong>atque</strong></span> <span class='ocrx_word' id='word_1_607' title='bbox 491 2859 652 2886; x_wconf 84' lang='lat' dir='ltr'><strong>sustinuerit</strong></span> <span class='ocrx_word' id='word_1_608' title='bbox 679 2859 705 2886; x_wconf 94' lang='lat' dir='ltr'><strong>id</strong></span> <span class='ocrx_word' id='word_1_609' title='bbox 726 2860 798 2888; x_wconf 89' lang='lat' dir='ltr'><strong>onod</strong></span> <span class='ocrx_word' id='word_1_610' title='bbox 828 2868 890 2888; x_wconf 90' lang='lat' dir='ltr'><strong>cum</strong></span> <span class='ocrx_word' id='word_1_611' title='bbox 916 2860 1017 2889; x_wconf 87' lang='lat' dir='ltr'><strong>virtute</strong></span> 
     </span>
    </p>
   </div>
   <div class='ocr_carea' id='block_1_79' title="bbox 1109 1393 1856 1429">
    <p class='ocr_par' dir='ltr' id='par_1_79' title="bbox 1109 1393 1856 1429">
     <span class='ocr_line' id='line_1_79' title="bbox 1109 1393 1856 1429; baseline 0.001 -9"><span class='ocrx_word' id='word_1_612' title='bbox 1109 1394 1188 1420; x_wconf 74' lang='grc' dir='ltr'>Ἀλλὰ</span> <span class='ocrx_word' id='word_1_613' title='bbox 1203 1393 1246 1420; x_wconf 80' lang='grc' dir='ltr'><strong>διὰ</strong></span> <span class='ocrx_word' id='word_1_614' title='bbox 1262 1393 1298 1425; x_wconf 82' lang='grc' dir='ltr'>τί,</span> <span class='ocrx_word' id='word_1_615' title='bbox 1315 1393 1422 1424; x_wconf 72' lang='grc' dir='ltr'>πάντως</span> <span class='ocrx_word' id='word_1_616' title='bbox 1438 1393 1520 1428; x_wconf 80' lang='grc' dir='ltr'>ἐρεῖς,</span> <span class='ocrx_word' id='word_1_617' title='bbox 1535 1393 1581 1420; x_wconf 82' lang='grc' dir='ltr'><strong>τὸν</strong></span> <span class='ocrx_word' id='word_1_618' title='bbox 1605 1393 1653 1428; x_wconf 80' lang='grc' dir='ltr'>μὲν</span> <span class='ocrx_word' id='word_1_619' title='bbox 1671 1395 1856 1429; x_wconf 80' lang='grc' dir='ltr'>προνοητικῶς</span> 
     </span>
    </p>
   </div>
   <div class='ocr_carea' id='block_1_80' title="bbox 1068 1439 1857 1476">
    <p class='ocr_par' dir='ltr' id='par_1_80' title="bbox 1068 1439 1857 1476">
     <span class='ocr_line' id='line_1_80' title="bbox 1068 1439 1857 1476; baseline 0 -9"><span class='ocrx_word' id='word_1_620' title='bbox 1068 1441 1197 1475; x_wconf 77' lang='grc' dir='ltr'>ὑπεξάγει</span> <span class='ocrx_word' id='word_1_621' title='bbox 1209 1440 1254 1466; x_wconf 80' lang='grc' dir='ltr'>τοῦ</span> <span class='ocrx_word' id='word_1_622' title='bbox 1267 1440 1324 1474; x_wconf 82' lang='grc' dir='ltr'>βίου</span> <span class='ocrx_word' id='word_1_623' title='bbox 1339 1440 1403 1475; x_wconf 67' lang='grc' dir='ltr'>πρὶν</span> <span class='ocrx_word' id='word_1_624' title='bbox 1413 1439 1586 1475; x_wconf 76' lang='grc' dir='ltr'>τελειωθῆναι</span> <span class='ocrx_word' id='word_1_625' title='bbox 1597 1440 1640 1466; x_wconf 84' lang='grc' dir='ltr'><strong>διὰ</strong></span> <span class='ocrx_word' id='word_1_626' title='bbox 1651 1439 1698 1466; x_wconf 80' lang='grc' dir='ltr'>τοῦ</span> <span class='ocrx_word' id='word_1_627' title='bbox 1711 1440 1797 1467; x_wconf 80' lang='grc' dir='ltr'>κακοῦ</span> <span class='ocrx_word' id='word_1_628' title='bbox 1809 1441 1857 1476; x_wconf 76' lang='grc' dir='ltr'>τὴν</span> 
     </span>
    </p>
   </div>
   <div class='ocr_carea' id='block_1_81' title="bbox 1067 1485 1857 1522">
    <p class='ocr_par' dir='ltr' id='par_1_81' title="bbox 1067 1485 1857 1522">
     <span class='ocr_line' id='line_1_81' title="bbox 1067 1485 1857 1522; baseline -0.001 -9"><span class='ocrx_word' id='word_1_629' title='bbox 1067 1487 1235 1522; x_wconf 78' lang='grc' dir='ltr'>προαίρεσιν,</span> <span class='ocrx_word' id='word_1_630' title='bbox 1260 1486 1305 1512; x_wconf 70' lang='grc' dir='ltr'>τὸν</span> <span class='ocrx_word' id='word_1_631' title='bbox 1319 1486 1347 1512; x_wconf 82' lang='grc' dir='ltr'>δὲ</span> <span class='ocrx_word' id='word_1_632' title='bbox 1364 1485 1523 1512; x_wconf 83' lang='grc' dir='ltr'>καταλείπει</span> <span class='ocrx_word' id='word_1_633' title='bbox 1532 1485 1657 1519; x_wconf 82' lang='grc' dir='ltr'>γενέσθαι</span> <span class='ocrx_word' id='word_1_634' title='bbox 1669 1486 1800 1517; x_wconf 76' lang='grc' dir='ltr'>τοιοῦτον,</span> <span class='ocrx_word' id='word_1_635' title='bbox 1819 1486 1857 1518; x_wconf 86' lang='grc' dir='ltr'>ὼς</span> 
     </span>
    </p>
   </div>
   <div class='ocr_carea' id='block_1_82' title="bbox 1066 1531 1858 1568">
    <p class='ocr_par' dir='ltr' id='par_1_82' title="bbox 1066 1531 1858 1568">
     <span class='ocr_line' id='line_1_82' title="bbox 1066 1531 1858 1568; baseline -0.003 -8"><span class='ocrx_word' id='word_1_636' title='bbox 1066 1533 1176 1568; x_wconf 80' lang='grc' dir='ltr'>ἄμεινον</span> <span class='ocrx_word' id='word_1_637' title='bbox 1184 1533 1257 1568; x_wconf 77' lang='grc' dir='ltr'>αὐτῷ</span> <span class='ocrx_word' id='word_1_638' title='bbox 1263 1531 1332 1559; x_wconf 81' lang='grc' dir='ltr'>εἶναι</span> <span class='ocrx_word' id='word_1_639' title='bbox 1343 1532 1372 1558; x_wconf 83' lang='grc' dir='ltr'>τὸ</span> <span class='ocrx_word' id='word_1_640' title='bbox 1381 1532 1417 1567; x_wconf 85' lang='grc' dir='ltr'>μὴ</span> <span class='ocrx_word' id='word_1_641' title='bbox 1430 1531 1555 1566; x_wconf 82' lang='grc' dir='ltr'>γενέσθαι</span> <span class='ocrx_word' id='word_1_642' title='bbox 1569 1531 1651 1565; x_wconf 83' lang='grc' dir='ltr'>ὅλως;</span> <span class='ocrx_word' id='word_1_643' title='bbox 1663 1532 1734 1568; x_wconf 80' lang='grc' dir='ltr'>Πρὸς</span> <span class='ocrx_word' id='word_1_644' title='bbox 1740 1532 1769 1558; x_wconf 83' lang='grc' dir='ltr'><strong>δὲ</strong></span> <span class='ocrx_word' id='word_1_645' title='bbox 1780 1532 1858 1559; x_wconf 81' lang='grc' dir='ltr'>τοῦτο</span> 
     </span>
    </p>
   </div>
   <div class='ocr_carea' id='block_1_83' title="bbox 1064 1577 1859 1614">
    <p class='ocr_par' dir='ltr' id='par_1_83' title="bbox 1064 1577 1859 1614">
     <span class='ocr_line' id='line_1_83' title="bbox 1064 1577 1859 1614; baseline 0 -9"><span class='ocrx_word' id='word_1_646' title='bbox 1064 1579 1183 1605; x_wconf 72' lang='grc' dir='ltr'>τοιοῦτόν</span> <span class='ocrx_word' id='word_1_647' title='bbox 1218 1587 1277 1605; x_wconf 90' lang='grc' dir='ltr'>τινα</span> <span class='ocrx_word' id='word_1_648' title='bbox 1308 1579 1364 1609; x_wconf 84' lang='grc' dir='ltr'>τοῖς</span> <span class='ocrx_word' id='word_1_649' title='bbox 1390 1577 1652 1613; x_wconf 65' lang='grc' dir='ltr'>εὐγνωμονεστέρας</span> <span class='ocrx_word' id='word_1_650' title='bbox 1681 1578 1859 1614; x_wconf 82' lang='grc' dir='ltr'>ἀποδώσομεν</span> 
     </span>
    </p>
   </div>
   <div class='ocr_carea' id='block_1_84' title="bbox 1065 1621 1858 1658">
    <p class='ocr_par' dir='ltr' id='par_1_84' title="bbox 1065 1621 1858 1658">
     <span class='ocr_line' id='line_1_84' title="bbox 1065 1621 1858 1658; baseline 0.001 -8"><span class='ocrx_word' id='word_1_651' title='bbox 1065 1624 1152 1657; x_wconf 80' lang='grc' dir='ltr'>λόγον,</span> <span class='ocrx_word' id='word_1_652' title='bbox 1177 1625 1218 1650; x_wconf 76' lang='grc' dir='ltr'>ὅτι</span> <span class='ocrx_word' id='word_1_653' title='bbox 1239 1623 1367 1654; x_wconf 81' lang='grc' dir='ltr'>πολλάκις</span> <span class='ocrx_word' id='word_1_654' title='bbox 1387 1621 1475 1658; x_wconf 81' lang='grc' dir='ltr'><strong>ήζωὴ</strong></span> <span class='ocrx_word' id='word_1_655' title='bbox 1493 1623 1547 1649; x_wconf 83' lang='grc' dir='ltr'><strong>τῶν</strong></span> <span class='ocrx_word' id='word_1_656' title='bbox 1565 1622 1595 1650; x_wconf 76' lang='grc' dir='ltr'>εὖ</span> <span class='ocrx_word' id='word_1_657' title='bbox 1620 1623 1789 1658; x_wconf 77' lang='grc' dir='ltr'>βεϐιωκότων</span> <span class='ocrx_word' id='word_1_658' title='bbox 1812 1625 1858 1651; x_wconf 75' lang='grc' dir='ltr'><strong>καὶ</strong></span> 
     </span>
    </p>
   </div>
   <div class='ocr_carea' id='block_1_85' title="bbox 1065 1669 1858 1705">
    <p class='ocr_par' dir='ltr' id='par_1_85' title="bbox 1065 1669 1858 1705">
     <span class='ocr_line' id='line_1_85' title="bbox 1065 1669 1858 1705; baseline 0.001 -9"><span class='ocrx_word' id='word_1_659' title='bbox 1065 1672 1120 1702; x_wconf 82' lang='grc' dir='ltr'>τοῖς</span> <span class='ocrx_word' id='word_1_660' title='bbox 1132 1670 1161 1702; x_wconf 77' lang='grc' dir='ltr'>ἐξ</span> <span class='ocrx_word' id='word_1_661' title='bbox 1172 1670 1260 1696; x_wconf 75' lang='grc' dir='ltr'>αὐτῶν</span> <span class='ocrx_word' id='word_1_662' title='bbox 1272 1669 1398 1696; x_wconf 76' lang='grc' dir='ltr'>αἱτίατοῦ</span> <span class='ocrx_word' id='word_1_663' title='bbox 1416 1669 1550 1704; x_wconf 80' lang='grc' dir='ltr'>βελτίονος</span> <span class='ocrx_word' id='word_1_664' title='bbox 1565 1669 1679 1703; x_wconf 81' lang='grc' dir='ltr'>γίνεται.</span> <span class='ocrx_word' id='word_1_665' title='bbox 1693 1670 1745 1696; x_wconf 81' lang='grc' dir='ltr'><strong>Καὶ</strong></span> <span class='ocrx_word' id='word_1_666' title='bbox 1762 1670 1858 1705; x_wconf 87' lang='grc' dir='ltr'>μυρίαι</span> 
     </span>
    </p>
   </div>
   <div class='ocr_carea' id='block_1_86' title="bbox 1065 1715 1857 1752">
    <p class='ocr_par' dir='ltr' id='par_1_86' title="bbox 1065 1715 1857 1752">
     <span class='ocr_line' id='line_1_86' title="bbox 1065 1715 1857 1752; baseline 0.001 -11"><span class='ocrx_word' id='word_1_667' title='bbox 1065 1716 1166 1742; x_wconf 80' lang='grc' dir='ltr'>τούτων</span> <span class='ocrx_word' id='word_1_668' title='bbox 1190 1717 1221 1742; x_wconf 77' lang='grc' dir='ltr'>ἐκ</span> <span class='ocrx_word' id='word_1_669' title='bbox 1241 1716 1289 1750; x_wconf 87' lang='grc' dir='ltr'>τῆς</span> <span class='ocrx_word' id='word_1_670' title='bbox 1311 1715 1489 1742; x_wconf 85' lang='grc' dir='ltr'>θεοπνεύστου</span> <span class='ocrx_word' id='word_1_671' title='bbox 1514 1716 1625 1751; x_wconf 77' lang='grc' dir='ltr'>Γραφῆς</span> <span class='ocrx_word' id='word_1_672' title='bbox 1651 1716 1679 1742; x_wconf 86' lang='grc' dir='ltr'><strong>αί</strong></span> <span class='ocrx_word' id='word_1_673' title='bbox 1697 1716 1857 1752; x_wconf 81' lang='grc' dir='ltr'>μαρτυρίαι,</span> 
     </span>
    </p>
   </div>
   <div class='ocr_carea' id='block_1_87' title="bbox 1065 1758 1858 1797">
    <p class='ocr_par' dir='ltr' id='par_1_87' title="bbox 1065 1758 1858 1797">
     <span class='ocr_line' id='line_1_87' title="bbox 1065 1758 1858 1797; baseline 0.001 -10"><span class='ocrx_word' id='word_1_674' title='bbox 1065 1761 1099 1787; x_wconf 79' lang='grc' dir='ltr'><strong>δι’</strong></span> <span class='ocrx_word' id='word_1_675' title='bbox 1120 1758 1158 1787; x_wconf 86' lang='grc' dir='ltr'>ὧν</span> <span class='ocrx_word' id='word_1_676' title='bbox 1179 1761 1272 1795; x_wconf 74' lang='grc' dir='ltr'>σαφῶς</span> <span class='ocrx_word' id='word_1_677' title='bbox 1291 1761 1471 1796; x_wconf 82' lang='grc' dir='ltr'>διδασκόμεθα</span> <span class='ocrx_word' id='word_1_678' title='bbox 1490 1762 1540 1796; x_wconf 80' lang='grc' dir='ltr'>τῆς</span> <span class='ocrx_word' id='word_1_679' title='bbox 1553 1762 1628 1797; x_wconf 76' lang='grc' dir='ltr'>παρὰ</span> <span class='ocrx_word' id='word_1_680' title='bbox 1639 1761 1685 1788; x_wconf 81' lang='grc' dir='ltr'><strong>τοῦ</strong></span> <span class='ocrx_word' id='word_1_681' title='bbox 1697 1762 1764 1788; x_wconf 80' lang='grc' dir='ltr'><strong>Θεοῦ</strong></span> <span class='ocrx_word' id='word_1_682' title='bbox 1780 1771 1858 1796; x_wconf 83' lang='grc' dir='ltr'>γενο-</span> 
     </span>
    </p>
   </div>
   <div class='ocr_carea' id='block_1_88' title="bbox 1067 1805 1859 1842">
    <p class='ocr_par' dir='ltr' id='par_1_88' title="bbox 1067 1805 1859 1842">
     <span class='ocr_line' id='line_1_88' title="bbox 1067 1805 1859 1842; baseline 0.003 -10"><span class='ocrx_word' id='word_1_683' title='bbox 1067 1806 1150 1840; x_wconf 77' lang='grc' dir='ltr'>μένης</span> <span class='ocrx_word' id='word_1_684' title='bbox 1165 1807 1221 1838; x_wconf 86' lang='grc' dir='ltr'>τοῖς</span> <span class='ocrx_word' id='word_1_685' title='bbox 1234 1805 1320 1837; x_wconf 78' lang='grc' dir='ltr'>ἀξίοις</span> <span class='ocrx_word' id='word_1_686' title='bbox 1332 1806 1494 1841; x_wconf 79' lang='grc' dir='ltr'>κηδεμονίας</span> <span class='ocrx_word' id='word_1_687' title='bbox 1506 1806 1553 1833; x_wconf 68' lang='grc' dir='ltr'>καὶ</span> <span class='ocrx_word' id='word_1_688' title='bbox 1567 1807 1630 1838; x_wconf 82' lang='grc' dir='ltr'>τοὺς</span> <span class='ocrx_word' id='word_1_689' title='bbox 1639 1806 1667 1840; x_wconf 77' lang='grc' dir='ltr'>ὲξ</span> <span class='ocrx_word' id='word_1_690' title='bbox 1686 1807 1776 1833; x_wconf 76' lang='grc' dir='ltr'>αὐτῶν</span> <span class='ocrx_word' id='word_1_691' title='bbox 1789 1816 1859 1842; x_wconf 84' lang='grc' dir='ltr'>συμ-</span> 
     </span>
    </p>
   </div>
   <div class='ocr_carea' id='block_1_89' title="bbox 1068 1853 1858 1888">
    <p class='ocr_par' dir='ltr' id='par_1_89' title="bbox 1068 1853 1858 1888">
     <span class='ocr_line' id='line_1_89' title="bbox 1068 1853 1858 1888; baseline 0.003 -10"><span class='ocrx_word' id='word_1_692' title='bbox 1068 1853 1201 1887; x_wconf 79' lang='grc' dir='ltr'>μετέχειν.</span> <span class='ocrx_word' id='word_1_693' title='bbox 1218 1853 1330 1886; x_wconf 73' lang='grc' dir='ltr'>Ἀγαθὴν</span> <span class='ocrx_word' id='word_1_694' title='bbox 1345 1853 1368 1878; x_wconf 76' lang='grc' dir='ltr'><strong>δ’</strong></span> <span class='ocrx_word' id='word_1_695' title='bbox 1388 1853 1420 1878; x_wconf 87' lang='grc' dir='ltr'><strong>ἂν</strong></span> <span class='ocrx_word' id='word_1_696' title='bbox 1435 1853 1476 1888; x_wconf 78' lang='grc' dir='ltr'><strong>εἴη</strong></span> <span class='ocrx_word' id='word_1_697' title='bbox 1495 1853 1640 1887; x_wconf 83' lang='grc' dir='ltr'>κεφάλαιον</span> <span class='ocrx_word' id='word_1_698' title='bbox 1656 1854 1703 1880; x_wconf 80' lang='grc' dir='ltr'>καὶ</span> <span class='ocrx_word' id='word_1_699' title='bbox 1720 1854 1750 1880; x_wconf 79' lang='grc' dir='ltr'><strong>τὸ</strong></span> <span class='ocrx_word' id='word_1_700' title='bbox 1769 1854 1858 1888; x_wconf 76' lang='grc' dir='ltr'>ἐμπο-</span> 
     </span>
    </p>
   </div>
   <div class='ocr_carea' id='block_1_90' title="bbox 1065 1897 1858 1934">
    <p class='ocr_par' dir='ltr' id='par_1_90' title="bbox 1065 1897 1858 1934">
     <span class='ocr_line' id='line_1_90' title="bbox 1065 1897 1858 1934; baseline 0.005 -11"><span class='ocrx_word' id='word_1_701' title='bbox 1065 1897 1117 1923; x_wconf 77' lang='grc' dir='ltr'><strong>δών</strong></span> <span class='ocrx_word' id='word_1_702' title='bbox 1133 1907 1184 1924; x_wconf 85' lang='grc' dir='ltr'>τινι</span> <span class='ocrx_word' id='word_1_703' title='bbox 1205 1898 1274 1932; x_wconf 82' lang='grc' dir='ltr'>πρὸς</span> <span class='ocrx_word' id='word_1_704' title='bbox 1292 1899 1390 1925; x_wconf 85' lang='grc' dir='ltr'>κακίαν</span> <span class='ocrx_word' id='word_1_705' title='bbox 1407 1899 1533 1932; x_wconf 80' lang='grc' dir='ltr'>γενέσθαι</span> <span class='ocrx_word' id='word_1_706' title='bbox 1550 1899 1588 1934; x_wconf 86' lang='grc' dir='ltr'>τῷ</span> <span class='ocrx_word' id='word_1_707' title='bbox 1608 1899 1731 1934; x_wconf 82' lang='grc' dir='ltr'>μέλλοντι</span> <span class='ocrx_word' id='word_1_708' title='bbox 1749 1900 1858 1932; x_wconf 78' lang='grc' dir='ltr'>πάντως</span> 
     </span>
    </p>
   </div>
   <div class='ocr_carea' id='block_1_91' title="bbox 1067 1943 1859 1980">
    <p class='ocr_par' dir='ltr' id='par_1_91' title="bbox 1067 1943 1859 1980">
     <span class='ocr_line' id='line_1_91' title="bbox 1067 1943 1859 1980; baseline 0.004 -11"><span class='ocrx_word' id='word_1_709' title='bbox 1067 1944 1126 1970; x_wconf 74' lang='grc' dir='ltr'>κατ’</span> <span class='ocrx_word' id='word_1_710' title='bbox 1141 1943 1247 1978; x_wconf 74' lang='grc' dir='ltr'>ἐκείνην</span> <span class='ocrx_word' id='word_1_711' title='bbox 1266 1943 1420 1978; x_wconf 79' lang='grc' dir='ltr'>βιώσεσθαι.</span> <span class='ocrx_word' id='word_1_712' title='bbox 1445 1944 1521 1971; x_wconf 74' lang='grc' dir='ltr'>Ἐπεὶ</span> <span class='ocrx_word' id='word_1_713' title='bbox 1548 1944 1576 1971; x_wconf 84' lang='grc' dir='ltr'><strong>δὲ</strong></span> <span class='ocrx_word' id='word_1_714' title='bbox 1592 1944 1646 1971; x_wconf 84' lang='grc' dir='ltr'><strong>τῶν</strong></span> <span class='ocrx_word' id='word_1_715' title='bbox 1667 1944 1774 1980; x_wconf 83' lang='grc' dir='ltr'>ἀδήλων</span> <span class='ocrx_word' id='word_1_716' title='bbox 1787 1946 1802 1972; x_wconf 86' lang='grc' dir='ltr'><strong>ό</strong></span> <span class='ocrx_word' id='word_1_717' title='bbox 1817 1945 1859 1972; x_wconf 88' lang='grc' dir='ltr'>λό-</span> 
     </span>
    </p>
   </div>
   <div class='ocr_carea' id='block_1_92' title="bbox 1066 1989 1858 2026">
    <p class='ocr_par' dir='ltr' id='par_1_92' title="bbox 1066 1989 1858 2026">
     <span class='ocr_line' id='line_1_92' title="bbox 1066 1989 1858 2026; baseline 0.005 -12"><span class='ocrx_word' id='word_1_718' title='bbox 1066 1998 1113 2023; x_wconf 84' lang='grc' dir='ltr'><strong>γος</strong></span> <span class='ocrx_word' id='word_1_719' title='bbox 1126 1989 1240 2015; x_wconf 79' lang='grc' dir='ltr'>ἐνταῦθα</span> <span class='ocrx_word' id='word_1_720' title='bbox 1252 1990 1496 2026; x_wconf 81' lang='grc' dir='ltr'>καταστοχάζεται,</span> <span class='ocrx_word' id='word_1_721' title='bbox 1514 1991 1621 2022; x_wconf 79' lang='grc' dir='ltr'>πάντως</span> <span class='ocrx_word' id='word_1_722' title='bbox 1635 1991 1722 2023; x_wconf 78' lang='grc' dir='ltr'>οὐδεὶς</span> <span class='ocrx_word' id='word_1_723' title='bbox 1736 1992 1858 2019; x_wconf 77' lang='grc' dir='ltr'>αἰτιάσε-</span> 
     </span>
    </p>
   </div>
   <div class='ocr_carea' id='block_1_93' title="bbox 1066 2035 1856 2072">
    <p class='ocr_par' dir='ltr' id='par_1_93' title="bbox 1066 2035 1856 2072">
     <span class='ocr_line' id='line_1_93' title="bbox 1066 2035 1856 2072; baseline 0.006 -12"><span class='ocrx_word' id='word_1_724' title='bbox 1066 2044 1120 2066; x_wconf 78' lang='grc' dir='ltr'>ται,</span> <span class='ocrx_word' id='word_1_725' title='bbox 1136 2035 1256 2070; x_wconf 82' lang='grc' dir='ltr'>πολλαχῆ</span> <span class='ocrx_word' id='word_1_726' title='bbox 1285 2035 1332 2062; x_wconf 75' lang='grc' dir='ltr'>τοῦ</span> <span class='ocrx_word' id='word_1_727' title='bbox 1355 2037 1507 2072; x_wconf 78' lang='grc' dir='ltr'>στοχασμοῦ</span> <span class='ocrx_word' id='word_1_728' title='bbox 1523 2037 1572 2072; x_wconf 81' lang='grc' dir='ltr'>τὴν</span> <span class='ocrx_word' id='word_1_729' title='bbox 1593 2036 1711 2063; x_wconf 83' lang='grc' dir='ltr'>διάνοιαν</span> <span class='ocrx_word' id='word_1_730' title='bbox 1733 2038 1856 2072; x_wconf 81' lang='grc' dir='ltr'>ἄγοντος.</span> 
     </span>
    </p>
   </div>
   <div class='ocr_carea' id='block_1_94' title="bbox 1067 2079 1858 2116">
    <p class='ocr_par' dir='ltr' id='par_1_94' title="bbox 1067 2079 1858 2116">
     <span class='ocr_line' id='line_1_94' title="bbox 1067 2079 1858 2116; baseline 0.006 -11"><span class='ocrx_word' id='word_1_731' title='bbox 1067 2079 1105 2105; x_wconf 75' lang='grc' dir='ltr'><strong>Οὐ</strong></span> <span class='ocrx_word' id='word_1_732' title='bbox 1126 2080 1205 2114; x_wconf 87' lang='grc' dir='ltr'>μόνον</span> <span class='ocrx_word' id='word_1_733' title='bbox 1228 2081 1282 2115; x_wconf 77' lang='grc' dir='ltr'>γὰρ</span> <span class='ocrx_word' id='word_1_734' title='bbox 1307 2082 1363 2112; x_wconf 86' lang='grc' dir='ltr'>τοῖς</span> <span class='ocrx_word' id='word_1_735' title='bbox 1380 2081 1595 2116; x_wconf 78' lang='grc' dir='ltr'>καθηγουμένοις</span> <span class='ocrx_word' id='word_1_736' title='bbox 1616 2081 1662 2108; x_wconf 84' lang='grc' dir='ltr'>τοῦ</span> <span class='ocrx_word' id='word_1_737' title='bbox 1680 2081 1775 2116; x_wconf 79' lang='grc' dir='ltr'>γένους</span> <span class='ocrx_word' id='word_1_738' title='bbox 1787 2084 1858 2110; x_wconf 81' lang='grc' dir='ltr'>εἴποι</span> 
     </span>
    </p>
   </div>
   <div class='ocr_carea' id='block_1_95' title="bbox 1066 2126 1858 2165">
    <p class='ocr_par' dir='ltr' id='par_1_95' title="bbox 1066 2126 1858 2165">
     <span class='ocr_line' id='line_1_95' title="bbox 1066 2126 1858 2165; baseline 0.005 -13"><span class='ocrx_word' id='word_1_739' title='bbox 1066 2135 1107 2156; x_wconf 86' lang='grc' dir='ltr'><strong>τις</strong></span> <span class='ocrx_word' id='word_1_740' title='bbox 1123 2126 1155 2152; x_wconf 86' lang='grc' dir='ltr'><strong>ἂν</strong></span> <span class='ocrx_word' id='word_1_741' title='bbox 1185 2126 1230 2152; x_wconf 74' lang='grc' dir='ltr'>τὸν</span> <span class='ocrx_word' id='word_1_742' title='bbox 1252 2126 1318 2152; x_wconf 85' lang='grc' dir='ltr'>Θεὸν</span> <span class='ocrx_word' id='word_1_743' title='bbox 1339 2127 1515 2163; x_wconf 75' lang='grc' dir='ltr'>χαριζόμενον</span> <span class='ocrx_word' id='word_1_744' title='bbox 1537 2128 1683 2162; x_wconf 79' lang='grc' dir='ltr'>ὑπεξάγειν</span> <span class='ocrx_word' id='word_1_745' title='bbox 1697 2130 1747 2164; x_wconf 87' lang='grc' dir='ltr'>τῆς</span> <span class='ocrx_word' id='word_1_746' title='bbox 1769 2131 1858 2165; x_wconf 76' lang='grc' dir='ltr'>κακῆς</span> 
     </span>
    </p>
   </div>
   <div class='ocr_carea' id='block_1_96' title="bbox 1067 2172 1857 2211">
    <p class='ocr_par' dir='ltr' id='par_1_96' title="bbox 1067 2172 1857 2211">
     <span class='ocr_line' id='line_1_96' title="bbox 1067 2172 1857 2211; baseline 0.005 -13"><span class='ocrx_word' id='word_1_747' title='bbox 1067 2172 1139 2206; x_wconf 78' lang='grc' dir='ltr'>ζωῆς</span> <span class='ocrx_word' id='word_1_748' title='bbox 1157 2172 1201 2198; x_wconf 83' lang='grc' dir='ltr'><strong>τὸν</strong></span> <span class='ocrx_word' id='word_1_749' title='bbox 1228 2173 1286 2199; x_wconf 82' lang='grc' dir='ltr'>κατ’</span> <span class='ocrx_word' id='word_1_750' title='bbox 1303 2174 1387 2208; x_wconf 76' lang='grc' dir='ltr'>αὐτὴν</span> <span class='ocrx_word' id='word_1_751' title='bbox 1405 2173 1578 2209; x_wconf 83' lang='grc' dir='ltr'>βιωσόμενον,</span> <span class='ocrx_word' id='word_1_752' title='bbox 1600 2175 1657 2201; x_wconf 81' lang='grc' dir='ltr'>ἀλλ’</span> <span class='ocrx_word' id='word_1_753' title='bbox 1671 2175 1695 2201; x_wconf 88' lang='grc' dir='ltr'><strong>εί</strong></span> <span class='ocrx_word' id='word_1_754' title='bbox 1710 2175 1758 2202; x_wconf 67' lang='grc' dir='ltr'><strong>καὶ⁸</strong></span> <span class='ocrx_word' id='word_1_755' title='bbox 1774 2176 1857 2211; x_wconf 75' lang='grc' dir='ltr'>μηδὲν</span> 
     </span>
    </p>
   </div>
   <div class='ocr_carea' id='block_1_97' title="bbox 1068 2218 1857 2256">
    <p class='ocr_par' dir='ltr' id='par_1_97' title="bbox 1068 2218 1857 2256">
     <span class='ocr_line' id='line_1_97' title="bbox 1068 2218 1857 2256; baseline 0.006 -13"><span class='ocrx_word' id='word_1_756' title='bbox 1068 2218 1111 2252; x_wconf 79' lang='grc' dir='ltr'>εἴη</span> <span class='ocrx_word' id='word_1_757' title='bbox 1128 2218 1247 2245; x_wconf 80' lang='grc' dir='ltr'>τοιοῦτον</span> <span class='ocrx_word' id='word_1_758' title='bbox 1262 2219 1372 2245; x_wconf 78' lang='grc' dir='ltr'>ἐπὶτῶν</span> <span class='ocrx_word' id='word_1_759' title='bbox 1387 2219 1439 2255; x_wconf 79' lang='grc' dir='ltr'><strong>πρὸ</strong></span> <span class='ocrx_word' id='word_1_760' title='bbox 1458 2219 1532 2255; x_wconf 83' lang='grc' dir='ltr'>ὥρας</span> <span class='ocrx_word' id='word_1_761' title='bbox 1549 2221 1792 2256; x_wconf 78' lang='grc' dir='ltr'>ἀναρπαζομένων,</span> <span class='ocrx_word' id='word_1_762' title='bbox 1811 2223 1857 2248; x_wconf 84' lang='grc' dir='ltr'><strong>οὑ-</strong></span> 
     </span>
    </p>
   </div>
   <div class='ocr_carea' id='block_1_98' title="bbox 1068 2263 1858 2302">
    <p class='ocr_par' dir='ltr' id='par_1_98' title="bbox 1068 2263 1858 2302">
     <span class='ocr_line' id='line_1_98' title="bbox 1068 2263 1858 2302; baseline 0.008 -13"><span class='ocrx_word' id='word_1_763' title='bbox 1068 2263 1111 2290; x_wconf 81' lang='grc' dir='ltr'><strong>δὲν</strong></span> <span class='ocrx_word' id='word_1_764' title='bbox 1126 2264 1239 2296; x_wconf 84' lang='grc' dir='ltr'>ἀπεικὸς</span> <span class='ocrx_word' id='word_1_765' title='bbox 1250 2264 1364 2297; x_wconf 77' lang='grc' dir='ltr'>οἴεσθαι,</span> <span class='ocrx_word' id='word_1_766' title='bbox 1377 2265 1408 2291; x_wconf 87' lang='grc' dir='ltr'><strong>τὸ</strong></span> <span class='ocrx_word' id='word_1_767' title='bbox 1424 2265 1612 2302; x_wconf 83' lang='grc' dir='ltr'>χαλεπώτερον</span> <span class='ocrx_word' id='word_1_768' title='bbox 1629 2267 1662 2293; x_wconf 84' lang='grc' dir='ltr'><strong>ἂν</strong></span> <span class='ocrx_word' id='word_1_769' title='bbox 1679 2267 1799 2300; x_wconf 76' lang='grc' dir='ltr'>ἐκείνους</span> <span class='ocrx_word' id='word_1_770' title='bbox 1812 2269 1858 2295; x_wconf 80' lang='grc' dir='ltr'><strong>ἀν-</strong></span> 
     </span>
    </p>
   </div>
   <div class='ocr_carea' id='block_1_99' title="bbox 1066 2309 1857 2348">
    <p class='ocr_par' dir='ltr' id='par_1_99' title="bbox 1066 2309 1857 2348">
     <span class='ocr_line' id='line_1_99' title="bbox 1066 2309 1857 2348; baseline 0.006 -13"><span class='ocrx_word' id='word_1_771' title='bbox 1066 2309 1280 2344; x_wconf 71' lang='grc' dir='ltr'>τιλαμϐάνεσθαι</span> <span class='ocrx_word' id='word_1_772' title='bbox 1295 2310 1340 2336; x_wconf 82' lang='grc' dir='ltr'>τοῦ</span> <span class='ocrx_word' id='word_1_773' title='bbox 1355 2311 1425 2338; x_wconf 77' lang='grc' dir='ltr'>κατὰ</span> <span class='ocrx_word' id='word_1_774' title='bbox 1438 2311 1537 2338; x_wconf 83' lang='grc' dir='ltr'>κακίαν</span> <span class='ocrx_word' id='word_1_775' title='bbox 1560 2312 1629 2347; x_wconf 87' lang='grc' dir='ltr'>βίου,</span> <span class='ocrx_word' id='word_1_776' title='bbox 1644 2313 1660 2348; x_wconf 87' lang='grc' dir='ltr'><strong>ἧ</strong></span> <span class='ocrx_word' id='word_1_777' title='bbox 1677 2313 1781 2340; x_wconf 80' lang='grc' dir='ltr'>τούτων</span> <span class='ocrx_word' id='word_1_778' title='bbox 1794 2314 1857 2340; x_wconf 82' lang='grc' dir='ltr'>’ἐκα-</span> 
     </span>
    </p>
   </div>
   <div class='ocr_carea' id='block_1_100' title="bbox 1067 2357 1856 2396">
    <p class='ocr_par' dir='ltr' id='par_1_100' title="bbox 1067 2357 1856 2396">
     <span class='ocr_line' id='line_1_100' title="bbox 1067 2357 1856 2396; baseline 0.005 -13"><span class='ocrx_word' id='word_1_779' title='bbox 1067 2366 1128 2383; x_wconf 88' lang='grc' dir='ltr'>στον</span> <span class='ocrx_word' id='word_1_780' title='bbox 1144 2357 1197 2384; x_wconf 82' lang='grc' dir='ltr'><strong>τῶν</strong></span> <span class='ocrx_word' id='word_1_781' title='bbox 1215 2358 1260 2384; x_wconf 77' lang='grc' dir='ltr'><strong>ἐπὶ</strong></span> <span class='ocrx_word' id='word_1_782' title='bbox 1282 2359 1399 2394; x_wconf 80' lang='grc' dir='ltr'>πονηρίᾳ</span> <span class='ocrx_word' id='word_1_783' title='bbox 1420 2359 1623 2394; x_wconf 78' lang='grc' dir='ltr'>γνωρισθέντων</span> <span class='ocrx_word' id='word_1_784' title='bbox 1639 2359 1714 2396; x_wconf 81' lang='grc' dir='ltr'>παρὰ</span> <span class='ocrx_word' id='word_1_785' title='bbox 1725 2361 1770 2387; x_wconf 79' lang='grc' dir='ltr'><strong>τὸν</strong></span> <span class='ocrx_word' id='word_1_786' title='bbox 1789 2361 1856 2395; x_wconf 77' lang='grc' dir='ltr'>βίον.</span> 
     </span>
    </p>
   </div>
   <div class='ocr_carea' id='block_1_101' title="bbox 1066 2403 1853 2441">
    <p class='ocr_par' dir='ltr' id='par_1_101' title="bbox 1066 2403 1853 2441">
     <span class='ocr_line' id='line_1_101' title="bbox 1066 2403 1853 2441; baseline 0.005 -12"><span class='ocrx_word' id='word_1_787' title='bbox 1066 2403 1103 2430; x_wconf 78' lang='grc' dir='ltr'><strong>Τὸ</strong></span> <span class='ocrx_word' id='word_1_788' title='bbox 1117 2404 1170 2439; x_wconf 83' lang='grc' dir='ltr'>γὰρ</span> <span class='ocrx_word' id='word_1_789' title='bbox 1185 2404 1266 2438; x_wconf 75' lang='grc' dir='ltr'>μηδὲν</span> <span class='ocrx_word' id='word_1_790' title='bbox 1278 2405 1352 2431; x_wconf 73' lang='grc' dir='ltr'>ἀθεεὶ</span> <span class='ocrx_word' id='word_1_791' title='bbox 1364 2405 1495 2438; x_wconf 80' lang='grc' dir='ltr'>γίνεσθαι,</span> <span class='ocrx_word' id='word_1_792' title='bbox 1505 2405 1550 2432; x_wconf 77' lang='grc' dir='ltr'>διὰ</span> <span class='ocrx_word' id='word_1_793' title='bbox 1564 2405 1666 2432; x_wconf 84' lang='grc' dir='ltr'>πολλῶν</span> <span class='ocrx_word' id='word_1_794' title='bbox 1676 2406 1837 2441; x_wconf 80' lang='grc' dir='ltr'>ἐγνώκαμεν</span> <span class='ocrx_word' id='word_1_795' title='bbox 1847 2415 1853 2421; x_wconf 93' lang='grc'><strong>·</strong></span> 
     </span>
    </p>
   </div>
   <div class='ocr_carea' id='block_1_102' title="bbox 1065 2448 1857 2486">
    <p class='ocr_par' dir='ltr' id='par_1_102' title="bbox 1065 2448 1857 2486">
     <span class='ocr_line' id='line_1_102' title="bbox 1065 2448 1857 2486; baseline 0.005 -11"><span class='ocrx_word' id='word_1_796' title='bbox 1065 2450 1096 2475; x_wconf 73' lang='grc' dir='ltr'>τὸ</span> <span class='ocrx_word' id='word_1_797' title='bbox 1108 2449 1134 2476; x_wconf 81' lang='grc' dir='ltr'><strong>δὲ</strong></span> <span class='ocrx_word' id='word_1_798' title='bbox 1152 2448 1185 2476; x_wconf 82' lang='grc' dir='ltr'>αὖ</span> <span class='ocrx_word' id='word_1_799' title='bbox 1200 2450 1280 2476; x_wconf 82' lang='grc' dir='ltr'>πάλιν</span> <span class='ocrx_word' id='word_1_800' title='bbox 1293 2450 1330 2485; x_wconf 77' lang='grc' dir='ltr'>μὴ</span> <span class='ocrx_word' id='word_1_801' title='bbox 1345 2451 1442 2485; x_wconf 80' lang='grc' dir='ltr'>τυχαῐά</span> <span class='ocrx_word' id='word_1_802' title='bbox 1460 2460 1487 2477; x_wconf 85' lang='grc' dir='ltr'><strong>τε</strong></span> <span class='ocrx_word' id='word_1_803' title='bbox 1502 2452 1548 2478; x_wconf 70' lang='grc' dir='ltr'>καὶ</span> <span class='ocrx_word' id='word_1_804' title='bbox 1564 2452 1648 2486; x_wconf 82' lang='grc' dir='ltr'>ἄλογα</span> <span class='ocrx_word' id='word_1_805' title='bbox 1664 2449 1779 2479; x_wconf 75' lang='grc' dir='ltr'>εἶναιτὰ</span> <span class='ocrx_word' id='word_1_806' title='bbox 1798 2453 1857 2479; x_wconf 82' lang='grc' dir='ltr'>θεό-</span> 
     </span>
    </p>
   </div>
   <div class='ocr_carea' id='block_1_103' title="bbox 1067 2496 1857 2533">
    <p class='ocr_par' dir='ltr' id='par_1_103' title="bbox 1067 2496 1857 2533">
     <span class='ocr_line' id='line_1_103' title="bbox 1067 2496 1857 2533; baseline 0.004 -11"><span class='ocrx_word' id='word_1_807' title='bbox 1067 2496 1112 2522; x_wconf 80' lang='grc' dir='ltr'>θεν</span> <span class='ocrx_word' id='word_1_808' title='bbox 1127 2496 1350 2531; x_wconf 78' lang='grc' dir='ltr'>οἰκονομούμενα,</span> <span class='ocrx_word' id='word_1_809' title='bbox 1369 2498 1422 2528; x_wconf 79' lang='grc' dir='ltr'><strong>πᾶς</strong></span> <span class='ocrx_word' id='word_1_810' title='bbox 1443 2497 1476 2524; x_wconf 82' lang='grc' dir='ltr'>ἂν</span> <span class='ocrx_word' id='word_1_811' title='bbox 1499 2497 1700 2533; x_wconf 82' lang='grc' dir='ltr'>ὁμολογήσειεν,</span> <span class='ocrx_word' id='word_1_812' title='bbox 1714 2498 1791 2530; x_wconf 79' lang='grc' dir='ltr'>εἰδὼς</span> <span class='ocrx_word' id='word_1_813' title='bbox 1816 2500 1857 2525; x_wconf 83' lang='grc' dir='ltr'>ὃτι</span> 
     </span>
    </p>
   </div>
   <div class='ocr_carea' id='block_1_104' title="bbox 1066 2541 1858 2580">
    <p class='ocr_par' dir='ltr' id='par_1_104' title="bbox 1066 2541 1858 2580">
     <span class='ocr_line' id='line_1_104' title="bbox 1066 2541 1858 2580; baseline 0.005 -13"><span class='ocrx_word' id='word_1_814' title='bbox 1066 2542 1155 2573; x_wconf 78' lang='grc' dir='ltr'>όΘεδς</span> <span class='ocrx_word' id='word_1_815' title='bbox 1171 2541 1247 2577; x_wconf 76' lang='grc' dir='ltr'>λόγος</span> <span class='ocrx_word' id='word_1_816' title='bbox 1266 2543 1333 2573; x_wconf 78' lang='grc' dir='ltr'>ἐστὶ,</span> <span class='ocrx_word' id='word_1_817' title='bbox 1350 2543 1396 2569; x_wconf 82' lang='grc' dir='ltr'><strong>καὶ</strong></span> <span class='ocrx_word' id='word_1_818' title='bbox 1425 2544 1516 2575; x_wconf 75' lang='grc' dir='ltr'>σοφία,</span> <span class='ocrx_word' id='word_1_819' title='bbox 1542 2544 1588 2569; x_wconf 71' lang='grc' dir='ltr'>καὶ</span> <span class='ocrx_word' id='word_1_820' title='bbox 1611 2545 1686 2570; x_wconf 74' lang='grc' dir='ltr'>πᾶσα</span> <span class='ocrx_word' id='word_1_821' title='bbox 1708 2544 1792 2580; x_wconf 82' lang='grc' dir='ltr'>ἀρετὴ</span> <span class='ocrx_word' id='word_1_822' title='bbox 1812 2546 1858 2571; x_wconf 75' lang='grc' dir='ltr'><strong>καὶ</strong></span> 
     </span>
    </p>
   </div>
   <div class='ocr_carea' id='block_1_105' title="bbox 1067 2587 1857 2626">
    <p class='ocr_par' dir='ltr' id='par_1_105' title="bbox 1067 2587 1857 2626">
     <span class='ocr_line' id='line_1_105' title="bbox 1067 2587 1857 2626; baseline 0.006 -13"><span class='ocrx_word' id='word_1_823' title='bbox 1067 2587 1225 2622; x_wconf 84' lang='grc' dir='ltr'><strong>ἀλήθεια,...</strong></span> <span class='ocrx_word' id='word_1_824' title='bbox 1250 2587 1280 2613; x_wconf 83' lang='grc' dir='ltr'>τὸ</span> <span class='ocrx_word' id='word_1_825' title='bbox 1307 2587 1345 2623; x_wconf 81' lang='grc' dir='ltr'><strong>μὴ</strong></span> <span class='ocrx_word' id='word_1_826' title='bbox 1370 2588 1495 2623; x_wconf 77' lang='grc' dir='ltr'>ἑνάρετόν</span> <span class='ocrx_word' id='word_1_827' title='bbox 1509 2597 1537 2614; x_wconf 87' lang='grc' dir='ltr'><strong>τε</strong></span> <span class='ocrx_word' id='word_1_828' title='bbox 1550 2590 1596 2615; x_wconf 69' lang='grc' dir='ltr'><strong>καὶ</strong></span> <span class='ocrx_word' id='word_1_829' title='bbox 1616 2589 1668 2621; x_wconf 78' lang='grc' dir='ltr'>ἔξω</span> <span class='ocrx_word' id='word_1_830' title='bbox 1679 2590 1725 2616; x_wconf 83' lang='grc' dir='ltr'>τοῦ</span> <span class='ocrx_word' id='word_1_831' title='bbox 1740 2591 1857 2626; x_wconf 77' lang='grc' dir='ltr'>ἀληθοῦς</span> 
     </span>
    </p>
   </div>
   <div class='ocr_carea' id='block_1_106' title="bbox 1067 2631 1857 2670">
    <p class='ocr_par' dir='ltr' id='par_1_106' title="bbox 1067 2631 1857 2670">
     <span class='ocr_line' id='line_1_106' title="bbox 1067 2631 1857 2670; baseline 0.009 -13"><span class='ocrx_word' id='word_1_832' title='bbox 1067 2632 1251 2665; x_wconf 80' lang='grc' dir='ltr'>καταδέξαιτο.</span> <span class='ocrx_word' id='word_1_833' title='bbox 1278 2633 1339 2659; x_wconf 78' lang='grc' dir='ltr'>Εἴτε</span> <span class='ocrx_word' id='word_1_834' title='bbox 1370 2631 1416 2660; x_wconf 80' lang='grc' dir='ltr'>οὖν</span> <span class='ocrx_word' id='word_1_835' title='bbox 1438 2633 1508 2660; x_wconf 79' lang='grc' dir='ltr'>κατὰ</span> <span class='ocrx_word' id='word_1_836' title='bbox 1529 2634 1578 2666; x_wconf 85' lang='grc' dir='ltr'>τὰς</span> <span class='ocrx_word' id='word_1_837' title='bbox 1598 2635 1745 2670; x_wconf 78' lang='grc' dir='ltr'>εἰρημένας</span> <span class='ocrx_word' id='word_1_838' title='bbox 1769 2638 1857 2669; x_wconf 80' lang='grc' dir='ltr'>αίτίας</span> 
     </span>
    </p>
   </div>
   <div class='ocr_carea' id='block_1_107' title="bbox 1067 2678 1857 2718">
    <p class='ocr_par' dir='ltr' id='par_1_107' title="bbox 1067 2678 1857 2718">
     <span class='ocr_line' id='line_1_107' title="bbox 1067 2678 1857 2718; baseline 0.008 -14"><span class='ocrx_word' id='word_1_839' title='bbox 1067 2678 1150 2713; x_wconf 76' lang='grc' dir='ltr'>ἄωροί</span> <span class='ocrx_word' id='word_1_840' title='bbox 1165 2687 1233 2710; x_wconf 81' lang='grc' dir='ltr'>τινες</span> <span class='ocrx_word' id='word_1_841' title='bbox 1264 2679 1475 2715; x_wconf 68' lang='grc' dir='ltr'>ἀναρπάζοντι-ιι,</span> <span class='ocrx_word' id='word_1_842' title='bbox 1493 2680 1548 2706; x_wconf 67' lang='grc' dir='ltr'>εἴτε</span> <span class='ocrx_word' id='word_1_843' title='bbox 1566 2689 1591 2707; x_wconf 89' lang='grc' dir='ltr'><strong>τι</strong></span> <span class='ocrx_word' id='word_1_844' title='bbox 1613 2682 1659 2708; x_wconf 77' lang='grc' dir='ltr'><strong>καὶ</strong></span> <span class='ocrx_word' id='word_1_845' title='bbox 1673 2682 1765 2717; x_wconf 79' lang='grc' dir='ltr'>ἕτερον</span> <span class='ocrx_word' id='word_1_846' title='bbox 1783 2684 1857 2718; x_wconf 71' lang='grc' dir='ltr'>παρὰ</span> 
     </span>
    </p>
   </div>
   <div class='ocr_carea' id='block_1_108' title="bbox 1067 2724 1857 2764">
    <p class='ocr_par' dir='ltr' id='par_1_108' title="bbox 1067 2724 1857 2764">
     <span class='ocr_line' id='line_1_108' title="bbox 1067 2724 1857 2764; baseline 0.008 -14"><span class='ocrx_word' id='word_1_847' title='bbox 1067 2724 1100 2750; x_wconf 86' lang='grc' dir='ltr'>τὰ</span> <span class='ocrx_word' id='word_1_848' title='bbox 1115 2725 1245 2759; x_wconf 83' lang='grc' dir='ltr'>εἰρημένα</span> <span class='ocrx_word' id='word_1_849' title='bbox 1260 2726 1328 2756; x_wconf 75' lang='grc' dir='ltr'>ἐστὶ,</span> <span class='ocrx_word' id='word_1_850' title='bbox 1346 2726 1376 2752; x_wconf 87' lang='grc' dir='ltr'><strong>τὸ</strong></span> <span class='ocrx_word' id='word_1_851' title='bbox 1393 2726 1499 2757; x_wconf 83' lang='grc' dir='ltr'>πάντως</span> <span class='ocrx_word' id='word_1_852' title='bbox 1517 2727 1563 2753; x_wconf 77' lang='grc' dir='ltr'>ἐπὶ</span> <span class='ocrx_word' id='word_1_853' title='bbox 1578 2727 1671 2763; x_wconf 80' lang='grc' dir='ltr'>σκοπῷ</span> <span class='ocrx_word' id='word_1_854' title='bbox 1689 2728 1728 2764; x_wconf 84' lang='grc' dir='ltr'>τῷ</span> <span class='ocrx_word' id='word_1_855' title='bbox 1744 2729 1857 2764; x_wconf 75' lang='grc' dir='ltr'>βελτίονι</span> 
     </span>
    </p>
   </div>
   <div class='ocr_carea' id='block_1_109' title="bbox 1067 2770 1855 2810">
    <p class='ocr_par' dir='ltr' id='par_1_109' title="bbox 1067 2770 1855 2810">
     <span class='ocr_line' id='line_1_109' title="bbox 1067 2770 1855 2810; baseline 0.009 -14"><span class='ocrx_word' id='word_1_856' title='bbox 1067 2770 1152 2796; x_wconf 77' lang='grc' dir='ltr'>ταῦτα</span> <span class='ocrx_word' id='word_1_857' title='bbox 1178 2770 1302 2804; x_wconf 77' lang='grc' dir='ltr'>γίνεσθαι</span> <span class='ocrx_word' id='word_1_858' title='bbox 1329 2772 1566 2807; x_wconf 80' lang='grc' dir='ltr'>συνομολογείσθαι</span> <span class='ocrx_word' id='word_1_859' title='bbox 1590 2776 1732 2810; x_wconf 78' lang='grc' dir='ltr'>προσήκει.</span> <span class='ocrx_word' id='word_1_860' title='bbox 1747 2774 1813 2803; x_wconf 83' lang='grc' dir='ltr'>Οἶδα</span> <span class='ocrx_word' id='word_1_861' title='bbox 1828 2776 1855 2803; x_wconf 82' lang='grc' dir='ltr'><strong>δέ</strong></span> 
     </span>
    </p>
   </div>
   <div class='ocr_carea' id='block_1_110' title="bbox 1067 2816 1855 2854">
    <p class='ocr_par' dir='ltr' id='par_1_110' title="bbox 1067 2816 1855 2854">
     <span class='ocr_line' id='line_1_110' title="bbox 1067 2816 1855 2854; baseline 0.009 -13"><span class='ocrx_word' id='word_1_862' title='bbox 1067 2824 1127 2842; x_wconf 83' lang='grc' dir='ltr'>τινα</span> <span class='ocrx_word' id='word_1_863' title='bbox 1143 2818 1189 2842; x_wconf 72' lang='grc' dir='ltr'><strong>καὶ</strong></span> <span class='ocrx_word' id='word_1_864' title='bbox 1206 2816 1283 2850; x_wconf 83' lang='grc' dir='ltr'>λόγον</span> <span class='ocrx_word' id='word_1_865' title='bbox 1298 2818 1391 2852; x_wconf 72' lang='grc' dir='ltr'>ἕτερον</span> <span class='ocrx_word' id='word_1_866' title='bbox 1408 2819 1482 2854; x_wconf 69' lang='grc' dir='ltr'>παρὰ</span> <span class='ocrx_word' id='word_1_867' title='bbox 1497 2819 1546 2854; x_wconf 83' lang='grc' dir='ltr'>τῆς</span> <span class='ocrx_word' id='word_1_868' title='bbox 1563 2820 1609 2847; x_wconf 87' lang='grc' dir='ltr'>τοῦ</span> <span class='ocrx_word' id='word_1_869' title='bbox 1633 2820 1794 2848; x_wconf 81' lang='grc' dir='ltr'>Ἀποστόλου</span> <span class='ocrx_word' id='word_1_870' title='bbox 1811 2831 1855 2849; x_wconf 83' lang='grc' dir='ltr'>σο-</span> 
     </span>
    </p>
   </div>
   <div class='ocr_carea' id='block_1_111' title="bbox 1068 2862 1855 2903">
    <p class='ocr_par' dir='ltr' id='par_1_111' title="bbox 1068 2862 1855 2903">
     <span class='ocr_line' id='line_1_111' title="bbox 1068 2862 1855 2903; baseline 0.009 -15"><span class='ocrx_word' id='word_1_871' title='bbox 1068 2862 1132 2897; x_wconf 85' lang='grc' dir='ltr'>φίας</span> <span class='ocrx_word' id='word_1_872' title='bbox 1149 2862 1251 2897; x_wconf 81' lang='grc' dir='ltr'>μαθὼν,</span> <span class='ocrx_word' id='word_1_873' title='bbox 1267 2863 1299 2890; x_wconf 75' lang='grc' dir='ltr'>δι’</span> <span class='ocrx_word' id='word_1_874' title='bbox 1312 2864 1341 2890; x_wconf 82' lang='grc' dir='ltr'>ὃν</span> <span class='ocrx_word' id='word_1_875' title='bbox 1353 2873 1422 2896; x_wconf 85' lang='grc' dir='ltr'>τινες</span> <span class='ocrx_word' id='word_1_876' title='bbox 1445 2865 1498 2892; x_wconf 87' lang='grc' dir='ltr'>τῶν</span> <span class='ocrx_word' id='word_1_877' title='bbox 1518 2867 1588 2893; x_wconf 79' lang='grc' dir='ltr'>κατὰ</span> <span class='ocrx_word' id='word_1_878' title='bbox 1608 2867 1706 2894; x_wconf 81' lang='grc' dir='ltr'>κακίαν</span> <span class='ocrx_word' id='word_1_879' title='bbox 1722 2868 1855 2903; x_wconf 75' lang='grc' dir='ltr'>ὑπερϐαλ-</span> 
     </span>
    </p>
   </div>
  </div>
