1922 3078
86 111 136 140 189

488 116 531 144 DE
553 117 760 148 INFANTIBUS
781 119 842 153 QUI
861 120 1091 149 PREMATURE
1108 122 1355 153 ABRIPIUNTUR.

1668 127 1718 154 I90

87 171 180 196 ’.ιντων
195 171 268 197 κατά
284 170 335 206 τὴν
359 171 463 198 ὲαυτῶν
489 173 649 209 προαίρεσιν
666 174 747 209 ζῆσαι
768 175 875 209 ἀφείθη-

931 176 1121 211 conjunctum,
1134 185 1167 205 ac
1182 179 1305 206 veritatis
1323 181 1458 215 particeps
1474 189 1528 208 non
1545 182 1635 209 fuerit.
1654 181 1718 211 Sive

87 225 144 242 σαν.
161 216 308 251 Γυμνάσας
316 217 373 252 γὰρ
387 217 434 243 ἐπὶ
453 217 533 244 πλέον
551 218 601 253 τὴν
616 219 745 254 τοιαύτην
759 219 878 247 διάνοιαν

87 263 115 287 ὲν
128 261 165 296 τῷ
177 262 246 296 πρὸς
260 262 415 298 Ῥωμαίους
425 262 507 298 λόγῳ,
517 263 564 290 καὶ
575 264 782 298 ἀνθυπενεγκὼν
791 265 879 299 ἐαυτῷ

85 308 115 334 τὸ
125 308 156 333 ὲκ
165 307 212 334 τοῦ
228 307 379 335 ἀκολούθου
394 309 605 344 ἀντιτιθέμενον,
621 310 652 336 τὸ
663 310 700 345 μὴ
715 310 748 337 ειν
760 310 878 345 εὐλόγως

85 354 114 378 ἐν
130 353 205 389 αίτίξι⁵
237 354 286 380 τὸν
305 355 392 381 κακὸν
404 355 444 381 ἐτι
459 355 596 389 γενέσθαι,
617 356 696 391 εἴπερ
708 356 800 383 Θεόθεν
821 357 877 391 ἕχει

84 400 114 426 τὸ
125 401 210 432 κακὸς
223 398 306 433 εἶναι,
320 402 371 428 οὐκ
381 401 415 428 ἂν
425 401 569 436 γενόμενος
580 402 698 434 πάντως,
713 403 879 438 εἴπεράὁού-

84 447 163 480 λητον
173 444 208 482 ἦν
222 446 262 482 τῷ
274 447 466 483 ἐπικρατοῦντι
480 447 534 474 τῶν
549 448 632 475 ὅντων
641 457 647 463 '
663 448 750 481 οὕτως
765 449 878 485 ’,ἀπαντᾷ

83 495 122 530 τῷ
134 495 217 531 λόγῳ,
230 496 276 523 διὰ
302 495 453 531 βαθυτέρας
475 496 549 528 τινος
566 497 681 532 θεωρίας
697 498 746 532 τὴν
761 498 878 525 ἀνθυπο-

84 541 171 576 ςορὰν
187 542 342 570 ὑπεκλύων.
358 543 427 578 Φησὶ
441 542 494 578 γὰρ
506 543 552 569 τὸν
566 543 632 570 Θεὸν
644 543 751 578 ἑκάστῳ
769 545 800 570 τὺ
817 545 877 570 κατ’

83 587 163 619 ἀξίαν
177 588 307 623 νέμοντα,
315 588 387 614 ἐστιν
397 589 463 615 ὅπου
480 589 527 615 καὶ
539 590 571 624 τῇ
583 589 667 624 κακίᾳ.
678 590 777 616 διδόναι
786 590 878 625 χώραν

84 634 131 659 ἐπὶ
145 633 242 668 σκοπῷ
254 633 293 668 τῷ
303 633 425 668 βελτίονι.
433 634 534 660 Τούτου
546 634 600 670 γὰρ
611 635 702 661 ἕνεκεν
713 636 788 662 εἴασε
802 635 878 670 γενέ-

85 679 157 709 σθαι,
175 679 224 705 καὶ
238 679 358 705 τοιοῦτον
373 679 497 713 γενέσθαι
514 680 560 706 τὸν
571 680 716 714 Αίγύπτιον
735 681 876 716 τύραννον,

82 725 120 756 ὡς
135 725 168 751 ἂν
185 726 219 760 τῇ
232 725 337 751 ἐκείνου
350 724 440 760 πληγῇ
455 726 470 751 6
490 726 598 761 Ἰσραὴλ
616 727 782 761 παιδευθείη,
796 728 810 753 ὁ
825 736 876 754 πο-

82 772 131 803 λὺς
143 772 250 803 ἐκεῖνος
266 771 339 804 λαὸς,
353 772 401 798 καὶ
414 772 505 798 πᾶσαν
518 772 568 806 τὴν
584 771 614 804 ἐξ
632 772 749 808 ἀριθμοῦ
764 773 876 808 περίλη-

81 817 129 851 ψιν
141 817 301 844 διαῦαίνων.
320 818 400 848 Ἴσως
427 818 481 852 γὰρ
506 817 556 852 τῆς
571 817 646 850 θείας
670 818 809 854 δυνάμεως
832 819 877 846 διὰ

82 863 195 889 πάντων
214 862 432 898 γνωριζομένης,
453 863 499 888 καὶ
510 862 578 897 πρὸς
597 863 627 889 τὸ
643 864 795 899 εὐεργετεῖν
814 865 877 897 τοὺς

82 907 176 940 ἀξίους
195 907 296 938 ἱκανῶς
312 906 425 942 ἐχούσης
437 915 444 922 ο
462 907 524 933 ἐπεὶ
537 906 564 933 δὲ
581 907 688 939 πάντως
700 908 784 942 ἐχρῆν
799 908 877 935 ἀποι-

83 952 213 988 κισθῆναι
225 953 275 988 τῆς
290 952 426 986 Αἰγύπτου
449 952 495 979 τὸν
514 952 577 979 λαὸν
593 953 707 985 ἐκεῖνον,
726 954 764 984 ὡς
787 953 821 980 ἂν
838 954 875 989 μή

82 1007 126 1030 τις
144 999 239 1031 αὐτοῖς
262 999 367 1033 γένοιτο
392 999 446 1025 τῶν
461 999 618 1033 Αἰγυπτίων
635 1000 726 1026 κακῶν
741 1000 812 1027 κατὰ
828 1000 877 1036 τὴν

82 1044 131 1071 τοῦ
149 1045 209 1080 βίου
231 1045 334 1080 πλάνην
359 1046 495 1077 κοινωνία,
509 1045 604 1072 τούτου
617 1045 698 1081 χάριν
718 1046 732 1072 6
745 1046 878 1081 θεομάχος

82 1092 190 1124 ἐκεῖνος
204 1093 219 1118 6
234 1092 281 1118 ἐπὶ
299 1092 380 1118 παντὶ
402 1091 479 1127 κακῷ
497 1091 645 1126 ὀνομαστὸς
658 1092 757 1128 Φαραὼ
771 1094 804 1128 τῇ
820 1092 876 1127 ζωῇ

83 1138 139 1164 τῶν
162 1137 399 1172 εὐεργετουμένων
414 1137 575 1172 συνανέσχεν
588 1146 617 1164 τε
633 1137 679 1164 καὶ
694 1139 875 1173 συνήκμασεν,

83 1184 122 1215 ὡς
143 1184 178 1210 ἂν
190 1184 240 1218 τῆς
253 1183 350 1219 διπλῆς
367 1183 416 1210 τοῦ
437 1183 504 1210 Θεοῦ
527 1183 666 1219 ἐνεργείας
679 1185 720 1218 ἐφ’
739 1185 877 1221 ἑκατέρων

85 1229 414 1266 μεριζομένηςάξίωςτὴν
422 1230 523 1264 γνῶσιν
534 1229 588 1257 τῶν
598 1229 645 1257 δύο
657 1230 726 1266 λάϐῃ
737 1231 751 1257 6
759 1231 876 1267 Ἰσραὴλ,

82 1276 114 1301 τὸ
131 1276 182 1309 μὲν
199 1276 321 1310 κρεῖττον
335 1276 377 1309 ἐφ’
391 1275 489 1301 ἑαυτοῦ
510 1275 711 1311 διδασκόμενος,
725 1277 755 1303 τὸ
771 1277 798 1303 δὲ
813 1285 877 1303 σκυ-

84 1321 99 1346 θ
103 1320 210 1355 ρωπότε
214 1329 260 1355 ρον
272 1320 317 1346 ἐπὶ
329 1320 384 1347 τῶν
399 1320 442 1347 διὰ
450 1321 549 1348 κακίαν
563 1321 787 1356 μαστιγουμένων
795 1322 875 1351 ὁοῶν.

81 1367 121 1398 ὡς
135 1366 175 1401 τῷ
187 1367 382 1402 ὑπερὸάλλοντι
399 1366 449 1401 τῆς
465 1367 559 1401 σοφίας
571 1366 669 1398 εἰδότος
682 1367 728 1394 τοῦ
743 1367 810 1394 Θεοῦ
828 1369 876 1394 καὶ

83 1412 114 1438 τὺ
143 1412 230 1438 κακὸν
247 1413 279 1447 τῇ
301 1412 348 1438 τοῦ
365 1411 468 1445 ἀγαθοῦ
489 1413 617 1448 συνεργίᾳ
632 1413 874 1448 μεταχειρίζεσθαι.

82 1458 172 1492 Χρεία
189 1457 244 1493 γὰρ
257 1457 294 1493 τῷ
309 1457 418 1494 τεχνίτῃ
435 1458 470 1493 (εί
483 1457 534 1493 χρὴ
548 1458 594 1484 τὸν
608 1458 784 1485 ἀποστολικὸν
796 1459 875 1493 λόγον

83 1503 131 1529 καὶ
148 1503 192 1530 διὰ
206 1503 259 1529 τῶν
268 1503 409 1539 ἡμετέρων
427 1503 512 1536 λόγων
523 1503 805 1539 βεϐαιωθῆναι),χρεία
817 1505 874 1530 τοί-

930 220 1023 254 igitur,
1039 222 1190 249 secundum
1206 222 1262 257 jam
1281 224 1369 251 dictas
1383 232 1492 258 causas,
1512 230 1674 260 praemature
1689 231 1718 254 et

929 271 993 294 ante
1017 271 1125 302 tempus
1145 267 1231 302 aliqui
1249 269 1430 304 abripiuntur,
1460 271 1518 299 sive
1543 271 1608 306 quid
1632 272 1716 300 etiam

929 312 1003 340 aliud
1018 318 1115 348 praeter
1129 321 1161 341 ea
1175 322 1236 349 quae
1252 315 1325 342 dicta
1340 320 1414 347 sunt,
1429 321 1471 344 est
1483 336 1492 349 ,
1508 318 1637 345 assentiri
1649 325 1718 345 con-

929 359 1012 390 venit.
1025 358 1082 386 haec
1101 359 1254 387 intentione
1269 364 1350 395 atque
1364 369 1478 395 prorsus
1508 363 1628 390 consilio
1655 363 1716 390 ﬁeri

928 405 1048 433 meliore.
1067 405 1134 432 Novi
1150 410 1239 434 autem
1254 408 1400 442 quamdam
1422 409 1503 435 etiam
1524 409 1606 436 aliam
1626 409 1714 436 ratio-

927 460 1001 483 nem,
1018 460 1100 487 quam
1115 460 1129 479 a
1144 453 1279 488 sapientia
1295 453 1419 488 Apostoli
1433 453 1528 487 didici,
1558 461 1606 489 per
1633 463 1715 489 quam

927 498 1079 529 nonnullis,
1094 498 1140 532 qui
1161 499 1283 533 nequitia
1306 499 1482 531 excellerent,
1509 499 1543 526 ad
1571 499 1715 526 arbitrium

927 551 1007 570 suum
1022 544 1114 571 vivere
1131 544 1295 578 permissum
1315 543 1378 570 fuit.
1395 543 1469 578 Cum,
1483 548 1628 571 tractasset
1642 545 1715 572 enim

927 588 1030 616 diutius
1041 577 1175 623 ejusmodi
1192 589 1353 616 sententiam
1377 589 1404 616 in
1420 577 1540 624 Epistola
1565 590 1599 616 ad
1616 589 1717 617 Roma-

927 641 988 665 nos,
1019 638 1046 661 et
1077 642 1110 662 ex
1139 635 1254 662 adverso
1283 636 1446 670 subjecisset
1474 637 1525 664 sibi
1543 636 1570 663 id
1593 636 1716 671 quodex

927 680 1123 714 consequentia
1139 681 1338 715 opponebatur,
1356 682 1477 716 nonjam
1503 682 1619 716 amplius
1642 686 1716 709 recte

928 726 1051 754 accusari
1078 727 1192 758 malum,
1221 727 1356 762 siquidem
1386 727 1519 755 divinitus
1551 728 1660 759 habeat,
1682 732 1713 754 ut

927 773 1015 799 malus
1030 772 1076 803 sit,
1089 772 1136 807 qui
1152 780 1265 807 prorsus
1283 773 1391 801 futurus
1405 781 1458 801 non
1475 773 1581 805 fuisset.
1608 775 1631 801 si
1661 782 1711 801 no-

928 819 1026 846 luisset
1042 819 1065 846 is
1081 819 1126 852 qui
1142 819 1246 852 potitur
1259 826 1349 846 rerum
1370 819 1561 847 universarum
1579 829 1586 846 :
1614 820 1653 847 sic
1669 827 1716 847 oc-

927 865 1014 892 currit
1033 865 1148 891 orationi
1163 872 1212 899 per
1227 864 1430 899 profundiorem
1448 865 1595 900 quamdam
1611 873 1711 900 specu-

927 910 1069 942 lationem,
1096 910 1298 944 oppositionem
1327 910 1446 938 solvens.
1463 911 1508 937 Ait
1541 911 1612 938 enim
1630 910 1713 938 Deum

927 957 1028 991 cuique
1058 955 1085 983 id
1113 964 1168 990 quo
1194 955 1292 991 dignus
1326 956 1373 988 sit,
1402 956 1588 988 tribuentem,
1615 956 1714 983 alicubi

927 1002 1056 1036 nequitiae
1071 1009 1180 1036 quoque
1191 1001 1342 1029 intentione
1364 1006 1444 1037 atque
1460 1003 1578 1029 consilio
1592 1002 1713 1037 quodam

927 1047 1042 1074 meliore
1068 1046 1158 1074 locum
1186 1047 1259 1073 dare.
1291 1047 1396 1074 Idcirco
1423 1047 1495 1074 enim
1523 1055 1633 1082 passum
1653 1055 1715 1075 esse

928 1093 1015 1122 nasci,
1035 1096 1117 1128 atque
1143 1092 1210 1119 adeo
1241 1092 1321 1119 talem
1350 1093 1425 1120 nasci
1454 1092 1610 1128 Egyptium
1638 1093 1713 1119 illum

928 1143 1085 1174 tyrannum,
1104 1142 1132 1165 ut
1150 1138 1224 1166 illius
1241 1139 1317 1173 plaga
1337 1138 1419 1165 Israel
1440 1139 1543 1165 multus
1563 1138 1608 1166 ille
1626 1145 1714 1172 popu-

927 1184 971 1211 lus
985 1191 1149 1218 omnemque
1166 1191 1198 1211 ex
1216 1184 1338 1211 numeris
1363 1184 1504 1210 collectam
1532 1183 1712 1218 comprehen-

928 1229 1032 1256 sionem
1047 1228 1193 1260 excedens,
1210 1229 1366 1256 erudiretur
1383 1233 1409 1255 et
1431 1229 1629 1256 institueretur.
1646 1228 1713 1255 Nam

927 1282 988 1302 cum
1006 1275 1147 1310 aequaliter
1164 1275 1256 1302 divina
1284 1277 1404 1309 potentia
1421 1283 1469 1310 per
1499 1275 1591 1302 omnia
1611 1281 1715 1310 cogno-

927 1324 1031 1352 scatur,
1050 1324 1076 1347 et
1101 1320 1134 1347 ad
1157 1320 1380 1348 benefaciendum
1410 1321 1443 1348 iis
1467 1321 1511 1355 qui
1535 1320 1608 1355 digni
1637 1325 1712 1352 sunt,

927 1365 1066 1393 sufﬁciens
1083 1367 1129 1398 sit,
1149 1369 1176 1393 et
1196 1366 1229 1392 ad
1253 1366 1422 1401 punitionem
1452 1367 1578 1400 nequitiae
1595 1365 1712 1393 facultas

927 1413 952 1441 ei
967 1422 1022 1440 non
1036 1413 1118 1444 desit,
1134 1413 1263 1449 quoniam
1283 1414 1394 1440 omnino
1418 1413 1560 1448 oportebat
1583 1413 1713 1447 populum

929 1459 1005 1486 illum
1023 1459 1120 1487 deduci
1138 1467 1171 1486 ex
1187 1458 1314 1494 Egypto.
1331 1467 1364 1486 ne
1382 1466 1434 1493 qua
1448 1459 1488 1486 cis
1518 1457 1711 1493 Egyptiorum

927 1504 1071 1535 malorum,
1087 1503 1160 1538 quod
1176 1503 1209 1530 ad
1225 1504 1284 1530 vitae
1299 1511 1418 1530 errorem
1431 1503 1537 1531 attinet.
1552 1503 1710 1529 communio

83 1557 131 1574 νυν
149 1548 188 1583 τῷ
205 1548 248 1574 διὰ
260 1548 309 1582 τῆς
327 1548 424 1582 τέχνης
437 1548 504 1582 πρός
518 1556 544 1574 τι
562 1548 617 1574 τῶν
634 1547 773 1583 βιωφελῶν
790 1550 874 1584 ἐργα-

928 1551 1110 1585 contagioque
1124 1549 1270 1581 accideret,
1287 1550 1389 1577 idcirco
1411 1549 1586 1576 adversarius
1601 1548 1646 1576 ille
1663 1547 1710 1574 Dei

82 1594 163 1620 λείων
174 1593 302 1620 τυποῦντι
316 1593 362 1619 τὸν
385 1593 503 1628 σίδηρον,
519 1594 548 1619 οὺ
563 1593 640 1628 μόνον
651 1593 696 1619 τοῦ
707 1593 824 1625 εὐκόλως
841 1595 873 1630 τῇ

81 1642 166 1676 τέχνῃ
188 1640 307 1671 εἴκοντος
327 1639 358 1666 ἐκ
374 1648 445 1669 τινος
468 1639 585 1674 φυσικῆς
612 1640 788 1674 ἀπαλότητος,
805 1640 874 1666 ἀλλά

83 1686 134 1713 κᾶν
146 1686 207 1712 λίαν
223 1686 367 1717 ἀντίτυπος
387 1686 402 1712 6
427 1685 534 1720 σίδηρος
549 1683 577 1722 ᾖ,
594 1685 645 1712 κᾶν
661 1686 698 1721 μὴ
717 1686 815 1721 ῥᾳδίως
831 1685 875 1712 διὰ

83 1731 170 1767 πυρὸς
185 1731 404 1766 ἐκμαλάσσηται,
419 1731 466 1758 καὶ
479 1731 548 1766 πρὸς
563 1731 593 1757 τὺ
603 1731 697 1763 σκεῦος
711 1731 765 1758 τῶν
779 1731 875 1766 χρησί-

84 1785 144 1811 μων
159 1776 206 1803 τοῦ
216 1776 273 1811 βίον
281 1776 440 1811 τυπωθῆναι
453 1775 492 1811 τῷ
504 1775 658 1810 ἀνυπείκτῳ
670 1785 699 1802 τε
714 1777 759 1803 καὶ
769 1777 874 1812 στερρῷ

85 1823 123 1858 μὴ
136 1820 193 1854 οἷός
207 1831 238 1848 τε
258 1820 287 1858 ᾖ,
310 1822 358 1848 καὶ
377 1822 471 1848 τούτου
487 1823 504 1857 ὴ
516 1822 598 1858 τέχνη
615 1822 738 1858 ἐπιζητεῖ
751 1822 800 1857 τὴν
816 1831 877 1849 συν-

83 1868 191 1904 εργίαν.
208 1868 324 1903 ’Δκμονι
349 1867 402 1902 γὰρ
415 1868 544 1903 χρήσεται
560 1867 598 1902 τῷ
611 1867 733 1903 τοιούτῳ,
760 1868 797 1900 ὡς
815 1870 876 1900 ταῖς

84 1915 131 1942 ἐπὶ
143 1914 240 1941 τούτου
257 1914 373 1950 πληγαῖς
384 1914 429 1940 τὸν
441 1914 539 1949 ἐνεργῆ
554 1923 583 1941 τε
595 1915 641 1941 καὶ
654 1914 756 1941 ἁπαλὸν
769 1915 837 1951 πρός
848 1923 874 1941 τι

83 1961 138 1987 τῶν
152 1961 297 1996 χρησίμων
314 1960 528 1988 ἀππυποῦσθαι.

928 1599 1039 1630 propter
1053 1603 1160 1623 onmem
1171 1595 1321 1630 nequitiam
1335 1594 1491 1622 nominatus
1507 1599 1533 1621 ct
1547 1594 1708 1622 nobilitatus

928 1640 1046 1673 Pharao,
1063 1642 1089 1668 in
1107 1643 1161 1668 vita
1175 1649 1268 1668 eoruln
1287 1641 1386 1675 quibus
1399 1640 1468 1667 bene
1485 1640 1577 1671 ﬁebat,
1593 1643 1620 1666 et
1631 1647 1712 1666 exor-

928 1691 972 1713 tus
991 1691 1043 1717 est,
1073 1689 1100 1713 et
1126 1685 1228 1718 floruit,
1246 1689 1276 1712 ut
1303 1685 1403 1720 duplici
1437 1685 1579 1712 etlicientia
1606 1684 1652 1711 Dei
1684 1685 1711 1711 in

929 1734 1053 1768 utrisque
1073 1733 1219 1760 distributa
1233 1732 1335 1767 justam
1354 1732 1496 1766 utriusque
1528 1731 1710 1766 cognitionem

933 1779 1015 1806 Israel
1031 1776 1177 1813 acciperet.
1191 1778 1254 1804 dum
1272 1777 1299 1804 id
1319 1777 1439 1812 quidem,
1451 1777 1523 1812 quod
1536 1777 1634 1804 melius
1653 1781 1712 1804 erat

927 1825 954 1852 in
973 1825 1063 1859 seipso
1087 1824 1216 1855 disceret,
1247 1824 1354 1851 tristius
1388 1828 1476 1850 autem
1495 1824 1521 1850 in
1553 1823 1587 1850 iis
1602 1822 1650 1858 qui
1677 1823 1712 1849 oh

925 1869 1075 1905 nequitiam
1089 1874 1115 1897 et
1133 1870 1262 1896 malitiam
1277 1870 1494 1905 ﬂagellabantur,
1509 1869 1623 1900 videret,
1644 1876 1707 1896 cum

925 1915 1087 1943 excellentia
1114 1915 1253 1950 sapientia:
1282 1923 1338 1942 sua:
1366 1915 1437 1942 Deus
1465 1915 1592 1941 nimirum
1622 1914 1710 1942 etiam

924 1962 1025 1988 malum
1046 1961 1080 1988 ad
1099 1961 1280 1996 adjuvandum
1298 1962 1398 1988 bonum
1419 1965 1536 1988 tractare
1561 1966 1588 1988 et
1605 1968 1714 1988 accom-

83 2009 198 2035 modare
222 2008 301 2035 sciat.
318 2007 393 2042 Opus
427 2007 498 2034 enim
526 2010 586 2034 erat
610 2007 709 2034 artilici
737 2007 782 2042 (si
810 2007 892 2034 etiam
914 2009 1016 2035 nostris
1043 2007 1134 2034 verbis
1160 2007 1339 2042 apostolicum
1377 2014 1529 2034 sermonem
1554 2006 1711 2034 confirmari

81 2058 192 2086 oportet
202 2053 223 2088 ),
249 2060 321 2088 opus
351 2053 434 2088 igitur
451 2056 510 2079 erat
540 2060 588 2087 per
618 2056 705 2081 artem
728 2053 872 2080 excudenti
893 2052 993 2080 ferrum
1017 2052 1049 2080 ad
1069 2053 1134 2080 utile
1164 2053 1301 2088 quoddam
1323 2053 1384 2080 vitae
1408 2053 1630 2085 instrumentum,
1657 2060 1712 2079 non

82 2101 173 2128 solum
208 2107 242 2127 eo
262 2100 335 2134 quod
358 2107 390 2126 ex
414 2098 533 2126 naturali
567 2099 684 2133 quadam
712 2099 856 2126 teneritate
877 2106 909 2126 ac
929 2099 1099 2126 mollitudine
1113 2098 1191 2126 facile
1209 2100 1260 2125 arti
1275 2099 1395 2129 cederet,
1412 2099 1588 2126 vcrumetiam
1614 2099 1637 2126 si
1661 2098 1712 2125 ad-

82 2146 195 2174 modum
222 2145 333 2177 durum,
362 2145 480 2180 rigidum
512 2151 594 2181 atque
623 2145 756 2173 resistens
774 2144 876 2172 ferrum
897 2146 942 2176 sit,
955 2145 1061 2172 etiamsi
1077 2153 1132 2172 non
1158 2144 1236 2172 facile
1262 2152 1310 2179 per
1327 2145 1414 2179 ignem
1433 2145 1582 2176 mollesoat.
1615 2149 1642 2172 et
1677 2146 1711 2173 ad

83 2192 193 2228 aliquod
217 2192 279 2219 vitae
299 2192 486 2219 necessarium
511 2191 722 2219 instrumentum
747 2191 782 2217 ob
810 2191 983 2218 renitentiam
1010 2197 1041 2217 ac
1079 2189 1271 2216 firmitudinem
1299 2197 1375 2217 suam
1407 2190 1502 2217 excudi
1537 2197 1569 2217 ac
1599 2190 1711 2218 formari

83 2245 136 2265 non
153 2237 250 2272 possit,
267 2236 350 2263 etiam
367 2236 448 2270 hujus
463 2243 509 2264 ars
526 2236 714 2270 adjumentum
734 2235 860 2270 requirit.
880 2235 946 2262 Nam
964 2243 1012 2270 pro
1029 2235 1128 2262 incude
1146 2235 1192 2262 tali
1211 2239 1312 2266 utetur,
1328 2238 1355 2261 ut
1371 2234 1472 2263 ictibus
1486 2235 1513 2262 in
1543 2243 1575 2263 ea
1608 2236 1710 2264 ferrum

81 2287 206 2311 tenerum
222 2285 250 2309 et
265 2281 298 2308 ad
308 2289 377 2316 opus
390 2285 481 2316 aptum
499 2282 531 2309 ad
549 2282 659 2317 aliquod
676 2282 745 2310 utile
767 2282 979 2310 instrumentum
998 2282 1152 2309 excudatur
1163 2286 1190 2309 et
1206 2281 1374 2309 eti‘ormetur.

122 2328 193 2356 Ἀλλ’
205 2329 262 2364 ἐρεῖ
276 2337 333 2359 τις,
347 2329 387 2354 ὅτι
405 2329 436 2354 οὐ
451 2328 551 2359 πάντες
564 2328 638 2364 παρὰ
651 2329 696 2355 τὸν
716 2328 772 2363 βίον
783 2329 875 2355 τοῦτον

963 2327 1016 2356 Sed
1034 2328 1107 2356 dicet
1127 2328 1237 2363 aliquis,
1256 2328 1328 2362 quod
1349 2335 1403 2354 non
1422 2335 1518 2354 omnes
1535 2336 1562 2355 in
1588 2329 1639 2355 hac
1656 2329 1710 2356 vita

79 2375 130 2410 τῆς
147 2374 254 2402 ἑαυτῶν
271 2374 422 2410 μοχθηρίας
445 2375 618 2402 ἀπέλαυσαν’
637 2375 696 2402 οὐδὲ
709 2375 761 2411 γὰρ
776 2375 800 2401 οἰ
815 2376 874 2401 κατ’

82 2421 181 2456 ἀρετὴν
197 2420 366 2455 βιοτεύοντες
381 2421 409 2446 ὲν
422 2421 454 2455 τῇ
470 2421 526 2456 ζωῇ
541 2421 627 2456 ταύτῃ
642 2420 696 2447 τῶν
709 2420 758 2456 τῆς
773 2420 874 2455 ἀρετῆς

83 2465 203 2500 ἱδρώτων
227 2464 380 2491 ἀπώναντο.
403 2466 435 2491 Τί
451 2464 509 2495 οὖν,
537 2466 614 2500 φησὶ,
633 2465 734 2492 τούτων
756 2464 824 2492 εἶναι
843 2466 873 2492 τὸ

82 2512 217 2547 χρήσιμον
232 2511 279 2537 ἐπὶ
291 2511 345 2537 τῶν
359 2512 388 2538 ἐν
399 2512 481 2546 κακίᾳ
495 2512 674 2547 ἀτιμωρήτως
686 2511 870 2546 βεὸιωκότων;

81 2555 281 2592 Παραθήσομαί
296 2564 337 2582 σοι
352 2556 398 2582 καὶ
417 2556 485 2592 πρὸς
500 2556 579 2583 τοῦτο
593 2556 682 2590 λόγον,
701 2556 755 2583 τῶν
768 2556 871 2592 ἀνθρω-

81 2601 165 2627 πίνων
174 2601 314 2636 λογισμῶν
322 2600 495 2636 ὑψηλότερον.
506 2602 573 2636 Φησὶ
586 2601 640 2636 γάρ
655 2610 705 2628 που
715 2602 763 2636 τῆς
773 2601 870 2628 ἑαυτοῦ

82 2647 249 2683 προᾳητείας
268 2648 283 2673 6
303 2648 389 2681 μέγας
408 2647 498 2678 Δαϐὶδ,
519 2647 601 2682 μέρος
618 2656 643 2674 τι
662 2649 717 2679 τοῖς
732 2647 870 2683 ἐναρέτοις

81 2692 250 2727 εὐφροσύνης
265 2692 312 2717 καὶ
325 2691 355 2718 τὸ
371 2691 489 2718 τοιοῦτον
502 2689 582 2723 εἶναι,
591 2692 655 2718 ὅταν
665 2691 870 2726 ἀντιπαραθεω-

81 2738 146 2774 ρῶσι
161 2740 219 2768 τοῖς
245 2738 356 2769 οἰκείοις
371 2738 480 2772 ἀγαθοῖς
496 2738 544 2774 τὴν
561 2739 615 2765 τῶν
631 2739 800 2771 κατακρίτων
819 2739 872 2765 ἀπ’

80 2783 186 2810 ώλειαν.
200 2794 210 2810 ε
225 2784 448 2819 Εὑφρανθήσεται
462 2795 471 2810 ι
492 2784 555 2820 γὰρ,
568 2785 643 2820 φησὶ,
660 2794 669 2810 ι
683 2785 792 2816 δίκαιος.
808 2785 872 2811 ὅταν

80 2829 120 2866 ῑδῃ
137 2829 282 2866 ἐκδίκησιν
300 2829 426 2862 ἀσεϐοῦς,
437 2830 486 2862 τὰς
508 2832 600 2866 χεῖρας
624 2831 705 2858 αὑτοῦ
722 2831 827 2866 νίφεται
842 2833 872 2859 ὲν

925 2382 982 2401 suae
999 2374 1129 2408 nequitia
1145 2381 1241 2408 poenas
1258 2373 1322 2400 dent
1337 2382 1343 2400 2
1357 2381 1419 2400 nam
1434 2381 1484 2400 nec
1497 2374 1542 2408 qui
1559 2374 1709 2401 secundum

923 2421 1052 2447 virtutem
1068 2420 1177 2455 quidem
1194 2420 1301 2450 vivunt.
1319 2419 1346 2446 in
1361 2420 1413 2446 hac
1428 2419 1483 2446 vita
1502 2419 1612 2447 virtutis
1624 2419 1710 2447 sudo—

923 2475 983 2494 rum
999 2466 1105 2492 fructus
1125 2466 1249 2500 capiunt.
1266 2465 1353 2498 Quam
1383 2473 1459 2500 ergo,
1492 2465 1590 2500 inquit.
1613 2466 1640 2492 in
1667 2465 1709 2494 his

923 2513 1069 2540 utilitatem
1095 2512 1140 2546 qui
1159 2512 1186 2538 in
1212 2511 1333 2546 nequitia
1361 2511 1472 2545 impune
1494 2512 1621 2538 vixerunt
1647 2519 1709 2538 esse

924 2558 1067 2589 dicemus?
1084 2557 1223 2584 Adducam
1239 2556 1285 2583 tibi
1305 2557 1331 2583 in
1347 2557 1465 2583 medium
1483 2557 1614 2584 rationem
1625 2556 1706 2583 etiam

923 2603 957 2631 ad
975 2604 1026 2631 hoc
1047 2603 1174 2630 humanis
1193 2603 1407 2637 cogitationibus
1431 2610 1462 2629 ac
1481 2601 1701 2629 ratiocinationi~

924 2651 975 2676 bus
991 2648 1191 2676 sublimiorem.
1209 2647 1253 2675 Ait
1273 2648 1345 2676 enim
1367 2655 1482 2683 magnus
1497 2648 1580 2675 David
1594 2648 1620 2674 in
1635 2655 1706 2681 quo-

922 2695 984 2722 dam
998 2694 1059 2721 loco
1070 2701 1127 2721 suae
1139 2694 1301 2730 prophetiae,
1323 2699 1428 2729 partem
1445 2693 1590 2728 quamdam
1607 2693 1707 2720 laetitiae

924 2742 975 2768 hoc
988 2747 1098 2775 quoque
1113 2740 1214 2767 virtute
1226 2740 1348 2775 praeditis
1366 2747 1436 2771 esse,
1455 2740 1477 2766 si
1490 2747 1505 2767 e
1520 2740 1628 2774 regione
1641 2746 1707 2765 suo-

923 2794 984 2813 rum
999 2785 1133 2813 bonorum
1148 2786 1272 2820 opposita
1292 2786 1481 2813 damnatorum
1498 2784 1616 2819 pernicie
1630 2788 1707 2810 utra-

923 2840 975 2867 que
990 2831 1163 2859 considerent
1176 2837 1204 2859 et
1222 2832 1293 2859 inter
1308 2839 1338 2859 se
1360 2835 1517 2865 cornparcnt
1538 2835 1618 2866 atque
1640 2837 1708 2857 con-
