1922 3078
241 102 288 129 IS)!

854 103 883 132 s.
903 103 1066 132 GREGORII
1075 91 1223 134 ‘stsm

1820 101 1869 128 152

238 163 364 190 tendant.
379 172 388 188 ι
406 162 556 191 Lmtabitur
572 173 582 190 ι
599 163 686 196 enim,
700 163 801 199 inquit,
817 173 826 190 ι
840 164 944 198 justus,
959 171 1022 191 cum

1080 163 1114 200 τῷ
1129 165 1224 200 αἰματι
1235 163 1284 191 τοῦ
1297 163 1459 200 ἀμαρτωλοῢ
1471 172 1478 179 ·
1499 173 1508 189 ι
1529 162 1578 198 οὐχ
1592 162 1630 194 ὡς
1642 161 1796 196 ἐπικαίρων
1811 162 1868 192 ταῖς

238 209 336 236 viderit
351 209 482 236 ultionem
499 209 594 244 impii;
609 217 708 236 manus
728 217 792 237 suas
805 210 905 237 lavabit
920 210 947 237 in
964 218 1028 237 san-

239 256 322 290 guine
337 256 492 290 peccatoris
507 256 528 271 ¹⁰
544 265 551 283 :
574 266 583 282 ι
606 263 662 283 non
675 256 747 291 quod
764 256 875 284 insultet
887 257 1028 284 doloribus

240 302 426 333 merentium,
444 301 491 329 sed
514 301 586 336 quod
619 308 685 328 tunc
701 302 820 329 maxime
836 306 985 336 cognoscat
1001 307 1028 329 et

240 346 440 373 animadvertat
466 346 493 373 id
520 346 593 381 quod
614 354 647 373 ex
672 348 774 373 virtute
799 346 889 381 dignis
909 346 1025 374 accedit.

241 391 385 426 Siguilicat
399 392 473 419 enim
484 400 532 427 per
547 393 620 420 dicta
631 393 724 426 verba,
740 393 813 428 quod
824 394 1026 420 contrariorum

240 444 273 465 ex
287 437 404 465 adverso
416 438 585 473 comparatio
597 439 720 466 accessio
731 439 829 466 laetitia
840 443 922 473 atque
938 439 1028 466 incre-

242 489 361 510 mentum
373 483 474 510 virtute
487 484 607 518 praeditis
620 485 738 511 exsistit.
755 484 821 511 Nam
836 493 884 520 per
898 485 935 517 id,
951 484 1026 520 quod

241 529 320 559 dixit.
341 538 350 554 ι
371 529 467 558 Manus
484 530 511 557 in
528 531 661 565 sanguine
679 531 830 566 peccatoris
845 532 927 565 lavat,
947 540 956 556 ι
977 531 1027 558 hu-

238 575 359 609 iusmodi
384 577 464 604 nobis
491 577 593 612 praebet
617 577 791 609 sententiam,
821 578 894 612 quod
921 577 1026 612 puritas

240 621 300 654 ejus
328 621 355 647 in
382 621 437 648 vita
472 622 588 649 actionis
616 623 642 649 in
671 622 824 657 perditione
852 626 1026 656 peccatorum

240 666 456 693 demonstratur.
474 666 542 694 Nam
559 667 667 694 lavandi
699 667 784 694 dictio
809 668 936 701 puritatis
964 674 1026 702 spe-

241 711 310 738 ciem
323 716 350 738 et
377 712 522 747 imaginem
542 713 689 748 signiﬁcat.
716 713 742 740 In
777 714 912 748 sanguine
935 718 1026 741 autent

241 765 322 784 nemo
339 757 454 789 lavatur.
472 759 518 785 sed
538 759 667 792 polluitur
681 764 707 786 et
730 759 890 793 inquinatur
912 767 918 784 ε
935 759 1028 793 itaque

241 810 289 838 per
302 803 353 830 hcc
367 804 477 838 planum
495 804 533 837 ﬁt,
549 804 622 839 quod
644 812 735 831 rerum
759 805 918 831 acerbarum
932 812 965 831 ex
979 804 1027 831 ad-

242 857 321 876 verso
349 851 518 885 comparatio
549 849 660 877 virtutis
686 850 881 877 beatitudinem
911 850 1025 877 demon-
1042 841 1074 870 B-

242 899 321 922 strat.
334 894 528 923 Contrahenda
539 899 581 922 est
600 895 685 930 igitur
710 896 799 922 oratio
830 896 856 922 in
883 896 983 930 capita,
998 899 1027 922 ut

241 941 396 968 intellectus
406 945 487 976 atque
504 941 657 973 sententia,
676 948 745 975 quas
757 941 934 968 tractavimus
947 945 1027 976 atque

241 988 356 1014 scrutati
375 995 481 1019 sumus,
498 988 635 1015 memoria:
655 988 726 1014 haud
744 987 890 1015 dimculter
902 988 1026 1015 mandari

242 1034 358 1069 possint.
375 1033 442 1061 Nam
467 1035 613 1061 immatura
626 1041 701 1061 mors
726 1033 871 1060 infantium
897 1041 985 1068 neque
1000 1034 1027 1060 iu

242 1081 384 1108 doloribus
396 1089 427 1108 ac
440 1081 568 1108 mmstitia
582 1088 644 1108 esse
655 1088 716 1107 cum
732 1080 828 1114 quisic
838 1080 928 1107 vivere
936 1080 1028 1111 desiit,

242 1127 447 1162 intelligendum
465 1135 526 1154 esse
550 1126 630 1154 nobis
649 1128 780 1161 suggerit,
800 1134 887 1161 neque
912 1126 939 1153 in
970 1127 1028 1161 pari

242 1173 330 1207 ipsum
347 1177 373 1200 et
391 1172 485 1199 eadem
504 1172 659 1199 conditione
681 1179 713 1198 ac
741 1176 815 1199 sorte
840 1171 942 1198 versari
965 1179 1028 1198 cum

242 1218 276 1244 iis
292 1217 338 1252 qui
366 1225 414 1252 per
431 1225 540 1244 omnem
562 1218 688 1243 virtutem
711 1217 739 1243 in
765 1217 817 1244 hac
842 1217 897 1244 vita
922 1217 1028 1251 purgati

242 1267 324 1294 sunt,
345 1262 513 1297 providentia
541 1261 645 1288 meliori
662 1261 880 1296 exsuperantiam
902 1261 1029 1288 vitiorum

243 1308 403 1342 prohibente
419 1307 472 1335 Deo
488 1308 515 1335 in
532 1308 565 1334 iis
575 1308 621 1342 qui
640 1307 675 1334 ita
695 1307 793 1334 victuri
807 1307 934 1334 fuissent.
951 1307 1029 1339 Quod

242 1357 332 1381 autem
350 1353 475 1380 nonnulii
506 1353 640 1379 malorum
653 1351 757 1379 diutius
774 1352 879 1382 vivunt.
896 1351 922 1378 id
941 1351 1030 1379 reddi-

241 1403 298 1426 tam
312 1399 475 1426 sententiam
494 1407 547 1426 non
563 1399 709 1426 subvertit.
731 1397 798 1425 Nam
816 1398 842 1433 i_n
856 1399 970 1433 gratiam
984 1406 1031 1432 pa-

243 1449 352 1472 rentum
369 1446 468 1472 malum
494 1446 520 1472 in
537 1445 592 1472 illis
615 1445 761 1480 impeditur
785 1429 999 1478 ac'prohibetur
1021 1454 1028 1471 :

243 1491 345 1525 quibus
362 1494 451 1517 autent
473 1491 563 1517 nullus
580 1497 594 1517 a
611 1490 770 1525 parentibus
781 1489 814 1516 ad
842 1490 924 1517 Deum
941 1489 1031 1517 aditus
1045 1510 1066 1539 C

243 1541 313 1567 erat.
331 1544 365 1563 ne
382 1537 414 1564 ad
430 1544 476 1564 eos
491 1536 600 1569 quidem
615 1536 662 1571 qui
677 1543 709 1563 ex
727 1536 794 1570 ipsis
811 1535 938 1570 prognati
952 1540 1029 1568 sunt,

244 1581 361 1615 amplius
374 1581 506 1616 ejusmodi
531 1580 655 1608 beneﬁcii
679 1588 766 1615 genus
789 1588 842 1607 una
865 1581 1031 1608 transmitti-

243 1632 303 1660 tur;
323 1632 370 1654 aut
387 1627 473 1654 multo
493 1627 627 1654 saevioret
653 1627 772 1653 atrocior
789 1627 843 1654 illis
863 1627 909 1661 qui
929 1626 965 1654 ob
982 1634 1030 1654 nc-

243 1674 356 1708 quitiam
377 1673 482 1700 nobiles
506 1677 582 1703 sunt,
601 1673 675 1699 visus
691 1672 788 1700 luisset
802 1672 825 1698 is
841 1672 887 1706 qui
899 1679 948 1706 per
958 1679 1031 1698 mor-

244 1724 297 1746 tem
312 1721 401 1746 malus
425 1719 482 1746 ﬁeri
502 1718 656 1753 prohibitus
679 1722 731 1750 cst,
756 1717 889 1752 siquidem
906 1717 1030 1748 liberant.

243 1765 406 1800 expeditam.
423 1768 512 1792 etnon
529 1765 688 1798 praeclusam
706 1763 854 1798 nequitiam
871 1761 1027 1789 habuisset:

244 1815 291 1837 aut
315 1811 337 1838 si
361 1811 407 1845 qui
430 1810 510 1838 etiam
536 1809 570 1836 ad
601 1816 737 1836 summum
763 1808 891 1842 nequitia:
919 1807 1030 1834 modum

245 1855 382 1891 progressi
395 1860 470 1888 sunt,
482 1856 629 1890 apostolica
643 1854 836 1889 contemplatio
847 1860 915 1885 rem,
931 1853 965 1880 de
976 1860 1029 1887 qua

244 1899 405 1937 qua-rimus.
416 1901 585 1933 consolatur,
601 1901 673 1935 quod
690 1900 818 1927 nimirum
837 1899 860 1927 is
874 1899 920 1933 qui
937 1900 1029 1926 omnia

244 1954 307 1974 cum
328 1947 460 1981 sapientia
474 1946 549 1977 facit.
566 1947 648 1973 etiam
668 1953 718 1980 per
732 1945 832 1972 malum
849 1944 951 1979 aliquid
966 1944 1030 1971 boni

245 1992 349 2020 elucere
363 1992 442 2019 sciat.
461 1991 539 2024 Quod
554 1992 576 2019 si
592 1992 654 2026 quis
666 1992 748 2019 etiam
766 1991 792 2017 in
810 1990 931 2025 nequitia
946 1994 1029 2024 atque

1079 209 1132 237 τῶν
1149 210 1306 246 ἀνιωμὲνων
1319 211 1434 242 ὀδύναις,
1447 209 1504 236 ἀλλ’
1518 209 1554 241 ὡς
1563 209 1623 235 τότε
1643 208 1762 243 μάλιστα
1772 207 1870 241 γνωρί-

1079 255 1133 288 ζων
1155 256 1185 283 τὸ
1213 256 1242 290 ἐξ
1263 257 1363 292 ἀρετῆς
1380 257 1436 287 τοῖς
1460 255 1546 288 ἀξίοις
1566 253 1798 289 παραγινόμενον.
1821 253 1871 287 Ση-

1080 302 1168 337 μαίνει
1181 302 1236 337 γὰρ
1243 302 1287 329 διὰ
1294 302 1348 328 τῶν
1365 302 1526 337 εἰρημένων,
1544 301 1585 327 ὅτι
1599 300 1740 337 προσθήκη
1759 299 1810 333 τῆς
1824 299 1870 325 εὑ-

1078 347 1214 382 φροσύνης
1228 347 1275 374 καὶ
1291 347 1416 379 ἐπίτασις
1438 348 1495 378 τοῖς
1510 346 1647 381 ἐναρέτοις
1663 345 1767 379 γίνεται
1783 346 1799 379 ἡ
1815 344 1870 370 τῶν

1078 393 1205 420 ἐναντίων
1230 394 1449 428 ἀντιπαράθεσις.
1463 393 1500 420 Τὸ
1521 393 1575 428 γὰρ
1597 393 1696 425 εἰπεῖν,
1723 392 1766 418 ὅτι
1787 399 1797 416 ι
1814 390 1871 422 Τὰς

1077 440 1171 474 χεῖρας
1196 439 1226 466 ὲν
1249 439 1289 475 τῷ
1314 439 1408 474 αἵματι
1433 438 1480 466 τοῦ
1511 438 1673 474 ἀμαρτωλοῦ
1699 438 1836 469 νίπτεται,
1857 447 1868 462 ι

1077 485 1205 520 τοιαύτην
1221 485 1368 521 παρίστησι
1376 484 1559 520 τὴνδιάνοιαν,
1573 484 1614 510 ὅτι
1626 483 1657 510 τὸ
1668 482 1872 518 καθαιρόμενον

1078 531 1159 558 αὑτοῦ
1175 532 1225 567 τῆς
1242 532 1312 558 κατὰ
1324 531 1372 566 τὴν
1387 530 1458 566 ζωὴν
1478 529 1627 566 ἐνεργείας,
1651 530 1679 555 ὲν
1692 530 1726 564 τῇ
1746 527 1873 562 ἀπωλείᾳ.

1078 577 1132 602 τῶν
1159 576 1328 611 ἁμαρτωλῶν
1347 576 1537 602 διαδείκνυται.
1559 575 1591 601 'H
1605 574 1659 609 γὰρ
1673 574 1720 600 τοῦ
1739 572 1873 607 νίψασθαι

1078 622 1159 655 λέξις,
1178 623 1362 658 καθαρότητος
1375 622 1493 657 ἔμφασιν
1504 620 1686 656 διερμηνεύει.
1710 619 1753 645 Ἐν
1773 618 1873 653 αἵματι

1077 669 1105 696 δὲ
1124 669 1184 703 οὐχὶ
1199 668 1321 695 νίπτεταί
1336 676 1388 699 τις,
1403 667 1470 694 ἀλλὰ
1483 666 1625 702 μολύνεται
1639 674 1646 681 ”
1659 665 1729 691 ὥστε
1745 664 1789 691 διὰ
1807 664 1873 690 τοὺ-

1077 723 1125 741 του
1139 714 1219 749 δῆλον
1232 713 1368 748 γενέσθαι,
1385 714 1426 739 ὃτι
1441 712 1523 748 ἡτῶν
1544 710 1779 746 σκυθρωποτέρων
1795 710 1875 735 ἀντι-

1078 760 1228 795 παράθεσις
1246 759 1295 795 τὴν
1318 759 1368 793 τῆς
1389 759 1491 794 ἀρετῆς
1514 757 1702 793 μακαριότητα
1722 755 1872 782 δείκνυσιν.

1079 806 1232 832 Συναπτέον
1261 805 1350 832 τοίνυν
1375 805 1420 831 ἐπὶ
1446 803 1585 838 κεφαλαίῳ
1602 803 1648 829 τὸν
1672 802 1760 836 λόγον,
1778 801 1817 831 ὡς
1837 800 1874 826 ἃν

1079 851 1282 887 εὐμνημόνευτα
1308 851 1411 884 γένοιτο
1434 850 1468 876 τὰ
1488 849 1658 884 ἐξητασμένα
1675 849 1810 883 νοήματα.
1839 846 1874 872 Ἦ

1079 897 1134 932 γὰρ
1163 898 1251 932 impia;
1275 896 1387 932 τελευτὴ
1406 895 1459 922 τῶν
1479 894 1583 930 νηπίων
1603 894 1664 920 οὔτε
1687 895 1716 921 ἑν
1735 893 1875 927 ἀλγεινοῖς

1080 942 1148 970 εἶναι
1168 944 1214 971 τὸν
1230 942 1300 970 οὕτω
1317 943 1365 977 τὴν
1381 942 1453 977 ζωὴν
1469 941 1642 976 παυσάμενον
1658 941 1728 967 νοεῖν
1743 938 1875 966 ὑποτίθε-

1079 999 1135 1021 ται,
1149 989 1211 1016 οὕτε
1229 990 1299 1016 κατὰ
1312 989 1342 1015 τδ
1359 989 1415 1015 ἴσον
1441 989 1497 1019 τοῖς
1508 987 1552 1014 διὰ
1568 987 1658 1021 πάσης
1678 986 1779 1022 ἀρετῆς
1800 984 1875 1011 κατὰ

1079 1034 1125 1060 τὸν
1153 1034 1216 1069 τῇδε
1244 1033 1301 1067 βίον
1325 1032 1539 1067 κεκαθαρμένοις
1570 1031 1683 1065 γίνεται,
1711 1029 1872 1066 προμηθείᾳ

1081 1079 1214 1115 κρείττονι
1227 1078 1274 1105 τοῦ
1286 1078 1352 1105 Θεοῦ
1369 1079 1418 1112 τὴν
1432 1077 1485 1104 τῶν
1502 1077 1594 1104 κακῶν
1608 1077 1742 1112 ἀμετρίαν
1757 1075 1875 1102 κωλύον-

1080 1135 1125 1156 τος
1141 1126 1186 1152 ἐπὶ
1210 1125 1264 1151 τῶν
1283 1124 1431 1160 μελλόντων
1454 1123 1525 1150 οὕτω
1543 1123 1698 1158 βιώσεσθαι.
1713 1122 1750 1148 Τὸ
1765 1122 1793 1148 δὲ
1812 1123 1871 1147 Em-

1081 1171 1175 1198 διῶναῖ
1190 1180 1264 1202 τινας
1282 1171 1336 1197 τῶν
1356 1169 1459 1200 κακῶν,
1476 1169 1526 1195 οὐκ
1541 1168 1687 1204 ἀνατρέπει
1707 1168 1756 1202 τὴν
1775 1167 1876 1194 ἀποδο-

1081 1217 1174 1244 Θεῖσαν
1202 1217 1331 1243 διάνοιαν.
1350 1215 1389 1250 Τῇ
1408 1215 1462 1250 γὰρ
1479 1214 1548 1249 πρὸς
1572 1215 1635 1245 τοὺς
1655 1212 1876 1248 γεννησαμένους

1081 1264 1171 1299 χάριτι
1182 1263 1212 1289 τὺ
1227 1262 1311 1289 κακὸν
1320 1262 1362 1287 ἐπ’
1375 1261 1485 1287 ἐκείνων
1500 1259 1668 1294 ὲνεποδίσοη·
1679 1257 1719 1290 οἷς
1731 1259 1760 1285 δὲ
1773 1259 1824 1284 οὐκ
1839 1255 1875 1292 ἦν

1082 1318 1122 1341 τις
1136 1311 1166 1335 ὲκ
1180 1309 1279 1343 γονέων
1293 1307 1360 1343 πρὸς
1377 1307 1421 1333 τὸν
1445 1307 1510 1333 Θεὸν
1534 1305 1684 1342 παρρησία,
1699 1305 1758 1331 οὐδὲ
1775 1305 1832 1334 τοῖς
1843 1303 1875 1335 ἐξ

1083 1356 1193 1382 ἐκείνων
1220 1354 1249 1381 τὸ
1271 1354 1391 1380 τοιοῦτον
1405 1354 1452 1380 ἐπὶ
1475 1353 1524 1388 τῆς
1540 1351 1699 1388 εὐεργεσίας
1719 1349 1788 1381 εἶδος
1804 1359 1875 1384 συμ-

1082 1401 1268 1436 παρεπέμφθη
1280 1409 1286 1415 ·
1305 1400 1321 1435 ἢ
1351 1399 1440 1434 πολλῷ
1457 1399 1645 1435 χαλεπώτερος
1655 1397 1709 1424 τῶν
1726 1397 1772 1423 ἐπὶ
1787 1396 1876 1430 κακίᾳ

1082 1447 1228 1482 γνωρίμων
1242 1446 1256 1472 ὁ
1272 1445 1402 1476 κωλυθεὶς
1415 1445 1458 1471 διὰ
1468 1444 1514 1471 τοῦ
1524 1444 1638 1471 θανάτου
1649 1443 1775 1477 γενέσθαι
1787 1442 1876 1472 κακὸς

1083 1493 1169 1527 ἐφάνη
1181 1492 1224 1522 ἂν,
1240 1491 1318 1526 εῐπερ
1337 1490 1476 1517 ἀκώλυτον
1495 1489 1558 1525 ἔσχε
1574 1489 1623 1525 τὴν
1640 1488 1787 1523 πονηρίαν·
1810 1488 1826 1522 ἦ
1849 1486 1877 1513 εἴ

1082 1547 1154 1570 τινες
1180 1537 1227 1564 καὶ
1255 1538 1294 1569 εἰς
1319 1537 1349 1562 τὸ
1367 1536 1517 1571 ἀκρότατον
1540 1536 1589 1570 τῆς
1620 1534 1752 1570 πονηρίας
1775 1533 1876 1569 μέτρον

1083 1582 1326 1619 προσεληλύθασιν,
1341 1583 1357 1617 ἡ
1370 1582 1533 1617 ἀποστολικὴ
1549 1582 1650 1616 θεωρία
1671 1581 1875 1617 παραμυθεῖται

1081 1630 1111 1656 τὸ
1128 1630 1247 1664 ζήτημα,
1263 1628 1299 1659 ὡς
1315 1628 1413 1659 εἰδότος
1426 1627 1471 1654 τοῦ
1489 1628 1578 1654 πάντα
1593 1629 1621 1654 ἐν
1635 1627 1716 1661 σοφίᾳ
1733 1625 1874 1656 ποιοῦντος

1083 1676 1129 1703 καὶ
1146 1675 1189 1702 διὰ
1204 1675 1251 1701 τοῦ
1284 1675 1370 1701 κακοῦ
1397 1683 1423 1700 τι
1445 1674 1499 1700 τῶν
1514 1673 1623 1708 ἀγαθῶν
1641 1671 1874 1707 κατεργάσασθαι.

1083 1723 1115 1750 Et
1128 1722 1156 1749 δέ
1169 1731 1210 1754 τις
1232 1722 1279 1748 καὶ
1301 1722 1330 1748 ἐν
1347 1721 1464 1756 πονηρίᾳ
1479 1720 1508 1746 τὸ
1524 1721 1607 1755 ἄκρον
1625 1719 1691 1754 ἔχει,
1711 1718 1757 1744 καὶ
1772 1719 1815 1743 ἐπ’
1829 1718 1875 1743 οὐ·

1084 1768 1139 1795 δενὶ
1152 1766 1288 1802 χρησίμῳ,
1301 1766 1411 1793 κατὰτὸ
1430 1765 1511 1801 ῥηθὲν
1530 1765 1594 1799 ἡμῖν
1612 1763 1775 1797 ὑπόδειγμα,
1798 1761 1877 1795 παρὰ

1084 1815 1133 1849 τῆς
1148 1813 1196 1840 τοῦ
1212 1813 1279 1839 Θεοῦ
1292 1813 1389 1848 τέχνης
1404 1810 1620 1847 κατεχαλκεύοη,
1631 1809 1710 1836 τοῦτο
1730 1807 1876 1843 προσθήκη

1083 1857 1134 1891 τῆς
1154 1856 1323 1892 εὐφροσύνης
1344 1857 1396 1882 τῶν
1416 1854 1444 1882 εὖ
1467 1856 1636 1891 βεϐιωκότων
1651 1855 1767 1889 γίνεται,
1784 1851 1876 1882 καθὼς

1083 1905 1100 1939 ἡ
1130 1903 1280 1939 προφητεία
1309 1904 1378 1930 νοεῖν
1408 1902 1574 1932 ὑποτίθεται,
1590 1902 1657 1935 ὅπερ
1682 1900 1712 1926 οὐ
1730 1898 1828 1934 μικρὸν
1847 1899 1876 1923 ἐν

1083 1948 1194 1981 ἀγαθοῖς
1208 1947 1240 1974 ἄν
1252 1956 1294 1979 τις
1307 1948 1454 1978 λογίσαιτο,
1477 1947 1536 1973 οὐδὲ
1557 1947 1607 1981 τῆς
1622 1946 1668 1972 τοῦ
1684 1944 1753 1971 Θεοῦ
1765 1951 1877 1978 προμηκ-

1086 1991 1161 2022 Θείας
1173 1989 1292 2023 ἀνάξιον.

245 2038 420 2074 improbitate
434 2038 573 2073 fastigium
598 2046 629 2065 ac
651 2038 781 2065 verticem
808 2041 892 2069 tenet,
913 2041 941 2064 et
953 2036 1031 2071 juxta
1051 2037 1218 2072 propositam
1236 2044 1251 2063 a
1269 2037 1347 2064 nobis
1361 2036 1578 2069 similitudinem,
1591 2036 1623 2063 ad
1654 2035 1760 2063 nullum
1793 2042 1873 2062 usum

245 2086 280 2112 ab
293 2089 351 2111 arte
368 2084 412 2112 Dei
435 2084 586 2112 fabricatus
599 2089 652 2116 est,
674 2084 725 2112 hoc
748 2084 849 2111 laetitia:
882 2091 975 2111 eorum
999 2083 1048 2117 qui
1067 2083 1137 2110 bene
1162 2083 1290 2110 vixerunt
1307 2083 1441 2118 appendix
1458 2088 1485 2110 ct
1503 2083 1716 2110 additamentum
1753 2081 1873 2112 exsistit,

244 2133 473 2168 quemadmodum
508 2133 649 2169 prophetia
675 2133 880 2169 intelligendum
904 2133 1042 2167 proponit,
1072 2132 1144 2167 quod
1162 2132 1188 2159 in
1205 2132 1283 2160 bonis
1303 2131 1374 2159 haud
1391 2139 1503 2167 parvum
1520 2132 1581 2166 quis
1597 2130 1807 2161 existimaverit,
1825 2136 1874 2156 nec

245 2180 418 2215 providentia
431 2181 477 2208 Dei
488 2180 642 2216 indignum.

283 2260 305 2275 ¹⁰
319 2259 390 2287 Psal.
405 2268 471 2288 Lvn.
487 2261 530 2289 1..
