1922 3078
50 125 86 152 1ςὸ
537 122 750 151 TESTIMONIA
769 122 954 151 ADVERSUS
972 122 1124 151 JUDIEOS.

1602 122 1652 151 ιρι

53 200 1643 216 mm

373 282 921 343 DOGMATIGA
980 283 1294 339 DUBIA-

461 485 575 527 ΤΟΥ
598 485 670 527 ΕΝ
702 485 884 527 ΑΓΙΟΙΣ
903 482 1216 527 ΓΡΗΓΟΡΙΟΥ

627 575 870 602 ΕΠῙΣΚΟΠΟΥ
896 574 1061 601 ΝΥΣΣΗΣ

85 656 428 717 ΕΚΛΟΓΑΙ
482 657 908 716 ΜΑΡΤΥΡΙΩΝ
943 656 1147 713 ΠΡΟΣ
1195 654 1599 713 ΙΟΥΔΑΙΟΥΣ

669 769 745 795 A110
762 768 829 794 ΤΗΣ
841 768 1009 794 ΠΑΛΑΙΑΣ

43 850 108 877 Μετά
136 858 215 882 τινος
243 848 462 882 ἑπεξεργασίας
475 847 541 881 περὶ
558 848 614 882 τῆς
637 847 723 882 ἁγίας
746 845 866 880 Τριάδος
884 854 890 861 ·
915 845 958 872 ὅτι
976 845 1083 879 Λόγον,
1099 844 1146 871 καὶ
1166 843 1287 879 Πνεῦμα
1304 843 1366 878 ἔχει
1383 845 1399 870 ό
1419 842 1500 876 Θεὸς,
1511 842 1586 869 κατὰ
1601 842 1654 874 τὰς

260 895 400 930 Γραφάς·
415 896 506 930 Λόγον
527 895 737 923 ἐνυπόστατον
763 894 812 920 καὶ
830 892 932 923 ζῶντα,
954 892 1002 919 καὶ
1024 892 1142 926 ΙΙνεῐ-μα
1161 891 1312 923 ὡσαύτως.

640 1059 688 1102 Ρ.
752 1058 812 1102 Ν.
852 1055 1140 1102 GBEGOBII

539 1059 585 1102 S.

679 1151 835 1180 EPISCOPI
851 1151 1000 1179 NYSSENI

46 1243 357 1301 DELECTA
398 1242 841 1300 TESTIMONIA
881 1238 1256 1299 ADVERSUS
1297 1226 1654 1296 JUDEOS‘”

609 1354 657 1381 EX
679 1352 824 1381 VETERE
837 1351 1085 1380 TESTAMENTO

45 1435 98 1463 Cum
111 1435 210 1470 adjecta
218 1435 339 1471 quadam
351 1433 467 1461 uberiori
484 1433 639 1468 probatione
653 1432 685 1458 de
703 1436 796 1458 sancta
810 1431 954 1463 Trinitate;
972 1430 1042 1465 quod
1054 1437 1144 1464 nempe
1162 1428 1274 1455 Verbum
1292 1432 1317 1454 et
1335 1427 1463 1462 Spiritum
1479 1427 1572 1454 habeat
1587 1426 1657 1453 Deus

255 1481 400 1510 secundum
425 1481 590 1515 Scripturas,
613 1480 722 1507 Verbum
744 1479 887 1506 subsistens
910 1484 986 1513 atque
1003 1479 1098 1510 vivens,
1112 1482 1136 1505 et
1148 1477 1276 1512 Spiritum
1296 1476 1428 1503 similiter.

201 1563 358 1595 (lnterprete
371 1564 398 1586 et
409 1560 541 1585 scholiaste
552 1559 684 1584 Laurentio
695 1556 814 1588 Zacnguio
823 1562 846 1580 γ.
861 1557 924 1580 cl.—
936 1554 1057 1586 Galland.,
1071 1556 1125 1581 Vel.
1141 1554 1202 1581 Bibl.
1215 1556 1286 1580 Patr.
1301 1558 1318 1580 t.
1332 1554 1374 1586 VI,
1386 1563 1410 1587 p.
1424 1555 1489 1586 578.)

73 1723 146 1756 Λέγει
166 1722 248 1749 Δαὸὶδ
274 1722 304 1748 ὲν
325 1721 441 1756 δευτέρῳ
470 1720 516 1747 καὶ
534 1718 686 1755 τριακοστῷ
708 1717 841 1753 ψαλμῷη

910 1717 978 1745 Dicit
989 1716 1073 1744 David
1085 1716 1112 1743 in
1126 1716 1232 1751 psalmo
1242 1715 1384 1743 tricesimo
1396 1716 1518 1743 secundo
1532 1725 1538 1743 :
1554 1715 1659 1743 «Verbo

48 1777 55 1792 ι
70 1767 109 1802 Τῷ
121 1767 196 1802 Λόγῳ
213 1767 319 1802 Κυρίου
334 1766 358 1791 οἱ
375 1765 483 1800 οὐρανοὶ
496 1763 710 1799 ἐστερεώθησαν,
725 1764 772 1789 καὶ
785 1762 822 1798 τῷ

46 1813 167 1848 Πνεύματι
186 1812 232 1838 τοῦ
258 1811 391 1846 στόματος
414 1809 495 1836 αὑτοῦ
519 1810 593 1836 πᾶσα
615 1811 631 1844 ἡ
648 1809 760 1844 δύναμις
776 1809 824 1834 αὺ-

45 1859 99 1885 τῶν.
115 1867 123 1883 ι
140 1858 174 1884 Οὐ
191 1857 278 1890 Λόγος
293 1854 339 1883 οὖν
354 1855 470 1891 ὑπάρχει
489 1855 569 1890 ἀέρος
583 1855 703 1885 τύπωσις
722 1862 824 1889 σημαν-

44 1904 98 1939 τικὴ
131 1903 172 1930 διὰ
202 1902 366 1938 φωνητικῶν
401 1901 523 1937 ὀργάνων
546 1900 728 1936 ἐκφερομένη,
760 1899 823 1925 οὔτε

46 1951 145 1985 Πνεῦμα.
160 1950 295 1985 στόματος
309 1948 405 1983 ἀτμὸς,
421 1949 453 1974 ὲκ
475 1947 529 1973 τῶν
543 1945 762 1974 ἀναπνευστικῶν
778 1954 824 1980 με-

47 1997 92 2031 ρῶν
107 1995 299 2031 ὲξωθούμενος,
315 1993 383 2021 ἀλλὰ
405 1993 491 2027 Λόγος
510 1991 560 2028 μὲν
580 1993 594 2018 ὁ
618 1991 685 2027 πρὸς
710 1991 775 2017 Θεὸν
796 1992 825 2017 ἐν

46 2043 117 2077 ἀρχῇ,
132 2043 177 2068 καὶ
191 2041 258 2073 Θεὸς
283 2039 337 2067 ὤν’
361 2038 473 2073 Πνεῦμα
496 2039 524 2065 δὲ
547 2038 680 2073 στόματος
701 2037 778 2068 Θεοῦ,
795 2037 825 2064 τὸ

47 2088 145 2123 Πνεῦμα
158 2089 208 2123 τῆς
221 2087 361 2123 ἀληθείας,
378 2086 392 2112 ὃ
406 2085 481 2120 παρὰ
499 2084 545 2111 τοῦ
564 2084 668 2119 Πατρὸς
681 2083 826 2117 ἐκπορεύε-

46 2143 93 2160 ut.
107 2133 174 2169 Τρία
186 2134 276 2160 τοίνυν
292 2132 356 2163 νόει,
369 2132 415 2158 τὸν
431 2131 633 2166 προστάττοντα
653 2129 764 2164 Κύριον,
780 2129 826 2156 τὸν

46 2178 250 2214 δημιουργοῦντα
274 2177 369 2211 Λόγον,
396 2176 441 2202 τὸν
465 2174 634 2210 στερεοῦντα,
659 2175 780 2201 τουτέστι
797 2174 826 2199 τὸ

47 2223 164 2258 Πνεῦμα”
179 2223 230 2258 τὴν
244 2221 299 2258 γὰρ
317 2221 474 2257 στερέωσιν,
495 2220 540 2246 τὸν
553 2220 686 2254 ἁγιασμὸν
704 2216 764 2245 εἶπε
779 2219 826 2244 καὶ

47 2268 88 2304 τὴν
101 2269 303 2304 συμπλήρωσιν.
317 2268 374 2294 Ἵνα
394 2267 421 2293 δὲ
448 2266 537 2302 μάθῃς
556 2266 596 2292 ὅτι
611 2265 640 2293 οὐ
654 2265 739 2301 τούτῳ
754 2265 827 2299 λέγει

45 2313 81 2348 τῷ
95 2313 261 2349 πρψορικῷ,
277 2312 344 2339 ἀλλὰ
358 2311 397 2347 τῷ
409 2311 591 2346 ἐνυποστάτῳ,
607 2312 622 2338 ὁ
642 2310 722 2342 αὐτὸς
744 2310 826 2337 ἀλλα-

48 2357 89 2392 χοῦ
103 2358 189 2393 λέγει·
211 2368 221 2384 ‹
242 2357 397 2384 Ἀποστελεί
412 2357 456 2383 τὸν
475 2356 560 2391 Λόγον
576 2355 669 2388 αὑτοῦ,
686 2356 734 2382 καὶ
751 2355 826 2390 τήξει

873 1763 982 1791 Domini
1000 1763 1064 1791 cceli
1080 1763 1180 1789 ﬁrmati
1196 1766 1279 1795 sunt,
1291 1767 1319 1790 et
1335 1762 1439 1797 Spiritu
1453 1764 1510 1790 oris
1524 1763 1585 1797 ejus
1601 1771 1660 1789 om-

873 1809 917 1837 nis
931 1810 1019 1836 virtus
1035 1816 1131 1836 eorum
1150 1809 1158 1823 ¹
1184 1818 1193 1834 ι
1206 1807 1291 1843 Igitur
1308 1807 1429 1836 Verbum
1450 1817 1504 1835 non
1523 1813 1565 1836 est
1585 1810 1659 1835 acris

873 1856 1036 1892 percussio,
1065 1856 1103 1882 rei
1127 1855 1276 1890 cujuslibet
1300 1855 1497 1890 signiticativa,
1524 1862 1584 1890 quae
1613 1863 1661 1890 per

874 1903 1060 1930 instrumenta
1077 1902 1152 1929 vocis
1170 1902 1277 1932 edatur,
1296 1908 1385 1935 neque
1401 1899 1522 1935 Spiritus
1542 1905 1585 1928 est
1603 1901 1660 1928 oris

874 1948 965 1975 anima
976 1968 984 1979 ,
999 1955 1060 1983 qua:
1073 1955 1107 1974 ex
1125 1947 1249 1982 partibus
1270 1946 1461 1980 respirationis
1476 1947 1660 1974 servientibus

874 1994 1026 2025 emittatur,
1043 1993 1089 2021 sed
1102 1992 1220 2020 Verbum
1234 1992 1343 2027 quidem
1358 1996 1401 2020 est
1416 1992 1441 2019 id
1455 1993 1526 2027 quod
1543 1994 1569 2019 in
1587 1994 1662 2027 prin-

875 2041 948 2075 cipio
962 2044 1021 2068 erat
1036 2039 1109 2074 apud
1126 2039 1228 2071 Deum,
1245 2044 1271 2066 et
1288 2039 1360 2066 Deus
1377 2043 1438 2072 est;
1459 2039 1579 2073 Spiritus
1595 2047 1661 2066 vero

875 2087 933 2114 oris
948 2085 1012 2118 Dei,
1033 2085 1153 2120 Spiritus
1170 2086 1312 2117 veritatis,
1329 2085 1374 2120 qui
1393 2093 1408 2111 ιι
1427 2085 1508 2112 Putre
1525 2086 1660 2120 procedit.

876 2133 941 2160 Tria
958 2133 1041 2167 igitur
1057 2131 1188 2166 intellige.
1210 2130 1352 2165 jubentem
1368 2134 1394 2157 et
1411 2131 1589 2165 imperantem
1608 2129 1661 2157 Do-

877 2178 993 2209 minum.
1009 2185 1108 2204 creatis
1123 2176 1243 2203 Verbum
1254 2197 1262 2210 ,
1276 2176 1429 2203 (irruentem
1442 2181 1468 2203 et
1484 2175 1661 2209 solidantem,

877 2231 976 2259 nempe
992 2223 1122 2258 Spiritum
1138 2232 1145 2255 ;
1162 2223 1271 2250 ﬁrmare
1288 2222 1360 2249 enim
1376 2222 1445 2249 dixit
1465 2229 1515 2256 pro
1541 2222 1664 2249 sanctiﬁ-

877 2277 959 2301 care,
975 2274 1003 2296 et
1022 2269 1170 2303 complere.
1193 2268 1228 2295 Ut
1247 2272 1338 2295 autem
1366 2267 1439 2295 scias
1464 2267 1595 2294 Davidcm
1621 2268 1663 2295 di~

877 2322 957 2346 cere,
978 2313 1064 2341 cmlos
1085 2322 1139 2341 non
1160 2314 1212 2341 hoc
1230 2314 1331 2345 verbo,
1352 2313 1424 2348 quod
1448 2313 1476 2340 in
1500 2314 1664 2346 pronuntia-

877 2360 953 2387 tione
968 2360 1112 2391 consistit.
1128 2359 1252 2387 firmatos
1268 2367 1330 2386 esse
1342 2379 1348 2391 ,
1369 2359 1416 2386 sed
1433 2367 1465 2386 eo
1481 2360 1553 2394 quod
1571 2360 1662 2394 reipsn

48 2404 117 2430 αὐτὰ·
127 2405 235 2432 πνεύσει
246 2403 276 2430 τὸ
286 2403 397 2438 Πνεῦμα
413 2402 505 2436 αὐτοῦ,
518 2403 563 2429 καὶ
577 2403 704 2438 ῥυήσεται
717 2402 826 2428 ὕδατα.»

880 2404 1023 2436 subsistit,
1039 2404 1110 2432 idem
1126 2404 1191 2431 alibi
1208 2404 1262 2436 ait,
1276 2414 1285 2430 ‹
1299 2404 1412 2432 Emittet
1428 2405 1544 2432 Verbum
1563 2413 1662 2437 suum,

48 2449 123 2484 Λόγος
145 2449 173 2476 δὲ
196 2449 381 2480 ἀνυπόστατος
402 2449 452 2475 οὐκ
475 2447 676 2475 ἀποστέλλεται.
699 2447 754 2473 Καὶ
775 2447 829 2473 πά-

49 2495 100 2521 λιν·
119 2505 128 2521 ‹
148 2495 303 2522 Ἀπέστειλε
318 2495 364 2521 τὸν
383 2494 468 2528 Λόγον
483 2493 575 2526 αὐτοῦ,
603 2493 650 2520 καὶ
670 2493 762 2519 ἰάσατο
780 2493 830 2519 αὺ-

50 2541 113 2573 τοὺς,
123 2542 169 2568 καὶ
179 2541 313 2577 ἐρρύσατο
323 2541 421 2573 αὐτοὺς
436 2541 468 2567 ἐκ
477 2540 531 2566 τῶν
542 2539 693 2574 διαφθορῶν
704 2539 802 2566 αὐτῶν.
817 2549 826 2564 ι

98 2628 106 2643 ¹
118 2628 190 2656 Psal.
207 2637 297 2660 xuii.
316 2628 342 2656 6.
395 2629 405 2644 '
421 2627 495 2655 Psal.
508 2634 612 2658 cxtvu,
627 2627 671 2653 18.

71 2703 119 2743 ..(9)
137 2705 232 2743 Exstat
244 2705 296 2743 hoc
312 2704 429 2743 Nysseni
446 2712 516 2743 opus
526 2705 552 2731 in
567 2705 672 2743 duobus
684 2703 823 2732 Vaticana:

53 2738 212 2768 bibliothecae
232 2738 372 2767 codicibus
388 2738 502 2774 signatis
526 2748 601 2766 num.
626 2739 674 2766 451
692 2745 719 2765 et
745 2748 820 2766 num.

56 2774 127 2806 1907,
155 2783 271 2810 quontm
305 2775 409 2809 primus
433 2775 557 2810 ducentis
587 2775 695 2801 circiter
721 2775 823 2810 abhinc

56 2810 126 2848 annis
142 2809 259 2848 scriptus
280 2813 375 2848 est,_et
390 2817 451 2848 cuin
472 2809 558 2836 Sil‘ani
574 2809 698 2836 versione
720 2809 747 2836 in
766 2818 825 2836 om-

57 2844 129 2872 nibus
143 2844 206 2873 fere
220 2845 387 2878 concordat;
407 2845 474 2872 alter
493 2851 557 2872 vero
572 2848 714 2873 sexcentos
724 2848 750 2872 et
765 2852 823 2872 am-

879 2456 906 2479 et
922 2450 1079 2486 iiquefaciet
1098 2459 1129 2478 ea
1143 2460 1151 2484 ;
1172 2452 1290 2485 spirabit
1303 2451 1424 2486 Spiritus
1441 2452 1501 2487 ejus
1512 2473 1519 2485 ,
1538 2457 1566 2480 et
1580 2453 1663 2480 ﬂuent

879 2502 957 2530 aquae
971 2496 992 2522 ¹.
1006 2506 1015 2521 ι
1027 2495 1147 2523 Verbum
1162 2501 1272 2528 autem,
1288 2499 1361 2531 quod
1377 2497 1554 2525 subsistentia
1569 2502 1644 2525 caret
1654 2518 1661 2529 ,

878 2548 932 2568 non
948 2541 1094 2568 emittitur.
1109 2541 1140 2568 Et
1154 2550 1261 2575 rursus,
1282 2552 1292 2568 ι
1305 2541 1378 2569 Misit
1393 2542 1510 2570 Verbum
1524 2551 1603 2571 suum
1615 2563 1622 2576 ,
1636 2548 1663 2570 et

876 2706 948 2740 plius
966 2713 1053 2732 annos
1071 2706 1236 2740 antiquitate
1246 2711 1369 2741 superat.
1385 2707 1477 2741 itaque
1491 2706 1586 2733 horum
1599 2706 1646 2740 qui
1657 2721 1663 2726 -

877 2741 937 2767 dem
954 2741 1071 2775 primum
1087 2741 1114 2767 in
1127 2742 1205 2768 Notis
1215 2743 1316 2768 nostris
1330 2743 1508 2769 recentiorem
1520 2748 1660 2773 vocamus;

877 2776 1028 2802 secundum
1057 2784 1122 2803 vero
1144 2777 1341 2808 vetustiorem;
1368 2784 1429 2803 nam
1460 2776 1493 2802 ad
1519 2776 1663 2808 utriusque

877 2809 1080 2851 codicisﬁdem,
1093 2811 1240 2839 editionem
1251 2812 1457 2846 versionemque
1468 2814 1588 2838 nostram
1597 2817 1663 2836 con-

878 2852 1060 2873 cmnavunus.
