1922 3078
237 110 291 140 I95

863 110 892 138 S.
911 109 1078 138 GREGORII
1097 109 1242 137 NYSSENI

1815 112 1864 140 l9li

234 170 340 199 sanavit
356 178 415 202 eos.
427 173 455 198 et
468 170 568 206 eripuit
583 178 631 198 eos
646 170 680 198 de
692 172 857 207 corruptelis
872 179 965 199 eorum
979 171 1016 198 ³.»

1070 171 1124 197 Καὶ
1148 171 1245 198 πάλιν*
1264 180 1272 196 ι
1295 170 1497 203 Ἐξαποστελείς
1525 170 1555 196 τὸ
1580 169 1693 205 Πνεῦμα
1721 178 1787 201 σου,
1819 170 1863 196 καὶ

235 217 268 245 Et
279 224 387 246 rursus.
401 225 410 241 α
426 216 540 244 Emittes
551 216 684 252 Spiritum
701 222 827 248 tuum,et
843 217 1019 247 creabuntur.

232 267 262 290 et
279 262 424 290 renovabis
441 261 539 289 faciem
566 268 645 289 ιι-η-ιε
658 262 679 289 δ.
702 272 711 288 ι
735 272 743 287 ε
761 262 829 295 Quis
845 262 919 289 stetit
934 262 960 288 in
977 262 1023 288 ﬁr-

234 312 371 335 mamento
386 307 492 335 Domini
503 329 510 340 ,
526 312 552 335 et
566 308 633 335 vidit
645 307 762 335 Verbum
777 308 837 342 ejus
850 309 859 324 ³
869 308 880 334 9
892 318 901 333 ι
913 309 948 334 At
961 315 1022 334 ver-

235 355 298 381 bum
312 354 432 381 hominis
446 362 500 381 non
517 355 649 382 cernitur.
664 353 746 381 Vides
761 362 774 381 a
789 354 890 381 Davidc
902 353 1021 381 Verbum

235 400 288 427 dici
301 420 309 432 ,
327 407 382 427 non
396 400 469 435 quod
487 399 580 427 auditu
593 420 600 432 ,
620 399 669 428 sed
687 399 761 435 quod
777 401 838 427 visu
858 400 1020 434 percipitur,

234 445 382 479 nimirum,
414 446 486 480 quod
509 446 598 479 reipsa
618 446 763 479 subsistit,
796 445 1021 480 quandoquidem

233 494 347 521 verbum
367 493 524 522 substantia
542 501 656 526 carens,
676 494 784 525 locum,
801 498 831 520 ut
849 501 899 528 par
916 497 975 525 est,
994 493 1020 519 in

234 539 289 567 Deo
302 540 398 574 nequit
414 539 526 568 habere.
543 539 599 567 Nos
614 540 688 567 enim
707 547 833 567 sermone
848 539 881 566 ad
899 544 1021 565 unituam

234 584 463 612 consuetudinem
477 584 590 613 Creator
604 585 751 616 instruxit.
769 589 795 612 et
812 589 839 612 ut
857 592 904 619 per
918 591 1023 611 sermo-

234 637 296 657 nem
309 630 379 657 alter
393 631 506 658 alterius
524 635 642 658 mentem
662 631 890 666 intelligeremns.
909 629 1023 656 Cutil‘ert

235 681 326 704 autem
344 677 424 704 nobis
439 678 555 711 spiritus
572 677 605 704 ad
622 677 748 712 corporis
763 683 872 711 queque
888 675 1022 702 constitu-

234 721 336 748 tionem
349 721 583 755 conservandam,
595 722 660 749 dum
676 729 771 756 nempe
783 721 929 748 attrahitur
942 724 1023 754 atque

235 766 371 799 hauritur.
393 767 520 802 idemque
541 769 693 803 respiratur
710 776 742 795 ac
762 767 905 799 redditur;
926 774 1020 793 verum

233 813 268 841 de
285 813 357 846 Deo,
374 814 420 849 qui
437 815 512 842 solus
528 815 709 849 incorporeus
724 819 783 846 est,
801 822 855 841 non
873 821 1020 849 possumus

234 860 390 894 hujusmodi
400 861 537 895 quidpiam
551 860 667 895 opinari.
679 869 688 885 ‹
702 861 794 888 Annos
806 860 924 895 perﬁcis,
936 859 1017 892 Dens,
1035 851 1056 878 Β

237 905 340 932 virtute
363 909 421 932 tua.
443 905 571 932 Christus
599 909 690 933 autem
718 905 763 933 Dei
795 906 897 937 virtus,
918 907 1020 942 Deique

233 951 367 985 sapientia
380 956 422 979 est
435 953 456 978 '.
470 962 479 977 ι
490 951 527 978 Ex
540 959 657 987 persona
671 951 834 987 Sapientim,
849 954 874 980 id
887 958 929 982 est
940 953 1018 982 Filii:

235 1005 245 1021 ι
259 995 327 1023 Cum
346 1001 454 1031 pararet
475 997 575 1024 cwlum
587 1017 595 1028 .
613 997 723 1024 aderam
743 998 782 1024 illi
796 1007 804 1026 :
820 1003 847 1025 et
862 1006 911 1034 ego
927 1007 1001 1026 erant
1012 1019 1019 1031 ,

232 1050 286 1077 qua
298 1043 505 1069 delectabatur:
521 1043 644 1078 quotidie
655 1043 813 1071 oblectabar
827 1044 897 1072 facie
907 1045 968 1080 ejus
980 1047 1000 1072 ⁷.
1009 1055 1017 1071 ι

268 1087 413 1120 Quomodo
429 1088 485 1115 haec
502 1094 576 1116 stare
592 1094 719 1123 poterunt
731 1110 738 1120 .
753 1090 776 1117 si
795 1097 848 1117 non
865 1091 1020 1118 subsistens

232 1139 327 1158 revera
345 1131 430 1159 facies
447 1133 529 1159 erat?
547 1141 636 1168 neque
652 1134 726 1160 enim
743 1134 814 1162 alius
830 1143 892 1163 esse
908 1140 1018 1170 potest,

233 1185 295 1204 cum
323 1185 378 1212 quo
397 1179 535 1205 colloeuta
561 1179 643 1206 fuerit
657 1189 663 1207 :
677 1189 685 1205 ε
699 1179 766 1212 Quis
793 1182 865 1208 enim
891 1183 1021 1216 cognorit

234 1227 350 1250 mentem
367 1223 540 1257 Domini,aut
552 1225 615 1258 quis
630 1226 805 1254 consiliarius
821 1227 881 1261 ejus
899 1227 950 1254 fuit
966 1228 996 1254 '?
1009 1238 1017 1253 ›

234 1268 286 1296 Sed
301 1270 370 1296 satis
388 1269 439 1296 fuit
459 1270 482 1297 ei
505 1271 563 1297 sola
581 1271 709 1299 voluntas
725 1271 759 1298 ad
787 1273 911 1300 omnium
929 1282 1019 1300 rerum

233 1316 412 1343 creationem.
432 1315 477 1342 Ait
496 1317 568 1343 cnim
586 1316 729 1352 Scriptura
742 1337 748 1349 ,
763 1327 772 1342 σ
788 1317 819 1344 Ει
834 1317 955 1353 Spiritus
969 1319 1021 1346 Do-

233 1361 300 1388 mini
315 1361 455 1389 ferebatur
469 1370 552 1397 super
565 1371 651 1398 aquas
664 1364 684 1391 '.
699 1374 708 1389 ›
721 1363 826 1397 Quibus
843 1366 934 1393 verbis
953 1367 1019 1393 sub-

233 1407 384 1434 sistentiam
406 1408 525 1443 Spiritus
549 1410 636 1437 sancti
661 1411 751 1438 omnia
776 1411 910 1444 foventis,
933 1418 960 1439 et
985 1414 1019 1440 ad

233 1453 352 1481 futuram
375 1455 581 1490 generationem
607 1457 788 1489 rivilicantis,
814 1457 955 1493 Scriptura
983 1461 1019 1487 si-

232 1501 356 1536 gniﬁcat.
376 1500 442 1534 Quae
467 1509 529 1529 cum
559 1502 595 1529 ita
616 1510 646 1530 se
667 1503 803 1535 habeant,
829 1505 974 1539 perspicua
993 1510 1020 1533 et

232 1547 306 1574 clara
333 1550 376 1575 est
399 1547 508 1574 Sancta:
531 1546 693 1578 Trinitatis,
716 1548 822 1580 Patris,
843 1550 972 1584 inquam.
993 1556 1019 1578 ct

232 1588 312 1621 Filii,
329 1595 356 1617 et
374 1590 495 1626 Spiritus
510 1592 598 1619 sancti
615 1592 827 1620 demonstratio.
843 1593 950 1630 Quippe
967 1595 1018 1622 hu-

229 1637 276 1672 jus
293 1641 395 1664 sanctze
415 1642 442 1664 et
462 1638 706 1666 consubstantialis
723 1639 883 1670 Trinitatis.
901 1642 1018 1676 seipsatn

232 1683 406 1718 alloquentis,
423 1689 464 1712 est
478 1685 560 1712 illud:
574 1695 583 1710 ι
596 1684 741 1713 Faciamus
755 1687 893 1714 hominem
908 1688 942 1715 ad
957 1689 1020 1715 ima-

231 1730 321 1764 ginem
340 1735 461 1757 nostram
479 1734 506 1757 et
522 1731 554 1757 ad
575 1731 794 1759 similitudinem.
814 1733 845 1759 Et
864 1734 929 1760 fecit
948 1734 1018 1762 Deus

232 1775 387 1807 hominem,
402 1775 434 1801 ad
453 1776 598 1811 imaginem
615 1776 662 1804 Dei
679 1777 742 1804 fecit
755 1786 816 1804 cum
834 1779 866 1805 ὀ.
879 1789 887 1804 ι
898 1778 1017 1806 Formati

231 1821 304 1848 enim
320 1829 431 1853 sumus.
447 1826 528 1856 prout
543 1822 723 1857 intelligentia
742 1825 843 1858 percipi
861 1829 949 1859 potest
960 1847 967 1858 ,
984 1827 1018 1853 ad

231 1866 377 1901 imaginem
395 1866 546 1901 Unigeniti.
574 1867 608 1894 Et
626 1875 723 1895 rursus
737 1877 742 1894 :
756 1879 764 1892 α
779 1869 848 1895 Ecce
868 1869 953 1896 Adam
978 1871 1019 1896 I'a-

230 1903 354 1940 ctns‘est
376 1917 505 1947 tanquam
522 1921 594 1940 unus
621 1922 653 1941 ex
672 1914 751 1941 nobis
772 1916 790 1930 “
819 1914 910 1942 imus
927 1921 1017 1942 autent

231 1958 323 1984 omnia
340 1965 389 1993 per
404 1958 522 1985 Verbum
536 1966 656 1988 creasse.
671 1967 702 1985 ex
716 1967 749 1986 eo
764 1960 941 1987 manifestum
958 1967 1016 1992 est,

231 2003 302 2038 quod
320 2004 488 2038 singularum
504 2012 594 2031 rerum
609 2005 795 2032 creationibns
810 2007 959 2041 ascriptum
976 2012 1018 2034 est

231 2049 297 2076 illud
311 2059 317 2077 :
335 2059 343 2074 ε
357 2049 389 2076 Et
403 2050 472 2076 dixit
488 2049 558 2077 Deus
568 2071 575 2082 ,
592 2049 668 2083 Fiat;
683 2059 750 2085 iqnu
767 2051 893 2086 loquendi
907 2060 1016 2086 genere,

230 2103 290 2122 eam
304 2104 364 2130 qua:
380 2103 427 2130 per
446 2095 563 2123 Verbum
581 2095 649 2123 facta
664 2101 722 2128 est,
737 2098 904 2124 creationem
922 2098 1016 2133 Scrip-

231 2147 291 2168 tura
306 2141 465 2176 significat;
483 2142 535 2169 nisi
553 2142 625 2169 enim
644 2142 697 2169 hoc
717 2147 806 2174 esset,
832 2144 899 2171 satis
919 2144 1017 2171 luisset

1072 217 1271 253 κτισθήσονται,
1283 217 1330 243 καὶ
1342 217 1506 248 ἀνακαινιεῖς
1521 216 1550 242 τὺ
1559 216 1702 252 πρόσωπον
1713 215 1762 250 τ’ἧς
1777 215 1838 250 γῆς.
1851 225 1860 241 ι

1078 264 1141 295 (Τίς
1159 263 1223 298 ἔστη
1238 264 1267 288 ἐν
1281 262 1500 297 ὑποστηρίγματι
1514 262 1553 296 (2)
1569 261 1678 296 Κυρίου,
1689 262 1736 288 καὶ
1754 259 1808 288 εἶδε
1822 262 1864 288 τὸν

1072 309 1158 342 Λόγον
1184 308 1283 341 αὑτοῦ;
1301 318 1310 333 ι
1327 308 1412 342 Λόγος
1438 307 1466 334 δὲ
1494 307 1636 342 ἀνθρώπου
1665 308 1695 334 οὺ
1711 307 1862 342 θεωρεῖται.

1078 355 1169 390 Ὀρᾷς,
1189 355 1229 382 ὅτι
1251 355 1301 382 οὐκ
1315 354 1445 381 ἀκουστὸν
1457 374 1464 386 ,
1485 353 1542 380 ἀλλ’
1557 353 1652 389 ὁρατὸν
1675 355 1759 388 Λόγον
1779 354 1863 387 λέγει,

1071 401 1149 436 δῆλον
1171 401 1217 428 τὸν
1235 401 1425 432 ὲνυπόστατον,
1441 401 1520 426 ὁπότε
1537 400 1608 427 κατὰ
1626 400 1671 426 τὸν
1685 401 1777 426 εἰκότα
1791 400 1864 434 λογι-

1073 447 1152 482 σμὺν⁹
1167 446 1227 472 οὐδὲ
1242 446 1332 482 χώραν
1351 446 1405 481 ἔχει
1424 446 1470 472 ἐπὶ
1490 446 1557 473 Θεοῦ
1570 445 1601 472 τὸ
1616 446 1662 473 τοῦ
1679 446 1863 472 ἀνυποστάτου

1072 492 1162 526 λόγου.
1184 492 1272 527 Ἠμᾶς
1292 492 1345 527 γὰρ
1371 492 1524 526 ἐκόσμησεν
1549 491 1564 517 ὁ
1591 492 1760 527 Δημιουργὺς
1782 491 1863 527 λόγῳ,

1072 538 1116 564 διὰ
1129 538 1178 570 τὰς
1194 538 1262 573 πρὸς
1278 537 1408 573 ἀλλήλους
1425 537 1578 569 συνουσίας,
1598 538 1644 564 καὶ
1669 537 1697 564 τὺ
1719 536 1865 571 γινώσκειν

1072 584 1145 618 ἡμᾶς
1167 583 1201 610 τὰ
1220 583 1341 618 ἀλλήλων
1366 583 1410 609 διὰ
1433 582 1479 609 τοῦ
1502 583 1592 616 λόγου.
1615 583 1739 609 Συντελεῖ
1754 582 1783 609 δὲ
1800 584 1863 618 ἡμῖν

1073 630 1119 656 καὶ
1136 629 1165 655 τὸ
1180 628 1289 663 πνεῦμα
1304 627 1372 663 πρὸς
1390 628 1439 663 τὴν
1459 627 1505 654 τοῦ
1528 627 1652 663 σώματος
1667 628 1807 659 σύστασιν,
1821 627 1864 654 διὰ

1072 674 1102 701 τὸ
1124 673 1292 709 προσίεσθαι,
1313 674 1360 700 κα)⁵
1381 673 1461 700 πάλιν
1482 673 1648 701 ἀπωθεῖσθαι
1670 674 1751 700 αὑτό-
1768 674 1816 700 ἐπὶ
1837 673 1864 700 δὲ

1072 720 1150 753 Θεοῦ,
1163 719 1209 746 τοῦ
1223 720 1270 746 καὶ
1283 720 1364 755 μόνου
1379 719 1535 754 ἀσωμάτου,
1549 719 1579 746 οὐ
1592 719 1701 746 δυνατὸν
1717 719 1864 746 ὑπολαϐεῖν

1072 767 1168 793 ταῦτα.
1183 776 1191 791 ι
1206 766 1274 801 Ἔτη
1285 766 1380 797 τελεῖς,
1391 766 1405 791 ὁ
1417 765 1492 797 Θεὸς,
1505 767 1538 800 τῇ
1553 765 1664 801 δυνάμει
1677 774 1734 792 σου.
1746 765 1864 800 Χριστὸς

1072 813 1100 838 δὲ
1116 812 1184 838 Θεοῦ
1210 812 1333 847 δύναμις,
1359 813 1405 839 καὶ
1427 811 1493 838 Θεοῦ
1516 812 1603 846 σοφία.
1624 822 1633 837 ι
1652 813 1699 839 Ἐκ
1716 811 1863 848 προσώπου

1070 859 1118 892 τῆς
1133 858 1240 892 Σοφίας.
1260 858 1381 884 τουτέστι
1394 857 1440 884 τοῦ
1457 857 1531 890 Υίοῦ,
1542 867 1551 882 α
1563 858 1657 884 Ίινίκα
1671 857 1804 894 ἡτοίμαζε
1819 857 1864 884 τὸν

1070 904 1198 938 οὐρανὸν,
1228 905 1415 940 συμπαρήμην
1444 904 1540 940 αὐτῷ·
1569 907 1616 931 καὶ
1643 904 1697 939 ἐγὼ
1725 905 1818 940 ήμην,

1070 950 1162 985 ἔχαιρε
1178 950 1216 985 (5)
1228 959 1234 965 ·
1249 950 1309 977 καθ’
1333 951 1439 986 ἡμέραν
1463 951 1652 987 ηὐφραινόμην
1668 951 1707 986 τῷ
1724 950 1863 986 προσώπῳ

1070 993 1162 1021 αὐτοῦ.
1178 1004 1186 1020 ι

1105 1087 1187 1113 Ποίαν
1198 1095 1243 1113 ουν
1255 1096 1311 1122 εχει
1324 1096 1415 1122 χωραν
1428 1096 1524 1119 ταυτα,
1540 1096 1564 1114 ει
1582 1096 1619 1123 μη
1634 1096 1667 1122 ην
1680 1088 1863 1114 ὲνυπόστατον

1070 1134 1234 1168 πρόσωπον;
1253 1134 1289 1159 Οὐ
1307 1134 1360 1168 γάρ
1384 1134 1457 1159 ἐστιν
1472 1133 1566 1164 ἄλλος,
1585 1133 1650 1168 πρὸς
1667 1133 1695 1159 ὃν
1714 1133 1862 1168 διαλεχθῇ·

1073 1187 1081 1203 t
1100 1178 1147 1209 Τίς
1167 1178 1220 1213 γὰρ
1237 1178 1307 1212 ἔγνω
1320 1177 1383 1204 νοῦν
1398 1178 1509 1213 Κυρίου,
1526 1178 1542 1214 ἢ
1558 1178 1599 1209 τίς
1615 1178 1765 1212 σύμόου).ος
1778 1177 1862 1204 αὐτοῦ

1069 1224 1193 1258 ὲγένετο;
1210 1234 1217 1249 ι
1238 1224 1306 1250 Ἀλλ’
1319 1225 1435 1259 ἤρκεσεν
1451 1223 1524 1259 αὐτῷ
1540 1224 1606 1259 μόνη
1619 1223 1744 1258 βούλησις
1758 1224 1799 1254 εἰς
1815 1225 1862 1256 τὴν

1069 1270 1124 1296 τῶν
1136 1270 1242 1296 πάντων
1251 1269 1438 1305 δημιουργίαν.
1451 1269 1564 1304 Εἴρηται
1575 1271 1627 1305 γάρ
1636 1277 1642 1284 ·
1657 1279 1666 1294 ‹
1680 1270 1734 1296 Kal
1749 1268 1864 1303 Πνεῦμα

1069 1315 1137 1342 Θεοῦ
1152 1316 1299 1351 ἐπεφέρετο
1313 1316 1404 1342 ἐπάνω
1414 1315 1467 1341 τῶν
1478 1316 1592 1342 ὑδάτων.
1609 1325 1617 1341 ι
1632 1316 1667 1342 Τὸ
1678 1315 1863 1342 ὲνυπόστατον

1069 1362 1115 1388 τοῦ
1130 1362 1207 1395 ἁγίου
1229 1362 1385 1397 Πνεῦματος
1398 1361 1542 1392 θάλποντος
1555 1362 1601 1388 καὶ
1616 1361 1812 1396 ζωογονοῦντος
1825 1361 1863 1390 εἰς

1069 1409 1117 1443 τὴν
1133 1408 1282 1443 μέλλουσαν
1293 1409 1374 1444 γονὴν
1386 1408 1420 1434 τὰ
1430 1408 1528 1440 πάντα,
1539 1408 1589 1442 τῆς
1597 1408 1616 1433 Γ
1619 1407 1707 1443 ραςρῆς
1715 1407 1859 1443 δηλούσης.

1070 1451 1119 1481 Ὧν
1133 1455 1217 1486 οὕτως
1231 1455 1358 1490 ἐχόντων,
1374 1454 1460 1490 σαφὴς
1476 1455 1492 1489 ἡ
1505 1455 1553 1489 τῆς
1567 1454 1647 1488 ἁγίας
1662 1454 1785 1489 Τριάδος,
1805 1454 1861 1479 Πα-

1070 1492 1144 1536 τρδις,
1153 1501 1235 1536 φημὶ,
1249 1501 1295 1527 καὶ
1309 1501 1383 1534 Υἱοῦ,
1396 1501 1442 1527 καὶ
1453 1500 1529 1534 ἁγίου
1543 1501 1699 1536 Πνεύματος
1713 1499 1859 1531 ἀπόδειξις.

1070 1546 1143 1581 Αὕτη
1158 1546 1222 1580 γοῦν
1242 1547 1309 1582 πρὸς
1325 1546 1424 1582 ἑαυτὴν
1438 1547 1454 1582 ἡ
1475 1547 1541 1580 ἁγία
1555 1547 1602 1573 καὶ
1618 1546 1759 1582 όμοοὺσιος
1774 1545 1861 1581 Τριὰς

1070 1592 1112 1623 τὸ,
1128 1602 1136 1617 ι
1154 1592 1314 1627 Ποιήσωμεν
1328 1592 1470 1628 ἄνθρωπον
1489 1593 1645 1619 κατέίκόνα
1659 1592 1797 1627 ἡμετέραν
1815 1591 1860 1618 καὶ

1070 1638 1130 1664 καθ’
1145 1638 1281 1673 ὁμοίωσιν.
1299 1639 1352 1665 Καὶ
1369 1638 1495 1674 ἐποίησεν
1512 1640 1526 1664 ὁ
1547 1639 1613 1670 Θεὸς
1631 1638 1677 1665 τὸν
1696 1638 1858 1674 ἄνθρωπον

1070 1685 1128 1710 κατ’
1151 1684 1241 1710 εἰκόνα
1264 1684 1331 1710 Θεοῦ
1354 1684 1479 1719 ἐποίησεν
1502 1684 1593 1711 αὐτόν.
1613 1693 1622 1709 ι
1645 1684 1858 1720 Μεμορφώμεθα

1069 1728 1123 1764 γὰρ
1139 1729 1242 1764 νοητῶς
1264 1729 1330 1764 πρὸς
1351 1729 1399 1764 τὴν
1421 1730 1511 1756 εἰκόνα
1530 1729 1577 1756 τοῦ
1600 1729 1775 1764 Μονογενοῦς.
1802 1731 1854 1756 Καὶ

1069 1773 1150 1800 πάλιν
1160 1783 1167 1790 ·
1183 1784 1191 1798 ι
1215 1774 1278 1800 Ἰδοὺ
1302 1775 1387 1810 ’Λδὰμ
1400 1776 1509 1809 γέγονεν
1520 1775 1556 1806 ὡς
1570 1773 1610 1807 εἷς
1624 1776 1653 1807 ἐξ
1667 1776 1756 1810 ἡμῶν.
1771 1785 1779 1800 ι
1798 1777 1858 1802 ’Ὁτι

1068 1820 1096 1846 δὲ
1109 1820 1152 1846 διὰ
1175 1820 1219 1846 τοῦ
1233 1821 1319 1854 Λόγου
1344 1820 1378 1847 τὰ
1395 1822 1482 1848 πάντα
1505 1822 1719 1857 ἐδημιούργησεν
1742 1823 1756 1848 ὁ
1775 1822 1856 1854 Θεὸς,

1070 1867 1153 1900 σαφὲς
1179 1866 1225 1901 ἀφ’
1253 1864 1290 1893 ὧν
1316 1867 1362 1893 ἐπὶ
1389 1868 1503 1894 ἑκάστου
1527 1868 1580 1894 τῶν
1608 1868 1857 1904 δημιουργημάτων

1068 1912 1221 1947 γέγραπται
1238 1913 1278 1942 τὸ,
1297 1922 1306 1938 ‹
1328 1914 1381 1939 Καὶ
1397 1913 1471 1940 εἶπεν
1483 1915 1497 1940 ὁ
1510 1914 1590 1945 Θεός·
1608 1914 1763 1950 Γενηθήτω,
1784 1926 1792 1940 ι
1807 1915 1857 1950 τῆς

1069 1958 1179 1992 Γραφῆς
1191 1958 1373 1994 σημαινούσης
1386 1960 1434 1994 τὴν
1448 1959 1492 1986 διὰ
1503 1960 1549 1986 τοῦ
1560 1960 1645 1994 Λόγου
1663 1961 1854 1996 δημιουργίαν·

1068 2005 1091 2030 εἰ
1106 2004 1160 2038 γὰρ
1177 2004 1214 2040 μὴ
1228 2005 1306 2031 τοῦτο
1326 2003 1369 2040 ἦν,
1391 2006 1470 2040 ἤρκει
1490 2006 1577 2032 εἰπεῖν
1591 2014 1597 2020 ·
1620 2006 1674 2032 Kal
1691 2006 1820 2041 ἐποίησεν
1841 2007 1856 2032 ό

1067 2049 1133 2081 Θεὸς
1152 2050 1274 2086 οὐρανὸν,
1296 2051 1342 2077 καὶ
1363 2051 1425 2085 γῆν,
1449 2052 1495 2078 καὶ
1518 2051 1552 2078 τὰ
1571 2052 1666 2079 λοιπά·
1685 2053 1732 2079 καὶ
1756 2053 1854 2079 πάλιν·

1068 2096 1270 2131 Προστάξαντος
1290 2097 1337 2123 τοῦ
1357 2098 1423 2124 Θεοῦ
1445 2098 1559 2134 ἐγενήθη
1576 2099 1606 2125 τὸ
1627 2099 1787 2135 στερέωμα·
1809 2101 1855 2126 καὶ

1067 2142 1158 2173 πάλιν,
1185 2143 1346 2177 Διεχώρισεν
1369 2144 1383 2169 ό
1409 2143 1484 2174 Θεός.
1502 2144 1556 2170 Καὶ
1572 2145 1636 2170 ὃταν
1662 2145 1783 2181 ἀκούσῃς
1808 2146 1854 2177 τὸ,

230 2188 322 2214 dicere
332 2209 339 2220 ,
356 2187 386 2214 Et
402 2187 467 2214 fecit
485 2187 556 2215 Deus
570 2188 669 2215 malum
684 2193 710 2216 et
723 2193 835 2222 terram,
849 2195 876 2216 et
891 2190 1014 2225 reliqua;

1070 2197 1079 2212 ι
1096 2187 1178 2215 Εἶπεν
1191 2189 1205 2214 ὁ
1220 2188 1296 2219 Θεὸς,
1316 2199 1324 2214 ι
1341 2189 1421 2220 εὐθὺς
1437 2191 1468 2224 τῇ
1488 2189 1575 2225 ἐννοίᾳ
1591 2190 1689 2224 σύναγε
1710 2191 1755 2217 τὸν
1771 2191 1854 2218 ἁκού-

229 2238 255 2259 et
276 2241 389 2264 rursus,
407 2232 491 2261 .lnssu
510 2233 555 2261 Dei
575 2234 675 2261 factum
690 2239 732 2261 est
748 2235 970 2270 ﬁrmamentum;
988 2242 1014 2264 et

229 2287 328 2306 rnrsns
338 2299 344 2310 .
359 2278 458 2306 Divisit
476 2279 556 2308 Deus.
572 2280 705 2307 Praeterea
723 2289 785 2308 cum
802 2281 921 2309 audieris
931 2302 938 2314 ,
951 2293 959 2309 ι
973 2282 1015 2310 Di-

229 2326 268 2352 xit
290 2325 377 2358 Deus,
390 2326 501 2352 istatim
521 2326 614 2354 animo
632 2327 713 2354 simul
733 2328 847 2363 concipe
867 2338 945 2361 eum,
966 2331 1012 2365 qui

228 2369 403 2397 obaudiverit
421 2370 522 2398 dicenti
537 2381 543 2397 :
556 2380 565 2396 ‹
579 2370 611 2398 Et
631 2371 701 2398 dixit
722 2371 810 2403 Deus,
832 2372 912 2400 Fiant
932 2374 1014 2401 lumi-

229 2415 316 2441 naria.
336 2414 367 2442 Et
386 2415 450 2442 fecit
476 2415 546 2443 Dens
565 2416 709 2443 luminaria
723 2418 754 2444 ”.
772 2428 781 2443 ι
796 2418 863 2451 Quis
881 2420 967 2451 dixit.
986 2426 1014 2447 et

226 2461 289 2494 quis
306 2460 381 2488 dicto
395 2461 526 2489 obediens
544 2461 617 2489 fuit?
637 2463 709 2496 Quin
727 2467 754 2490 et
772 2463 797 2490 in
817 2465 943 2498 pluribus
960 2465 1012 2492 Ve-

227 2507 293 2534 teris
311 2506 479 2535 Testamenti
497 2508 565 2535 loeis
580 2509 751 2537 subobscure
768 2510 915 2538 indicatam
934 2519 1012 2547 repe-

263 2583 273 2598 ³
294 2581 367 2609 Psal.
382 2589 436 2622 (ξιξ.
535 2583 547 2598 ⁸
566 2581 638 2622 Psal_.
650 2583 766 2622 ςῑιιιείτρ.
804 2583 814 2599 ⁸
828 2583 926 2622 Ierem.
947 2594 1026 2617 xxnt,
1043 2587 1087 2618 18.
1106 2587 1183 2622 juxta
1200 2587 1281 2614 LXX.

1068 2242 1152 2259 σαντα
1164 2234 1211 2260 τοῦ
1223 2234 1353 2266 εἰπόντος’
1367 2243 1376 2259 t
1389 2234 1443 2260 Kal
1456 2232 1530 2261 εἶπεν
1542 2236 1555 2261 ό
1568 2235 1642 2267 Θεός·
1661 2236 1854 2271 Γενηθήτωσαν

1068 2282 1219 2317 φωστῆρες.
1237 2282 1292 2308 Καὶ
1316 2282 1442 2317 ἐποίησεν
1459 2283 1472 2309 ὁ
1496 2283 1561 2314 Θεὸς
1582 2285 1644 2315 τοὺς
1663 2285 1822 2320 φωστῆρας.
1841 2295 1850 2311 ι

1067 2328 1114 2360 Τίς
1134 2326 1211 2360 εἷπε,
1225 2328 1271 2355 καὶ
1293 2328 1333 2360 τίς
1354 2329 1470 2364 ἧκουσε;
1495 2327 1546 2355 Καὶ
1567 2329 1613 2355 ἐπὶ
1636 2329 1739 2356 πλείοσι
1761 2331 1852 2362 τόποις

1066 2374 1116 2408 τῆς
1132 2374 1252 2405 Παλαιᾶς
1263 2374 1335 2400 ἔστιν
1346 2375 1446 2409 εὑρεῖν,
1459 2375 1549 2410 ἠρέμα
1565 2375 1793 2411 ὑποδεικνυμένης
1805 2378 1853 2412 τῆς

1066 2419 1145 2454 ἁγίας
1155 2421 1266 2456 Τριάδος
1278 2421 1327 2453 τὴν
1336 2421 1484 2447 ὑπόστασιν
1497 2422 1542 2447 καὶ
1554 2422 1582 2448 τὸ
1593 2421 1734 2457 ὁμοούσιον
1747 2423 1834 2457 αὐτῆς
1843 2431 1850 2438 ·

1064 2463 1119 2492 οἷον
1137 2466 1175 2498 ὡς
1195 2466 1241 2492 ἐπὶ
1256 2466 1302 2493 τοῦ
1330 2466 1469 2503 Ἀϐραὰμ·
1490 2477 1498 2492 ι
1521 2467 1609 2502 Ὠφθη
1629 2478 1637 2493 ι
1659 2468 1730 2503 γὰρ,
1757 2470 1848 2504 φησὶν,

1067 2519 1077 2537 ι
1093 2511 1166 2547 αὐτῷ
1179 2512 1193 2538 ὁ
1210 2511 1276 2544 Θεὸς
1291 2511 1359 2548 πρὸς
1371 2513 1404 2548 τῇ
1418 2512 1478 2547 δρυῒ
1492 2513 1523 2547 τῇ
1539 2513 1661 2549 Μαμϐρῆ
1672 2533 1679 2544 .
1695 2513 1849 2550 καθημένου

1332 2588 1342 2603 ⁸
1357 2588 1366 2614 l
1381 2588 1444 2615 Cor.
1468 2597 1486 2621 ι,
1500 2590 1542 2617 94.
1584 2591 1593 2606 ⁷
1617 2590 1697 2617 Prov.
1715 2599 1775 2623 VIII,
1804 2591 1848 2620 50.

225 2618 237 2634 ⁸
256 2617 297 2644 lsa
325 2625 375 2648 ιιι,
393 2617 446 2650 l5;
465 2617 543 2644 llum.
563 2626 606 2647 xi.
625 2618 669 2644 54.
707 2619 717 2634 ⁹
737 2618 805 2645 Gen.
823 2627 848 2650 ι,
864 2619 892 2646 2.
932 2622 953 2636 ‘°
973 2622 1017 2648 ibi;

1070 2617 1173 2654 ιϋξΞῚ.
1213 2623 1233 2638 ¹¹
1251 2623 1319 2650 Gen.
1339 2632 1384 2657 In,
1400 2624 1445 2650 22.
1482 2617 1506 2642 ἠ
1525 2626 1591 2653 Gen.
1610 2633 1634 2658 ι,
1651 2626 1694 2653 14.

260 2695 299 2730 (‘2)
316 2695 574 2736 Ἱποστῃρίγματι.
588 2696 735 2736 ξτΧ-ΧΙηΙεν.
747 2698 880 2736 χρειω-18,
894 2699 1011 2736 ὑποστή-

226 2739 301 2766 ματι.
319 2730 406 2766 Quem
428 2733 455 2758 in
477 2730 566 2758 locum
588 2732 721 2759 Nobilium
738 2733 812 2759 adire
825 2733 936 2765 juverit.

259 2765 298 2800 (5)
318 2765 441 2801 [tomana
464 2766 533 2793 LXX
558 2767 737 2801 lnterpretnm
762 2769 845 2794 editio
875 2776 936 2795 cum
957 2769 1007 2796 Ju-

224 2801 296 2828 stino
312 2800 440 2837 Martyre
460 2802 504 2837 in_
518 2800 638 2835 Dialogo’
652 2811 710 2828 cum
739 2803 876 2837 Tryp/Ione
898 2803 1005 2837 Judza.

224 2810 296 2828 suno
323 2810 391 2828 mart
412 2810 440 2828 re
460 2810 486 2828 In
518 2810 628 2835 umtugo
652 2811 710 2828 cum
741 2810 876 2836 tri/puone
898 2810 1005 2837 λιλαίεο,

223 2842 283 2871 pag.
306 2835 368 2870 εει,
394 2810 471 2872 legit,
520 2837 707 2874 προσέχαιρεν,
733 2843 759 2866 ct
777 2832 852 2871 inox,
873 2840 901 2866 ἐν
923 2848 1006 2875 προσ-

1064 2703 1130 2738 ώπῳ
1146 2703 1238 2741 αὑτοῦ.
1259 2705 1344 2737 Quam
1357 2706 1500 2733 lectionem
1527 2713 1680 2741 sequuntur
1695 2712 1778 2736 etiam
1794 2717 1847 2736 ire-

1063 2747 1138 2778 naaus
1149 2739 1280 2778 Adversus
1300 2740 1410 2778 haereses
1428 2742 1473 2778 li_b.
1497 2750 1533 2773 IV.
1546 2739 1606 2777 cap.
1622 2743 1675 2771 57:
1693 2744 1848 2778 Cyprianus

1063 2774 1109 2811 lib.
1129 2774 1277 2811 nnTestim.
1297 2775 1420 2803 adversus
1434 2776 1511 2808 .Ind.,
1529 2785 1553 2805 c.
1573 2774 1604 2811 f;
1621 2783 1647 2806 et
1662 2774 1847 2807 Teritillianus

1062 2809 1120 2836 adv.
1146 2809 1344 2845 Hermogenem,
1369 2820 1430 2847 cap.
1451 2812 1493 2839 18.
