1922 3078
40 111 79 139 ίθῖ
544 103 755 130 TESTIMONIA
780 101 968 130 ADVERSUS
986 101 1142 129 JUD.’EOS.

1604 104 1656 132 198

38 169 105 198 αὑτοῦ
121 168 168 194 ἐπὶ
184 167 233 202 τῆς
252 166 341 202 θύρας
355 165 403 201 τῆς
419 164 520 200 σκηνῆς
532 163 614 190 αὑτοῦ
633 162 816 198 μεσημϐρίας.
832 164 843 193 1

897 169 926 188 es
947 165 1050 188 saneta:
1071 161 1216 188 Trinitatis
1235 161 1444 189 subsistentiam
1458 162 1574 199 ejusque
1589 172 1654 192 θου-

42 213 198 247 Ἀναϐλέψας
219 212 248 238 δὲ
265 213 324 242 τοῖς
337 210 501 245 ὀφθαλμοῖς,
521 207 584 235 εἶδε·
604 208 650 234 καὶ
673 208 726 234 ἰδοὺ
746 208 820 242 τρεῖς

36 258 119 293 ἄνδρες
132 256 368 291 παρειστήκεισαν
384 254 476 280 ἐπάνω
490 253 572 279 αὐτοῦ
584 261 590 267 ·
604 252 650 278 καὶ
669 251 723 277 ἰδοὺ
737 258 821 286 προσ-

37 307 143 339 έδραμεν
154 302 194 337 (4)
209 303 250 333 είς
265 301 428 335 συνάντησιν
446 299 547 331 αὐτῶν,
560 299 606 324 καὶ
620 297 821 333 προσεκύνησεν

37 350 73 377 ἐπὶ
86 349 135 383 τὴν
152 348 219 381 γῆν.
234 347 289 373 Καὶ
310 344 381 372 εἶπε·
401 345 499 380 Κύριε,
513 345 538 370 εἰ
555 342 633 379 εὗρον
647 345 727 379 χάριν
743 344 821 369 ἐναν-

37 395 81 420 τίον
102 401 151 418 σου
163 411 172 422 ,
195 391 234 427 μὴ
251 392 389 426 παρέλθῃς
412 390 457 416 τὸν
481 390 563 416 παῖδά
583 398 639 416 σου.
659 399 668 415 ι
690 389 744 415 Καὶ
762 388 822 424 μεθ’

37 440 107 472 ἕτερα
118 445 125 451 ³
141 447 150 462 ι
165 435 234 463 Εἷπε
247 436 275 462 δὲ
290 435 359 470 πρὸς
370 435 464 461 αὐτόν·
476 434 531 460 Ποῦ
543 434 634 469 Σάρρα
648 434 665 467 ἡ
676 433 742 468 γυνή
758 441 804 459 σου
815 441 822 464 ;

41 486 64 511 Ὀ
75 485 102 510 δὲ
115 482 195 509 εἶπεν
206 492 212 498 -
235 482 299 508 Ἰδοὺ
311 483 340 508 ἐν
350 482 382 516 τῇ
395 482 491 516 σκηνῇ.
508 478 574 506 Εἷπε
587 480 614 505 δέ
625 488 630 494 ·
649 479 826 514 Ἐπαναστρέ-

37 538 86 563 φων
101 528 161 563 ἥξω
178 527 246 561 πρὸς
265 526 294 552 σὲ
304 546 311 557 ,
329 525 400 552 κατὰ
411 525 456 551 τὸν
471 525 565 560 καιρὸν
577 524 671 551 τοῦτον
685 525 724 555 είς
741 524 824 560 ὧρας,

37 575 75 602 καὶ
89 573 146 607 ἔξει
172 573 231 599 υἱὸν
253 572 346 607 Σάρρα
366 573 383 607 ἡ
401 571 467 606 γυνή
489 579 544 597 σου.
569 580 578 596 ι
603 570 667 597 Ἰδοὺ
689 570 721 606 δὴ
745 570 826 604 φησὶν

37 620 146 655 ὀφθῆναι
166 620 217 654 μὲν
232 619 307 653 αὐτῷ
320 618 366 644 τὸν
387 618 462 648 Θεὸν,
479 615 547 644 εἷναί
567 625 599 651 γε
620 617 673 652 μὴν
694 617 767 651 τρεῖς
780 616 828 643 ἄν·

38 669 96 703 δραι,
113 667 178 698 τοὺς
195 665 378 702 ὲωραμένους·
396 664 477 690 αὐτὸν
487 664 514 690 δὲ
530 663 610 691 πάλιν
624 664 673 698 οὐχ
688 663 726 694 ὡς
740 663 828 698 τρισὶν

39 715 136 740 εἰπεῖν·
155 712 269 747 Κύριοι,
285 711 308 737 εί
323 710 427 745 εὕρηκα
447 709 527 744 χάριν
544 709 662 736 ἐναντίον
678 708 764 744 ὑμῶν,
791 708 829 743 μὴ

40 758 190 794 παρέλθητε
214 757 260 783 τὸν
284 756 365 783 παῖδα
386 755 474 790 ὑμῶν.
503 755 604 790 Κύριον
626 754 655 781 δὲ
679 753 830 789 μοναδικῶς

39 806 96 836 τοὺς
107 805 183 839 τρεῖς
195 801 372 838 ὀνομάζοντα,
381 802 427 828 καὶ
437 801 474 832 ὼς
484 801 532 827 ’ἐνα
544 800 682 836 καταίρειν
691 799 827 832 ἀξιοῦντα,

41 852 81 877 καὶ
94 850 132 881 ὡς
144 846 185 880 εἷς
195 849 281 883 φωνεῖ
290 857 296 862 ·
308 848 394 879 "ilico.
409 847 480 882 Ὅρα
487 845 533 873 οὖν
542 847 604 878 τοὺς
612 847 744 881 ὀφθέντας
755 847 829 882 τρεῖς

42 895 87 930 μὲν
108 895 210 925 ὄντας,
231 898 279 920 καὶ
305 892 461 926 ὑφεστῶτας
484 892 672 923 ίδιοσυστὰτως
696 892 827 918 ἕκαστον*

41 941 123 976 τῷγε
148 940 203 975 μὴν
221 939 269 974 τῆς
289 938 431 974 ὀμοουσίας
451 937 522 972 λόγῳ
545 937 772 972 συνειλημμένους
791 937 831 968 είς

41 988 86 1014 ἕνα
94 1007 101 1017 ,
114 986 162 1013 καὶ
172 984 222 1016 τὰς
230 984 359 1017 διαλέξεις
370 984 578 1018 ποιησαμένους.
591 983 638 1014 Τίς
648 983 676 1009 δὲ
691 983 760 1019 πρὸς
772 982 832 1009 τίνα

42 1033 143 1065 ἔλεγεν·
159 1040 168 1056 ι
183 1030 276 1061 Δεῦτε,
292 1029 458 1061 καταϐάντες
474 1028 632 1064 συγχέωμεν
644 1028 693 1063 τὴν
707 1028 833 1062 γλῶσσαν

43 1075 146 1108 abstini;
163 1085 172 1101 ι
191 1075 227 1101 Ἢ
240 1074 318 1109 δῆλον
336 1073 404 1109 πρὸς
417 1073 446 1100 ὃν
461 1071 548 1100 εἶπεν·
562 1083 571 1099 ι
592 1074 640 1100 Ἐκ
652 1073 770 1109 γαστρὸς
782 1073 835 1108 πρὸ

44 1122 182 1157 ὲωσφόρου
206 1120 340 1156 ἐγέννησὰ
357 1129 384 1146 σε
399 1128 405 1136 ·
423 1129 431 1145 ι
457 1119 518 1152 καὶ,
541 1129 550 1145 ι
570 1112 626 1155 ῙΙρδ
652 1120 699 1146 τοῦ
715 1119 789 1153 ἡλίου
805 1118 836 1144 τὸ

44 1167 130 1202 ὁνομτι
142 1166 225 1193 αὐτοῦ
241 1165 292 1200 (5),
307 1166 354 1192 καὶ
372 1165 424 1200 πρὸ
437 1165 486 1200 τῆς
504 1164 630 1200 σελήνης·
649 1174 657 1190 ι
676 1165 723 1190 καὶ
737 1163 817 1191 πάλιν
827 1172 834 1178 ·

47 1222 56 1239 ι
71 1213 175 1247 Κύριος
187 1210 249 1238 εἷπε
265 1211 334 1246 πρός
351 1220 384 1246 με
394 1218 401 1224 ·
414 1211 478 1242 Υἱός
492 1219 541 1245 μου
555 1210 580 1237 εἷ
591 1211 633 1240 σὺ,
650 1210 705 1244 ἐγὼ
719 1211 837 1245 σήμερον

47 1258 200 1293 γεγέννηκά
213 1266 253 1284 σε.
263 1257 376 1292 Αίτησαι
390 1258 454 1292 παρ’
465 1256 532 1291 ἐμοῦ
543 1276 550 1287 ,
568 1256 615 1283 καὶ
626 1256 703 1282 δώσω
719 1265 759 1282 σοι
775 1256 839 1290 ἔθνη

46 1304 96 1339 τὴν
115 1302 300 1338 κληρονομίαν
319 1311 381 1334 σου,
403 1302 451 1328 καὶ
475 1302 523 1337 τὴν
546 1301 710 1336 κατάσχεσιν
739 1309 785 1327 σου
805 1301 840 1327 τὰ

48 1350 155 1385 πέρατα
181 1349 230 1384 τῆς
252 1349 312 1384 γῆς·
336 1358 345 1374 ι
363 1348 409 1375 καὶ
428 1348 519 1378 πάλιν,
539 1356 548 1372 ι
567 1347 636 1381 Ἐγὼ
654 1347 750 1381 ἔσομαι
768 1347 841 1381 αὐτῷ

50 1397 90 1427 εἰς
102 1395 220 1430 Πατέρα,
237 1395 284 1421 καὶ
303 1394 381 1426 αὐτὸς
392 1394 468 1420 ἔσται
485 1402 529 1428 μοι
544 1394 584 1424 είς
595 1393 658 1419 Υἱύν
671 1401 678 1426 ;
694 1402 702 1418 ι
719 1393 751 1419 Τί
762 1392 790 1418 δὲ
801 1392 841 1424 τὸ,

53 1452 62 1468 ι
82 1441 197 1477 Ἐὗρεξε
217 1441 318 1477 Κύριος
333 1441 388 1476 πῦρ
401 1441 448 1467 καὶ
465 1440 535 1466 θεῖον
552 1439 627 1475 παρὰ
644 1438 764 1474 Κυρίου;
783 1448 791 1464 ι
811 1438 843 1464 Τί

871 206 1131 233 substantialitatem
1143 225 1150 237 .
1178 206 1408 240 quemadmodum
1434 207 1462 234 in
1481 207 1657 242 Abraliamo;

873 259 934 278 nam
952 252 1057 287 inquit.
1071 261 1080 277 ι
1092 252 1226 286 Apparuit
1243 252 1267 279 ei
1286 251 1358 279 Deus
1374 251 1408 278 ad
1425 260 1556 287 quercqu
1574 254 1659 281 Mam—

873 297 936 329 hre,
955 297 1081 324 cum-ille
1096 297 1204 324 sederet
1222 298 1249 324 in
1267 298 1339 324 ostio
1365 297 1535 325 tabernaculi
1561 300 1603 327 sui
1631 301 1658 326 in

873 342 997 370 meridie.
1012 341 1044 369 Et
1057 343 1208 377 respiciens
1219 343 1308 370 oculis
1323 346 1380 370 suis
1391 344 1458 370 vidit
1472 353 1479 377 ;
1491 348 1517 371 et
1529 352 1593 372 ecce
1605 349 1660 372 tres

874 387 925 414 viri
942 387 1070 415 astabant
1086 395 1168 422 super
1179 395 1241 414 eum
1256 396 1263 420 ;
1280 391 1306 414 et
1320 395 1384 415 ecce
1400 389 1538 422 procurrit
1552 389 1659 417 obviam

881 434 936 461 illis
947 454 954 465 ,
970 437 998 461 et
1012 434 1136 460 adoravit
1154 441 1257 468 pronus
1273 434 1299 460 in
1318 439 1429 461 terram.
1454 434 1486 462 Et
1502 436 1590 462 dixit:
1609 435 1662 464 Do—

877 480 966 511 mine,
981 480 1004 507 si
1020 480 1109 506 inveni
1123 480 1239 514 gratiam
1256 485 1317 507 ante
1332 485 1358 506 te
1370 500 1377 511 ,
1391 488 1426 507 ne
1440 485 1588 514 praetereas
1604 490 1663 510 ser-

878 532 939 552 vum
956 529 1031 551 tuum
1047 525 1078 551 ”.
1091 535 1100 550 ι
1113 525 1144 552 Et
1160 530 1219 559 post
1233 525 1284 551 alia
1295 545 1301 556 ,
1315 535 1324 550 ι
1338 525 1411 552 Dixit
1426 530 1516 553 autem
1532 527 1565 554 ad
1580 535 1660 555 eum:

877 570 930 598 Ubi
943 575 986 598 est
1004 570 1070 598 Sara
1086 579 1154 598 uxor
1169 571 1237 598 tua?
1261 571 1307 598 llle
1324 576 1414 598 autem
1431 571 1501 599 dixit
1519 583 1524 599 :
1545 573 1613 601 Ecce
1635 574 1663 601 in

882 619 1069 645 tabernaculo.
1086 617 1157 644 Dixit
1172 622 1262 644 autem
1278 627 1283 644 :
1301 617 1449 646 Revertens
1462 619 1570 646 veniam
1586 621 1618 646 ad
1639 625 1664 648 te

879 662 907 690 in
932 667 1052 698 tempore
1080 663 1175 690 hocin
1198 663 1291 696 horas,
1304 667 1332 689 et
1359 663 1468 691 habebit
1490 664 1573 691 ﬁliuni
1597 665 1664 692 Sara

879 716 949 736 uxor
963 714 1007 736 tua
1024 709 1056 735 ιδ.
1069 719 1078 733 ι
1092 709 1130 735 En
1145 709 1238 743 utique
1253 708 1336 736 refert
1352 708 1492 744 Scriptura
1507 711 1666 745 apparuisse

883 754 993 789 quidem
1013 755 1169 781 Abrahamo
1187 755 1293 788 Deum;
1317 759 1344 782 et
1365 763 1430 782 sane
1451 761 1506 783 tres
1528 757 1666 784 exstitisse

882 801 958 827 viros
977 801 1038 827 illos
1049 820 1056 832 ,
1075 808 1144 835 quos
1158 801 1301 835 conspexit
1313 821 1319 832 ,
1335 802 1424 836 ipsum
1438 809 1503 828 vero
1517 810 1570 828 non
1588 802 1666 836 quasi

881 846 970 874 tribus
986 846 1112 873 dixisse:
1131 846 1256 878 Domini,
1280 847 1302 874 si
1322 847 1412 874 inveni
1438 848 1551 882 gratiam
1574 856 1666 876 coram

883 893 978 924 vobis,
1000 900 1034 918 ne
1051 893 1219 927 prmtercatis
1236 900 1351 928 puerum
1367 898 1487 920 vestrum
1501 902 1508 925 ;
1532 893 1578 921 sed
1595 897 1667 925 tres,

883 941 1013 972 tanquam
1043 945 1114 964 unus
1144 942 1253 970 essent,
1282 939 1456 970 nominasse.
1484 943 1512 966 et
1540 943 1668 974 tanquam

883 990 987 1014 unum,
1015 986 1044 1009 ut
1069 982 1141 1017 apud
1161 983 1250 1017 ipsum
1268 983 1436 1011 diverterent
1454 992 1581 1019 rogasse,
1596 985 1670 1020 iique

885 1032 1017 1063 tanquam
1035 1036 1107 1055 unus
1125 1029 1235 1061 dixere,
1253 1028 1477 1068 Veniam.‘Vides
1493 1031 1576 1065 igitur
1591 1031 1669 1063 illos,

885 1074 931 1108 qui
950 1079 1140 1109 apparuerunt
1155 1079 1211 1102 tres
1225 1075 1335 1110 quidem
1351 1076 1507 1109 exstitisse,
1528 1083 1554 1104 et
1576 1085 1670 1104 eorum

887 1119 1012 1154 singulos
1027 1120 1053 1146 in
1067 1121 1177 1155 propria
1195 1121 1335 1156 hypostasi
1353 1121 1528 1156 substitisse;
1545 1124 1593 1150 sed
1610 1131 1674 1150 con-

887 1165 1127 1193 substantialitatis
1137 1166 1242 1194 ratione
1256 1167 1283 1194 in
1300 1175 1384 1194 unum
1400 1167 1485 1195 fuisse
1500 1173 1655 1196 contractos
1665 1190 1673 1201 ,

890 1215 917 1238 et
940 1215 1070 1246 tanquam
1092 1220 1177 1240 unum
1200 1213 1352 1241 collocutos
1367 1213 1461 1242 fuisse.
1477 1214 1608 1248 Quisnam
1624 1223 1674 1242 au-

889 1263 959 1290 tem,
985 1261 1013 1285 et
1036 1258 1068 1285 ad
1094 1266 1240 1293 quemnam
1261 1260 1386 1290 dicebat,
1406 1270 1414 1285 ι
1430 1259 1539 1291 Vertite.
1563 1261 1677 1288 descen-

890 1302 986 1330 dentes
998 1303 1200 1331 conl‘undamus
1217 1305 1323 1339 linguas
1338 1313 1433 1332 eorum
1448 1306 1470 1321 ¹⁵
1482 1306 1493 1332 ?
1505 1315 1514 1331 ›
1525 1305 1593 1332 Num
1614 1314 1675 1333 eum

895 1349 1045 1376 allocutum
1072 1349 1158 1377 fuisse
1182 1355 1305 1381 constat,
1335 1351 1368 1377 ad
1397 1358 1477 1385 quem
1510 1351 1678 1378 dixituEx

893 1397 971 1420 utero
988 1398 1051 1420 ante
1067 1394 1212 1421 luciferum
1236 1395 1318 1429 genui
1336 1400 1361 1422 te
1384 1395 1405 1410 ”
1418 1404 1425 1427 ;
1438 1405 1447 1420 )
1461 1399 1503 1427 et,
1525 1404 1534 1420 ι
1547 1396 1616 1424 Ante
1635 1405 1680 1424 so-

894 1440 946 1467 lem
965 1447 1063 1467 nomen
1080 1440 1158 1475 ejus,
1187 1445 1214 1467 et
1239 1445 1302 1468 ante
1326 1442 1418 1468 lunam
1438 1442 1474 1475 ";
1492 1452 1501 1467 ι
1516 1447 1542 1469 et
1566 1450 1678 1474 rursus,

51 1488 80 1514 δὲ
94 1487 125 1513 τὸ
139 1488 172 1513 ἐκ
191 1486 337 1522 προσώπου
351 1486 398 1512 τοῦ
411 1485 477 1512 Θεοῦ
496 1485 545 1520 (6),
561 1494 570 1510 ι
584 1485 637 1511 Καὶ
651 1485 703 1515 πᾶς
718 1485 732 1511 ὁ
744 1484 843 1519 έκχέων

899 1485 1056 1514 «Dominus
1073 1487 1144 1514 dixit
1158 1487 1192 1513 ad
1210 1495 1272 1514 me:
1296 1486 1383 1514 Filius
1406 1495 1483 1515 incus
1507 1496 1537 1515 es
1562 1492 1608 1520 tu,
1630 1497 1681 1523 ego

53 1531 139 1569 αἷμα.
159 1534 222 1560 ἀντὶ
241 1533 287 1560 τοῦ
310 1532 423 1567 αἵματος
440 1531 521 1558 αὑτοῦ
545 1531 740 1567 ἐκχυθήσεται,
755 1531 795 1557 ὅτι
816 1532 843 1557 ὲν

897 1531 977 1559 hodie
993 1532 1073 1566 genui
1091 1537 1127 1560 te.
1146 1532 1257 1560 Postula
1275 1541 1289 1559 a
1307 1540 1368 1565 ulc,
1386 1538 1412 1560 et
1429 1534 1500 1561 dabo
1517 1535 1567 1561 tibi
1585 1515 1682 1570 gentZs

54 1581 137 1608 εικόνι
159 1579 228 1606 Θεοῦ
250 1579 363 1614 ἐποίησα
385 1578 431 1604 τὸν
452 1578 609 1613 ἄνθρωπον;
627 1586 637 1603 ›
668 1577 749 1612 Ὁρᾷς
768 1577 809 1604 ὅτι
833 1578 843 1603 ἐ

898 1577 1082 1606 Ιιρθτοίιίιοῑεπι
1098 1583 1171 1606 tuam
1182 1600 1189 1613 ,
1203 1584 1229 1606 et
1241 1580 1443 1614 possessionem
1462 1585 1534 1608 tuam
1551 1581 1683 1608 terminos

54 1626 120 1657 Θεὸς
136 1626 172 1652 ὲν
186 1626 280 1652 εἰκόνι
289 1624 342 1651 τοῦ
359 1623 432 1650 Θεοῦ
449 1623 558 1655 ἐποίησε
573 1632 581 1657 ;

897 1627 977 1651 terra:
993 1624 1030 1654 ηε
1045 1634 1053 1650 ι
1066 1629 1093 1652 et
1109 1633 1222 1656 rursus,
1242 1635 1250 1651 ι
1273 1625 1328 1660 Εκο
1350 1633 1397 1652 ero
1417 1626 1439 1652 ei
1466 1626 1493 1653 in
1506 1625 1630 1656 Patrem.
1656 1631 1684 1653 et

57 1671 115 1706 ipse
126 1671 180 1698 erit
196 1670 263 1697 mihi
279 1669 306 1696 in
320 1669 418 1696 Filium
435 1669 476 1695 "‘3
488 1678 496 1694 ι
507 1667 578 1700 Quid
593 1668 657 1694 item
671 1667 755 1700 illud,
768 1677 777 1692 ι
791 1667 920 1696 Dominus
936 1669 1005 1703 pluit
1021 1669 1110 1704 ignem
1144 1674 1170 1696 ct
1188 1669 1304 1704 sulphur
1336 1677 1351 1696 a
1374 1669 1488 1697 Domino
1523 1671 1564 1697 '°?
1575 1680 1583 1695 ι
1613 1670 1684 1703 Quid

58 1726 170 1746 veroex
187 1725 306 1753 persona
323 1717 369 1744 Dei
384 1717 465 1744 etiam
493 1716 579 1748 illud,
611 1725 619 1741 ι
649 1715 682 1742 Et
706 1716 797 1743 omnis
827 1717 871 1750 qui
904 1716 1032 1744 eil'uderit
1052 1718 1211 1752 sanguinem
1234 1718 1370 1748 hominis,
1396 1726 1445 1753 pro
1469 1719 1601 1753 sanguine
1626 1719 1686 1753 ejus

62 1763 228 1795 ctIundetur,
243 1762 308 1797 quia
324 1762 351 1788 iu
368 1761 486 1796 imagine
499 1760 545 1787 Dei
563 1760 612 1788 feci
629 1760 766 1788 hominem
783 1761 825 1787 “?
836 1770 845 1786 ι
868 1760 951 1789 Vides
969 1761 1052 1789 Deum
1069 1763 1096 1789 in
1109 1763 1224 1798 imagine
1239 1762 1285 1789 Dei
1299 1763 1420 1790 fecisse?

95 1821 132 1847 Τὸ
147 1820 176 1846 δὲ
190 1820 220 1846 ἓν
238 1820 271 1853 τῇ
291 1818 387 1852 Ἐξόδῳ
403 1817 460 1848 πῶς
479 1817 602 1852 νοητέον’
620 1827 629 1843 ι
646 1817 700 1844 Καὶ
720 1817 849 1852 ὀρθρίσας

63 1866 182 1901 Μωῦσῆς
195 1864 280 1900 ἀνέϐη
293 1865 331 1895 είς
348 1864 377 1890 τὸ
395 1863 457 1898 ὅρος
470 1863 499 1889 τὺ
512 1863 586 1893 Σινᾶ,
600 1863 693 1889 καθότι
709 1863 851 1896 συνέταξεν

62 1913 134 1948 αὐτῷ
156 1912 269 1947 Κύριος.
294 1911 350 1937 Καὶ
372 1909 450 1936 ἔλαῦε
472 1910 592 1945 Μωῦσῆς
608 1910 656 1941 τὰς
680 1910 786 1941 πλάκας
803 1909 852 1942 τὰς

62 1958 174 1989 λιθίνας.
190 1957 246 1984 Καὶ
259 1956 358 1991 κατέὸη
380 1956 482 1989 Κύριος
495 1958 523 1983 ὲν
535 1955 633 1992 νεφέλῃ
644 1976 651 1986 ,
666 1956 713 1982 καὶ
729 1955 851 1991 παρέστη

62 2005 135 2035 ἐκεῖ,
155 2003 203 2030 καὶ
221 2002 334 2038 ἐλάλησε
349 2002 386 2037 (7)
396 2001 435 2036 τῷ
454 2002 565 2036 ὀνόματι
581 2001 693 2036 Κυρίου.
708 2002 763 2027 Καὶ
780 2010 853 2037 παρ-

64 2050 129 2085 ῆλθε
143 2048 248 2083 Κύριος
259 2048 313 2074 ἀπὸ
334 2047 479 2083 προσώπου
498 2047 601 2082 Κυρίου
613 2048 661 2082 (8).
680 2057 689 2072 ι
706 2048 785 2079 Ποῖος
801 2047 855 2083 ἄρα.

64 2096 180 2130 ὲλάλησε
200 2093 301 2129 Κύριος
324 2094 351 2119 ἐν
373 2094 484 2128 ὀνόματι
497 2093 615 2128 Κυρίου;
639 2094 685 2120 καὶ
699 2095 772 2125 ποῖος
785 2102 856 2128 παρ-

64 2142 128 2178 ῆλθε
147 2141 250 2177 Κύριος
272 2140 326 2166 ἀπὸ
350 2138 495 2175 προσώπου
516 2139 634 2174 Κυρίου;
651 2140 683 2166 Τί
702 2139 730 2166 δὲ
746 2140 776 2166 τὸ
789 2140 856 2176 πρὸς

71 2186 171 2214 Ἰακὼϐ
188 2185 227 2221 (9)
246 2184 400 2220 εἰρημένον,
425 2194 435 2210 ι
465 2184 537 2218 Ἐγώ
557 2185 614 2220 είμι
630 2185 643 2211 ὁ
663 2184 755 2219 ὀφθείς
775 2193 815 2211 σοι
830 2185 859 2210 έν

101 2264 126 2280 ¹³
145 2263 216 2291 Gen.
231 2270 316 2293 ιινιιι,
333 2262 393 2290 1-5.
432 2261 454 2277 ¹⁵
471 2261 536 2290 ibid.
555 2261 586 2291 9.
607 2261 649 2289 10.
689 2262 711 2278 ¹⁵
730 2261 797 2289 Gen.
817 2269 843 2288 xi

900 2281 907 2288 .
947 2261 968 2276 ”
987 2260 1060 2287 Psal.
1076 2268 1138 2292 CIX,
1157 2261 1184 2287 5.

937 1818 1080 1852 Quomodo
1094 1823 1183 1846 autem
1199 1819 1405 1853 intelligendum
1422 1823 1464 1846 est
1477 1818 1542 1845 illud
1552 1839 1558 1850 ,
1573 1818 1644 1853 quod
1660 1819 1687 1845 in

904 1863 999 1891 Exodo
1014 1865 1147 1899 scriptum
1170 1867 1211 1891 est
1230 1873 1236 1890 :
1259 1873 1268 1889 ι
1290 1863 1323 1890 ΕΙ,
1343 1871 1422 1891 mane
1443 1872 1560 1898 surgens
1584 1864 1688 1899 Moyses

905 1910 1030 1937 ascendit
1046 1911 1073 1937 in
1089 1914 1208 1937 montem
1226 1909 1290 1936 Sina
1301 1929 1308 1942 ,
1326 1910 1399 1937 sicut
1414 1910 1543 1944 przecepit
1557 1910 1581 1937 ei
1599 1909 1690 1936 Domi-

907 1963 968 1982 nus.
988 1955 1020 1981 Et
1036 1956 1154 1990 sumpsit
1179 1954 1285 1991 Moyses
1301 1955 1410 1982 tabulas
1432 1955 1565 1989 lapideas.
1588 1955 1620 1982 Et
1643 1955 1691 1982 de-

907 2000 1011 2027 scendit
1027 2001 1158 2028 Dominus
1173 2001 1200 2027 in
1218 2001 1307 2032 nube,
1324 2005 1351 2028 et
1368 2001 1454 2028 astitit
1470 2002 1542 2033 illic,
1561 2006 1588 2028 et
1612 2001 1690 2028 locu-

908 2050 952 2073 tus
971 2049 1012 2073 est
1025 2046 1136 2073 nomine
1149 2046 1267 2072 Domini.
1284 2046 1316 2072 Et
1335 2047 1445 2074 transiit
1464 2046 1595 2074 Dominus
1615 2054 1628 2073 a
1647 2047 1690 2073 fa-

908 2092 950 2119 cie
969 2091 1075 2118 Domini
1094 2092 1115 2106 “
1126 2092 1137 2118 ‘t
1149 2101 1158 2117 ι
1169 2091 1236 2124 Quis
1251 2099 1317 2123 ergo
1334 2091 1465 2119 Dominus
1483 2092 1592 2119 locutus
1607 2096 1650 2119 est
1665 2093 1691 2119 in

909 2137 1019 2164 nomine
1035 2136 1159 2163 Domini.
1176 2140 1203 2163 et
1219 2136 1280 2170 quis
1297 2136 1429 2164 Dominus
1444 2136 1573 2163 transivit
1590 2144 1604 2163 a
1623 2136 1693 2163 faeie

913 2182 1041 2210 Domini?
1054 2182 1126 2215 Quid
1141 2185 1221 2210 etiam
1236 2190 1289 2210 suit
1306 2188 1363 2210 ruit
1379 2183 1444 2210 illud
1466 2183 1539 2218 quod
1558 2184 1591 2210 ad
1610 2182 1694 2210 Jacob

1223 2261 1243 2276 "
1263 2260 1336 2288 Psal.
1357 2269 1431 2293 Lxxi,
1450 2261 1493 2288 17.
1533 2262 1554 2278 ¹⁸
1573 2261 1646 2289 Psal.
1663 2270 1694 2294 ιι,

67 2299 100 2332 Ἰ,
117 2299 145 2326 8.
184 2299 207 2314 "
225 2298 247 2325 ll
262 2297 329 2332 Reg.
346 2304 401 2330 vn,
417 2296 460 2323 M.
498 2297 520 2312 "
541 2296 610 2324 Gen.
640 2305 705 2329 xix,
721 2297 765 2324 24.
805 2298 826 2312 ¹¹
847 2296 915 2324 Gen.
934 2304 980 2329 Ix,
996 2296 1023 2323 6.
1062 2296 1084 2311 "
1106 2296 1191 2323 Exod.
1211 2303 1306 2328 xxxiv,
1323 2297 1382 2323 4-6.

104 2377 144 2413 (ὦ)
165 2375 289 2413 Romana
393 2374 575 2413 Interpretum
594 2374 722 2413 editio_et
734 2373 860 2413 Ju‘stipus

70 2409 174 2447 Martyr
199 2409 475 2447 Ιθεὶῑηεὶστήκεισαν
488 2411 584 2447 enim)
603 2409 702 2447 αὑτοῦ.
732 2409 778 2436 καὶ
799 2409 860 2447 ἰδὼν

70 2443 271 2482 προσέδραμὲν.
283 2446 321 2472 lta
345 2443 426 2473 etiam
444 2445 508 2480 legit
530 2444 630 2472 Euseb.
650 2444 727 2471 Dem.
743 2443 860 2479 evangel.

71 2483 119 2508 lib.
131 2490 160 2508 ν.
174 2490 199 2508 c.
215 2481 242 2508 9.
257 2485 284 2508 et
299 2481 356 2507 alii.

71 2481 119 2510 lib.
131 2490 160 2512 v,
174 2481 199 2508 ι’.
215 2481 242 2512 9,
257 2485 284 2508 et
299 2481 356 2507 alii.

107 2501 409 2552 ξδᾷἰῆἰὲὁιῖιῆιῖιίἰᾷιιχ
422 2515 604 2552 Interpretum
618 2514 738 2552 editione
749 2519 791 2552 est
805 2518 865 2552 tan:

73 2549 145 2582 tum,
161 2552 230 2578 Ante
249 2550 331 2577 solem
341 2549 504 2585 permanebit
514 2557 608 2576 nomen
625 2549 693 2585 ejus.
711 2549 757 2576 Vel
772 2553 805 2585 ut
817 2549 864 2575 alii

74 2586 281 2619 codd.,Nobilio
291 2589 370 2617 teste,
380 2586 621 2620 legiiiitmerrmanet
629 2592 639 2615 ;
648 2584 695 2612 sed
710 2585 736 2611 in
746 2584 866 2611 editione

75 2623 121 2649 illa
143 2621 314 2648 Psalteriiex
332 2619 488 2647 eorumdem
506 2619 760 2654 LXXintcrpretum
776 2623 867 2645 trans-

75 2657 187 2688 latione,
203 2663 287 2691 quam
305 2654 455 2681 Romanam
469 2659 619 2691 vocant,ret
645 2654 868 2691 ltalaa_antiquis—

75 2693 153 2718 simae
170 2689 308 2718 versionis
324 2694 427 2724 partem
447 2697 508 2717 esse
527 2690 654 2720 credunt,
676 2689 784 2724 legitur,
801 2690 868 2715 Ante

75 2726 158 2753 solem
173 2725 339 2761 permanebit
355 2732 447 2761 nomen
464 2725 538 2761 ejus:
554 2729 580 2761 et
601 2729 661 2761 ante
674 2725 777 2761 “lunam
793 2724 867 2751 sedes

75 2762 144 2796 ejus,
166 2759 196 2788 ut
219 2761 372 2796 videre_est
388 2760 415 2796 in
430 2759 691 2796 duplicisiPsaltei-ii
714 2759 865 2796 editionea

76 2794 232 2825 clarissimo
244 2796 306 2822 viro
317 2794 436 2828 Josc-plio
447 2794 530 2821 Maria
541 2795 622 2825 Caro,
635 2795 702 2821 alias
718 2794 865 2821 Thomasio

77 2837 235 2867 procurata.
264 2829 341 2857 Hanc
367 2829 457 2864 itaque
481 2829 624 2858 lectionem
653 2829 792 2865 Nyssenus
822 2836 865 2857 se-

933 2374 1017 2401 uitur.

913 2382 1029 2444 ηυίέῗῗη
1041 2408 1174 2436 Vaticano
1185 2409 1279 2436 codice
1293 2412 1344 2439 est.
1363 2417 1394 2434 εκ
1404 2409 1548 2444 προσώπου
1560 2409 1607 2436 τοῦ
1619 2409 1696 2441 Θεοῦ,

913 2445 960 2471 καὶ
973 2444 1012 2474 τὸ,
1031 2444 1079 2471 καὶ
1090 2445 1154 2476 πᾶς.
1170 2448 1223 2471 etc.
1236 2453 1242 2471 :
1256 2451 1305 2471 nos
1321 2450 1488 2478 postremum
1503 2445 1579 2474 illud.
1596 2446 1642 2471 ml
1657 2446 1696 2474 τό,

913 2479 1059 2507 delendum
1073 2479 1243 2511 censuimus,
1260 2486 1323 2506 cum
1337 2487 1386 2506 nec
1400 2478 1428 2506 in
1444 2479 1559 2513 Siphani
1574 2481 1699 2507 versione

914 2514 1081 2541 reperiatur.

948 2522 1141 2584 ggilﬁgriiani
1151 2548 1222 2575 LXX
1244 2549 1425 2584 lnteﬁrpretum
1440 2552 1523 2576 editio
1538 2553 1620 2584 inegit,
1635 2550 1698 2576 ἐκά-

916 2585 976 2610 λεσε
987 2593 994 2600 -
1016 2584 1064 2611 sed
1081 2588 1108 2610 et
1123 2583 1270 2619 Eusebium
1291 2583 1500 2616 Caesariensem,
1523 2583 1646 2619 ὲλάλησε,
1663 2585 1700 2610 lc-

915 2620 990 2655 gisse
1007 2623 1084 2655 notat
1098 2619 1196 2655 ibidem
1214 2618 1348 2655 Nobilius.

951 2655 990 2688 (8)
1011 2653 1112 2680 Eadem
1129 2653 1223 2683 editio,
1238 2653 1286 2679 καὶ
1302 2653 1424 2688 παρῆλθε
1435 2653 1538 2688 Κύριος
1553 2659 1605 2686 προ
1617 2661 1700 2688 προσ-

915 2687 990 2715 ώπου
1007 2688 1100 2715 αὑτοῦ.
1116 2688 1150 2715 Ει
1166 2689 1274 2715 transiit
1295 2687 1424 2714 Dominus
1442 2693 1503 2714 ante
1518 2687 1612 2721 faciem
1633 2688 1699 2722 ejus.

951 2724 990 2758 (9)
1010 2724 1038 2750 lu
1054 2724 1184 2750 Vaticano
1202 2722 1298 2750 codice
1319 2723 1475 2758 recentiori,
1488 2726 1515 2758 et
1530 2722 1635 2758 inalio,
1648 2731 1702 2756 quo

915 2757 982 2786 usus
999 2762 1041 2785 est
1053 2758 1199 2792 Siphanus,
1217 2757 1359 2789 scribitur,
1375 2757 1443 2792 πρὸς
1465 2757 1599 2791 Ἀϐραάμ,
1614 2757 1702 2792 niani—

919 2794 990 2821 festo
1009 2791 1112 2820 librarii
1136 2800 1246 2821 errore:
1273 2800 1334 2818 nam
1349 2791 1490 2819 hic'locus
1506 2792 1533 2818 in
1557 2793 1590 2819 iis
1615 2791 1701 2818 Gene-

920 2837 982 2857 seos
997 2828 1144 2863 capitibus,
1164 2828 1191 2854 in
1210 2827 1312 2855 auibus
1329 2827 1363 2855 de
1378 2826 1532 2855 Abrahamo
1545 2834 1635 2856 sermo
1649 2830 1702 2857 est.
