1922 3078
89 105 134 133 201
609 100 821 130 ΤΕδἸΊΜΟΝΙΛ
845 101 1032 131 Αῡνειιδυε
1059 102 1214 131 ιυῡιεοε.

1675 105 1729 133 ‘20!

91 164 141 191 Kal
161 163 253 195 πάλιν,
279 173 289 189 ι
314 163 382 195 Θεὸς
407 163 508 198 Κύριος
533 163 580 189 καὶ
605 163 740 197 ὲπέφανεν
768 164 845 198 ἡμῖν.
871 172 878 188 ι

937 161 970 189 Et
996 170 1111 195 rursus,
1126 172 1136 188 1
1158 162 1230 190 Deus
1247 161 1378 189 Dominus
1397 166 1425 190 ct
1448 162 1537 190 illuxit
1567 162 1648 191 nobis
1662 163 1698 189 ‘°.
1716 172 1726 188 ι

93 220 102 236 ι
125 209 271 245 ’Σξαίφνης
293 210 354 245 ἥξει
375 211 416 241 εἰς
437 209 482 235 τὸν
502 208 567 235 ναδν
594 209 691 235 ἑαυτοῦ
712 208 829 243 Κύριος,
853 208 883 234 ὃν

91 257 165 291 ὑμεῖς
176 255 300 290 ζητεῖτε,
314 257 363 282 καὶ
375 255 390 282 ὁ
402 255 536 289 Ἀγγελος
545 255 595 289 τῆς
605 254 747 290 διαθήκης,
759 254 789 281 ὃν
804 255 883 290 ὑμεῖς

90 302 187 328 θέλετε.
203 311 213 328 ι
229 302 317 338 Χαῖρε
332 302 445 337 σφόδρα,
460 300 579 336 θύγατερ
593 300 672 327 Σιών·
689 301 820 336 κήρυσσε,
835 299 882 326 0‘5—

90 356 172 384 γατερ
189 348 380 384 Ἰερουσαλήμ.
401 347 466 374 Ἰδοὺ
479 348 493 373 ὁ
509 346 640 378 Βασιλεύς
657 355 703 373 σου
719 345 828 382 ἔρχεταί
842 355 882 373 σοι

89 394 194 429 πραῢς,
214 394 263 421 καὶ
282 393 457 430 ὲπιόεὸηκὼς
482 394 528 420 ἐπὶ
546 393 694 427 ὑποζύγιον
718 393 765 420 κει.)¹
793 393 882 420 πῶλον

87 440 146 466 ὄνου
160 440 229 476 (15).
248 449 257 466 1
280 440 329 472 Τίς
343 440 373 468 δέ
391 449 456 466 ποτε
469 439 523 466 τῶν
538 439 682 474 βασιλέων.
696 439 749 474 ὄνῳ
760 439 883 474 καθήμε-

87 495 142 518 νος,
156 487 197 518 εἰς
213 485 396 522 Ἰερουσαλὴμ
415 485 540 520 είσῆλοε;
555 485 610 511 Καὶ
631 484 724 515 πάλιν,
748 494 757 510 ι
774 484 881 520 Τέρπου

86 533 134 560 καὶ
146 532 304 568 εὐφραίνου,
319 531 440 568 θύγατερ
452 530 533 562 Σιὼν,
543 530 611 557 διότι
625 529 681 565 ἐγὼ
692 530 820 565 ἔρχομαι,
835 530 882 556 καὶ

87 578 293 614 κατασκηνώσω
308 579 338 605 ὲν
353 578 428 613 μέσῳ
439 586 497 609 σου,
510 577 584 611 λέγει
602 575 712 612 Κύριος.
731 575 785 602 Καὶ
797 584 882 603 κατα-

86 626 233 660 φεὺξονται
249 624 314 660 ἔθνη
337 624 423 651 πολλὰ
437 624 483 650 ἐπὶ
497 624 543 650 τὸν
566 623 669 659 Κύριον
688 624 717 650 ὲν
739 624 772 658 τῇ
790 622 882 658 ἡμέρα

84 673 194 710 ἐκείνῃ,
220 672 268 699 καὶ
282 671 389 698 ἔσονται
404 671 479 707 αὐτῷ
503 671 543 702 εἰς
559 670 633 697 λαόν.
663 679 672 695 1
702 669 757 696 Καὶ
782 668 880 701 πάλιν,

87 727 98 745 ι
121 718 189 745 Ἰδοὺ
208 717 265 752 ὲγὼ
283 717 440 744 ἀποστέλλω
455 717 500 744 τὸν
517 717 633 751 ἄγγελόν
657 725 709 752 μου
725 715 779 751 πρὸ
794 724 881 751 προσ-

83 764 162 790 ώπου
177 772 241 796 σου,
259 763 289 795 ὃς
304 763 505 790 κατασκευάσει
519 761 568 798 τὴν
589 761 648 789 ὀδόν
666 770 714 788 σου
726 760 881 797 ἔμπροσθέν

84 817 133 835 σου
149 808 220 844 (14).
237 817 246 834 1
262 808 318 835 Καὶ
330 807 421 840 πάλιν,
442 817 452 833 ι
467 807 615 842 Στὴσονται
626 806 650 834 οἱ
663 806 743 838 πόδες
753 805 835 833 αὐτοῦ
851 806 880 832 ὲν

936 209 1002 237 item
1022 229 1029 241 ,
1047 219 1056 235 ι
1072 210 1170 237 Subito
1193 210 1282 237 veniet
1307 209 1335 237 in
1365 209 1496 244 templum
1527 217 1607 237 suum
1635 210 1729 236 Domi-

936 263 990 283 nus
1013 263 1095 291 quem
1125 263 1175 283 vos
1199 254 1388 290 (ιιιεε11ιίς,ἶει
1417 255 1539 289 Angelus
1569 255 1727 286 testamenti

936 309 1016 335 quem
1038 309 1085 328 vos
1108 301 1193 328 vultis
1205 301 1244 328 ⁸¹,
1257 311 1267 327 1
1286 300 1350 328 Item
1362 321 1369 332 ,
1397 309 1406 326 ι
1426 299 1520 328 Gaude
1533 301 1726 333 vehementer,

936 343 991 371 lilia
1009 343 1095 377 Sion,
1112 345 1239 379 praedico,
1257 344 1311 371 ﬁlia
1327 344 1489 372 Jerusalem.
1507 344 1578 372 Ecce
1591 344 1649 372 [lex
1663 350 1727 372 tuus

937 389 1011 416 venit
1027 390 1076 417 tibi
1108 394 1280 421 mansuetus,
1305 394 1332 417 et
1347 390 1500 417 ascendens
1525 398 1607 425 super
1632 391 1728 425 subju-

936 435 1023 470 galcm
1045 440 1072 462 et
1091 436 1194 470 pullum
1216 436 1301 463 asina:
1312 436 1344 462 ⁸³.
1362 446 1371 462 1
1398 436 1465 469 Quis
1484 444 1547 464 vero
1567 444 1661 472 regum
1677 446 1726 464 un-

936 489 1017 515 quam
1046 481 1125 509 asino
1153 481 1287 513 insidens,
1325 482 1544 518 Hierosolymam
1585 485 1725 518 ingressus

935 528 1002 555 est?
1023 529 1055 555 Et
1083 536 1179 556 rursus
1192 548 1200 561 ,
1233 529 1353 558 «Laetare
1380 534 1407 557 et
1427 531 1524 566 gaude,
1543 530 1597 557 ﬁlia
1636 530 1701 558 Sion
1716 551 1725 563 ,

936 573 1000 607 quia
1026 581 1078 608 ego
1095 574 1186 605 venio,
1201 577 1229 601 et
1251 574 1379 601 habitabo
1407 574 1435 601 in
1466 574 1556 601 medio
1589 574 1640 605 tui,
1659 574 1726 602 dicit

936 619 1079 648 Dominus.
1104 619 1138 646 Et
1157 620 1318 655 confugient
1342 625 1441 655 gentes
1463 620 1556 648 multae
1570 620 1603 647 ad
1631 619 1724 647 Domi-

935 673 1000 704 num
1015 665 1042 692 in
1071 665 1115 693 die
1139 665 1196 697 illa,
1221 669 1248 693 et
1263 670 1344 693 erunt
1367 666 1391 693 ei
1421 665 1449 693 in
1467 666 1598 701 populum
1609 665 1643 693 θ’.
1661 675 1671 691 1
1691 664 1725 692 Et

935 719 1050 744 rursus,
1065 721 1074 737 ι
1091 711 1163 739 Ecce
1176 719 1226 747 ego
1244 712 1323 739 mitto
1338 712 1463 747 angelum
1490 719 1580 740 meum
1605 717 1668 739 ante
1684 711 1726 739 la-

934 757 1004 784 ciem
1021 761 1105 789 tuam,
1121 757 1168 792 qui
1184 757 1348 793 prteparabit
1362 757 1435 785 viam
1450 762 1524 785 tuam
1547 763 1610 786 ante
1624 763 1652 785 te
1666 757 1699 785 ".
1711 767 1722 783 1

935 801 967 829 Ει
983 809 1080 830 rursus
1092 823 1099 835 ,
1117 811 1126 829 ι
1145 802 1261 830 Stabunt
1278 803 1363 836 pedes
1382 802 1443 838 ejus
1463 802 1490 830 in
1511 802 1555 830 die
1577 803 1623 830 illa
1643 809 1725 838 super

82 856 118 891 τῇ
129 855 224 890 ἡμέρᾳ
236 853 327 889 ἐκείνῃ
336 853 384 879 ἐπὶ
391 852 491 888 τδόρος
502 852 557 879 τῶν
572 851 728 884 Ἐλαιῶν,τδ
738 851 878 879 κατέναντι

934 852 1052 874 montem
1074 847 1221 880 olivarum,
1245 848 1292 883 qui
1312 853 1354 875 est
1380 852 1475 875 contra
1503 847 1673 875 Hierusalem
1689 846 1725 874 ab

87 899 271 936 Ἰερουσαλὴμ
293 898 323 931 ὲξ
352 897 499 925 ἀνατολῶν.
532 906 541 923 1
572 897 627 923 Kal
657 895 726 932 μετὰ
760 895 879 932 βραχέα,

84 955 97 972 ε
120 945 228 977 Ἐδειξέ
242 954 288 980 μοι
299 944 402 980 Κύριος
418 943 465 970 τδν
485 941 589 978 ’ῐησοῦν
604 942 673 977 (15),
687 941 733 968 τὸν
747 941 822 977 ἱερέα
835 941 881 968 τὸν

82 992 186 1028 μέγαν,
200 991 307 1018 ἑστῶτα
325 990 378 1026 πρὸ
400 988 545 1025 προσώπου
561 988 677 1023 ἀγγέλου
691 987 796 1023 Κυρίου
806 994 813 1002 ·
834 987 882 1014 καὶ

81 1039 98 1066 ὁ
108 1037 234 1069 διάϐολος
252 1036 374 1072 εἱστήκει
393 1036 426 1062 ὲκ
439 1034 534 1068 δεξιῶν
548 1034 631 1062 αὐτοῦ
650 1034 698 1061 τοῦ
713 1034 881 1061 ἀντικεῖσθαι

83 1083 172 1119 αὐτῷ.
189 1083 246 1110 Καὶ
262 1080 322 1109 εἶπε
338 1082 439 1118 Κύριος
460 1080 528 1117 πρὸς
544 1081 589 1108 τὸν
610 1080 732 1107 διάϐολον
742 1089 749 1096 ·
772 1080 882 1107 Ἐπιτι-

83 1130 174 1165 μήσαι
198 1128 301 1164 Κύριος
317 1129 346 1155 ὲν
368 1128 421 1159 σοὶ,
441 1127 557 1154 διάϐολε.
578 1127 634 1154 Kal
645 1124 847 1161 διεμαρτύρατο
867 1125 882 1151 ὁ

83 1175 203 1210 ἄγγελος
215 1175 318 1211 Κυρίου
331 1175 399 1210 πρὸς
410 1175 456 1201 τὸν
475 1172 590 1209 Ἰησοῦν,
604 1173 692 1208 λέγων
701 1180 707 1186 ·
720 1172 789 1200 Τάδε
806 1172 879 1206 λέγει

84 1222 189 1258 Κύριος
206 1222 402 1257 παντοκράτωρ
413 1228 420 1236 ·
445 1221 508 1247 Ἐὰν
523 1221 584 1252 ταῖς
605 1219 674 1251 ὁδοῖς
688 1218 744 1254 (16)
760 1227 810 1253 μου
830 1226 881 1244 πο-

83 1268 190 1304 ρεύσῃ,
213 1267 262 1294 ml
275 1267 322 1295 ἐὰν
337 1266 371 1294 τὰ
390 1265 590 1302 προστάγματά
616 1264 809 1301 μουηιρυλάξῃ,
834 1265 882 1291 καὶ

85 1315 119 1342 σὺ
145 1315 293 1349 διακρινείς
315 1313 372 1347 (17)
404 1312 450 1338 τὸν
478 1310 552 1339 οἶκόν
590 1320 652 1347 μου,
696 1311 750 1338 Καὶ
789 1310 880 1342 πάλιν,

86 1371 96 1387 ι
116 1361 218 1388 "Amos
233 1361 265 1396 δὴ
277 1380 285 1393 ,
300 1360 420 1396 Ἰησοῦς,
437 1360 452 1386 ὁ
472 1360 562 1395 ἱερεὺς
577 1360 591 1385 ό
606 1359 703 1394 μέγας.
722 1368 732 1384 1
753 1358 881 1390 Ἡσαΐας,

85 1417 98 1434 ι
136 1407 276 1443 Ἐμφανὴς
297 1407 430 1442 ἐγενόμην
455 1407 511 1438 τοῖς
531 1406 581 1441 ἐμὲ
610 1405 648 1441 μὴ
671 1404 781 1440 ζητοῦσι
806 1404 881 1439 (18),

85 1453 135 1479 καὶ
157 1453 273 1488 εὑρέθην
293 1454 349 1484 τοίς
371 1452 421 1487 ἐμὲ
446 1451 483 1487 μὴ
508 1450 668 1486 ἐπερωτῶσι
690 1449 756 1485 (19).
779 1459 789 1474 ι
809 1449 883 1483 (Kal

84 1498 187 1531 πάλιν,
212 1509 222 1524 1
249 1499 304 1526 Καὶ
332 1498 444 1534 βασιλέα
482 1497 569 1533 μέγαν
592 1496 701 1531 δψεσθε.
728 1506 737 1522 1
761 1496 828 1523 Θεὸν
851 1496 880 1523 δὲ
893 1518 914 1547 C

82 1545 174 1577 οὐδεὶς
188 1545 264 1581 ὁρᾷ.)
280 1545 335 1571 Καὶ
350 1544 441 1572 πάλινο
457 1553 466 1570 1
491 1544 704 1579 Ἐπιφανήσεται
718 1542 819 1578 Κύριος
835 1541 879 1568 ἐπ’

84 1590 204 1623 αὐτοὺς,
235 1590 281 1617 καὶ
307 1588 492 1625 ὲξολοθρεύσει
516 1589 619 1619 πάντας
641 1588 704 1619 τοὺς
725 1587 803 1618 θεοὺς
826 1585 881 1613 τῶν

83 1636 182 1663 ἐθνῶν.
197 1646 207 1662 1
225 1636 281 1662 Kal
297 1635 388 1662 πάλιν
407 1645 416 1660 ι
433 1635 498 1662 Ἰδοὺ
519 1635 635 1670 πάρειμι
646 1633 684 1670 τῷ
699 1633 780 1665 ἔθνει,
795 1633 819 1659 οἳ
831 1633 881 1660 οὐκ

83 1681 289 1708 ἐπεκαλέσαντο
304 1681 334 1708 τὺ
350 1680 436 1716 δνομά
460 1689 521 1716 μου.
533 1689 542 1706 1
565 1679 657 1710 Δασὶδ.
676 1688 686 1705 1
711 1679 742 1705 '0
758 1678 881 1713 καθήμε-

84 1736 132 1760 νος
153 1727 201 1754 ἐπὶ
215 1727 270 1754 τῶν
284 1727 417 1764 χερουὸὶμ
432 1726 579 1762 ἐμφάνηοι.
600 1726 752 1760 Ἐξέγειρον
770 1725 819 1760 τὴν
831 1725 879 1751 δυ-

85 1774 215 1801 ναστείαν
230 1782 295 1806 σου,
319 1773 368 1801 καὶ
385 1773 445 1800 ἐλθὲ
465 1774 505 1805 εἰς
520 1773 551 1800 τὸ
573 1772 659 1799 σῶσαι
685 1772 769 1807 ἡμᾶς.
789 1781 798 1797 1
824 1771 879 1797 Καὶ

85 1819 180 1854 πάλιν,
199 1829 208 1846 ι
221 1820 414 1856 Καταθήσεται
425 1820 462 1852 ὡς
473 1819 551 1851 dare;
565 1819 612 1845 ἐπὶ
627 1817 720 1845 πόκον.
735 1827 745 1844 1
758 1817 795 1844 Τὸ
809 1817 878 1844 ἀτά-

82 1876 170 1904 ραχον
192 1867 241 1894 καὶ
262 1866 327 1894 ἄνευ
350 1865 438 1901 ψόφου
455 1866 506 1901 τῆς
527 1864 706 1896 καταδάσεως
726 1863 877 1899 σημαίνων·

84 1914 131 1940 ἐπὶ
145 1913 202 1948 γὰρ
215 1913 266 1948 τὴν
282 1911 333 1948 γῆν
346 1912 423 1943 ὑετὸς
437 1910 621 1942 καταϐαίνων,
635 1909 721 1945 ψόφον
737 1910 819 1936 ποιεῖ·
832 1909 879 1936 ἐπὶ

81 1959 114 1987 δὲ
129 1959 216 1986 πόκον
228 1958 302 1994 ὲρίου
318 1956 499 1989 καταϐαίνων,
514 1957 545 1983 οὐ
559 1957 640 1983 ποιεῖ.
654 1955 782 1991 Μιχαίας,
799 1965 808 1981 ί
822 1955 879 1982 Kal

84 2006 129 2038 σὺ,
145 2004 271 2040 Βηθλεὲμ
287 2004 322 2040 γῆ
344 2004 438 2037 Ἰούδα,
453 2004 579 2039 οὐδαμῶς
597 2002 725 2039 ἐλαχίστη
739 2001 765 2030 εἷ
778 2004 807 2030 ἐν
823 2004 879 2035 τοῖς

82 2051 221 2087 ἡγεμόσιν
239 2050 332 2077 Ἰούδα·
347 2051 379 2077 ἐκ
391 2050 445 2086 γὰρ
458 2049 505 2076 σοῦ
516 2049 685 2082 ἐξελεύσεταί
699 2058 744 2084 μοι
758 2049 879 2084 ἡγούμε-

82 2104 140 2131 νος,
158 2095 217 2132 (20)
232 2095 262 2128 ὃς
277 2096 404 2131 ποιμανεῖ
419 2094 465 2122 τὸν
478 2095 544 2122 λαόν
561 2104 612 2130 μου
629 2094 676 2121 τὸν
695 2095 814 2131 Ἰσραήλο
830 2096 878 2122 καὶ

932 891 1043 919 Oriente
1054 892 1087 919 ".
1101 902 1110 917 1
1139 891 1173 919 Et
1198 897 1260 927 post
1278 899 1364 928 pauca
1376 912 1383 925 ,
1403 901 1413 918 ι
1440 891 1570 920 Ostendit
1584 892 1651 920 mihi
1670 890 1726 920 Do-

931 941 1023 967 minus
1049 938 1143 967 Jesum
1180 939 1351 967 sacerdotem
1377 947 1506 974 magnum
1523 943 1641 968 stantem
1658 943 1725 967 ante

931 984 1029 1012 faciem
1057 985 1146 1021 angeli
1172 985 1277 1013 Domini
1295 995 1302 1018 ;
1333 990 1359 1013 et
1378 986 1503 1014 diabolus
1519 986 1609 1013 stabat
1628 993 1643 1013 a
1656 985 1724 1013 dex-

931 1031 999 1059 teris
1021 1031 1093 1066 ejus,
1115 1036 1144 1059 ut
1170 1031 1362 1060 adversaretur
1384 1033 1421 1060 ei.
1450 1032 1484 1060 Et
1500 1032 1570 1060 dixit
1592 1032 1724 1060 Dominus

932 1077 966 1104 ad
990 1077 1129 1105 diabolum
1146 1086 1154 1105 ;
1174 1077 1298 1112 increpet
1326 1078 1458 1106 Dominus
1475 1079 1502 1106 in
1517 1083 1553 1112 te,
1571 1078 1679 1106 diabole
1688 1078 1723 1107 “.

932 1121 966 1148 Et
998 1123 1209 1150 contestabatur
1243 1124 1358 1158 angelus
1397 1124 1504 1152 Domini
1542 1123 1577 1151 ad
1608 1124 1723 1155 Jesum.

932 1167 1043 1196 dicens:
1071 1167 1133 1196 ilice
1161 1168 1228 1196 dicit
1250 1168 1383 1198 Dominus
1413 1170 1608 1205 omnipotens:
1624 1170 1653 1197 Si
1672 1171 1724 1199 viis

932 1215 1001 1242 meis
1027 1215 1228 1250 ambulaveris,
1244 1220 1273 1243 et
1293 1221 1428 1252 praecepta
1453 1224 1513 1245 mea
1538 1216 1723 1249 custodieris.

932 1265 959 1287 et
974 1264 1003 1287 tu
1017 1260 1154 1295 iudicabis
1167 1261 1279 1288 domum
1295 1270 1384 1290 meant
1397 1263 1430 1290 ⁸⁷.
1444 1272 1454 1289 1
1467 1263 1497 1289 Et
1515 1271 1622 1296 rursus,
1643 1272 1652 1290 1
1669 1263 1724 1290 Au-

933 1306 960 1333 di
984 1314 1060 1341 ergo,
1082 1306 1146 1335 Jesu
1167 1308 1296 1335 saecrdos
1319 1317 1416 1345 magne
1432 1309 1465 1336 “.
1487 1319 1496 1334 1
1517 1309 1613 1342 lsaias,
1637 1318 1647 1336 ι
1665 1309 1723 1336 Ma-

933 1353 1050 1381 nifestus
1077 1353 1166 1381 factus
1180 1362 1242 1381 sum
1263 1362 1317 1381 non
1345 1356 1534 1391 quaerentibus
1551 1364 1610 1389 me;
1627 1356 1724 1384 invert-

934 1405 978 1428 tus
1007 1409 1068 1428 sum
1097 1402 1132 1429 ab
1156 1401 1200 1429 liis
1229 1402 1276 1437 qui
1300 1410 1343 1430 tne
1367 1410 1422 1429 non
1449 1402 1654 1438 interrogabant
1667 1403 1720 1429 ".r

934 1446 979 1481 (Et
1003 1455 1100 1475 rursus
1120 1455 1127 1474 :
1148 1457 1158 1473 ι
1182 1447 1214 1474 Et
1240 1447 1340 1484 Regem
1364 1455 1492 1482 magnum
1519 1448 1647 1478 videbitis
1659 1449 1693 1476 ⁵⁸.
1710 1458 1720 1476 1

935 1493 1018 1521 Deum
1045 1499 1136 1522 autem
1163 1503 1244 1522 nemo
1261 1495 1358 1531 videt.)
1383 1495 1416 1524 Et
1442 1503 1550 1529 rursus,
1570 1506 1579 1522 ι
1598 1495 1722 1531 Appare-

934 1544 973 1571 bit
1003 1543 1134 1571 Dominus
1156 1551 1238 1579 super
1251 1551 1309 1576 cos,
1332 1548 1360 1572 ct
1380 1543 1520 1580 disperdet
1537 1551 1633 1572 omnes
1657 1545 1724 1572 deos

931 1590 1100 1626 gentium‘“.
1111 1600 1120 1616 1
1138 1589 1171 1617 Et
1199 1598 1295 1618 rursus
1308 1612 1315 1624 ,
1331 1601 1341 1616 1
1366 1589 1437 1618 Ecce
1463 1590 1560 1619 adsum
1575 1591 1661 1626 genti,
1675 1592 1723 1626 qui

932 1644 986 1663 tum
1005 1636 1201 1663 invocaverunt
1214 1643 1313 1663 nomen
1341 1636 1496 1663 111611111³’.1
1524 1636 1608 1664 David
1620 1657 1628 1669 ,
1644 1645 1653 1662 1
1669 1636 1722 1670 Qui

931 1682 1011 1710 sedes
1026 1689 1108 1716 super
1127 1681 1286 1715 Cherubim,
1300 1686 1402 1717 apparc
1417 1701 1425 1710 .
1451 1681 1546 1709 Excita
1571 1683 1722 1718 potentiam

930 1732 1023 1761 tuam,
1040 1732 1068 1756 et
1082 1728 1155 1760 veni,
1173 1733 1202 1755 ut
1215 1728 1306 1756 salvos
1321 1727 1407 1757 facias
1424 1736 1475 1756 nos
1486 1729 1519 1756 ⁵³.
1533 1738 1543 1755 1
1565 1729 1597 1756 Et
1612 1737 1721 1762 rursus,

933 1783 945 1800 ι
964 1773 1115 1802 Descendct
1149 1774 1221 1802 sicut
1240 1774 1334 1809 pluvia
1378 1775 1406 1802 in
1429 1775 1517 1802 vellus
1530 1775 1564 1802 “.
1578 1785 1588 1802 1
1615 1775 1722 1808 Quibus

931 1820 1022 1848 verbis
1045 1820 1181 1855 signiﬁcat
1196 1820 1402 1848 descensionem
1422 1820 1483 1855 ejus
1501 1821 1559 1848 fore
1582 1821 1720 1856 quietam,

934 1874 967 1894 ac
988 1867 1050 1894 sine
1074 1867 1210 1902 strepitu;
1225 1867 1318 1902 pluvia
1340 1867 1414 1895 enim
1447 1875 1530 1903 super
1548 1871 1649 1895 terram
1671 1867 1722 1895 de—

930 1913 1080 1946 scendens,
1099 1912 1241 1948 strepitum
1263 1913 1338 1944 facit,
1354 1921 1435 1941 secus
1447 1921 1524 1947 vero,
1540 1913 1563 1941 si
1583 1921 1665 1948 super
1680 1914 1721 1941 la-

930 1966 973 1986 ute
996 1959 1084 1986 vellus
1114 1959 1275 1986 descendat.
1305 1958 1445 1991 Mil-lucus,
1464 1969 1474 1985 ι
1496 1959 1529 1986 Et
1552 1965 1592 1991 tu,
1612 1959 1721 1989 Bethle-

930 2004 993 2032 ltem
1023 2003 1195 2050 ιρι-1111111111,
1219 2011 1392 2039 nequaquam
1422 2004 1534 2031 minima
1549 2013 1579 2033 es
1599 2005 1630 2050 iq
1642 2005 1720 2040 priu-

930 2049 1037 2084 cipibus
1056 2048 1148 2082 Juda;
1175 2056 1209 2076 ex
1228 2053 1253 2075 te
1281 2049 1353 2076 enim
1378 2049 1464 2076 exibit
1489 2049 1555 2076 mihi
1572 2048 1650 2082 dux,
1671 2050 1719 2085 qui

932 2099 1026 2130 pascat
1046 2095 1177 2130 pupulum
1209 2102 1299 2122 meum
1319 2094 1401 2122 Israel
1418 2103 1426 2126 ;
1444 2099 1471 2122 et
1499 2102 1626 2131 egressus
1657 2096 1719 2132 ejus

119 2185 146 2200 "
161 2184 336 2217 Psal.cxvtl,
350 2185 397 2212 27.
435 2184 456 2201 ⁶¹
472 2184 589 2212 Malacli.
607 2193 649 2218 nt,
666 2185 693 2212 1.
732 2185 847 2212 l"Zach.
864 2194 878 2212 l‘.

934 2190 946 2212 ι.
994 2184 1114 2212 "Zach.
1133 2193 1162 2217 u,
1181 2185 1225 2215 l0.
1243 2186 1287 2214 11.
1325 2186 1349 2202 ⁸⁵
1377 2184 1495 2213 Malach.
1511 2193 1554 2218 tu.
1572 2187 1603 2218 l;
1620 2186 1717 2215 Matth.

84 2227 124 2252 xi.
144 2221 190 2247 10.
241 2219 359 2248 “Zaclt.
374 2228 430 2252 xiv,
443 2220 472 2248 4.
518 2220 634 2247 “Zach.
652 2228 694 2252 III,
713 2221 740 2251 1,
755 2221 782 2247 2.

832 2221 853 2236 ⁵⁷
871 2221 937 2248 ibid.
950 2221 976 2247 6.

1026 2222 1049 2236 ⁸⁸
1062 2220 1127 2248 ibid.
1141 2222 1168 2248 8.
1207 2221 1229 2236 "
1242 2220 1293 2249 lsa.
1311 2229 1374 2254 va,
1391 2222 1417 2250 l.
1456 2221 1545 2250 “lsa.
1557 2229 1656 2255 xxxnt,
1673 2222 1718 2249 17.

82 2255 106 2271 ⁸¹
119 2256 206 2291 Soph.
223 2263 255 2288 11,
267 2255 311 2283 11.
349 2255 371 2271 ¹²
387 2255 440 2283 lsa.
452 2263 516 2287 va,
527 2255 553 2283 l.
590 2255 613 2271 ⁸³
624 2255 696 2283 Psal.
710 2263 804 2289 Lxxix,
817 2256 846 2288 2,
861 2256 888 2283 5.
926 2255 949 2271 “
960 2255 1034 2284 Psal.
1052 2264 1127 2288 uxr,
1143 2256 1170 2283 li.

120 2358 179 2399 (11⁷1)
192 2358 237 2399 Ἰιτι
254 2361 282 2399 et
292 2357 368 2399 apud
382 2356 522 2399 Iustinum
539 2356 685 2399 Martyrein
699 2358 813 2399 legitur;
828 2357 876 2399 sed
893 2358 914 2386 D
931 2392 937 2399 Ι
965 2356 1021 2392 (18)
1033 2355 1062 2399 in
1079 2356 1204 2399 llomana
1216 2357 1288 2384 LXX
1299 2357 1610 2399 Interpretum_cdit_ione
1625 2359 1717 2395 priore

85 2393 112 2421 in
130 2392 255 2421 editione
269 2392 338 2420 LXX
359 2392 541 2426 interpretum
557 2392 617 2423 est;
626 2393 715 2419 πῶλον
731 2393 801 2423 νέον,
817 2393 877 2427 pul-

83 2430 141 2456 lum
163 2436 272 2459 novum,
296 2432 377 2462 atque
394 2428 432 2454 ita
450 2428 532 2455 etiam
561 2428 659 2462 legitur
680 2428 751 2462 apud
775 2427 875 2455 Euseb.

85 2465 239 2491 Demonstr.
251 2471 344 2498 evang.
366 2463 413 2490 lib.
428 2471 459 2494 tt,
470 2471 498 2490 e.
516 2463 544 2494 Ξ,
557 2471 585 2490 11.
606 2463 652 2490 28.
669 2462 770 2491 Justini
786 2467 876 2490 tamen

84 2500 234 2527 lectionem
260 2497 338 2533 sequi
360 2497 469 2525 videtur
489 2498 606 2525 lremeus
627 2498 673 2524 lib.
697 2506 722 2525 tv
744 2497 876 2524 Adversus

84 2537 180 2562 limes.
200 2541 262 2568 cap.
275 2532 321 2565 66,
334 2537 363 2560 et
378 2533 532 2568 Cyprianus
546 2534 594 2560 lib.
615 2541 645 2564 11.
663 2532 784 2564 Testim.,
794 2541 820 2560 e.
830 2533 876 2559 29.

122 2570 178 2604 (M)
191 2568 253 2596 .Hic
273 2569 370 2604 incipit
383 2568 523 2603 antiquior
535 2568 689 2599 Vaticanus
701 2568 787 2595 codex
799 2576 876 2595 num.

121 2639 178 2673 (l5)
200 2638 270 2674 Male
295 2638 431 2667 recentior
447 2638 535 2666 codex
552 2638 712 2671 Vaticanus,
737 2638 820 2670 ἔδειξέ
839 2647 872 2674 με

85 2675 131 2701 τὸν
154 2673 266 2709 Ἰησοῦν.

121 2708 290 2745 (16)(2011111
309 2708 458 2742 antiquior,
486 2709 533 2735 ἐὰν
551 2709 579 2735 ἐν
597 2710 657 2740 ταῖς
684 2708 763 2740 ὁδοῖς,
789 2716 871 2742 quam

85 2745 228 2772 lectionem
247 2744 274 2771 in
292 2745 429 2778 aliquibus
445 2744 596 2773 codicibus.
610 2749 635 2770 ct
652 2745 723 2779 apud
736 2744 871 2778 Hierony-

86 2788 159 2807 mum
181 2788 292 2814 quoque
315 2781 429 2813 reperiri
449 2783 525 2805 notat
538 2779 676 2805 Nobilius.

122 2814 179 2851 (ΓΙ)
198 2815 268 2842 Male
289 2815 425 2841 recentior
438 2814 534 2845 codex,
551 2815 597 2840 καὶ
613 2815 644 2840 σὺ
670 2814 697 2841 δὲ
712 2815 870 2850 ὁιακρινεῑς.

249 2861 391 2892 Parnm.
410 2861 466 2893 Gn.
484 2860 590 2891 XLVI.

931 2392 991 2420 loco
1005 2392 1265 2428 cslré‘rtspwtt-bdtu.
1288 2393 1450 2428 posteriore.
1470 2392 1608 2428 ζητοῦσιν.
1625 2392 1717 2421 ⁷εθει1ς

930 2433 1011 2462 alque
1022 2427 1085 2463 legit
1096 2426 1220 2463 lustinus
1229 2426 1330 2463 Mariyr
1342 2428 1370 2455 in
1381 2426 1564 2463 Dialogo'eum
1580 2427 1717 2463 Tryplione

950 2461 994 2498 ag.
1018 2461 1090 2494 2ης
1107 2462 1136 2488 1).
1159 2461 1351 2497 Hieronymus,
1367 2467 1395 2490 et
1419 2465 1447 2490 δ.
1461 2461 1688 2498 ἶῖγριδὶαηιιὲιίιι.
1708 2474 1716 2491 ι

954 2498 1075 2524 estittton.
1096 2498 1222 2524 adversus
1245 2498 1354 2525 Juda'os
1377 2506 1438 2533 cap.
1452 2498 1504 2530 21',
1526 2499 1645 2533 itemque
1662 2500 1716 2526 Iru-

930 2541 1006 2568 meus
1029 2533 1077 2560 lib.
1102 2540 1131 2559 Ill
1153 2533 1285 2560 Adversus
1309 2534 1433 2565 Itwrescs,
1451 2541 1511 2568 cap.
1534 2534 1561 2566 '5,
1587 2534 1633 2568 qui
1652 2542 1714 2562 cum

930 2567 1056 2603 Nysseuo
1084 2569 1264 2594 concordant.

965 2604 1021 2637 (l9)
1034 2603 1098 2635 Qua:
1111 2603 1291 2631 setnicirrulis
1307 2604 1493 2635 includuntur,
1511 2606 1610 2630 desunt
1626 2603 1652 2629 in
1670 2611 1712 2630 re-

927 2638 1042 2664 centiori
1058 2637 1190 2664 Vaticano
1205 2639 1309 2668 codice,
1329 2644 1355 2665 ct
1372 2639 1398 2665 in
1415 2639 1478 2668 alio,
1504 2646 1558 2672 quo
1582 2645 1649 2664 usus
1671 2643 1714 2664 est

929 2671 1206 2708 Siphanuantdetur
1219 2678 1308 2700 autent
1323 2674 1458 2707 respicere
1469 2671 1606 2708 Nysseuus
1620 2671 1654 2698 ad
1675 2674 1712 2699 lo-

927 2706 1001 2740 cuiu,
1016 2708 1042 2734 111
1057 2707 1145 2740 fallor,
1164 2706 1238 2734 lsata:
1253 2716 1350 2741 xxxm,
1368 2706 1410 2742 17,
1423 2708 1468 2734 11111
1483 2708 1530 2740 ait,
1548 2706 1642 2740 Regem
1653 2715 1713 2734 cum

927 2744 1012 2778 gloria
1031 2742 1159 2778 videbitis.

963 2779 1020 2812 (20)
1039 2777 1150 2804 Comma
1163 2777 1234 2804 istud
1250 2785 1337 2811 usque
1350 2777 1381 2804 ad
1399 2778 1442 2804 illa
1456 2777 1546 2807 verba,
1557 2775 1711 2812 καὶξξοὸοι,

928 2821 983 2842 11011
1001 2812 1117 2841 habetur
1131 2813 1158 2840 in
1173 2811 1295 2840 llomaua
1307 2812 1377 2839 LXX
1391 2813 1567 2847 lnterpretum
1580 2811 1711 2844 editione,

1557 2858 1576 2887 7
