1922 3078
104 107 154 133 215

621 110 833 139 TESTIMONIA
851 112 1038 142 ADVERSUS
1063 113 1076 140 J
1083 114 1101 141 U
1108 114 1220 143 D/EOS.

1681 118 1733 145 ‘2”

103 163 134 197 τῇ
147 161 314 189 ταπεινώσει
326 165 422 197 αὐτοῦ,
433 165 475 192 ὅτι
485 166 593 202 αἴρεται
608 167 662 194 ἀπὸ
674 169 723 204 τῆς
740 169 792 204 γῆς
807 171 823 204 ἡ
839 169 895 205 ζωὴ

958 171 1140 205 iniquitatibus
1152 172 1244 207 populi
1264 173 1317 200 mei
1334 172 1432 200 ductus
1449 177 1490 200 est
1507 174 1541 201 ad
1556 178 1681 202 mortem.
1708 175 1742 202 Et

103 207 198 234 αὑτοῦ·
220 208 277 235 ἀπὸ
299 209 355 237 τῶν
378 211 520 247 ἁμαρτιῶν
543 213 591 240 τοῦ
612 214 678 241 λαοῦ
702 224 752 250 μου
772 216 841 251 ἢχθη
857 217 897 247 εἰς

104 254 226 280 θάνατον.
241 254 297 281 Καὶ
309 255 389 283 δώσω
405 257 468 289 τοὺς
485 260 620 295 πονηροὺς
630 261 691 287 ἀντὶ
704 261 791 296 ταφῆς
803 261 896 292 αὐτοῦ,

104 300 148 326 καὶ
161 301 224 332 τοὺς
245 300 393 334 πλουσίους
406 304 467 330 ἀντὶ
479 304 527 330 τοῦ
543 305 657 332 θανάτου
678 307 771 337 αὑτοῦ,
784 307 824 333 ὅτι
837 308 898 333 ἀνο-

105 348 167 382 μίαν
193 349 245 374 οὐκ
270 350 410 384 ἐποίησεν,
435 351 495 377 οὐδὲ
510 351 608 387 εὑρέθη
621 352 676 387 (Gl)
705 353 780 384 δόλος
803 354 832 379 ὲν
860 353 898 388 τῷ

104 392 217 428 στῖματι
239 395 333 422 αὐτοῦ.
354 405 363 421 ι
387 396 442 422 Καὶ
457 396 527 431 μετά
541 405 611 428 τινα,
633 407 643 423 ι
661 397 711 424 Διὰ
724 398 804 424 τοῦτο
817 398 897 430 αὐτὸς

103 441 305 477 κληρονομήσει
337 442 470 474 πολλοὺς,
497 443 545 469 καὶ
571 444 625 470 τῶν
655 444 772 479 ἰσχυρῶν
810 446 900 479 μεριεῖ

104 487 201 518 σκῦλα,
221 488 280 514 ἀνθ’
294 485 332 514 ὧν
349 488 486 524 παρεδόθη
501 490 542 520 εὶς
557 489 671 516 θάνατον
685 491 701 525 ἡ
716 490 788 525 ψυχὴ
804 490 897 521 αὐτοῦ,

104 534 145 559 ὅτι
158 533 277 568 ἀνομίαν
294 534 344 560 οὐκ
365 535 477 570 ἐποίησε
488 555 495 567 ,
511 536 557 562 καὶ
571 536 600 562 ἐν
616 538 672 567 τοῖς
687 536 798 571 ἀνόμοις
813 536 900 570 ἐλογί-

105 579 171 614 σθη·
187 580 236 606 καὶ
253 580 334 612 αὐτὸς
346 581 482 616 ἁμαρτίας
498 580 602 607 πολλῶν
618 582 767 617 ἀνήνεγκε,
793 582 839 608 καὶ
856 581 900 608 διὰ

105 626 153 656 τὰς
175 625 313 661 ἁμαρτίας
333 625 423 652 αὐτῶν
447 627 592 662 παρεδόθη.
619 637 627 652 ι
659 628 705 654 Ἐκ
722 627 824 654 τούτων
843 627 899 663 (6‘2)

103 671 185 705 δῆλον
200 672 243 698 ὅτι
258 672 289 698 οὐ
310 673 375 707 περὶ
395 671 443 699 τοῦ
463 673 529 699 λαοῦ
543 673 590 699 τοῦ
613 673 782 708 ἀπαχθέντος
799 674 828 700 ἐν
848 674 901 701 Βα-

103 717 206 743 ϐυλῶνι
226 718 241 744 ὁ
259 719 406 753 Προφήτης
426 719 518 752 λέγει,
531 718 568 750 ὥς
588 728 661 750 τινες
676 719 818 747 ὑπέλαϐον.
839 720 900 752 Πῶς

104 763 160 798 γὰρ
172 764 205 790 ἂν
220 765 234 790 6
246 764 321 796 λαὸς,
342 764 397 790 ἀπὸ
410 764 463 790 τῶν
482 765 624 800 ἁμαρτιῶν
642 764 688 791 τοῦ
703 764 768 791 λαοῦ
780 766 849 801 ἤχθη
862 767 900 797 εἰς

104 810 236 842 οἁνατον;
254 811 270 846 ἦ
287 812 363 842 ποῖος
380 811 455 842 λαὸς,
474 811 522 837 καὶ
542 811 619 837 ποίου
635 810 718 843 λαοῦ;
734 811 789 838 Καὶ
804 811 900 844 πάλιν,

953 216 1025 243 dabo
1042 218 1127 244 malos
1139 225 1188 252 pro
1199 219 1339 252 sepultura
1354 220 1425 254 ejus.
1441 223 1470 247 et
1483 220 1581 248 divites
1595 229 1643 255 pro
1653 227 1741 248 morte

953 262 1037 294 illius,
1055 264 1118 298 quia
1132 263 1302 299 iniquitatem
1320 273 1373 292 non
1397 265 1470 297 fecit,
1485 273 1573 301 neque
1590 267 1670 294 dolus
1697 267 1741 294 in-

953 314 1051 336 ventus
1065 313 1107 336 est
1122 309 1149 336 in
1175 317 1223 336 ore
1241 318 1291 337 suo
1305 310 1325 336 '.
1343 320 1351 336 ι
1369 311 1403 338 Et
1429 311 1510 345 paulo
1543 315 1614 346 post,
1633 321 1642 337 ‹
1667 311 1735 338 Pro-

953 358 1046 388 pterea
1074 354 1132 388 ipse
1145 355 1294 388 possidebit
1323 355 1435 387 multos,
1452 362 1479 383 et
1499 355 1610 383 fortium
1637 355 1740 384 dividet

954 400 1052 434 spolia,
1070 407 1120 434 pro
1134 407 1167 427 eo
1181 400 1256 436 quod
1275 401 1375 428 tradita
1396 405 1439 428 est
1470 401 1502 428 ad
1519 406 1632 429 mortem
1650 402 1741 428 anima

952 446 1012 480 ejus
1023 446 1154 480 quoniam
1172 447 1345 481 iniquitatem
1361 455 1416 474 non
1440 447 1515 479 fecit,
1530 451 1558 475 et
1585 448 1611 475 in
1640 448 1742 483 iniquis

954 497 1094 526 reputatus
1109 497 1168 520 est:
1195 498 1222 520 et
1248 493 1306 528 ipse
1319 498 1428 528 peccata
1446 494 1593 521 multorum
1617 494 1689 526 tulit,
1714 499 1742 521 et

954 543 1066 574 propter
1080 539 1242 574 iniquitates
1269 548 1364 567 eorum
1383 540 1500 567 traditus
1514 545 1556 568 est
1572 542 1591 567 ⁸.
1610 550 1618 565 ι
1633 539 1669 566 Ex
1699 540 1742 567 his

954 589 1026 619 patet
1041 585 1202 620 prophetam
1214 593 1268 613 non
1282 586 1355 620 loqui
1371 586 1404 613 de
1419 587 1529 620 populo,
1545 586 1591 620 qui
1613 585 1639 612 in
1657 585 1743 620 Baby-

955 630 1043 657 lonem
1057 630 1192 657 adductus
1215 635 1268 660 est,
1286 631 1356 657 sicut
1370 631 1496 658 nonnulli
1514 630 1647 666 suspicati
1665 634 1740 657 sunt.

954 674 1097 707 Quomodo
1124 676 1196 703 enim
1225 677 1343 710 populus
1371 683 1481 711 propter
1509 680 1621 711 peccata
1647 676 1740 711 populi

954 721 1053 749 ductus
1064 726 1107 749 est
1122 722 1156 749 ad
1172 728 1298 755 mortem,
1314 727 1361 750 aut
1377 723 1439 758 quis
1456 723 1582 758 populus,
1599 727 1626 750 et
1642 723 1677 749 ob
1694 731 1742 750 cu-

952 768 998 802 jus
1015 768 1108 803 populi
1122 773 1234 802 peccala
1247 769 1274 795 id
1289 777 1387 803 passus
1400 769 1465 797 est?
1481 769 1515 795 Et
1525 770 1634 800 iterum,
1653 778 1662 794 ι
1676 768 1743 795 Dor-

955 820 1015 839 sum
1031 820 1121 839 meum
1141 812 1203 840 dedi
1231 813 1265 840 ad
1295 813 1411 848 ﬂagella,
1436 817 1463 840 et
1488 821 1572 849 genas
1603 821 1678 841 meas
1706 813 1740 839 ad

109 867 117 881 ι
135 857 188 882 Τὸν
201 857 286 883 νῶτόν
300 866 351 892 μου
362 857 450 884 ἔδωκα
461 859 501 890 εἰς
513 858 656 893 μάστιγας,
671 858 720 889 τὰς
734 858 763 884 δὲ
777 859 902 892 σιαγόνας

958 858 1059 893 alapas,
1073 863 1099 885 et
1115 859 1210 885 faciem
1235 867 1322 886 meam
1339 867 1393 886 non
1419 859 1504 887 averti
1536 867 1552 886 a
1578 859 1741 887 confusione

106 912 159 937 μου
184 904 225 935 εἰς
251 903 428 939 ῥαπίσματα,
447 904 478 930 τὸ
499 904 527 930 δὲ
542 903 688 939 πρόσωπόν
717 912 767 939 μου
781 904 831 930 οὐκ
850 905 902 930 ὰπ-

105 949 230 984 ἐστρεψα
251 949 305 976 ἀπὸ
327 950 458 985 αἰσχύνης
483 950 695 986 ἐμπτυσμάτων.
717 959 726 976 ι
745 950 800 976 Καὶ
811 950 900 983 πάλιν,

109 1006 117 1019 ι
143 997 201 1022 οὐκ
215 993 288 1031 εἶχεν
305 994 385 1027 εἶδος,
405 996 465 1023 οὐδὲ
479 996 587 1028 κάλλος,
603 996 670 1023 ἀλλὰ
690 996 721 1023 τὸ
736 994 805 1027 εἶδος
819 996 902 1024 αὑτοῦ

106 1042 216 1075 ἄτιμον,
230 1041 354 1067 ἐκλεῖπον
368 1041 442 1076 παρὰ
458 1041 521 1072 τοὺς
540 1041 615 1072 υἱοὺς
635 1040 689 1067 τῶν
712 1039 872 1076 ἀνθρώπων.
890 1050 899 1065 ι

106 1086 160 1113 Καὶ
170 1086 252 1113 πάλιν
265 1088 279 1113 ὁ
293 1086 379 1113 ταῦτα
389 1086 483 1117 εἰπὼν,
498 1084 569 1118 εἷπε,
585 1096 593 1112 ι
609 1086 664 1122 Τὴν
675 1086 702 1112 δὲ
713 1086 809 1120 γενεὰν
819 1085 901 1113 αὐτοῦ

107 1133 150 1163 τίς
161 1133 337 1168 διηγήσεται;
361 1143 370 1159 ι
399 1132 490 1166 Δαϐὶδ,
517 1141 526 1158 ι
544 1133 604 1159 ’Ότι
627 1132 785 1159 ὲκύκλωσάν
801 1141 834 1168 με
853 1132 903 1159 κύ-

107 1187 153 1209 νες
172 1179 282 1205 πολλοί·
296 1178 441 1214 συναγωγὴ
460 1178 684 1214 πονηρευομὲνων
695 1179 839 1214 περιέσχον
855 1187 899 1213 με.

111 1223 230 1260 Ὠρυξαν
249 1225 343 1260 χεῖράς
366 1234 435 1260 μου,
458 1225 504 1251 καὶ
524 1225 607 1256 πόδας
629 1233 696 1260 μου-
714 1224 900 1260 ἐξηρίθμησαν

109 1272 198 1297 πάντα
210 1271 244 1297 τὰ
259 1271 326 1298 ὀστᾶ
337 1280 397 1306 μου.
410 1271 491 1298 Αὐτοὶ
503 1271 530 1298 δὲ
544 1271 720 1306 κατενόησαν,
736 1271 783 1298 καὶ
795 1271 900 1297 ἐπεῖδόν

111 1326 158 1352 με·
173 1317 362 1353 διεμερίσαντο
378 1317 412 1344 τὰ
426 1317 520 1352 ἱμάτιά
537 1326 586 1353 μου
605 1317 721 1350 ἑαυτοῖς,
738 1318 785 1344 καὶ
797 1317 844 1343 ἐπὶ
855 1318 900 1344 τὸν

110 1364 257 1399 ἱματισμόν
278 1372 328 1399 μου
352 1363 448 1391 ἔϐαλον
471 1364 581 1399 κλῆρον.
598 1373 607 1389 ι
637 1363 778 1400 Ἱερεμίας.
798 1374 806 1390 ι
831 1364 901 1398 Ἐγὼ

109 1409 136 1436 δὲ
161 1409 200 1441 ὡς
226 1409 317 1445 ἀρνίον
343 1410 446 1437 ἄκακον
474 1410 607 1446 ἀγόμενον
630 1411 676 1437 τοῦ
701 1410 827 1441 θύεσθαι,
851 1411 901 1437 οὐκ

109 1454 204 1489 ἔγνων.
224 1465 233 1481 ι
252 1456 306 1482 Καὶ
316 1456 407 1490 πάλιν,
431 1465 441 1481 ι
460 1456 553 1487 Δεῦτε,
572 1457 619 1483 καὶ
631 1456 809 1492 ἐμϐάλλωμεν
826 1455 902 1489 ξύλον

109 1502 149 1533 εἰς
162 1501 208 1528 τὸν
227 1501 307 1536 ἄρτον
321 1502 403 1529 αὑτοῦ
417 1510 423 1516 ·
435 1503 482 1529 καὶ
496 1503 669 1538 ὲκτρίψωμεν
687 1503 766 1529 αὐτὸν
780 1503 835 1529 ἀπὸ
847 1502 902 1528 τῶν

110 1546 219 1578 ζώντων
233 1535 299 1581 (65),
311 1547 359 1574 καὶ
371 1547 401 1574 τὸ
412 1547 497 1583 ὄνομα
508 1535 591 1574 αὐτού
600 1535 631 1574 ού
649 1548 686 1583 μὴ
703 1548 809 1583 μνησθῇ
825 1548 875 1575 ἔτι.
890 1559 900 1574 ›
917 1535 940 1565 c

110 1591 258 1627 Ζαχαρίας,
278 1602 287 1618 ι
308 1593 363 1619 Καὶ
386 1592 482 1620 ἔλαϐον
504 1593 538 1620 τὰ
550 1593 696 1627 τριάκοντα
717 1593 838 1629 ἀργύρια
854 1594 903 1630 τὴν

110 1638 193 1673 τιμὴν
218 1638 266 1664 τοῦ
287 1639 485 1674 τετιμημένου,
510 1638 540 1666 ὃν
563 1639 729 1674 ἐτιμήσαντο
754 1639 808 1666 ἀπὸ
837 1640 903 1666 υἱῶν

116 1684 242 1719 Ἰσραήλ·
260 1684 307 1710 καὶ
329 1684 431 1711 ἔδωκαν
457 1685 527 1711 αὐτὰ
543 1685 583 1716 εἰς
594 1685 639 1712 τὸν
654 1685 739 1721 ἀγρὸν
755 1685 802 1712 τοῦ
822 1694 902 1721 κερα-

111 1734 195 1765 μεως,
217 1730 288 1756 καθὰ
301 1730 431 1764 συνέταξε
445 1739 490 1766 μοι
503 1731 614 1767 Κύριος.
634 1741 643 1757 ι

110 1797 147 1824 Ζ’.
167 1797 237 1831 Περὶ
258 1798 311 1824 τοῦ
339 1798 489 1832 σταυροῦ,
510 1797 558 1825 καὶ
583 1797 636 1825 τοῦ
649 1797 811 1833 γενομένου
831 1798 904 1825 σκό-

467 1841 550 1866 τους.

150 1910 159 1925 ι
179 1900 235 1935 (6-5)
255 1900 373 1935 Ὅψεσθε
393 1901 445 1936 τὴν
468 1900 541 1936 ζωὴν
556 1900 633 1936 ὑμῶν
660 1900 838 1936 κρεμαμένην
854 1901 906 1927 ἀπ-

112 1947 206 1973 έναντι
224 1946 280 1973 τῶν
296 1946 444 1982 ὀφθαλμῶν
458 1947 545 1982 ὑμῶν,
564 1947 612 1973 καὶ
627 1947 657 1973 οὐ
679 1947 716 1982 μὴ
730 1946 903 1981 πιστεύσητε,

112 1993 160 2019 ἐὰν
173 2002 216 2024 τις
231 1992 396 2028 ἐκδιηγεῖται
411 1993 484 2027 ὑμῖν.
499 1992 536 2019 Τὸ
549 1992 621 2028 πρωῒ
635 1993 717 2028 ἐρεῖς·
728 1992 790 2024 Πῶς
798 1992 906 2026 ἐγένετο

113 2039 230 2074 ἑσπέρας
239 2039 285 2065 καὶ
297 2039 325 2065 τὸ
334 2039 462 2075 ἑσπέρας·
477 2038 538 2070 Πῶς
548 2038 658 2073 ἐγένετο
665 2039 756 2073 πρωῒ;
773 2048 783 2064 ι
803 2038 904 2073 Ἀμὼς,

117 2093 125 2108 ι
140 2084 195 2110 Καὶ
207 2083 284 2110 ἔσται
301 2085 329 2110 ὲν
342 2085 375 2118 τῇ
386 2084 478 2119 ἡμέρᾳ
489 2083 593 2118 ἐκείνῃ,
605 2083 679 2117 λέγει
693 2083 795 2118 Κύριος
806 2084 819 2109 ὁ
829 2082 905 2115 Θεὸς,

114 2129 229 2156 Δύσεται
257 2130 272 2156 ὁ
294 2129 369 2165 ἥλιος
393 2129 585 2165 μεσημϐρίας,
614 2130 661 2156 καὶ
688 2130 850 2156 συσκοτάσει
878 2130 907 2155 ὲν

113 2175 206 2211 ἡμέρᾳ
221 2175 252 2201 τὸ
268 2175 336 2209 φῶς.
358 2184 368 2201 ι
390 2175 535 2211 Ἱερεμίας,
552 2184 561 2200 ‹
586 2174 731 2201 Ἐπέδυσεν
747 2175 761 2200 ὁ
775 2174 850 2209 ἥλιος
866 2174 906 2200 ἔτι

953 908 1094 938 sputorum
1110 904 1130 932 ⁷.
1152 914 1161 929 ι
1178 904 1210 931 Et
1225 912 1333 936 rursus,
1354 914 1363 930 ‹
1379 905 1438 932 Non
1468 905 1585 932 habebat
1612 905 1741 940 speciem,

953 956 1042 984 neque
1058 949 1195 980 decorem,
1226 950 1273 977 sed
1294 951 1400 985 species
1427 950 1488 985 ejus
1516 949 1688 984 inltonorata,
1715 954 1742 978 et

953 994 1083 1022 deficiens
1096 1003 1152 1030 pra:
1171 995 1235 1023 filiis
1265 996 1406 1022 hominum
1418 996 1440 1022 ⁸.
1459 1005 1469 1022 ι
1499 995 1532 1022 Ει
1557 1003 1655 1023 rursus
1679 1003 1742 1023 cum

955 1039 1011 1066 haec
1026 1039 1153 1070 dixisset,
1181 1040 1228 1072 ait,
1254 1049 1264 1065 ι
1282 1039 1491 1068 Generationem
1503 1041 1565 1076 ejus
1583 1041 1646 1076 quis
1662 1049 1744 1069 enar-

954 1085 1026 1112 rabit
1040 1085 1075 1112 9?
1095 1095 1103 1110 ‹
1125 1085 1222 1117 David,
1253 1095 1262 1111 ι
1284 1085 1416 1119 Quoniam
1442 1086 1681 1114 circumdederunt
1700 1095 1744 1114 me

954 1139 1035 1158 canes
1050 1131 1139 1165 multi,
1170 1131 1319 1159 concilium
1335 1132 1543 1167 malignantium
1559 1132 1667 1160 obsedit
1688 1139 1742 1160 me.

955 1176 1094 1203 Foderunt
1106 1185 1203 1205 manus
1216 1185 1301 1210 meas,
1319 1181 1343 1205 et
1361 1178 1442 1213 pedes
1467 1186 1564 1212 meos;
1585 1178 1742 1206 dinumera-

955 1226 1054 1249 rerunt
1069 1223 1161 1250 omnia
1177 1230 1239 1251 ossa
1255 1232 1325 1252 mea.
1344 1223 1398 1259 Ipsi
1421 1231 1488 1253 vero
1500 1225 1744 1253 consideraveruut

956 1272 982 1296 ct
1011 1269 1190 1303 inspexerunt
1218 1277 1279 1302 me;
1313 1270 1467 1298 diviserunt
1497 1271 1549 1298 sibi
1581 1270 1743 1298 vestimenta

958 1322 1027 1348 unca,
1042 1319 1069 1342 et
1082 1323 1164 1350 super
1180 1320 1283 1344 vestem
1299 1324 1386 1344 meam
1409 1317 1543 1345 miserunt
1560 1321 1663 1345 sortem
1679 1317 1712 1344 ιδ.
1731 1325 1741 1342 ι

955 1359 1096 1394 Jeremias,
1117 1371 1126 1388 (
1140 1362 1197 1397 Ego
1219 1366 1310 1390 autem
1334 1364 1411 1398 quasi
1428 1371 1513 1398 agnus
1537 1363 1671 1391 innocens
1691 1363 1742 1390 du.

956 1411 1017 1434 ctus
1045 1407 1079 1434 ad
1110 1408 1318 1440 immolandum,
1345 1417 1398 1436 non
1414 1409 1611 1444 cognoscebam
1629 1410 1662 1437 ”.
1678 1419 1687 1436 ι
1714 1409 1746 1436 Et

955 1461 1065 1486 rursus,
1081 1463 1090 1480 ι
1113 1454 1218 1486 Venite,
1240 1461 1267 1482 et
1295 1456 1436 1483 mittamus
1465 1455 1568 1490 lignum
1597 1455 1625 1482 in
1649 1463 1745 1491 panem

955 1498 1024 1534 ejus.
1045 1504 1072 1526 et
1096 1505 1253 1527 exteramus
1267 1508 1329 1526 enin
1359 1508 1374 1527 e
1402 1500 1567 1532 viventibus,
1593 1504 1620 1527 et
1646 1507 1744 1527 nomen

958 1545 1017 1580 ejus
1030 1553 1084 1573 non
1095 1549 1261 1573 memoretur
1276 1545 1395 1579 amplius
1411 1545 1442 1571 ".
1464 1555 1472 1571 ι
1493 1544 1657 1576 Zacharias,
1680 1553 1690 1569 ι
1714 1543 1746 1570 Et

958 1596 1121 1626 acceperunt
1140 1592 1251 1626 triginta
1277 1595 1421 1626 argenteos
1439 1591 1556 1626 pretium
1587 1589 1743 1625 appretiati,

957 1646 1039 1673 quem
1060 1638 1283 1673 appretiaverunt
1302 1645 1316 1664 a
1336 1637 1400 1665 filiis
1427 1637 1527 1671 Israel;
1552 1640 1579 1664 et
1600 1637 1734 1664 dederunt.

957 1693 1004 1712 eos
1033 1685 1061 1711 in
1089 1691 1185 1719 agrum
1212 1683 1296 1719 figuli,
1325 1684 1398 1712 sicut
1431 1683 1575 1711 constituit
1601 1683 1667 1710 mihi
1693 1682 1747 1710 Do-

957 1732 1050 1758 minus
1060 1731 1109 1757 ¹³.›

959 1797 1013 1825 Vll.
1031 1797 1070 1825 De
1085 1806 1172 1830 cruce,
1188 1802 1213 1824 et
1229 1797 1341 1824 tenebris
1356 1805 1414 1831 qum
1436 1797 1463 1824 in
1479 1796 1579 1824 Christi
1602 1800 1686 1823 morm
1703 1795 1746 1827 fa-

1273 1838 1323 1860 cla:
1337 1838 1407 1860 sunt.

998 1907 1007 1922 ε
1027 1897 1162 1925 Videbitis
1175 1897 1258 1924 vitam
1275 1900 1394 1924 vestram
1405 1896 1567 1931 pendentem
1578 1891 1747 1922 anle'oculos

959 1946 1076 1974 vestros,
1092 1946 1118 1969 et
1133 1949 1186 1969 non
1206 1941 1335 1971 credetis,
1354 1941 1376 1968 si
1393 1941 1455 1975 quis
1471 1938 1641 1967 enarraverit
1657 1939 1746 1966 vobis.

960 1988 1038 2015 llane
1054 1989 1130 2016 dices
1152 1997 1158 2015 ;
1183 1987 1325 2020 Quomodo
1339 1986 1410 2013 facta
1425 1990 1468 2013 est
1494 1985 1626 2020 vespera?
1649 1984 1682 2011 Et
1699 1992 1748 2012 vc-

961 2035 1050 2070 spcri:
1067 2034 1208 2067 Quomodo
1224 2034 1326 2061 factum
1341 2037 1384 2060 est
1399 2040 1477 2059 mane
1493 2032 1534 2058 “‘1
1549 2041 1558 2057 ι
1573 2033 1666 2064 Amos,
1685 2040 1694 2057 ‹
1715 2030 1748 2057 Et

960 2081 1012 2108 erit
1026 2081 1052 2107 in
1065 2081 1110 2107 die
1125 2080 1180 2113 illa,
1194 2079 1262 2106 dicit
1272 2079 1405 2106 Dominus
1420 2078 1502 2110 Deus,
1515 2076 1626 2104 Occidet
1637 2077 1678 2104 sol
1689 2084 1747 2104 me-

961 2127 1041 2158 ridie,
1064 2132 1092 2153 et
1111 2126 1340 2154 contenebrescet
1356 2125 1383 2151 in
1406 2124 1451 2151 die
1470 2124 1516 2150 lux
1529 2124 1561 2150 η.
1579 2133 1588 2148 ι
1600 2122 1744 2156 Jeremias,

964 2182 973 2198 ‹
991 2171 1096 2200 Occidit
1122 2171 1174 2200 sol,
1205 2178 1268 2197 cum
1297 2170 1386 2197 adhuc
1399 2169 1505 2197 medius
1531 2168 1589 2196 dies
1600 2166 1713 2196 esset“.
1735 2175 1745 2193 ι

115 2221 254 2257 μεσούσης
275 2222 324 2257 τῆς
337 2221 453 2258 ἡμέρας.
474 2231 483 2247 ι
507 2221 631 2252 Ἡσαΐας,
648 2230 656 2246 ι
677 2220 760 2255 Ὅλην
772 2220 821 2255 τὴν
840 2220 902 2256 ἠμέ-

961 2219 1055 2250 lsaias,
1074 2227 1082 2244 ι
1100 2217 1168 2244 Tota
1184 2217 1228 2244 die
1245 2216 1363 2252 evpundi
1378 2223 1475 2243 manus
1484 2222 1558 2242 meas
1567 2214 1600 2241 ad
1617 2213 1746 2249 populum

115 2276 165 2303 ραν
199 2268 347 2294 διεπέτασα
374 2268 423 2299 τὰς
455 2268 548 2304 χεῖράς
573 2275 623 2302 μου
651 2266 719 2302 πρὸς
741 2266 805 2292 λαὸν
832 2267 907 2293 ἀντι-

115 2314 246 2348 λέγοντα,
269 2314 316 2340 καὶ
336 2313 509 2341 ἀπειθοῦντα.
532 2323 540 2339 ι
563 2313 618 2340 Καὶ
643 2313 741 2346 πάλιν,
771 2322 780 2338 ‹
806 2313 907 2348 Ἄρατε

115 2360 258 2395 σύσσημον
287 2360 328 2391 εἰς
350 2360 384 2386 τὰ
405 2359 480 2395 ἔθνη.
502 2369 511 2384 ι
532 2359 585 2386 Καὶ
612 2359 703 2390 πάλιν,
733 2368 742 2384 ι
762 2359 817 2385 Καὶ
846 2359 907 2384 τότε

116 2406 202 2432 ταῦτα
227 2405 486 2440 συντελεσθήσεται,
510 2405 584 2439 λέγει
608 2404 720 2440 Κύριος,
745 2405 809 2431 ὅταν
830 2403 907 2436 ξύλον

115 2450 202 2483 ξύλων
222 2450 318 2486 κλιθῇ,
345 2451 391 2477 καὶ
419 2451 537 2486 ἀναστῇ,
555 2452 602 2477 καὶ
615 2451 678 2477 ὅταν
694 2451 726 2477 ὲκ
741 2450 819 2483 ξύλου
838 2447 907 2484 αἷμα

151 2530 163 2546 ⁸
179 2530 232 2557 lsa.
250 2537 310 2562 LIII,
329 2529 387 2557 4-9.
427 2529 497 2557 ‘lsa.
514 2538 573 2560 tut,
591 2529 632 2556 12.

117 2573 156 2594 XI,
174 2566 213 2592 l9.
255 2565 355 2593 "ibid.
380 2566 402 2583 ¹³
413 2565 495 2593 Zach.
512 2574 548 2594 xl.
567 2566 616 2597 1‘2;
636 2564 729 2591 Matth.
754 2573 839 2595 xxvn,
858 2565 901 2592 l0.

156 2669 212 2703 (61)
224 2668 356 2699 Verbum.
370 2667 481 2703 εὑρέθη,
495 2667 573 2695 deest
589 2668 615 2694 in
627 2667 748 2703 editione
769 2666 840 2693 LXX
864 2667 906 2703 Ιιιέ

123 2702 285 2739 terpretum,
313 2703 360 2731 sed
386 2702 502 2739 habetur
525 2703 597 2738 apud
623 2702 773 2739 Justinnm,
793 2702 906 2739 ctame

124 2737 200 2770 aiios,
217 2747 288 2772 quos
305 2739 398 2766 laudat
423 2738 547 2766 Nobilius
562 2739 589 2765 in
610 2739 693 2768 notis,
719 2738 820 2772 quibus
840 2737 909 2765 adde

124 2774 324 2801 'l'ertnllianuni
337 2774 468 2800 Adversus
479 2773 602 2804 Jurla'os,
614 2781 674 2808 cap.
690 2772 733 2800 l0.

160 2810 215 2843 (6'2)
231 2809 324 2837 Codex
343 2809 490 2843 antiquior,
508 2811 540 2836 ἐκ
549 2809 655 2835 τούτου.

161 2845 217 2879 (62)
237 2845 329 2872 Editio
345 2842 537 2879 LXXIntrrpr.
563 2845 617 2871 ἀπὸ
631 2844 682 2879 γῆς
696 2842 815 2876 ζώντων,
826 2848 908 2877 quam

683 2530 693 2545 ⁷
706 2529 757 2557 lsa.
775 2538 801 2560 ιη
819 2530 846 2556 6.
884 2530 894 2545 ⁸
908 2529 957 2557 lsa.
975 2539 1033 2561 LIII,
1049 2530 1076 2556 Ξ.

961 2264 1146 2295 incredulum,
1174 2267 1201 2291 et
1223 2262 1460 2290 contradicentem
1487 2261 1520 2287 ¹⁷.
1539 2270 1548 2286 ι
1581 2259 1615 2287 Et
1639 2267 1747 2291 rursus,

965 2320 974 2336 ι
995 2310 1093 2338 Levate
1106 2311 1212 2342 signum
1226 2310 1356 2344 ingentes
1370 2307 1404 2334 η.
1423 2317 1433 2333 ›
1447 2307 1479 2334 Et
1491 2314 1599 2338 rursus,
1613 2316 1622 2332 ι
1635 2305 1668 2332 Et
1683 2310 1748 2333 tunc

960 2357 1017 2383 haec
1024 2354 1368 2386 cousununabuntur,dicit
1379 2353 1522 2383 Dominus.
1530 2352 1639 2387 quando
1647 2351 1748 2386 lignum

963 2402 1098 2436 lignorum
1112 2401 1259 2427 inclinatus
1277 2400 1366 2432 fuerit,
1376 2402 1403 2425 et
1426 2403 1559 2433 resurget,
1576 2402 1604 2425 et
1615 2396 1749 2432 quandoe

961 2447 1034 2483 ligno
1046 2447 1156 2480 sanguis
1170 2447 1312 2474 distillabit
1324 2446 1354 2472 η.
1362 2444 1588 2476 iZacharias,cEt
1596 2445 1659 2475 erit,
1671 2443 1698 2470 in
1706 2442 1749 2470 die

1132 2529 1218 2557 "ihid.
1235 2530 1261 2556 8.
1319 2530 1341 2544 ¹⁰
1352 2529 1424 2556 Psal.
1443 2536 1501 2558 xxt,
1519 2527 1610 2554 17—10,
1659 2526 1678 2542 “
1691 2525 1748 2552 Jer.

942 2559 1048 2593 “Deut.
1065 2573 1161 2598 xxvut,
1179 2566 1223 2596 ϋϋ,
1243 2565 1286 2592 67.
1309 2565 1330 2580 ’⁸
1343 2565 1426 2591 Amos
1441 2572 1499 2595 vni,
1512 2563 1538 2590 9.
1562 2559 1646 2588 “Jer.
1666 2569 1710 2592 xv,
1719 2561 1746 2587 9.

120 2601 139 2616 ¹⁷
150 2600 202 2627 lsa.
219 2609 282 2632 ων,
299 2600 382 2632 2,12.
424 2602 506 2628 “'lsa.
520 2608 586 2631 an,
600 2601 643 2627 10.
683 2601 703 2616 ¹⁹
717 2600 799 2627 Zach.
814 2609 871 2633 xtv,
889 2601 916 2633 6,
931 2601 956 2628 7.

960 2669 1104 2696 lectionem
1117 2671 1271 2703 sequuntur
1289 2666 1416 2703 Justinus
1432 2664 1583 2703 in‘piatog.
1601 2670 1662 2703 cunt
1681 2662 1747 2703 Tru-

961 2705 1054 2738 phom',
1086 2699 1225 2738 parun-299,
1241 2702 1436 2738 Tertullianus,
1464 2699 1616 2738 Qyprianus
1639 2699 1746 2738 etiam.

999 2733 1054 2772 (ϋὼ)
1071 2733 1182 2766 [Ῐίνῖπειι
1198 2743 1238 2765 est
1252 2738 1333 2771 hujus
1355 2737 1405 2763 luci
1420 2733 1500 2772 lectio
1516 2739 1570 2772 tam
1588 2733 1614 2759 in
1627 2733 1748 2772 editione

963 2766 1243 2808 LXX'lntei-prctutn,
1274 2766 1355 2807 quam
1370 2769 1440 2806 apud
1464 2767 1616 2800 Iustinum,
1639 2766 1721 2793 Terlt
1735 2781 1747 2787 -

963 2810 1065 2837 lianum
1082 2814 1107 2837 et
1122 2809 1200 2836 alios.
