1922 3078
56 75 98 102 225

567 73 778 102 TESTIMONIA
796 73 983 103 ADVERSUS
1013 74 1168 103 JUDzEOS.

1628 76 1682 104 3‘36

51 132 124 158 ταῦτα
132 132 196 167 περὶ
212 131 363 168 Ἰερεμίου,
380 133 459 164 ποίας
470 133 609 168 βασιλείας
623 133 836 169 ἐξερρίζωσεν,ῆ

893 133 965 160 mino
984 133 1058 160 dicta
1074 137 1150 165 sunt,
1173 133 1220 168 qui
1235 133 1264 160 in
1285 133 1360 161 omni
1381 132 1453 160 ﬁdeli
1471 132 1563 160 anima
1585 132 1683 160 advers

51 179 104 205 mia.
119 177 180 213 ἔθνη
191 178 359 212 ἀπώλεσεν;
378 180 458 207 ’Λλλὰ
470 180 592 215 περὶτοῦ
601 181 704 216 Κυρίου
718 180 836 216 εἴρηται,

50 224 239 259 ὲκριζώσαντος
261 225 320 252 ἀπὸ
339 226 429 262 πάσης
450 226 541 261 ψυχῆς
562 225 743 261 πιστευούσης
763 225 838 261 αὐτῷ

52 270 91 307 τὴν
111 269 251 305 βασιλειαν
262 271 313 298 τοῦ
337 272 554 308 ’Λντικειμένου,
568 272 598 303 ὃς
619 271 787 307 κατέστρεψε
803 271 838 297 τὰ

52 317 247 352 οἰκοδομήματα
260 318 314 353 τῆς
327 318 436 350 κακίας,
453 319 501 345 καὶ
514 318 569 345 τῶν
584 318 729 354 μοχθηρῶν
740 318 838 353 δογμὰ-

51 362 95 388 τῶν
105 362 126 397 (l
133 362 169 396 7),
189 363 406 398 καταφυτεύσας
416 363 450 389 τὰ
467 363 620 398 κρείττονα.
634 362 726 395 Δαϐὶδ,
747 371 757 388 ι
779 362 839 390 Ῥὖ-

51 409 89 434 στί
111 415 142 442 με
161 406 192 438 ἐξ
212 407 375 441 ἀντιλογίας
385 407 461 438 λαοῦ,
480 408 662 443 καταστήσεις
679 416 713 442 με
731 408 772 439 εἰς
793 416 839 434 κε-

50 454 126 489 φαλὴν
137 453 234 480 ἐθνῶν.
249 453 336 486 Λαὸς,
350 454 380 480 ὃν
392 454 442 481 οὐκ
455 453 552 488 ἔγνων,
569 454 710 481 ἐδούλευσὲ
722 461 784 489 μοι’
799 455 838 485 εἰς

51 500 124 534 ἀκοὴν
139 499 222 526 ὠτίου
235 499 381 535 ὑπήκουσέ
394 509 456 534 μου·
471 500 524 526 υἱοὶ
538 499 674 535 ἀλλότριοι
690 499 838 534 ἐψεύσαντό

53 556 90 581 μοι
103 545 154 580 (l8)
165 553 173 561 ·
186 545 242 572 υίοὶ
255 545 395 581 ἀλλότριοι
409 545 620 581 ὲπαλαιώθησαν
636 546 684 572 καὶ
700 545 838 580 ἐκώλαναν

52 593 98 618 ἀπ’)
112 591 163 617 τῶν
178 590 287 626 τρίϐων
298 592 399 619 αὐτῶν.
419 601 430 618 ι
446 592 566 627 Μωῡσῆς
582 593 614 618 ἐκ
626 591 772 627 προσώπου
789 591 836 618 τοῦ

51 637 110 664 Θεοῦ
124 637 191 672 πρὸς
215 637 365 673 Ἀϐραὰμ,
381 647 391 663 ι
410 638 466 664 Καὶ
483 637 740 672 ἐνευλογηθήσονται
753 637 781 664 ἐν
797 637 838 664 col.

54 685 132 710 πάπα
143 682 177 710 τὰ
191 682 305 719 πέρατα
319 683 376 718 (19)
386 684 435 718 τῆς
442 685 521 719 γῆς.»
537 683 593 710 Καὶ
606 683 686 710 πάλιν
699 703 707 715 ,
729 692 738 708 ι
758 683 836 709 Ἀπο-

54 730 149 766 aspidm
170 730 202 756 τὸ
218 729 371 765 πρόσωπόν
396 738 446 765 μου
460 730 507 756 ἀπ’
530 729 630 761 αὐτῶν,
648 730 695 756 καὶ
714 729 794 763 δείξω
812 729 838 756 τί

54 777 119 804 ἔσται
138 776 230 808 αὐτοῖς
246 775 294 802 ἐπ’
314 775 437 811 ἐσχάτων
449 775 517 811 (20),
531 776 572 802 ὅτι
586 775 667 810 γενεὰ
683 775 837 812 ἐξεστραμ-

890 178 956 205 sarii
969 186 1085 214 regnum
1097 178 1207 211 evertit,
1220 178 1266 213 qui
1279 178 1391 205 malitia:
1402 178 1543 205 molimina
1553 177 1682 208 destruit.

889 230 915 252 et
944 232 1137 259 perversorum
1168 224 1230 251 loco
1257 225 1372 251 meliora
1404 224 1533 259 dogmata
1563 224 1680 259 plantat.

890 270 984 301 David,
1015 269 1108 297 tEruc
1135 277 1180 297 me
1205 270 1239 298 de
1266 269 1534 297 contradictionibus
1565 270 1681 305 populi;

888 317 1046 345 constitues
1068 324 1114 344 me
1137 316 1165 344 in
1188 321 1271 352 caput
1297 318 1430 351 gentium.
1452 315 1574 350 Populus
1600 324 1682 350 queui

889 370 944 390 non
963 362 1091 398 cognovi,
1106 362 1221 389 servivit
1234 362 1320 394 milii;
1337 362 1364 389 in
1384 362 1479 389 auditu
1499 362 1574 389 auris
1587 361 1684 389 obedi~

890 409 928 435 vit
944 408 1021 438 mibi.
1039 407 1101 436 Filii
1116 408 1199 437 alieni
1216 409 1322 436 mentiti
1342 413 1407 436 sunt
1422 408 1508 441 milii;
1529 408 1577 435 ﬁlii
1599 408 1680 435 alieni

889 456 1034 484 inveterati
1050 461 1115 484 sunt
1126 461 1154 485 et
1166 457 1393 484 claudicaverunt
1406 465 1420 482 τι
1437 455 1544 483 semitis
1560 455 1617 482 suis
1628 455 1678 481 ⁸³.»

889 501 997 536 Moyses
1012 500 1058 529 Dei
1074 502 1187 529 nomine
1200 502 1234 528 ad
1247 501 1397 533 Abraham,
1416 511 1425 526 ‹
1439 501 1471 528 Et
1482 500 1681 528 benedicentur

889 547 916 574 in
929 551 955 574 te
965 555 1060 575 clunes
1076 548 1184 575 termini
1201 552 1282 575 terra:
1292 547 1325 574 “.
1336 558 1345 573 ι
1362 547 1394 574 Et
1407 554 1515 578 rursus,
1533 557 1541 572 ι
1552 546 1680 574 Avertam

889 594 987 621 faciem
1005 601 1098 621 meum
1111 594 1145 621 ab
1158 594 1217 626 eis;
1236 597 1264 621 et
1280 593 1424 622 ostendam
1439 593 1506 628 quid
1525 593 1577 620 erit
1594 593 1634 620 eis
1653 593 1681 619 iu

888 640 1061 673 novissimis.
1082 640 1213 675 quoniam
1228 640 1370 675 generatio
1392 646 1521 674 perversa
1538 643 1591 666 est.
1615 637 1678 664 Filii

889 687 992 722 quibus
1006 694 1061 714 non
1076 690 1119 714 est
1130 686 1197 714 ﬁdes
1212 686 1240 713 in
1256 687 1296 714 eis
1309 695 1317 719 ;
1334 686 1386 721 ipsi
1400 684 1435 712 ad
1448 685 1537 712 zelum
1549 691 1683 719 provoca-

890 737 989 761 verunt
1005 738 1050 761 me
1067 733 1095 760 in
1105 740 1161 760 non
1174 732 1240 765 Deo,
1255 732 1489 760 exacerbaverunt
1504 738 1546 758 me
1558 731 1585 757 in
1601 730 1682 756 idolis

888 780 961 812 suis,
976 784 1004 807 et
1019 786 1072 815 ego
1085 779 1242 814 provocabo
1259 785 1306 806 ves
1320 778 1354 805 ad
1372 778 1459 806 zelum
1474 777 1501 804 in
1516 784 1569 804 non
1582 781 1663 811 gente
1673 783 1682 801 :

54 822 112 857 μὲνη
127 820 208 847 ἐστίν.
228 820 293 847 Υἱοὶ
304 818 346 853 οἷς
358 821 407 847 οὐκ
421 820 478 848 ἔστι
498 821 589 854 πίστις
603 822 633 847 ὲν
642 821 742 853 αὐτοῖς·
761 822 837 848 αὑτοὶ

893 826 917 853 in
935 829 1014 861 gente
1029 825 1111 853 stulta
1129 825 1244 853 irritabo
1259 824 1320 852 illos
1333 824 1367 852 ⁸⁸.
1378 834 1386 849 ι
1405 823 1438 850 Et
1454 823 1530 854 alibi.
1548 831 1558 848 ι
1569 821 1658 853 Dabit.
1669 830 1680 847 ι

54 867 239 903 παρεξήλωσάν
254 867 314 902 (21)
334 876 367 903 με
378 868 421 894 ἐπ’
436 868 465 894 οὺ
480 868 551 904 Θεῷ,
567 868 747 904 παρώργισάν
761 877 795 904 με
808 869 837 895 ἐν

53 917 101 946 τοῖς
117 914 236 946 εἰδώλοις
257 914 362 948 αὐτῶν,
377 914 456 948 κάγὼ
468 914 660 950 παραζηλώσω
680 915 780 946 αὐτοὺς
793 915 837 942 ἐπ’

55 962 97 988 οὐκ
105 960 182 987 ἔθνειο
197 959 242 987 ἐπ’
255 960 330 987 ἔθνει
344 960 468 996 ἀσυνέτῳ
483 960 627 996 παροργιῶ
637 960 746 993 αὐτούς.
762 971 772 987 ι
783 962 838 988 Καὶ

54 1006 169 1041 ἀλλαχοῦ,
179 1015 189 1032 ι
202 1007 261 1041 (22)
267 1006 365 1039 Δώσει,
373 1016 382 1032 ι
391 1007 483 1042 φησὶν,
494 1015 503 1033 ι
511 1007 573 1039 τοὺς
580 1007 715 1042 πονηροὺς
721 1008 781 1034 ἀντὶ
788 1007 838 1042 τῆς

55 1053 131 1088 ταφῆς
145 1052 239 1080 αὐτοῦ.
260 1062 271 1078 ι
293 1052 406 1084 Ἡσαΐας
420 1053 494 1088 (25),
515 1062 525 1079 t
550 1053 690 1089 Ἑμφανὴς
705 1054 838 1090 ἐγενόμην

56 1101 103 1131 τοῖς
113 1100 161 1134 ἐμὲ
174 1099 211 1135 μὴ
221 1099 363 1135 ζητοῦσιν.
376 1100 491 1136 εὐρέθην
503 1101 559 1132 τοῖς
578 1101 628 1136 ἐμὲ
642 1101 679 1137 μὴ
692 1102 838 1137 ἐπερωτῶ-

58 1153 100 1171 σιν.
113 1145 186 1181 ([24]
201 1144 288 1178 Εἱπα,
307 1145 372 1172 Ἰδοὺ
381 1147 496 1182 πάρειμι
508 1145 580 1172 ἔθνει
594 1146 663 1182 (25),
675 1146 702 1172 οἳ
718 1147 768 1173 οὐκ
790 1147 840 1174 ἐπ-

59 1191 206 1218 εκαλέσαντο
220 1192 251 1219 τὸ
268 1192 355 1228 ὄνομά
374 1201 436 1228 μου.
454 1201 463 1218 ›
474 1193 483 1227 )
495 1192 586 1225 Δασὶδ,
601 1202 610 1218 ι
637 1192 838 1229 Ἀτιηλλοτριω-

59 1237 126 1272 μένος
140 1238 277 1274 ἐγενήθην
301 1239 357 1270 τοῖς
376 1238 502 1274 ἀδελφοῖς
519 1247 571 1274 μου
584 1259 591 1271 ,
615 1239 662 1266 καὶ
684 1239 759 1273 ξένος
783 1240 840 1271 τοῖς

58 1284 116 1315 υἱοῖς
127 1284 174 1319 τῆς
189 1284 297 1320 μητρός
321 1293 383 1320 μου.
401 1294 411 1311 ι
433 1285 501 1321 Περὶ
525 1285 554 1312 δὲ
569 1284 625 1312 τῶν
646 1285 730 1312 ἐθνῶν
747 1285 838 1320 λέγει,

61 1339 68 1354 ι
91 1329 244 1364 Ἀπαγγελῶ
262 1330 321 1365 (26)
335 1331 366 1357 τὸ
383 1331 469 1366 ὖνομά
484 1340 531 1358 σου
547 1332 605 1363 τοῖς
627 1331 752 1366 ἀδελφοῖς
769 1340 819 1367 μου
830 1351 837 1363 ,

59 1376 163 1411 ἐνμέσῳ
185 1376 350 1412 Ἑκκλησίας
369 1377 484 1412 ὑμνήσω
499 1386 539 1404 σε.
565 1388 575 1404 ι
601 1378 670 1413 Περὶ
694 1377 838 1409 Ἰουδαίων,

61 1431 69 1447 ι
81 1422 115 1448 Δι’
126 1423 194 1456 ὑμᾶς
207 1423 412 1458 βλασφημεῖται
431 1424 461 1450 τὸ
474 1423 563 1458 ὄνομά
579 1432 631 1459 μου
642 1423 687 1450 διὰ
698 1423 800 1456 παντὸς
810 1424 839 1450 ὲν

59 1469 106 1500 τοῖς
117 1468 212 1495 ἔθνεσι.
231 1479 240 1494 ι
257 1469 410 1504 Μαλαχίας,
431 1479 440 1496 ‹
457 1470 515 1496 Οὺκ
530 1470 589 1496 ἐστι
610 1479 661 1505 μου
683 1470 792 1505 θέλημα
807 1471 836 1497 ὲν

60 1513 314 1550 ὖμῖν,λέγειΚύριος
326 1515 532 1551 παντοκράτωρ.
547 1525 557 1541 ›
571 1514 648 1551 ([27]
656 1516 724 1552 Περὶ
738 1515 839 1542 Ἐθνῶν

60 1560 93 1591 δὲ,
108 1570 116 1586 ι
127 1561 184 1588 ὐτι
192 1561 247 1588 ἀπὸ
259 1561 397 1589 ἀνατολῶν
410 1562 487 1598 ἡλίου
501 1562 583 1598 μέχρι
595 1562 705 1598 δυσμῶν
714 1562 742 1589 τὸ
753 1562 839 1598 ὄνομά

62 1615 104 1641 μου
124 1607 276 1640 δεδόξασται
292 1609 321 1635 ὲν
338 1610 393 1640 τοῖς
410 1608 532 1641 Ἔθνεσι,
549 1608 623 1643 λέγει
643 1608 746 1644 Κύριος
767 1617 838 1635 παν-

62 1654 197 1692 τοκράτωρ·
213 1665 222 1681 ι
238 1657 248 1690 )
271 1665 281 1681 ι
297 1656 342 1682 καὶ
362 1657 391 1682 ὲν
413 1657 495 1683 παντὶ
514 1656 590 1691 τόπῳ
605 1655 730 1691 θυμίαμα
753 1663 838 1690 προσ-

62 1701 145 1735 άγεται
161 1702 200 1738 τῷ
218 1702 331 1738 ὀνόματί
349 1711 417 1738 μου,
434 1703 482 1729 καὶ
502 1702 573 1738 μέγα
596 1702 626 1728 τὸ
638 1701 724 1737 ὄνομά
741 1710 792 1736 μου
808 1702 838 1728 ὲν

63 1749 109 1779 τθξ
120 1749 223 1776 Ἔθνεσι
233 1770 240 1781 ,
253 1749 328 1784 λέγει
340 1749 442 1785 Κύριος
456 1749 663 1785 παντοκράτωρ.
684 1757 694 1774 ι
711 1748 721 1784 (
732 1748 798 1784 Περὶ
808 1748 837 1775 δὲ

69 1793 186 1821 Ἰουδαίων
199 1795 303 1829 λέγει,)
320 1804 330 1820 ι
352 1795 445 1830 Ὑμεῖς
461 1794 489 1821 δὲ
504 1794 648 1830 βεδηλοῦτε
662 1795 737 1822 αὑτό.
754 1804 763 1820 ι
785 1796 837 1821 Δα-

65 1839 109 1872 θὶδ,
129 1849 138 1866 ι
155 1841 268 1877 Δῖτησαι
287 1843 353 1877 παρ’
368 1841 451 1876 ἐμοῦ,
470 1841 518 1868 καὶ
533 1841 610 1868 δώσω
638 1849 678 1867 σοι
707 1840 771 1876 ἔθνη
786 1841 837 1875 τὴν

65 1885 228 1922 κληρονομίαν
242 1896 301 1921 σου,
315 1888 362 1914 καὶ
375 1887 426 1923 τὴν
440 1887 607 1922 κατάσχεσιν
620 1895 668 1914 σου
682 1886 717 1914 τὰ
728 1887 837 1923 πέρατα

65 1931 106 1966 τῆς
118 1932 175 1967 γῆς.
192 1943 200 1959 I
217 1934 339 1970 Μωῡσῆς
353 1934 421 1970 (28),
440 1943 450 1960 ‹
470 1934 571 1961 Ἐασὸν
592 1943 625 1970 με
637 1934 775 1969 ἐξαλεῖψαι
791 1933 838 1961 τὸν

66 1977 117 2005 λαὸν
128 1979 228 2012 τοῦτον,
248 1981 295 2008 καὶ
308 1980 386 2008 δώσω
409 1989 450 2008 σοι
469 1980 545 2012 ἔθνος
568 1980 654 2016 μέγα,
679 1981 726 2008 καὶ
750 1979 836 2013 πολὺ,

889 872 988 907 inquit,
1012 881 1025 898 γι
1036 872 1173 907 pessimos
1196 879 1246 907 pro
1264 871 1411 907 sepultura
1433 871 1494 906 ejus
1506 871 1539 898 ⁸⁸.
1553 879 1562 896 ι
1586 869 1683 900 Isaias,

890 928 901 945 ι
913 919 1075 947 Manifestus
1093 918 1183 947 factus
1202 927 1263 947 sum
1282 927 1336 946 nou
1354 917 1542 953 quarentibus
1561 924 1622 944 me:
1641 916 1684 943 in-

889 971 988 994 veotus
1018 974 1079 994 sum
1105 966 1140 994 ab
1165 966 1219 999 his,
1246 965 1293 1000 qui
1320 973 1364 993 me
1392 972 1447 992 non
1464 963 1683 998 interrogabant.

889 1011 978 1047 (Dixi,
1008 1011 1078 1040 Ecce
1103 1011 1201 1039 adsum
1228 1012 1314 1047 genti,
1340 1012 1386 1046 qui
1411 1019 1466 1038 non
1486 1010 1684 1037 invocaverunt

889 1066 988 1085 nomen
1012 1059 1119 1094 meum)
1131 1058 1164 1084 ".
1177 1068 1187 1084 ›
1207 1057 1302 1090 David.
1325 1058 1487 1086 «Alienatus
1515 1058 1605 1085 factus
1621 1065 1682 1085 sum

889 1103 1022 1131 fratribus
1043 1104 1124 1135 meis,
1140 1108 1169 1131 et
1185 1104 1285 1138 hospes
1304 1104 1367 1131 ﬁliis
1382 1104 1479 1131 matris
1495 1111 1562 1130 meae
1573 1103 1606 1130 “.
1619 1113 1627 1129 ι
1645 1103 1683 1130 De

890 1150 1018 1185 gentibus
1030 1149 1121 1177 autem
1135 1149 1184 1181 ait,
1204 1160 1213 1175 ι
1225 1149 1405 1177 Annuntiabo
1420 1157 1518 1177 nomen
1536 1154 1612 1176 tuum
1628 1149 1683 1175 l'ra-

889 1196 980 1224 tribus
993 1196 1073 1229 meis,
1100 1195 1128 1223 in
1146 1196 1236 1224 medio
1246 1196 1378 1223 Ecclesia:
1397 1195 1515 1224 laudabo
1531 1200 1560 1223 te
1570 1196 1604 1222 “.
1616 1205 1625 1221 ι
1647 1194 1684 1222 De

889 1242 1001 1275 Iudaeis,
1019 1242 1155 1278 cPropter
1173 1249 1223 1270 vos
1249 1242 1455 1277 blasphematur
1476 1249 1576 1269 nomen
1592 1249 1682 1269 meum

890 1297 998 1324 semper
1022 1290 1050 1317 in
1075 1289 1202 1325 gentibus
1212 1290 1268 1316 ⁷ο.»
1294 1288 1454 1320 Malachias,
1475 1288 1554 1316 «Non
1575 1292 1618 1316 est
1632 1297 1684 1314 vo-

891 1336 983 1364 luntas
994 1344 1054 1364 mea
1069 1336 1097 1363 in
1112 1336 1201 1368 vobis,
1215 1335 1283 1362 dicit
1295 1335 1427 1363 Dominus
1441 1336 1616 1371 omnipotens
1628 1335 1660 1361 ⁷³.
1670 1345 1679 1359 ι

891 1382 945 1418 (De
961 1382 1104 1410 Gentibus"
1118 1387 1221 1413 autem,
1239 1392 1248 1407 ‹
1266 1382 1336 1416 Quia
1352 1390 1367 1409 a
1382 1382 1450 1410 solis
1460 1387 1524 1409 ortu
1546 1389 1633 1416 usque.
1648 1381 1683 1408 ad

890 1436 1019 1456 occasum
1032 1428 1212 1456 clariﬁeatum
1226 1433 1269 1455 est
1285 1437 1383 1456 nomen
1402 1436 1492 1456 meum
1504 1429 1530 1455 in
1541 1428 1683 1464 gentibus,

891 1475 959 1502 dicit
970 1474 1101 1502 Dominus
1116 1475 1289 1509 omnipotens
1300 1480 1325 1509 τ)
1340 1479 1368 1501 et
1383 1475 1410 1502 in
1425 1474 1500 1501 omni
1518 1479 1578 1501 loco
1591 1474 1684 1501 incen-

892 1528 953 1549 sum
972 1520 1086 1548 odertur
1103 1520 1207 1547 nomini
1226 1527 1299 1552 meo,
1323 1524 1351 1547 et
1374 1526 1502 1556 magnum
1518 1523 1561 1546 est
1577 1518 1683 1545 bomen

892 1573 982 1594 meum
1003 1566 1030 1593 in
1051 1565 1196 1595 Gentibus.
1215 1564 1283 1592 dicit
1303 1564 1478 1599 omnipotens
1489 1565 1544 1590 ⁷³.»
1565 1563 1619 1599 (De
1632 1563 1683 1591 Ju-

891 1611 957 1640 daeis
966 1616 1056 1639 autem
1064 1611 1154 1644 dicit,)
1164 1620 1173 1636 ι
1183 1610 1239 1638 Vos
1248 1615 1339 1638 autem
1349 1609 1547 1638 contaminatis
1554 1609 1621 1636 illud
1632 1610 1662 1636 ¹³.
1669 1618 1682 1635 ι

891 1658 989 1690 David,
1008 1667 1017 1684 ι
1029 1657 1140 1685 Postula
1153 1665 1169 1684 ιι
1183 1664 1235 1689 me,
1260 1661 1288 1684 et
1302 1656 1374 1684 dabo
1393 1656 1443 1684 tibi
1458 1661 1552 1692 gentes
1566 1656 1684 1683 l-zercdi-

890 1709 973 1733 tatem
981 1708 1068 1736 tuam,
1075 1708 1102 1731 et
1109 1704 1310 1740 possessionem
1321 1707 1394 1730 tuam
1405 1702 1538 1730 terminos
1545 1702 1660 1730 lerrze“.
1668 1711 1679 1728 ι

892 1751 1011 1787 Moyses,
1029 1751 1115 1778 «Siue
1134 1758 1178 1779 me
1199 1750 1292 1778 delere
1309 1750 1439 1785 populum
1462 1749 1546 1781 hunc,
1567 1753 1594 1777 et
1610 1749 1682 1777 dabo

892 1797 940 1824 tibi
957 1800 1065 1832 gentem
1079 1799 1254 1831 magnam,et
1265 1796 1352 1822 multo
1366 1795 1453 1830 magis
1467 1802 1549 1829 quam
1560 1793 1618 1821 haec
1628 1794 1680 1820 ⁸³⁸.»

891 1843 978 1871 lsaias
1001 1843 1036 1870 de
1061 1841 1175 1874 ludatis,
1202 1841 1321 1868 «Audite
1345 1841 1459 1868 verbum
1484 1839 1604 1872 Domini,
1635 1839 1684 1866 ﬁlii

892 1889 1095 1922 Sodomorum;
1121 1888 1255 1916 attendite
1279 1887 1331 1923 legi
1357 1886 1403 1914 Dei
1429 1886 1548 1922 populus
1565 1885 1684 1914 Gomor-

891 1936 947 1964 rhze
960 1937 994 1963 ⁷⁸.
1006 1945 1015 1961 ›
1036 1935 1068 1962 Ει
1084 1943 1193 1967 rursus,
1211 1944 1220 1960 ι
1231 1934 1352 1962 Sabbata
1366 1938 1469 1965 vestra,
1485 1937 1513 1960 et
1526 1933 1683 1960 Iieomenias

891 1987 998 2010 vestras
1009 1981 1067 2009 odit
1078 1982 1168 2009 anima
1180 1988 1239 2008 mea
1253 1989 1261 2008 :
1278 1983 1341 2007 vota
1356 1983 1448 2007 vestra
1461 1986 1515 2006 non
1524 1979 1680 2007 exaudiam.

96 2067 114 2083 ⁸³
128 2067 193 2096 Psal.
208 2077 276 2100 xvu,
297 2069 392 2098 44-456.
429 2069 452 2085 “
467 2069 536 2097 Gen.
552 2076 602 2100 xu.
618 2069 646 2096 5.
681 2069 704 2085 ⁸³
723 2068 802 2096 Deut.
816 2077 832 2096 Χ

894 2090 901 2102 ,
920 2069 965 2097 20.
983 2069 1028 2096 21.
1068 2068 1091 2085 ’⁸
1104 2068 1157 2096 lsa.
1174 2076 1235 2100 ιιιι,
1254 2068 1281 2096 9.
1320 2068 1342 2084 ⁶⁷
1357 2068 1409 2096 lsa.
1423 2075 1487 2099 va.
1500 2067 1526 2095 1.
1564 2067 1588 2083 ⁴⁸
1607 2048 1680 2096 Psal.

67 2109 148 2133 uvni.
160 2104 185 2131 9.
223 2106 246 2122 ⁸⁸
262 2105 401 2134 Psal.xxl.
414 2105 460 2132 25.
498 2105 522 2120 ⁷⁸
537 2104 588 2132 lsa.
605 2111 653 2133 LII.
679 2105 706 2132 5.

68 2138 86 2153 “
99 2137 174 2167 Exod.
190 2148 275 2174 xxx",
288 2141 333 2168 10.
380 2141 405 2156 ⁷⁸
417 2140 470 2168 lsa.
484 2148 502 2173 ι,
521 2140 566 2167 10.
616 2140 637 2156 ⁷⁷
652 2139 719 2168 ibid.
735 2139 830 2168 15-16.

742 2105 765 2120 ’ί
780 2104 837 2132 Mal:

893 2125 896 2132 .
920 2113 940 2133 I.
957 2105 1001 2133 10.
1039 2105 1063 2120 ⁷¹
1085 2104 1151 2132 ibid.
1167 2104 1210 2132 11.
1250 2104 1273 2120 ⁷³
1289 2103 1356 2131 ibid.
1376 2103 1421 2131 12.
1459 2103 1483 2118 ⁷⁵
1499 2103 1574 2131 Psal.
1599 2111 1630 2135 ιι,
1652 2103 1680 2131 8.

96 2217 144 2252 (l7)
158 2217 183 2245 ln
199 2218 358 2254 recentiori
372 2217 468 2246 codice
484 2217 618 2245 Vaticano
638 2222 681 2246 est
710 2218 834 2254 δομηιιά-
851 2219 874 2247 1)
923 2218 981 2253 (25)
993 2217 1030 2245 De
1052 2217 1103 2254 hoc
1121 2217 1196 2246 Isaiae
1223 2217 1284 2245 loco
1303 2217 1365 2245 vide
1387 2225 1472 2253 supra
1498 2217 1526 2246 in
1553 2216 1632 2246 Notis
1646 2217 1682 2245 ad

69 2261 121 2283 των.
132 2254 215 2289 inepta
230 2255 323 2282 lectio.
344 2252 482 2289 Siphanus
509 2253 608 2289 legisse
629 2252 748 2283 videtur;
773 2252 835 2289 βλα-

70 2289 206 2323 στημάτων,
215 2290 296 2317 vertit
306 2288 379 2316 enim
387 2289 500 2316 stolones
509 2288 663 2325 etimailileoli
669 2297 678 2320 ;
687 2289 733 2316 sed
746 2289 838 2325 legen-

71 2324 128 2355 dum
140 2326 274 2361 δογμάτων
295 2325 370 2352 iuxta
389 2325 566 2352 vetustiorem
582 2324 745 2351 Vaticanum
764 2324 839 2354 codi-

70 2366 117 2387 Celll
121 2381 127 2387 .

99 2395 147 2431 (18)
162 2396 189 2423 1η
200 2395 350 2431 antiquiori
361 2395 504 2428 Vaticano,
515 2395 558 2430 μὲ.

99 2430 187 2465 (l9)-hi
198 2430 318 2458 Romana
338 2431 470 2462 editione.
487 2431 575 2457 πᾶσαι
587 2431 615 2466 αἱ
632 2430 726 2466 epulati.
742 2439 838 2466 quem-

72 2465 196 2493 admodum
207 2467 288 2494 etiam
310 2467 376 2502 legit
399 2466 526 2494 Justinus
552 2466 580 2492 in
595 2465 669 2493 Dial.
692 2465 755 2502 pag.
769 2466 837 2499 548,

72 2505 93 2526 et
106 2500 254 2526 Cvorianus.

71 2505 93 2526 et
106 2502 254 2529 Cvorianus.

100 2509 276 2572 (iiiiiiiaiiiﬁa
294 2536 364 2564 LXX
393 2536 512 2572 interpr.
528 2535 624 2572 editio,
650 2536 694 2572 ἐπ’
715 2536 839 2572 ἐσχάτων

73 2570 171 2606 ἡμερῶν.
186 2572 235 2600 Sed
249 2572 375 2600 Justinus
390 2573 417 2598 in
430 2571 502 2598 Dial.
516 2579 580 2607 cuni
589 2571 686 2607 Tryph.
697 2570 763 2607 pag.
774 2571 838 2603 547,

73 2612 115 2666 (ligo
125 2607 198 2670 1l‘i'abcet
210 2609 241 2671 τι(
247 2608 348 2644 μερῶν,
362 2615 452 2642 neque
462 2607 545 2633 etiam
560 2606 665 2635 Tertul.
680 2606 741 2635 adu.
754 2607 837 2635 Marc.

82 2648 111 2667 ID.
125 2649 156 2674 ιν,
170 2650 193 2670 c.
210 2648 252 2671 δι,

74 2709 87 2714 ην
101 2675 148 2714 (21)
160 2678 194 2705 lta
204 2678 330 2706 Justinus
337 2685 449 2714 (quoque
456 2677 538 2704 modo
548 2677 651 2714 relatus
663 2677 834 2714 legit,atque

101 2686 148 2710 ιιι)
160 2686 194 2705 na
204 2686 330 2706 Jttsllttus
359 2686 449 2713 uoqne
456 2686 538 2704 moue
548 2686 651 2705 retains
664 2686 739 2712 legit,
750 2686 834 2712 atque

75 2709 104 2736 ita
117 2711 201 2746 legisse
214 2713 322 2741 videtur
335 2686 534 2746 ‘i‘ertullianus;
550 2720 613 2739 nam
626 2712 708 2740 liabet
720 2712 766 2748 hic
777 2721 836 2748 pro-

75 2752 213 2783 ιιοεᾳυςηιηι,
225 2753 252 2777 et
262 2756 323 2776 mox
333 2748 494 2783 provocabo:
508 2748 555 2775 sed
567 2748 595 2775 in
603 2748 725 2776 editione
732 2746 833 2776 Roma—

76 2786 102 2806 na
115 2781 175 2819 cxx
185 2781 361 2819 lnterpretuin
376 2789 418 2812 est
432 2782 607 2819 παρώξυναν.

105 2817 199 2853 (3)1)1:
218 2817 266 2847 hac
280 2820 396 2848 lectione
412 2817 624 2848 vide'Nobilium
643 2819 669 2847 in
684 2818 773 2848 Notis.

888 2261 949 2285 cap.
965 2254 994 2285 ‘2.
1013 2261 1042 2282 n.
1055 2253 1081 2280 5.

922 2262 994 2324 at).
1111 2288 1293 2316 semicirculis
1313 2287 1494 2316 includuntur
1524 2290 1624 2324 desunt
1653 2289 1682 2316 in

889 2324 1037 2352 recentiori
1066 2323 1213 2356 Vaticano,
1247 2324 1296 2351 sed
1323 2324 1461 2352 habentur
1488 2323 1560 2358 apud
1581 2323 1682 2359 Sipha-

890 2367 966 2387 num.

928 2395 986 2429 (25)
997 2395 1025 2422 In
1039 2394 1170 2422 Vaticano
1186 2393 1248 2421 cod.
1264 2397 1307 2421 est
1319 2393 1408 2425 ἕονου,
1419 2393 1566 2421 manifesto
1577 2393 1683 2421 librarii

894 2438 997 2458 errore.
1021 2430 1112 2457 Editio
1140 2429 1273 2460 Romana,
1296 2433 1323 2456 et
1344 2429 1389 2456 alii
1413 2429 1517 2463 legunt,
1544 2429 1598 2456 ἰδοὺ
1625 2430 1683 2463 εἰμὶ

889 2465 972 2498 ἔθνει,
988 2470 1015 2493 et
1027 2465 1155 2493 Justinus
1177 2465 1204 2492 in
1216 2464 1328 2499 Dialogo
1342 2473 1402 2491 cum
1423 2464 1521 2500 Tryph.
1543 2472 1603 2500 pag.
1617 2464 1682 2496 242,

889 2501 947 2537 εἰμὶ
959 2501 1073 2537 εθιξσιν.

926 2536 983 2571 (26)
995 2536 1086 2563 Editio
1097 2535 1230 2571 Rolnana,
1244 2535 1422 2570 διηγήσομαι.
1445 2542 1562 2569 eamque
1587 2533 1684 2562 lectio-

890 2569 952 2600 nem
969 2569 1122 2606 Sequuntur
1131 2569 1358 2606 Tertullianus'et
1371 2570 1534 2606 Cyprianus.

927 2607 983 2642 (27)
999 2603 1065 2641 Quae
1079 2612 1133 2634 tam
1145 2607 1198 2638 hic,
1215 2613 1301 2642 quam)
1314 2603 1683 2642 infrasemicirculisjnclu-

890 2637 993 2670 duiitu'r
1003 2637 1107 2671 desunt
1117 2643 1145 2669 in
1156 2637 1305 2669 I‘CCCDUOI'i
1313 2641 1445 2669 Vaticano
1458 2644 1485 2667 et
1495 2639 1566 2674 apud
1583 2637 1682 2673 Sipha-

891 2686 968 2706 num.

923 2713 981 2747 (28)
1015 2713 1128 2742 Videtur
1166 2711 1308 2747 Nyssenus
1347 2710 1485 2747 respicere
1517 2709 1550 2736 ad
1590 2708 1681 2735 locum

889 2746 977 2813 Exigi.
1003 2757 1091 2784 xuii,
1119 2748 1163 2782 lo,
1192 2746 1309 2783 ejusque
1338 2746 1443 2775 referre
1474 2751 1598 2778 sensum,
1625 2751 1680 2771 non

891 2791 937 2813 ver
959 2792 983 2812 a.

891 2791 983 2813 ωιυὲ-
