1922 3078
229 87 280 116 εει

229 145 381 174 Lavamiui.
411 145 470 180 puri
495 149 594 173 estote.
620 145 717 173 Manus
742 150 841 174 vestra:
869 147 1056 182 inquinath

229 197 294 219 sunt
318 192 496 227 sanguine".
523 201 532 217 ι
552 191 584 218 Et
605 200 668 220 cttnt
694 193 736 219 lex
762 197 855 227 aperte
876 193 948 220 dicat
969 202 1022 220 non

229 241 360 272 oportere
388 236 487 264 festum
512 242 590 264 extra
607 237 806 273 Jerosolymam
831 246 863 265 ac
891 238 1022 273 templum

230 283 381 315 celebrare,
404 283 484 318 juxta
508 283 587 315 illud,
606 293 616 309 «
640 283 677 312 Te
693 284 772 312 decet
798 284 927 320 hymnus,
953 285 1024 313 Deus

233 331 261 358 in
279 331 346 358 Sion
361 335 408 365 ;et
421 332 470 358 tibi
486 332 616 359 reddetur
633 336 726 358 votum
744 332 772 358 iu
788 331 941 359 Jerusalem
953 332 976 348 ⁷⁸
990 341 997 366 ;
1011 341 1020 358 ι

233 377 415 405 nihilominus
435 378 567 413 scriptutn
592 381 644 407 est.
674 377 852 404 «Adorabunt
878 377 1022 405 Dominum

234 424 425 459 unusquisque
439 423 473 451 de
495 423 557 451 loco
576 432 626 451 suo
637 425 671 451 τ’.
685 433 694 449 ι
711 423 745 450 Ει
764 431 862 451 rursus
876 423 1022 460 Propheta,

234 477 243 494 «
255 469 379 504 Magnum
395 476 496 496 nomen
511 469 571 504 ejus
589 471 615 496 in
630 469 775 501 Gentibus.
792 473 820 497 et
835 470 862 497 in
877 471 951 497 onmi
964 470 1024 497 loco

232 515 374 543 incensum
387 515 502 543 offertur
513 517 617 544 nomini
635 517 707 551 ejus,
721 521 748 544 et
761 517 928 544 sacriﬁcittm
945 525 1024 544 mutt-

231 561 296 588 dum
310 581 318 588 .
338 571 347 588 ι
369 571 378 587 «
404 561 459 590 Vos
472 566 562 589 autem
577 563 721 590 interﬁciet
737 562 869 590 Dominus
881 583 888 595 ,
907 563 1025 590 servien-

231 606 306 635 tibus
335 611 426 634 autem
455 607 522 634 mihi
548 608 693 635 vocabitur
718 615 818 634 nomen
840 615 952 639 novum,
979 607 1024 634 cui

232 653 410 681 benedicetur
421 662 504 689 super
518 662 626 682 onmem
646 658 747 681 terram
758 654 793 680 ⁸⁰.
807 663 816 679 ι
835 654 866 680 At
884 654 950 689 quid
966 661 1025 680 ma-

231 700 274 735 gis
288 707 400 732 novum.
417 707 501 736 quam
517 708 617 728 nomen
631 700 874 728 Christianorum?
886 700 917 727 Et
927 699 1024 732 David,

234 756 243 771 ι
255 746 463 774 Annuntiabunt
475 747 612 781 justitiam
631 746 692 780 ejus
705 746 808 782 populo
822 747 868 781 qui
883 751 1023 778 nascetur,

231 799 312 827 quem
344 791 408 820 fecit
434 791 635 820 Dontiinuss'.»
662 792 730 819 Cum
750 797 842 820 autem
867 792 950 819 David
975 793 1023 824 ait,

233 838 326 867 «Deus
347 838 502 866 inhabitare
525 838 590 865 facit
615 839 696 866 unius
714 838 799 866 moris
823 838 850 865 in
872 838 955 866 domo
965 839 1021 870 ",p

231 892 334 912 tnorem
358 885 434 912 illum
457 884 604 919 significat,
627 892 681 919 quo
696 884 822 912 Mosaicae
846 885 899 920 legi
921 885 1024 913 addicti

231 935 384 957 ceterarum
423 930 545 965 gentium
586 931 726 958 consortia
758 931 890 958 vitabant.
926 931 1023 966 lsaias,

235 984 244 1000 «
255 975 413 1010 lmplebitur
423 976 511 1003 omnis
522 981 595 1004 terra
607 977 762 1012 cognitione
778 977 895 1007 Domini.
913 983 942 1005 ut
953 987 1024 1014 aqua

231 1023 316 1049 multa
331 1023 365 1049 ad
386 1023 566 1057 operiendum
591 1031 667 1050 mare
679 1024 728 1050 ⁸³.)
750 1024 846 1056 David,
871 1034 880 1050 «
893 1024 1024 1053 Memores

230 1072 322 1099 erunt.
343 1072 371 1095 et
385 1073 582 1096 convertentur
594 1069 626 1096 ad
645 1068 790 1097 Dominutn
804 1079 901 1099 omnes
914 1072 1024 1099 termini

231 1118 322 1146 terrae,
329 1118 356 1142 et
364 1115 519 1142 adorabunt
531 1123 623 1143 coram
632 1124 665 1144 eo
674 1124 770 1145 omnes
779 1118 873 1152 patriae
883 1117 1023 1150 Gentium.

231 1161 361 1195 quoniam
379 1161 486 1188 Domini
502 1165 544 1189 est
558 1169 684 1197 regnum,
705 1168 730 1190 et
753 1163 810 1198 ipse
824 1163 981 1191 dominatur
996 1164 1023 1191 in

231 1207 333 1234 Gentes
344 1207 394 1234 ⁸⁸.»
416 1206 493 1235 llattd
521 1207 641 1235 alienum
668 1213 758 1236 autetn
780 1210 862 1236 fuerit
889 1210 1024 1237 sciscitari

230 1254 313 1281 etiam
326 1261 340 1280 a
355 1253 467 1284 Judmis.
483 1262 544 1291 quae
555 1261 628 1281 nunc
643 1254 714 1282 forte
729 1255 771 1282 lex
784 1255 893 1290 vigeat;
906 1255 1024 1284 lllosaica

231 1307 276 1332 ne,
293 1306 355 1334 qua:
367 1299 512 1330 obsolevit.
529 1304 611 1334 atque
625 1300 782 1335 negligitur,
798 1305 940 1335 propterea
951 1300 1024 1336 quod

232 1352 282 1372 nec
300 1344 430 1379 templum
455 1352 530 1372 nunc
547 1345 594 1376 sit.
623 1353 673 1372 nec
696 1346 786 1378 locus.
813 1354 863 1374 nec
879 1347 1023 1382 propheta,

230 1391 277 1426 qui
299 1390 452 1418 futurorum
467 1391 608 1426 quidpiam
624 1392 809 1427 praenuntiet;
835 1400 886 1420 nec
901 1401 978 1426 arca.
996 1394 1024 1421 in

230 1444 284 1472 qua
306 1436 373 1472 legis
389 1437 487 1464 tabulae
510 1441 593 1472 atque
607 1437 759 1473 Decalogus
784 1439 977 1472 servabantur,
996 1440 1023 1466 in

230 1483 331 1518 quibus
359 1488 415 1511 tres
443 1483 504 1511 illas
529 1484 667 1512 solemnes
692 1484 866 1513 celebritates
893 1493 1023 1522 peragere

230 1530 386 1565 oportebat.
414 1535 442 1559 et
461 1538 517 1558 non
541 1531 616 1558 alibi.
635 1531 714 1564 ltem,
735 1531 823 1564 «Quia
849 1531 991 1560 auferetur
1007 1541 1022 1561 a

229 1567 331 1604 Judaeis
345 1584 458 1612 regnum
480 1576 537 1609 Dei,
553 1582 581 1604 et
595 1576 707 1604 dabitur
728 1578 802 1614 genti
826 1578 938 1606 facienti
964 1579 1022 1606 fru-

230 1627 293 1651 ctus
318 1623 379 1658 ejus
391 1623 441 1650 ⁵³.)
459 1622 521 1650 Haec
543 1627 634 1650 atttem
658 1631 712 1650 non
742 1625 795 1651 alia
818 1624 910 1658 fuerit,
939 1633 1022 1660 quam

229 1669 449 1697 Christianorum
461 1677 538 1704 gens,
549 1677 609 1704 quae
620 1669 682 1697 vitae
697 1670 766 1704 legis
776 1670 875 1698 divina:
890 1671 1023 1699 institutis

229 1723 360 1743 consonze
387 1713 495 1742 fructus
525 1715 648 1742 exhibet.
677 1715 770 1748 David,
804 1716 968 1745 «Confessio
997 1721 1024 1744 ct

230 1761 434 1795 magniﬁcentia
460 1767 530 1795 opus
550 1761 621 1794 ejus,
646 1765 673 1788 et
688 1761 796 1796 justilia
810 1762 871 1797 ejus
886 1768 978 1790 manet
995 1763 1023 1791 in

229 1809 361 1835 saeculum
391 1809 548 1836 smculi“.n
567 1809 719 1836 Conlitetur
749 1814 840 1837 autem
865 1810 940 1837 Patri
968 1819 1023 1838 non

230 1863 278 1883 sua
305 1856 393 1890 ipsius
419 1860 541 1890 peccata,
569 1856 616 1891 qui
639 1856 772 1884 innocens
789 1861 841 1889 est,
862 1857 908 1885 sed
928 1866 1022 1884 eorum

231 1900 352 1936 peccata,
380 1901 426 1935 qui
456 1901 482 1927 in
502 1901 590 1935 ipsum
610 1902 747 1929 credunt:
771 1909 833 1928 nam
862 1909 924 1928 cum
950 1903 1025 1929 dicat

230 1947 328 1980 David,
348 1956 357 1972 ι
370 1947 441 1974 Dixit
464 1947 595 1975 Dominus
612 1946 727 1975 Domino
745 1955 816 1977 meo.
838 1948 903 1976 sedc
920 1956 934 1975 a
960 1949 1025 1975 dex-

230 1994 282 2021 tris
297 1994 365 2021 meis
376 1994 411 2024 '7.
424 2003 433 2019 ι
452 1998 479 2021 et
501 1994 619 2028 reliqua.
640 1993 726 2021 Isaias
747 1995 850 2022 clarius
865 1995 913 2026 ait,
935 2005 943 2020 «
954 1994 1026 2021 Dicit

231 2040 362 2068 Dominus
379 2040 490 2068 Christo
511 2048 572 2067 meo
595 2040 666 2075 Cyro
678 2040 731 2067 ".1
749 2041 834 2068 Aiunt
859 2045 949 2069 autem
968 2042 1025 2068 haec

229 2087 263 2114 de
279 2087 350 2122 Cyro
363 2086 510 2114 Persarum
530 2094 593 2121 rege
607 2087 681 2113 dicta
699 2095 771 2118 esse,
787 2088 834 2115 scd
854 2088 970 2114 ridicula
983 2091 1026 2115 est

1039 825 1061 853 Β

871 87 899 115 S.
920 86 1086 115 GREGORII
1104 87 1253 118 NYSSENI

1819 89 1862 105 es.)
1869 90 1887 110 ις

1073 149 1173 181 μᾶλλον
1187 149 1294 176 τούτου.
1312 159 1321 176 ι
1340 141 1453 181 Ἡσαΐας
1464 150 1529 185 περ).
1550 150 1698 182 Ἰουδαὶιον,
1713 159 1723 175 ι
1746 150 1885 176 Ἀκούετε

1074 195 1152 230 λόγον
1176 196 1279 232 Κυρίου
1295 196 1349 222 υἱοὶ
1378 196 1503 231 Σοδόμων
1523 196 1591 231 (29)’
1616 196 1766 231 προσέχετε
1789 196 1885 230 νόμον

1074 241 1159 273 Θεοῦ,
1179 241 1243 274 λοιδς
1258 242 1412 278 Γομόρρας.
1438 251 1447 267 ι
1464 243 1520 269 Καὶ
1541 243 1635 273 πάλιν,
1659 252 1667 268 «
1687 242 1728 268 Τὰ
1745 242 1885 268 Σάϐϐατα

1075 289 1161 324 ὑμῶν,
1179 290 1225 316 καὶ
1242 289 1292 320 τὰς
1309 289 1454 324 νεομηνίας
1471 290 1572 324 μισεῖὴ
1587 288 1660 324 ψυχή
1680 296 1743 323 μου¹
1762 288 1885 318 καὶτὰς

1075 334 1156 368 εὐχὰς
1171 334 1248 369 ὑμῶν
1265 335 1296 360 οὐ
1317 333 1499 370 προσδέξομαι
1511 343 1517 349 ⁸
1538 334 1683 365 λούσασθε,
1698 333 1815 369 καθαροὶ
1830 332 1885 366 γί-

1075 379 1163 406 νεσθε²
1178 380 1206 406 αἱ
1223 381 1312 416 χεῖρες
1327 379 1405 415 ὑμῶν
1425 379 1631 415 μεμολυσμέναι
1652 379 1760 414 αἵματι.
1789 388 1798 403 ›
1818 377 1886 404 Καὶ

1074 426 1174 453 ὃτιτοῦ
1196 427 1279 462 νόμου
1303 426 1397 461 σαφῶς
1416 426 1619 462 διαγορεύοντος
1636 426 1666 452 τὸ
1689 426 1727 461 μὴ
1748 425 1803 450 δεῖν
1821 424 1884 456 ἔξω

1081 473 1259 508 Ἰερουσαλὴμ
1273 474 1321 499 καὶ
1338 473 1385 499 τοῦ
1409 473 1474 499 ναοῦ
1494 472 1633 508 ἑορτάζειν
1649 472 1720 499 κατὰ
1736 472 1777 502 τὸ,
1801 479 1811 495 «
1829 469 1884 496 Σοὶ

1075 519 1175 555 πρέπει
1192 519 1276 553 ὕμνος
1286 539 1293 551 ,
1308 519 1323 546 ὁ
1335 519 1411 551 Θεὸς,
1426 520 1455 545 ἐν
1469 519 1548 545 Σιών·
1560 519 1606 545 καὶ
1620 518 1661 544 σοὶ
1673 517 1883 552 ἀποδοθήσεται

1075 566 1140 600 εὐχὴ
1155 565 1184 591 ὲν
1203 565 1390 601 Ἰερουσαλὴμ,
1409 575 1417 591 ι
1433 565 1599 600 γέγραπται,
1616 574 1625 589 ε
1642 566 1703 591 ’Ὁτι
1718 564 1882 599 προσκυνή-

1076 620 1150 638 σουσι
1164 611 1203 646 τῷ
1216 611 1311 646 Κυρίῳ
1326 612 1357 637 ὲκ
1371 611 1418 637 τοῦ
1435 611 1518 638 τόπου
1541 611 1625 638 αὑτοῦ
1640 611 1756 642 ἕκαστος
1774 610 1844 645 (50),
1867 620 1878 635 ι

1075 659 1130 685 Καὶ
1145 659 1225 685 πάλιν
1243 659 1257 684 ὁ
1272 659 1430 694 Προφήτης,
1454 671 1462 683 «
1483 658 1562 692 Μέγα
1585 657 1615 684 τὸ
1637 658 1724 693 ὄνομα
1744 656 1829 683 αὐτοῦ
1847 657 1882 683 ἐν

1074 705 1132 735 τοῖς
1149 696 1270 734 Ἐθνεσι,
1283 703 1331 730 καὶ
1345 704 1373 729 ἐν
1391 703 1473 729 παντὶ
1485 703 1559 738 τόπῳ
1578 703 1706 738 θυμίαμα
1718 702 1881 737 προσφέρε-

1074 757 1119 775 ται
1131 749 1170 784 τῷ
1184 749 1296 784 ὀνόματι
1312 747 1405 779 αὐτοῦ,
1425 748 1474 775 καὶ
1491 747 1571 775 θυσία
1585 748 1703 783 καθαρά.
1727 757 1736 773 ι
1753 757 1763 772 «
1785 747 1881 782 Ὑμεῖς

1074 794 1103 821 δὲ
1118 795 1207 821 ἀνελεῖ
1224 793 1336 830 Κύριος
1355 795 1411 826 τοῖς
1430 794 1459 820 δὲ
1480 794 1635 820 δουλεύουσί
1661 803 1707 829 μοι
1736 793 1880 828 κληθήσε·

1076 849 1120 867 ται
1138 840 1224 876 ὄνομα
1241 840 1344 871 καινὸν,
1367 840 1381 866 ὃ
1402 840 1616 876 εὐλογηθήσεται
1642 841 1689 867 ἐπὶ
1709 841 1803 875 πάσης
1820 840 1878 874 τῆς

1075 888 1138 923 γῆς.
1156 899 1165 914 ι
1186 888 1218 914 Τί
1232 887 1261 915 δὲ
1275 887 1431 923 καινότερον
1450 888 1497 914 τοῦ
1512 887 1567 914 τῶν
1582 887 1755 923 Χριστιανῶν
1772 887 1879 922 ὀνόμα-

1075 943 1138 967 τος;
1156 934 1211 961 Καὶ
1234 935 1248 960 ὁ
1265 934 1346 960 Δαϐὶδ
1358 954 1365 965 ,
1382 943 1391 960 (
1418 934 1610 968 ’Λναγγελοῦσι
1628 934 1678 969 τὴν
1694 934 1878 969 δικαιοσύνην

1076 981 1157 1008 αὐτοῦ
1171 981 1228 1016 λαῷ
1238 981 1277 1017 τῷ
1287 981 1489 1017 τεχθησομένῳ,
1506 981 1535 1007 ὃν
1550 981 1678 1017 ἐποίησεν
1692 982 1706 1007 ὁ
1724 981 1840 1016 Κύριος.
1864 990 1874 1006 ι

1076 1028 1131 1055 Καὶ
1145 1029 1184 1055 ὅτι
1204 1029 1252 1064 μὲν
1265 1028 1296 1054 τὸ
1319 1029 1404 1055 εἰπεῖν
1420 1028 1465 1054 τὸν
1484 1027 1565 1054 Δαϐὶδ
1575 1027 1615 1059 τὸ,
1633 1037 1642 1053 ι
1668 1027 1697 1054 Ὁ
1714 1026 1786 1059 Θεὸς
1803 1036 1876 1054 κατ-

1075 1073 1172 1106 οικίζει
1189 1074 1370 1110 μονοτρόπους
1385 1074 1415 1100 ὲν
1441 1073 1519 1108 οἴκῳ,
1535 1083 1544 1098 ι
1563 1073 1691 1108 σημαίνει
1704 1073 1736 1100 τὸ
1750 1073 1820 1108 πρὸς
1839 1073 1877 1099 τὰ

1078 1119 1162 1155 Ἔονη
1176 1120 1207 1146 τὸ
1221 1119 1275 1147 τῶν
1288 1119 1341 1146 ὑπὸ
1354 1119 1435 1154 νόμον
1455 1120 1581 1154 ἄμικτον.
1590 1119 1714 1152 Ίίσαῖας,
1726 1129 1735 1144 «
1754 1119 1876 1154 Πληρω-

1076 1167 1188 1201 θήσεται
1203 1167 1277 1192 πᾶσα
1293 1167 1310 1200 ἡ
1323 1167 1358 1201 γῆ
1373 1165 1420 1192 τοῦ
1436 1165 1538 1199 γνῶναι
1553 1165 1599 1192 τὸν
1617 1165 1730 1200 Κύριον,
1745 1164 1784 1196 ὡς
1797 1164 1876 1200 ὕδωρ

1075 1212 1144 1240 πολὺ
1160 1212 1354 1247 κατακαλῦψαι
1364 1212 1420 1247 (51)
1438 1211 1584 1238 Θάλασσαν.
1604 1221 1614 1237 ι
1638 1211 1721 1238 Δαὸὶδ
1734 1232 1741 1244 ,
1762 1221 1772 1236 «
1794 1211 1876 1246 Μνη-

1077 1257 1220 1294 σθήσονται
1238 1257 1286 1284 καὶ
1305 1258 1553 1294 ὲπιστραφήσονται
1574 1256 1643 1292 πρὸς
1664 1256 1767 1292 Κύριον
1783 1257 1875 1282 πάντα

1075 1303 1110 1330 τὰ
1135 1305 1241 1339 πέρατα
1262 1303 1312 1338 τῆς
1332 1303 1403 1338 γῆς,
1426 1303 1473 1330 καὶ
1493 1304 1729 1339 προσκυνήσουσιν
1752 1303 1874 1328 ἐνώπιον

1075 1349 1157 1377 αὐτοῦ
1173 1350 1259 1376 πᾶσαι
1270 1351 1298 1376 αἱ
1313 1349 1428 1384 πατριαὶ
1449 1348 1504 1375 τῶν
1519 1348 1618 1382 ἐθνῶν,
1637 1349 1678 1375 ὃτι
1698 1348 1745 1375 τοῦ
1764 1349 1874 1384 Κυρέου

1075 1397 1092 1431 ή
1111 1396 1249 1431 βασιλεία,
1262 1396 1309 1422 καὶ
1319 1395 1399 1428 αὐτὸς
1410 1395 1534 1428 δεσπόζει
1563 1396 1617 1422 τῶν
1631 1395 1725 1422 ἐθνῶν.
1741 1405 1750 1420 ι
1778 1395 1873 1422 Καλὸν

1075 1442 1104 1468 δὲ
1117 1442 1165 1468 καὶ
1179 1441 1210 1468 τὸ
1222 1440 1353 1468 πυθέσθαι
1363 1440 1417 1467 τῶν
1434 1440 1577 1472 Ἰουδαίων,
1589 1440 1634 1472 τις
1646 1441 1660 1467 ό
1679 1440 1791 1476 κρατῶν
1810 1441 1873 1466 ἐστι

1076 1488 1123 1515 νῦν
1134 1488 1186 1524 ἄρα
1203 1488 1271 1523 (52).
1290 1488 1403 1523 πότερον
1416 1488 1430 1514 ὁ
1448 1487 1595 1519 Μωσαῐκὺς
1611 1487 1692 1523 νόμος
1703 1508 1711 1519 .
1731 1485 1762 1514 οὗ
1780 1489 1873 1523 παρά-

1075 1535 1154 1566 ϐασίς
1164 1535 1222 1561 ἐστι
1237 1533 1295 1566 νῦν,
1310 1534 1358 1560 καὶ
1370 1533 1401 1559 οὐ
1412 1533 1538 1568 τήρησις,
1549 1532 1593 1558 διὰ
1609 1532 1639 1558 τὸ
1656 1532 1723 1567 μηδὲ
1735 1532 1782 1558 τὸν
1793 1532 1871 1564 ναὸν,

1075 1582 1092 1617 ἦ
1107 1581 1152 1608 τὸν
1167 1581 1249 1607 τόπον
1268 1577 1338 1606 εἶναι
1349 1599 1357 1612 ,
1375 1579 1391 1613 ἦ
1406 1579 1548 1614 προφήτην
1563 1578 1755 1614 προμηνύοντὰ
1771 1587 1798 1604 τι
1815 1578 1873 1604 τῶν

1077 1626 1239 1662 μελλόντων,
1253 1626 1269 1661 ἢ
1286 1625 1335 1661 τὴν
1351 1625 1475 1654 κιϐωτὸν.
1490 1626 1519 1651 ὲν
1562 1625 1591 1650 αἱ
1605 1624 1719 1656 πλάκες,
1734 1625 1783 1651 καὶ
1798 1625 1814 1660 ἠ
1828 1626 1874 1651 Δε-

1076 1673 1201 1708 κάλογος,
1219 1673 1247 1698 ἐν
1259 1670 1300 1704 οἷς
1316 1671 1370 1698 ἔδει
1387 1672 1442 1706 (55)
1462 1671 1511 1703 τὰς
1530 1672 1604 1707 τρεῖς
1619 1671 1716 1707 ἑορτὰς
1733 1671 1870 1706 πληροῦν,

1077 1720 1124 1746 καὶ
1145 1719 1195 1746 οὐκ
1215 1717 1341 1753 ἀλλαχοῦ.
1367 1718 1431 1748 Κα“ι;
1458 1728 1467 1743 ί
1484 1718 1546 1744 ’Ότι
1564 1717 1713 1752 ἀρθήσεται
1734 1717 1791 1744 ἀπὸ
1815 1717 1872 1744 τῶν

1083 1765 1216 1793 Ἰουδαίων
1231 1766 1247 1800 ἡ
1269 1764 1390 1800 βασιλεία
1409 1763 1455 1790 τοῦ
1470 1764 1548 1797 Θεοῦ,
1563 1763 1611 1790 καὶ
1629 1763 1772 1798 δοθήσεται
1796 1762 1870 1789 ἔθνει

1076 1812 1197 1838 ποιοῦντι
1208 1811 1271 1842 τοὺς
1285 1811 1409 1845 καρποὺς
1430 1809 1524 1844 αὐτῆς.
1546 1819 1554 1834 ι
1580 1808 1666 1835 Τοῦτο
1680 1808 1702 1834 δ’
1724 1809 1758 1835 ἂν
1777 1808 1822 1844 εἴη
1842 1808 1872 1834 τὸ

1076 1856 1247 1893 Χριστιανῶν
1272 1856 1357 1887 ἔθνος,
1378 1857 1441 1887 τοὺς
1463 1856 1651 1891 προσήκοντας
1671 1856 1797 1891 καρποὺς
1818 1855 1871 1890 τῆς

1076 1905 1146 1931 κατὰ
1161 1903 1227 1930 Θεὸν
1249 1902 1384 1934 πολιτείας
1414 1901 1643 1936 ἐπιδεικνύμενον.
1658 1901 1756 1932 Δαϐὶδ,
1777 1910 1787 1926 ι
1809 1901 1871 1932 Ἐξ-

1074 1950 1238 1986 ομολόγησις
1253 1949 1300 1975 καὶ
1316 1948 1536 1983 μεγαλοπρέπεια
1550 1948 1578 1974 τὸ
1593 1947 1673 1983 ἔργον
1688 1946 1782 1978 αὑτοῦ,
1792 1947 1840 1973 καὶ
1854 1947 1870 1981 ὴ

1074 1996 1233 2030 δικαιοσύνη
1252 1995 1334 2022 αὑτοῦ
1358 1995 1432 2030 μένει
1449 1997 1488 2027 εἰς
1504 1995 1549 2021 τὸν
1564 1995 1650 2021 αἰῶνα
1664 1994 1711 2020 τοῦ
1731 1993 1841 2025 αἰῶνος.
1859 2003 1868 2018 ι

1081 2042 1297 2078 Ἐξομολογεῖται
1310 2043 1338 2069 δὲ
1350 2042 1389 2078 τῷ
1402 2043 1499 2077 Πατρὶ,
1511 2043 1540 2068 οὐ
1555 2042 1602 2073 τὰς
1617 2041 1713 2068 ἑαυτοῦ
1729 2041 1871 2076 ἁμαρτίας

1074 2088 1089 2114 ὁ
1103 2089 1229 2123 ἄμωμος,
1243 2088 1311 2115 ἀλλὰ
1329 2089 1378 2120 τὰς
1393 2088 1447 2114 τῶν
1465 2089 1508 2115 ἐπ’
1528 2088 1601 2123 αὐτῷ
1618 2088 1813 2114 πιστευόντων·
1828 2087 1870 2113 δτι

231 2132 420 2166 hujuscemodi
443 2132 547 2167 opinio.
563 2132 706 2166 Quomodo
722 2133 795 2160 enim
822 2134 927 2168 reliqua
952 2133 1022 2167 Cyro

1079 2134 1122 2160 τοῦ
1137 2134 1219 2160 Δαΰὶδ
1232 2135 1365 2166 εἰπόντος,
1379 2144 1388 2160 «
1405 2133 1488 2161 Εἶπεν
1500 2135 1513 2160 ὁ
1526 2134 1627 2169 Κύριος
1638 2134 1676 2169 τῷ
1691 2133 1789 2169 Κυρίῳ
1805 2141 1868 2168 μου·

229 2179 420 2206 conveniunt?
450 2179 643 2213 «Appreltendi
667 2179 807 2207 dexteram
835 2183 929 2213 tuam;
954 2180 1020 2208 obe-

229 2224 307 2251 dient
331 2228 394 2251 ante
421 2223 517 2252 faciem
543 2225 603 2259 ejus
629 2229 745 2260 gentes;
774 2230 802 2253 et
832 2226 1020 2253 fortitudinem

231 2278 325 2305 regum
342 2270 530 2305 disrumpam;
548 2271 669 2305 aperiam
694 2275 757 2298 ante
773 2279 835 2299 eum
857 2272 969 2306 januas.
994 2276 1021 2299 et

230 2316 355 2343 civitates
378 2324 431 2342 non
449 2315 624 2343 claudentur.
651 2318 721 2344 Ante
743 2321 769 2344 te
792 2318 848 2349 ibo,
873 2323 900 2345 et
915 2321 1020 2345 montes

488 2397 505 2416 ο

264 2398 298 2414 ⁷⁷·
314 2397 384 2424 Psal.
395 2390 471 2428 ἰ,ιιιι’,
488 2397 515 2424 2.

549 2398 572 2413 '“‘
587 2398 670 2431 Soph.
687 2406 715 2430 ιι,
733 2399 776 2425 Η.
807 2399 828 2415 ⁷⁴²
848 2399 962 2426 Malach.
982 2399 1056 2429 1.“.

229 2433 353 2464 vau.7.
384 2433 552 2463 “lsa.x1.9.
589 2433 862 2466 “Psal.xxt,28,‘29.
896 2435 919 2450 "
935 2434 1147 2466 Matth.xxt,t5.
1180 2434 1377 2465 “Psal.cx,5.

266 2509 360 2546 (“2min
374 2509 494 2536 editione
506 2508 639 2539 Romana.
653 2515 679 2536 et
694 2511 764 2544 apud
778 2511 847 2536 alios
860 2515 902 2537 est
923 2511 1016 2546 ἄρχον-

228 2555 272 2576 τες
288 2545 421 2579 Σοδόμων,
440 2548 500 2579 post
526 2553 586 2578 qtae
601 2546 682 2572 verba
695 2547 780 2572 codex
794 2546 905 2580 Sipliani
923 2545 948 2573 et
963 2546 1015 2574 Va-

229 2586 337 2607 ticanus
353 2580 489 2607 recentior
501 2580 604 2607 addunt
616 2580 672 2607 καί,
695 2580 841 2615 Sequentia
870 2589 934 2608 vero
953 2590 1017 2617 pro-

229 2617 316 2651 pin-tae
332 2616 413 2651 verba
429 2616 455 2642 in
467 2616 602 2651 epitonten
618 2616 880 2651 redegitNysscnus.

265 2651 320 2685 (30,
339 2650 366 2676 Ιιι
381 2651 524 2677 vetustiori
546 2649 780 2683 Vaticano’dees’t,
810 2651 940 2682 ἕκαστος’
970 2651 1018 2679 setl

230 2687 380 2712 habt-batur
392 2685 418 2712 in
433 2685 543 2721 Siphani
553 2686 657 2717 codice,
669 2690 693 2712 et
709 2687 734 2712 in
748 2686 866 2713 editione
885 2687 1019 2713 ﬂuuiana.

230 2722 364 2748 linsebius
392 2721 465 2748 Dem.
486 2721 586 2755 Erailg.
610 2722 696 2756 libat.
715 2731 739 2748 c.
758 2722 790 2751 6.
812 2729 872 2756 pag.
893 2722 936 2752 19.
955 2722 1019 2749 ἕκα-

229 2764 290 2787 στος
310 2758 342 2783 ὲκ
361 2757 407 2783 τοῦ
428 2757 511 2783 τόπου
534 2756 633 2783 αὐτῶν.
661 2755 729 2784 Vide
749 2755 873 2784 eumdem
897 2757 944 2785 lib.
969 2766 1017 2789 tu,

227 2799 289 2825 cap.
308 2793 337 2822 2.
351 2800 426 2819 num.
440 2793 480 2819 lt}.

263 2827 319 2862 (5|)
335 2828 424 2855 Codex
443 2828 581 2855 recertior
609 2826 765 2860 Vaticanus,
783 2827 912 2862 καλῦψαι.

1076 2179 1167 2207 Κάθου
1178 2181 1210 2206 ἐκ
1223 2180 1317 2214 δεξιῶν
1335 2189 1386 2216 μου
1399 2200 1406 2212 ,
1428 2190 1437 2206 ι
1453 2181 1501 2208 καὶ
1518 2181 1553 2207 τὰ
1572 2179 1662 2209 λοιπὰ.
1689 2180 1805 2211 Ἡσαΐας
1821 2188 1869 2206 σα-

1076 2226 1206 2262 φέστερον
1220 2226 1305 2261 λέγει,
1327 2236 1335 2252 «
1354 2227 1433 2260 Λέγει
1455 2227 1469 2252 ὁ
1494 2226 1595 2262 Κύριος
1619 2225 1658 2261 τῷ
1681 2225 1794 2262 Χριστῷ
1817 2235 1868 2261 μου

1075 2272 1159 2308 Κύρῳ
1171 2273 1239 2308 (54).
1256 2282 1265 2298 ›
1284 2273 1401 2306 Λέγουσι
1413 2273 1442 2299 δὲ
1456 2274 1496 2304 εἰς
1511 2273 1601 2308 Κύρον
1614 2272 1659 2299 τὸν
1674 2272 1784 2308 Πέρσην
1792 2272 1869 2308 εἰρῆ-

1075 2318 1137 2345 σοαι
1154 2319 1251 2346 ταῦτα.
1268 2319 1374 2346 Γελοῖον
1387 2319 1432 2346 δέ’
1458 2319 1508 2346 ποῦ
1525 2319 1579 2354 γὰρ
1593 2319 1710 2355 ἁρμόζει
1733 2319 1821 2355 Κύρῳ
1835 2319 1868 2346 τὰ

1462 2399 1483 2414 ⁸¹
1502 2399 1572 2426 Psal.
1590 2407 1646 2432 ut,
1672 2398 1717 2426 52.
1756 2398 1781 2414 ⁸¹
1792 2397 1864 2425 Psal.

1462 2434 1525 2461 Fsal.
1535 2443 1590 2461 clx.
1604 2434 1628 2461 1.
1666 2435 1690 2449 ⁸⁸
1700 2433 1753 2461 lsa.
1767 2442 1830 2461 λιν.
1841 2435 1864 2461 l.

1711 2442 1753 2463 sa.
1767 2442 1830 2466 λιν,
1841 2442 1866 2462 1η

1114 2398 1138 2413 ⁸⁸
1153 2398 1203 2425 lsa.
1220 2407 1283 2429 ων,
1313 2399 1356 2426 lii.
1378 2399 1419 2426 l6.
1462 2399 1483 2414 ⁸¹
1502 2399 1572 2426 Psal.
1590 2407 1613 2426 x1

1114 2435 1147 2461 ὤ.
1180 2434 1203 2449 ⁸⁸
1215 2434 1285 2461 Psal.
1298 2435 1377 2461 cx.5.
1417 2435 1438 2450 ³⁷
1454 2434 1525 2461 Psal.
1535 2434 1613 2461 «;tx.l

1476 2443 1525 2461 sat.
1535 2443 1590 2465 CIX,
1604 2443 1628 2461 Ι.

1106 2511 1162 2546 (5'2)
1177 2510 1205 2537 In
1230 2512 1376 2539 recentiori
1400 2511 1532 2539 Vaticano
1554 2517 1604 2545 est.
1627 2521 1690 2545 τους
1712 2513 1865 2545 Ἰουδαίους,

1071 2546 1114 2584 τίς
1130 2547 1143 2572 ὁ
1159 2547 1268 2584 ξρατῶν
1286 2548 1358 2573 ἐστιν
1380 2548 1445 2583 ἄρα,
1459 2553 1541 2583 atque
1555 2549 1690 2584 haetiam
1710 2549 1812 2584 legisse
1830 2551 1867 2575 vi-

1071 2582 1152 2607 detur
1163 2581 1317 2617 Sipltanus;
1330 2581 1412 2610 vertit
1428 2581 1511 2616 enini,
1533 2583 1603 2616 Quid
1619 2592 1688 2611 nunc
1705 2581 1788 2620 igitur
1800 2584 1867 2610 obti-

1073 2622 1125 2643 net.

1109 2651 1246 2689 (33)»llazrc
1263 2653 1344 2680 verba
1359 2653 1549 2688 snbjungenda
1575 2662 1636 2681 esse
1657 2654 1785 2682 videntur
1807 2659 1865 2689 post

1073 2687 1254 2729 wincedentiu
1270 2689 1325 2721 illa,
1340 2689 1383 2716 διὰ
1399 2689 1431 2715 τὸ
1452 2687 1519 2724 μηδὲ
1533 2690 1579 2716 τὴν
1600 2690 1672 2723 ναὸν,
1688 2691 1705 2725 ἦ
1723 2691 1769 2717 τὸν
1785 2687 1864 2717 τόπον

1073 2730 1153 2748 ειναι.

1110 2758 1166 2796 ῷά)
1194 2757 1272 2796 Illinc
1288 2757 1370 2796 lania.-
1397 2759 1486 2786 locum
1518 2760 1724 2796 intelligemlutn
1749 2768 1813 2789 esse
1832 2761 1864 2787 de

1072 2791 1183 2829 Qitt'isto
1199 2792 1386 2829 Tertullianus
1398 2803 1506 2829 quoque
1529 2796 1588 2823 adv.
1606 2791 1724 2823 'Juda'os
1740 2804 1768 2824 c.
1797 2797 1823 2829 7,
1839 2800 1864 2822 et

1072 2827 1226 2863 Cyprianus
1240 2828 1305 2856 lib.t
1320 2827 1440 2863 Testini..
1454 2827 1514 2864 éap.
1527 2831 1571 2864 2|,
1584 2835 1739 2861 autumant.
1754 2827 1861 2861 nomen.
