1922 3078
631 98 675 126 DE
694 97 930 126 PROFESSIONE
950 99 1166 127 CllRlSTIANA.

703 323 909 381 PARS
961 325 1089 381 Ill.

1663 103 1717 129 258

190 531 671 591 Αεαιττιαιι
709 535 833 591 ET
881 537 888 592 1

916 535 1596 599 IISGELLANEA.

508 731 547 769 κ(
566 746 680 789 ΤΟΥ
710 746 905 818 ,ΑΥΤΟΥ
942 747 1252 792 ΓΡΗΓΟΡΙΟΥ

804 851 896 877 ΠΕΡΙ
915 852 957 877 T0
964 851 986 877 Υ

74 960 150 1018 TI
184 960 290 1019 ΤΟ
325 959 784 1017 ΧΡΙΣΤΙΑΝΩΝ
820 960 1104 1019 ΟΝΟΜΑ
1142 963 1198 1018 Η
1236 961 1708 1023 ΕΠΑΓΓΕΛΜΑ

747 1091 835 1117 ΠΡΟΣ
852 1091 1040 1118 APMUNION.

867 1218 901 1225 -α

563 1327 831 1373 E-JUSDEM
873 1328 919 1373 S.
956 1323 1246 1374 GREGORII

675 1448 736 1478 AD
774 1447 1088 1480 HARMONIUM

149 1552 310 1613 QUID
350 1550 577 1603 NOMEN
616 1550 1057 1605 PROFESSIOVE
1101 1550 1634 1606 CHRISTIANOBUM

727 1685 826 1724 SIBI
853 1683 1023 1725 VELIT.

697 1808 830 1833 Laurentio
842 1810 925 1834 Sil'auo
938 1812 1083 1838 iutcmrcle.

106 2017 200 2051 Ὅπερ
218 2014 325 2041 ποιοῦσι
342 2014 408 2049 πρὸς
428 2014 490 2046 τοὺς
506 2010 673 2050 κρατοῦντας
687 2015 711 2041 οἱ
727 2016 782 2046 τοῖς
796 2015 865 2049 ἡμε-
879 2010 888 2034 Α

951 2014 1029 2047 Quon
1044 2013 1115 2048 apud
1131 2013 1307 2048 magistratus
1319 2018 1346 2041 cl
1362 2021 1409 2041 eos
1422 2014 1467 2049 qui
1485 2023 1576 2042 rerum
1593 2016 1704 2051 potiun-

76 2063 156 2097 ρινοῖς
177 2060 353 2096 ὑποκείμενοι
370 2060 462 2096 φόροις
475 2080 482 2092 ,
502 2061 526 2086 ει
543 2059 673 2086 πλειόνων
693 2059 805 2095 ἡμερῶν
819 2060 862 2086 ὲλ-

74 2107 198 2142 λειφθείη
213 2107 244 2134 τὸ
259 2106 349 2142 χρέος,
369 2105 475 2141 ἁθρόως
487 2105 542 2132 τῶν
555 2104 625 2131 κατὰ
643 2104 725 2140 μέρος
739 2104 865 2140 ὀφλημά-

73 2161 125 2178 των
140 2150 335 2182 ἀποτιννύντες
355 2151 384 2177 ὲν
403 2149 542 2184 κεφαλαίῳ
559 2148 589 2175 τὸ
604 2148 715 2183 ὄφλημα
725 2168 732 2181 ,
750 2149 777 2175 εἴ
792 2157 865 2181 τινος

75 2198 230 2232 ἐπιτύχοιεν
249 2196 397 2231 εὐπορίας,
414 2195 494 2221 τοῦτο
517 2196 623 2230 ποιήσω
644 2194 692 2220 καὶ
713 2194 794 2226 αὐτὸς
818 2194 865 2220 ἐπὶ

74 2243 122 2278 τῆς
142 2241 309 2278 σεμνότητός
327 2249 384 2267 σου,
398 2239 551 2275 Χρεωστῶν
571 2239 626 2274 γάρ
641 2247 681 2265 σοι
694 2239 725 2265 τὸ
741 2238 863 2274 συνεχῶς

75 2289 241 2316 ἐπιστέλλειν
252 2288 329 2323 (διότι
341 2288 396 2319 τοῖς
411 2287 583 2322 Χριστιανοῖς
597 2287 613 2322 ἡ
624 2286 772 2320 ἐπαγγελία
784 2285 864 2321 χρέος

75 2335 131 2361 ἐστὶ
140 2334 161 2370 ),
181 2334 233 2369 τὴν
248 2334 277 2360 ἐν
293 2333 333 2369 τῷ
347 2333 508 2368 παρελθόντι
525 2333 612 2368 χρόνῳ
624 2332 678 2358 τῶν
691 2332 864 2367 γραμμάτων

75 2380 203 2415 ἔλλειψιν,
218 2379 251 2414 ἢν
265 2378 397 2411 ἀκουσίως
417 2378 581 2414 πεποίημαι,
600 2377 646 2404 νῦν
666 2377 864 2413 ἀποπληρῶσαι

75 2425 218 2460 βούλομαι,
229 2424 355 2451 τοσοῦτον
366 2423 488 2455 ἐκτείνας
498 2423 547 2458 τῆς
563 2423 706 2458 ἐπιπολῆς
714 2423 744 2449 τὸ
755 2423 863 2459 μέτρον,

74 2471 143 2497 ὣστε
165 2471 215 2497 καὶ
242 2470 309 2505 πρὸς
326 2470 360 2496 τὰ
384 2469 485 2504 συνήθη
511 2469 599 2504 μέτρα
623 2468 678 2495 τῶν
694 2469 865 2504 γραμμάτων

74 2516 279 2551 διαιρουμένην,
289 2516 350 2542 ἀντὶ
366 2514 471 2542 πολλῶν
490 2513 661 2549 νομισθῆναι.
685 2514 728 2545 Ὡς
744 2514 766 2540 δ’
780 2513 814 2541 ἂν
827 2514 864 2550 μὴ

78 2563 163 2597 μάτην
181 2561 354 2597 ἀδολεσχοίην
369 2561 409 2596 τῷ
421 2561 504 2596 μήκει
519 2560 566 2586 τοῦ
579 2560 742 2595 γράμματος
755 2579 762 2592 ,
774 2560 864 2592 καλῶς

77 2609 145 2643 ἔχειν
164 2609 286 2644 ἡγοῦμαι
304 2607 347 2634 διὰ
361 2607 412 2642 τῆς
436 2606 640 2641 ὲπιστολιμαίου
655 2606 757 2641 ταύτης
773 2606 864 2640 φωνῆς

915 2064 973 2092 tur,
988 2060 1093 2087 faciunt
1117 2059 1135 2087 ii
1151 2061 1197 2095 qui
1212 2059 1381 2094 quotidiauis
1395 2060 1574 2095 vectigalibus
1590 2062 1703 2089 obnoxii

916 2110 990 2138 sunt,
1008 2110 1036 2132 ut
1049 2105 1071 2133 si
1084 2105 1268 2140 complurium
1282 2104 1387 2132 dierum
1401 2113 1439 2133 ms
1453 2106 1574 2133 alienum
1585 2106 1620 2134 ab
1636 2107 1704 2142 ipsis

916 2150 1084 2186 persolutum
1098 2158 1153 2177 non
1168 2150 1214 2182 sit,
1230 2149 1257 2177 in
1273 2157 1355 2177 unam
1366 2158 1502 2178 summam
1512 2156 1637 2180 coactum
1649 2153 1705 2181 sin-

916 2197 1052 2232 gularium
1063 2196 1218 2224 debitorum
1233 2203 1270 2224 aes
1280 2196 1398 2224 alienum
1407 2196 1573 2232 dependant,
1587 2199 1609 2227 si
1621 2207 1704 2234 quam

917 2242 987 2270 forte
998 2243 1069 2270 nacti
1082 2241 1183 2269 fuerint
1194 2242 1317 2277 pecuniae
1330 2242 1498 2275 facultatem,
1512 2243 1539 2271 id
1552 2245 1634 2272 etiam
1647 2246 1705 2281 ipse

917 2287 1013 2315 faciam
1029 2287 1100 2322 apud
1116 2290 1189 2314 tuam
1204 2287 1419 2322 amplitudinem.
1435 2287 1503 2315 Nam
1516 2296 1578 2316 cum
1590 2289 1705 2321 debeam

918 2333 1030 2360 crebras
1046 2332 1079 2360 ad
1100 2337 1125 2360 te
1151 2333 1261 2360 mittere
1276 2333 1394 2366 litteras,
1410 2333 1510 2369 quippe
1533 2342 1596 2362 cum
1624 2336 1704 2363 Chri-

918 2377 1014 2405 stianis
1042 2377 1188 2411 promissio
1203 2377 1323 2404 debitum
1339 2378 1386 2409 sit,
1402 2385 1483 2412 quam
1512 2379 1539 2406 in
1566 2380 1705 2414 praeterito

918 2428 1039 2458 tempore
1069 2422 1172 2450 invitus
1200 2422 1251 2450 feci
1280 2423 1430 2450 litterarum
1466 2423 1703 2453 intermissionem
1720 2435 1726 2437 -

916 2476 990 2496 nunc
1005 2468 1114 2503 explere
1123 2471 1334 2503 etcompensare
1345 2469 1418 2500 volo,
1426 2469 1455 2496 in
1469 2473 1574 2497 tantum
1583 2471 1706 2505 epistolas

916 2514 1027 2541 modum
1042 2513 1189 2547 excedens,
1203 2517 1234 2540 ut
1247 2514 1270 2541 si
1283 2514 1317 2541 ad
1332 2520 1491 2542 consuetum
1510 2517 1622 2544 modum
1633 2517 1705 2544 litte-

915 2566 1009 2586 rarum
1027 2558 1176 2590 dividatur,
1189 2559 1250 2586 loco
1261 2560 1408 2586 multarum
1421 2560 1598 2595 epistolarum
1609 2561 1704 2588 haberi

915 2605 1012 2639 possit.
1031 2603 1131 2631 Verum
1146 2611 1182 2631 ne
1199 2604 1300 2631 frustra
1319 2605 1470 2632 litterarum
1493 2605 1647 2640 prolixitnte
1661 2607 1704 2633 lu-

75 2654 123 2690 τὴν
146 2654 219 2681 κατὰ
242 2653 386 2689 πρόσωπον
410 2652 488 2688 ἡμῶν
516 2651 657 2679 συνουσίαν
681 2651 888 2692 μιμήσασθαι.1

916 2649 988 2682 dam,
1006 2657 1038 2677 ac
1050 2649 1178 2684 uugando
1194 2653 1301 2684 tempus
1329 2654 1426 2682 teram,
1445 2656 1517 2678 recte
1538 2651 1603 2677 mihi
1616 2650 1704 2678 factu-

76 2700 222 2734 Μέμνησαι
240 2699 296 2734 γὰρ
307 2698 425 2731 πάντως,
442 2699 483 2725 ὅτι
496 2697 550 2725 τῶν
566 2697 634 2733 πρὸς
650 2697 778 2732 ἀλλήλους
797 2697 864 2724 πάν-

917 2703 966 2723 rus
990 2703 1051 2723 esse
1070 2695 1174 2728 videor,
1190 2697 1213 2722 sl
1242 2703 1291 2730 per
1315 2696 1488 2730 epistolarem
1510 2696 1580 2722 hanc
1608 2703 1703 2728 vocem

77 2753 134 2771 τοτε
149 2746 215 2780 ἡμῖν
239 2744 327 2778 λόγων
348 2745 375 2770 αἱ
394 2744 533 2779 ἀφορμαὶ,
554 2742 665 2778 μελέται
683 2742 751 2777 πρὸς
765 2742 865 2777 ἀρετὴν

919 2741 1042 2769 inuitatus
1053 2742 1131 2769 fuero
1144 2742 1367 2769 consuetudinem
1383 2750 1436 2777 qua
1449 2749 1539 2769 coram
1555 2742 1626 2768 inter
1653 2749 1704 2768 nos

79 2791 122 2817 καὶ
141 2789 294 2822 γυμνασίαι
318 2790 384 2822 πρὸς
400 2789 554 2816 θεοσέῦειαν
569 2786 656 2822 ἦσαν,
674 2788 720 2814 σοῦ
742 2788 790 2821 μὲν
804 2788 865 2813 ἐπι-

921 2787 958 2813 uti
975 2786 1265 2823 solemus._llleminisli
1279 2788 1360 2819 enim,
1378 2794 1419 2815 sat
1433 2788 1498 2817 scio.
1511 2786 1581 2818 (lthd
1597 2793 1706 2818 semper
