  <div class='ocr_page' id='page_1' title='image "/cluster/home/n/w/nwhite01/storage/ocr_20150623/46/njp.32101077772604/139.png"; bbox 0 0 1922 3078; ppageno 0'>
   <div class='ocr_carea' id='block_1_1' title="bbox 193 104 239 130">
    <p class='ocr_par' dir='ltr' id='par_1_1' title="bbox 193 104 239 130">
     <span class='ocr_line' id='line_1_1' title="bbox 193 104 239 130; baseline 0 0"><span class='ocrx_word' id='word_1_1' title='bbox 193 104 239 130; x_wconf 63' lang='grc' dir='ltr'><strong>ιο</strong></span> 
     </span>
    </p>
   </div>
   <div class='ocr_carea' id='block_1_2' title="bbox 790 96 1164 125">
    <p class='ocr_par' dir='ltr' id='par_1_2' title="bbox 790 96 1164 125">
     <span class='ocr_line' id='line_1_2' title="bbox 790 96 1164 125; baseline -0.003 0"><span class='ocrx_word' id='word_1_2' title='bbox 790 99 817 125; x_wconf 83' lang='lat' dir='ltr'><strong>S.</strong></span> <span class='ocrx_word' id='word_1_3' title='bbox 841 97 1001 125; x_wconf 62' lang='lat' dir='ltr'><strong>GIU‘ZGORII</strong></span> <span class='ocrx_word' id='word_1_4' title='bbox 1019 96 1164 125; x_wconf 79' lang='lat' dir='ltr'><strong>NYSSENI</strong></span> 
     </span>
    </p>
   </div>
   <div class='ocr_carea' id='block_1_3' title="bbox 1763 99 1817 126">
    <p class='ocr_par' dir='ltr' id='par_1_3' title="bbox 1763 99 1817 126">
     <span class='ocr_line' id='line_1_3' title="bbox 1763 99 1817 126; baseline 0 -1"><span class='ocrx_word' id='word_1_5' title='bbox 1763 99 1817 126; x_wconf 68' lang='lat'><strong>2.30</strong></span> 
     </span>
    </p>
   </div>
   <div class='ocr_carea' id='block_1_4' title="bbox 193 156 981 194">
    <p class='ocr_par' dir='ltr' id='par_1_4' title="bbox 193 156 977 194">
     <span class='ocr_line' id='line_1_4' title="bbox 193 156 977 194; baseline -0.005 -8"><span class='ocrx_word' id='word_1_6' title='bbox 193 163 348 194; x_wconf 70' lang='lat' dir='ltr'><strong>argumenta</strong></span> <span class='ocrx_word' id='word_1_7' title='bbox 365 165 533 188; x_wconf 83' lang='lat' dir='ltr'><strong>sermonum.</strong></span> <span class='ocrx_word' id='word_1_8' title='bbox 551 157 649 191; x_wconf 86' lang='lat' dir='ltr'><strong>quibus</strong></span> <span class='ocrx_word' id='word_1_9' title='bbox 665 158 735 184; x_wconf 90' lang='lat' dir='ltr'><strong>inter</strong></span> <span class='ocrx_word' id='word_1_10' title='bbox 750 164 800 184; x_wconf 87' lang='lat' dir='ltr'><strong>nos</strong></span> <span class='ocrx_word' id='word_1_11' title='bbox 816 157 853 183; x_wconf 93' lang='lat' dir='ltr'><strong>uti</strong></span> <span class='ocrx_word' id='word_1_12' title='bbox 872 156 977 182; x_wconf 69' lang='lat' dir='ltr'><strong>soleba-</strong></span> 
     </span>
    </p>
   </div>
   <div class='ocr_carea' id='block_1_5' title="bbox 1033 156 1816 194">
    <p class='ocr_par' dir='ltr' id='par_1_5' title="bbox 1033 156 1816 192">
     <span class='ocr_line' id='line_1_5' title="bbox 1033 156 1816 192; baseline 0.001 -10"><span class='ocrx_word' id='word_1_13' title='bbox 1033 156 1162 188; x_wconf 76' lang='grc' dir='ltr'>πατικῶς</span> <span class='ocrx_word' id='word_1_14' title='bbox 1181 156 1223 183; x_wconf 80' lang='grc' dir='ltr'><strong>ἀεὶ</strong></span> <span class='ocrx_word' id='word_1_15' title='bbox 1246 157 1301 188; x_wconf 81' lang='grc' dir='ltr'>τοῖς</span> <span class='ocrx_word' id='word_1_16' title='bbox 1325 156 1480 191; x_wconf 80' lang='grc' dir='ltr'>λεγομένοις</span> <span class='ocrx_word' id='word_1_17' title='bbox 1498 156 1729 192; x_wconf 57' lang='grc' dir='ltr'>ἀνθυποφέροντος</span> <span class='ocrx_word' id='word_1_18' title='bbox 1743 177 1750 188; x_wconf 80' lang='lat'><strong>,</strong></span> <span class='ocrx_word' id='word_1_19' title='bbox 1769 158 1816 183; x_wconf 76' lang='grc' dir='ltr'><strong>καὶ</strong></span> 
     </span>
    </p>
   </div>
   <div class='ocr_carea' id='block_1_6' title="bbox 193 202 975 238">
    <p class='ocr_par' dir='ltr' id='par_1_6' title="bbox 193 202 975 238">
     <span class='ocr_line' id='line_1_6' title="bbox 193 202 975 238; baseline -0.005 -6"><span class='ocrx_word' id='word_1_20' title='bbox 193 213 261 238; x_wconf 83' lang='lat' dir='ltr'><strong>mus,</strong></span> <span class='ocrx_word' id='word_1_21' title='bbox 277 205 469 232; x_wconf 72' lang='lat' dir='ltr'><strong>meditationes</strong></span> <span class='ocrx_word' id='word_1_22' title='bbox 488 204 598 230; x_wconf 88' lang='lat' dir='ltr'><strong>virtutis</strong></span> <span class='ocrx_word' id='word_1_23' title='bbox 612 207 700 234; x_wconf 85' lang='lat' dir='ltr'><strong>etant,</strong></span> <span class='ocrx_word' id='word_1_24' title='bbox 717 207 743 230; x_wconf 89' lang='lat' dir='ltr'><strong>et</strong></span> <span class='ocrx_word' id='word_1_25' title='bbox 765 203 796 228; x_wconf 91' lang='lat' dir='ltr'><strong>ad</strong></span> <span class='ocrx_word' id='word_1_26' title='bbox 814 202 858 228; x_wconf 70' lang='lat' dir='ltr'><strong>Dei</strong></span> <span class='ocrx_word' id='word_1_27' title='bbox 874 202 975 229; x_wconf 82' lang='lat' dir='ltr'><strong>cultum</strong></span> 
     </span>
    </p>
   </div>
   <div class='ocr_carea' id='block_1_7' title="bbox 193 248 976 287">
    <p class='ocr_par' dir='ltr' id='par_1_7' title="bbox 193 248 976 287">
     <span class='ocr_line' id='line_1_7' title="bbox 193 248 976 287; baseline -0.006 -8"><span class='ocrx_word' id='word_1_28' title='bbox 193 257 274 287; x_wconf 86' lang='lat' dir='ltr'><strong>atque</strong></span> <span class='ocrx_word' id='word_1_29' title='bbox 283 251 410 286; x_wconf 87' lang='lat' dir='ltr'><strong>pietatem</strong></span> <span class='ocrx_word' id='word_1_30' title='bbox 430 249 649 280; x_wconf 79' lang='lat' dir='ltr'><strong>exercitationes,</strong></span> <span class='ocrx_word' id='word_1_31' title='bbox 662 252 723 275; x_wconf 86' lang='lat' dir='ltr'><strong>cuin</strong></span> <span class='ocrx_word' id='word_1_32' title='bbox 736 253 762 274; x_wconf 93' lang='lat' dir='ltr'><strong>tu</strong></span> <span class='ocrx_word' id='word_1_33' title='bbox 781 248 889 282; x_wconf 89' lang='lat' dir='ltr'><strong>quidem</strong></span> <span class='ocrx_word' id='word_1_34' title='bbox 908 255 976 282; x_wconf 70' lang='lat' dir='ltr'><strong>prm-</strong></span> 
     </span>
    </p>
   </div>
   <div class='ocr_carea' id='block_1_8' title="bbox 193 292 977 333">
    <p class='ocr_par' dir='ltr' id='par_1_8' title="bbox 193 292 977 333">
     <span class='ocr_line' id='line_1_8' title="bbox 193 292 977 333; baseline -0.009 -8"><span class='ocrx_word' id='word_1_35' title='bbox 193 298 313 333; x_wconf 85' lang='lat' dir='ltr'><strong>ceptoris</strong></span> <span class='ocrx_word' id='word_1_36' title='bbox 324 304 354 323; x_wconf 82' lang='lat' dir='ltr'><strong>ac</strong></span> <span class='ocrx_word' id='word_1_37' title='bbox 367 295 489 331; x_wconf 74' lang='lat' dir='ltr'><strong>magistri</strong></span> <span class='ocrx_word' id='word_1_38' title='bbox 503 302 577 321; x_wconf 90' lang='lat' dir='ltr'><strong>more</strong></span> <span class='ocrx_word' id='word_1_39' title='bbox 587 302 693 328; x_wconf 83' lang='lat' dir='ltr'><strong>semper</strong></span> <span class='ocrx_word' id='word_1_40' title='bbox 702 294 736 321; x_wconf 88' lang='lat' dir='ltr'><strong>iis</strong></span> <span class='ocrx_word' id='word_1_41' title='bbox 744 301 804 328; x_wconf 74' lang='lat' dir='ltr'><strong>qua:</strong></span> <span class='ocrx_word' id='word_1_42' title='bbox 818 292 977 320; x_wconf 76' lang='lat' dir='ltr'><strong>dicebantur</strong></span> 
     </span>
    </p>
   </div>
   <div class='ocr_carea' id='block_1_9' title="bbox 193 339 977 375">
    <p class='ocr_par' dir='ltr' id='par_1_9' title="bbox 193 339 977 375">
     <span class='ocr_line' id='line_1_9' title="bbox 193 339 977 375; baseline -0.006 -5"><span class='ocrx_word' id='word_1_43' title='bbox 193 352 222 370; x_wconf 78' lang='lat' dir='ltr'><strong>ex</strong></span> <span class='ocrx_word' id='word_1_44' title='bbox 238 343 353 370; x_wconf 84' lang='lat' dir='ltr'><strong>adverso</strong></span> <span class='ocrx_word' id='word_1_45' title='bbox 369 341 517 375; x_wconf 73' lang='lat' dir='ltr'><strong>subjicere-5</strong></span> <span class='ocrx_word' id='word_1_46' title='bbox 533 344 559 367; x_wconf 90' lang='lat' dir='ltr'><strong>et</strong></span> <span class='ocrx_word' id='word_1_47' title='bbox 574 347 728 374; x_wconf 86' lang='lat' dir='ltr'><strong>opponeres</strong></span> <span class='ocrx_word' id='word_1_48' title='bbox 753 339 886 375; x_wconf 75' lang='lat' dir='ltr'><strong>nihilque,</strong></span> <span class='ocrx_word' id='word_1_49' title='bbox 904 339 977 374; x_wconf 89' lang='lat' dir='ltr'><strong>quod</strong></span> 
     </span>
    </p>
   </div>
   <div class='ocr_carea' id='block_1_10' title="bbox 192 385 978 421">
    <p class='ocr_par' dir='ltr' id='par_1_10' title="bbox 192 385 978 421">
     <span class='ocr_line' id='line_1_10' title="bbox 192 385 978 421; baseline -0.005 -6"><span class='ocrx_word' id='word_1_50' title='bbox 192 389 331 415; x_wconf 82' lang='lat' dir='ltr'><strong>diceretur</strong></span> <span class='ocrx_word' id='word_1_51' title='bbox 362 388 466 421; x_wconf 75' lang='lat' dir='ltr'><strong>absque</strong></span> <span class='ocrx_word' id='word_1_52' title='bbox 495 385 656 412; x_wconf 64' lang='lat' dir='ltr'><strong>ext‘ussione</strong></span> <span class='ocrx_word' id='word_1_53' title='bbox 677 390 758 420; x_wconf 89' lang='lat' dir='ltr'><strong>atque</strong></span> <span class='ocrx_word' id='word_1_54' title='bbox 777 385 978 412; x_wconf 75' lang='lat' dir='ltr'><strong>examinatione</strong></span> 
     </span>
    </p>
   </div>
   <div class='ocr_carea' id='block_1_11' title="bbox 193 430 978 465">
    <p class='ocr_par' dir='ltr' id='par_1_11' title="bbox 193 430 978 465">
     <span class='ocr_line' id='line_1_11' title="bbox 193 430 978 465; baseline -0.006 -4"><span class='ocrx_word' id='word_1_55' title='bbox 193 434 367 465; x_wconf 77' lang='lat' dir='ltr'><strong>adiniltcres;</strong></span> <span class='ocrx_word' id='word_1_56' title='bbox 381 440 431 458; x_wconf 84' lang='lat' dir='ltr'><strong>nos</strong></span> <span class='ocrx_word' id='word_1_57' title='bbox 450 439 513 458; x_wconf 80' lang='lat' dir='ltr'><strong>vero</strong></span> <span class='ocrx_word' id='word_1_58' title='bbox 527 431 572 465; x_wconf 88' lang='lat' dir='ltr'><strong>qtti</strong></span> <span class='ocrx_word' id='word_1_59' title='bbox 584 435 663 457; x_wconf 74' lang='lat' dir='ltr'><strong>aetate</strong></span> <span class='ocrx_word' id='word_1_60' title='bbox 677 430 901 464; x_wconf 63' lang='lat' dir='ltr'><strong>praecederemus,</strong></span> <span class='ocrx_word' id='word_1_61' title='bbox 918 438 978 464; x_wconf 85' lang='lat' dir='ltr'><strong>qtne</strong></span> 
     </span>
    </p>
   </div>
   <div class='ocr_carea' id='block_1_12' title="bbox 194 474 978 514">
    <p class='ocr_par' dir='ltr' id='par_1_12' title="bbox 194 474 978 514">
     <span class='ocr_line' id='line_1_12' title="bbox 194 474 978 514; baseline -0.006 -8"><span class='ocrx_word' id='word_1_62' title='bbox 194 487 241 514; x_wconf 89' lang='lat' dir='ltr'><strong>per</strong></span> <span class='ocrx_word' id='word_1_63' title='bbox 255 478 477 512; x_wconf 81' lang='lat' dir='ltr'><strong>consequentiam</strong></span> <span class='ocrx_word' id='word_1_64' title='bbox 496 475 631 503; x_wconf 86' lang='lat' dir='ltr'><strong>sermonis</strong></span> <span class='ocrx_word' id='word_1_65' title='bbox 643 474 793 502; x_wconf 75' lang='lat' dir='ltr'><strong>identidem</strong></span> <span class='ocrx_word' id='word_1_66' title='bbox 807 475 978 509; x_wconf 81' lang='lat' dir='ltr'><strong>requireren-</strong></span> 
     </span>
    </p>
   </div>
   <div class='ocr_carea' id='block_1_13' title="bbox 193 521 977 556">
    <p class='ocr_par' dir='ltr' id='par_1_13' title="bbox 193 521 977 556">
     <span class='ocr_line' id='line_1_13' title="bbox 193 521 977 556; baseline -0.006 -4"><span class='ocrx_word' id='word_1_67' title='bbox 193 529 248 555; x_wconf 84' lang='lat' dir='ltr'><strong>tur.</strong></span> <span class='ocrx_word' id='word_1_68' title='bbox 263 524 486 552; x_wconf 81' lang='lat' dir='ltr'><strong>dissolveremus.</strong></span> <span class='ocrx_word' id='word_1_69' title='bbox 504 522 532 548; x_wconf 89' lang='lat' dir='ltr'><strong>Si</strong></span> <span class='ocrx_word' id='word_1_70' title='bbox 548 522 630 556; x_wconf 77' lang='lat' dir='ltr'><strong>igitur</strong></span> <span class='ocrx_word' id='word_1_71' title='bbox 654 529 726 548; x_wconf 90' lang='lat' dir='ltr'><strong>nunc</strong></span> <span class='ocrx_word' id='word_1_72' title='bbox 743 521 824 548; x_wconf 83' lang='lat' dir='ltr'><strong>etiam</strong></span> <span class='ocrx_word' id='word_1_73' title='bbox 859 521 896 548; x_wconf 79' lang='lat' dir='ltr'><strong>ita</strong></span> <span class='ocrx_word' id='word_1_74' title='bbox 919 521 977 547; x_wconf 79' lang='lat' dir='ltr'><strong>ﬁeri</strong></span> 
     </span>
    </p>
   </div>
   <div class='ocr_carea' id='block_1_14' title="bbox 194 566 978 606">
    <p class='ocr_par' dir='ltr' id='par_1_14' title="bbox 194 566 978 606">
     <span class='ocr_line' id='line_1_14' title="bbox 194 566 978 606; baseline -0.009 -8"><span class='ocrx_word' id='word_1_75' title='bbox 194 575 295 606; x_wconf 77' lang='lat' dir='ltr'><strong>posset,</strong></span> <span class='ocrx_word' id='word_1_76' title='bbox 313 576 342 597; x_wconf 81' lang='lat' dir='ltr'><strong>ut</strong></span> <span class='ocrx_word' id='word_1_77' title='bbox 366 577 380 595; x_wconf 89' lang='lat' dir='ltr'><strong>a</strong></span> <span class='ocrx_word' id='word_1_78' title='bbox 399 573 444 595; x_wconf 86' lang='lat' dir='ltr'><strong>tua</strong></span> <span class='ocrx_word' id='word_1_79' title='bbox 466 567 610 603; x_wconf 88' lang='lat' dir='ltr'><strong>prudentia</strong></span> <span class='ocrx_word' id='word_1_80' title='bbox 623 567 697 594; x_wconf 88' lang='lat' dir='ltr'><strong>omni</strong></span> <span class='ocrx_word' id='word_1_81' title='bbox 723 568 841 594; x_wconf 87' lang='lat' dir='ltr'><strong>sermoni</strong></span> <span class='ocrx_word' id='word_1_82' title='bbox 870 566 978 592; x_wconf 72' lang='lat' dir='ltr'><strong>occasio</strong></span> 
     </span>
    </p>
   </div>
   <div class='ocr_carea' id='block_1_15' title="bbox 193 612 979 647">
    <p class='ocr_par' dir='ltr' id='par_1_15' title="bbox 193 612 979 647">
     <span class='ocr_line' id='line_1_15' title="bbox 193 612 979 647; baseline -0.006 -4"><span class='ocrx_word' id='word_1_83' title='bbox 193 618 313 646; x_wconf 80' lang='lat' dir='ltr'><strong>daretur,</strong></span> <span class='ocrx_word' id='word_1_84' title='bbox 338 615 405 642; x_wconf 88' lang='lat' dir='ltr'><strong>nihil</strong></span> <span class='ocrx_word' id='word_1_85' title='bbox 425 623 456 641; x_wconf 90' lang='lat' dir='ltr'><strong>eo</strong></span> <span class='ocrx_word' id='word_1_86' title='bbox 474 614 571 641; x_wconf 83' lang='lat' dir='ltr'><strong>melius</strong></span> <span class='ocrx_word' id='word_1_87' title='bbox 592 621 623 639; x_wconf 86' lang='lat' dir='ltr'><strong>ac</strong></span> <span class='ocrx_word' id='word_1_88' title='bbox 652 613 835 647; x_wconf 73' lang='lat' dir='ltr'><strong>prmstahilius</strong></span> <span class='ocrx_word' id='word_1_89' title='bbox 855 612 979 639; x_wconf 83' lang='lat' dir='ltr'><strong>accidere</strong></span> 
     </span>
    </p>
   </div>
   <div class='ocr_carea' id='block_1_16' title="bbox 194 657 979 696">
    <p class='ocr_par' dir='ltr' id='par_1_16' title="bbox 194 657 979 696">
     <span class='ocr_line' id='line_1_16' title="bbox 194 657 979 696; baseline -0.005 -10"><span class='ocrx_word' id='word_1_90' title='bbox 194 665 295 696; x_wconf 83' lang='lat' dir='ltr'><strong>posset.</strong></span> <span class='ocrx_word' id='word_1_91' title='bbox 316 660 417 693; x_wconf 77' lang='lat' dir='ltr'><strong>Duplex</strong></span> <span class='ocrx_word' id='word_1_92' title='bbox 436 660 508 686; x_wconf 85' lang='lat' dir='ltr'><strong>enim</strong></span> <span class='ocrx_word' id='word_1_93' title='bbox 525 659 632 693; x_wconf 80' lang='lat' dir='ltr'><strong>utrique</strong></span> <span class='ocrx_word' id='word_1_94' title='bbox 644 664 767 685; x_wconf 82' lang='lat' dir='ltr'><strong>nostrum</strong></span> <span class='ocrx_word' id='word_1_95' title='bbox 784 658 890 684; x_wconf 90' lang='lat' dir='ltr'><strong>lucrum</strong></span> <span class='ocrx_word' id='word_1_96' title='bbox 907 657 979 684; x_wconf 77' lang='lat' dir='ltr'><strong>exsi-</strong></span> 
     </span>
    </p>
   </div>
   <div class='ocr_carea' id='block_1_17' title="bbox 194 703 978 740">
    <p class='ocr_par' dir='ltr' id='par_1_17' title="bbox 194 703 978 740">
     <span class='ocr_line' id='line_1_17' title="bbox 194 703 978 740; baseline -0.005 -7"><span class='ocrx_word' id='word_1_97' title='bbox 194 710 287 737; x_wconf 88' lang='lat' dir='ltr'><strong>steret,</strong></span> <span class='ocrx_word' id='word_1_98' title='bbox 307 710 362 732; x_wconf 89' lang='lat' dir='ltr'><strong>ttnn</strong></span> <span class='ocrx_word' id='word_1_99' title='bbox 377 714 407 733; x_wconf 79' lang='lat' dir='ltr'><strong>ex</strong></span> <span class='ocrx_word' id='word_1_100' title='bbox 426 711 520 733; x_wconf 89' lang='lat' dir='ltr'><strong>mutuo</strong></span> <span class='ocrx_word' id='word_1_101' title='bbox 536 709 694 740; x_wconf 79' lang='lat' dir='ltr'><strong>conspectu,</strong></span> <span class='ocrx_word' id='word_1_102' title='bbox 712 705 781 738; x_wconf 82' lang='lat' dir='ltr'><strong>(quo</strong></span> <span class='ocrx_word' id='word_1_103' title='bbox 797 703 860 738; x_wconf 89' lang='lat' dir='ltr'><strong>quid</strong></span> <span class='ocrx_word' id='word_1_104' title='bbox 880 703 906 729; x_wconf 92' lang='lat' dir='ltr'><strong>in</strong></span> <span class='ocrx_word' id='word_1_105' title='bbox 923 703 978 729; x_wconf 79' lang='lat' dir='ltr'><strong>vita</strong></span> 
     </span>
    </p>
   </div>
   <div class='ocr_carea' id='block_1_18' title="bbox 193 749 978 786">
    <p class='ocr_par' dir='ltr' id='par_1_18' title="bbox 193 749 978 786">
     <span class='ocr_line' id='line_1_18' title="bbox 193 749 978 786; baseline -0.006 -7"><span class='ocrx_word' id='word_1_106' title='bbox 193 753 258 779; x_wconf 91' lang='lat' dir='ltr'><strong>mihi</strong></span> <span class='ocrx_word' id='word_1_107' title='bbox 273 751 415 785; x_wconf 86' lang='lat' dir='ltr'><strong>dulcius?)</strong></span> <span class='ocrx_word' id='word_1_108' title='bbox 433 756 487 778; x_wconf 90' lang='lat' dir='ltr'><strong>tum</strong></span> <span class='ocrx_word' id='word_1_109' title='bbox 503 758 535 778; x_wconf 82' lang='lat' dir='ltr'><strong>e\&#39;</strong></span> <span class='ocrx_word' id='word_1_110' title='bbox 553 759 586 778; x_wconf 79' lang='lat' dir='ltr'><strong>eo</strong></span> <span class='ocrx_word' id='word_1_111' title='bbox 598 750 671 786; x_wconf 89' lang='lat' dir='ltr'><strong>quod</strong></span> <span class='ocrx_word' id='word_1_112' title='bbox 684 749 776 785; x_wconf 88' lang='lat' dir='ltr'><strong>plectri</strong></span> <span class='ocrx_word' id='word_1_113' title='bbox 791 750 819 776; x_wconf 88' lang='lat' dir='ltr'><strong>in</strong></span> <span class='ocrx_word' id='word_1_114' title='bbox 836 749 946 776; x_wconf 91' lang='lat' dir='ltr'><strong>modum</strong></span> <span class='ocrx_word' id='word_1_115' title='bbox 963 756 978 775; x_wconf 76' lang='grc' dir='ltr'>ιι</span> 
     </span>
    </p>
   </div>
   <div class='ocr_carea' id='block_1_19' title="bbox 194 795 976 832">
    <p class='ocr_par' dir='ltr' id='par_1_19' title="bbox 194 795 976 832">
     <span class='ocr_line' id='line_1_19' title="bbox 194 795 976 832; baseline -0.005 -8"><span class='ocrx_word' id='word_1_116' title='bbox 194 802 239 824; x_wconf 87' lang='lat' dir='ltr'><strong>tua</strong></span> <span class='ocrx_word' id='word_1_117' title='bbox 255 798 395 832; x_wconf 84' lang='lat' dir='ltr'><strong>prudentia</strong></span> <span class='ocrx_word' id='word_1_118' title='bbox 423 801 518 824; x_wconf 83' lang='lat' dir='ltr'><strong>nostra</strong></span> <span class='ocrx_word' id='word_1_119' title='bbox 531 801 636 824; x_wconf 84' lang='lat' dir='ltr'><strong>vetusta</strong></span> <span class='ocrx_word' id='word_1_120' title='bbox 666 796 771 823; x_wconf 85' lang='lat' dir='ltr'><strong>cithara</strong></span> <span class='ocrx_word' id='word_1_121' title='bbox 787 795 976 822; x_wconf 87' lang='lat' dir='ltr'><strong>suscitaretur.</strong></span> 
     </span>
    </p>
   </div>
   <div class='ocr_carea' id='block_1_20' title="bbox 1027 202 1814 238">
    <p class='ocr_par' dir='ltr' id='par_1_20' title="bbox 1027 202 1814 238">
     <span class='ocr_line' id='line_1_20' title="bbox 1027 202 1814 238; baseline 0 -10"><span class='ocrx_word' id='word_1_122' title='bbox 1027 203 1102 229; x_wconf 82' lang='grc' dir='ltr'>οὐδὲν</span> <span class='ocrx_word' id='word_1_123' title='bbox 1117 202 1302 235; x_wconf 75' lang='grc' dir='ltr'>ἀνεξετάστως</span> <span class='ocrx_word' id='word_1_124' title='bbox 1325 202 1546 238; x_wconf 72' lang='grc' dir='ltr'><strong>παραδεχομένου</strong></span> <span class='ocrx_word' id='word_1_125' title='bbox 1564 202 1618 229; x_wconf 83' lang='grc' dir='ltr'>τῶν</span> <span class='ocrx_word' id='word_1_126' title='bbox 1639 202 1795 236; x_wconf 81' lang='grc' dir='ltr'>λεγομένων</span> <span class='ocrx_word' id='word_1_127' title='bbox 1808 211 1814 217; x_wconf 90' lang='grc'><strong>·</strong></span> 
     </span>
    </p>
   </div>
   <div class='ocr_carea' id='block_1_21' title="bbox 1027 247 1817 284">
    <p class='ocr_par' dir='ltr' id='par_1_21' title="bbox 1027 247 1817 284">
     <span class='ocr_line' id='line_1_21' title="bbox 1027 247 1817 284; baseline -0.001 -10"><span class='ocrx_word' id='word_1_128' title='bbox 1027 248 1106 284; x_wconf 74' lang='grc' dir='ltr'>ἡμῶν</span> <span class='ocrx_word' id='word_1_129' title='bbox 1122 249 1149 275; x_wconf 86' lang='grc' dir='ltr'><strong>δέ</strong></span> <span class='ocrx_word' id='word_1_130' title='bbox 1163 248 1206 274; x_wconf 85' lang='grc' dir='ltr'>διὰ</span> <span class='ocrx_word' id='word_1_131' title='bbox 1221 248 1251 274; x_wconf 80' lang='grc' dir='ltr'>τὸ</span> <span class='ocrx_word' id='word_1_132' title='bbox 1264 249 1393 284; x_wconf 82' lang='grc' dir='ltr'><strong>προήκειν</strong></span> <span class='ocrx_word' id='word_1_133' title='bbox 1405 248 1444 283; x_wconf 79' lang='grc' dir='ltr'><strong>τῷ</strong></span> <span class='ocrx_word' id='word_1_134' title='bbox 1453 248 1540 283; x_wconf 82' lang='grc' dir='ltr'>χρόνῳ</span> <span class='ocrx_word' id='word_1_135' title='bbox 1554 248 1587 274; x_wconf 86' lang='grc' dir='ltr'>τὰ</span> <span class='ocrx_word' id='word_1_136' title='bbox 1600 249 1730 275; x_wconf 77' lang='grc' dir='ltr'>ἑκάστοτε</span> <span class='ocrx_word' id='word_1_137' title='bbox 1741 247 1817 282; x_wconf 73' lang='grc' dir='ltr'>παρὰ</span> 
     </span>
    </p>
   </div>
   <div class='ocr_carea' id='block_1_22' title="bbox 1028 292 1814 328">
    <p class='ocr_par' dir='ltr' id='par_1_22' title="bbox 1028 292 1814 328">
     <span class='ocr_line' id='line_1_22' title="bbox 1028 292 1814 328; baseline 0 -9"><span class='ocrx_word' id='word_1_138' title='bbox 1028 294 1076 328; x_wconf 83' lang='grc' dir='ltr'><strong>τῆς</strong></span> <span class='ocrx_word' id='word_1_139' title='bbox 1091 293 1137 319; x_wconf 82' lang='grc' dir='ltr'>τοῦ</span> <span class='ocrx_word' id='word_1_140' title='bbox 1153 293 1232 326; x_wconf 82' lang='grc' dir='ltr'>λόγου</span> <span class='ocrx_word' id='word_1_141' title='bbox 1248 292 1407 324; x_wconf 75' lang='grc' dir='ltr'>ἀκολουθίας</span> <span class='ocrx_word' id='word_1_142' title='bbox 1425 293 1626 328; x_wconf 79' lang='grc' dir='ltr'>ἐπιζητούμενα</span> <span class='ocrx_word' id='word_1_143' title='bbox 1639 293 1814 319; x_wconf 76' lang='grc' dir='ltr'>διαλυόντων.</span> 
     </span>
    </p>
   </div>
   <div class='ocr_carea' id='block_1_23' title="bbox 1028 337 1816 375">
    <p class='ocr_par' dir='ltr' id='par_1_23' title="bbox 1028 337 1816 375">
     <span class='ocr_line' id='line_1_23' title="bbox 1028 337 1816 375; baseline -0.005 -8"><span class='ocrx_word' id='word_1_144' title='bbox 1028 340 1060 368; x_wconf 83' lang='grc' dir='ltr'><strong>Εἰ</strong></span> <span class='ocrx_word' id='word_1_145' title='bbox 1076 339 1125 374; x_wconf 83' lang='grc' dir='ltr'><strong>μὲν</strong></span> <span class='ocrx_word' id='word_1_146' title='bbox 1140 337 1186 366; x_wconf 63' lang='grc' dir='ltr'><strong>οὖν</strong></span> <span class='ocrx_word' id='word_1_147' title='bbox 1198 338 1231 375; x_wconf 79' lang='grc' dir='ltr'>ἦν</span> <span class='ocrx_word' id='word_1_148' title='bbox 1245 339 1356 366; x_wconf 83' lang='grc' dir='ltr'>δυνατὸν</span> <span class='ocrx_word' id='word_1_149' title='bbox 1371 339 1418 365; x_wconf 76' lang='grc' dir='ltr'><strong>καὶ</strong></span> <span class='ocrx_word' id='word_1_150' title='bbox 1432 338 1479 366; x_wconf 78' lang='grc' dir='ltr'><strong>νῦν</strong></span> <span class='ocrx_word' id='word_1_151' title='bbox 1495 339 1614 373; x_wconf 86' lang='grc' dir='ltr'>γίνεσθαι</span> <span class='ocrx_word' id='word_1_152' title='bbox 1630 338 1726 370; x_wconf 73' lang='grc' dir='ltr'>οὕτως,</span> <span class='ocrx_word' id='word_1_153' title='bbox 1745 338 1816 364; x_wconf 78' lang='grc' dir='ltr'>ὥστε</span> 
     </span>
    </p>
   </div>
   <div class='ocr_carea' id='block_1_24' title="bbox 1029 384 1816 421">
    <p class='ocr_par' dir='ltr' id='par_1_24' title="bbox 1029 384 1816 421">
     <span class='ocr_line' id='line_1_24' title="bbox 1029 384 1816 421; baseline -0.004 -10"><span class='ocrx_word' id='word_1_154' title='bbox 1029 385 1104 421; x_wconf 69' lang='grc' dir='ltr'>παρὰ</span> <span class='ocrx_word' id='word_1_155' title='bbox 1117 385 1166 419; x_wconf 86' lang='grc' dir='ltr'><strong>τῆς</strong></span> <span class='ocrx_word' id='word_1_156' title='bbox 1179 385 1228 420; x_wconf 85' lang='grc' dir='ltr'><strong>σῆς</strong></span> <span class='ocrx_word' id='word_1_157' title='bbox 1243 385 1376 415; x_wconf 83' lang='grc' dir='ltr'>συνέσεως</span> <span class='ocrx_word' id='word_1_158' title='bbox 1390 384 1507 411; x_wconf 73' lang='grc' dir='ltr'><strong>δίδοσθαι</strong></span> <span class='ocrx_word' id='word_1_159' title='bbox 1522 384 1593 419; x_wconf 77' lang='grc' dir='ltr'>λόγῳ</span> <span class='ocrx_word' id='word_1_160' title='bbox 1611 384 1659 419; x_wconf 80' lang='grc' dir='ltr'><strong>τὴν</strong></span> <span class='ocrx_word' id='word_1_161' title='bbox 1676 384 1816 419; x_wconf 79' lang='grc' dir='ltr'>ἀφορμὴν,</span> 
     </span>
    </p>
   </div>
   <div class='ocr_carea' id='block_1_25' title="bbox 1029 429 1819 466">
    <p class='ocr_par' dir='ltr' id='par_1_25' title="bbox 1029 429 1819 466">
     <span class='ocr_line' id='line_1_25' title="bbox 1029 429 1819 466; baseline -0.003 -9"><span class='ocrx_word' id='word_1_162' title='bbox 1029 431 1066 465; x_wconf 88' lang='grc' dir='ltr'>τῷ</span> <span class='ocrx_word' id='word_1_163' title='bbox 1079 431 1160 457; x_wconf 77' lang='grc' dir='ltr'>παντὶ</span> <span class='ocrx_word' id='word_1_164' title='bbox 1175 432 1300 466; x_wconf 84' lang='grc' dir='ltr'>κρεῖττον</span> <span class='ocrx_word' id='word_1_165' title='bbox 1315 431 1347 457; x_wconf 84' lang='grc' dir='ltr'>ἂν</span> <span class='ocrx_word' id='word_1_166' title='bbox 1360 429 1393 465; x_wconf 82' lang='grc' dir='ltr'>ἦν</span> <span class='ocrx_word' id='word_1_167' title='bbox 1404 430 1434 457; x_wconf 82' lang='grc' dir='ltr'>τὸ</span> <span class='ocrx_word' id='word_1_168' title='bbox 1445 430 1572 457; x_wconf 81' lang='grc' dir='ltr'>τοιοῦτον.</span> <span class='ocrx_word' id='word_1_169' title='bbox 1590 430 1699 465; x_wconf 82' lang='grc' dir='ltr'>Διχόθεν</span> <span class='ocrx_word' id='word_1_170' title='bbox 1714 430 1769 464; x_wconf 78' lang='grc' dir='ltr'>γὰρ</span> <span class='ocrx_word' id='word_1_171' title='bbox 1786 430 1819 455; x_wconf 81' lang='grc' dir='ltr'>ἂν</span> 
     </span>
    </p>
   </div>
   <div class='ocr_carea' id='block_1_26' title="bbox 1029 476 1819 512">
    <p class='ocr_par' dir='ltr' id='par_1_26' title="bbox 1029 476 1819 512">
     <span class='ocr_line' id='line_1_26' title="bbox 1029 476 1819 512; baseline -0.001 -10"><span class='ocrx_word' id='word_1_172' title='bbox 1029 477 1150 511; x_wconf 72' lang='grc' dir='ltr'>ὑπῆρχεν</span> <span class='ocrx_word' id='word_1_173' title='bbox 1167 477 1331 512; x_wconf 74' lang='grc' dir='ltr'><strong>ἀμφοτέροις</strong></span> <span class='ocrx_word' id='word_1_174' title='bbox 1348 476 1377 502; x_wconf 77' lang='grc' dir='ltr'>τὸ</span> <span class='ocrx_word' id='word_1_175' title='bbox 1391 476 1485 511; x_wconf 78' lang='grc' dir='ltr'>κέρδος</span> <span class='ocrx_word' id='word_1_176' title='bbox 1496 496 1502 508; x_wconf 84' lang='grc'><strong>,</strong></span> <span class='ocrx_word' id='word_1_177' title='bbox 1517 476 1548 502; x_wconf 82' lang='grc' dir='ltr'>ἐκ</span> <span class='ocrx_word' id='word_1_178' title='bbox 1567 485 1595 502; x_wconf 84' lang='grc' dir='ltr'><strong>τε</strong></span> <span class='ocrx_word' id='word_1_179' title='bbox 1611 476 1657 502; x_wconf 73' lang='grc' dir='ltr'>τοῦ</span> <span class='ocrx_word' id='word_1_180' title='bbox 1679 476 1819 511; x_wconf 79' lang='grc' dir='ltr'>προσορᾷν</span> 
     </span>
    </p>
   </div>
   <div class='ocr_carea' id='block_1_27' title="bbox 1028 520 1820 558">
    <p class='ocr_par' dir='ltr' id='par_1_27' title="bbox 1028 520 1820 558">
     <span class='ocr_line' id='line_1_27' title="bbox 1028 520 1820 558; baseline -0.003 -9"><span class='ocrx_word' id='word_1_181' title='bbox 1028 522 1168 558; x_wconf 80' lang='grc' dir='ltr'>ἀλλήλους,</span> <span class='ocrx_word' id='word_1_182' title='bbox 1183 520 1224 557; x_wconf 81' lang='grc' dir='ltr'>(οὗ</span> <span class='ocrx_word' id='word_1_183' title='bbox 1235 523 1261 549; x_wconf 86' lang='grc' dir='ltr'><strong>τί</strong></span> <span class='ocrx_word' id='word_1_184' title='bbox 1274 522 1384 556; x_wconf 81' lang='grc' dir='ltr'>γλύκιον</span> <span class='ocrx_word' id='word_1_185' title='bbox 1394 522 1447 548; x_wconf 80' lang='grc' dir='ltr'><strong>τῶν</strong></span> <span class='ocrx_word' id='word_1_186' title='bbox 1458 522 1528 549; x_wconf 68' lang='grc' dir='ltr'>κατὰ</span> <span class='ocrx_word' id='word_1_187' title='bbox 1541 522 1584 548; x_wconf 76' lang='grc' dir='ltr'><strong>τὸν</strong></span> <span class='ocrx_word' id='word_1_188' title='bbox 1598 521 1654 557; x_wconf 81' lang='grc' dir='ltr'>βίον</span> <span class='ocrx_word' id='word_1_189' title='bbox 1667 521 1728 557; x_wconf 77' lang='grc' dir='ltr'>ἐμοί</span> <span class='ocrx_word' id='word_1_190' title='bbox 1736 521 1755 556; x_wconf 84' lang='grc'>;)</span> <span class='ocrx_word' id='word_1_191' title='bbox 1773 521 1820 548; x_wconf 74' lang='grc' dir='ltr'><strong>καὶ</strong></span> 
     </span>
    </p>
   </div>
   <div class='ocr_carea' id='block_1_28' title="bbox 1028 568 1818 604">
    <p class='ocr_par' dir='ltr' id='par_1_28' title="bbox 1028 568 1818 604">
     <span class='ocr_line' id='line_1_28' title="bbox 1028 568 1818 604; baseline -0.001 -9"><span class='ocrx_word' id='word_1_192' title='bbox 1028 570 1061 595; x_wconf 82' lang='grc' dir='ltr'><strong>ἐκ</strong></span> <span class='ocrx_word' id='word_1_193' title='bbox 1081 568 1127 595; x_wconf 86' lang='grc' dir='ltr'>τοῦ</span> <span class='ocrx_word' id='word_1_194' title='bbox 1144 569 1220 604; x_wconf 79' lang='grc' dir='ltr'>παρὰ</span> <span class='ocrx_word' id='word_1_195' title='bbox 1241 569 1291 603; x_wconf 82' lang='grc' dir='ltr'><strong>τῆς</strong></span> <span class='ocrx_word' id='word_1_196' title='bbox 1309 569 1357 603; x_wconf 82' lang='grc' dir='ltr'><strong>σῆς</strong></span> <span class='ocrx_word' id='word_1_197' title='bbox 1377 571 1532 604; x_wconf 82' lang='grc' dir='ltr'>φρονήσεως</span> <span class='ocrx_word' id='word_1_198' title='bbox 1544 589 1550 599; x_wconf 83' lang='grc'><strong>,</strong></span> <span class='ocrx_word' id='word_1_199' title='bbox 1574 569 1712 604; x_wconf 79' lang='grc' dir='ltr'>πλήκτρου</span> <span class='ocrx_word' id='word_1_200' title='bbox 1728 568 1818 603; x_wconf 79' lang='grc' dir='ltr'>δίκην,</span> 
     </span>
    </p>
   </div>
   <div class='ocr_carea' id='block_1_29' title="bbox 1028 613 1820 650">
    <p class='ocr_par' dir='ltr' id='par_1_29' title="bbox 1028 613 1820 650">
     <span class='ocr_line' id='line_1_29' title="bbox 1028 613 1820 650; baseline 0 -11"><span class='ocrx_word' id='word_1_201' title='bbox 1028 615 1077 650; x_wconf 84' lang='grc' dir='ltr'><strong>τὴν</strong></span> <span class='ocrx_word' id='word_1_202' title='bbox 1090 614 1209 649; x_wconf 76' lang='grc' dir='ltr'>γηραιὰν</span> <span class='ocrx_word' id='word_1_203' title='bbox 1229 614 1307 649; x_wconf 84' lang='grc' dir='ltr'>ήμῶν</span> <span class='ocrx_word' id='word_1_204' title='bbox 1323 614 1506 640; x_wconf 80' lang='grc' dir='ltr'>ἀνακινεῖσθαι</span> <span class='ocrx_word' id='word_1_205' title='bbox 1525 614 1650 649; x_wconf 76' lang='grc' dir='ltr'><strong>κιθάραν.</strong></span> <span class='ocrx_word' id='word_1_206' title='bbox 1671 614 1747 640; x_wconf 77' lang='grc' dir='ltr'>Ἐπεὶ</span> <span class='ocrx_word' id='word_1_207' title='bbox 1761 613 1790 639; x_wconf 75' lang='grc' dir='ltr'>δὲ</span> <span class='ocrx_word' id='word_1_208' title='bbox 1803 615 1820 648; x_wconf 84' lang='grc' dir='ltr'>ἡ</span> 
     </span>
    </p>
   </div>
   <div class='ocr_carea' id='block_1_30' title="bbox 1029 659 1820 698">
    <p class='ocr_par' dir='ltr' id='par_1_30' title="bbox 1029 659 1820 698">
     <span class='ocr_line' id='line_1_30' title="bbox 1029 659 1820 698; baseline -0.001 -12"><span class='ocrx_word' id='word_1_209' title='bbox 1029 660 1074 687; x_wconf 78' lang='grc' dir='ltr'>τοῦ</span> <span class='ocrx_word' id='word_1_210' title='bbox 1096 661 1153 695; x_wconf 85' lang='grc' dir='ltr'>βίου</span> <span class='ocrx_word' id='word_1_211' title='bbox 1176 660 1282 695; x_wconf 81' lang='grc' dir='ltr'><strong>ἀνάγκη</strong></span> <span class='ocrx_word' id='word_1_212' title='bbox 1301 660 1437 687; x_wconf 75' lang='grc' dir='ltr'><strong>διεστάναι</strong></span> <span class='ocrx_word' id='word_1_213' title='bbox 1457 661 1531 696; x_wconf 74' lang='grc' dir='ltr'>ἡμᾶς</span> <span class='ocrx_word' id='word_1_214' title='bbox 1554 660 1759 698; x_wconf 70' lang='grc' dir='ltr'><strong>παρασκευάζει</strong></span> <span class='ocrx_word' id='word_1_215' title='bbox 1779 659 1820 694; x_wconf 82' lang='grc' dir='ltr'>τῷ</span> 
     </span>
    </p>
   </div>
   <div class='ocr_carea' id='block_1_31' title="bbox 1031 705 1821 740">
    <p class='ocr_par' dir='ltr' id='par_1_31' title="bbox 1031 705 1821 740">
     <span class='ocr_line' id='line_1_31' title="bbox 1031 705 1821 740; baseline -0.001 -9"><span class='ocrx_word' id='word_1_216' title='bbox 1031 705 1135 740; x_wconf 81' lang='grc' dir='ltr'>σώματι</span> <span class='ocrx_word' id='word_1_217' title='bbox 1146 726 1152 735; x_wconf 85' lang='lat'><strong>,</strong></span> <span class='ocrx_word' id='word_1_218' title='bbox 1169 705 1220 732; x_wconf 80' lang='grc' dir='ltr'><strong>κᾶν</strong></span> <span class='ocrx_word' id='word_1_219' title='bbox 1234 706 1257 731; x_wconf 86' lang='grc' dir='ltr'><strong>εί</strong></span> <span class='ocrx_word' id='word_1_220' title='bbox 1272 705 1321 736; x_wconf 83' lang='grc' dir='ltr'>τὰς</span> <span class='ocrx_word' id='word_1_221' title='bbox 1333 705 1421 740; x_wconf 70' lang='grc' dir='ltr'>ψυχὰς</span> <span class='ocrx_word' id='word_1_222' title='bbox 1439 705 1639 740; x_wconf 79' lang='grc' dir='ltr'>συναπτώμεθα</span> <span class='ocrx_word' id='word_1_223' title='bbox 1649 725 1656 737; x_wconf 90' lang='grc'><strong>,</strong></span> <span class='ocrx_word' id='word_1_224' title='bbox 1670 706 1821 738; x_wconf 75' lang='grc' dir='ltr'>ἀναγκαῖον</span> 
     </span>
    </p>
   </div>
   <div class='ocr_carea' id='block_1_32' title="bbox 1030 749 1821 785">
    <p class='ocr_par' dir='ltr' id='par_1_32' title="bbox 1030 749 1821 785">
     <span class='ocr_line' id='line_1_32' title="bbox 1030 749 1821 785; baseline 0 -9"><span class='ocrx_word' id='word_1_225' title='bbox 1030 750 1062 776; x_wconf 84' lang='grc' dir='ltr'><strong>ἂν</strong></span> <span class='ocrx_word' id='word_1_226' title='bbox 1077 749 1119 785; x_wconf 83' lang='grc' dir='ltr'><strong>εἴη</strong></span> <span class='ocrx_word' id='word_1_227' title='bbox 1131 769 1138 781; x_wconf 86' lang='grc'><strong>,</strong></span> <span class='ocrx_word' id='word_1_228' title='bbox 1153 750 1199 776; x_wconf 71' lang='grc' dir='ltr'>καὶ</span> <span class='ocrx_word' id='word_1_229' title='bbox 1211 749 1241 776; x_wconf 82' lang='grc' dir='ltr'><strong>τὸ</strong></span> <span class='ocrx_word' id='word_1_230' title='bbox 1254 750 1299 776; x_wconf 77' lang='grc' dir='ltr'>σὺν</span> <span class='ocrx_word' id='word_1_231' title='bbox 1319 750 1464 784; x_wconf 77' lang='grc' dir='ltr'>πρόσωπον</span> <span class='ocrx_word' id='word_1_232' title='bbox 1481 750 1653 779; x_wconf 77' lang='grc' dir='ltr'>ὑποδύεσθαι.</span> <span class='ocrx_word' id='word_1_233' title='bbox 1667 751 1692 776; x_wconf 78' lang='grc' dir='ltr'><strong>εί</strong></span> <span class='ocrx_word' id='word_1_234' title='bbox 1706 749 1759 776; x_wconf 82' lang='grc' dir='ltr'>πού</span> <span class='ocrx_word' id='word_1_235' title='bbox 1778 758 1821 780; x_wconf 78' lang='grc' dir='ltr'><strong>τις</strong></span> 
     </span>
    </p>
   </div>
   <div class='ocr_carea' id='block_1_33' title="bbox 1030 795 1820 831">
    <p class='ocr_par' dir='ltr' id='par_1_33' title="bbox 1030 795 1820 831">
     <span class='ocr_line' id='line_1_33' title="bbox 1030 795 1820 831; baseline -0.003 -9"><span class='ocrx_word' id='word_1_236' title='bbox 1030 795 1189 830; x_wconf 76' lang='grc' dir='ltr'>ἀντίρρησις</span> <span class='ocrx_word' id='word_1_237' title='bbox 1206 795 1274 831; x_wconf 82' lang='grc' dir='ltr'>πρὸς</span> <span class='ocrx_word' id='word_1_238' title='bbox 1287 795 1331 822; x_wconf 75' lang='grc' dir='ltr'><strong>τὸν</strong></span> <span class='ocrx_word' id='word_1_239' title='bbox 1345 795 1434 829; x_wconf 84' lang='grc' dir='ltr'>λόγον,</span> <span class='ocrx_word' id='word_1_240' title='bbox 1455 795 1525 822; x_wconf 81' lang='grc' dir='ltr'>κατὰ</span> <span class='ocrx_word' id='word_1_241' title='bbox 1541 796 1571 822; x_wconf 75' lang='grc' dir='ltr'>τὸ</span> <span class='ocrx_word' id='word_1_242' title='bbox 1582 795 1738 827; x_wconf 75' lang='grc' dir='ltr'>ἀκόλουθον,</span> <span class='ocrx_word' id='word_1_243' title='bbox 1753 796 1820 830; x_wconf 71' lang='grc' dir='ltr'>ἡμῖν</span> 
     </span>
    </p>
   </div>
   <div class='ocr_carea' id='block_1_34' title="bbox 194 830 981 876">
    <p class='ocr_par' dir='ltr' id='par_1_34' title="bbox 194 839 978 876">
     <span class='ocr_line' id='line_1_34' title="bbox 194 839 978 876; baseline -0.004 -7"><span class='ocrx_word' id='word_1_244' title='bbox 194 842 246 869; x_wconf 83' lang='lat' dir='ltr'><strong>Sed</strong></span> <span class='ocrx_word' id='word_1_245' title='bbox 267 842 394 876; x_wconf 91' lang='lat' dir='ltr'><strong>quoniam</strong></span> <span class='ocrx_word' id='word_1_246' title='bbox 422 842 484 868; x_wconf 66' lang='lat' dir='ltr'><strong>vine</strong></span> <span class='ocrx_word' id='word_1_247' title='bbox 501 842 651 868; x_wconf 83' lang='lat' dir='ltr'><strong>necessitas</strong></span> <span class='ocrx_word' id='word_1_248' title='bbox 673 840 746 871; x_wconf 81' lang='lat' dir='ltr'><strong>facit,</strong></span> <span class='ocrx_word' id='word_1_249' title='bbox 773 845 801 866; x_wconf 92' lang='lat' dir='ltr'><strong>ut</strong></span> <span class='ocrx_word' id='word_1_250' title='bbox 819 847 933 874; x_wconf 84' lang='lat' dir='ltr'><strong>corpore</strong></span> <span class='ocrx_word' id='word_1_251' title='bbox 944 839 978 866; x_wconf 84' lang='lat' dir='ltr'><strong>ab</strong></span> 
     </span>
    </p>
   </div>
   <div class='ocr_carea' id='block_1_35' title="bbox 1033 830 1821 876">
    <p class='ocr_par' dir='ltr' id='par_1_35' title="bbox 1033 841 1821 876">
     <span class='ocr_line' id='line_1_35' title="bbox 1033 841 1821 876; baseline -0.001 -8"><span class='ocrx_word' id='word_1_252' title='bbox 1033 842 1189 876; x_wconf 79' lang='grc' dir='ltr'>ἀναφανείη.</span> <span class='ocrx_word' id='word_1_253' title='bbox 1220 841 1318 872; x_wconf 79' lang='grc' dir='ltr'>Καλῶς</span> <span class='ocrx_word' id='word_1_254' title='bbox 1344 841 1365 868; x_wconf 79' lang='grc' dir='ltr'>δ’</span> <span class='ocrx_word' id='word_1_255' title='bbox 1386 841 1419 868; x_wconf 80' lang='grc' dir='ltr'>ἂν</span> <span class='ocrx_word' id='word_1_256' title='bbox 1445 841 1500 876; x_wconf 82' lang='grc' dir='ltr'>ἔχοι</span> <span class='ocrx_word' id='word_1_257' title='bbox 1527 842 1653 868; x_wconf 79' lang='grc' dir='ltr'>ὑπόθεσίν</span> <span class='ocrx_word' id='word_1_258' title='bbox 1679 850 1740 868; x_wconf 84' lang='grc' dir='ltr'>τινα</span> <span class='ocrx_word' id='word_1_259' title='bbox 1765 841 1821 867; x_wconf 79' lang='grc' dir='ltr'>τῶν</span> 
     </span>
    </p>
   </div>
   <div class='ocr_carea' id='block_1_36' title="bbox 194 885 978 922">
    <p class='ocr_par' dir='ltr' id='par_1_36' title="bbox 194 885 978 922">
     <span class='ocr_line' id='line_1_36' title="bbox 194 885 978 922; baseline -0.003 -8"><span class='ocrx_word' id='word_1_260' title='bbox 194 888 309 914; x_wconf 86' lang='lat' dir='ltr'><strong>invicem</strong></span> <span class='ocrx_word' id='word_1_261' title='bbox 335 887 466 922; x_wconf 71' lang='lat' dir='ltr'><strong>disiuncti</strong></span> <span class='ocrx_word' id='word_1_262' title='bbox 496 887 592 918; x_wconf 85' lang='lat' dir='ltr'><strong>simus,</strong></span> <span class='ocrx_word' id='word_1_263' title='bbox 616 886 723 913; x_wconf 90' lang='lat' dir='ltr'><strong>etiamsi</strong></span> <span class='ocrx_word' id='word_1_264' title='bbox 757 885 857 912; x_wconf 89' lang='lat' dir='ltr'><strong>anituis</strong></span> <span class='ocrx_word' id='word_1_265' title='bbox 870 894 978 920; x_wconf 85' lang='lat' dir='ltr'><strong>semper</strong></span> 
     </span>
    </p>
   </div>
   <div class='ocr_carea' id='block_1_37' title="bbox 193 931 976 968">
    <p class='ocr_par' dir='ltr' id='par_1_37' title="bbox 193 931 976 968">
     <span class='ocr_line' id='line_1_37' title="bbox 193 931 976 968; baseline -0.003 -9"><span class='ocrx_word' id='word_1_266' title='bbox 193 933 404 968; x_wconf 72' lang='lat' dir='ltr'><strong>conjungamur,</strong></span> <span class='ocrx_word' id='word_1_267' title='bbox 419 932 606 959; x_wconf 84' lang='lat' dir='ltr'><strong>necessarium</strong></span> <span class='ocrx_word' id='word_1_268' title='bbox 628 931 720 963; x_wconf 87' lang='lat' dir='ltr'><strong>luerit,</strong></span> <span class='ocrx_word' id='word_1_269' title='bbox 739 931 825 958; x_wconf 84' lang='lat' dir='ltr'><strong>sicubi</strong></span> <span class='ocrx_word' id='word_1_270' title='bbox 838 931 976 958; x_wconf 79' lang='lat' dir='ltr'><strong>contradi-</strong></span> 
     </span>
    </p>
   </div>
   <div class='ocr_carea' id='block_1_38' title="bbox 194 977 976 1014">
    <p class='ocr_par' dir='ltr' id='par_1_38' title="bbox 194 977 976 1014">
     <span class='ocr_line' id='line_1_38' title="bbox 194 977 976 1014; baseline 0 -10"><span class='ocrx_word' id='word_1_271' title='bbox 194 977 248 1005; x_wconf 88' lang='lat' dir='ltr'><strong>ctio</strong></span> <span class='ocrx_word' id='word_1_272' title='bbox 268 979 356 1014; x_wconf 82' lang='lat' dir='ltr'><strong>aliqua</strong></span> <span class='ocrx_word' id='word_1_273' title='bbox 374 978 452 1005; x_wconf 84' lang='lat' dir='ltr'><strong>nobis</strong></span> <span class='ocrx_word' id='word_1_274' title='bbox 463 978 597 1006; x_wconf 81' lang='lat' dir='ltr'><strong>exsistere</strong></span> <span class='ocrx_word' id='word_1_275' title='bbox 609 977 667 1004; x_wconf 82' lang='lat' dir='ltr'><strong>visa</strong></span> <span class='ocrx_word' id='word_1_276' title='bbox 693 977 784 1009; x_wconf 85' lang='lat' dir='ltr'><strong>fuerit,</strong></span> <span class='ocrx_word' id='word_1_277' title='bbox 812 985 860 1012; x_wconf 90' lang='lat' dir='ltr'><strong>per</strong></span> <span class='ocrx_word' id='word_1_278' title='bbox 879 985 976 1004; x_wconf 86' lang='lat' dir='ltr'><strong>consc-</strong></span> 
     </span>
    </p>
   </div>
   <div class='ocr_carea' id='block_1_39' title="bbox 1030 885 1819 922">
    <p class='ocr_par' dir='ltr' id='par_1_39' title="bbox 1030 885 1819 922">
     <span class='ocr_line' id='line_1_39' title="bbox 1030 885 1819 922; baseline 0.003 -11"><span class='ocrx_word' id='word_1_279' title='bbox 1030 885 1198 921; x_wconf 75' lang='grc' dir='ltr'>ψυχωφελῶν</span> <span class='ocrx_word' id='word_1_280' title='bbox 1218 885 1357 920; x_wconf 79' lang='grc' dir='ltr'><strong>προθεῖναι</strong></span> <span class='ocrx_word' id='word_1_281' title='bbox 1376 886 1414 921; x_wconf 79' lang='grc' dir='ltr'><strong>τῷ</strong></span> <span class='ocrx_word' id='word_1_282' title='bbox 1434 886 1488 913; x_wconf 87' lang='grc' dir='ltr'><strong>τῶν</strong></span> <span class='ocrx_word' id='word_1_283' title='bbox 1509 887 1681 922; x_wconf 81' lang='grc' dir='ltr'><strong>γραμμάτων</strong></span> <span class='ocrx_word' id='word_1_284' title='bbox 1702 886 1798 921; x_wconf 81' lang='grc' dir='ltr'>σκοπῷ</span> <span class='ocrx_word' id='word_1_285' title='bbox 1812 905 1819 917; x_wconf 84' lang='grc'><strong>,</strong></span> 
     </span>
    </p>
   </div>
   <div class='ocr_carea' id='block_1_40' title="bbox 1030 930 1818 968">
    <p class='ocr_par' dir='ltr' id='par_1_40' title="bbox 1030 930 1818 968">
     <span class='ocr_line' id='line_1_40' title="bbox 1030 930 1818 968; baseline -0.001 -11"><span class='ocrx_word' id='word_1_286' title='bbox 1030 930 1078 958; x_wconf 82' lang='grc' dir='ltr'>εἷθ’</span> <span class='ocrx_word' id='word_1_287' title='bbox 1093 931 1164 957; x_wconf 76' lang='grc' dir='ltr'>οὕτω</span> <span class='ocrx_word' id='word_1_288' title='bbox 1177 931 1245 966; x_wconf 82' lang='grc' dir='ltr'>πρὸς</span> <span class='ocrx_word' id='word_1_289' title='bbox 1256 931 1285 957; x_wconf 76' lang='grc' dir='ltr'>τὸ</span> <span class='ocrx_word' id='word_1_290' title='bbox 1299 932 1477 966; x_wconf 85' lang='grc' dir='ltr'>προκείμενον</span> <span class='ocrx_word' id='word_1_291' title='bbox 1493 932 1676 968; x_wconf 81' lang='grc' dir='ltr'>ἁσχοληθῆναι</span> <span class='ocrx_word' id='word_1_292' title='bbox 1686 933 1725 968; x_wconf 79' lang='grc' dir='ltr'><strong>τῷ</strong></span> <span class='ocrx_word' id='word_1_293' title='bbox 1735 932 1818 966; x_wconf 79' lang='grc' dir='ltr'>λόγῳ.</span> 
     </span>
    </p>
   </div>
   <div class='ocr_carea' id='block_1_41' title="bbox 1029 977 1771 1015">
    <p class='ocr_par' dir='ltr' id='par_1_41' title="bbox 1029 977 1771 1015">
     <span class='ocr_line' id='line_1_41' title="bbox 1029 977 1771 1015; baseline 0.001 -11"><span class='ocrx_word' id='word_1_294' title='bbox 1029 977 1143 1009; x_wconf 77' lang='grc' dir='ltr'>Οὐκοῦν,</span> <span class='ocrx_word' id='word_1_295' title='bbox 1158 977 1195 1009; x_wconf 83' lang='grc' dir='ltr'>ὡς</span> <span class='ocrx_word' id='word_1_296' title='bbox 1212 978 1240 1003; x_wconf 85' lang='grc' dir='ltr'><strong>ἐν</strong></span> <span class='ocrx_word' id='word_1_297' title='bbox 1255 977 1440 1013; x_wconf 74' lang='grc' dir='ltr'>προϐλήματι,</span> <span class='ocrx_word' id='word_1_298' title='bbox 1456 978 1587 1013; x_wconf 80' lang='grc' dir='ltr'>ζητείσθω</span> <span class='ocrx_word' id='word_1_299' title='bbox 1599 979 1663 1014; x_wconf 75' lang='grc' dir='ltr'>παρ’</span> <span class='ocrx_word' id='word_1_300' title='bbox 1675 979 1754 1015; x_wconf 78' lang='grc' dir='ltr'>ἡμῶν</span> <span class='ocrx_word' id='word_1_301' title='bbox 1764 987 1771 994; x_wconf 79' lang='grc'><strong><em>⁸</em></strong></span> 
     </span>
    </p>
   </div>
   <div class='ocr_carea' id='block_1_42' title="bbox 193 1023 1820 1060">
    <p class='ocr_par' dir='ltr' id='par_1_42' title="bbox 193 1023 1820 1060">
     <span class='ocr_line' id='line_1_42' title="bbox 193 1023 1820 1060; baseline 0.001 -10"><span class='ocrx_word' id='word_1_302' title='bbox 193 1024 330 1058; x_wconf 87' lang='lat' dir='ltr'><strong>quentiam</strong></span> <span class='ocrx_word' id='word_1_303' title='bbox 343 1024 474 1052; x_wconf 87' lang='lat' dir='ltr'><strong>adversus</strong></span> <span class='ocrx_word' id='word_1_304' title='bbox 492 1031 644 1051; x_wconf 83' lang='lat' dir='ltr'><strong>sermonem</strong></span> <span class='ocrx_word' id='word_1_305' title='bbox 659 1023 741 1050; x_wconf 79' lang='lat' dir='ltr'><strong>etiam</strong></span> <span class='ocrx_word' id='word_1_306' title='bbox 757 1028 831 1050; x_wconf 85' lang='lat' dir='ltr'><strong>tuam</strong></span> <span class='ocrx_word' id='word_1_307' title='bbox 845 1024 937 1050; x_wconf 82' lang='lat' dir='ltr'><strong>subire</strong></span> <span class='ocrx_word' id='word_1_308' title='bbox 948 1030 1104 1058; x_wconf 82' lang='lat' dir='ltr'><strong>personam.</strong></span> <span class='ocrx_word' id='word_1_309' title='bbox 1117 1023 1295 1050; x_wconf 74' lang='lat' dir='ltr'><strong>Commodum</strong></span> <span class='ocrx_word' id='word_1_310' title='bbox 1309 1027 1400 1051; x_wconf 90' lang='lat' dir='ltr'><strong>autem</strong></span> <span class='ocrx_word' id='word_1_311' title='bbox 1411 1023 1493 1052; x_wconf 81' lang='lat' dir='ltr'><strong>fuerit</strong></span> <span class='ocrx_word' id='word_1_312' title='bbox 1503 1025 1618 1059; x_wconf 92' lang='lat' dir='ltr'><strong>primum</strong></span> <span class='ocrx_word' id='word_1_313' title='bbox 1629 1029 1820 1060; x_wconf 82' lang='lat' dir='ltr'><strong>argumentum</strong></span> 
     </span>
    </p>
   </div>
   <div class='ocr_carea' id='block_1_43' title="bbox 193 1068 1820 1106">
    <p class='ocr_par' dir='ltr' id='par_1_43' title="bbox 193 1068 1820 1106">
     <span class='ocr_line' id='line_1_43' title="bbox 193 1068 1820 1106; baseline 0 -10"><span class='ocrx_word' id='word_1_314' title='bbox 193 1069 340 1104; x_wconf 78' lang='lat' dir='ltr'><strong>quoddam,</strong></span> <span class='ocrx_word' id='word_1_315' title='bbox 350 1069 421 1097; x_wconf 85' lang='lat' dir='ltr'><strong>unde</strong></span> <span class='ocrx_word' id='word_1_316' title='bbox 431 1069 520 1104; x_wconf 85' lang='lat' dir='ltr'><strong>aliqua</strong></span> <span class='ocrx_word' id='word_1_317' title='bbox 528 1068 560 1095; x_wconf 90' lang='lat' dir='ltr'><strong>ad</strong></span> <span class='ocrx_word' id='word_1_318' title='bbox 572 1068 690 1096; x_wconf 85' lang='lat' dir='ltr'><strong>animum</strong></span> <span class='ocrx_word' id='word_1_319' title='bbox 699 1068 803 1095; x_wconf 88' lang='lat' dir='ltr'><strong>utilitas</strong></span> <span class='ocrx_word' id='word_1_320' title='bbox 813 1070 954 1103; x_wconf 74' lang='lat' dir='ltr'><strong>pervenire</strong></span> <span class='ocrx_word' id='word_1_321' title='bbox 963 1069 1213 1103; x_wconf 89' lang='lat' dir='ltr'><strong>possit,proponere</strong></span> <span class='ocrx_word' id='word_1_322' title='bbox 1226 1068 1305 1103; x_wconf 90' lang='lat' dir='ltr'><strong>quasi</strong></span> <span class='ocrx_word' id='word_1_323' title='bbox 1313 1075 1426 1103; x_wconf 82' lang='lat' dir='ltr'><strong>scopum</strong></span> <span class='ocrx_word' id='word_1_324' title='bbox 1440 1070 1602 1102; x_wconf 85' lang='lat' dir='ltr'><strong>litterarum,</strong></span> <span class='ocrx_word' id='word_1_325' title='bbox 1613 1078 1667 1105; x_wconf 93' lang='lat' dir='ltr'><strong>quo</strong></span> <span class='ocrx_word' id='word_1_326' title='bbox 1679 1074 1820 1106; x_wconf 68' lang='lat' dir='ltr'><strong>spectent:</strong></span> 
     </span>
    </p>
   </div>
   <div class='ocr_carea' id='block_1_44' title="bbox 193 1113 1729 1150">
    <p class='ocr_par' dir='ltr' id='par_1_44' title="bbox 193 1113 1729 1150">
     <span class='ocr_line' id='line_1_44' title="bbox 193 1113 1729 1150; baseline 0.001 -8"><span class='ocrx_word' id='word_1_327' title='bbox 193 1115 290 1142; x_wconf 89' lang='lat' dir='ltr'><strong>deinde</strong></span> <span class='ocrx_word' id='word_1_328' title='bbox 302 1115 341 1142; x_wconf 86' lang='lat' dir='ltr'><strong>sic</strong></span> <span class='ocrx_word' id='word_1_329' title='bbox 359 1114 393 1141; x_wconf 87' lang='lat' dir='ltr'><strong>ad</strong></span> <span class='ocrx_word' id='word_1_330' title='bbox 407 1122 463 1141; x_wconf 84' lang='lat' dir='ltr'><strong>rem</strong></span> <span class='ocrx_word' id='word_1_331' title='bbox 480 1115 645 1150; x_wconf 85' lang='lat' dir='ltr'><strong>propositam</strong></span> <span class='ocrx_word' id='word_1_332' title='bbox 665 1114 785 1141; x_wconf 86' lang='lat' dir='ltr'><strong>sermoni</strong></span> <span class='ocrx_word' id='word_1_333' title='bbox 797 1121 906 1148; x_wconf 82' lang='lat' dir='ltr'><strong>operam</strong></span> <span class='ocrx_word' id='word_1_334' title='bbox 922 1113 998 1141; x_wconf 87' lang='lat' dir='ltr'><strong>dare.</strong></span> <span class='ocrx_word' id='word_1_335' title='bbox 1012 1113 1096 1149; x_wconf 83' lang='lat' dir='ltr'><strong>Igitur</strong></span> <span class='ocrx_word' id='word_1_336' title='bbox 1106 1114 1138 1140; x_wconf 75' lang='lat' dir='ltr'><strong>ad</strong></span> <span class='ocrx_word' id='word_1_337' title='bbox 1151 1114 1327 1148; x_wconf 69' lang='lat' dir='ltr'><strong>qumrendum</strong></span> <span class='ocrx_word' id='word_1_338' title='bbox 1342 1122 1357 1141; x_wconf 87' lang='lat' dir='ltr'><strong>a</strong></span> <span class='ocrx_word' id='word_1_339' title='bbox 1372 1114 1451 1142; x_wconf 87' lang='lat' dir='ltr'><strong>nobis</strong></span> <span class='ocrx_word' id='word_1_340' title='bbox 1467 1117 1636 1150; x_wconf 83' lang='lat' dir='ltr'><strong>propositum</strong></span> <span class='ocrx_word' id='word_1_341' title='bbox 1650 1121 1710 1144; x_wconf 85' lang='lat' dir='ltr'><strong>esto</strong></span> <span class='ocrx_word' id='word_1_342' title='bbox 1723 1127 1729 1144; x_wconf 87' lang='lat'>:</span> 
     </span>
    </p>
   </div>
   <div class='ocr_carea' id='block_1_45' title="bbox 265 1192 829 1228">
    <p class='ocr_par' dir='ltr' id='par_1_45' title="bbox 265 1192 829 1228">
     <span class='ocr_line' id='line_1_45' title="bbox 265 1192 829 1228; baseline 0 -8"><span class='ocrx_word' id='word_1_343' title='bbox 265 1194 330 1227; x_wconf 75' lang='lat' dir='ltr'><strong>Qua:</strong></span> <span class='ocrx_word' id='word_1_344' title='bbox 342 1194 376 1220; x_wconf 82' lang='lat' dir='ltr'><strong>sit</strong></span> <span class='ocrx_word' id='word_1_345' title='bbox 388 1192 534 1220; x_wconf 74' lang='lat' dir='ltr'><strong>Christiani</strong></span> <span class='ocrx_word' id='word_1_346' title='bbox 547 1193 661 1220; x_wconf 76' lang='lat' dir='ltr'><strong>hominis</strong></span> <span class='ocrx_word' id='word_1_347' title='bbox 679 1193 829 1228; x_wconf 65' lang='lat' dir='ltr'><strong>professio?</strong></span> 
     </span>
    </p>
   </div>
   <div class='ocr_carea' id='block_1_46' title="bbox 230 1249 978 1284">
    <p class='ocr_par' dir='ltr' id='par_1_46' title="bbox 230 1249 978 1284">
     <span class='ocr_line' id='line_1_46' title="bbox 230 1249 978 1284; baseline 0 -7"><span class='ocrx_word' id='word_1_348' title='bbox 230 1250 363 1277; x_wconf 80' lang='lat' dir='ltr'><strong>Fortassis</strong></span> <span class='ocrx_word' id='word_1_349' title='bbox 376 1250 447 1277; x_wconf 89' lang='lat' dir='ltr'><strong>enim</strong></span> <span class='ocrx_word' id='word_1_350' title='bbox 460 1250 531 1276; x_wconf 87' lang='lat' dir='ltr'><strong>haud</strong></span> <span class='ocrx_word' id='word_1_351' title='bbox 544 1249 649 1277; x_wconf 89' lang='lat' dir='ltr'><strong>inutilis</strong></span> <span class='ocrx_word' id='word_1_352' title='bbox 672 1250 724 1277; x_wconf 89' lang='lat' dir='ltr'><strong>erit</strong></span> <span class='ocrx_word' id='word_1_353' title='bbox 740 1250 822 1284; x_wconf 89' lang='lat' dir='ltr'><strong>hujus</strong></span> <span class='ocrx_word' id='word_1_354' title='bbox 837 1250 874 1277; x_wconf 89' lang='lat' dir='ltr'><strong>rei</strong></span> <span class='ocrx_word' id='word_1_355' title='bbox 886 1251 978 1278; x_wconf 88' lang='lat' dir='ltr'><strong>consi-</strong></span> 
     </span>
    </p>
   </div>
   <div class='ocr_carea' id='block_1_47' title="bbox 194 1295 977 1330">
    <p class='ocr_par' dir='ltr' id='par_1_47' title="bbox 194 1295 977 1330">
     <span class='ocr_line' id='line_1_47' title="bbox 194 1295 977 1330; baseline 0 -8"><span class='ocrx_word' id='word_1_356' title='bbox 194 1296 310 1323; x_wconf 85' lang='lat' dir='ltr'><strong>deratio.</strong></span> <span class='ocrx_word' id='word_1_357' title='bbox 326 1295 392 1322; x_wconf 76' lang='lat' dir='ltr'><strong>Nam</strong></span> <span class='ocrx_word' id='word_1_358' title='bbox 409 1296 431 1323; x_wconf 87' lang='lat' dir='ltr'><strong>si</strong></span> <span class='ocrx_word' id='word_1_359' title='bbox 450 1296 527 1330; x_wconf 83' lang='lat' dir='ltr'><strong>plene</strong></span> <span class='ocrx_word' id='word_1_360' title='bbox 539 1300 620 1330; x_wconf 88' lang='lat' dir='ltr'><strong>atque</strong></span> <span class='ocrx_word' id='word_1_361' title='bbox 636 1301 730 1323; x_wconf 77' lang='lat' dir='ltr'><strong>exacte</strong></span> <span class='ocrx_word' id='word_1_362' title='bbox 743 1297 882 1323; x_wconf 86' lang='lat' dir='ltr'><strong>inventum</strong></span> <span class='ocrx_word' id='word_1_363' title='bbox 895 1295 977 1323; x_wconf 83' lang='lat' dir='ltr'><strong>fuerit</strong></span> 
     </span>
    </p>
   </div>
   <div class='ocr_carea' id='block_1_48' title="bbox 195 1341 977 1376">
    <p class='ocr_par' dir='ltr' id='par_1_48' title="bbox 195 1341 977 1376">
     <span class='ocr_line' id='line_1_48' title="bbox 195 1341 977 1376; baseline -0.001 -8"><span class='ocrx_word' id='word_1_364' title='bbox 195 1342 220 1369; x_wconf 91' lang='lat' dir='ltr'><strong>id</strong></span> <span class='ocrx_word' id='word_1_365' title='bbox 237 1341 310 1376; x_wconf 93' lang='lat' dir='ltr'><strong>quod</strong></span> <span class='ocrx_word' id='word_1_366' title='bbox 327 1349 374 1376; x_wconf 88' lang='lat' dir='ltr'><strong>per</strong></span> <span class='ocrx_word' id='word_1_367' title='bbox 388 1341 440 1367; x_wconf 85' lang='lat' dir='ltr'><strong>hoc</strong></span> <span class='ocrx_word' id='word_1_368' title='bbox 456 1348 553 1368; x_wconf 85' lang='lat' dir='ltr'><strong>nomen</strong></span> <span class='ocrx_word' id='word_1_369' title='bbox 567 1341 732 1372; x_wconf 81' lang='lat' dir='ltr'><strong>declaratur,</strong></span> <span class='ocrx_word' id='word_1_370' title='bbox 751 1349 878 1376; x_wconf 77' lang='lat' dir='ltr'><strong>magnum</strong></span> <span class='ocrx_word' id='word_1_371' title='bbox 895 1341 977 1376; x_wconf 84' lang='lat' dir='ltr'><strong>adju-</strong></span> 
     </span>
    </p>
   </div>
   <div class='ocr_carea' id='block_1_49' title="bbox 193 1387 980 1422">
    <p class='ocr_par' dir='ltr' id='par_1_49' title="bbox 193 1387 980 1422">
     <span class='ocr_line' id='line_1_49' title="bbox 193 1387 980 1422; baseline 0 -8"><span class='ocrx_word' id='word_1_372' title='bbox 193 1392 312 1414; x_wconf 88' lang='lat' dir='ltr'><strong>mentum</strong></span> <span class='ocrx_word' id='word_1_373' title='bbox 324 1387 556 1422; x_wconf 74' lang='lat' dir='ltr'><strong>adepti‘l‘uerimus</strong></span> <span class='ocrx_word' id='word_1_374' title='bbox 568 1387 599 1413; x_wconf 52' lang='lat' dir='ltr'><strong>ail</strong></span> <span class='ocrx_word' id='word_1_375' title='bbox 614 1387 696 1413; x_wconf 80' lang='lat' dir='ltr'><strong>vitam</strong></span> <span class='ocrx_word' id='word_1_376' title='bbox 709 1394 769 1413; x_wconf 88' lang='lat' dir='ltr'><strong>cum</strong></span> <span class='ocrx_word' id='word_1_377' title='bbox 781 1387 880 1413; x_wconf 85' lang='lat' dir='ltr'><strong>virtute</strong></span> <span class='ocrx_word' id='word_1_378' title='bbox 894 1392 980 1414; x_wconf 86' lang='lat' dir='ltr'><strong>trans-</strong></span> 
     </span>
    </p>
   </div>
   <div class='ocr_carea' id='block_1_50' title="bbox 194 1432 980 1469">
    <p class='ocr_par' dir='ltr' id='par_1_50' title="bbox 194 1432 980 1469">
     <span class='ocr_line' id='line_1_50' title="bbox 194 1432 980 1469; baseline -0.003 -9"><span class='ocrx_word' id='word_1_379' title='bbox 194 1433 328 1469; x_wconf 83' lang='lat' dir='ltr'><strong>igendatn,</strong></span> <span class='ocrx_word' id='word_1_380' title='bbox 338 1433 361 1460; x_wconf 90' lang='lat' dir='ltr'><strong>si</strong></span> <span class='ocrx_word' id='word_1_381' title='bbox 378 1432 405 1459; x_wconf 90' lang='lat' dir='ltr'><strong>id</strong></span> <span class='ocrx_word' id='word_1_382' title='bbox 416 1432 488 1467; x_wconf 85' lang='lat' dir='ltr'><strong>quod</strong></span> <span class='ocrx_word' id='word_1_383' title='bbox 502 1432 683 1462; x_wconf 86' lang='lat' dir='ltr'><strong>nominamur,</strong></span> <span class='ocrx_word' id='word_1_384' title='bbox 698 1440 745 1466; x_wconf 87' lang='lat' dir='ltr'><strong>per</strong></span> <span class='ocrx_word' id='word_1_385' title='bbox 756 1432 898 1460; x_wconf 88' lang='lat' dir='ltr'><strong>suhlimem</strong></span> <span class='ocrx_word' id='word_1_386' title='bbox 911 1440 980 1467; x_wconf 83' lang='lat' dir='ltr'><strong>quo-</strong></span> 
     </span>
    </p>
   </div>
   <div class='ocr_carea' id='block_1_51' title="bbox 196 1477 980 1514">
    <p class='ocr_par' dir='ltr' id='par_1_51' title="bbox 196 1477 980 1514">
     <span class='ocr_line' id='line_1_51' title="bbox 196 1477 980 1514; baseline -0.001 -9"><span class='ocrx_word' id='word_1_387' title='bbox 196 1487 249 1514; x_wconf 84' lang='lat' dir='ltr'><strong>que</strong></span> <span class='ocrx_word' id='word_1_388' title='bbox 265 1480 326 1506; x_wconf 74' lang='lat' dir='ltr'><strong>vita:</strong></span> <span class='ocrx_word' id='word_1_389' title='bbox 341 1479 474 1505; x_wconf 88' lang='lat' dir='ltr'><strong>rationem</strong></span> <span class='ocrx_word' id='word_1_390' title='bbox 493 1485 555 1505; x_wconf 87' lang='lat' dir='ltr'><strong>vere</strong></span> <span class='ocrx_word' id='word_1_391' title='bbox 570 1485 630 1505; x_wconf 90' lang='lat' dir='ltr'><strong>esse</strong></span> <span class='ocrx_word' id='word_1_392' title='bbox 657 1477 826 1505; x_wconf 68' lang='lat' dir='ltr'><strong>Studeamus.</strong></span> <span class='ocrx_word' id='word_1_393' title='bbox 842 1477 980 1510; x_wconf 84' lang='lat' dir='ltr'><strong>Quemad-</strong></span> 
     </span>
    </p>
   </div>
   <div class='ocr_carea' id='block_1_52' title="bbox 1107 1193 1643 1230">
    <p class='ocr_par' dir='ltr' id='par_1_52' title="bbox 1107 1193 1643 1230">
     <span class='ocr_line' id='line_1_52' title="bbox 1107 1193 1643 1230; baseline 0.006 -11"><span class='ocrx_word' id='word_1_394' title='bbox 1107 1193 1136 1220; x_wconf 88' lang='lat' dir='ltr'><strong>Tl</strong></span> <span class='ocrx_word' id='word_1_395' title='bbox 1148 1193 1201 1220; x_wconf 84' lang='grc' dir='ltr'>τοῦ</span> <span class='ocrx_word' id='word_1_396' title='bbox 1217 1193 1394 1226; x_wconf 81' lang='grc' dir='ltr'>Χριστιανοῦ</span> <span class='ocrx_word' id='word_1_397' title='bbox 1411 1194 1442 1220; x_wconf 79' lang='grc' dir='ltr'>τὸ</span> <span class='ocrx_word' id='word_1_398' title='bbox 1456 1194 1643 1230; x_wconf 57' lang='grc' dir='ltr'>ὲπάῃητελμω</span> 
     </span>
    </p>
   </div>
   <div class='ocr_carea' id='block_1_53' title="bbox 1069 1249 1821 1288">
    <p class='ocr_par' dir='ltr' id='par_1_53' title="bbox 1069 1249 1821 1288">
     <span class='ocr_line' id='line_1_53' title="bbox 1069 1249 1821 1288; baseline 0.008 -13"><span class='ocrx_word' id='word_1_399' title='bbox 1069 1249 1145 1284; x_wconf 78' lang='grc' dir='ltr'>Τάχα</span> <span class='ocrx_word' id='word_1_400' title='bbox 1161 1250 1214 1285; x_wconf 81' lang='grc' dir='ltr'>γὰρ</span> <span class='ocrx_word' id='word_1_401' title='bbox 1227 1250 1276 1276; x_wconf 81' lang='grc' dir='ltr'>οὐκ</span> <span class='ocrx_word' id='word_1_402' title='bbox 1287 1249 1339 1282; x_wconf 75' lang='grc' dir='ltr'><strong>ἔξω</strong></span> <span class='ocrx_word' id='word_1_403' title='bbox 1353 1250 1400 1276; x_wconf 80' lang='grc' dir='ltr'>τοῦ</span> <span class='ocrx_word' id='word_1_404' title='bbox 1412 1250 1611 1283; x_wconf 80' lang='grc' dir='ltr'>λυσιτελοῦντος</span> <span class='ocrx_word' id='word_1_405' title='bbox 1622 1253 1638 1287; x_wconf 88' lang='grc' dir='ltr'>ὴ</span> <span class='ocrx_word' id='word_1_406' title='bbox 1649 1254 1715 1288; x_wconf 79' lang='grc' dir='ltr'>περὶ</span> <span class='ocrx_word' id='word_1_407' title='bbox 1725 1253 1821 1281; x_wconf 75' lang='grc' dir='ltr'>τούτου</span> 
     </span>
    </p>
   </div>
   <div class='ocr_carea' id='block_1_54' title="bbox 1033 1295 1821 1334">
    <p class='ocr_par' dir='ltr' id='par_1_54' title="bbox 1033 1295 1821 1334">
     <span class='ocr_line' id='line_1_54' title="bbox 1033 1295 1821 1334; baseline 0.009 -15"><span class='ocrx_word' id='word_1_408' title='bbox 1033 1295 1128 1329; x_wconf 71' lang='grc' dir='ltr'>σκέψις</span> <span class='ocrx_word' id='word_1_409' title='bbox 1149 1296 1304 1330; x_wconf 76' lang='grc' dir='ltr'>γενήσεται.</span> <span class='ocrx_word' id='word_1_410' title='bbox 1322 1296 1352 1322; x_wconf 84' lang='grc' dir='ltr'><strong>Εἰ</strong></span> <span class='ocrx_word' id='word_1_411' title='bbox 1368 1295 1422 1331; x_wconf 76' lang='grc' dir='ltr'><strong>γὰρ</strong></span> <span class='ocrx_word' id='word_1_412' title='bbox 1443 1296 1564 1332; x_wconf 72' lang='grc' dir='ltr'>ἀκριϐῶς</span> <span class='ocrx_word' id='word_1_413' title='bbox 1578 1298 1703 1334; x_wconf 79' lang='grc' dir='ltr'>εὑρεθείη</span> <span class='ocrx_word' id='word_1_414' title='bbox 1728 1299 1759 1326; x_wconf 82' lang='grc' dir='ltr'>τὸ</span> <span class='ocrx_word' id='word_1_415' title='bbox 1775 1300 1821 1326; x_wconf 75' lang='grc' dir='ltr'>διὰ</span> 
     </span>
    </p>
   </div>
   <div class='ocr_carea' id='block_1_55' title="bbox 1031 1339 1822 1379">
    <p class='ocr_par' dir='ltr' id='par_1_55' title="bbox 1031 1339 1822 1379">
     <span class='ocr_line' id='line_1_55' title="bbox 1031 1339 1822 1379; baseline 0.008 -14"><span class='ocrx_word' id='word_1_416' title='bbox 1031 1339 1077 1366; x_wconf 83' lang='grc' dir='ltr'>τοῦ</span> <span class='ocrx_word' id='word_1_417' title='bbox 1091 1340 1221 1374; x_wconf 82' lang='grc' dir='ltr'>ὀνόματος</span> <span class='ocrx_word' id='word_1_418' title='bbox 1237 1341 1330 1367; x_wconf 82' lang='grc' dir='ltr'>τούτου</span> <span class='ocrx_word' id='word_1_419' title='bbox 1343 1341 1517 1377; x_wconf 83' lang='grc' dir='ltr'>δηλούμενον,</span> <span class='ocrx_word' id='word_1_420' title='bbox 1529 1342 1629 1378; x_wconf 80' lang='grc' dir='ltr'>πολλὴν</span> <span class='ocrx_word' id='word_1_421' title='bbox 1643 1343 1676 1370; x_wconf 83' lang='grc' dir='ltr'><strong>ἂν</strong></span> <span class='ocrx_word' id='word_1_422' title='bbox 1690 1343 1822 1379; x_wconf 71' lang='grc' dir='ltr'>λάϐοιμεν</span> 
     </span>
    </p>
   </div>
   <div class='ocr_carea' id='block_1_56' title="bbox 1032 1385 1822 1425">
    <p class='ocr_par' dir='ltr' id='par_1_56' title="bbox 1032 1385 1822 1425">
     <span class='ocr_line' id='line_1_56' title="bbox 1032 1385 1822 1425; baseline 0.008 -15"><span class='ocrx_word' id='word_1_423' title='bbox 1032 1385 1100 1420; x_wconf 68' lang='grc' dir='ltr'>προς</span> <span class='ocrx_word' id='word_1_424' title='bbox 1113 1385 1157 1411; x_wconf 60' lang='grc' dir='ltr'><strong>τον</strong></span> <span class='ocrx_word' id='word_1_425' title='bbox 1170 1385 1230 1412; x_wconf 72' lang='grc' dir='ltr'>κατ’</span> <span class='ocrx_word' id='word_1_426' title='bbox 1249 1386 1348 1422; x_wconf 77' lang='grc' dir='ltr'>ἀρετὴν</span> <span class='ocrx_word' id='word_1_427' title='bbox 1362 1387 1418 1422; x_wconf 81' lang='grc' dir='ltr'>βίον</span> <span class='ocrx_word' id='word_1_428' title='bbox 1442 1388 1586 1423; x_wconf 81' lang='grc' dir='ltr'>συνεργίαν</span> <span class='ocrx_word' id='word_1_429' title='bbox 1599 1397 1605 1404; x_wconf 94' lang='grc'><strong>·</strong></span> <span class='ocrx_word' id='word_1_430' title='bbox 1622 1388 1739 1424; x_wconf 83' lang='grc' dir='ltr'>ἀληθῶς,</span> <span class='ocrx_word' id='word_1_431' title='bbox 1753 1390 1822 1425; x_wconf 84' lang='grc' dir='ltr'>ὅπερ</span> 
     </span>
    </p>
   </div>
   <div class='ocr_carea' id='block_1_57' title="bbox 1031 1431 1823 1470">
    <p class='ocr_par' dir='ltr' id='par_1_57' title="bbox 1031 1431 1823 1470">
     <span class='ocr_line' id='line_1_57' title="bbox 1031 1431 1823 1470; baseline 0.008 -14"><span class='ocrx_word' id='word_1_432' title='bbox 1031 1431 1218 1466; x_wconf 75' lang='grc' dir='ltr'>ὀνομαζόμεθα</span> <span class='ocrx_word' id='word_1_433' title='bbox 1230 1451 1237 1462; x_wconf 84' lang='grc'><strong>,</strong></span> <span class='ocrx_word' id='word_1_434' title='bbox 1252 1432 1330 1458; x_wconf 78' lang='grc' dir='ltr'>τοῦτο</span> <span class='ocrx_word' id='word_1_435' title='bbox 1350 1432 1397 1459; x_wconf 80' lang='grc' dir='ltr'>καὶ</span> <span class='ocrx_word' id='word_1_436' title='bbox 1411 1431 1479 1460; x_wconf 80' lang='grc' dir='ltr'>εἶναι</span> <span class='ocrx_word' id='word_1_437' title='bbox 1498 1433 1541 1460; x_wconf 73' lang='grc' dir='ltr'>διὰ</span> <span class='ocrx_word' id='word_1_438' title='bbox 1558 1434 1606 1469; x_wconf 82' lang='grc' dir='ltr'><strong>τῆς</strong></span> <span class='ocrx_word' id='word_1_439' title='bbox 1624 1435 1731 1470; x_wconf 75' lang='grc' dir='ltr'>ὑψηλῆς</span> <span class='ocrx_word' id='word_1_440' title='bbox 1745 1436 1823 1462; x_wconf 84' lang='grc' dir='ltr'>πολι-</span> 
     </span>
    </p>
   </div>
   <div class='ocr_carea' id='block_1_58' title="bbox 1032 1476 1822 1516">
    <p class='ocr_par' dir='ltr' id='par_1_58' title="bbox 1032 1476 1822 1516">
     <span class='ocr_line' id='line_1_58' title="bbox 1032 1476 1822 1516; baseline 0.006 -15"><span class='ocrx_word' id='word_1_441' title='bbox 1032 1476 1106 1507; x_wconf 81' lang='grc' dir='ltr'>τείας</span> <span class='ocrx_word' id='word_1_442' title='bbox 1123 1476 1328 1508; x_wconf 80' lang='grc' dir='ltr'>σπουδάζοντες.</span> <span class='ocrx_word' id='word_1_443' title='bbox 1341 1477 1446 1512; x_wconf 81' lang='grc' dir='ltr'>Ὥσπερ</span> <span class='ocrx_word' id='word_1_444' title='bbox 1462 1478 1516 1514; x_wconf 77' lang='grc' dir='ltr'>γὰρ</span> <span class='ocrx_word' id='word_1_445' title='bbox 1526 1479 1552 1505; x_wconf 73' lang='grc' dir='ltr'>εἴ</span> <span class='ocrx_word' id='word_1_446' title='bbox 1565 1488 1606 1511; x_wconf 84' lang='grc' dir='ltr'><strong>τις</strong></span> <span class='ocrx_word' id='word_1_447' title='bbox 1622 1481 1721 1516; x_wconf 81' lang='grc' dir='ltr'>ίατρὺς,</span> <span class='ocrx_word' id='word_1_448' title='bbox 1735 1481 1751 1516; x_wconf 80' lang='grc' dir='ltr'><strong>ἢ</strong></span> <span class='ocrx_word' id='word_1_449' title='bbox 1771 1483 1822 1516; x_wconf 75' lang='grc' dir='ltr'><strong>ῥή-</strong></span> 
     </span>
    </p>
   </div>
   <div class='ocr_carea' id='block_1_59' title="bbox 172 1520 981 1560">
    <p class='ocr_par' dir='ltr' id='par_1_59' title="bbox 172 1523 980 1558">
     <span class='ocr_line' id='line_1_59' title="bbox 172 1523 980 1558; baseline -0.002 -7"><span class='ocrx_word' id='word_1_450' title='bbox 172 1524 304 1554; x_wconf 76' lang='lat' dir='ltr'><strong>nnodum</strong></span> <span class='ocrx_word' id='word_1_451' title='bbox 328 1525 400 1551; x_wconf 84' lang='lat' dir='ltr'><strong>enim</strong></span> <span class='ocrx_word' id='word_1_452' title='bbox 416 1524 438 1551; x_wconf 91' lang='lat' dir='ltr'><strong>si</strong></span> <span class='ocrx_word' id='word_1_453' title='bbox 456 1523 518 1558; x_wconf 87' lang='lat' dir='ltr'><strong>quis</strong></span> <span class='ocrx_word' id='word_1_454' title='bbox 532 1523 664 1556; x_wconf 79' lang='lat' dir='ltr'><strong>medicus,</strong></span> <span class='ocrx_word' id='word_1_455' title='bbox 679 1523 720 1551; x_wconf 90' lang='lat' dir='ltr'><strong>vel</strong></span> <span class='ocrx_word' id='word_1_456' title='bbox 736 1527 837 1555; x_wconf 86' lang='lat' dir='ltr'><strong>orator,</strong></span> <span class='ocrx_word' id='word_1_457' title='bbox 851 1523 893 1550; x_wconf 89' lang='lat' dir='ltr'><strong>vel</strong></span> <span class='ocrx_word' id='word_1_458' title='bbox 917 1530 980 1558; x_wconf 68' lang='grc' dir='ltr'>ςεο·</span> 
     </span>
    </p>
   </div>
   <div class='ocr_carea' id='block_1_60' title="bbox 1033 1520 1822 1560">
    <p class='ocr_par' dir='ltr' id='par_1_60' title="bbox 1033 1520 1822 1559">
     <span class='ocr_line' id='line_1_60' title="bbox 1033 1520 1822 1559; baseline 0.008 -13"><span class='ocrx_word' id='word_1_459' title='bbox 1033 1529 1098 1555; x_wconf 83' lang='grc' dir='ltr'>τωρ,</span> <span class='ocrx_word' id='word_1_460' title='bbox 1107 1520 1124 1555; x_wconf 80' lang='grc' dir='ltr'>ἦ</span> <span class='ocrx_word' id='word_1_461' title='bbox 1135 1521 1295 1556; x_wconf 77' lang='grc' dir='ltr'><strong>γεωμέτρης</strong></span> <span class='ocrx_word' id='word_1_462' title='bbox 1307 1521 1445 1550; x_wconf 82' lang='grc' dir='ltr'>καλεῖσθαι</span> <span class='ocrx_word' id='word_1_463' title='bbox 1453 1523 1607 1559; x_wconf 81' lang='grc' dir='ltr'>ποθήσειεν,</span> <span class='ocrx_word' id='word_1_464' title='bbox 1616 1525 1665 1552; x_wconf 80' lang='grc' dir='ltr'><strong>οὐκ</strong></span> <span class='ocrx_word' id='word_1_465' title='bbox 1677 1525 1708 1552; x_wconf 82' lang='grc' dir='ltr'>ἂν</span> <span class='ocrx_word' id='word_1_466' title='bbox 1716 1525 1822 1558; x_wconf 79' lang='grc' dir='ltr'>δέξαιτο</span> 
     </span>
    </p>
   </div>
   <div class='ocr_carea' id='block_1_61' title="bbox 195 1569 982 1604">
    <p class='ocr_par' dir='ltr' id='par_1_61' title="bbox 195 1569 982 1604">
     <span class='ocr_line' id='line_1_61' title="bbox 195 1569 982 1604; baseline 0 -7"><span class='ocrx_word' id='word_1_467' title='bbox 195 1577 281 1598; x_wconf 79' lang='lat' dir='ltr'><strong>metra</strong></span> <span class='ocrx_word' id='word_1_468' title='bbox 294 1570 384 1597; x_wconf 84' lang='lat' dir='ltr'><strong>vocari</strong></span> <span class='ocrx_word' id='word_1_469' title='bbox 393 1569 646 1600; x_wconf 64' lang='lat' dir='ltr'><strong>desiderassetmon</strong></span> <span class='ocrx_word' id='word_1_470' title='bbox 658 1569 822 1601; x_wconf 87' lang='lat' dir='ltr'><strong>admitteret,</strong></span> <span class='ocrx_word' id='word_1_471' title='bbox 834 1573 862 1596; x_wconf 90' lang='lat' dir='ltr'><strong>ut</strong></span> <span class='ocrx_word' id='word_1_472' title='bbox 872 1574 982 1604; x_wconf 83' lang='lat' dir='ltr'><strong>propter</strong></span> 
     </span>
    </p>
   </div>
   <div class='ocr_carea' id='block_1_62' title="bbox 195 1615 982 1651">
    <p class='ocr_par' dir='ltr' id='par_1_62' title="bbox 195 1615 982 1651">
     <span class='ocr_line' id='line_1_62' title="bbox 195 1615 982 1651; baseline 0 -9"><span class='ocrx_word' id='word_1_473' title='bbox 195 1616 357 1651; x_wconf 85' lang='lat' dir='ltr'><strong>imperitiam</strong></span> <span class='ocrx_word' id='word_1_474' title='bbox 375 1623 526 1650; x_wconf 77' lang='lat' dir='ltr'><strong>cognomen</strong></span> <span class='ocrx_word' id='word_1_475' title='bbox 539 1615 795 1650; x_wconf 85' lang='lat' dir='ltr'><strong>reprehenderetur.</strong></span> <span class='ocrx_word' id='word_1_476' title='bbox 815 1615 837 1642; x_wconf 87' lang='lat' dir='ltr'><strong>si</strong></span> <span class='ocrx_word' id='word_1_477' title='bbox 856 1615 927 1643; x_wconf 82' lang='lat' dir='ltr'><strong>facto</strong></span> <span class='ocrx_word' id='word_1_478' title='bbox 939 1623 982 1650; x_wconf 88' lang='lat' dir='ltr'><strong>pe-</strong></span> 
     </span>
    </p>
   </div>
   <div class='ocr_carea' id='block_1_63' title="bbox 195 1659 980 1694">
    <p class='ocr_par' dir='ltr' id='par_1_63' title="bbox 195 1659 980 1694">
     <span class='ocr_line' id='line_1_63' title="bbox 195 1659 980 1694; baseline -0.001 -8"><span class='ocrx_word' id='word_1_479' title='bbox 195 1661 282 1687; x_wconf 87' lang='lat' dir='ltr'><strong>riculo</strong></span> <span class='ocrx_word' id='word_1_480' title='bbox 295 1660 317 1686; x_wconf 91' lang='lat' dir='ltr'><strong>is</strong></span> <span class='ocrx_word' id='word_1_481' title='bbox 330 1667 383 1686; x_wconf 90' lang='lat' dir='ltr'><strong>non</strong></span> <span class='ocrx_word' id='word_1_482' title='bbox 393 1659 570 1692; x_wconf 84' lang='lat' dir='ltr'><strong>inveniretur,</strong></span> <span class='ocrx_word' id='word_1_483' title='bbox 579 1659 658 1694; x_wconf 85' lang='lat' dir='ltr'><strong>cujus</strong></span> <span class='ocrx_word' id='word_1_484' title='bbox 670 1661 780 1686; x_wconf 87' lang='lat' dir='ltr'><strong>nomine</strong></span> <span class='ocrx_word' id='word_1_485' title='bbox 787 1660 980 1694; x_wconf 82' lang='lat' dir='ltr'><strong>appellaretur,</strong></span> 
     </span>
    </p>
   </div>
   <div class='ocr_carea' id='block_1_64' title="bbox 195 1705 982 1740">
    <p class='ocr_par' dir='ltr' id='par_1_64' title="bbox 195 1705 982 1740">
     <span class='ocr_line' id='line_1_64' title="bbox 195 1705 982 1740; baseline -0.001 -7"><span class='ocrx_word' id='word_1_486' title='bbox 195 1705 241 1733; x_wconf 85' lang='lat' dir='ltr'><strong>sed</strong></span> <span class='ocrx_word' id='word_1_487' title='bbox 256 1706 301 1740; x_wconf 89' lang='lat' dir='ltr'><strong>qui</strong></span> <span class='ocrx_word' id='word_1_488' title='bbox 318 1713 380 1732; x_wconf 86' lang='lat' dir='ltr'><strong>vere</strong></span> <span class='ocrx_word' id='word_1_489' title='bbox 393 1705 488 1732; x_wconf 88' lang='lat' dir='ltr'><strong>harum</strong></span> <span class='ocrx_word' id='word_1_490' title='bbox 514 1705 631 1739; x_wconf 88' lang='lat' dir='ltr'><strong>alicujus</strong></span> <span class='ocrx_word' id='word_1_491' title='bbox 655 1705 856 1740; x_wconf 75' lang='lat' dir='ltr'><strong>professionum</strong></span> <span class='ocrx_word' id='word_1_492' title='bbox 873 1706 982 1733; x_wconf 84' lang='lat' dir='ltr'><strong>nomine</strong></span> 
     </span>
    </p>
   </div>
   <div class='ocr_carea' id='block_1_65' title="bbox 195 1751 982 1786">
    <p class='ocr_par' dir='ltr' id='par_1_65' title="bbox 195 1751 982 1786">
     <span class='ocr_line' id='line_1_65' title="bbox 195 1751 982 1786; baseline -0.001 -7"><span class='ocrx_word' id='word_1_493' title='bbox 195 1751 324 1786; x_wconf 85' lang='lat' dir='ltr'><strong>appellari</strong></span> <span class='ocrx_word' id='word_1_494' title='bbox 339 1751 428 1783; x_wconf 73' lang='lat' dir='ltr'><strong>vellet.</strong></span> <span class='ocrx_word' id='word_1_495' title='bbox 443 1759 477 1778; x_wconf 87' lang='lat' dir='ltr'><strong>ne</strong></span> <span class='ocrx_word' id='word_1_496' title='bbox 506 1751 574 1778; x_wconf 80' lang='lat' dir='ltr'><strong>falso</strong></span> <span class='ocrx_word' id='word_1_497' title='bbox 608 1755 715 1786; x_wconf 90' lang='lat' dir='ltr'><strong>sumpta</strong></span> <span class='ocrx_word' id='word_1_498' title='bbox 743 1752 889 1786; x_wconf 83' lang='lat' dir='ltr'><strong>appellatio</strong></span> <span class='ocrx_word' id='word_1_499' title='bbox 916 1760 982 1778; x_wconf 82' lang='lat' dir='ltr'><strong>(‘Oll-</strong></span> 
     </span>
    </p>
   </div>
   <div class='ocr_carea' id='block_1_66' title="bbox 195 1797 983 1832">
    <p class='ocr_par' dir='ltr' id='par_1_66' title="bbox 195 1797 983 1832">
     <span class='ocr_line' id='line_1_66' title="bbox 195 1797 983 1832; baseline -0.001 -8"><span class='ocrx_word' id='word_1_500' title='bbox 195 1798 330 1829; x_wconf 78' lang='lat' dir='ltr'><strong>vincatur,</strong></span> <span class='ocrx_word' id='word_1_501' title='bbox 351 1797 409 1832; x_wconf 89' lang='lat' dir='ltr'><strong>ipso</strong></span> <span class='ocrx_word' id='word_1_502' title='bbox 424 1797 516 1824; x_wconf 90' lang='lat' dir='ltr'><strong>studio</strong></span> <span class='ocrx_word' id='word_1_503' title='bbox 532 1801 613 1831; x_wconf 88' lang='lat' dir='ltr'><strong>atque</strong></span> <span class='ocrx_word' id='word_1_504' title='bbox 632 1797 762 1824; x_wconf 80' lang='lat' dir='ltr'><strong>exercitio</strong></span> <span class='ocrx_word' id='word_1_505' title='bbox 775 1797 854 1824; x_wconf 79' lang='lat' dir='ltr'><strong>[idem</strong></span> <span class='ocrx_word' id='word_1_506' title='bbox 882 1797 983 1825; x_wconf 80' lang='lat' dir='ltr'><strong>faceret</strong></span> 
     </span>
    </p>
   </div>
   <div class='ocr_carea' id='block_1_67' title="bbox 196 1843 984 1878">
    <p class='ocr_par' dir='ltr' id='par_1_67' title="bbox 196 1843 984 1878">
     <span class='ocr_line' id='line_1_67' title="bbox 196 1843 984 1878; baseline -0.003 -7"><span class='ocrx_word' id='word_1_507' title='bbox 196 1843 368 1878; x_wconf 81' lang='lat' dir='ltr'><strong>appellationi</strong></span> <span class='ocrx_word' id='word_1_508' title='bbox 379 1843 485 1870; x_wconf 88' lang='lat' dir='ltr'><strong>:eodem</strong></span> <span class='ocrx_word' id='word_1_509' title='bbox 494 1850 543 1870; x_wconf 86' lang='lat' dir='ltr'><strong>nos</strong></span> <span class='ocrx_word' id='word_1_510' title='bbox 551 1851 659 1878; x_wconf 88' lang='lat' dir='ltr'><strong>quoque</strong></span> <span class='ocrx_word' id='word_1_511' title='bbox 671 1843 786 1875; x_wconf 88' lang='lat' dir='ltr'><strong>modo,si</strong></span> <span class='ocrx_word' id='word_1_512' title='bbox 797 1851 890 1870; x_wconf 87' lang='lat' dir='ltr'><strong>verum</strong></span> <span class='ocrx_word' id='word_1_513' title='bbox 899 1843 984 1870; x_wconf 90' lang='lat' dir='ltr'><strong>homi-</strong></span> 
     </span>
    </p>
   </div>
   <div class='ocr_carea' id='block_1_68' title="bbox 197 1886 983 1921">
    <p class='ocr_par' dir='ltr' id='par_1_68' title="bbox 197 1886 983 1921">
     <span class='ocr_line' id='line_1_68' title="bbox 197 1886 983 1921; baseline 0 -8"><span class='ocrx_word' id='word_1_514' title='bbox 197 1887 239 1913; x_wconf 86' lang='lat' dir='ltr'><strong>nis</strong></span> <span class='ocrx_word' id='word_1_515' title='bbox 249 1886 396 1913; x_wconf 80' lang='lat' dir='ltr'><strong>Christiani</strong></span> <span class='ocrx_word' id='word_1_516' title='bbox 408 1886 586 1921; x_wconf 79' lang='lat' dir='ltr'><strong>professionis</strong></span> <span class='ocrx_word' id='word_1_517' title='bbox 596 1893 707 1921; x_wconf 79' lang='lat' dir='ltr'><strong>scopum</strong></span> <span class='ocrx_word' id='word_1_518' title='bbox 716 1887 865 1913; x_wconf 86' lang='lat' dir='ltr'><strong>scrutando</strong></span> <span class='ocrx_word' id='word_1_519' title='bbox 875 1887 983 1913; x_wconf 77' lang='lat' dir='ltr'><strong>invene-</strong></span> 
     </span>
    </p>
   </div>
   <div class='ocr_carea' id='block_1_69' title="bbox 196 1931 984 1966">
    <p class='ocr_par' dir='ltr' id='par_1_69' title="bbox 196 1931 984 1966">
     <span class='ocr_line' id='line_1_69' title="bbox 196 1931 984 1966; baseline -0.003 -7"><span class='ocrx_word' id='word_1_520' title='bbox 196 1933 292 1963; x_wconf 79' lang='lat' dir='ltr'><strong>rimus,</strong></span> <span class='ocrx_word' id='word_1_521' title='bbox 315 1932 432 1958; x_wconf 83' lang='lat' dir='ltr'><strong>nolimus</strong></span> <span class='ocrx_word' id='word_1_522' title='bbox 448 1939 502 1958; x_wconf 92' lang='lat' dir='ltr'><strong>non</strong></span> <span class='ocrx_word' id='word_1_523' title='bbox 517 1939 578 1958; x_wconf 91' lang='lat' dir='ltr'><strong>esse</strong></span> <span class='ocrx_word' id='word_1_524' title='bbox 595 1931 620 1957; x_wconf 89' lang='lat' dir='ltr'><strong>id</strong></span> <span class='ocrx_word' id='word_1_525' title='bbox 634 1931 706 1966; x_wconf 90' lang='lat' dir='ltr'><strong>quod</strong></span> <span class='ocrx_word' id='word_1_526' title='bbox 735 1931 800 1958; x_wconf 90' lang='lat' dir='ltr'><strong>illud</strong></span> <span class='ocrx_word' id='word_1_527' title='bbox 818 1938 916 1958; x_wconf 80' lang='lat' dir='ltr'><strong>nomen</strong></span> <span class='ocrx_word' id='word_1_528' title='bbox 934 1938 984 1966; x_wconf 88' lang='lat' dir='ltr'><strong>pro</strong></span> 
     </span>
    </p>
   </div>
   <div class='ocr_carea' id='block_1_70' title="bbox 197 1977 982 2012">
    <p class='ocr_par' dir='ltr' id='par_1_70' title="bbox 197 1977 982 2012">
     <span class='ocr_line' id='line_1_70' title="bbox 197 1977 982 2012; baseline 0 -9"><span class='ocrx_word' id='word_1_529' title='bbox 197 1978 275 2004; x_wconf 88' lang='lat' dir='ltr'><strong>nobis</strong></span> <span class='ocrx_word' id='word_1_530' title='bbox 292 1977 444 2012; x_wconf 78' lang='lat' dir='ltr'><strong>pollicetur,</strong></span> <span class='ocrx_word' id='word_1_531' title='bbox 477 1985 510 2003; x_wconf 86' lang='lat' dir='ltr'><strong>ne</strong></span> <span class='ocrx_word' id='word_1_532' title='bbox 527 1977 553 2003; x_wconf 89' lang='lat' dir='ltr'><strong>in</strong></span> <span class='ocrx_word' id='word_1_533' title='bbox 578 1984 626 2004; x_wconf 88' lang='lat' dir='ltr'><strong>nos</strong></span> <span class='ocrx_word' id='word_1_534' title='bbox 644 1977 725 2003; x_wconf 86' lang='lat' dir='ltr'><strong>etiam</strong></span> <span class='ocrx_word' id='word_1_535' title='bbox 741 1977 857 2011; x_wconf 85' lang='lat' dir='ltr'><strong>quadret</strong></span> <span class='ocrx_word' id='word_1_536' title='bbox 869 1977 894 2003; x_wconf 89' lang='lat' dir='ltr'><strong>id</strong></span> <span class='ocrx_word' id='word_1_537' title='bbox 910 1977 982 2011; x_wconf 88' lang='lat' dir='ltr'><strong>qttod</strong></span> 
     </span>
    </p>
   </div>
   <div class='ocr_carea' id='block_1_71' title="bbox 196 2021 981 2056">
    <p class='ocr_par' dir='ltr' id='par_1_71' title="bbox 196 2021 981 2056">
     <span class='ocr_line' id='line_1_71' title="bbox 196 2021 981 2056; baseline -0.001 -8"><span class='ocrx_word' id='word_1_538' title='bbox 196 2022 231 2048; x_wconf 83' lang='lat' dir='ltr'><strong>ab</strong></span> <span class='ocrx_word' id='word_1_539' title='bbox 243 2021 363 2049; x_wconf 62' lang='lat' dir='ltr'><strong>externis</strong></span> <span class='ocrx_word' id='word_1_540' title='bbox 382 2025 410 2048; x_wconf 86' lang='lat' dir='ltr'><strong>et</strong></span> <span class='ocrx_word' id='word_1_541' title='bbox 429 2021 584 2048; x_wconf 89' lang='lat' dir='ltr'><strong>inlidelihus</strong></span> <span class='ocrx_word' id='word_1_542' title='bbox 601 2021 633 2047; x_wconf 78' lang='lat' dir='ltr'><strong>de</strong></span> <span class='ocrx_word' id='word_1_543' title='bbox 653 2021 732 2048; x_wconf 88' lang='lat' dir='ltr'><strong>simia</strong></span> <span class='ocrx_word' id='word_1_544' title='bbox 744 2022 826 2056; x_wconf 76' lang='lat' dir='ltr'><strong>vulgo</strong></span> <span class='ocrx_word' id='word_1_545' title='bbox 844 2025 981 2048; x_wconf 85' lang='lat' dir='ltr'><strong>narratur.</strong></span> 
     </span>
    </p>
   </div>
   <div class='ocr_carea' id='block_1_72' title="bbox 196 2067 984 2102">
    <p class='ocr_par' dir='ltr' id='par_1_72' title="bbox 196 2067 984 2102">
     <span class='ocr_line' id='line_1_72' title="bbox 196 2067 984 2102; baseline 0 -8"><span class='ocrx_word' id='word_1_546' title='bbox 196 2070 279 2094; x_wconf 83' lang='lat' dir='ltr'><strong>Aiunt</strong></span> <span class='ocrx_word' id='word_1_547' title='bbox 291 2069 362 2095; x_wconf 89' lang='lat' dir='ltr'><strong>enim</strong></span> <span class='ocrx_word' id='word_1_548' title='bbox 379 2068 523 2102; x_wconf 72' lang='lat' dir='ltr'><strong>qut-nudam</strong></span> <span class='ocrx_word' id='word_1_549' title='bbox 536 2067 561 2093; x_wconf 93' lang='lat' dir='ltr'><strong>in</strong></span> <span class='ocrx_word' id='word_1_550' title='bbox 579 2067 646 2094; x_wconf 85' lang='lat' dir='ltr'><strong>urbe</strong></span> <span class='ocrx_word' id='word_1_551' title='bbox 663 2067 826 2094; x_wconf 86' lang='lat' dir='ltr'><strong>Alexandria</strong></span> <span class='ocrx_word' id='word_1_552' title='bbox 837 2067 984 2094; x_wconf 88' lang='lat' dir='ltr'><strong>circulato-</strong></span> 
     </span>
    </p>
   </div>
   <div class='ocr_carea' id='block_1_73' title="bbox 196 2112 982 2148">
    <p class='ocr_par' dir='ltr' id='par_1_73' title="bbox 196 2112 982 2148">
     <span class='ocr_line' id='line_1_73' title="bbox 196 2112 982 2148; baseline -0.001 -8"><span class='ocrx_word' id='word_1_553' title='bbox 196 2118 287 2140; x_wconf 70' lang='lat' dir='ltr'><strong>&quot;emet</strong></span> <span class='ocrx_word' id='word_1_554' title='bbox 298 2112 684 2148; x_wconf 70' lang='lat' dir='ltr'><strong>prwstigiatoremexercuisse</strong></span> <span class='ocrx_word' id='word_1_555' title='bbox 693 2120 723 2139; x_wconf 89' lang='lat' dir='ltr'><strong>ac</strong></span> <span class='ocrx_word' id='word_1_556' title='bbox 731 2113 858 2140; x_wconf 88' lang='lat' dir='ltr'><strong>docuisse</strong></span> <span class='ocrx_word' id='word_1_557' title='bbox 865 2113 982 2146; x_wconf 85' lang='lat' dir='ltr'><strong>simiam,</strong></span> 
     </span>
    </p>
   </div>
   <div class='ocr_carea' id='block_1_74' title="bbox 198 2157 983 2194">
    <p class='ocr_par' dir='ltr' id='par_1_74' title="bbox 198 2157 983 2194">
     <span class='ocr_line' id='line_1_74' title="bbox 198 2157 983 2194; baseline -0.003 -8"><span class='ocrx_word' id='word_1_558' title='bbox 198 2164 226 2186; x_wconf 93' lang='lat' dir='ltr'><strong>ut</strong></span> <span class='ocrx_word' id='word_1_559' title='bbox 243 2160 363 2194; x_wconf 73' lang='lat' dir='ltr'><strong>agilitate</strong></span> <span class='ocrx_word' id='word_1_560' title='bbox 378 2158 494 2193; x_wconf 78' lang='lat' dir='ltr'><strong>quadam</strong></span> <span class='ocrx_word' id='word_1_561' title='bbox 513 2161 538 2184; x_wconf 86' lang='lat' dir='ltr'><strong>in</strong></span> <span class='ocrx_word' id='word_1_562' title='bbox 558 2157 672 2185; x_wconf 79' lang='lat' dir='ltr'><strong>formam</strong></span> <span class='ocrx_word' id='word_1_563' title='bbox 687 2162 713 2185; x_wconf 91' lang='lat' dir='ltr'><strong>et</strong></span> <span class='ocrx_word' id='word_1_564' title='bbox 727 2157 847 2185; x_wconf 89' lang='lat' dir='ltr'><strong>habitum</strong></span> <span class='ocrx_word' id='word_1_565' title='bbox 862 2158 983 2185; x_wconf 84' lang='lat' dir='ltr'><strong>saltatri-</strong></span> 
     </span>
    </p>
   </div>
   <div class='ocr_carea' id='block_1_75' title="bbox 197 2195 1022 2239">
    <p class='ocr_par' dir='ltr' id='par_1_75' title="bbox 197 2195 1022 2239">
     <span class='ocr_line' id='line_1_75' title="bbox 197 2195 1022 2239; baseline -0.001 -7"><span class='ocrx_word' id='word_1_566' title='bbox 197 2207 238 2232; x_wconf 79' lang='lat' dir='ltr'><strong>t-is</strong></span> <span class='ocrx_word' id='word_1_567' title='bbox 261 2213 323 2232; x_wconf 84' lang='lat' dir='ltr'><strong>sese</strong></span> <span class='ocrx_word' id='word_1_568' title='bbox 348 2208 534 2239; x_wconf 83' lang='lat' dir='ltr'><strong>componeret,</strong></span> <span class='ocrx_word' id='word_1_569' title='bbox 558 2205 638 2238; x_wconf 90' lang='lat' dir='ltr'><strong>eique</strong></span> <span class='ocrx_word' id='word_1_570' title='bbox 661 2203 808 2230; x_wconf 87' lang='lat' dir='ltr'><strong>saltatricis</strong></span> <span class='ocrx_word' id='word_1_571' title='bbox 824 2204 985 2238; x_wconf 83' lang='lat' dir='ltr'><strong>apposuisse</strong></span> <span class='ocrx_word' id='word_1_572' title='bbox 1001 2195 1022 2221; x_wconf 78' lang='grc' dir='ltr'><strong>Ῑ)</strong></span> 
     </span>
    </p>
   </div>
   <div class='ocr_carea' id='block_1_76' title="bbox 197 2248 986 2288">
    <p class='ocr_par' dir='ltr' id='par_1_76' title="bbox 197 2248 986 2288">
     <span class='ocr_line' id='line_1_76' title="bbox 197 2248 986 2288; baseline -0.004 -10"><span class='ocrx_word' id='word_1_573' title='bbox 197 2259 353 2288; x_wconf 80' lang='lat' dir='ltr'><strong>personam,</strong></span> <span class='ocrx_word' id='word_1_574' title='bbox 371 2258 402 2277; x_wconf 79' lang='lat' dir='ltr'><strong>ac</strong></span> <span class='ocrx_word' id='word_1_575' title='bbox 428 2254 529 2276; x_wconf 86' lang='lat' dir='ltr'><strong>vestem</strong></span> <span class='ocrx_word' id='word_1_576' title='bbox 544 2248 756 2276; x_wconf 88' lang='lat' dir='ltr'><strong>circumdedisse</strong></span> <span class='ocrx_word' id='word_1_577' title='bbox 770 2249 900 2276; x_wconf 76' lang='lat' dir='ltr'><strong>exercitio</strong></span> <span class='ocrx_word' id='word_1_578' title='bbox 922 2256 986 2276; x_wconf 88' lang='lat' dir='ltr'><strong>con-</strong></span> 
     </span>
    </p>
   </div>
   <div class='ocr_carea' id='block_1_77' title="bbox 197 2294 984 2329">
    <p class='ocr_par' dir='ltr' id='par_1_77' title="bbox 197 2294 984 2329">
     <span class='ocr_line' id='line_1_77' title="bbox 197 2294 984 2329; baseline -0.003 -6"><span class='ocrx_word' id='word_1_579' title='bbox 197 2297 366 2329; x_wconf 84' lang='lat' dir='ltr'><strong>venientem;</strong></span> <span class='ocrx_word' id='word_1_580' title='bbox 398 2300 502 2323; x_wconf 80' lang='lat' dir='ltr'><strong>etcum</strong></span> <span class='ocrx_word' id='word_1_581' title='bbox 531 2296 645 2322; x_wconf 90' lang='lat' dir='ltr'><strong>chorum</strong></span> <span class='ocrx_word' id='word_1_582' title='bbox 671 2294 696 2322; x_wconf 84' lang='lat' dir='ltr'><strong>ei</strong></span> <span class='ocrx_word' id='word_1_583' title='bbox 727 2294 907 2327; x_wconf 81' lang='lat' dir='ltr'><strong>adhibuisset,</strong></span> <span class='ocrx_word' id='word_1_584' title='bbox 926 2294 984 2329; x_wconf 81' lang='lat' dir='ltr'><strong>pla-</strong></span> 
     </span>
    </p>
   </div>
   <div class='ocr_carea' id='block_1_78' title="bbox 197 2341 984 2375">
    <p class='ocr_par' dir='ltr' id='par_1_78' title="bbox 197 2341 984 2375">
     <span class='ocr_line' id='line_1_78' title="bbox 197 2341 984 2375; baseline -0.001 -6"><span class='ocrx_word' id='word_1_585' title='bbox 197 2343 290 2370; x_wconf 83' lang='lat' dir='ltr'><strong>cuisse</strong></span> <span class='ocrx_word' id='word_1_586' title='bbox 305 2350 336 2369; x_wconf 91' lang='lat' dir='ltr'><strong>ac</strong></span> <span class='ocrx_word' id='word_1_587' title='bbox 359 2343 524 2369; x_wconf 86' lang='lat' dir='ltr'><strong>celebratum</strong></span> <span class='ocrx_word' id='word_1_588' title='bbox 550 2341 691 2367; x_wconf 85' lang='lat' dir='ltr'><strong>hominum</strong></span> <span class='ocrx_word' id='word_1_589' title='bbox 713 2348 839 2368; x_wconf 89' lang='lat' dir='ltr'><strong>sermone</strong></span> <span class='ocrx_word' id='word_1_590' title='bbox 852 2341 878 2367; x_wconf 89' lang='lat' dir='ltr'><strong>in</strong></span> <span class='ocrx_word' id='word_1_591' title='bbox 896 2341 984 2375; x_wconf 87' lang='lat' dir='ltr'><strong>pretio</strong></span> 
     </span>
    </p>
   </div>
   <div class='ocr_carea' id='block_1_79' title="bbox 199 2387 984 2423">
    <p class='ocr_par' dir='ltr' id='par_1_79' title="bbox 199 2387 984 2423">
     <span class='ocr_line' id='line_1_79' title="bbox 199 2387 984 2423; baseline -0.003 -7"><span class='ocrx_word' id='word_1_592' title='bbox 199 2389 284 2416; x_wconf 79' lang='lat' dir='ltr'><strong>fuisse</strong></span> <span class='ocrx_word' id='word_1_593' title='bbox 300 2392 409 2423; x_wconf 74' lang='grc' dir='ltr'>ριόιιιει-</span> <span class='ocrx_word' id='word_1_594' title='bbox 423 2388 541 2418; x_wconf 85' lang='lat' dir='ltr'><strong>simiam,</strong></span> <span class='ocrx_word' id='word_1_595' title='bbox 557 2395 619 2422; x_wconf 69' lang='lat' dir='ltr'><strong>qua:</strong></span> <span class='ocrx_word' id='word_1_596' title='bbox 639 2387 671 2414; x_wconf 87' lang='lat' dir='ltr'><strong>ad</strong></span> <span class='ocrx_word' id='word_1_597' title='bbox 685 2387 825 2415; x_wconf 71' lang='lat' dir='ltr'><strong>cantilena:</strong></span> <span class='ocrx_word' id='word_1_598' title='bbox 843 2387 938 2415; x_wconf 89' lang='lat' dir='ltr'><strong>modos</strong></span> <span class='ocrx_word' id='word_1_599' title='bbox 952 2394 984 2414; x_wconf 80' lang='lat' dir='ltr'><strong>ac</strong></span> 
     </span>
    </p>
   </div>
   <div class='ocr_carea' id='block_1_80' title="bbox 199 2434 986 2468">
    <p class='ocr_par' dir='ltr' id='par_1_80' title="bbox 199 2434 986 2468">
     <span class='ocr_line' id='line_1_80' title="bbox 199 2434 986 2468; baseline -0.004 -7"><span class='ocrx_word' id='word_1_600' title='bbox 199 2441 341 2461; x_wconf 85' lang='lat' dir='ltr'><strong>numerum</strong></span> <span class='ocrx_word' id='word_1_601' title='bbox 371 2441 431 2461; x_wconf 83' lang='lat' dir='ltr'><strong>sesc</strong></span> <span class='ocrx_word' id='word_1_602' title='bbox 451 2434 569 2460; x_wconf 84' lang='lat' dir='ltr'><strong>ﬂecteret</strong></span> <span class='ocrx_word' id='word_1_603' title='bbox 598 2437 856 2468; x_wconf 83' lang='lat' dir='ltr'><strong>contorqueretque,</strong></span> <span class='ocrx_word' id='word_1_604' title='bbox 886 2440 918 2459; x_wconf 88' lang='lat' dir='ltr'><strong>ac</strong></span> <span class='ocrx_word' id='word_1_605' title='bbox 939 2440 986 2467; x_wconf 71' lang='grc' dir='ltr'>μοι·</span> 
     </span>
    </p>
   </div>
   <div class='ocr_carea' id='block_1_81' title="bbox 198 2479 984 2515">
    <p class='ocr_par' dir='ltr' id='par_1_81' title="bbox 198 2479 984 2515">
     <span class='ocr_line' id='line_1_81' title="bbox 198 2479 984 2515; baseline -0.003 -9"><span class='ocrx_word' id='word_1_606' title='bbox 198 2480 289 2507; x_wconf 86' lang='lat' dir='ltr'><strong>omnia</strong></span> <span class='ocrx_word' id='word_1_607' title='bbox 305 2488 365 2515; x_wconf 77' lang='lat' dir='ltr'><strong>qua:</strong></span> <span class='ocrx_word' id='word_1_608' title='bbox 380 2484 407 2507; x_wconf 89' lang='lat' dir='ltr'><strong>et</strong></span> <span class='ocrx_word' id='word_1_609' title='bbox 419 2479 534 2506; x_wconf 79' lang='lat' dir='ltr'><strong>faciebat</strong></span> <span class='ocrx_word' id='word_1_610' title='bbox 546 2484 572 2506; x_wconf 86' lang='lat' dir='ltr'><strong>ct</strong></span> <span class='ocrx_word' id='word_1_611' title='bbox 586 2479 676 2506; x_wconf 80' lang='lat' dir='ltr'><strong>facere</strong></span> <span class='ocrx_word' id='word_1_612' title='bbox 693 2479 844 2511; x_wconf 80' lang='lat' dir='ltr'><strong>videbatur,</strong></span> <span class='ocrx_word' id='word_1_613' title='bbox 859 2481 984 2505; x_wconf 89' lang='lat' dir='ltr'><strong>naturam</strong></span> 
     </span>
    </p>
   </div>
   <div class='ocr_carea' id='block_1_82' title="bbox 198 2525 986 2561">
    <p class='ocr_par' dir='ltr' id='par_1_82' title="bbox 198 2525 986 2561">
     <span class='ocr_line' id='line_1_82' title="bbox 198 2525 986 2561; baseline -0.004 -8"><span class='ocrx_word' id='word_1_614' title='bbox 198 2527 356 2554; x_wconf 85' lang='lat' dir='ltr'><strong>occultaret.</strong></span> <span class='ocrx_word' id='word_1_615' title='bbox 373 2526 439 2553; x_wconf 83' lang='lat' dir='ltr'><strong>Cum</strong></span> <span class='ocrx_word' id='word_1_616' title='bbox 465 2531 554 2554; x_wconf 88' lang='lat' dir='ltr'><strong>autem</strong></span> <span class='ocrx_word' id='word_1_617' title='bbox 575 2527 646 2561; x_wconf 88' lang='lat' dir='ltr'><strong>capti</strong></span> <span class='ocrx_word' id='word_1_618' title='bbox 677 2531 769 2554; x_wconf 85' lang='lat' dir='ltr'><strong>essent</strong></span> <span class='ocrx_word' id='word_1_619' title='bbox 796 2526 835 2552; x_wconf 80' lang='lat' dir='ltr'><strong>rei</strong></span> <span class='ocrx_word' id='word_1_620' title='bbox 865 2525 986 2551; x_wconf 87' lang='lat' dir='ltr'><strong>novitate</strong></span> 
     </span>
    </p>
   </div>
   <div class='ocr_carea' id='block_1_83' title="bbox 199 2561 984 2607">
    <p class='ocr_par' dir='ltr' id='par_1_83' title="bbox 199 2561 984 2607">
     <span class='ocr_line' id='line_1_83' title="bbox 199 2561 984 2607; baseline -0.006 -7"><span class='ocrx_word' id='word_1_621' title='bbox 199 2561 526 2607; x_wconf 55' lang='lat' dir='ltr'><strong>spectatoresqueindam</strong></span> <span class='ocrx_word' id='word_1_622' title='bbox 545 2573 651 2599; x_wconf 58' lang='lat' dir='ltr'><strong>caeteris</strong></span> <span class='ocrx_word' id='word_1_623' title='bbox 666 2571 826 2598; x_wconf 87' lang='lat' dir='ltr'><strong>astutiorem</strong></span> <span class='ocrx_word' id='word_1_624' title='bbox 839 2570 877 2596; x_wconf 89' lang='lat' dir='ltr'><strong>ibi</strong></span> <span class='ocrx_word' id='word_1_625' title='bbox 889 2568 984 2601; x_wconf 76' lang='lat' dir='ltr'><strong>fuisse,</strong></span> 
     </span>
    </p>
   </div>
   <div class='ocr_carea' id='block_1_84' title="bbox 198 2615 987 2654">
    <p class='ocr_par' dir='ltr' id='par_1_84' title="bbox 198 2615 987 2654">
     <span class='ocr_line' id='line_1_84' title="bbox 198 2615 987 2654; baseline -0.008 -8"><span class='ocrx_word' id='word_1_626' title='bbox 198 2619 244 2654; x_wconf 89' lang='lat' dir='ltr'><strong>qui</strong></span> <span class='ocrx_word' id='word_1_627' title='bbox 260 2619 324 2646; x_wconf 89' lang='lat' dir='ltr'><strong>ludo</strong></span> <span class='ocrx_word' id='word_1_628' title='bbox 337 2619 452 2654; x_wconf 88' lang='lat' dir='ltr'><strong>quodam</strong></span> <span class='ocrx_word' id='word_1_629' title='bbox 473 2618 642 2646; x_wconf 89' lang='lat' dir='ltr'><strong>inhiantihus</strong></span> <span class='ocrx_word' id='word_1_630' title='bbox 663 2617 820 2652; x_wconf 87' lang='lat' dir='ltr'><strong>spectaculo</strong></span> <span class='ocrx_word' id='word_1_631' title='bbox 835 2615 987 2642; x_wconf 88' lang='lat' dir='ltr'><strong>ostemlerit</strong></span> 
     </span>
    </p>
   </div>
   <div class='ocr_carea' id='block_1_85' title="bbox 199 2661 987 2692">
    <p class='ocr_par' dir='ltr' id='par_1_85' title="bbox 199 2661 987 2692">
     <span class='ocr_line' id='line_1_85' title="bbox 199 2661 987 2692; baseline -0.008 0"><span class='ocrx_word' id='word_1_632' title='bbox 199 2665 304 2692; x_wconf 80' lang='lat' dir='ltr'><strong>simiam</strong></span> <span class='ocrx_word' id='word_1_633' title='bbox 322 2672 384 2692; x_wconf 84' lang='lat' dir='ltr'><strong>esse</strong></span> <span class='ocrx_word' id='word_1_634' title='bbox 396 2665 513 2692; x_wconf 88' lang='lat' dir='ltr'><strong>simiam.</strong></span> <span class='ocrx_word' id='word_1_635' title='bbox 523 2663 744 2690; x_wconf 79' lang='lat' dir='ltr'><strong>Acclamantibus</strong></span> <span class='ocrx_word' id='word_1_636' title='bbox 757 2661 828 2688; x_wconf 91' lang='lat' dir='ltr'><strong>enim</strong></span> <span class='ocrx_word' id='word_1_637' title='bbox 841 2661 947 2687; x_wconf 89' lang='lat' dir='ltr'><strong>cunctis</strong></span> <span class='ocrx_word' id='word_1_638' title='bbox 960 2666 987 2686; x_wconf 76' lang='grc' dir='ltr'>(ιι</span> 
     </span>
    </p>
   </div>
   <div class='ocr_carea' id='block_1_86' title="bbox 198 2704 987 2743">
    <p class='ocr_par' dir='ltr' id='par_1_86' title="bbox 198 2704 987 2743">
     <span class='ocr_line' id='line_1_86' title="bbox 198 2704 987 2743; baseline -0.006 -9"><span class='ocrx_word' id='word_1_639' title='bbox 198 2709 428 2743; x_wconf 80' lang='lat' dir='ltr'><strong>applaudentibus</strong></span> <span class='ocrx_word' id='word_1_640' title='bbox 446 2707 560 2741; x_wconf 79' lang='lat' dir='ltr'><strong>agilitati</strong></span> <span class='ocrx_word' id='word_1_641' title='bbox 574 2707 670 2737; x_wconf 76' lang='lat' dir='ltr'><strong>simiae,</strong></span> <span class='ocrx_word' id='word_1_642' title='bbox 686 2705 719 2732; x_wconf 88' lang='lat' dir='ltr'><strong>ad</strong></span> <span class='ocrx_word' id='word_1_643' title='bbox 728 2709 837 2732; x_wconf 89' lang='lat' dir='ltr'><strong>cantum</strong></span> <span class='ocrx_word' id='word_1_644' title='bbox 850 2709 876 2731; x_wconf 89' lang='lat' dir='ltr'><strong>et</strong></span> <span class='ocrx_word' id='word_1_645' title='bbox 890 2704 987 2731; x_wconf 89' lang='lat' dir='ltr'><strong>modu-</strong></span> 
     </span>
    </p>
   </div>
   <div class='ocr_carea' id='block_1_87' title="bbox 199 2749 988 2788">
    <p class='ocr_par' dir='ltr' id='par_1_87' title="bbox 199 2749 988 2788">
     <span class='ocr_line' id='line_1_87' title="bbox 199 2749 988 2788; baseline -0.005 -9"><span class='ocrx_word' id='word_1_646' title='bbox 199 2753 326 2781; x_wconf 87' lang='lat' dir='ltr'><strong>lationem</strong></span> <span class='ocrx_word' id='word_1_647' title='bbox 341 2758 404 2788; x_wconf 85' lang='lat' dir='ltr'><strong>apte</strong></span> <span class='ocrx_word' id='word_1_648' title='bbox 422 2762 451 2779; x_wconf 77' lang='lat' dir='ltr'><strong>se</strong></span> <span class='ocrx_word' id='word_1_649' title='bbox 478 2751 612 2778; x_wconf 76' lang='lat' dir='ltr'><strong>moventis</strong></span> <span class='ocrx_word' id='word_1_650' title='bbox 638 2755 663 2777; x_wconf 89' lang='lat' dir='ltr'><strong>et</strong></span> <span class='ocrx_word' id='word_1_651' title='bbox 679 2749 902 2784; x_wconf 83' lang='lat' dir='ltr'><strong>circumagentis,</strong></span> <span class='ocrx_word' id='word_1_652' title='bbox 926 2757 988 2784; x_wconf 90' lang='lat' dir='ltr'><strong>pro-</strong></span> 
     </span>
    </p>
   </div>
   <div class='ocr_carea' id='block_1_88' title="bbox 196 2795 989 2832">
    <p class='ocr_par' dir='ltr' id='par_1_88' title="bbox 196 2795 989 2832">
     <span class='ocr_line' id='line_1_88' title="bbox 196 2795 989 2832; baseline -0.006 -6"><span class='ocrx_word' id='word_1_653' title='bbox 196 2799 296 2832; x_wconf 75' lang='lat' dir='ltr'><strong>iecisse</strong></span> <span class='ocrx_word' id='word_1_654' title='bbox 309 2807 370 2826; x_wconf 90' lang='lat' dir='ltr'><strong>eum</strong></span> <span class='ocrx_word' id='word_1_655' title='bbox 385 2799 459 2825; x_wconf 87' lang='lat' dir='ltr'><strong>aiunt</strong></span> <span class='ocrx_word' id='word_1_656' title='bbox 474 2798 501 2824; x_wconf 93' lang='lat' dir='ltr'><strong>in</strong></span> <span class='ocrx_word' id='word_1_657' title='bbox 516 2797 656 2824; x_wconf 87' lang='lat' dir='ltr'><strong>orchestra</strong></span> <span class='ocrx_word' id='word_1_658' title='bbox 667 2804 682 2823; x_wconf 88' lang='lat' dir='ltr'><strong>e</strong></span> <span class='ocrx_word' id='word_1_659' title='bbox 699 2795 819 2823; x_wconf 84' lang='lat' dir='ltr'><strong>bellariis</strong></span> <span class='ocrx_word' id='word_1_660' title='bbox 835 2803 865 2821; x_wconf 79' lang='lat' dir='ltr'><strong>ea</strong></span> <span class='ocrx_word' id='word_1_661' title='bbox 879 2803 939 2830; x_wconf 66' lang='lat' dir='ltr'><strong>qum</strong></span> <span class='ocrx_word' id='word_1_662' title='bbox 951 2799 989 2821; x_wconf 83' lang='lat' dir='ltr'><strong>ta-</strong></span> 
     </span>
    </p>
   </div>
   <div class='ocr_carea' id='block_1_89' title="bbox 1032 1566 1821 1608">
    <p class='ocr_par' dir='ltr' id='par_1_89' title="bbox 1032 1566 1821 1608">
     <span class='ocr_line' id='line_1_89' title="bbox 1032 1566 1821 1608; baseline 0.009 -17"><span class='ocrx_word' id='word_1_663' title='bbox 1032 1567 1064 1601; x_wconf 82' lang='grc' dir='ltr'>τῇ</span> <span class='ocrx_word' id='word_1_664' title='bbox 1081 1566 1242 1602; x_wconf 67' lang='grc' dir='ltr'>ἀπαιδευσίᾳ</span> <span class='ocrx_word' id='word_1_665' title='bbox 1261 1567 1310 1602; x_wconf 76' lang='grc' dir='ltr'>τὴν</span> <span class='ocrx_word' id='word_1_666' title='bbox 1325 1568 1481 1604; x_wconf 76' lang='grc' dir='ltr'>ἐπωνυμίαν</span> <span class='ocrx_word' id='word_1_667' title='bbox 1496 1570 1671 1606; x_wconf 76' lang='grc' dir='ltr'>ἐλέγχεσθαι,</span> <span class='ocrx_word' id='word_1_668' title='bbox 1690 1572 1727 1608; x_wconf 80' lang='grc' dir='ltr'>μὴ</span> <span class='ocrx_word' id='word_1_669' title='bbox 1747 1573 1821 1608; x_wconf 81' lang='grc' dir='ltr'>εὑρι-</span> 
     </span>
    </p>
   </div>
   <div class='ocr_carea' id='block_1_90' title="bbox 1034 1611 1821 1651">
    <p class='ocr_par' dir='ltr' id='par_1_90' title="bbox 1034 1611 1821 1651">
     <span class='ocr_line' id='line_1_90' title="bbox 1034 1611 1821 1651; baseline 0.011 -14"><span class='ocrx_word' id='word_1_670' title='bbox 1034 1611 1165 1646; x_wconf 71' lang='grc' dir='ltr'>σκόμενος</span> <span class='ocrx_word' id='word_1_671' title='bbox 1180 1613 1227 1639; x_wconf 81' lang='grc' dir='ltr'>ἐπὶ</span> <span class='ocrx_word' id='word_1_672' title='bbox 1247 1613 1297 1648; x_wconf 86' lang='grc' dir='ltr'><strong>τῆς</strong></span> <span class='ocrx_word' id='word_1_673' title='bbox 1316 1615 1414 1650; x_wconf 84' lang='grc' dir='ltr'>πείρας</span> <span class='ocrx_word' id='word_1_674' title='bbox 1432 1615 1446 1641; x_wconf 85' lang='grc' dir='ltr'><strong>ὅ</strong></span> <span class='ocrx_word' id='word_1_675' title='bbox 1459 1617 1631 1651; x_wconf 82' lang='grc' dir='ltr'>ὀνομάζεται,</span> <span class='ocrx_word' id='word_1_676' title='bbox 1646 1617 1703 1644; x_wconf 80' lang='grc' dir='ltr'>ἀλλ’</span> <span class='ocrx_word' id='word_1_677' title='bbox 1719 1618 1732 1644; x_wconf 79' lang='grc' dir='ltr'><strong>ὁ</strong></span> <span class='ocrx_word' id='word_1_678' title='bbox 1749 1619 1821 1646; x_wconf 79' lang='grc' dir='ltr'>κατὰ</span> 
     </span>
    </p>
   </div>
   <div class='ocr_carea' id='block_1_91' title="bbox 1033 1657 1820 1696">
    <p class='ocr_par' dir='ltr' id='par_1_91' title="bbox 1033 1657 1820 1696">
     <span class='ocr_line' id='line_1_91' title="bbox 1033 1657 1820 1696; baseline 0.011 -14"><span class='ocrx_word' id='word_1_679' title='bbox 1033 1657 1161 1692; x_wconf 83' lang='grc' dir='ltr'>ἀλήθειάν</span> <span class='ocrx_word' id='word_1_680' title='bbox 1182 1666 1208 1684; x_wconf 81' lang='grc' dir='ltr'><strong>τι</strong></span> <span class='ocrx_word' id='word_1_681' title='bbox 1224 1659 1326 1686; x_wconf 79' lang='grc' dir='ltr'>τούτων</span> <span class='ocrx_word' id='word_1_682' title='bbox 1347 1661 1597 1696; x_wconf 81' lang='grc' dir='ltr'>προσαγορεύεσθαι</span> <span class='ocrx_word' id='word_1_683' title='bbox 1619 1663 1718 1695; x_wconf 83' lang='grc' dir='ltr'>θέλων,</span> <span class='ocrx_word' id='word_1_684' title='bbox 1735 1664 1772 1696; x_wconf 79' lang='grc' dir='ltr'>ὡς</span> <span class='ocrx_word' id='word_1_685' title='bbox 1789 1664 1820 1690; x_wconf 81' lang='grc' dir='ltr'>ἃν</span> 
     </span>
    </p>
   </div>
   <div class='ocr_carea' id='block_1_92' title="bbox 1035 1702 1819 1744">
    <p class='ocr_par' dir='ltr' id='par_1_92' title="bbox 1035 1702 1819 1744">
     <span class='ocr_line' id='line_1_92' title="bbox 1035 1702 1819 1744; baseline 0.009 -16"><span class='ocrx_word' id='word_1_686' title='bbox 1035 1702 1071 1736; x_wconf 82' lang='grc' dir='ltr'><strong>μὴ</strong></span> <span class='ocrx_word' id='word_1_687' title='bbox 1086 1702 1260 1739; x_wconf 70' lang='grc' dir='ltr'>ψευδώνυμος</span> <span class='ocrx_word' id='word_1_688' title='bbox 1276 1705 1293 1739; x_wconf 84' lang='grc' dir='ltr'>ἡ</span> <span class='ocrx_word' id='word_1_689' title='bbox 1307 1703 1401 1739; x_wconf 74' lang='grc' dir='ltr'>κλῆσις</span> <span class='ocrx_word' id='word_1_690' title='bbox 1417 1706 1563 1742; x_wconf 72' lang='grc' dir='ltr'>ἐλέγχοιτο,</span> <span class='ocrx_word' id='word_1_691' title='bbox 1585 1708 1658 1744; x_wconf 88' lang='grc' dir='ltr'><strong>αὺτῴ</strong></span> <span class='ocrx_word' id='word_1_692' title='bbox 1672 1709 1711 1744; x_wconf 85' lang='grc' dir='ltr'><strong>τῷ</strong></span> <span class='ocrx_word' id='word_1_693' title='bbox 1724 1709 1819 1744; x_wconf 85' lang='grc' dir='ltr'>ἐπιτη-</span> 
     </span>
    </p>
   </div>
   <div class='ocr_carea' id='block_1_93' title="bbox 1032 1748 1820 1789">
    <p class='ocr_par' dir='ltr' id='par_1_93' title="bbox 1032 1748 1820 1789">
     <span class='ocr_line' id='line_1_93' title="bbox 1032 1748 1820 1789; baseline 0.01 -15"><span class='ocrx_word' id='word_1_694' title='bbox 1032 1748 1145 1784; x_wconf 77' lang='grc' dir='ltr'>δεύματι</span> <span class='ocrx_word' id='word_1_695' title='bbox 1160 1750 1209 1784; x_wconf 85' lang='grc' dir='ltr'>τὴν</span> <span class='ocrx_word' id='word_1_696' title='bbox 1225 1751 1407 1786; x_wconf 79' lang='grc' dir='ltr'>προσηγορίαν</span> <span class='ocrx_word' id='word_1_697' title='bbox 1422 1752 1601 1789; x_wconf 87' lang='grc' dir='ltr'>πιστώσηται·</span> <span class='ocrx_word' id='word_1_698' title='bbox 1615 1755 1661 1781; x_wconf 78' lang='grc' dir='ltr'>τὸν</span> <span class='ocrx_word' id='word_1_699' title='bbox 1675 1755 1757 1782; x_wconf 76' lang='grc' dir='ltr'>αὑτὸν</span> <span class='ocrx_word' id='word_1_700' title='bbox 1772 1756 1820 1782; x_wconf 77' lang='grc' dir='ltr'>καὶ</span> 
     </span>
    </p>
   </div>
   <div class='ocr_carea' id='block_1_94' title="bbox 1033 1796 1821 1835">
    <p class='ocr_par' dir='ltr' id='par_1_94' title="bbox 1033 1796 1821 1835">
     <span class='ocr_line' id='line_1_94' title="bbox 1033 1796 1821 1835; baseline 0.008 -14"><span class='ocrx_word' id='word_1_701' title='bbox 1033 1796 1113 1830; x_wconf 82' lang='grc' dir='ltr'>ἡμεῖς</span> <span class='ocrx_word' id='word_1_702' title='bbox 1131 1797 1241 1831; x_wconf 83' lang='grc' dir='ltr'>τρόπον,</span> <span class='ocrx_word' id='word_1_703' title='bbox 1259 1797 1338 1833; x_wconf 84' lang='grc' dir='ltr'>εἴπερ</span> <span class='ocrx_word' id='word_1_704' title='bbox 1350 1798 1395 1824; x_wconf 79' lang='grc' dir='ltr'><strong>τὸν</strong></span> <span class='ocrx_word' id='word_1_705' title='bbox 1412 1798 1498 1834; x_wconf 84' lang='grc' dir='ltr'>ἀληθῆ</span> <span class='ocrx_word' id='word_1_706' title='bbox 1516 1799 1617 1826; x_wconf 73' lang='grc' dir='ltr'>σκοπὸν</span> <span class='ocrx_word' id='word_1_707' title='bbox 1631 1800 1678 1826; x_wconf 74' lang='grc' dir='ltr'><strong>τοῦ</strong></span> <span class='ocrx_word' id='word_1_708' title='bbox 1690 1801 1821 1835; x_wconf 85' lang='grc' dir='ltr'>Χριστια-</span> 
     </span>
    </p>
   </div>
   <div class='ocr_carea' id='block_1_95' title="bbox 1033 1840 1822 1880">
    <p class='ocr_par' dir='ltr' id='par_1_95' title="bbox 1033 1840 1822 1880">
     <span class='ocr_line' id='line_1_95' title="bbox 1033 1840 1822 1880; baseline 0.01 -15"><span class='ocrx_word' id='word_1_709' title='bbox 1033 1840 1078 1866; x_wconf 78' lang='grc' dir='ltr'>νοῦ</span> <span class='ocrx_word' id='word_1_710' title='bbox 1093 1841 1302 1877; x_wconf 78' lang='grc' dir='ltr'>ἐπαγγέλματος</span> <span class='ocrx_word' id='word_1_711' title='bbox 1313 1842 1483 1875; x_wconf 76' lang='grc' dir='ltr'>ἐξετάζοντες</span> <span class='ocrx_word' id='word_1_712' title='bbox 1492 1845 1608 1880; x_wconf 75' lang='grc' dir='ltr'>εὕρομεν</span> <span class='ocrx_word' id='word_1_713' title='bbox 1623 1854 1629 1860; x_wconf 88' lang='grc'><strong>·</strong></span> <span class='ocrx_word' id='word_1_714' title='bbox 1642 1846 1692 1872; x_wconf 82' lang='grc' dir='ltr'>οὐκ</span> <span class='ocrx_word' id='word_1_715' title='bbox 1709 1846 1743 1873; x_wconf 86' lang='grc' dir='ltr'><strong>ἂν</strong></span> <span class='ocrx_word' id='word_1_716' title='bbox 1757 1847 1822 1872; x_wconf 74' lang='grc' dir='ltr'>ἐλοὲ-</span> 
     </span>
    </p>
   </div>
   <div class='ocr_carea' id='block_1_96' title="bbox 1036 1885 1820 1926">
    <p class='ocr_par' dir='ltr' id='par_1_96' title="bbox 1036 1885 1820 1926">
     <span class='ocr_line' id='line_1_96' title="bbox 1036 1885 1820 1926; baseline 0.009 -15"><span class='ocrx_word' id='word_1_717' title='bbox 1036 1885 1104 1920; x_wconf 86' lang='grc' dir='ltr'>μεθα</span> <span class='ocrx_word' id='word_1_718' title='bbox 1117 1886 1153 1921; x_wconf 85' lang='grc' dir='ltr'><strong>μὴ</strong></span> <span class='ocrx_word' id='word_1_719' title='bbox 1167 1885 1332 1920; x_wconf 75' lang='grc' dir='ltr'>εἶναιτοῦτο,</span> <span class='ocrx_word' id='word_1_720' title='bbox 1346 1889 1414 1924; x_wconf 81' lang='grc' dir='ltr'>ὅπερ</span> <span class='ocrx_word' id='word_1_721' title='bbox 1426 1889 1456 1916; x_wconf 81' lang='grc' dir='ltr'><strong>τὸ</strong></span> <span class='ocrx_word' id='word_1_722' title='bbox 1467 1889 1552 1925; x_wconf 78' lang='grc' dir='ltr'>ὄνομα</span> <span class='ocrx_word' id='word_1_723' title='bbox 1563 1890 1632 1926; x_wconf 79' lang='grc' dir='ltr'>ὑπὲρ</span> <span class='ocrx_word' id='word_1_724' title='bbox 1642 1891 1721 1926; x_wconf 82' lang='grc' dir='ltr'>ἡμῶν</span> <span class='ocrx_word' id='word_1_725' title='bbox 1737 1893 1820 1926; x_wconf 81' lang='grc' dir='ltr'>ἐπαγ-</span> 
     </span>
    </p>
   </div>
   <div class='ocr_carea' id='block_1_97' title="bbox 1034 1932 1821 1971">
    <p class='ocr_par' dir='ltr' id='par_1_97' title="bbox 1034 1932 1821 1971">
     <span class='ocr_line' id='line_1_97' title="bbox 1034 1932 1821 1971; baseline 0.006 -14"><span class='ocrx_word' id='word_1_726' title='bbox 1034 1932 1157 1965; x_wconf 82' lang='grc' dir='ltr'>γέλλεται</span> <span class='ocrx_word' id='word_1_727' title='bbox 1173 1941 1177 1945; x_wconf 94' lang='grc'>·</span> <span class='ocrx_word' id='word_1_728' title='bbox 1192 1933 1229 1963; x_wconf 87' lang='grc' dir='ltr'>ὠς</span> <span class='ocrx_word' id='word_1_729' title='bbox 1244 1932 1276 1959; x_wconf 78' lang='grc' dir='ltr'><strong>ἂν</strong></span> <span class='ocrx_word' id='word_1_730' title='bbox 1291 1933 1327 1967; x_wconf 83' lang='grc' dir='ltr'>μὴ</span> <span class='ocrx_word' id='word_1_731' title='bbox 1345 1934 1374 1960; x_wconf 80' lang='grc' dir='ltr'><strong>τὸ</strong></span> <span class='ocrx_word' id='word_1_732' title='bbox 1389 1935 1452 1969; x_wconf 81' lang='grc' dir='ltr'>περὶ</span> <span class='ocrx_word' id='word_1_733' title='bbox 1464 1934 1509 1961; x_wconf 83' lang='grc' dir='ltr'>τοῦ</span> <span class='ocrx_word' id='word_1_734' title='bbox 1522 1935 1637 1971; x_wconf 83' lang='grc' dir='ltr'>πιθήκου</span> <span class='ocrx_word' id='word_1_735' title='bbox 1652 1935 1774 1971; x_wconf 83' lang='grc' dir='ltr'>διήγημα</span> <span class='ocrx_word' id='word_1_736' title='bbox 1793 1937 1821 1962; x_wconf 73' lang='grc' dir='ltr'>τὸ</span> 
     </span>
    </p>
   </div>
   <div class='ocr_carea' id='block_1_98' title="bbox 1035 1977 1820 2018">
    <p class='ocr_par' dir='ltr' id='par_1_98' title="bbox 1035 1977 1820 2018">
     <span class='ocr_line' id='line_1_98' title="bbox 1035 1977 1820 2018; baseline 0.009 -16"><span class='ocrx_word' id='word_1_737' title='bbox 1035 1977 1109 2012; x_wconf 76' lang='grc' dir='ltr'>παρὰ</span> <span class='ocrx_word' id='word_1_738' title='bbox 1128 1979 1183 2009; x_wconf 81' lang='grc' dir='ltr'>τοῖς</span> <span class='ocrx_word' id='word_1_739' title='bbox 1199 1978 1251 2010; x_wconf 78' lang='grc' dir='ltr'><strong>ἐξω</strong></span> <span class='ocrx_word' id='word_1_740' title='bbox 1267 1980 1480 2014; x_wconf 71' lang='grc' dir='ltr'>περιφερόμενον</span> <span class='ocrx_word' id='word_1_741' title='bbox 1499 1981 1545 2006; x_wconf 78' lang='grc' dir='ltr'>καὶ</span> <span class='ocrx_word' id='word_1_742' title='bbox 1560 1981 1625 2016; x_wconf 83' lang='grc' dir='ltr'>ἡμῖν</span> <span class='ocrx_word' id='word_1_743' title='bbox 1644 1981 1820 2018; x_wconf 69' lang='grc' dir='ltr'>ὲφαρμὸσειε.</span> 
     </span>
    </p>
   </div>
   <div class='ocr_carea' id='block_1_99' title="bbox 1034 2022 1820 2062">
    <p class='ocr_par' dir='ltr' id='par_1_99' title="bbox 1034 2022 1820 2062">
     <span class='ocr_line' id='line_1_99' title="bbox 1034 2022 1820 2062; baseline 0.006 -14"><span class='ocrx_word' id='word_1_744' title='bbox 1034 2022 1101 2049; x_wconf 78' lang='grc' dir='ltr'>Φασὶ</span> <span class='ocrx_word' id='word_1_745' title='bbox 1116 2023 1170 2058; x_wconf 84' lang='grc' dir='ltr'>γάρ</span> <span class='ocrx_word' id='word_1_746' title='bbox 1191 2032 1250 2050; x_wconf 84' lang='grc' dir='ltr'>τινα</span> <span class='ocrx_word' id='word_1_747' title='bbox 1265 2023 1318 2050; x_wconf 89' lang='grc' dir='ltr'>τῶν</span> <span class='ocrx_word' id='word_1_748' title='bbox 1337 2024 1544 2059; x_wconf 82' lang='grc' dir='ltr'>θαυματοποιῶν</span> <span class='ocrx_word' id='word_1_749' title='bbox 1560 2026 1606 2052; x_wconf 87' lang='grc' dir='ltr'>ἐπὶ</span> <span class='ocrx_word' id='word_1_750' title='bbox 1626 2027 1675 2062; x_wconf 81' lang='grc' dir='ltr'><strong>τῆς</strong></span> <span class='ocrx_word' id='word_1_751' title='bbox 1697 2027 1820 2060; x_wconf 81' lang='grc' dir='ltr'>Ἀλεξάν-</span> 
     </span>
    </p>
   </div>
   <div class='ocr_carea' id='block_1_100' title="bbox 1034 2067 1822 2108">
    <p class='ocr_par' dir='ltr' id='par_1_100' title="bbox 1034 2067 1822 2108">
     <span class='ocr_line' id='line_1_100' title="bbox 1034 2067 1822 2108; baseline 0.008 -15"><span class='ocrx_word' id='word_1_752' title='bbox 1034 2067 1097 2103; x_wconf 87' lang='grc' dir='ltr'>δρου</span> <span class='ocrx_word' id='word_1_753' title='bbox 1113 2068 1216 2100; x_wconf 82' lang='grc' dir='ltr'>πόλεως</span> <span class='ocrx_word' id='word_1_754' title='bbox 1235 2069 1395 2105; x_wconf 82' lang='grc' dir='ltr'>ἀσκήσαντα</span> <span class='ocrx_word' id='word_1_755' title='bbox 1415 2070 1529 2106; x_wconf 83' lang='grc' dir='ltr'>πίθηκον</span> <span class='ocrx_word' id='word_1_756' title='bbox 1555 2071 1600 2098; x_wconf 84' lang='grc' dir='ltr'>διά</span> <span class='ocrx_word' id='word_1_757' title='bbox 1623 2080 1695 2104; x_wconf 81' lang='grc' dir='ltr'>τινος</span> <span class='ocrx_word' id='word_1_758' title='bbox 1711 2072 1822 2108; x_wconf 77' lang='grc' dir='ltr'>εὐστρο-</span> 
     </span>
    </p>
   </div>
   <div class='ocr_carea' id='block_1_101' title="bbox 1035 2113 1822 2154">
    <p class='ocr_par' dir='ltr' id='par_1_101' title="bbox 1035 2113 1822 2154">
     <span class='ocr_line' id='line_1_101' title="bbox 1035 2113 1822 2154; baseline 0.008 -15"><span class='ocrx_word' id='word_1_759' title='bbox 1035 2113 1097 2148; x_wconf 85' lang='grc' dir='ltr'>φίας</span> <span class='ocrx_word' id='word_1_760' title='bbox 1112 2113 1280 2150; x_wconf 83' lang='grc' dir='ltr'>ὁρχηστικῶς</span> <span class='ocrx_word' id='word_1_761' title='bbox 1293 2116 1517 2150; x_wconf 78' lang='grc' dir='ltr'>σχηματίζεσθαι,</span> <span class='ocrx_word' id='word_1_762' title='bbox 1531 2117 1577 2143; x_wconf 82' lang='grc' dir='ltr'>καὶ</span> <span class='ocrx_word' id='word_1_763' title='bbox 1588 2118 1736 2153; x_wconf 83' lang='grc' dir='ltr'>περιθεῖναι</span> <span class='ocrx_word' id='word_1_764' title='bbox 1749 2119 1822 2154; x_wconf 80' lang='grc' dir='ltr'>αὐτῷ</span> 
     </span>
    </p>
   </div>
   <div class='ocr_carea' id='block_1_102' title="bbox 1035 2159 1822 2200">
    <p class='ocr_par' dir='ltr' id='par_1_102' title="bbox 1035 2159 1822 2200">
     <span class='ocr_line' id='line_1_102' title="bbox 1035 2159 1822 2200; baseline 0.006 -15"><span class='ocrx_word' id='word_1_765' title='bbox 1035 2159 1179 2195; x_wconf 86' lang='grc' dir='ltr'>πρόσωπον</span> <span class='ocrx_word' id='word_1_766' title='bbox 1196 2160 1367 2196; x_wconf 71' lang='grc' dir='ltr'>ὀρχηστικὸν,</span> <span class='ocrx_word' id='word_1_767' title='bbox 1385 2161 1429 2188; x_wconf 83' lang='grc' dir='ltr'>καὶ</span> <span class='ocrx_word' id='word_1_768' title='bbox 1448 2161 1548 2197; x_wconf 76' lang='grc' dir='ltr'>ἐσθῆτα</span> <span class='ocrx_word' id='word_1_769' title='bbox 1567 2161 1605 2198; x_wconf 80' lang='grc' dir='ltr'>τῷ</span> <span class='ocrx_word' id='word_1_770' title='bbox 1628 2163 1822 2200; x_wconf 83' lang='grc' dir='ltr'>ἐπιτηδεύματι</span> 
     </span>
    </p>
   </div>
   <div class='ocr_carea' id='block_1_103' title="bbox 1036 2205 1823 2243">
    <p class='ocr_par' dir='ltr' id='par_1_103' title="bbox 1036 2205 1823 2243">
     <span class='ocr_line' id='line_1_103' title="bbox 1036 2205 1823 2243; baseline 0.005 -12"><span class='ocrx_word' id='word_1_771' title='bbox 1036 2205 1190 2241; x_wconf 79' lang='grc' dir='ltr'>πρόσφορον</span> <span class='ocrx_word' id='word_1_772' title='bbox 1201 2213 1207 2220; x_wconf 92' lang='grc'>·</span> <span class='ocrx_word' id='word_1_773' title='bbox 1222 2206 1268 2232; x_wconf 77' lang='grc' dir='ltr'><strong>καὶ</strong></span> <span class='ocrx_word' id='word_1_774' title='bbox 1282 2206 1361 2242; x_wconf 75' lang='grc' dir='ltr'>χορὸν</span> <span class='ocrx_word' id='word_1_775' title='bbox 1379 2206 1454 2241; x_wconf 77' lang='grc' dir='ltr'>αὐτῷ</span> <span class='ocrx_word' id='word_1_776' title='bbox 1464 2208 1677 2243; x_wconf 81' lang='grc' dir='ltr'>περιστήσαντα,</span> <span class='ocrx_word' id='word_1_777' title='bbox 1690 2209 1823 2235; x_wconf 82' lang='grc' dir='ltr'>ἐνευδοκι-</span> 
     </span>
    </p>
   </div>
   <div class='ocr_carea' id='block_1_104' title="bbox 1038 2250 1823 2288">
    <p class='ocr_par' dir='ltr' id='par_1_104' title="bbox 1038 2250 1823 2288">
     <span class='ocr_line' id='line_1_104' title="bbox 1038 2250 1823 2288; baseline 0.005 -12"><span class='ocrx_word' id='word_1_778' title='bbox 1038 2251 1097 2285; x_wconf 86' lang='grc' dir='ltr'>μεῖν</span> <span class='ocrx_word' id='word_1_779' title='bbox 1113 2250 1152 2285; x_wconf 81' lang='grc' dir='ltr'>τῷ</span> <span class='ocrx_word' id='word_1_780' title='bbox 1171 2250 1279 2286; x_wconf 80' lang='grc' dir='ltr'>πιθήκῳ</span> <span class='ocrx_word' id='word_1_781' title='bbox 1293 2251 1361 2286; x_wconf 71' lang='grc' dir='ltr'>πρὸς</span> <span class='ocrx_word' id='word_1_782' title='bbox 1379 2251 1425 2277; x_wconf 74' lang='grc' dir='ltr'><strong>τὸν</strong></span> <span class='ocrx_word' id='word_1_783' title='bbox 1439 2251 1488 2278; x_wconf 86' lang='grc' dir='ltr'>τοῦ</span> <span class='ocrx_word' id='word_1_784' title='bbox 1501 2252 1599 2286; x_wconf 86' lang='grc' dir='ltr'>μέλους</span> <span class='ocrx_word' id='word_1_785' title='bbox 1613 2253 1715 2288; x_wconf 76' lang='grc' dir='ltr'>ῥυθμὸν</span> <span class='ocrx_word' id='word_1_786' title='bbox 1728 2255 1823 2280; x_wconf 81' lang='grc' dir='ltr'>ἐαυτδν</span> 
     </span>
    </p>
   </div>
   <div class='ocr_carea' id='block_1_105' title="bbox 1037 2295 1825 2334">
    <p class='ocr_par' dir='ltr' id='par_1_105' title="bbox 1037 2295 1825 2334">
     <span class='ocr_line' id='line_1_105' title="bbox 1037 2295 1825 2334; baseline 0.005 -12"><span class='ocrx_word' id='word_1_787' title='bbox 1037 2295 1214 2330; x_wconf 79' lang='grc' dir='ltr'>ἐκλυγίζοντι,</span> <span class='ocrx_word' id='word_1_788' title='bbox 1227 2296 1274 2323; x_wconf 79' lang='grc' dir='ltr'>καὶ</span> <span class='ocrx_word' id='word_1_789' title='bbox 1289 2296 1332 2323; x_wconf 83' lang='grc' dir='ltr'>διὰ</span> <span class='ocrx_word' id='word_1_790' title='bbox 1347 2297 1454 2324; x_wconf 82' lang='grc' dir='ltr'>πάντων</span> <span class='ocrx_word' id='word_1_791' title='bbox 1466 2298 1693 2334; x_wconf 81' lang='grc' dir='ltr'>ἐπικρυπτομένῳ</span> <span class='ocrx_word' id='word_1_792' title='bbox 1710 2299 1760 2334; x_wconf 81' lang='grc' dir='ltr'>τὴν</span> <span class='ocrx_word' id='word_1_793' title='bbox 1774 2299 1825 2334; x_wconf 80' lang='grc' dir='ltr'><strong>φύ-</strong></span> 
     </span>
    </p>
   </div>
   <div class='ocr_carea' id='block_1_106' title="bbox 1037 2339 1824 2380">
    <p class='ocr_par' dir='ltr' id='par_1_106' title="bbox 1037 2339 1824 2380">
     <span class='ocr_line' id='line_1_106' title="bbox 1037 2339 1824 2380; baseline 0.005 -13"><span class='ocrx_word' id='word_1_794' title='bbox 1037 2348 1088 2373; x_wconf 87' lang='grc' dir='ltr'>σιν,</span> <span class='ocrx_word' id='word_1_795' title='bbox 1105 2339 1144 2372; x_wconf 73' lang='grc' dir='ltr'>οἷς</span> <span class='ocrx_word' id='word_1_796' title='bbox 1157 2341 1243 2368; x_wconf 81' lang='grc' dir='ltr'>ἐποίει</span> <span class='ocrx_word' id='word_1_797' title='bbox 1255 2350 1285 2367; x_wconf 86' lang='grc' dir='ltr'><strong>τε</strong></span> <span class='ocrx_word' id='word_1_798' title='bbox 1301 2342 1349 2368; x_wconf 73' lang='grc' dir='ltr'><strong>καὶ</strong></span> <span class='ocrx_word' id='word_1_799' title='bbox 1366 2343 1500 2377; x_wconf 80' lang='grc' dir='ltr'>ἐφαίνετο.</span> <span class='ocrx_word' id='word_1_800' title='bbox 1522 2344 1713 2380; x_wconf 83' lang='grc' dir='ltr'>Κατεχομένου</span> <span class='ocrx_word' id='word_1_801' title='bbox 1736 2345 1764 2371; x_wconf 79' lang='grc' dir='ltr'>δὲ</span> <span class='ocrx_word' id='word_1_802' title='bbox 1777 2344 1824 2371; x_wconf 77' lang='grc' dir='ltr'>τοῦ</span> 
     </span>
    </p>
   </div>
   <div class='ocr_carea' id='block_1_107' title="bbox 1037 2385 1825 2425">
    <p class='ocr_par' dir='ltr' id='par_1_107' title="bbox 1037 2385 1825 2425">
     <span class='ocr_line' id='line_1_107' title="bbox 1037 2385 1825 2425; baseline 0.006 -13"><span class='ocrx_word' id='word_1_803' title='bbox 1037 2385 1149 2421; x_wconf 83' lang='grc' dir='ltr'>θεάτρου</span> <span class='ocrx_word' id='word_1_804' title='bbox 1164 2387 1232 2423; x_wconf 83' lang='grc' dir='ltr'>πρὸς</span> <span class='ocrx_word' id='word_1_805' title='bbox 1244 2387 1274 2413; x_wconf 76' lang='grc' dir='ltr'>τὸ</span> <span class='ocrx_word' id='word_1_806' title='bbox 1287 2389 1469 2424; x_wconf 83' lang='grc' dir='ltr'>καινοπρεπὲς</span> <span class='ocrx_word' id='word_1_807' title='bbox 1482 2388 1529 2416; x_wconf 82' lang='grc' dir='ltr'><strong>τοῦ</strong></span> <span class='ocrx_word' id='word_1_808' title='bbox 1541 2389 1687 2424; x_wconf 81' lang='grc' dir='ltr'>θεάματος,</span> <span class='ocrx_word' id='word_1_809' title='bbox 1704 2391 1825 2425; x_wconf 83' lang='grc' dir='ltr'>παρόντα</span> 
     </span>
    </p>
   </div>
   <div class='ocr_carea' id='block_1_108' title="bbox 1035 2431 1826 2470">
    <p class='ocr_par' dir='ltr' id='par_1_108' title="bbox 1035 2431 1826 2470">
     <span class='ocr_line' id='line_1_108' title="bbox 1035 2431 1826 2470; baseline 0.005 -13"><span class='ocrx_word' id='word_1_810' title='bbox 1035 2431 1096 2458; x_wconf 83' lang='grc' dir='ltr'>τινὰ</span> <span class='ocrx_word' id='word_1_811' title='bbox 1111 2431 1165 2457; x_wconf 81' lang='grc' dir='ltr'>τῶν</span> <span class='ocrx_word' id='word_1_812' title='bbox 1175 2432 1353 2468; x_wconf 82' lang='grc' dir='ltr'>ἀστειοτέρων</span> <span class='ocrx_word' id='word_1_813' title='bbox 1365 2433 1460 2469; x_wconf 85' lang='grc' dir='ltr'>παιδιᾷ</span> <span class='ocrx_word' id='word_1_814' title='bbox 1474 2442 1526 2460; x_wconf 90' lang='grc' dir='ltr'>τινι</span> <span class='ocrx_word' id='word_1_815' title='bbox 1541 2434 1626 2467; x_wconf 79' lang='grc' dir='ltr'>δεῖξαι</span> <span class='ocrx_word' id='word_1_816' title='bbox 1637 2435 1693 2466; x_wconf 79' lang='grc' dir='ltr'>τοῖς</span> <span class='ocrx_word' id='word_1_817' title='bbox 1708 2444 1826 2470; x_wconf 84' lang='grc' dir='ltr'>προσκε-</span> 
     </span>
    </p>
   </div>
   <div class='ocr_carea' id='block_1_109' title="bbox 1036 2476 1826 2516">
    <p class='ocr_par' dir='ltr' id='par_1_109' title="bbox 1036 2476 1826 2516">
     <span class='ocr_line' id='line_1_109' title="bbox 1036 2476 1826 2516; baseline 0.008 -14"><span class='ocrx_word' id='word_1_818' title='bbox 1036 2476 1130 2512; x_wconf 77' lang='grc' dir='ltr'>χηνόσι</span> <span class='ocrx_word' id='word_1_819' title='bbox 1147 2477 1185 2512; x_wconf 82' lang='grc' dir='ltr'>τῷ</span> <span class='ocrx_word' id='word_1_820' title='bbox 1199 2477 1324 2512; x_wconf 79' lang='grc' dir='ltr'>θεάματι,</span> <span class='ocrx_word' id='word_1_821' title='bbox 1343 2479 1457 2515; x_wconf 87' lang='grc' dir='ltr'>πίθηκον</span> <span class='ocrx_word' id='word_1_822' title='bbox 1470 2480 1533 2506; x_wconf 75' lang='grc' dir='ltr'>ὄντα</span> <span class='ocrx_word' id='word_1_823' title='bbox 1544 2480 1589 2507; x_wconf 79' lang='grc' dir='ltr'><strong>τὸν</strong></span> <span class='ocrx_word' id='word_1_824' title='bbox 1601 2480 1727 2516; x_wconf 84' lang='grc' dir='ltr'>πίθηκον.</span> <span class='ocrx_word' id='word_1_825' title='bbox 1751 2482 1826 2508; x_wconf 84' lang='grc' dir='ltr'>Ἐπι-</span> 
     </span>
    </p>
   </div>
   <div class='ocr_carea' id='block_1_110' title="bbox 1037 2522 1825 2563">
    <p class='ocr_par' dir='ltr' id='par_1_110' title="bbox 1037 2522 1825 2563">
     <span class='ocr_line' id='line_1_110' title="bbox 1037 2522 1825 2563; baseline 0.006 -15"><span class='ocrx_word' id='word_1_826' title='bbox 1037 2522 1161 2549; x_wconf 79' lang='grc' dir='ltr'>6οώντων</span> <span class='ocrx_word' id='word_1_827' title='bbox 1182 2523 1237 2559; x_wconf 81' lang='grc' dir='ltr'>γὰρ</span> <span class='ocrx_word' id='word_1_828' title='bbox 1259 2524 1375 2557; x_wconf 82' lang='grc' dir='ltr'>πάντων,</span> <span class='ocrx_word' id='word_1_829' title='bbox 1392 2527 1440 2554; x_wconf 74' lang='grc' dir='ltr'>καὶ</span> <span class='ocrx_word' id='word_1_830' title='bbox 1457 2527 1673 2563; x_wconf 80' lang='grc' dir='ltr'>ἐπικροτούντων</span> <span class='ocrx_word' id='word_1_831' title='bbox 1696 2528 1758 2559; x_wconf 81' lang='grc' dir='ltr'>ταῖς</span> <span class='ocrx_word' id='word_1_832' title='bbox 1779 2527 1825 2554; x_wconf 75' lang='grc' dir='ltr'>τοῦ</span> 
     </span>
    </p>
   </div>
   <div class='ocr_carea' id='block_1_111' title="bbox 1038 2568 1826 2609">
    <p class='ocr_par' dir='ltr' id='par_1_111' title="bbox 1038 2568 1826 2609">
     <span class='ocr_line' id='line_1_111' title="bbox 1038 2568 1826 2609; baseline 0.006 -15"><span class='ocrx_word' id='word_1_833' title='bbox 1038 2568 1153 2604; x_wconf 82' lang='grc' dir='ltr'>πιθήκου</span> <span class='ocrx_word' id='word_1_834' title='bbox 1167 2572 1373 2606; x_wconf 83' lang='grc' dir='ltr'>περιστροφαῖς,</span> <span class='ocrx_word' id='word_1_835' title='bbox 1390 2572 1533 2608; x_wconf 81' lang='grc' dir='ltr'>εὐρύθμως</span> <span class='ocrx_word' id='word_1_836' title='bbox 1549 2573 1617 2608; x_wconf 82' lang='grc' dir='ltr'>πρὸς</span> <span class='ocrx_word' id='word_1_837' title='bbox 1629 2573 1679 2609; x_wconf 85' lang='grc' dir='ltr'><strong>τὴν</strong></span> <span class='ocrx_word' id='word_1_838' title='bbox 1691 2573 1762 2609; x_wconf 81' lang='grc' dir='ltr'>ᾠδὴν</span> <span class='ocrx_word' id='word_1_839' title='bbox 1778 2573 1826 2601; x_wconf 78' lang='grc' dir='ltr'>καὶ</span> 
     </span>
    </p>
   </div>
   <div class='ocr_carea' id='block_1_112' title="bbox 1037 2615 1825 2654">
    <p class='ocr_par' dir='ltr' id='par_1_112' title="bbox 1037 2615 1825 2654">
     <span class='ocr_line' id='line_1_112' title="bbox 1037 2615 1825 2654; baseline 0.008 -14"><span class='ocrx_word' id='word_1_840' title='bbox 1037 2615 1067 2640; x_wconf 81' lang='grc' dir='ltr'>τὸ</span> <span class='ocrx_word' id='word_1_841' title='bbox 1088 2615 1167 2650; x_wconf 87' lang='grc' dir='ltr'>μέλος</span> <span class='ocrx_word' id='word_1_842' title='bbox 1190 2624 1315 2650; x_wconf 84' lang='grc' dir='ltr'>συγκινου</span> <span class='ocrx_word' id='word_1_843' title='bbox 1320 2617 1401 2652; x_wconf 87' lang='grc' dir='ltr'>μένου</span> <span class='ocrx_word' id='word_1_844' title='bbox 1413 2638 1420 2650; x_wconf 90' lang='grc'><strong>,</strong></span> <span class='ocrx_word' id='word_1_845' title='bbox 1435 2619 1510 2654; x_wconf 74' lang='grc' dir='ltr'>ῥίψαι</span> <span class='ocrx_word' id='word_1_846' title='bbox 1524 2619 1605 2653; x_wconf 76' lang='grc' dir='ltr'>φασὶν</span> <span class='ocrx_word' id='word_1_847' title='bbox 1619 2619 1700 2646; x_wconf 72' lang='grc' dir='ltr'>αὑτὸν</span> <span class='ocrx_word' id='word_1_848' title='bbox 1714 2619 1760 2645; x_wconf 80' lang='grc' dir='ltr'>ἐπὶ</span> <span class='ocrx_word' id='word_1_849' title='bbox 1775 2619 1825 2653; x_wconf 84' lang='grc' dir='ltr'><strong>τῆς</strong></span> 
     </span>
    </p>
   </div>
   <div class='ocr_carea' id='block_1_113' title="bbox 1037 2661 1825 2700">
    <p class='ocr_par' dir='ltr' id='par_1_113' title="bbox 1037 2661 1825 2700">
     <span class='ocr_line' id='line_1_113' title="bbox 1037 2661 1825 2700; baseline 0.006 -14"><span class='ocrx_word' id='word_1_850' title='bbox 1037 2661 1191 2696; x_wconf 85' lang='grc' dir='ltr'>ὀρχήστρας</span> <span class='ocrx_word' id='word_1_851' title='bbox 1210 2662 1264 2688; x_wconf 81' lang='grc' dir='ltr'>τῶν</span> <span class='ocrx_word' id='word_1_852' title='bbox 1278 2664 1460 2698; x_wconf 85' lang='grc' dir='ltr'>τραγημάτων</span> <span class='ocrx_word' id='word_1_853' title='bbox 1474 2665 1564 2690; x_wconf 80' lang='grc' dir='ltr'>ἐκεῖνα</span> <span class='ocrx_word' id='word_1_854' title='bbox 1580 2665 1629 2690; x_wconf 80' lang='grc' dir='ltr'><strong>ὅσα</strong></span> <span class='ocrx_word' id='word_1_855' title='bbox 1642 2665 1690 2700; x_wconf 85' lang='grc' dir='ltr'><strong>τὴν</strong></span> <span class='ocrx_word' id='word_1_856' title='bbox 1706 2665 1825 2700; x_wconf 81' lang='grc' dir='ltr'>λιχνείαν</span> 
     </span>
    </p>
   </div>
   <div class='ocr_carea' id='block_1_114' title="bbox 1037 2705 1827 2745">
    <p class='ocr_par' dir='ltr' id='par_1_114' title="bbox 1037 2705 1827 2745">
     <span class='ocr_line' id='line_1_114' title="bbox 1037 2705 1827 2745; baseline 0.006 -14"><span class='ocrx_word' id='word_1_857' title='bbox 1037 2705 1092 2732; x_wconf 82' lang='grc' dir='ltr'>τῶν</span> <span class='ocrx_word' id='word_1_858' title='bbox 1107 2706 1234 2733; x_wconf 77' lang='grc' dir='ltr'>τοιούτων</span> <span class='ocrx_word' id='word_1_859' title='bbox 1248 2707 1349 2742; x_wconf 86' lang='grc' dir='ltr'>θηρίων</span> <span class='ocrx_word' id='word_1_860' title='bbox 1361 2708 1501 2742; x_wconf 80' lang='grc' dir='ltr'>ἐφέλκεται</span> <span class='ocrx_word' id='word_1_861' title='bbox 1515 2717 1522 2722; x_wconf 92' lang='grc'><strong>·</strong></span> <span class='ocrx_word' id='word_1_862' title='bbox 1534 2708 1579 2735; x_wconf 77' lang='grc' dir='ltr'><strong>τὸν</strong></span> <span class='ocrx_word' id='word_1_863' title='bbox 1591 2709 1618 2735; x_wconf 88' lang='grc' dir='ltr'><strong>δέ</strong></span> <span class='ocrx_word' id='word_1_864' title='bbox 1635 2710 1718 2745; x_wconf 79' lang='grc' dir='ltr'>μηδὲν</span> <span class='ocrx_word' id='word_1_865' title='bbox 1731 2709 1827 2744; x_wconf 87' lang='grc' dir='ltr'>μελλή-</span> 
     </span>
    </p>
   </div>
   <div class='ocr_carea' id='block_1_115' title="bbox 1039 2751 1825 2790">
    <p class='ocr_par' dir='ltr' id='par_1_115' title="bbox 1039 2751 1825 2790">
     <span class='ocr_line' id='line_1_115' title="bbox 1039 2751 1825 2790; baseline 0.005 -14"><span class='ocrx_word' id='word_1_866' title='bbox 1039 2759 1132 2783; x_wconf 85' lang='grc' dir='ltr'>σαντα,</span> <span class='ocrx_word' id='word_1_867' title='bbox 1150 2752 1243 2786; x_wconf 81' lang='grc' dir='ltr'>ἐπειδὴ</span> <span class='ocrx_word' id='word_1_868' title='bbox 1264 2752 1448 2789; x_wconf 74' lang='grc' dir='ltr'>διασπαρέντα</span> <span class='ocrx_word' id='word_1_869' title='bbox 1469 2751 1521 2780; x_wconf 78' lang='grc' dir='ltr'>εἶδε</span> <span class='ocrx_word' id='word_1_870' title='bbox 1547 2755 1600 2789; x_wconf 79' lang='grc' dir='ltr'><strong>πρὸ</strong></span> <span class='ocrx_word' id='word_1_871' title='bbox 1619 2754 1667 2780; x_wconf 78' lang='grc' dir='ltr'>τοῦ</span> <span class='ocrx_word' id='word_1_872' title='bbox 1692 2755 1774 2790; x_wconf 83' lang='grc' dir='ltr'>χοροῦ</span> <span class='ocrx_word' id='word_1_873' title='bbox 1791 2754 1825 2780; x_wconf 84' lang='grc' dir='ltr'>τὰ</span> 
     </span>
    </p>
   </div>
   <div class='ocr_carea' id='block_1_116' title="bbox 1039 2796 1826 2836">
    <p class='ocr_par' dir='ltr' id='par_1_116' title="bbox 1039 2796 1826 2836">
     <span class='ocr_line' id='line_1_116' title="bbox 1039 2796 1826 2836; baseline 0.006 -15"><span class='ocrx_word' id='word_1_874' title='bbox 1039 2796 1180 2830; x_wconf 76' lang='grc' dir='ltr'>ἀμύγδαλα</span> <span class='ocrx_word' id='word_1_875' title='bbox 1191 2818 1198 2829; x_wconf 88' lang='grc'><strong>,</strong></span> <span class='ocrx_word' id='word_1_876' title='bbox 1217 2797 1398 2832; x_wconf 56' lang='grc' dir='ltr'>ἐκλαθόμενοι)</span> <span class='ocrx_word' id='word_1_877' title='bbox 1420 2799 1468 2833; x_wconf 85' lang='grc' dir='ltr'><strong>τῆς</strong></span> <span class='ocrx_word' id='word_1_878' title='bbox 1483 2808 1511 2826; x_wconf 79' lang='grc' dir='ltr'><strong>τε</strong></span> <span class='ocrx_word' id='word_1_879' title='bbox 1525 2800 1680 2836; x_wconf 72' lang='grc' dir='ltr'>ὀρχήστρας</span> <span class='ocrx_word' id='word_1_880' title='bbox 1690 2822 1697 2833; x_wconf 91' lang='grc'><strong>,</strong></span> <span class='ocrx_word' id='word_1_881' title='bbox 1711 2801 1758 2827; x_wconf 78' lang='grc' dir='ltr'>καὶ</span> <span class='ocrx_word' id='word_1_882' title='bbox 1772 2799 1826 2826; x_wconf 81' lang='grc' dir='ltr'>τῶν</span> 
     </span>
    </p>
   </div>
  </div>
