1922 3078
103 117 151 146 2H

648 119 692 147 DE
723 119 958 149 PROFESSIONIZ
984 123 1205 152 ClllllSTlANA.

1685 127 1740 156 21.2

106 181 222 216 κρότων,
238 180 286 207 καὶ
307 180 361 207 τῶν
371 181 420 217 τῆς
432 180 544 217 ἐσθῆτος
555 181 766 218 καλλωπισμῶν,
782 184 896 220 ἐπιδρα-

950 186 1014 212 linnt
1028 186 1176 214 bestiarum
1191 188 1338 222 ingluviem
1352 189 1494 216 attrahunt
1513 195 1592 225 atque
1607 191 1739 226 invitam;

106 227 164 260 μεῖν
180 233 211 251 τε
223 225 328 257 αὐτοῖς,
346 226 394 252 καὶ
407 226 467 258 ταῖς
475 226 529 252 τῶν
544 226 642 262 χειρῶν
655 228 794 263 παλάμαις
806 229 898 255 συλλέ-

105 279 163 304 γειν
178 270 213 297 τὰ
228 271 430 306 εὑρισκόμενα·
452 272 498 298 καὶ
511 272 548 304 ὼς
562 272 596 300 ἂν
609 273 646 308 μὴ
663 273 788 308 ἐμποδὼν
801 274 844 309 εἴη
866 274 898 301 τὸ

105 317 278 351 προσωπεῖον
292 316 332 352 τῷ
343 317 466 352 στόματι,
483 318 683 353 περιαιρεῖσθαι
697 319 766 346 κατὰ
780 319 897 355 σπουδὴν

105 361 202 389 ἑαυτοῦ
214 363 272 393 τοῖς
283 362 358 394 ὄνυξι
370 363 419 398 τὴν
431 363 629 398 σεσοφισμένην
644 364 752 400 μορφὴν
767 364 898 400 περιθρύ-

106 417 207 436 πτοντα
220 428 228 440 ,
242 408 315 435 ὥστε
340 408 421 436 αὐτὸν
449 407 554 444 ἀθρόως
575 409 682 443 γέλωτα
703 410 812 446 κινῆσαι
840 412 896 442 τοῖς

105 454 227 486 θεαταῖς,
256 454 318 480 ἀντὶ
339 454 393 480 τῶν
411 454 531 481 ἐπαίνων
552 463 582 481 τε
606 455 652 481 καὶ
671 455 826 491 θαύματος,
845 457 897 484 είδ-

104 498 193 534 εχθῶς
211 500 259 526 καὶ
280 499 392 534 γελοίως
406 501 438 526 ἑκ
451 500 506 526 τῶν
522 500 568 527 τοῦ
582 501 752 536 προσωπείου
763 502 897 537 λειψάνων

104 542 325 580 διαφαινόμενον.
342 545 447 581 Ὥσπερ
460 544 507 573 οὖν
525 546 575 573 οὐκ
590 546 738 582 ἐξήρκεσεν
755 548 852 584 ἐκείνῳ
866 549 897 576 τὸ

106 591 302 626 σεσοφισμένον
321 591 414 627 σχῆμα
430 592 498 628 πρὸς
514 591 545 619 τὸ
564 593 725 628 νομισθῆναι
742 593 895 629 ἄνθρωπον,

105 636 323 671 ἀπελεγχθείσης
345 637 375 664 ὲν
394 637 426 672 τῇ
446 637 550 673 λιχνείᾳ
570 637 624 664 τῶν
640 639 825 674 τραγημάτων
847 640 895 675 τῆς

105 683 225 718 φύσεως·
242 682 329 715 οὕτως
339 684 363 710 οἷ
373 683 411 719 μὴ
423 683 530 719 ἀληθῶς
541 684 624 720 αὐτὴν
638 685 687 721 τὴν
701 685 781 720 φύσιν
791 686 896 713 ἑαυτῶν

105 731 136 765 τῇ
157 729 249 755 πίστει
265 728 474 764 μορφώσαντες,
493 729 590 765 ῥᾳδίως
604 731 633 756 ἑν
643 732 702 762 ταῖς
713 730 759 757 τοῦ
773 731 896 759 διαϐόλου

104 775 237 810 λιχνείαις
250 775 499 810 ἀπελεγχθήσονται
508 775 571 802 άλλο
582 782 608 802 τι
621 775 696 807 ὀντες
711 777 776 812 παρ’
787 777 801 804 δ
811 778 891 812 ἑπαγ-

105 820 257 854 γέλλονται.
281 821 353 848 ’Λντὶ
371 820 425 856 γὰρ
448 821 570 856 ἰσχάδος,
587 821 603 856 ἢ
619 822 787 858 ἀμυγδάλης,
805 824 821 859 ἢ
842 824 896 850 τῶν

949 231 1022 257 illam
1035 239 1100 258 vero
1115 232 1182 259 nihil
1202 237 1372 265 eunetatant,
1391 239 1420 260 ut
1436 235 1535 261 viderit
1549 240 1611 263 ante
1624 238 1739 265 chorum

948 276 1072 312 dispersa
1099 278 1251 313 amygdala,
1267 279 1382 307 oblitam
1399 284 1425 307 et
1435 280 1604 314 saltationis,
1620 289 1646 310 et
1661 284 1739 318 plan-

948 328 1040 353 suum,
1056 325 1083 349 et
1099 322 1182 350 vestis
1200 327 1437 356 ornamentorum,
1469 326 1626 354 accurrisse
1639 329 1672 355 ad
1695 337 1738 360 ea.

948 370 975 394 et
989 375 1119 394 manuum
1141 369 1237 403 palmis
1253 370 1396 405 collegisse
1417 377 1477 405 quae
1493 371 1636 405 inveniret,
1658 377 1686 401 ct
1705 381 1740 401 ne

948 412 1145 447 impedimento
1161 418 1245 447 esset,
1269 422 1417 450 personam
1433 415 1474 443 ori
1495 416 1649 446 detraxisse
1667 421 1738 445 cete-

947 459 1025 490 ritcr,
1041 462 1122 494 atque
1134 461 1270 496 unguibus
1280 461 1337 489 Suis
1346 462 1535 490 assimulatam
1546 460 1660 489 formam
1674 471 1738 490 cor-

948 506 1056 540 rupisse
1083 509 1165 541 atque
1191 506 1369 540 dilacerasse,
1395 511 1479 543 atque
1495 508 1532 535 ita
1547 516 1597 543 pro
1610 508 1738 536 laudibus

947 556 974 578 et
989 551 1168 579 admiratione
1183 553 1268 580 risum
1293 553 1399 581 abunde
1417 555 1619 590 spectatoribus
1634 555 1737 582 movis-

948 604 986 628 se.
1004 601 1033 624 ut
1048 605 1108 632 quae
1121 599 1210 633 turpis
1234 605 1266 625 ac
1278 598 1392 625 ridicula
1420 607 1454 627 ex
1470 607 1594 634 persona:
1613 599 1738 634 reliquiis

948 649 977 669 sc
988 643 1210 678 conspiciendam
1230 644 1371 678 praeberet.
1401 644 1636 678 Quemadmodum
1654 645 1737 680 igitur

948 688 987 714 illi
1008 696 1061 715 non
1075 689 1144 716 satis
1165 688 1216 716 fuit
1233 689 1299 716 falsa
1311 695 1391 725 atque
1403 689 1562 717 assimulata
1580 689 1738 724 adscitaque

948 733 1046 765 forma,
1063 734 1095 761 ad
1109 734 1162 762 hoc
1180 740 1209 762 ut
1230 736 1311 763 homo
1329 736 1546 767 existimaretur,
1567 735 1737 770 deprehensa

947 785 995 814 per
1012 779 1158 814 ingluviem
1174 780 1351 808 bellariorum
1365 785 1462 808 natura
1476 790 1482 808 :
1499 781 1535 808 ita
1548 781 1594 816 qui
1607 788 1662 807 non
1675 787 1737 808 vere

948 824 1034 858 ipsam
1052 829 1177 852 naturam
1203 834 1280 854 suam
1304 827 1355 854 ﬁde
1376 827 1563 859 formavel-int,
1581 826 1660 854 facile
1688 832 1737 861 per

105 866 234 893 τοιούτων
253 867 343 898 τινὸς,
358 866 388 892 τὸ
402 866 539 899 κενόδοξον
563 867 610 894 καὶ
625 867 775 903 φιλότιμον,
798 869 845 896 καὶ
864 870 895 896 τὺ

948 870 1046 897 diaboli
1074 878 1166 899 escam
1193 877 1219 899 et
1249 873 1396 906 ingluviem
1425 874 1636 904 convincentur,
1661 872 1736 907 quod

105 913 263 948 φιλοκερδὲς
284 913 331 940 καὶ
350 913 504 949 φιλήδονον,
527 914 574 941 καὶ
594 915 643 941 ὅσα
662 914 729 942 ἄλλα
752 915 893 953 τοιαῦταή

105 960 178 995 κακὴ
192 959 241 986 τοῦ
252 959 375 986 διαϐόλου
390 960 487 996 ἀγορὰ,
498 961 554 993 τοῖς
565 960 665 996 λίχνοις
679 961 733 988 τῶν
745 962 895 998 ἀνθρώπων

104 1006 167 1032 ἀντὶ
176 1006 362 1042 τραγημάτων
377 1006 544 1041 προτιθεῖσα,
561 1007 658 1043 ῥᾳδίως
670 1008 710 1039 είς
718 1007 826 1043 ἔλεγχον
834 1008 895 1042 άγει

104 1052 153 1084 τὰς
170 1052 337 1087 πιθηκὼδεις
350 1051 438 1087 ψυχὰς
450 1073 458 1085 ,
473 1051 497 1078 οἳ
513 1051 556 1079 διὰ
581 1053 722 1088 μιμήσεως
747 1054 896 1088 ἐσχηματι-

104 1099 209 1135 σμένης
224 1099 272 1125 τὸν
287 1098 499 1134 Χριστιανισμὺν
517 1098 714 1132 ὑποκρίνονται.
728 1099 759 1125 τὺ
778 1099 827 1134 τῆς
842 1108 894 1126 σω-

103 1145 242 1181 φροσύνης
259 1145 275 1180 ἢ
293 1145 325 1171 τὺ
342 1145 391 1180 τῆς
405 1144 570 1180 πραότητος,
583 1145 600 1180 ἦ
618 1153 688 1176 τινος
700 1144 781 1179 ἀλλης
794 1145 894 1181 ἀρετῆς

104 1192 277 1227 προσωπεῖον
302 1191 329 1217 ὲν
349 1190 389 1226 τῷ
415 1189 502 1226 καιρῷ
525 1190 579 1216 τῶν
602 1190 771 1225 παθημάτων
788 1191 894 1222 ἑαυτοῖς

104 1236 292 1270 ἀφανίζοντες.
316 1235 420 1263 Οὐκοῦν
444 1236 591 1270 ἀναγκαῖον
614 1236 647 1263 ἂν
667 1237 709 1271 εῖη
732 1237 826 1271 νοῆσαι
846 1237 893 1263 τοῦ

103 1281 319 1317 Χριστιανισμοῦ
336 1281 366 1308 τὺ
385 1281 546 1316 ἐπάγγελμα
558 1290 564 1296 ·
583 1282 653 1316 τάχα
670 1282 703 1308 ἂν
716 1282 795 1308 τοῦτο
805 1283 894 1316 γενοί-

104 1327 184 1362 μεθα,
198 1327 268 1362 ὅπερ
278 1327 309 1353 τὸ
324 1327 407 1362 ὄνομα
423 1327 564 1361 βούλεται,
579 1327 622 1353 ίνα
639 1327 676 1362 μὴ
692 1327 756 1363 ψιλῇ
773 1329 805 1363 τῇ
826 1328 893 1363 ὀμο-

103 1371 194 1407 λογίᾳ,
207 1372 255 1398 καὶ
269 1371 308 1407 τῷ
321 1372 495 1407 προσχήματι
507 1371 553 1398 τοῦ
567 1372 697 1407 ὀνόματος
713 1372 793 1407 μόνου
809 1381 893 1399 κατα-

104 1417 301 1453 μορφούμενοι,
317 1417 380 1444 ἄλλο
396 1427 423 1444 τι
440 1418 515 1453 παρὰ
529 1419 558 1444 τὸ
574 1418 735 1453 φαινόμενον
754 1418 838 1450 ὄντες,
856 1418 894 1454 τῷ

103 1464 136 1490 τά
151 1463 262 1499 κρυπτά
277 1463 427 1499 καθορῶντι
442 1463 667 1499 ὲπιδειχθείημεν.

947 916 1020 943 aliud
1036 916 1091 943 sint
1109 921 1190 951 atque
1205 925 1261 952 prae
1277 926 1306 944 se
1321 918 1410 944 ferant
1424 925 1456 944 ac
1477 917 1668 952 proﬁteantur.
1681 916 1735 943 Pro

947 961 1048 988 caricis
1062 961 1134 988 enim
1151 963 1192 989 vel
1212 963 1372 997 amygolalis,
1396 967 1443 990 aut
1472 961 1628 996 hujusmodi
1643 961 1735 995 aliquo

945 1007 1017 1037 cibo.
1033 1015 1101 1034 vana
1116 1007 1211 1043 gloria,
1229 1009 1351 1040 ambitio,
1369 1008 1436 1035 lucri
1455 1008 1657 1043 voluptatisque
1675 1011 1734 1034 stu-

945 1053 1020 1080 dium
1037 1058 1064 1080 et
1075 1060 1245 1088 quazcunquc
1259 1058 1321 1080 sunt
1343 1054 1394 1080 alia
1409 1053 1563 1086 hujusmodi
1581 1053 1661 1084 mala,
1676 1052 1735 1079 dia-

943 1099 998 1126 boli
1029 1106 1137 1126 annona
1166 1100 1226 1126 loco
1256 1100 1432 1126 bellariornut
1466 1100 1553 1127 avidis
1577 1099 1734 1126 hominibus

942 1145 1093 1180 proposita,
1113 1145 1254 1173 simiarum
1271 1146 1373 1173 similes
1391 1146 1497 1173 animos
1511 1145 1589 1173 facile
1603 1145 1733 1180 produnt,

943 1192 988 1225 qui
1007 1199 1053 1225 per
1073 1192 1164 1218 ﬁctam
1187 1191 1365 1218 ituitationcm
1386 1191 1625 1218 Christianismum
1648 1191 1734 1218 simu-

944 1236 1223 1272 lant,temperanti:e,
1246 1238 1475 1269 mansuetudinis.
1492 1242 1538 1265 aut
1551 1237 1669 1271 alicujus
1696 1237 1735 1263 al~

948 1283 1033 1311 terius
1047 1283 1155 1311 virtutis
1170 1291 1312 1318 personam
1332 1284 1359 1310 in
1375 1288 1497 1318 tempore
1515 1283 1692 1311 aﬁlictionum
1708 1285 1735 1309 et

948 1329 1134 1356 calamitatum
1150 1330 1202 1357 sibi
1228 1330 1406 1357 detrahentes
1419 1334 1445 1356 et
1470 1333 1637 1356 amoventt-s.
1651 1328 1736 1363 Igitur

948 1382 1060 1401 necesse
1083 1374 1175 1402 fuerit
1192 1375 1368 1402 considerare
1385 1379 1411 1402 et
1433 1375 1584 1409 intelligere
1599 1373 1734 1401 Christia-

948 1419 1028 1447 nismi
1043 1419 1240 1454 professionem
1260 1429 1266 1446 τ
1289 1420 1412 1448 fortassis
1438 1421 1509 1447 enim
1525 1419 1581 1446 fieri
1599 1419 1735 1454 possimus

908 1461 931 1492 C
948 1465 974 1492 id
999 1466 1070 1500 quod
1092 1473 1189 1493 nomen
1208 1466 1273 1492 illud
1298 1466 1348 1493 sibi
1363 1466 1430 1498 vult,
1447 1473 1480 1493 ne
1497 1467 1561 1492 dum
1577 1466 1648 1492 nn.la
1670 1472 1734 1500 pro-

103 1509 224 1536 fessione
241 1516 274 1536 ac
289 1509 379 1544 specie
393 1513 580 1544 prretextuque
595 1509 680 1537 solius
695 1509 815 1537 nominis
839 1509 1012 1545 insignitnur,
1030 1510 1102 1537 aliud
1125 1515 1205 1545 atque
1223 1510 1364 1538 videantur
1380 1518 1441 1538 esse
1457 1510 1490 1537 ab
1505 1518 1538 1537 eo
1559 1510 1604 1545 qui
1625 1509 1734 1536 occulta

103 1557 227 1584 intuetur
237 1557 246 1572 ¹
261 1556 493 1584 dentonstremur.

138 1637 172 1663 Τί
187 1636 278 1663 τοίνυν
290 1637 305 1662 ό
322 1636 534 1671 Χριστιανισμὺς
548 1636 578 1668 ἐξ
593 1636 678 1671 αὐτῆς
692 1637 743 1671 τῆς
758 1644 895 1672 προσηγο-

105 1683 166 1719 ρίας
180 1683 299 1714 νοεῖται,
322 1681 428 1716 πρῶτον
442 1681 665 1716 ἐπισκεψώμεθα.
685 1682 764 1707 Ἔστι
780 1682 828 1716 μὲν
848 1679 895 1708 οὖν

105 1727 182 1762 παρὰ
195 1727 250 1753 τῶν
267 1726 430 1761 σοφωτέρων
454 1725 566 1760 μείζονά
580 1734 640 1753 τινα
662 1726 708 1752 καὶ
725 1726 894 1761 μεγαλοφυε·

105 1774 203 1808 στέραν
225 1772 333 1803 πάντως
348 1771 521 1807 ἐξευρεθῆναι
542 1772 671 1804 διάνοιαν,
688 1772 894 1807 συνεπηρμένην

105 1820 143 1854 τῷ
159 1818 255 1854 ὑψηλῷ
273 1817 320 1844 τοῦ
332 1818 472 1853 ὀνόματος.
490 1818 523 1844 ’Δ
535 1818 563 1844 δὲ
576 1819 655 1853 ἡμεῖς
674 1818 815 1853 χωροῦμεν
830 1819 894 1854 περὶ

105 1864 201 1891 τούτου
222 1863 268 1890 τοῦ
287 1863 432 1898 ὀνόματος,
455 1862 543 1889 ταῦτά.
566 1863 633 1888 ἑστι·
657 1863 694 1888 Τὸ
712 1862 759 1888 τοῦ
775 1862 893 1898 Χριστοῦ

105 1912 202 1945 metu,
216 1910 239 1936 εί
257 1909 324 1944 πρὸς
342 1909 373 1934 τὸ
391 1908 557 1943 σαφέστερόν
577 1917 608 1935 τε
624 1908 671 1934 καὶ
685 1908 894 1943 γνωριμώτερον

108 1957 183 1992 ρἦα
202 1954 390 1991 μετενεχθείη,
405 1954 451 1981 τὸν
472 1953 584 1989 βασιλέα
597 1954 735 1989 σημαίνει,
750 1954 799 1988 τῆς
814 1954 895 1988 ἁγίας

107 2001 218 2036 Γῳφῆς
232 2000 280 2035 τὴν
296 1999 436 2035 βασιλικὴν
455 1999 533 2032 ἀξίαν
549 2000 582 2034 τῇ
597 1999 707 2035 τοιαύτῃ
727 2001 802 2034 φωνῇ
825 2000 895 2027 κατά

105 2056 166 2075 τινα
182 2048 336 2080 ἰδιάζουσαν
350 2047 446 2082 χρῆσιν
462 2046 675 2081 ἐνδεικνυμένης.
702 2046 770 2073 Ἀλλ’
786 2046 894 2082 ἐπειδὴ,

983 1635 1165 1668 Quamobrem
1192 1635 1327 1670 impritnis
1345 1635 1410 1670 quid
1426 1643 1459 1663 ex
1476 1635 1534 1669 ipsa
1555 1635 1735 1670 appellatione

947 1689 994 1714 per
1037 1681 1279 1708 Christianismum
1316 1681 1484 1715 intelligatur
1517 1681 1733 1708 consideremus.

946 1727 1019 1754 Fieri
1047 1728 1128 1763 igitur
1160 1731 1260 1762 potest.
1290 1731 1320 1754 ttt
1341 1735 1356 1753 a
1383 1726 1600 1762 sapientioribus
1623 1727 1734 1761 quidem

947 1773 1033 1807 major
1051 1773 1129 1807 plane
1143 1777 1170 1800 et
1184 1772 1299 1807 amplior
1322 1773 1488 1803 intellectus,
1509 1773 1555 1807 qui
1575 1772 1733 1800 sublimitati

947 1818 1067 1846 nominis
1081 1818 1254 1853 respondeat.
1274 1818 1454 1853 excogitetnr.
1481 1818 1546 1851 Qua:
1566 1823 1656 1845 autem
1685 1826 1735 1846 nos

948 1872 1046 1898 capere
1073 1868 1100 1891 et
1123 1864 1273 1899 intelligere
1302 1865 1336 1891 de
1364 1864 1415 1891 hoc
1443 1864 1552 1891 nomine
1577 1871 1734 1898 possumus.

949 1909 1005 1937 hmo
1018 1914 1082 1937 sunt
1098 1910 1216 1937 :Cltristi
1233 1917 1342 1942 nomen.
1357 1910 1378 1937 si
1393 1910 1425 1936 ad
1441 1909 1586 1936 dilucidius
1597 1909 1736 1944 magisque

950 1957 1122 1991 perspicuum
1145 1960 1172 1983 et
1196 1956 1334 1983 intellectu
1361 1955 1468 1982 facilius
1484 1955 1596 1982 verbum
1615 1955 1734 1982 transfe-

950 2006 1036 2034 ratur,
1046 2009 1135 2036 regem
1151 2001 1297 2036 signilicat.
1307 2001 1408 2036 quippe
1419 2008 1480 2027 cum
1491 2005 1586 2028 sancta
1593 2000 1735 2035 Scriptura

950 2047 1106 2081 hujusmodi
1126 2055 1192 2074 voce
1209 2047 1339 2082 peculiari
1355 2047 1474 2081 quodam
1506 2054 1558 2073 usu
1575 2047 1677 2081 regiam
1695 2047 1736 2073 iu-

106 2094 199 2126 κιοώς
217 2102 299 2129 φησιν
321 2095 338 2130 ὴ
356 2094 462 2129 Γραφὴ,
477 2093 615 2130 άφραστόν
633 2094 691 2120 ἐστι
710 2093 739 2119 τὺ
751 2094 828 2120 Θεῖον
848 2093 895 2120 καὶ

948 2092 1019 2120 dicet
1044 2093 1215 2128 dignitatem.
1244 2092 1296 2119 Sed
1316 2092 1457 2127 queniam,
1474 2096 1504 2119 ut
1519 2092 1556 2119 ait
1582 2091 1734 2127 Scriptura,

107 2141 320 2176 ἀκατάληπτον,
348 2140 437 2175 πάσης
465 2140 661 2176 ὑπερκείμενον
691 2140 898 2176 καταληπτικῆς

106 2187 245 2218 ἐπινοίας,
264 2187 420 2220 ἀναγκαίως
431 2187 455 2213 οἱ
468 2186 508 2221 τῷ
523 2186 592 2221 ἁγίῳ
607 2185 745 2220 Πνεύματι
759 2185 898 2220 θεοφορού-

109 2241 185 2268 μενοι
207 2232 346 2267 προφῆται
366 2232 412 2257 καὶ
429 2230 582 2262 ἀπόστολοι,
604 2229 711 2261 πολλοῖς
731 2229 844 2265 ὀνόμασί
869 2238 897 2255 τε

107 2278 155 2304 καὶ
174 2277 307 2312 νοήμασιν
321 2276 367 2302 ἐπὶ
381 2275 431 2311 τὴν
444 2275 552 2302 σύνεσιν
567 2274 616 2309 τῆς
634 2273 774 2309 ἀφθάρτου
792 2273 898 2308 φύσεως

108 2324 185 2358 ἡμᾶς
206 2321 423 2357 χειραγωγοῦσιν
435 2330 441 2337 ·
464 2321 545 2348 ἄλλου
563 2321 633 2356 πρὸς
652 2320 716 2347 ἄλλο
729 2329 756 2346 τι
771 2319 826 2346 τῶν
840 2319 899 2346 θεο-

106 2368 222 2405 πρεπῶν
238 2368 382 2403 νοημάτων
400 2368 473 2402 ἡμᾶς
487 2366 685 2399 διευθύνοντος,
699 2366 768 2392 ὥστε
783 2365 832 2401 τὴν
850 2366 899 2401 μὲν

108 2416 154 2441 ἐπὶ
170 2414 280 2441 πάντων
303 2413 427 2445 ἐξουσίαν
441 2413 480 2448 τῷ
495 2413 543 2447 τῆς
566 2413 703 2448 βασιλείας
717 2413 830 2448 ὀνόματι
847 2421 900 2439 πα-

109 2458 290 2495 ραδηλοῦσθαι
301 2467 307 2473 ·
320 2459 350 2484 τὸ
360 2458 388 2484 δὲ
410 2458 512 2490 πάθους
526 2458 626 2489 παντὸς
639 2458 685 2484 καὶ
698 2459 799 2489 κακίας
808 2457 899 2490 πάσης

108 2505 209 2540 ἀμιγὲς
224 2505 272 2531 καὶ
286 2503 427 2540 ἐλεύθερον
442 2505 498 2536 τοῖς
511 2504 561 2539 τῆς
577 2503 677 2539 ἀρετῆς
692 2503 820 2539 ὀνόμασιν
840 2504 898 2530 ὀνο-

110 2550 261 2586 μάζεσθαι,
283 2549 401 2584 ἑκάστης
418 2549 485 2584 πρὸς
508 2549 538 2575 τὸ
557 2550 680 2584 κρεῖττον
702 2549 851 2584 νοουμένης
869 2557 899 2574 τε

107 2597 155 2623 καὶ
164 2595 328 2631 λεγομένηςε
342 2595 412 2622 ὥστε
421 2595 451 2621 τὸ
461 2595 528 2621 αὐτὸ
538 2594 711 2628 δικαιοσύνην
721 2603 749 2621 τε
762 2592 840 2626 εἶναι,
853 2594 900 2621 καὶ

110 2644 224 2677 σοφίαν,
239 2642 287 2668 καὶ
306 2641 431 2676 δύναμιν,
449 2641 496 2667 καὶ
515 2640 653 2676 ἀλήθειαν,
672 2639 829 2676 ἀγαθότητά
851 2649 898 2672 τε,

109 2688 155 2714 καὶ
171 2686 256 2721 ζωὴν,
271 2686 318 2712 καὶ
329 2686 476 2721 σωτηρίαν,
493 2685 539 2712 καὶ
550 2684 713 2720 ἀφθαρσίαν,
729 2685 776 2711 καὶ
789 2684 820 2710 τὸ
831 2685 900 2720 ἀμε-

110 2731 242 2766 umqu
257 2739 286 2757 τε
301 2732 347 2757 καὶ
358 2730 545 2764 ἀναλλοίωτον,
566 2730 612 2756 καὶ
626 2730 679 2756 πᾶν
691 2729 705 2756 ὅ
716 2729 742 2756 τί
756 2729 808 2765 πέρ
827 2729 900 2756 ἐστιν

146 2821 154 2836 ’
173 2820 271 2848 Matth.
285 2828 321 2851 γι,
335 2820 360 2847 ὓ.

949 2146 1049 2166 numen
1061 2138 1182 2165 divittum
1196 2138 1286 2166 verbis
1303 2138 1432 2173 explicari
1448 2145 1479 2165 ac
1495 2138 1596 2172 percipi
1615 2145 1668 2164 non
1687 2146 1735 2173 po-

949 2189 1012 2216 tcst,
1028 2185 1127 2220 qttippe
1137 2192 1200 2212 cutn
1217 2192 1325 2211 omnctu
1343 2188 1453 2218 superet
1464 2184 1692 2218 excogitationem
1709 2188 1735 2210 et

948 2229 1230 2264 comprehensionem,
1260 2230 1416 2256 necessario
1431 2229 1477 2264 qui
1501 2228 1618 2263 Spiritus
1649 2229 1735 2256 sancti

948 2276 1060 2303 nomine
1082 2275 1214 2302 divinitus
1241 2275 1415 2309 rapiebantur
1424 2274 1562 2309 propheta:
1579 2279 1662 2309 atque
1674 2281 1737 2309 ηραν

949 2321 1023 2352 stoli,
1055 2321 1150 2348 multis
1164 2320 1330 2352 nominibus.
1360 2320 1519 2347 notionibus
1538 2319 1736 2347 cteonsidera-

949 2367 1070 2394 tionibus
1084 2366 1117 2392 ad
1142 2366 1347 2401 intelligendum
1364 2365 1594 2400 incorruptibilem
1613 2369 1737 2392 naturain

950 2420 1000 2439 nos
1017 2412 1094 2447 quasi
1112 2419 1193 2439 manu
1211 2412 1326 2442 ducunt.
1341 2412 1412 2439 alius
1426 2412 1460 2438 ad
1475 2412 1556 2438 aliam
1577 2411 1736 2438 considera-

951 2459 1051 2485 tionem
1069 2461 1096 2485 et
1112 2458 1280 2485 intellectura
1304 2457 1358 2485 Deo
1374 2458 1581 2485 convenientem
1608 2465 1657 2484 nos
1672 2457 1738 2483 diri-

951 2507 1054 2537 gentes,
1075 2507 1103 2530 ιιι
1124 2503 1182 2538 ipsa
1198 2503 1307 2538 quidem
1328 2503 1457 2530 omnibus
1477 2503 1603 2538 imposita
1619 2506 1738 2537 potestas

951 2549 1025 2583 regni
1054 2549 1162 2576 nomine
1178 2549 1348 2581 declaretur;
1371 2558 1401 2576 ea
1428 2557 1492 2576 vero
1520 2550 1561 2576 vis
1575 2556 1634 2582 qua:
1650 2548 1738 2574 omnis

951 2594 1063 2621 allectus
1087 2595 1352 2630 pcrturbalionisque
1378 2602 1487 2628 expers.
1512 2594 1584 2620 etab
1604 2592 1677 2618 otnni
1698 2591 1738 2617 vi-

952 2641 1071 2668 tiositatc
1095 2648 1126 2668 ac
1152 2641 1253 2667 malitia
1281 2648 1366 2666 vacua
1390 2647 1420 2666 ac
1442 2639 1525 2665 libera
1546 2641 1598 2667 est.
1628 2636 1737 2663 virtutis

952 2686 1109 2714 nominibus
1121 2686 1295 2720 designetur;
1315 2687 1350 2712 ita
1368 2690 1397 2712 ut
1414 2691 1584 2718 unaqumqne
1598 2683 1684 2708 virtus
1705 2682 1736 2708 de

951 2736 1050 2759 natura
1065 2732 1260 2760 excellentiorc
1277 2738 1332 2759 tum
1352 2732 1467 2758 dicatur.
1486 2734 1541 2755 tum
1557 2727 1738 2760 intelligatur;
