1922 3078
181 130 236 158 2ίὸ

817 130 843 158 S.
864 130 1026 158 GRECORII
1046 129 1193 159 NYSSENI

1755 127 1810 155 2M

182 194 265 225 atque
282 189 352 217 idem
369 189 405 218 sit
422 194 449 218 et
460 189 580 225 justitia.
601 194 628 218 et
639 191 782 226 sapientia,
799 196 826 218 et
840 192 965 227 potentia.

1024 192 1124 228 ὑψηλὸν
1150 193 1239 228 νόημα
1258 191 1302 218 διὰ
1319 190 1375 217 τῶν
1398 189 1527 217 τοιούτων
1547 189 1686 225 ὀνομάτων
1711 188 1807 224 δηλού-

182 239 210 264 et
224 235 325 264 veritas
335 235 499 271 bonitasque
514 240 541 262 et
553 236 617 268 vita,
630 240 688 262 tum
701 236 786 268 salus,
803 236 970 271 incorrupti-

183 280 276 308 bilitas
297 279 552 315 immortalitasqne,
576 284 634 306 tum
659 281 797 308 immutari
815 289 846 308 ac
871 281 971 308 variari

183 325 277 352 nescia
284 324 384 356 virtus,
393 329 421 352 et
435 324 592 359 quicunque
603 325 729 353 sublimis
748 330 790 353 est
803 325 970 359 intellectus,

183 371 229 405 qui
243 378 292 405 per
307 370 364 397 hate
388 370 498 401 nomina
525 369 691 401 declaretur,
710 371 801 397 omnia
818 370 886 398 nihil
897 371 969 398 aliud

183 424 265 451 quam
282 415 412 445 Christus
424 419 450 442 et
461 415 516 442 sint
530 419 557 442 et
569 415 707 442 dicantur.
726 415 754 443 Si
781 416 864 450 igitur
880 416 971 444 omnis

184 461 313 489 sublimis
330 460 485 492 intellectus
498 459 525 486 in
534 459 637 487 Christi
652 460 761 488 nomine
775 459 970 495 comprehendi

183 507 344 542 intelligitur
361 505 526 541 (sublimiori
550 505 623 533 enim
639 505 839 541 significatione
865 506 969 541 reliqua

182 559 292 588 quoque
309 552 495 584 continentur,
515 551 552 578 ita
569 556 599 579 ut
609 556 768 579 ceterorum
797 551 970 586 unumquod-

183 606 236 633 que
255 605 354 626 nomen
365 597 392 624 in
415 596 567 625 notione‘et
594 597 734 625 intellectu
754 598 829 633 regni
846 597 970 625 conside—

184 644 283 679 retur).
294 645 410 671 fortasse
421 651 468 679 per
482 644 704 678 consequentiam
713 643 804 679 aliquo
816 643 968 678 moduquid

183 697 232 725 per
249 690 486 726 Christianismum
510 690 689 725 signiﬁcetur,
712 689 928 717 animadvertere
942 693 969 716 et

183 735 334 770 intelligere
359 735 507 770 possimus.
535 734 562 761 Si
577 735 650 762 enim
679 735 739 768 ejus
756 736 829 770 quod
857 735 969 762 excellit

183 781 255 808 inter
263 787 295 808 ea
311 779 420 810 nomin‘a
434 779 532 814 quibus
546 779 761 814 incorruptibilis
768 784 795 806 et
806 779 967 807 immortalis

182 830 281 856 natura
307 826 469 860 explicatur,
487 826 606 854 nominis
624 825 771 860 participes
793 833 899 859 sumus,
919 825 966 861 qui

182 879 232 906 per
247 871 327 899 ﬁdem
341 871 368 898 in
385 879 447 899 eum
468 879 530 899 cum
545 872 604 906 ipso
625 871 818 905 conjungimur
832 880 839 899 :
855 871 968 898 omnino
983 866 1004 894 Β

181 923 296 943 necesse
308 921 360 949 est,
375 921 405 944 ut
432 917 588 951 quicunque
614 924 669 944 una
687 923 750 944 cum
782 917 833 944 hoc
857 917 967 945 nomine

181 963 255 990 circa
271 962 450 990 immortalem
468 962 542 990 illam
557 968 684 990 naturam
704 963 965 991 consideranturin-

180 1008 319 1040 tellectus,
333 1016 380 1043 per
395 1008 618 1043 consequentiam
637 1016 699 1037 cum
717 1009 770 1038 illis
797 1017 905 1044 quoque
918 1017 967 1037 no-

180 1053 224 1081 bis
236 1054 391 1081 cotnmunio
406 1054 526 1083 nominis
543 1055 589 1082 sit.
615 1054 650 1082 Ut
663 1055 737 1083 enim
758 1055 966 1090 participatione

181 1099 295 1131 Christi,
320 1099 469 1128 Christiani
491 1100 698 1136 appellationem
724 1101 815 1136 adepti
838 1109 933 1130 sumus
957 1111 964 1129 :

181 1144 218 1171 ita
238 1152 287 1179 per
302 1152 474 1179 consequens
483 1146 612 1173 convenit
627 1146 748 1173 omnium
758 1153 867 1182 qunque
881 1147 966 1175 subli-

180 1190 265 1220 mium
284 1191 423 1218 nominum
450 1198 501 1219 nos
523 1191 659 1219 asciscere
687 1192 906 1220 communionem
934 1200 966 1221 ac

180 1235 349 1266 societatem.
368 1237 407 1264 Ac
420 1237 649 1272 quemadmodum
674 1238 701 1264 in
717 1242 813 1265 eatena
831 1238 877 1273 qui
892 1245 964 1269 eam,

179 1288 241 1316 qua:
260 1282 286 1309 in
302 1274 472 1312 extremitate
488 1287 541 1314 est,
558 1287 733 1311 curvaturam
751 1282 902 1316 attraxerit,
918 1292 964 1312 eas

1024 247 1113 273 μενον,
1134 238 1222 265 πάντα
1245 237 1292 264 τὸν
1312 236 1428 273 Χριστὸν
1445 236 1492 263 καὶ
1509 235 1579 264 εἶναι
1601 236 1647 263 καὶ
1668 234 1806 269 λέγεσθαι.

1022 284 1053 310 Εἰ
1067 284 1155 310 τοίνυν
1169 283 1315 319 περίληψις
1331 282 1433 314 παντὸς
1445 281 1548 317 ὑψηλοῦ
1568 282 1704 317 νοήματος
1724 282 1753 307 ἐν
1767 279 1808 314 τῷ

1020 329 1067 356 τοῦ
1080 329 1198 365 Χριστοῦ
1209 330 1309 355 νοεῖται
1321 327 1433 363 ὀνόματι
1453 327 1503 363 (τῷ
1518 327 1572 361 γὰρ
1587 326 1744 361 ὑψηλοτέρῳ
1752 324 1808 351 τῶν

1021 373 1226 410 σημαινομένων
1242 374 1288 400 καὶ
1299 373 1335 400 τὰ
1352 372 1433 400 λοιπὰ
1446 372 1618 408 περιέχεται,
1639 371 1676 403 ὡς
1691 371 1807 397 ἕκαστον

1019 417 1074 444 τῶν
1088 418 1174 445 ἄλλων
1195 419 1229 453 τῇ
1253 417 1342 452 ἐννοίᾳ
1358 417 1408 452 τῆς
1431 416 1568 452 βασιλείας
1590 415 1807 450 ἐνθεωρεῖσθαι),

1019 462 1088 497 τάχα
1103 462 1138 488 δι’
1148 461 1294 488 ἀκολούθου
1308 461 1412 496 γένοιτο
1429 461 1461 488 ἄν
1476 469 1518 493 τις
1530 461 1595 496 ἡμῖν
1612 461 1661 495 τῆς
1673 458 1720 486 τοῦ
1738 460 1808 494 Χρι-

1021 507 1179 542 στιανισμοῦ
1205 507 1353 542 ἑρμηνείας
1379 508 1396 542 ἡ
1425 506 1599 541 κατανόησις.
1628 505 1661 532 Εἰ
1686 505 1741 541 γὰρ
1768 504 1807 540 τῷ

1019 553 1179 588 ὑπερέχοντι
1195 552 1248 579 τῶν
1261 552 1311 587 τῆς
1324 551 1464 588 ἀφθάρτου
1482 552 1588 586 φύσεως
1599 550 1808 586 ἐρμηνευτικῶκι

1018 598 1156 633 ὀνομάτων
1177 597 1413 634 συνονομαζόμεθα
1431 599 1455 624 0'.
1478 598 1522 624 διὰ
1538 598 1587 632 τῆς
1604 597 1644 628 εἰς
1663 596 1744 623 αὑτὸν
1760 595 1806 622 πί-

1020 653 1104 677 στεως
1118 645 1186 680 πρὸς
1205 644 1286 671 αὑτὸν
1303 644 1499 679 συναπτόμενοι
1509 663 1516 676 ,
1527 643 1634 678 ἀνάγκη
1649 642 1725 670 πᾶσά
1736 642 1806 674 ἐστι,

1019 691 1065 717 καὶ
1079 691 1128 718 ὅσα
1149 691 1217 726 μετὰ
1233 690 1280 717 τοῦ
1297 690 1428 726 ὀνόματος
1443 689 1538 716 τούτου
1556 690 1619 724 περὶ
1633 689 1682 724 τὴν
1695 688 1806 723 ἀφθαρ-

1018 745 1063 763 τον
1073 737 1179 772 ἐκείνην
1191 736 1333 773 θεωρεῖται
1342 736 1423 771 φύσιν
1433 736 1568 771 νοήματα,
1577 735 1624 762 καὶ
1636 735 1703 770 πρὸς
1713 735 1806 761 ἐκεῖνα

1019 782 1084 816 ἡμῖν
1096 782 1145 817 τὴν
1160 781 1318 817 ὁμωνυμίαν
1331 781 1401 808 κατὰ
1413 781 1442 807 τὺ
1455 779 1598 807 ἀκόλουθον
1611 779 1743 815 γίνεσθαι.
1761 779 1806 810 Ὠς

1018 826 1071 862 γὰρ
1083 828 1115 862 τῇ
1127 827 1227 862 μετοχῇ
1238 825 1285 853 τοῦ
1296 826 1414 862 Χριστοῦ
1427 825 1476 861 τὴν
1487 825 1533 853 τοῦ
1544 825 1708 861 Χριστιανοῦ
1721 833 1806 860 προσ-

1017 871 1131 908 ηγορίαν
1152 873 1310 908 ἐσχήκαμεν
1322 892 1330 906 ,
1356 871 1428 899 οὑτω
1450 871 1582 907 προσήκει
1599 871 1669 898 κατὰ
1687 871 1718 898 τὺ
1737 871 1804 898 ἀκό-

1016 917 1120 948 λουθον,
1133 918 1180 944 καὶ
1194 917 1301 944 πάντων
1318 917 1392 953 ἡμᾶς
1404 916 1458 944 τῶν
1477 916 1587 952 ὑψηλῶν
1601 917 1741 951 ὀνομάτων
1755 916 1806 951 τὴν

1016 963 1158 990 κοινωνίαν
1180 963 1353 998 ἐφέλκεσθαι.
1374 961 1430 990 Καὶ
1452 962 1576 998 καθάπερ
1594 963 1639 989 ἐπὶ
1655 962 1775 994 ἁλύσεως
1789 963 1806 992 ἁ

1015 1010 1065 1045 τὴν
1089 1008 1160 1036 κατὰ
1184 1009 1216 1036 τὸ
1238 1009 1323 1045 ἄκρον
1345 1008 1469 1045 ἀγκύλην
1491 1008 1732 1043 ἐπισπασάμενος,
1754 1007 1806 1040 τὰς

1017 1054 1146 1090 συμφυῶς
1160 1055 1292 1090 ἐχομένας
1305 1055 1429 1091 ἀλλήλων
1443 1055 1487 1081 διὰ
1500 1055 1549 1090 τῆς
1565 1055 1630 1089 μιᾶς
1641 1054 1674 1081 ἂν
1689 1052 1806 1088 ἐφελκύ-

1017 1109 1093 1127 σαιτο
1104 1109 1111 1117 ·
1128 1100 1225 1133 οὕτως,
1241 1101 1335 1136 ἐπειδὴ
1351 1100 1390 1136 τῷ
1408 1100 1455 1127 τοῦ
1470 1100 1588 1136 Χριστοῦ
1607 1099 1717 1135 ὀνόματι
1735 1108 1805 1134 συμε

1017 1145 1092 1180 φυῶς
1101 1145 1157 1181 ἔχει
1171 1146 1264 1173 καὶτὰ
1275 1146 1357 1173 λοιπὰ
1366 1145 1420 1173 τῶν
1431 1145 1639 1182 ἐρμηνευτικῶν
1649 1145 1699 1180 τῆς
1714 1144 1804 1180 ἀφρά-

1017 1201 1080 1219 στου
1092 1192 1139 1219 καὶ
1150 1192 1306 1224 πολυειδοῦς
1324 1192 1432 1227 ἐκείνης
1449 1191 1648 1228 μακαριότητος
1658 1211 1665 1223 ,
1682 1191 1804 1224 ἐπάναγ-

1016 1247 1063 1270 κες
1075 1238 1108 1265 ἃν
1125 1238 1167 1274 εἴη
1179 1238 1226 1265 τὸν
1238 1238 1285 1265 τοῦ
1296 1238 1355 1270 ἐνὸς
1369 1238 1547 1274 δραξάμενον,
1563 1238 1611 1264 καὶ
1626 1238 1660 1265 τὰ
1673 1237 1753 1264 λοιπὰ
1764 1236 1804 1271 τῷ

1016 1286 1056 1314 ἐνὶ
1073 1284 1294 1319 συνεφέλκεσθαι.

179 1339 240 1366 qua:
258 1331 430 1359 continenter
444 1330 515 1358 iutcr
546 1337 575 1357 se
596 1329 744 1360 cohaerent.
761 1337 809 1364 per
830 1337 912 1356 unam
929 1330 1094 1357 attraxerit:
1112 1330 1149 1356 ita
1169 1329 1298 1365 quoniam
1321 1328 1423 1357 Christi
1444 1328 1549 1356 nomini
1569 1327 1673 1363 reliqua
1693 1334 1806 1363 quoque

179 1378 280 1413 quibus
293 1376 437 1405 ineﬂ‘abilis
449 1383 482 1404 ac
501 1375 678 1403 multiformis
695 1375 740 1402 illa
749 1375 888 1403 beatitudo
906 1377 1068 1411 explicatur.
1083 1382 1180 1404 natura
1193 1377 1332 1404 cohatrent
1345 1380 1427 1412 atque
1444 1375 1589 1411 conjuncta
1605 1378 1680 1410 sunt,
1690 1382 1807 1403 necesse

180 1425 262 1453 fuerit
276 1431 337 1452 cum
353 1423 399 1458 qui
419 1429 503 1450 unum
519 1422 676 1457 arripuerit.
689 1429 743 1449 una
761 1429 822 1448 eum
842 1422 900 1456 ipso
913 1422 1017 1457 reliqua
1033 1429 1143 1457 quoque
1157 1422 1304 1450 attrahere.

215 1470 243 1498 Si
261 1470 322 1506 quis
335 1469 417 1504 igitur
430 1475 529 1496 nomen
541 1467 651 1502 quidem
668 1467 770 1495 Christi
784 1471 885 1497 sumat,
903 1474 963 1501 quae

178 1523 244 1544 vero
263 1523 316 1542 una
331 1522 393 1542 cum
408 1514 460 1541 hoc
475 1514 587 1541 nomine
601 1512 821 1545 considerantur.
837 1513 890 1540 vita
908 1520 963 1540 non

177 1562 313 1596 exprimat
331 1567 420 1595 neque
435 1562 613 1594 repraesentet
630 1568 637 1586 :
657 1558 680 1585 is
695 1566 793 1585 nomen
806 1559 962 1591 ementitur,

175 1607 253 1641 juxta
268 1606 434 1642 propositam
450 1612 465 1632 a
485 1605 564 1632 nobis
585 1603 792 1631 similitudinem
818 1612 962 1639 personam

178 1653 327 1680 inanimam
354 1651 479 1678 humanm
508 1650 601 1686 ﬁgurat
624 1651 820 1676 conformatum
847 1654 875 1677 et
895 1650 963 1677 assi-

178 1699 300 1725 milatam
327 1697 413 1724 simia:
429 1704 580 1732 apponens.
606 1695 676 1723 Fieri
702 1696 773 1722 enim
797 1703 851 1722 non
875 1699 964 1729 potest

177 1744 243 1778 quin
257 1742 385 1770 Christus
408 1742 444 1769 sit
455 1745 482 1769 et
497 1741 616 1776 iustitia,
632 1745 659 1769 et
674 1742 789 1776 puritas,
805 1745 833 1768 et
848 1742 962 1773 veritas,

178 1792 260 1823 atque
274 1787 396 1822 cujusvis
409 1787 473 1813 mali
490 1787 593 1819 vitatio,
613 1794 700 1822 neque
712 1787 886 1814 Christianus
903 1795 964 1815 esse

178 1836 268 1867 potest
282 1832 340 1867 (qni
357 1831 466 1867 quidem
484 1839 547 1858 vere
562 1832 738 1860 Christianus
763 1832 822 1867 sit),
836 1832 882 1867 qni
908 1840 963 1860 non

177 1877 286 1904 illorum
302 1877 441 1906 nominttm
463 1885 572 1912 quoque
588 1878 809 1904 communionem
831 1881 857 1904 et
872 1878 963 1905 socie-

177 1928 260 1951 tatem
277 1924 305 1950 in
321 1931 383 1951 sese
402 1923 539 1950 ostendat.
558 1922 693 1955 Quocirca
718 1923 790 1951 sicut
804 1922 963 1951 deﬁnitione

178 1970 278 2005 aliquis
287 1969 353 2005 quid
364 1977 412 2004 per
420 1969 661 1997 Christianismum
674 1968 853 2003 signiﬁcetur,
872 1969 962 1995 decla-

177 2013 298 2041 raverit:
315 2013 438 2041 dicemus
465 2013 538 2048 quod
554 2012 782 2040 Christianismns
796 2013 832 2040 sit
848 2013 963 2040 imitatio

177 2058 276 2085 divina:
298 2057 466 2084 naturat.Ac
491 2064 571 2085 nemo
594 2057 745 2085 deﬁnitioni
766 2061 895 2092 tanquam
916 2058 964 2085 im-

178 2104 292 2131 modica:
315 2107 471 2138 nostraeque
492 2103 672 2130 humilitatem
695 2107 801 2131 naturte
822 2103 962 2139 superanti

176 2150 311 2176 obtrectet
326 2157 333 2176 :
347 2157 405 2176 non
425 2149 498 2176 enim
521 2149 641 2176 excessit
655 2156 688 2176 ea
706 2153 840 2176 naturam.
855 2149 923 2176 Nam
939 2149 962 2176 si

176 2196 239 2229 quis
254 2195 369 2229 primam
380 2194 500 2228 hominis
511 2195 694 2222 conditionem
709 2198 738 2222 et
754 2199 854 2222 statum
871 2195 963 2222 consi-

177 2240 325 2272 tleraverit,
354 2240 538 2275 deprehendet
558 2248 590 2268 ex
612 2239 786 2268 documentis
801 2239 960 2276 Scriptura,

177 2286 250 2320 quod
264 2285 388 2312 deﬁnitio
398 2290 474 2312 extra
488 2285 599 2312 modum
615 2290 717 2313 nostrae
737 2289 841 2313 naturae
853 2293 962 2321 egressa

177 2339 232 2358 non
246 2331 292 2358 sit.
311 2330 378 2358 Nam
390 2335 418 2359 et
440 2331 527 2366 prima
552 2331 671 2359 hominis
692 2331 836 2359 fabricatio
850 2332 883 2359 ad
901 2332 961 2358 imi-

176 2377 307 2404 tationem
331 2377 378 2405 Ι)θί
392 2377 581 2405 similitudinis
601 2383 668 2407 erat.
693 2378 785 2414 Moyse
804 2378 838 2405 de
852 2378 963 2406 homine

177 2423 215 2449 ita
231 2423 454 2458 philosophante,
469 2423 534 2450 dum
546 2424 595 2455 ait,
608 2433 618 2449 ‹
635 2423 709 2451 Fecit
726 2424 798 2451 Deus
812 2424 962 2455 hominem,

176 2468 329 2495 secundum
344 2469 488 2504 imaginem
513 2469 560 2497 Dei
588 2470 652 2497 fecit
673 2477 735 2497 eum
753 2471 796 2498 νε
816 2480 825 2496 ι
845 2474 872 2497 et
882 2470 964 2497 Chri-

177 2513 312 2540 stianismi
341 2514 477 2549 professio
506 2519 558 2546 est,
591 2519 621 2542 ut
649 2515 731 2542 homo
758 2516 906 2543 reducatur
928 2515 963 2542 ad

176 2559 321 2593 prislinam
333 2563 361 2586 et
376 2560 517 2594 antiquam
530 2560 699 2588 felicitatem.

212 2603 241 2630 Si
261 2603 344 2638 igitur
366 2604 519 2639 antiquitus
540 2605 622 2634 homo
651 2606 697 2633 Dei
716 2607 867 2634 similitudo
892 2611 963 2640 erat,

178 2646 293 2674 forsitan
311 2647 384 2675 haud
414 2649 562 2676 absurdam
585 2655 612 2677 et
639 2658 655 2677 a
680 2651 821 2686 proposito
847 2651 962 2678 alienam

178 2693 291 2720 fecimus
319 2695 516 2728 deﬁnitionem,
536 2696 583 2730 qui
601 2697 780 2724 imitationem
806 2697 965 2724 divinzena-

179 2744 246 2769 torte
260 2739 504 2769 Christianismum
519 2749 581 2772 esse
592 2743 811 2778 pronuntiamus.
827 2742 965 2771 Professio

215 2828 234 2851 ε’
251 2827 318 2860 Gen.
338 2836 356 2860 ι,
369 2829 414 2857 ‘27.

1051 1467 1082 1493 El
1099 1467 1186 1494 τοίνυν
1201 1467 1231 1494 τὸ
1243 1468 1291 1502 μὲν
1303 1466 1387 1502 ὄνομά
1401 1475 1442 1498 τις
1454 1466 1501 1493 τοῦ
1517 1466 1635 1502 Χριστοῦ
1650 1466 1804 1499 ὑποδύοιτο,

1016 1512 1069 1539 ὅσα
1082 1513 1110 1539 δὲ
1123 1512 1164 1548 τῷ
1184 1512 1295 1548 ὀνόματι
1311 1512 1397 1548 τούτῳ
1414 1511 1604 1547 συνθεωρεὶται
1627 1512 1664 1548 μὴ
1684 1511 1804 1538 δεικνύοι

1016 1558 1056 1593 τῷ
1070 1558 1129 1593 βίῳ,
1145 1558 1342 1593 καταψεύδεται
1356 1557 1402 1584 τοῦ
1416 1557 1545 1592 ὀνόματος
1559 1558 1572 1584 ό
1586 1556 1714 1589 τοιοῦτος,
1732 1557 1804 1584 κατὰ

1016 1605 1046 1631 τὸ
1064 1605 1193 1640 προτεθὲν
1218 1605 1284 1640 ἡμῖν
1307 1604 1466 1639 ὑπόδειγμα,
1493 1603 1662 1638 προσωπεῖον
1687 1602 1802 1637 ἄψυχον,

1015 1650 1176 1686 ἀνθρωπίνῳ
1198 1650 1353 1686 χαρακτῆρι
1378 1649 1609 1685 μεμορφωμένον,
1626 1648 1747 1683 περιθεὶς
1763 1647 1805 1683 τῷ

1014 1695 1134 1731 πιθήκῳ.
1146 1695 1221 1722 ,Οὔτε
1237 1696 1290 1730 γὰρ
1306 1695 1350 1722 τὸν
1365 1694 1481 1730 Χριστὸν
1498 1694 1554 1720 ἐστι
1571 1693 1608 1729 μὴ
1630 1693 1803 1729 δικαιοσύνην

1013 1741 1092 1773 εἶναι,
1108 1742 1155 1768 καὶ
1166 1741 1348 1776 καθαρότητα,
1363 1741 1408 1767 καὶ
1421 1739 1560 1774 ἀλήθειαν,
1576 1739 1622 1766 καὶ
1636 1739 1721 1765 κακοῦ
1736 1747 1803 1765 παν-

1013 1787 1059 1818 τὸς
1084 1786 1276 1821 ἀλλοτρίωσιν,
1298 1785 1359 1812 οὔτε
1378 1784 1539 1820 Χριστιανὸν
1555 1784 1628 1810 ἐστιν
1651 1780 1719 1810 εἶναι
1737 1783 1803 1816 (τόν

1013 1840 1045 1865 γε
1061 1831 1167 1866 ἀληθῶς
1182 1830 1379 1866 Χριστιανὸν),
1395 1830 1433 1865 μὴ
1447 1829 1580 1857 κάκείνων
1592 1829 1646 1856 τῶν
1661 1828 1802 1863 ὀνομάτων

1012 1876 1061 1912 τὴν
1075 1875 1215 1903 κοινωνίαν
1230 1877 1259 1902 ἐν
1271 1874 1359 1910 ἐαυτῷ
1370 1874 1535 1902 δεικνύοντα.
1547 1873 1661 1906 Οὐκοῦν,
1670 1873 1707 1905 ὡς
1716 1873 1749 1900 ἄν
1760 1881 1803 1905 τις

1013 1923 1068 1957 ὅρῳ
1086 1921 1133 1948 τοῦ
1153 1920 1367 1956 Χριστιανισμοῦ
1382 1921 1431 1956 τὴν
1451 1921 1570 1948 διάνοιαν
1589 1919 1801 1956 ἐρμηνεύσειεν,

1013 1968 1098 1999 οὕτως
1120 1967 1253 2003 ἐροῦμεν,
1275 1968 1315 1994 ὅτι
1340 1967 1551 2003 Χριστιανισμός
1572 1967 1630 1992 ἐστι
1659 1966 1708 2001 τῆς
1725 1965 1802 1997 θείας

1013 2013 1120 2048 φύσεως
1135 2013 1258 2049 μίμησις.
1273 2014 1328 2040 Καὶ
1339 2014 1432 2048 μηδεὶς
1446 2013 1484 2045 ὡς
1495 2013 1645 2048 ὑπέρογκον
1658 2013 1704 2039 καὶ
1717 2013 1802 2047 ὑπερ-

1014 2058 1138 2085 ϐαίνοντα
1151 2059 1200 2094 τὴν
1214 2059 1263 2094 τῆς
1278 2059 1384 2093 φύσεως
1399 2058 1477 2093 ἡμῶν
1490 2058 1670 2092 ταπεινότητα
1689 2057 1801 2084 διαϐαλ-

1013 2104 1083 2131 λέτω
1101 2104 1146 2130 τὸν
1162 2105 1240 2140 ὅρον·
1258 2104 1288 2130 οὐ
1304 2104 1358 2139 γὰρ
1378 2104 1456 2139 ἐξέϐη
1480 2104 1530 2139 τὴν
1552 2103 1632 2137 φύσιν
1650 2104 1663 2129 ὁ
1678 2103 1751 2138 ὄρος.
1768 2103 1800 2129 Εἰ

1013 2149 1068 2184 γάρ
1083 2158 1124 2181 τις
1145 2150 1195 2184 τὴν
1216 2149 1326 2185 πρώτην
1347 2150 1511 2176 κατάστασιν
1527 2149 1573 2175 τοῦ
1593 2149 1736 2185 ἀνθρώπου
1756 2149 1800 2175 λος

1013 2195 1128 2228 γίσαιτο,
1144 2195 1255 2231 εὑρήσει
1270 2195 1313 2221 διὰ
1329 2195 1382 2221 τῶν
1398 2195 1541 2230 Γραφικῶν
1561 2195 1744 2229 διδαγμὰτων,
1759 2195 1799 2221 ὅτι

1013 2241 1063 2268 οὐκ
1079 2240 1174 2276 ἐξῆλθε
1190 2241 1223 2268 τὰ
1240 2241 1326 2276 μέτρα
1338 2241 1386 2275 τῆς
1399 2240 1505 2275 φύσεως
1519 2240 1596 2275 ἡμῶν
1612 2241 1626 2266 ὁ
1641 2241 1712 2275 ὅρος.
1722 2240 1758 2266 ’Ἡ
1770 2248 1799 2266 τε

977 2301 1001 2330 D
1013 2287 1069 2322 γὰρ
1086 2286 1180 2322 πρώτη
1198 2286 1245 2313 τοῦ
1264 2286 1407 2330 ἀνθρώπου
1425 2286 1579 2320 κατασκευὴ
1599 2285 1669 2312 κατὰ
1686 2286 1800 2320 μίμησιν

1015 2334 1063 2368 τῆς
1075 2332 1122 2359 τοῦ
1137 2331 1204 2359 Θεοῦ
1218 2331 1375 2367 ὁμοιότητος
1387 2328 1422 2366 ἦν
1435 2331 1516 2364 (οὑτω
1527 2330 1574 2357 τοῦ
1585 2330 1724 2362 Minicio);
1737 2331 1800 2365 περὶ

1014 2378 1059 2405 τοῦ
1084 2377 1227 2413 ἀνθρώπου
1252 2377 1495 2412 φιλοσοφήσαντας,
1522 2376 1550 2402 ὲν
1571 2373 1612 2407 οἷς
1636 2384 1734 2410 φησιν,
1760 2376 1800 2402 ὅτι

1017 2434 1026 2451 ι
1050 2423 1192 2458 Ἐποίησεν
1208 2424 1222 2449 ὁ
1238 2423 1302 2454 Θεὸς
1319 2422 1364 2449 τὸν
1381 2422 1531 2457 ἄνθρωπον·
1548 2422 1608 2448 κατ’
1624 2421 1716 2448 εἰκόνα
1732 2420 1799 2447 Θεοῦ

1014 2468 1141 2502 ἐποίησεν
1155 2468 1235 2494 αὑτὸν
1247 2468 1281 2499 ι),
1294 2467 1363 2502 καὶὴ
1374 2466 1420 2492 τοῦ
1429 2466 1640 2502 Χριστιανισμοῠ
1650 2466 1800 2500 ἐπαγγελία

1015 2515 1072 2540 ἐστὶ
1086 2514 1116 2540 τὸ
1138 2514 1178 2544 εἰς
1196 2513 1244 2548 τὴν
1261 2512 1377 2548 ἀρχαίαν
1391 2512 1537 2548 εὐκληρίαν
1553 2513 1739 2547 ἐπαναχθῆναι
1755 2511 1799 2539 τὸν

1014 2558 1165 2593 ἄνθρωπον.

1050 2603 1081 2630 Εἰ
1097 2604 1125 2630 δὲ
1143 2604 1173 2630 τὺ
1198 2604 1309 2639 ἀρχαῖον
1333 2603 1400 2629 Θεοῦ
1418 2603 1543 2638 ὁμοίωμα
1559 2604 1573 2630 ὁ
1597 2603 1737 2638 ἄνθρωπο,
1753 2601 1798 2638 ἦν,

1015 2650 1084 2684 τάχα
1101 2649 1151 2676 οὐκ
1165 2650 1218 2682 ἔξω
1231 2649 1278 2676 τοῦ
1294 2650 1395 2676 σκοποῦ
1414 2650 1460 2676 τὸν
1475 2650 1588 2685 ὁρισμὸν
1610 2650 1780 2685 πεποιήμεθα
1791 2669 1798 2680 ,

1018 2696 1131 2731 μίμησιν
1150 2696 1224 2727 θείας
1240 2695 1345 2730 φύσεως
1360 2695 1404 2722 τὸν
1419 2696 1628 2730 Χριστιανιομὸν
1645 2693 1714 2723 εἶναι
1732 2697 1799 2722 ἀπο-

1016 2742 1174 2777 φηνάμενοι.
1200 2741 1231 2768 'll
1253 2741 1301 2776 μὲν
1322 2739 1367 2768 οὖν
1385 2741 1528 2776 ὑπόσχεσις
1551 2742 1599 2776 τῆς
1616 2741 1799 2777 προσηγορίας
