1922 3078
72 110 120 139 249

615 111 657 141 DE
677 111 915 143 PltOFESSIONE
930 114 1149 146 CIIRISTIANA.

1645 124 1700 151 Ξῖιυ

73 169 195 205 ἐνεργῶν,
212 170 276 204 ἦτοι
289 170 365 206 σητὺς
375 170 475 206 τρόπον
486 173 544 204 ταῖς
558 173 685 206 διανοίαις
698 175 853 207 ἐντίκτεταιἲ

910 175 1016 208 Quibus
1030 176 1120 203 verbis
1144 176 1263 203 ostendit
1276 177 1348 212 quod
1361 179 1437 205 nulla
1464 179 1517 212 vis,
1535 187 1596 215 qua:
1611 180 1699 208 beau—

73 216 184 252 ἀχρειῶν
197 216 228 242 τὸ
246 217 331 252 μέρος
342 213 420 253 ᾧπερ
434 217 466 244 ἂν
477 218 582 254 ὲμφυῇ·
599 219 657 254 ἦτοι
669 220 712 247 διὰ
726 221 773 255 τῆς
788 220 859 255 βρω-

72 263 143 297 τικῆς
156 271 193 288 ντε
220 263 270 289 καὶ
293 264 473 299 ἀφανιστικῆς
489 264 638 300 δυνάμεως,
654 266 678 292 εἰ
698 265 735 301 μὴ
755 266 859 301 ταχέως

71 309 261 345 ἀποτιναχθείη
289 310 335 337 τοῦ
369 311 487 346 μέρους,
514 310 582 346 πρὸς
607 312 641 338 τὰ
670 312 859 347 παρακείμενα

71 353 210 388 μεθέρπων
222 373 230 385 ,
255 354 407 391 διαφθορᾶς
424 356 506 391 ἴχνος.
531 353 571 388 οἷς
593 356 627 383 ἂν
643 354 794 392 ὲμπελάσῃ,
813 357 858 384 διὰ

69 398 114 433 τῆς
127 399 264 432 κινήσεως
278 400 470 435 ἐνσημαίνεται
480 408 487 415 ·
500 401 527 436 ἢ,
543 402 622 437 εἴπερ
632 402 666 428 τὰ
680 399 754 434 ἐντὸς
769 404 858 436 ἀσφα-

70 443 118 473 λῶς
133 444 205 478 ἔχοι,
225 444 273 471 διὰ
288 445 343 472 τῶν
362 446 460 478 ἔξωθεν
475 447 661 482 περιστάσεων
677 445 855 476 ἐπιϐουλεύει.

71 489 101 515 Ἤ
114 489 167 524 γὰρ
186 489 220 515 δι’
236 490 337 526 ἡδονῆς
351 492 396 518 τὸν
413 492 548 528 θησαυρὸν
561 492 611 528 τῆς
625 493 738 529 καρδίας
751 494 859 529 ἐτοιχω-

69 534 195 570 ρύχησεν,
210 536 227 570 ἢ
249 536 285 562 δι’
303 537 397 573 ἑτέρου
421 538 523 569 πάθους
545 538 622 565 κενδν
635 540 685 574 τῆς
706 540 805 575 ἀρετῆς
827 539 857 566 τὸ

68 576 113 613 τῆς
132 579 222 614 ψυχῆς
246 580 352 615 δοχεῖον
373 582 501 617 ἐποίησε,
518 582 597 618 θυμῷ
620 583 636 618 ἥ
659 583 761 619 λύττῃῆ
785 584 857 619 ἄλλῳ

69 625 117 651 τινὶ
134 625 251 661 τοιούτῳ
273 626 355 654 πάθει
373 627 419 655 τὸν
440 627 568 663 λογισμὸν
593 629 757 663 ὑποκλέψας.
781 630 856 656 Ἐπεὶ

69 667 109 697 οὖν
130 671 159 696 ἐν
182 672 242 702 τοῖς
268 672 326 698 ἄνω
339 673 494 708 θησαυροῖς,
509 673 571 700 οὔτε
589 673 658 709 σῆτά
682 683 774 709 φησιν,
794 673 855 701 οὔτε

69 715 164 749 βρῶσιν
177 716 192 742 ὁ
206 715 315 751 Κύριος
328 716 468 751 γίνεσθαι,
480 717 541 745 οὔτε
557 719 606 754 τὴν
618 718 672 745 ἀπὸ
684 719 734 754 τῆς
747 719 856 745 κλεπτι-

68 761 113 796 κῆς
127 761 228 787 κακίαν
242 761 424 790 διδάσκουσαν
439 762 540 795 ταῦτα,
557 763 628 799 ἆπερ
649 764 854 799 ὑπενοήσαμεν·

68 808 120 834 ἐκεῖ
135 807 304 842 μεταθετέον
318 808 367 844 τὴν
381 809 526 845 ἐμπορίαν,
539 806 594 846 ἐνῇ
608 809 638 835 τὸ
651 809 813 846 θησαυρίσαι
824 811 855 837 οὐ

910 221 1032 248 tudinem
1059 221 1133 248 illam
1150 229 1328 257 corrumpere
1346 225 1443 258 possit,
1460 224 1488 251 in
1505 233 1624 260 superna
1642 227 1697 253 vita

910 270 1048 294 versetur.
1066 265 1134 292 Nam
1151 266 1196 294 ille
1222 267 1269 302 qui
1289 269 1323 296 ad
1348 270 1533 305 corruptelam
1559 275 1586 298 et
1604 274 1698 307 perni-

909 311 978 339 ciem
1008 311 1090 346 hujus
1119 312 1181 339 vitze
1211 313 1387 340 multifariam
1425 313 1574 350 multisque
1607 317 1697 343 modis

908 356 1011 383 variam
1030 364 1108 384 suam
1132 357 1262 384 malitiam
1285 358 1417 386 adversus
1431 357 1580 387 humanam
1610 359 1695 387 vitam

908 405 1027 434 exercet,
1044 402 1086 429 vel
1101 402 1181 430 tineae
1194 403 1221 429 in
1237 403 1348 430 modum
1370 403 1511 431 mentibus
1528 405 1694 438 innascitur,

910 451 1016 483 partem
1042 448 1196 483 cuicunque
1212 448 1352 476 inhaeserit
1366 448 1491 476 inutilem
1503 450 1637 484 reddens;
1651 451 1694 478 vel

908 501 956 529 per
966 493 1021 521 vim
1032 494 1201 521 corrosivam
1219 498 1246 522 et
1271 495 1459 530 corruptivam
1471 517 1479 529 ,
1498 496 1551 523 nisi
1567 496 1697 524 celeriter

907 538 941 566 de
960 542 1037 574 parte
1058 546 1140 574 quam
1163 539 1295 567 invaserit
1316 546 1451 567 excussus
1473 539 1564 572 fuerit,
1580 540 1614 566 ad
1628 547 1693 575 pro-

907 584 980 611 xima
1003 591 1118 618 quaeque
1142 583 1277 618 serpendo
1311 584 1500 618 progrediens,
1522 592 1693 619 quaecunque

907 629 1042 657 movendo
1063 637 1093 657 se
1114 629 1273 664 contigerit,
1302 629 1336 657 iis
1363 630 1510 665 vestigium
1538 630 1693 665 corruptio-

906 674 950 702 nis
972 674 1125 710 imprimit;
1143 674 1186 701 vel
1214 674 1237 702 si
1256 674 1387 701 interiora
1403 674 1480 701 firma
1492 682 1523 701 ac
1549 678 1607 701 tuta
1624 674 1690 706 sint,

907 727 956 754 per
967 724 1096 747 externas
1122 719 1347 747 circumstantias
1368 719 1524 748 insidiatur.
1548 718 1602 746 Aut
1618 719 1690 746 enim

907 765 1045 800 voluptate
1064 765 1242 800 perfodiendo
1266 766 1359 793 cordis
1390 765 1549 793 thesaurum
1577 764 1689 795 invadit.

907 815 953 838 aut
965 819 1013 846 per
1026 811 1108 838 alium
1119 810 1246 839 allectum
1259 819 1292 838 ex
1305 811 1403 838 animat
1411 811 1585 845 receptaculo
1604 810 1691 836 virtu-

68 853 141 887 μόνον
155 853 257 880 ἄσυλόν
269 863 301 880 τε
317 855 365 881 καὶ
383 855 516 890 ἀμείωτον
531 856 571 887 εἰς
584 855 627 883 ἀεὶ
642 855 774 891 διαμένει,
786 856 853 883 ἀλλὰ

905 861 959 884 tem
975 857 1080 890 eximit,
1094 857 1137 884 vel
1149 857 1199 889 ira,
1217 856 1259 883 vel
1277 856 1389 883 tristitia
1403 860 1430 884 et
1446 863 1557 890 angore,
1574 854 1618 882 vel
1636 854 1690 881 alia

67 898 110 925 καὶ
121 899 292 934 σπερμάτων
308 900 394 936 δίκην,
409 901 456 927 ἐπὶ
467 901 498 927 τὸ
510 901 708 928 πολλαπλάσιον
723 902 854 937 κατεργά-

67 944 135 975 ζεται
149 946 198 979 τὴν
211 946 376 982 ἐπαύξησιν.
395 947 454 982 Χρὴ
468 947 522 983 γὰρ
536 948 644 979 πάντως
659 949 693 983 τῇ
710 947 790 982 φύσει
804 947 852 975 τοῦ

67 988 110 1022 τὴν
122 989 359 1025 παρακαταθήκην
372 990 514 1026 δεχομένου
532 991 727 1027 μεγαλύνεσθαι
743 993 792 1028 τὴν
806 994 853 1019 ἀν-

67 1033 167 1060 τίδοσιν.
185 1035 298 1071 Ὠσπερ
309 1036 362 1071 γὰρ
376 1037 454 1072 ἡμεῖς
470 1037 540 1064 κατὰ
550 1037 599 1072 τὴν
611 1037 714 1064 ἑαυτῶν
726 1037 853 1073 ἐνεργοῦ-

69 1088 111 1114 μεν
133 1080 224 1114 φύσιν,
249 1082 349 1117 πτωχὰ
371 1083 553 1118 προσάγοντες
579 1084 622 1110 διὰ
647 1084 676 1110 τὸ
701 1084 853 1119 πεφυκέναι

67 1124 187 1151 τοιοῦτοι·
206 1125 298 1158 οὕτως
315 1127 398 1159 εἰκὸς,
416 1128 461 1154 τὸν
481 1128 509 1154 ὲν
526 1129 607 1155 παντὶ
627 1128 753 1155 πλούσιον
776 1128 851 1161 ὕντα,

67 1170 82 1198 ἃ
95 1171 211 1205 πέφυκεν
229 1172 317 1207 ἔχειν,
332 1172 418 1199 ταῦτα
435 1175 490 1205 τοῖς
503 1174 700 1209 προδεδωκόσιν
714 1175 852 1210 ἀντιχαρί-

68 1215 163 1247 ζεσθαι.
183 1217 293 1252 Μηδεὶς
312 1215 359 1244 οὖν
377 1219 531 1253 ἀθυμείτω,
549 1220 583 1245 τὰ
599 1220 668 1246 κατὰ
686 1220 735 1255 τὴν
755 1221 850 1247 ἑαυτοῦ

67 1261 170 1297 δύναμιν
182 1264 239 1294 τοῖς
257 1263 342 1296 θείοις
359 1264 504 1300 θησαυροῖς
523 1265 716 1300 συνεισφέρων,
732 1266 770 1297 ὡς
784 1265 851 1301 πρὸς

68 1305 94 1331 τδ
109 1307 213 1341 μέτρον,
227 1305 268 1334 ὧν
281 1307 390 1340 δέδωκε,
406 1309 595 1344 κομιούμενος,
613 1309 670 1336 ἀλλ’
683 1311 849 1345 ἀναμενέτω,

68 1352 130 1378 κατὰ
150 1353 199 1388 τὴν
214 1354 384 1388 ἐπαγγελίαν
405 1355 450 1381 τοῦ
471 1356 593 1387 εἰπόντος
613 1356 653 1383 ὅτι
678 1357 781 1392 μεγάλα
796 1357 851 1383 τῶν

71 1398 166 1433 μικρῶν
181 1400 459 1434 ἁντικαταλλάξεται,
478 1402 592 1436 οὐράνια
608 1402 657 1437 μὲν
669 1402 723 1429 τῶν
739 1403 850 1437 γηΐνων,

69 1441 132 1468 ἀΐδια
145 1442 172 1468 δὲ
186 1443 240 1470 τῶν
264 1443 417 1481 ὠκυμόρων
430 1445 634 1481 διαμειϐόμενος
646 1455 651 1460 ν
664 1446 681 1473 ἃ
693 1447 805 1475 τοιαῦτα
816 1449 850 1483 τῆ

71 1486 139 1520 φύσει
156 1488 244 1521 ἐστὶν,
266 1489 304 1520 ὡς
322 1490 390 1525 μήτε
410 1490 513 1526 διανοίᾳ
528 1491 640 1518 δυνατὸν
661 1489 729 1518 εἶναι
748 1492 852 1528 ληφθῆ-

70 1540 122 1564 ναι,
148 1533 214 1569 μήτε
239 1535 284 1566 εἰς
301 1534 452 1571 ἑρμηνείαν
467 1537 545 1571 λόγου
568 1537 674 1570 ἐλθεῖν,
692 1539 755 1573 περὶ
774 1535 811 1565 ὧν
833 1540 851 1575 ἡ

70 1576 235 1611 θεόπνευστος
255 1578 376 1607 διδάσκει
393 1581 495 1617 Γραφὴ,
513 1583 553 1609 ὅτι
573 1592 581 1608 ι
607 1582 674 1609 Οὔτε
689 1585 703 1610 ὁ
715 1583 852 1619 ὀφθαλμὸς

71 1620 139 1654 εἶδεν,
151 1623 211 1650 οὔτε
227 1621 278 1657 οὖς
294 1626 420 1661 ἤκουσεν,
441 1627 502 1653 οὔτε
522 1628 568 1654 ἐπὶ
581 1628 694 1664 καρδίαν
708 1629 851 1664 ἀνθρώπου

73 1666 146 1704 ἔινέὸη
159 1690 166 1702 ,
184 1669 201 1696 ἃ
220 1671 372 1706 ἡτοίμασεν
390 1673 404 1698 ὁ
422 1673 487 1705 Θεὺς
500 1674 556 1705 τοῖς
571 1674 713 1707 ἀγαπῶσιν
730 1675 820 1703 αὐτόν.
839 1685 848 1700 1

73 1712 154 1741 Ταῦτά
173 1724 222 1748 σοι,
237 1712 260 1743 ὦ
278 1717 357 1752 τιμία
371 1719 494 1754 κεφαλὴ,
512 1720 541 1745 οὐ
560 1720 639 1755 μόνον
652 1720 722 1756 ὑπὲρ
734 1721 787 1748 τῶν
806 1721 850 1748 ἐλ-

73 1758 222 1793 λειφθέντων
234 1763 409 1798 γραμμάτων
417 1764 659 1801 ἀνεπληρώσαμεν,
673 1766 741 1793 ἀλλὰ
758 1768 804 1793 καὶ
816 1767 851 1794 τὰ

75 1804 134 1837 μετὰ
151 1806 235 1833 ταῦτα
262 1808 393 1842 γινόμενα
421 1809 588 1845 ἐλλείμματα
613 1811 849 1846 προεξητάσαμεν.

74 1849 104 1875 Σὺ
123 1849 148 1876 δέ
164 1861 207 1886 μοι
229 1853 361 1887 πράττοις
378 1855 406 1880 ὲν
418 1855 512 1890 Κυρίῳ
527 1856 711 1891 καταθυμίως.
726 1857 811 1883 Τοῦτο
823 1857 851 1884 δέ

77 1903 111 1921 σοι
128 1897 167 1932 εἴη
182 1897 333 1930 διαπαντὸς
350 1900 527 1935 καταθύμιον,
541 1902 555 1928 ὂ
576 1902 622 1928 καὶ
641 1902 680 1937 τῷ
699 1903 758 1938 Θεῴ
772 1912 851 1938 κεχα-

76 1941 190 1976 ρισμένον
209 1944 282 1975 ἐστὶ,
302 1946 348 1971 καὶ
368 1945 433 1980 ἡμῖν
449 1946 626 1982 καταθύμιον.

865 1515 886 1544 α

904 902 987 930 simili
1014 902 1141 937 quapiam
1159 901 1364 936 perturbatione
1383 905 1410 928 et
1426 900 1524 927 alfectu
1552 899 1689 926 rationem

904 943 1071 975 subduceris.
1097 947 1230 980 Quoniam
1251 947 1333 981 igitur
1361 946 1493 973 Dominus
1512 946 1537 972 in
1560 943 1690 979 supernis

904 993 1039 1020 thesauris
1057 1000 1145 1027 neque
1174 992 1275 1019 tineam
1307 999 1396 1026 neque
1415 991 1564 1025 mruginem
1583 989 1691 1016 innasci

902 1038 980 1071 dicit,
1000 1045 1089 1073 neque
1105 1037 1140 1064 ab
1155 1041 1213 1064 arte
1230 1036 1339 1063 furandi
1358 1036 1489 1062 malitiam
1511 1036 1611 1066 inesse,
1629 1041 1690 1069 qua:

902 1084 1015 1112 doceate
1025 1091 1040 1110 a
1055 1090 1116 1119 quae
1129 1082 1413 1114 commemoravimus,
1423 1082 1488 1109 illuc
1500 1080 1690 1108 transferenda

902 1130 1051 1164 negotiatio
1070 1133 1123 1162 est,
1142 1128 1188 1155 ubi
1209 1136 1263 1155 non
1295 1127 1376 1154 modo
1402 1125 1587 1161 compilationi
1609 1129 1690 1159 atque

902 1175 1077 1203 diminutioni
1097 1182 1151 1201 non
1178 1173 1289 1201 obnoxii
1312 1172 1433 1200 thesauri
1456 1178 1562 1206 semper
1583 1178 1691 1205 perma-

901 1225 977 1254 nent,
991 1228 1083 1248 vermu
1105 1219 1187 1246 ctiam
1210 1218 1345 1246 seminum
1367 1218 1393 1244 in
1416 1217 1526 1244 modum
1550 1216 1690 1250 multiplex

902 1267 1021 1295 alliciunt
1031 1264 1362 1299 incrementum.0portet
1374 1262 1446 1290 enim
1464 1269 1577 1297 prorsus
1593 1269 1626 1288 ex
1641 1268 1690 1288 na-

902 1317 962 1339 tura
992 1311 1152 1346 depositarii
1182 1317 1309 1345 magnam
1343 1308 1399 1336 ﬁeri
1426 1307 1689 1335 remunerationem.

902 1356 1135 1392 Quemadmodum
1165 1356 1237 1383 enim
1265 1362 1315 1381 nos
1329 1362 1361 1381 ex
1390 1357 1487 1380 natura
1504 1355 1598 1379 nostra
1623 1351 1691 1377 faci-

902 1411 974 1436 mus,
991 1406 1019 1429 ut
1035 1401 1126 1429 tenuia
1151 1400 1310 1430 olferamus,
1327 1398 1429 1433 quippe
1455 1404 1517 1423 cum
1534 1399 1632 1422 natura
1648 1394 1690 1421 si-

903 1457 964 1476 mus
980 1449 1050 1475 tales
1066 1467 1073 1478 ,
1086 1447 1123 1474 ita
1143 1449 1359 1474 consentaneum
1379 1447 1418 1471 est
1432 1450 1493 1470 eum
1511 1440 1558 1476 qui
1573 1440 1599 1467 in
1614 1439 1690 1467 omni

903 1500 932 1519 re
946 1492 1022 1519 dives
1037 1494 1089 1522 est,
1104 1491 1138 1518 iis
1155 1498 1215 1525 qum
1243 1497 1276 1516 ex
1292 1492 1390 1515 natura
1415 1487 1496 1514 habet
1510 1493 1557 1513 eos
1574 1484 1621 1520 qui
1639 1491 1690 1511 sua

903 1541 966 1565 ante
982 1535 1115 1567 dederint,
1134 1542 1194 1562 esse
1211 1537 1460 1561 remuneraturum.
1473 1530 1512 1558 Ne
1526 1531 1588 1565 quis
1605 1530 1690 1564 igitur

904 1581 933 1612 Se
945 1583 1037 1611 animo
1056 1581 1191 1613 demittat,
1219 1580 1283 1607 dum
1297 1587 1357 1614 qua:
1370 1586 1420 1613 pro
1438 1577 1542 1604 viribus
1566 1576 1623 1603 suis
1642 1583 1690 1609 po-

902 1633 965 1661 test,
984 1627 1085 1654 divinis
1100 1626 1183 1653 infert
1197 1626 1346 1657 thesauris,
1369 1624 1447 1658 quasi
1472 1629 1522 1657 pro
1537 1622 1618 1648 modo
1641 1628 1689 1648 co-

902 1679 963 1702 ram
977 1682 1036 1709 qua:
1051 1673 1157 1700 dederit
1172 1676 1351 1706 recepturus;
1365 1670 1412 1698 sed
1431 1673 1522 1704 speret
1539 1668 1616 1702 juxta
1629 1666 1688 1701 pol~

902 1721 1078 1748 licitationem
1105 1718 1164 1753 ejus
1179 1718 1224 1753 qui
1238 1717 1321 1749 dixit,
1336 1716 1408 1751 (mod
1433 1721 1530 1748 magna
1548 1713 1638 1748 parvis
1652 1712 1688 1739 sit

900 1769 1119 1800 comparaturus,
1134 1762 1294 1790 coelestibus
1320 1761 1430 1796 quidem
1447 1764 1565 1789 terrena,
1583 1757 1686 1791 sempi-

899 1812 985 1839 ternis
1004 1817 1069 1838 vero
1082 1810 1138 1836 cito
1149 1808 1270 1843 peritura
1294 1810 1464 1841 permutaHS,
1479 1811 1539 1840 qua:
1553 1803 1618 1830 talia
1638 1809 1689 1829 nao

901 1861 961 1884 tura
976 1860 1050 1888 sunt,
1068 1859 1098 1882 ut
1114 1861 1202 1890 neque
1219 1857 1311 1881 mente
1331 1852 1444 1888 percipi,
1461 1857 1549 1885 neque
1562 1855 1689 1877 sermone

899 1902 1029 1937 explicari
1047 1901 1167 1936 possint,
1191 1900 1225 1927 de
1253 1899 1353 1934 quibus
1377 1897 1469 1924 divina
1491 1896 1571 1923 docet
1599 1894 1690 1928 Scrip.

900 1953 972 1981 tura,
989 1948 1060 1983 quod
1078 1955 1168 1982 neque
1186 1946 1283 1973 oculus
1308 1945 1417 1975 viderit,
1440 1951 1530 1978 neque
1552 1943 1627 1969 auris
1640 1949 1690 1968 auo

75 1986 170 2020 direrit,
184 1997 272 2024 neque
286 1990 314 2017 in
332 1998 379 2018 cor
396 1993 513 2020 hominis
529 1993 712 2026 ascenderiut,
728 2002 789 2029 qua:
810 1994 1003 2030 pra‘paraverit
1020 1995 1091 2021 Deus
1111 1992 1287 2028 diligentibus
1304 1999 1334 2018 se
1351 1991 1372 2018 ".
1394 1989 1441 2017 llis
1458 1989 1517 2020 tibi,
1539 1996 1556 2015 ο
1576 1988 1689 2015 charum

75 2038 155 2069 caput.
168 2043 219 2063 non
230 2037 321 2064 solum
338 2041 535 2073 prmtcrmissas
547 2041 651 2067 litteras
664 2041 856 2068 rcsareivimus
870 2046 897 2068 et
907 2041 1157 2076 compensavimus,
1176 2046 1271 2066 verum
1283 2037 1365 2065 etiam
1378 2032 1438 2069 qua:
1454 2034 1567 2069 posthac
1577 2036 1689 2068 prarter-

75 2082 203 2111 mittentur
216 2092 248 2112 ac
259 2085 364 2121 reliqua
377 2087 450 2120 fient,
467 2095 514 2121 per
521 2093 710 2123 argumentum
721 2097 842 2124 quatrere
855 2088 1075 2123 auticipavimus.
1086 2087 1127 2114 Tu
1137 2094 1200 2114 vero
1216 2085 1280 2112 milli
1296 2085 1371 2112 vivas
1388 2084 1415 2110 in
1431 2083 1544 2110 Domino
1554 2090 1586 2109 ex
1604 2079 1688 2107 animi

76 2128 108 2154 tui
122 2130 263 2157 sententia.
282 2129 339 2158 lloc
354 2137 443 2160 autem
456 2138 563 2169 semper
575 2134 623 2162 tibi
635 2134 709 2162 cordi
725 2135 759 2162 sit
776 2140 858 2170 atque
871 2134 1011 2170 probetur,
1024 2132 1096 2169 quod
1111 2136 1136 2160 ct
1148 2131 1201 2159 Deo
1216 2133 1322 2165 gratum
1336 2133 1363 2157 et
1379 2128 1459 2156 nobis
1470 2127 1623 2163 jucnndum
1635 2129 1687 2153 est.

105 2215 113 2230 ⁷
128 2218 136 2244 l
151 2218 209 2247 Cor.
230 2228 272 2253 tu,
289 2221 316 2248 9.

1742 144 1756 179 ἐ

1741 180 1759 258 ξ

1747 294 1755 323 ν
