1922 3078
206 118 254 150 25!

821 116 848 144 S-
868 115 1031 144 GltEGORll
1052 113 1199 141 NYSSENI

207 189 1825 213 ε2εεεεεεεεεεεεεεεππεςεεεεεεεπεεεε,

815 260 832 280 ⁶
846 274 960 317 TOY
996 274 1184 317 ΑΥΤΟΥ
1283 329 1288 334 Ι

510 372 741 429 ΠΕΡΙ
799 368 1524 439 ΤΕΛΕΙΟΤΗΤΟΣ,

626 477 686 504 ΚΑΙ
717 476 844 503 ΟΠΟΙΟΝ
875 476 946 502 ΧΡΗ
972 475 1065 502 EiNAl
1088 475 1157 502 TUN
1185 473 1410 509 ΧΡΙΣΤΙΛΝΟΝ,

762 553 861 579 ΠΡΟΣ
875 553 921 579 ΟΛ
928 553 1072 579 ΥΜΠΙΟΝ
1085 552 1274 579 ΜΟΝΑΧΟΝ.

1000 643 1042 651 .-

858 714 1177 760 EJUSDEM

707 820 798 876 DE
836 820 1103 877 PERFEC
1113 820 1333 877 TlONE

634 931 679 958 ET
696 930 837 965 QUALE“
857 929 1041 958 OPORTEAT
1061 929 1146 957 ESSE
1161 929 1420 962 CIIRISTIANUM,

769 1006 817 1033 AD
833 1004 1029 1033 OLYMPIUM
1044 1003 1271 1033 MONACIIUM.

838 1083 969 1109 Francisco
979 1084 1040 1109 Zino
1053 1083 1203 1116 interprete.

245 1232 351 1268 Quaeris
365 1239 418 1268 qua
440 1232 546 1260 ratione
562 1232 617 1260 vita
639 1240 672 1260 ex
689 1232 791 1260 virtute
808 1233 896 1268 possit
919 1234 996 1261 insti-
1010 1238 1022 1266 Α

1083 1234 1229 1269 Πρέπουσα
1246 1234 1278 1268 τῇ
1299 1232 1457 1269 προαιρέσει
1472 1233 1488 1268 ἡ
1507 1231 1607 1268 σπουδὴ
1621 1233 1685 1268 περὶ
1701 1233 1748 1260 τοῦ
1768 1235 1840 1268 γνῶ-

212 1279 263 1311 tui,
278 1283 308 1306 ιιι
324 1279 452 1306 omnibus
467 1277 616 1306 ofﬁciorum
631 1278 751 1305 numeris
767 1279 892 1306 absoluta
916 1282 998 1313 atque

211 1324 332 1358 perfecta
348 1324 430 1350 nullis
447 1323 705 1358 reprehensionibus
719 1323 755 1351 sit
769 1324 900 1357 obnoxia;
916 1324 997 1359 digna

213 1369 333 1404 profecto
350 1368 521 1404 professione
541 1373 586 1396 tua
604 1369 763 1404 postulatio.
788 1369 855 1396 Mihi
873 1376 937 1396 vero
957 1369 998 1396 ni-

212 1415 249 1441 hil
263 1420 334 1442 esset
350 1415 471 1449 optatius
486 1422 567 1450 quam
581 1419 610 1441 ut
629 1422 723 1442 eorum
739 1422 799 1449 quze
811 1414 890 1449 cupis
905 1422 997 1442 exem-

212 1462 256 1497 pla
284 1468 392 1496 possem
417 1468 451 1488 ex
470 1468 529 1488 mea
544 1461 599 1487 vita
627 1461 675 1488 tibi
701 1460 873 1495 depromere,
897 1463 927 1487 ut
949 1460 999 1487 do-

212 1508 327 1534 ctrinam
351 1507 400 1534 abs
417 1511 444 1535 te
467 1507 608 1542 quaesitam
634 1507 713 1534 factis
730 1507 821 1541 potius
834 1513 917 1542 quam
937 1513 998 1534 νοτυ-

211 1555 254 1582 bis
277 1554 451 1589 explicarem.
479 1554 515 1581 Ea
530 1555 603 1581 enim
620 1554 729 1581 demum
745 1555 813 1582 bene
830 1554 938 1582 vivendi
956 1554 999 1581 in-

212 1601 317 1627 stitutio
331 1600 413 1635 digna
429 1603 482 1632 est,
499 1600 542 1627 cui
557 1600 623 1627 tides
637 1600 780 1632 habeatur,
798 1608 859 1628 cum
873 1601 999 1628 docentis

212 1647 266 1673 vita
285 1647 413 1681 congruit
436 1646 566 1674 orationi.
589 1646 724 1674 Caeterum
749 1647 879 1682 queniam
903 1655 946 1674 me
972 1648 999 1676 id

213 1693 285 1726 quod
308 1696 372 1726 opto
393 1692 514 1719 nondum
533 1697 690 1719 assecutum
710 1692 801 1726 video,
816 1696 846 1719 ut
864 1693 999 1721 orationis

213 1738 274 1764 loco
291 1738 394 1772 possim
410 1738 492 1764 vitam
514 1738 669 1769 ostendere,
684 1745 719 1765 ne
742 1737 920 1773 imperfectus
939 1746 999 1766 om-

213 1783 279 1809 nino
294 1783 388 1810 videar
409 1787 436 1809 et
455 1790 470 1809 a
483 1783 561 1818 signo
584 1790 640 1817 prae
659 1783 767 1810 inscitia
786 1783 897 1818 penitus
918 1784 999 1810 aber-

215 1835 286 1860 rare,
302 1828 411 1854 brevem
427 1828 476 1854 tibi
491 1832 564 1855 recte
580 1828 689 1855 vivendi
706 1827 852 1855 formulam
875 1828 999 1862 tradam;

215 1877 297 1907 alque
319 1873 393 1899 illius
410 1872 520 1906 quidem
543 1873 607 1899 hinc
618 1872 674 1906 jam
698 1873 824 1900 nascitur
844 1872 997 1900 exordium.

1048 1288 1092 1306 ναι
1105 1280 1164 1311 πῶς
1179 1280 1211 1307 ἄν
1223 1288 1265 1311 τις
1284 1279 1328 1306 διὰ
1343 1279 1389 1305 τοῦ
1407 1279 1466 1305 κατ’
1481 1278 1580 1314 ἀρετὴν
1595 1278 1652 1313 βίου
1665 1279 1833 1315 τελειωθεῐη,

1048 1325 1117 1352 ὥστε
1129 1325 1173 1352 διὰ
1186 1325 1293 1352 πάντων
1311 1323 1515 1360 κατορθωθῆναί
1530 1332 1575 1350 σου
1596 1325 1630 1359 τῇ
1645 1324 1700 1360 ζωῇ
1716 1324 1746 1351 τὸ
1760 1325 1839 1360 ἀμώ-

1050 1380 1143 1407 μητον.
1162 1370 1233 1405 Ἐγὼ
1251 1370 1278 1397 δὲ
1297 1370 1360 1404 περὶ
1375 1370 1475 1402 παντὸς
1497 1370 1546 1405 μὲν
1561 1369 1594 1396 ἂν
1608 1370 1791 1405 ἐποιησάμην,
1809 1372 1839 1398 ὲν

1047 1417 1086 1452 τῷ
1106 1415 1164 1452 ἐμῷ
1184 1416 1234 1451 βίῳ
1254 1415 1307 1442 τῶν
1323 1415 1364 1442 σοὶ
1387 1415 1608 1450 σπουδαζομένων
1637 1416 1780 1451 εὑρεθῆναι
1805 1417 1840 1444 τὰ

1049 1464 1245 1499 ὑποδείγματα.
1264 1463 1334 1491 ὥστε
1357 1465 1413 1495 τοῖς
1426 1463 1516 1498 ἔργοις
1535 1463 1588 1499 πρὸ
1601 1463 1655 1490 τῶν
1675 1464 1762 1500 λόγων
1777 1465 1840 1492 ἐπι-

1049 1511 1216 1546 ζητουμένην
1235 1510 1287 1537 ὑπὸ
1304 1509 1350 1536 σοῦ
1371 1510 1523 1545 παρασχεῖν
1548 1509 1733 1537 διδασκαλίαν.
1759 1510 1840 1537 Οὕτω

1049 1556 1102 1592 γὰρ
1121 1555 1154 1583 ἂν
1171 1556 1324 1588 ἀξιόπιστος
1344 1553 1379 1591 ἦν
1392 1555 1448 1582 τῶν
1464 1554 1573 1589 ἀγαθῶν
1586 1555 1603 1590 ὴ
1626 1555 1773 1590 ὑφήγησις,
1790 1556 1840 1582 τοῦ

1051 1603 1108 1637 βίου
1130 1604 1186 1634 τοῖς
1204 1602 1290 1634 λόγοις
1312 1601 1565 1637 συμφθεγγομένου.
1590 1600 1700 1636 Ἐπειδὴ
1716 1601 1744 1627 δὲ
1761 1601 1842 1628 τοῦτο

1051 1646 1100 1682 μὲν
1115 1645 1229 1681 εὔχομαι
1253 1645 1380 1680 γενέσθαι
1404 1646 1485 1677 ποτὲ,
1509 1644 1557 1672 νῦν
1577 1645 1606 1671 δὲ
1619 1644 1695 1672 οὔπω
1720 1645 1841 1672 τοιοῦτον

1050 1691 1166 1725 ἐμαυτὸν
1188 1690 1303 1726 βλέπων,
1332 1690 1370 1722 ὡς
1393 1690 1454 1716 ἀντὶ
1476 1689 1523 1716 τοῦ
1545 1689 1624 1724 λόγου
1652 1690 1842 1725 προδεικνύειν

1050 1737 1095 1763 τὸν
1123 1737 1190 1772 βίον,
1213 1737 1256 1763 ἵνα
1275 1735 1312 1771 μὴ
1336 1735 1449 1762 καθόλου
1470 1735 1577 1770 δοκοίην
1599 1735 1745 1771 ἀσυντελὴς
1769 1733 1840 1762 εἶναι

1051 1781 1091 1807 σοί
1106 1790 1146 1813 τις
1165 1781 1232 1816 πρὸς
1245 1781 1290 1807 τὸν
1308 1780 1407 1807 σκοπὸν
1419 1781 1467 1807 καὶ
1485 1780 1624 1815 ἀνόνητος,
1637 1781 1679 1814 ἐφ’
1696 1780 1710 1807 ὃ
1720 1781 1761 1807 δεῖ
1776 1789 1841 1808 συν-

1050 1827 1134 1853 τεῖναι
1151 1826 1196 1852 τδν
1211 1826 1311 1862 ἀκριϐῆ
1327 1825 1394 1861 βίον,
1407 1825 1554 1852 ὑποθέσθαι
1570 1825 1720 1861 διενοήθην,
1747 1825 1841 1852 ἐντεῦ-

1052 1868 1098 1898 Οεν
1120 1871 1166 1898 τοῦ
1182 1871 1261 1904 λόγου
1279 1871 1328 1907 τὴν
1348 1871 1436 1907 ἀρχὴν
1453 1871 1645 1907 ποιησάμενος·
1661 1872 1713 1898 Τοῦ
1734 1871 1841 1906 ἀγαθοῦ

215 1918 307 1945 Bonus
336 1917 468 1945 Dominus
495 1922 590 1945 noster
607 1917 688 1945 Jesus
711 1917 839 1946 Christus
865 1926 927 1949 nos,
951 1913 1022 1952 quil

1051 1918 1181 1944 Δεσπότου
1208 1918 1286 1953 ήμῶν
1315 1917 1401 1952 Ἰησοῦ
1428 1917 1547 1953 Χριστοῦ
1574 1917 1760 1953 χαρισαμένου
1789 1917 1840 1952 τὴν

215 1963 242 1989 in
258 1963 347 1997 ipsum
372 1962 521 1993 credimus,
539 1962 670 1989 adorandi
690 1962 811 1990 nominis
831 1962 872 1990 sui
890 1962 1001 1996 partici-

216 2016 263 2042 pt-s
288 2008 363 2040 fecit,
391 2012 420 2034 ut
442 2008 499 2035 sive
522 2009 632 2039 divites,
650 2008 708 2036 sive
731 2008 850 2040 nobiles,
871 2008 928 2035 sive
947 2008 998 2034 ob-

216 2054 301 2085 scuri,
317 2053 374 2081 sive
392 2054 498 2089 inopes,
514 2054 570 2081 sive
585 2054 717 2081 doctrinae
738 2058 786 2081 aut
801 2053 943 2089 dignitatis
959 2054 997 2080 in-

216 2099 339 2133 signibus
357 2100 480 2127 exornati
504 2100 602 2133 simus,
625 2100 700 2127 nulla
723 2103 814 2127 tamen
840 2108 872 2127 ex
891 2107 920 2126 re
941 2107 1002 2134 qum

217 2145 296 2172 nobis
318 2145 390 2173 adsit
404 2146 587 2178 nomincmnr,
603 2145 651 2173 sed
673 2146 716 2173 his
737 2145 863 2172 omnibus
879 2145 1000 2179 rejectis,

216 2192 250 2218 de
274 2198 328 2218 uno
354 2191 464 2218 nomine
488 2191 574 2225 ipsius
590 2190 700 2225 proprie
724 2190 894 2225 appellenmr
920 2190 1001 2217 Chri-

216 2237 308 2264 stiani.
337 2236 406 2263 Cum
434 2236 517 2271 igitur
544 2236 615 2263 hanc
646 2235 725 2263 nobis
745 2243 760 2262 e
782 2236 853 2263 coelo
884 2236 1001 2270 gratiam

216 2281 349 2313 attulerit,
379 2288 469 2316 opem
498 2281 616 2316 pretium
643 2284 685 2308 est
718 2283 749 2307 ut
777 2280 854 2315 prius
880 2281 1003 2308 muneris

217 2326 431 2362 magnitudinem
455 2326 674 2356 consideremus,
698 2333 753 2360 quo
779 2326 892 2354 meritas
921 2326 1002 2361 largi-

217 2373 269 2399 tori
285 2372 340 2400 Deo
357 2372 460 2407 gratias
475 2372 637 2400 habeamus.
663 2371 765 2398 Deinde
788 2371 856 2398 tales
877 2371 905 2398 in
927 2371 1001 2398 omni

217 2418 270 2444 vita
286 2425 336 2445 nos
353 2422 523 2453 praestemus,
540 2418 635 2453 quales
650 2418 765 2452 requirit
779 2417 896 2452 hujusce
912 2418 1001 2445 nomi-

217 2463 261 2489 nis
282 2463 454 2490 excellentia.
473 2463 580 2495 Quanta
602 2464 637 2490 sit
660 2462 742 2496 hujus
758 2463 881 2490 muneris
896 2463 1002 2497 magni-

219 2507 295 2540 tudo,
320 2507 391 2542 quod
416 2508 490 2536 illius
518 2508 564 2543 qui
589 2509 652 2536 vita:
672 2512 772 2536 nostrae
800 2508 932 2535 Dominus
959 2512 1002 2535 est

218 2554 330 2580 nomine
341 2561 542 2588 uuneupemur,
561 2554 639 2581 nobis
652 2555 828 2589 perspicuum
845 2553 891 2580 tict
902 2554 923 2580 si
935 2553 999 2587 quid

219 2606 316 2625 nomen
332 2598 444 2632 ipsuma
462 2597 571 2625 Christo
592 2598 737 2626 deductum
754 2598 892 2633 signiticet
910 2597 1000 2624 anim-

219 2644 404 2674 advertemus.
422 2647 452 2670 ut
469 2643 652 2678 intelligamus
673 2643 783 2678 quando
802 2643 923 2670 universi
947 2642 1001 2669 Do-

219 2689 323 2716 minum
340 2689 366 2716 in
386 2689 487 2716 nostris
507 2689 711 2723 precationibus
731 2689 782 2716 hac
798 2696 864 2716 voee
877 2688 1002 2716 nomina-

220 2742 292 2766 mus,
306 2741 387 2768 quam
404 2734 504 2762 animis
526 2735 630 2762 nostris
647 2735 786 2762 notionem
801 2734 1001 2768 concipiamus,

221 2782 268 2804 aut
284 2778 348 2812 quid
366 2786 412 2812 per
429 2779 479 2805 hoc
499 2787 597 2806 nomen
616 2779 768 2813 cogitantes
782 2783 844 2813 apte
857 2778 1002 2805 credamus

223 2825 311 2859 ipsum
333 2826 478 2860 appellare.
504 2824 531 2852 ld
547 2825 593 2852 ubi
617 2829 787 2859 compertum
810 2824 999 2856 habuerimus,

1051 1963 1191 1990 κοινωνίαν
1207 1965 1271 1999 ημῖν
1295 1963 1341 1990 τοῦ
1360 1964 1595 1999 προσκυνουμένου
1609 1963 1752 1998 ὀνόματος,
1768 1962 1840 1989 ὥστε

1052 2009 1124 2044 ἡμᾶς
1140 2009 1172 2035 ὲκ
1187 2009 1300 2044 μηδενος
1314 2009 1393 2036 ἄλλου
1409 2009 1464 2036 τῶν
1479 2009 1542 2044 περὶ
1559 2010 1632 2044 ἡμᾶς
1648 2009 1841 2045 ὀνομάζεσθαι,

1051 2055 1101 2081 κᾶν
1115 2054 1239 2086 πλούσιός
1254 2063 1296 2086 τις
1312 2054 1351 2081 ὢν
1362 2055 1441 2090 τύχῃ.
1456 2055 1501 2082 καὶ
1513 2055 1686 2090 εὐπατρίδης,
1705 2055 1757 2082 κᾶν
1776 2055 1840 2081 δυσ-

1052 2099 1133 2135 γενὴς
1196 2099 1213 2134 ἢ
1241 2099 1341 2134 πένης,
1355 2100 1402 2127 καὶ
1422 2100 1452 2132 ἐξ
1474 2099 1694 2135 ἐπιτηδευμάτων
1717 2099 1799 2126 τινῶν
1823 2100 1840 2135 ἢ

1051 2145 1214 2180 ἀξιωμάτων
1232 2145 1263 2172 τὸ
1282 2145 1420 2181 γνώριμον
1436 2145 1496 2182 ἔχῃ,
1520 2136 1628 2172 πάντων
1643 2145 1696 2172 τῶν
1711 2145 1840 2172 τοιούτων

1051 2191 1191 2226 ὀνομάτων
1203 2191 1369 2226 ἀργούντων,
1391 2191 1456 2226 μίαν
1470 2189 1540 2219 εἶναι
1553 2191 1649 2226 κυρίαν
1668 2191 1764 2226 κλῆσιν
1783 2192 1839 2222 τοῖς

1052 2238 1091 2269 εἰς
1105 2237 1185 2264 αὑτὸν
1210 2237 1406 2264 πεπιστευκόσι
1429 2237 1589 2272 δεδώρηται,
1613 2237 1645 2263 τὸ
1659 2237 1839 2271 Χριστιανοὺς

1051 2282 1240 2318 ὀνομάζεσθαι.
1263 2282 1371 2317 Ταύτης
1395 2282 1498 2309 ἄνωθεν
1527 2283 1593 2317 ἡμῖν
1619 2281 1839 2317 ἐπικυρωθείσης

1051 2327 1100 2361 τῆς
1121 2327 1246 2362 χάριτος,
1267 2326 1416 2360 ἀναγκαῖον
1437 2325 1470 2353 ἂν
1486 2326 1529 2360 εἴη
1543 2326 1649 2361 πρῶτον
1665 2325 1716 2360 τῆς
1735 2325 1838 2360 δωρεᾶς

1051 2374 1145 2408 νοῆσαι
1159 2372 1189 2398 τδ
1204 2371 1328 2406 μέγεθος,
1340 2371 1409 2398 ὥστε
1424 2371 1484 2398 κατ’
1496 2371 1574 2404 ἀξίαν
1588 2371 1786 2406 εύχαριστῆσαι
1799 2369 1838 2405 τῷ

1050 2416 1085 2442 τὰ
1095 2415 1244 2450 τηλικαῦτα
1253 2415 1440 2450 δωρησαμένῳ
1450 2414 1520 2450 Θεῷ.
1529 2415 1643 2441 Ἔπειτα
1655 2415 1684 2441 δὲ
1699 2414 1838 2446 τοιούτους

1051 2459 1162 2491 ἑαυτοὺς
1177 2460 1220 2486 διὰ
1235 2459 1281 2486 τοῦ
1294 2459 1351 2494 βίου
1370 2459 1466 2492 δεῖξαι,
1482 2457 1537 2486 οἷον
1552 2460 1676 2495 ἐπιζητεῖ
1691 2460 1707 2494 ἡ
1724 2459 1772 2486 τοῦ
1789 2468 1838 2494 με-

1051 2505 1132 2540 γάλου
1148 2505 1242 2532 τούτου
1261 2504 1393 2540 ὀνόματος
1405 2505 1528 2540 δύναμις.
1547 2505 1584 2531 Τὸ
1600 2505 1649 2540 μὲν
1660 2502 1706 2531 οὖν
1725 2504 1838 2539 μέγεθος

1052 2551 1102 2586 τῆς
1116 2551 1228 2586 δωρεᾶς,
1248 2547 1282 2585 ἦς
1296 2550 1340 2576 διὰ
1355 2549 1403 2576 τοῦ
1419 2549 1649 2585 συνονομασθῆναι
1663 2549 1701 2585 τῷ
1717 2549 1838 2584 Δεσπότῃ

1053 2597 1103 2631 τῆς
1124 2596 1196 2631 ζωῆς
1213 2595 1291 2630 ἡμῶν
1313 2594 1478 2630 ἠξιώθημεν,
1492 2595 1577 2626 οὓτως
1598 2595 1630 2622 ἂν
1644 2595 1748 2629 γένοιτο
1761 2595 1837 2629 δῆλον

1055 2643 1130 2678 ἡμῖν,
1141 2643 1165 2668 εὶ
1184 2641 1250 2668 αὐτὸ
1263 2641 1293 2667 τὸ
1308 2640 1507 2676 σημαινόμενον
1523 2640 1569 2667 τοῦ
1583 2641 1652 2667 κατὰ
1663 2640 1708 2666 τὸν
1722 2640 1836 2675 Χριστὸν

1054 2687 1183 2722 ὀνόματος
1203 2686 1390 2721 ὲπιγνοίημεν,
1410 2685 1480 2712 ὥστε
1495 2686 1621 2715 συνεῖναι,
1633 2686 1695 2711 ὅταν
1712 2686 1757 2711 διὰ
1775 2685 1836 2712 ταύ-
1866 2682 1872 2687 ’

1054 2743 1104 2769 της
1117 2734 1167 2768 τῆς
1180 2733 1271 2768 φωνῆς
1281 2733 1326 2759 τὸν
1338 2732 1385 2758 τοῦ
1403 2732 1502 2763 παντὸς
1514 2731 1616 2766 Κύριον
1630 2732 1658 2757 ὲν
1673 2733 1733 2763 ταῖς
1746 2731 1836 2765 εὐχαῖς

1056 2776 1302 2812 τιροοοειιιλιίψεοαΓ
1315 2777 1393 2802 ποίαν
1411 2777 1470 2807 ταῖς
1493 2775 1591 2810 ψυχαῖς
1616 2775 1694 2810 ἡμῶν
1717 2775 1835 2809 ἀναλαμ-

1054 2822 1170 2856 ϐάνομεν
1184 2821 1302 2854 ἔννοιαν,
1328 2821 1343 2855 ἣ
1360 2821 1384 2846 τί
1402 2821 1444 2847 διὰ
1463 2820 1509 2847 τοῦ
1524 2820 1654 2855 ὀνόματος
1669 2818 1763 2846 τούτου
1784 2827 1832 2845 κα-
