1922 3078
53 132 97 160 ,55

551 127 596 155 DE
615 127 796 156 PERFECTA
816 125 1014 154 CHRISTMNI
1032 125 1159 154 FORMA.

1617 123 1674 154 ΞΜ

54 188 207 220 ταιιοοῦντες,
225 186 346 218 εὐσεϐῶς
357 186 437 214 αὐτόν
449 186 638 213 ἐπικαλεῖσθαι
652 185 826 221 πιστεύομεν.

893 192 940 219 pso
960 185 1070 212 nomine
1091 187 1121 211 ut
1138 181 1273 218 magistro
1291 186 1318 209 ct
1340 181 1411 208 duce
1428 181 1462 208 ad
1482 181 1552 209 bene
1576 181 1675 209 beate-

60 233 171 260 Ἐπειδὰν
184 231 213 258 δὲ
226 231 304 258 τοῦτο
319 232 470 267 νοήσωμεν,
484 231 544 258 τότε
559 232 591 258 δι’
607 230 766 262 ἀκολούθου,
785 230 831 256 καὶ

56 280 116 310 οἵους
129 277 262 313 προσήκει
279 278 354 313 ἡμᾶς
364 278 408 304 διὰ
423 278 474 312 τῆς
488 277 553 313 περὶ
576 277 622 304 τὸν
639 277 696 312 βίον
715 275 831 311 σπουδῆς

56 323 243 358 ἐπιδειχθῆναι,
275 323 369 358 σαφῶς
387 323 586 359 μαθησόμεθα,
610 322 762 358 διδασκάλῳ
785 322 832 348 καὶ

56 369 132 404 ὁδηγῷ
144 368 211 404 πρὸς
228 368 275 395 τὸν
295 368 352 403 βίον
367 368 406 403 τῷ
423 368 536 404 ὀνόματι
562 367 709 404 χρώμενοι.
727 366 832 394 Οὐκοῦν

54 415 92 441 τὸν
110 414 181 448 ἅγιον
206 413 315 440 Παῦλον
343 413 410 448 πρὸς
431 413 464 440 τὰ
485 413 531 440 δύο
547 413 634 440 ταῦτα
656 412 832 448 καθηγεμόνα

57 460 205 494 ποιούμενοι,
223 459 434 494 ἀσφαλεστάτην
453 459 550 494 ἕξομεν
569 459 680 494 ὀδηγίαν
695 458 763 493 πρὸς
781 457 831 492 τὴν

55 507 99 532 τῶν
128 505 304 540 ζητουμένων
332 505 491 540 σαφήνειαν.
523 502 607 536 Οῦτος
631 503 685 539 γὰρ
714 503 831 538 μάλιστα

56 553 150 578 πάντων
162 550 296 586 ἀκριϐῶς,
320 551 368 578 καὶ
380 551 406 577 τί
423 551 520 578 ἐστινὸ
537 550 654 586 Χριστὸς
675 549 831 584 κατενόησε,

56 598 95 624 καὶ
112 594 162 623 οἷον
178 595 249 623 εἶναι
264 597 316 632 χρὴ
330 597 375 623 τὸν
392 596 627 632 ἐπονομαζόμενον
640 594 724 630 αὐτῷ,
747 593 781 620 δι’
794 590 832 621 ὧν

57 643 177 678 ἐποίησεν,
195 643 376 678 ὑφηγήσατο·
396 642 481 675 οὕτως
500 642 623 678 ἐναργῶς
645 641 725 668 αὑτὸν
744 649 831 676 μιμη-

57 690 167 723 σάμενος,
182 688 220 720 ὡς
235 689 267 716 ἐν
290 689 379 724 ἑαυτῷ
400 689 485 722 δεῖξαι
509 689 555 715 τὸν
578 687 674 715 ἑαυτοῦ
694 687 831 722 Δεσπότην

58 732 275 768 μεμορφωμένον,
304 732 348 759 διὰ
371 732 420 767 τῆς
444 732 644 767 ἀκριϐεστάτης
671 731 830 767 μιμήσεως,

58 778 258 814 μεταϐληθέντος
280 778 326 805 τοῦ
342 778 391 813 τῆς
404 778 494 813 ψυχῆς
509 777 592 804 αὐτοῦ
607 777 693 809 εἴδους
716 777 785 812 πρὸς
800 776 831 803 τὸ

58 824 227 859 πρωτότοκον,
237 824 277 855 ὡς
287 823 384 859 μηκέτι
395 823 501 850 Παῦλον
512 820 580 849 εἶναι
591 823 679 849 δοκεῖν
686 822 732 848 τὸν
741 821 831 854 ζῶντά

57 879 80 897 τε
91 870 131 896 καὶ
145 870 341 905 φθεγγόμενον,
359 869 415 896 ἀλλ’
432 869 511 896 αὐτὸν
530 869 575 896 τὸν
589 868 707 904 Χριστὸν
715 869 743 895 ὲν
756 867 830 902 αὐτῷ

59 917 107 951 ζῆν’
121 916 210 947 καθώς
224 925 309 951 φησιν
325 917 339 942 ὁ
359 916 440 948 καλὸς
463 915 516 942 τῶν
535 915 605 942 ἰδίων
621 914 732 949 ἀγαθῶν
755 914 832 940 ἐπαι-

60 962 182 996 σθόμενος,
199 962 241 988 ὅτι
262 971 272 988 α
294 963 326 989 Εἰ
340 961 453 997 δοκιμὴν
474 962 580 997 ζητεῖτε
599 961 646 987 τοῦ
660 961 689 987 ἐν
708 961 770 995 ἐμοὶ
786 960 842 986 λα-.

58 1008 152 1039 λοῦντος
161 1007 293 1043 Χριστοῦ.
312 1018 323 1034 ι
340 1009 409 1042 Καὶ,
423 1008 464 1035 ὅτι
477 1016 487 1034 ι
503 1007 547 1035 Ζῶ
562 1006 590 1034 δὲ
605 1005 660 1041 ἐγὼ
672 1006 722 1033 οὐκ
736 1005 786 1038 ἔτι,
798 1004 831 1040 ζῇ

58 1056 81 1082 δὲ
95 1056 119 1081 ἐν
132 1055 190 1090 ἐμοὶ
204 1054 334 1091 Χριστός.
354 1063 364 1080 ι
706 1082 710 1087 _

87 1096 163 1131 οὗτος
178 1097 224 1126 οὖν
239 1099 289 1126 τοῦ
305 1099 374 1126 κατὰ
390 1098 505 1135 Χριστὸν
521 1097 698 1134 ὀνομάζοντος
717 1096 833 1133 ἐγνώρι-

60 1155 97 1173 σεν
120 1147 181 1181 ἡμῖν
211 1145 242 1172 τὸ
271 1145 488 1180 σημαινόμενον,
517 1144 622 1175 εἰπὼν,
649 1144 690 1170 ὅτι
717 1143 833 1178 Χριστός

59 1193 107 1218 ἐστι
120 1191 182 1218 Θεοῦ
194 1191 311 1226 δύναμις
327 1191 373 1217 καὶ
389 1190 456 1217 Θεοῦ
472 1189 563 1224 σοφία,
580 1188 647 1216 ἀλλὰ
664 1188 711 1216 καὶ
723 1188 834 1223 εἰρήνην

59 1238 127 1264 αὐτὸν
140 1237 263 1270 ἐκάλεσε,
279 1237 326 1264 καὶ
338 1236 394 1271 φῶς
404 1235 561 1271 ἀπρόσιτον,
578 1236 606 1262 ὲν
616 1231 638 1269 ᾧ
648 1235 743 1261 οἰκεῖό
755 1233 840 1264 Θεὸς,·

60 1282 180 1317 ἁγιασμόν
197 1291 228 1309 τε
241 1267 292 1309 καὶ
311 1267 509 1316 ἀπολῦτρωσιν,
531 1267 663 1316 ἀρχιερέα
683 1288 713 1306 τε
735 1267 836 1314 μέγαν,

60 1330 99 1356 καὶ
111 1329 211 1363 Πάσχα,
236 1328 393 1363 ἱλαστήριον
415 1327 519 1362 ψυχῶν,
547 1326 717 1361 ἀπαύγασμα
744 1324 833 1360 δόξης,

59 1376 206 1411 χαρακτῆρα
219 1375 407 1407 ὑποστάσεως,
423 1375 470 1401 καὶ
481 1373 594 1408 ποιητὴν
604 1372 719 1403 αἰώνων,
737 1371 835 1407 βρῶμα

60 1421 228 1458 πνευματικὸν
246 1421 295 1447 καὶ
316 1420 408 1455 πόμα,
431 1420 478 1447 καὶ
497 1419 610 1455 πέτραν,
626 1418 673 1445 καὶ
688 1417 770 1453 ὕδωρ,
792 1417 836 1443 θε-

61 1467 141 1501 μέλιον
156 1467 287 1499 πίστεως,
303 1466 349 1491 καὶ
371 1465 471 1499 γωνίας
493 1464 622 1499 κεφαλὴν,
641 1463 688 1490 καὶ
707 1462 774 1489 Θεοῦ
787 1461 835 1488 τοῦ

60 1514 161 1549 ἀοράτου
186 1512 296 1544 εἰκόνα,
321 1511 368 1538 καὶ
385 1511 472 1546 μέγαν
495 1510 571 1543 Θεὸν,
596 1509 716 1544 κεφαλήν
740 1517 770 1534 τε
786 1507 833 1534 τοῦ

60 1560 101 1594 τῆς
121 1559 283 1593 Ἐκκλησὶας
308 1557 442 1593 σώματος,
462 1556 510 1583 καὶ
528 1555 577 1590 τῆς
599 1555 696 1589 καινῆς
719 1554 834 1585 κτίσεως

62 1605 231 1641 πρωτότοκον,
249 1604 299 1630 καὶ
317 1602 443 1638 ἀπαρχὴν
457 1601 511 1628 τῶν
528 1600 746 1636 κεκοιμημένων,
761 1608 837 1633 πρω-

61 1651 157 1676 τότοκον
167 1651 198 1676 ἐκ
211 1649 331 1685 νεκρῶν,
346 1648 392 1675 καὶ
408 1647 580 1683 πρωτότοκον
597 1647 625 1672 ὲν
639 1645 745 1676 πολλοῖς
760 1644 837 1671 ἀδελ-

62 1697 122 1731 φοῖς,
146 1696 190 1722 καὶ
219 1694 336 1730 μεσίτην
357 1693 426 1720 Θεοῦ
451 1692 498 1719 καὶ
520 1691 687 1728 ἀνθρώπων,
710 1690 757 1718 καὶ
773 1690 836 1716 Υἱὺν

63 1742 179 1776 μονογενῆ
195 1741 262 1776 δόξῃ
274 1740 321 1766 καὶ
339 1740 404 1774 τιμῇ
424 1737 656 1772 ἐστεφανωμένον,
673 1736 722 1763 καὶ
736 1735 838 1770 Κύριον

62 1788 104 1822 τῆς
121 1788 203 1823 δόξης.
217 1787 269 1814 καὶ
281 1785 367 1821 ἀρχὴν
382 1785 436 1811 τῶν
448 1785 532 1811 ὄντων
553 1783 655 1818 (οὕτως
673 1782 758 1809 είπὼν
773 1781 838 1816 περὶ

63 1834 150 1860 αὐτοῦ·
175 1834 224 1865 ’⁸ος
253 1833 328 1859 ἐστιν
354 1831 461 1867 ἀρχὴ),
489 1829 600 1865 βασιλέα
620 1838 650 1855 τε
667 1828 839 1863 δικαιοσύνης

63 1880 123 1915 πρὸς
143 1879 263 1911 τούτοις,
288 1877 399 1913 βασιλέα
422 1877 550 1911 εἰρήνης,
573 1875 620 1901 καὶ
644 1874 756 1909 βασιλέα
784 1874 839 1901 τῶν

63 1926 191 1957 ἁπάντων,
213 1924 420 1960 ἀπερίγραπτον
450 1922 544 1956 ἔχοντα
569 1922 619 1956 τῆς
646 1920 782 1956 βασιλείας
809 1919 840 1946 τὸ

65 1972 162 2006 κράτος.
179 1971 235 1997 Καὶ
261 1969 330 1996 ἄλλα
352 1968 463 1995 τοιαῦτα
480 1966 578 1999 πολλὰ,
601 1963 638 1993 ὧν
662 1966 712 1992 οὐκ
736 1964 841 1991 ἔστιτὸ

65 2017 155 2052 πλῆθος
177 2015 277 2051 ῥᾳδίως
295 2012 525 2049 ἐξαριθμήσασθαι
538 2021 544 2027 -
572 2012 643 2047 ἅπερ
669 2011 757 2038 πάντα
779 2019 841 2037 συν-

65 2062 164 2088 τεθέντα
186 2061 253 2096 πρὺς
267 2059 380 2094 ἄλληλα,
399 2059 448 2094 τῆς
471 2058 586 2084 ἑκάστου
609 2057 663 2083 τῶν
689 2055 841 2091 ἐπωνύμων

65 2108 187 2138 διανοίας.
202 2107 233 2133 τὺ
252 2106 318 2140 παρ’
341 2105 438 2140 ἑαυτῆς
456 2105 495 2135 εἰς
510 2103 622 2135 ἔνδειξιν
644 2101 691 2129 τοῦ
709 2110 842 2137 σημαινο-

67 2154 137 2188 μένου
153 2151 398 2187 συνεισφερούσης.
415 2149 533 2186 ἔμφασιν
554 2157 615 2176 τινα
629 2148 679 2182 τῆς
702 2146 841 2182 σημασίας

882 238 935 266 que.
950 230 1096 257 vivendum
1123 232 1241 260 utentes.
1260 234 1321 262 qua:
1336 227 1416 254 nobis
1433 226 1497 253 vitae
1512 227 1602 254 studia
1625 234 1671 254 se-

883 276 990 312 quenda
1018 275 1084 308 sint,
1108 274 1188 302 facile
1206 280 1417 309 cognoscemus.
1441 272 1481 300 Ad
1506 272 1564 299 hmc
1579 276 1673 299 autem

882 323 937 350 duo
950 330 1010 357 qua:
1024 322 1222 356 investigamus
1239 318 1413 355 percipienda
1428 318 1596 345 tutissimum
1610 318 1671 344 adi-

882 375 939 397 tum
953 369 1124 401 habebimus,
1141 369 1164 396 si
1181 368 1261 395 nobis
1275 366 1305 394 D.
1323 366 1438 393 Paulum
1455 365 1558 393 itineris
1571 364 1671 392 ducem

883 415 1120 452 proposuerimus.
1146 414 1196 441 llic
1211 414 1284 442 enim
1303 413 1421 440 maxime
1438 412 1560 439 omnium
1577 411 1670 446 exqui-

882 463 950 494 site,
976 466 1003 488 et
1026 461 1072 496 qui
1095 460 1223 488 Christus
1258 459 1295 486 sit
1318 458 1414 491 novit,
1433 462 1459 485 et
1479 457 1587 492 qualem
1608 464 1671 484 esse

881 511 1016 542 oporteat,
1034 507 1081 541 qui
1109 507 1144 533 ab
1168 514 1201 533 eo
1225 512 1326 532 nomen
1355 504 1473 539 accepit,
1499 511 1533 530 ex
1557 502 1591 530 iis
1608 510 1670 536 quae

882 553 967 588 gessit
987 553 1056 588 ipse,
1079 551 1229 579 declaravit
1247 560 1254 578 :
1269 558 1333 578 nam
1349 550 1417 577 adeo
1440 551 1568 576 accurate
1592 547 1669 574 illum

881 599 1005 626 imitatus
1025 602 1078 631 est,
1096 602 1125 625 ut
1141 598 1168 624 in
1188 605 1218 625 se
1233 597 1376 624 Dominum
1398 603 1487 631 ipsum
1509 600 1668 629 expressum

881 643 1045 676 ostenderit,
1076 643 1179 678 quippe
1201 642 1248 676 qui
1272 640 1484 675 diligentissima
1515 638 1670 665 imitatione

882 690 996 717 formam
1024 689 1110 716 animi
1131 689 1174 716 sui
1193 689 1230 715 ita
1257 686 1401 714 transtulit
1424 686 1452 712 in
1473 686 1562 720 ipsum
1576 686 1680 711 exem-‘

881 735 952 770 plar,
969 740 1065 762 utnon
1081 734 1210 769 amplius,
1226 733 1273 768 qui
1293 731 1467 767 loquebatur,
1489 729 1599 760 Paulus,
1621 727 1669 755 sed

881 779 1009 808 Christus
1035 787 1098 808 esse
1127 779 1277 812 videretur,
1302 775 1530 813 quemadmodum
1555 775 1669 809 ipsemet

882 826 960 857 dicit,
976 825 1022 860 qui
1045 825 1155 860 propria
1175 825 1246 853 bona
1261 821 1531 859 pulchre-sentiebat
1547 829 1554 847 τ
1572 828 1581 845 ι
1596 818 1669 851 Quo-

885 872 958 899 niam
972 872 1198 906 expcrimcntum,
1216 880 1225 896 ι
1244 870 1331 904 inquit
1344 870 1364 900 ',
1384 877 1393 893 ι
1411 867 1533 902 qumritis
1547 864 1609 899 ejus
1621 863 1669 898 qui

883 918 911 945 in
935 925 978 944 me
1003 917 1123 952 loquitur
1146 916 1283 944 Christus.
1303 924 1311 940 ι
1345 913 1388 944 Et,
1416 922 1425 938 ι
1446 911 1512 939 Vivo
1538 917 1588 945 ego
1609 909 1668 943 jam

882 971 937 991 non
951 971 1012 999 ego,
1029 963 1095 990 vivit
1116 965 1205 990 autem
1225 960 1252 988 in
1273 968 1317 987 me
1332 958 1493 986 Christus’.
1514 967 1523 983 ι

920 1097 969 1125 Hic
983 1096 1064 1132 igitur
1080 1093 1161 1122 nobis
1175 1095 1202 1121 et
1225 1098 1308 1127 quam
1329 1089 1384 1117 vim
1402 1095 1501 1116 nomen
1521 1087 1574 1114 hoc
1588 1086 1668 1114 Chri-

885 1149 944 1172 stus
963 1143 1063 1169 habeat
1080 1138 1229 1176 patefecit,
1251 1144 1314 1164 eum
1330 1135 1433 1163 diceret
1450 1133 1590 1161 Christum
1607 1139 1669 1159 esse

885 1191 932 1217 Dei
949 1189 1079 1216 virtutem
1092 1191 1119 1214 et
1138 1185 1185 1213 Dei
1203 1182 1376 1218 sapientiam,
1394 1187 1512 1214 cumque
1527 1183 1554 1207 et
1574 1185 1669 1213 pacem

884 1237 973 1270 ipsum
990 1233 1146 1262 nominaret
1163 1235 1190 1258 et
1212 1230 1302 1256 lucem
1323 1225 1554 1257 inacccssibilcm,
1570 1224 1597 1250 in
1615 1230 1672 1258 qua

885 1279 958 1308 Deus
974 1278 1119 1308 inhabitat,
1134 1274 1328 1311 expiationem,
1346 1276 1374 1300 et
1394 1271 1621 1305 redemptionem,
1643 1272 1672 1295 et

884 1325 1052 1354 sacerdotem
1072 1329 1214 1358 magnum,
1230 1325 1257 1349 et
1269 1320 1388 1349 Pascha.
1404 1322 1430 1346 et
1448 1317 1672 1353 propitiationcm

885 1371 1048 1400 animarum,
1058 1367 1231 1403 splendorem
1241 1365 1334 1401 gloriae
1342 1368 1369 1392 et
1378 1363 1490 1399 ﬁguram
1500 1360 1670 1391 substantiae,

884 1422 911 1444 et
924 1415 1078 1444 effectorem
1094 1413 1267 1444 seculorum,
1282 1411 1372 1438 cibum
1389 1416 1421 1436 ac
1435 1412 1528 1443 potum
1543 1406 1673 1442 spiritua-

885 1464 949 1494 lcm,
964 1465 1068 1497 petram
1079 1463 1105 1487 et
1118 1465 1227 1494 aquam,
1237 1456 1445 1484 fundamentum
1458 1453 1531 1484 ﬁdei,
1544 1457 1571 1480 et
1579 1450 1673 1486 anguli

886 1496 978 1543 caput,
989 1510 1016 1534 et
1025 1505 1072 1533 Dei
1082 1503 1226 1532 invisibilis
1239 1502 1394 1536 imaginem,
1404 1504 1430 1527 ct
1440 1505 1566 1533 magnum
1577 1496 1672 1528 Deum,

887 1550 1096 1588 caputcorporis
1103 1548 1242 1579 Ecclesiae,
1250 1551 1277 1574 et
1285 1553 1361 1573 nova:
1372 1549 1504 1573 creaturae
1511 1541 1673 1578 primogeni-

887 1587 956 1630 tum,
969 1601 996 1625 et
1008 1595 1143 1632 primitias
1151 1599 1244 1621 eorum
1255 1591 1300 1626 qui
1309 1589 1489 1620 dormierunt,
1503 1591 1530 1615 et
1539 1587 1674 1621 primoge-

887 1644 974 1670 nitum
984 1650 1016 1669 ex
1026 1640 1152 1672 mortuis,
1162 1643 1189 1667 et
1199 1635 1410 1674 primogenitum
1426 1634 1453 1661 in
1469 1632 1562 1660 multis
1579 1630 1673 1658 fratri-

887 1689 949 1720 bus,
960 1692 986 1715 ct
995 1686 1169 1714 mediatorem
1181 1684 1228 1712 Dei
1237 1688 1264 1711 et
1275 1682 1427 1713 hominum,
1438 1683 1465 1707 et
1472 1678 1571 1705 Filium
1581 1676 1675 1711 unige-

888 1735 975 1762 nitum
997 1733 1083 1769 gloria
1106 1735 1134 1759 et
1158 1731 1264 1757 horrore
1282 1730 1454 1757 coronatum,
1483 1729 1510 1752 et
1529 1723 1675 1750 Dominum

888 1781 991 1817 gloriae,
1003 1768 1033 1807 et
1047 1785 1140 1806 rerum
1160 1775 1336 1812 principium,
1353 1776 1379 1800 et
1395 1779 1485 1807 regem
1501 1769 1625 1805 iustitiae,
1641 1768 1675 1794 ad

889 1829 948 1856 haec
962 1831 989 1855 et
1009 1832 1100 1861 regem
1116 1824 1204 1859 pacis,
1218 1826 1246 1850 et
1266 1829 1356 1857 regem
1380 1819 1514 1851 omnium,
1531 1816 1676 1852 imperium

890 1873 966 1910 regni
990 1872 1075 1900 nullis
1094 1869 1219 1898 terminis
1237 1867 1478 1901 circumscriptum
1496 1863 1674 1891 obtinentem.

885 1906 939 1955 ιιιέ
958 1923 984 1946 et.
1008 1916 1070 1944 aliis
1090 1915 1117 1943 id
1138 1922 1224 1950 genus
1252 1912 1410 1940 nominibus
1435 1917 1497 1938 eum
1521 1906 1677 1943 appellavit,

891 1972 952 1999 quae
971 1967 1027 1990 tam
1044 1962 1130 1989 multa
1153 1963 1217 1988 sunt
1232 1963 1262 1986 ut
1283 1965 1339 1993 prae
1354 1955 1527 1984 multitudine
1548 1952 1618 1980 haud
1636 1951 1677 1977 fa-

891 2010 943 2037 cile
965 2014 1081 2036 numero
1107 2003 1302 2041 comprehendi
1329 2001 1446 2037 possint.
1475 2000 1540 2032 Qua:
1567 1996 1677 2032 quidem

892 2055 982 2083 omnia
997 2054 1020 2082 si
1039 2054 1109 2081 inter
1123 2059 1152 2079 se
1164 2053 1373 2085 componantur,
1390 2052 1417 2075 et
1433 2045 1602 2080 singulorum
1620 2041 1677 2068 col-

891 2102 1012 2136 ligantur
1041 2097 1274 2134 signiﬁcationes,
1303 2093 1456 2120 mirabilem
1487 2089 1566 2117 nobis
1596 2088 1679 2122 hujus

893 2146 1013 2174 nominis
1035 2133 1136 2171 Christi
1154 2142 1208 2168 vim
1229 2139 1363 2175 aperient.
1389 2140 1417 2164 et
1432 2134 1584 2170 majestatis
1606 2133 1678 2160 illius

66 2179 106 2225 τοῦ
129 2199 196 2225 κατὰ
226 2179 346 2233 Χριστὸν
362 2179 505 2231 lautitia-to;
530 2195 596 2230 ἡμῖν
625 2179 750 2229 summi,
780 2193 837 2220 ὅσοι

894 2200 955 2228 qua:
978 2191 1069 2219 verbis
1094 2187 1225 2223 explicari
1257 2185 1364 2220 nequit,
1390 2187 1495 2210 tantum
1523 2179 1680 2211 ostendent,

66 2244 195 2279 χωροῦμεν
220 2244 255 2278 τῇ
283 2243 355 2278 ψυχῇ
379 2241 558 2276 κατανοῆσαι,
585 2239 711 2266 τοσοῦτον
735 2238 769 2265 τὰ
792 2238 843 2271 τῆς

68 2290 195 2325 depictos
212 2288 421 2324 μεγαλειότητος
437 2287 501 2322 ἡμῖν
522 2283 843 2319 ἐνδεικνύμενα.Ἔπειδὴ

67 2336 146 2362 τοίνυν
161 2335 251 2370 πάσης
277 2333 355 2365 ἀξίας
373 2341 403 2358 τε
420 2332 467 2358 καὶ
487 2331 611 2363 ἐξουσίας
627 2330 674 2356 καὶ
687 2328 844 2360 δυναστείας

69 2383 214 2417 ὑπέρκειται
233 2381 266 2407 τὸ
283 2380 332 2414 τῆς
353 2378 488 2414 βασιλείας
501 2377 619 2411 ἀξίωμα,
634 2377 667 2411 τῇ
680 2375 707 2401 δὲ
721 2375 767 2401 τοῦ
779 2375 846 2410 Χρι-

69 2426 124 2452 στοῦ
145 2424 316 2461 προσηγορίᾳ
334 2423 434 2458 κυρίως
454 2421 500 2448 καὶ
523 2420 637 2456 πρώτως
658 2419 689 2445 τὸ
709 2419 846 2453 βασιλικὸν

69 2471 266 2506 διασημαίνεται
292 2468 392 2504 κράτος
414 2467 579 2502 (προηγεῖτο
605 2465 673 2500 γὰρ,
702 2464 793 2495 καθὼς
818 2465 847 2489 ὲν

69 2518 120 2546 ταῖς
142 2516 271 2551 ἱστορίαις
294 2513 441 2549 ἐμάθομεν,
466 2512 516 2546 τῆς
543 2510 679 2545 βασιλείας
700 2511 716 2544 ἡ
736 2509 847 2544 χρίσις),

70 2562 98 2595 τῇ
111 2561 136 2587 δὲ
154 2560 276 2596 βασιλείᾳ
292 2560 366 2585 πᾶσα
378 2559 394 2592 ἡ
410 2557 464 2583 τῶν
479 2555 579 2582 λοιπῶν
596 2555 788 2590 ἐμπεριέχεται
801 2553 846 2580 δύ-

70 2615 158 2640 ναμις,
174 2606 268 2633 τούτου
282 2605 363 2640 χάριν
379 2604 393 2629 ὁ
409 2603 443 2630 τὰ
461 2601 641 2638 περιεχόμενα
657 2601 827 2635 κατανοήσας
839 2619 847 2631 ,

71 2651 112 2677 καὶ
128 2652 174 2686 τὴν
195 2649 372 2686 περιεκτικὴν
386 2648 440 2675 τῶν
461 2647 531 2674 κατὰ
550 2647 630 2682 μέρος
647 2646 846 2680 συγκατενόησε

71 2696 184 2731 δύναμιν.
204 2696 278 2730 Λῦτη
296 2695 324 2721 δέ
346 2695 419 2720 ἐστιν
437 2695 453 2727 ἡ
471 2693 609 2728 βασιλεία,
635 2690 668 2727 ἧς
684 2692 846 2718 ἐνδεικτικὸν

73 2740 148 2775 hope.
170 2741 249 2776 ἢτοῦ
270 2739 387 2775 Χριστοῦ
410 2739 503 2773 κλῆσίς
527 2739 600 2764 ἐστιν
629 2737 732 2764 Οὐκοῦν
755 2737 846 2763 ἐπειδὴ

107 2828 146 2856 ‘ll
162 2829 224 2855 (Ἴθι.
247 2836 305 2859 χιιι,
321 2828 348 2854 5.
396 2829 405 2843 ¹
423 2827 508 2857 Galat.
526 2833 555 2857 tt,
567 2825 613 2852 το.

895 2242 1027 2274 quantum
1046 2234 1146 2263 animis
1166 2237 1193 2261 et
1207 2231 1372 2267 cogitatione
1392 2235 1489 2264 capere
1503 2226 1679 2254 valuerimus.

896 2284 1009 2315 Verum,
1040 2280 1169 2316 quoniam
1193 2277 1267 2305 omni
1289 2275 1424 2311 dignitati,
1449 2277 1476 2300 et
1495 2271 1633 2307 potentia,
1656 2275 1680 2296 et

896 2315 1061 2364 principatui
1086 2325 1160 2359 regia
1177 2322 1307 2358 praecellit
1325 2318 1486 2354 amplitudo,
1512 2315 1614 2344 Christi
1635 2322 1679 2341 au-

897 2381 949 2402 tem
966 2372 1077 2400 nomine
1092 2370 1197 2405 regium
1213 2367 1384 2403 significatur
1401 2362 1545 2398 imperium
1565 2364 1638 2395 (nam
1654 2362 1680 2386 ut

897 2429 930 2448 ex
950 2417 1125 2446 historiarum
1147 2414 1226 2441 libris
1248 2411 1411 2442 didicimus,
1431 2408 1507 2443 prius
1528 2410 1680 2441 unguntur,

898 2465 944 2500 qui
963 2463 1048 2492 futuri
1076 2465 1140 2490 sunt
1163 2459 1272 2494 reges),
1293 2463 1377 2491 regno
1400 2458 1490 2482 autem
1514 2451 1604 2479 omnis
1621 2450 1680 2476 reli-

899 2517 1015 2546 quorum
1030 2507 1172 2535 nominum
1191 2505 1232 2532 vis
1249 2503 1423 2532 continetur;
1445 2507 1478 2526 eo
1494 2498 1522 2525 (it
1545 2501 1575 2524 ut
1589 2496 1635 2530 qui
1651 2502 1681 2521 ea
1710 2514 1714 2517 .

899 2563 960 2591 qtne
974 2552 1241 2588 comprehenduntur
1261 2547 1414 2584 cognoscit,
1432 2544 1513 2573 simul
1534 2543 1615 2570 etiam
1633 2540 1678 2566 illa

900 2589 1124 2634 complectentem
1149 2595 1283 2629 intelligat
1302 2595 1474 2628 potestatem.
1508 2589 1565 2615 lloc
1591 2589 1682 2612 autem

901 2629 1013 2681 regnum
1031 2649 1083 2676 est,
1103 2641 1176 2677 quod
1198 2640 1307 2676 quidem
1327 2644 1441 2673 regnum
1467 2633 1569 2661 Christi
1591 2629 1683 2680 appel-

902 2693 1002 2719 latione
1017 2690 1163 2717 indieatur;
1180 2685 1361 2719 Quamobrem
1379 2689 1441 2709 cum
1461 2679 1581 2707 omnium
1595 2674 1682 2702 maxi-

903 2744 974 2764 mum
992 2740 1018 2764 et
1035 2733 1246 2764 divinissimum,
1269 2734 1296 2758 ct
1317 2728 1433 2764 primum
1457 2730 1553 2752 nomen
1576 2718 1683 2747 Domini
