1922 3078
205 61 254 89 259

820 52 849 79 S.
868 52 1031 80 GREGORII
1051 51 1197 80 NYSSENI

1779 44 1838 74 9.(ὶῦ

205 121 279 153 parte
300 115 411 143 malitia:
426 113 565 149 capimus,
580 115 686 139 tantum
712 118 745 138 ex
769 111 855 138 altera
877 111 989 138 virtutis

1053 111 1094 138 Γοῦ
1115 113 1169 148 γὰρ
1188 109 1422 146 περιδραξαμένου
1438 108 1488 143 τῆς
1509 106 1608 138 κακίας
1621 126 1628 137 ,
1641 107 1660 141 ἢ
1678 106 1767 140 ἀρετὴ
1784 107 1840 140 τῆς

205 162 366 190 amittimus.
390 159 461 191 Sed,
485 163 516 186 ut
531 166 565 186 eo
583 158 655 185 unde
674 157 799 192 digressa
822 160 865 184 est
877 177 884 189 ,
899 164 990 184 rever-

206 213 278 235 tatur
293 207 398 239 oratio,
413 213 468 233 una
482 209 525 233 est
539 204 573 231 ad
590 210 685 238 puram
699 202 876 237 divinamque
889 202 970 228 vitam
982 222 989 233 ,

206 254 333 281 virtutem
347 251 504 279 amantibus
518 251 610 281 via,ut
623 251 792 284 cognoscant
808 247 875 282 quid
888 246 991 274 Christi

207 298 367 326 vocabulum
383 296 519 332 signiﬁcet
529 317 537 329 ,
551 295 632 330 eique
646 293 754 321 vivendi
770 293 904 320 rationem
918 299 950 319 ex
967 293 990 319 vi

207 348 365 372 sanctorum
386 343 530 370 nominum
547 341 650 368 virtute
665 339 812 374 expolitam
830 343 858 366 et
878 338 993 365 concin-

203 397 271 417 nam
297 387 520 416 accommodent.
547 385 724 420 Quacunque
746 384 830 418 igitur
855 383 936 411 verba
958 390 993 410 ex

207 439 304 463 sancta
317 434 393 461 Pauli
406 433 531 461 doctrina
544 431 645 460 Christi
660 430 887 466 signiﬁcationem
905 428 992 463 expli-

209 481 298 508 cantia
311 480 446 507 orationis
461 479 540 506 initio
554 478 744 505 recensuimus
758 497 765 510 ,
781 483 813 504 ea
827 476 849 503 si
862 475 941 502 nobis
956 475 993 501 ita

211 533 398 561 proponamus
410 546 416 557 ,
432 528 462 552 ut
477 524 575 559 partim
587 544 594 557 ,
611 523 841 559 quemadmodum
855 521 991 552 diximus,

211 572 360 602 imitemur,
379 570 478 605 partim
499 569 641 601 colamus,
663 568 831 596 tutissimum
853 567 934 594 nobis
960 566 994 593 ad

212 617 282 643 bene
297 616 429 650 beateque
445 613 589 642 vivendum
607 614 709 641 aditum
724 613 891 640 muniemus.
904 613 925 639 A
942 612 995 647 pri-

211 661 263 688 mis
278 661 369 696 igitur,
381 668 442 688 eum
458 663 598 687 servantes
612 659 735 687 ordinem
746 679 753 692 ,
764 666 842 693 quem
855 659 940 686 series
953 665 995 684 eos

211 715 282 739 rm),
297 714 356 741 qua:
368 706 422 740 jam
435 705 664 736 enumeravimus,
677 705 806 739 suggerit.
817 703 992 738 incipiamus:

207 751 337 779 Christus
353 751 398 778 Dei
413 751 500 778 virtus
516 754 542 778 et
557 751 691 785 sapientia
708 750 728 776 ⁸.
745 749 783 775 Ex
802 749 844 776 his
861 749 995 776 discimus

212 803 243 823 ea
258 802 318 830 qua:
333 795 468 822 divinitati
484 795 667 826 conveniunt,
678 802 711 821 ex
723 794 822 829 quibus
832 793 933 820 Christi
947 802 996 820 no-
1013 785 1033 811 Β

209 848 274 868 men
294 840 373 867 nobis
393 840 576 868 venerandum
596 839 720 866 ellicitur.
745 839 851 866 Etenim
871 838 933 874 quia
952 847 996 866 res

213 893 320 918 omnes,
333 894 394 920 quze
409 886 449 913 vel
464 893 546 912 sensu
562 885 761 920 percipiuntur,
779 885 820 912 vel
837 892 935 913 sensus
951 893 997 912 su-

213 936 308 967 perant
323 932 504 967 cognitionem
515 951 523 964 ,
540 939 588 966 per
603 931 692 966 ipsum
708 931 811 958 ed‘eclte
827 935 906 963 sunt,
925 936 952 958 et
969 932 996 959 in

213 978 274 1013 ipso
288 978 452 1010 consistunt,
462 977 617 1005 necessario
631 977 664 1004 ad
680 977 862 1004 deﬁniendum
879 977 998 1005 nominis

213 1023 301 1054 illius,
323 1023 368 1058 qui
385 1028 482 1050 cuncta
500 1023 672 1058 procreavit,
689 1022 933 1058 signiﬁcationem,
952 1031 997 1050 sa-

214 1068 316 1103 pientia
330 1073 357 1096 et
369 1069 456 1096 virtus
472 1069 683 1103 conjunguntur.
699 1067 766 1095 Nam
783 1076 817 1096 ex
836 1069 942 1096 duabus
956 1068 998 1095 his

213 1114 327 1141 vocibus
347 1114 384 1141 ita
400 1115 535 1149 copulatis
556 1114 581 1141 id
603 1114 799 1149 intelligimus;
821 1122 909 1148 neque
925 1114 997 1141 enim

214 1164 305 1187 essent
325 1159 382 1187 haec
402 1167 498 1194 magna
519 1163 546 1186 et
567 1167 628 1193 qua:
647 1159 721 1186 nulla
746 1159 851 1186 ratione
867 1158 999 1193 explicari

214 1208 329 1238 possunt
351 1208 539 1230 creaturarum
564 1203 716 1235 miracula,
738 1203 791 1230 nisi
814 1207 841 1231 et
864 1203 998 1238 sapientia

214 1257 309 1277 eorum
324 1249 542 1284 procreationem
557 1249 759 1284 excogitasset,
776 1253 803 1276 et
819 1249 906 1276 virtus
919 1269 926 1280 ,
940 1255 1000 1283 qua!

214 1303 264 1331 per
287 1296 451 1331 sapientiam
478 1295 632 1330 excogitata
659 1294 786 1328 fuerant,
813 1294 1000 1326 confecisset;

216 1350 265 1377 per
287 1342 414 1369 virtutem
440 1341 514 1369 enim
539 1341 628 1376 ipsius
653 1341 795 1376 sapientim
819 1340 1002 1376 cogitationes

215 1395 298 1422 opera
313 1392 388 1415 sunt.

1041 158 1124 192 λαόἧς
1153 157 1343 192 ὲξωλίσοησεν.
1370 153 1474 181 Οὐκοῦν
1501 153 1582 180 πάλιν
1609 152 1654 178 τὸν
1683 151 1712 184 ἐξ
1744 151 1840 186 ἀρχῆς

1042 203 1221 238 ἀναλάϐωμεν
1235 201 1324 236 λόγον,
1337 201 1378 227 ὃτι
1397 199 1445 234 μία
1461 198 1528 233 πρὸς
1544 197 1593 232 τὴν
1606 197 1729 232 καθαράν
1741 205 1771 222 τε
1789 197 1841 222 καὶ

1042 247 1117 275 θείαν
1129 248 1202 283 ζωήν
1219 247 1278 273 ἐστι
1299 246 1354 276 τοῖς
1379 243 1533 279 φιλαρέτοις
1548 242 1617 274 ὁδὸς,
1630 241 1733 276 γνῶναι
1745 241 1771 267 τί
1788 249 1842 274 ση-

1044 293 1133 329 μαίνει
1148 292 1195 320 τοῦ
1216 291 1335 327 Χριστοῦ
1350 290 1381 317 τὸ
1406 290 1492 324 ὄνομα
1504 308 1511 320 ,
1528 285 1550 322 ᾧ
1566 288 1619 323 χρὴ
1638 288 1685 314 καὶ
1701 287 1748 313 τὸν
1769 287 1843 322 ἡμέ-

1042 346 1121 373 τερον
1134 336 1367 372 συμμορφωθῆναι
1384 335 1451 370 βίον,
1468 334 1512 361 διὰ
1525 334 1576 368 τῆς
1591 334 1646 360 τῶν
1656 332 1759 359 λοιπῶν
1776 332 1842 358 ὀνο-

1045 383 1137 419 μάτων
1173 382 1318 417 ὲμφάσεως
1343 381 1384 412 εἰς
1407 379 1506 416 ἀρετὴν
1536 377 1744 414 ρυθμιζόμενον.
1763 377 1842 403 Ὅσα

1043 429 1132 456 τοίνυν
1146 429 1176 456 ὲν
1198 429 1255 460 τοῖς
1273 427 1427 462 προοιμίοις
1449 425 1495 452 τοῦ
1509 425 1588 460 λόγου
1606 425 1716 460 ῥήματά
1739 432 1770 450 τε
1791 423 1843 449 καὶ

1044 475 1163 510 ὀνόματα
1173 473 1249 509 παρὰ
1267 473 1317 508 τῆς
1343 472 1425 506 ἁγίας
1439 471 1486 498 τοῦ
1509 470 1614 497 Παύλου
1639 470 1730 504 φωνῆς
1745 469 1842 504 ἑρμη-

1045 520 1155 548 νευτικὰ
1178 520 1227 555 τῆς
1243 519 1288 546 τοῦ
1305 517 1422 554 Χριστοῦ
1449 517 1586 552 σημασίας
1613 515 1840 550 συνελεξάμεθσ..

1044 568 1132 596 ταῦτα
1157 566 1304 603 προθέντες
1320 567 1359 597 εἰς
1382 566 1432 600 τὴν
1456 564 1640 600 προκειμένην
1665 564 1731 599 ἡμῖν
1749 572 1842 589 σπου-

1045 615 1102 650 δὴν,
1115 612 1322 649 ἀσφαλεστάτην
1337 611 1447 646 ὁδηγίαν
1460 611 1499 642 εἰς
1514 610 1560 636 τὸν
1574 610 1630 645 βίον
1642 609 1686 636 τὸν
1695 609 1756 636 κατ’
1768 609 1838 644 ἀρε-

1046 660 1094 695 τὴν
1109 658 1288 695 ποιησόμεθα,
1302 657 1338 684 τὰ
1365 658 1415 691 μὲν
1437 656 1610 692 μιμούμενοι,
1627 655 1718 687 καθὼς
1737 655 1766 681 έν
1780 655 1842 686 τοῖς

1047 705 1181 740 φθάσασιν
1197 704 1316 740 εἴρηται,
1327 703 1361 730 τὰ
1373 703 1403 729 δὲ
1425 700 1640 737 προσκυνοῦντες
1661 700 1710 727 καὶ
1724 699 1842 731 σεϐαζὸἀ

1049 761 1135 788 μενοι.
1151 750 1274 778 Γενέσθω
1295 749 1324 776 δὲ
1340 749 1406 784 ἡμῖν
1417 748 1494 781 τάξις
1516 747 1570 774 τῶν
1587 746 1739 782 εἰρημένων
1752 746 1770 781 ή
1785 746 1842 772 ἀπ-

1048 798 1205 833 αρίθμησις.
1220 795 1324 823 Οὐκοῦν
1338 795 1393 822 ἀπὸ
1407 794 1461 821 τῶν
1475 793 1590 829 πρώτων
1604 792 1751 828 ἀρξόμεθαι
1769 793 1843 827 Χρι-

1049 844 1121 876 στὸς,
1133 844 1209 879 φησὶ,
1219 842 1285 869 Θεοῦ
1297 841 1410 876 δύναμις
1422 841 1469 867 καὶ
1482 839 1549 867 Θεοῦ
1565 840 1657 874 σοφία.
1670 838 1720 865 Διὰ
1734 838 1842 865 τούτων

1049 889 1156 924 πρῶτον
1174 888 1223 923 μὲν
1247 886 1298 919 τὰς
1323 887 1484 921 θεοπρεπεῖς
1513 885 1616 916 ἐννοίας
1643 884 1687 911 διὰ
1713 883 1762 919 τῆς
1790 883 1840 910 τοῦ

1049 934 1166 970 Χριστοῦ
1177 933 1362 970 προσηγορίας
1379 932 1549 967 μανθάνομεν
1561 950 1569 962 ,
1585 931 1619 957 δι’
1637 928 1674 958 ὧν
1691 930 1842 964 σεϐάσμιον

1049 980 1115 1015 ἡμῖν
1132 979 1163 1006 τδ
1176 979 1262 1014 ὄνομα
1286 979 1402 1012 γίνεται.
1423 977 1531 1012 Ἐπειδὴ
1545 976 1599 1012 γὰρ
1613 977 1688 1003 πᾶσα
1706 976 1723 1011 ἡ
1738 976 1841 1007 κτίσις,

1049 1026 1098 1061 ὅση
1110 1033 1140 1052 τε
1156 1026 1189 1060 τῇ
1207 1024 1332 1060 αίσθήσει
1345 1022 1519 1058 γινώσκεται,
1532 1022 1578 1049 καὶ
1589 1023 1605 1057 ἡ
1617 1022 1666 1057 τῆς
1678 1021 1842 1057 αἰσθητικῆς

1051 1070 1236 1106 ὑπερκειμένη
1261 1070 1461 1105 κατανοήσεως,
1474 1068 1508 1096 δι’
1521 1068 1602 1095 αὑτοῦ
1625 1067 1731 1102 γέγονε,
1746 1067 1795 1094 καὶ
1811 1068 1842 1093 ἐν

1050 1116 1124 1151 αὐτῷ
1144 1117 1317 1150 συνέστηκεν,
1328 1116 1484 1150 ἀναγκαίως
1509 1114 1577 1150 πρὸς
1593 1114 1638 1141 τὸν
1654 1113 1766 1148 ὁρισμὸν
1790 1114 1844 1147 τῆς

1049 1161 1097 1188 τοῦ
1117 1160 1233 1196 Χριστοῦ
1252 1160 1404 1195 παρουσίας
1416 1158 1463 1186 τοῦ
1479 1159 1514 1185 τὰ
1529 1159 1617 1185 πάντα
1635 1158 1812 1193 ποιήσαντος,
1823 1157 1842 1192 ἡ

1053 1205 1132 1240 σοφία
1139 1207 1172 1241 τῇ
1183 1205 1295 1240 δυνάμει
1311 1204 1504 1239 συμπλέκεται.
1515 1203 1600 1230 Τοῦτο
1614 1202 1746 1229 νοούντων
1760 1201 1842 1237 ἡμῶν

1051 1250 1094 1277 διὰ
1105 1250 1154 1286 τῆς
1168 1249 1221 1276 τῶν
1235 1249 1282 1276 δύο
1305 1248 1406 1275 τούτων
1423 1247 1520 1282 φωνῶν
1536 1247 1676 1282 συζυγίας,
1689 1248 1739 1284 τῆς
1759 1247 1843 1274 δυνά-

1053 1295 1125 1330 μεώς
1140 1303 1169 1321 τε
1180 1295 1252 1328 λέγω
1266 1295 1313 1321 καὶ
1329 1294 1379 1329 τῆς
1393 1294 1502 1328 σοφίας,
1522 1294 1562 1321 ὃτι
1574 1293 1624 1320 οὐκ
1637 1293 1670 1320 ἂν
1686 1291 1719 1329 ἦν
1735 1293 1769 1320 τὰ
1792 1301 1844 1328 μεθ

1052 1340 1122 1374 γάλα
1147 1340 1235 1367 ταῦτα
1256 1340 1303 1366 καὶ
1327 1340 1454 1375 ἄφραστα
1480 1340 1531 1375 τῆς
1555 1340 1671 1371 κτίσεως
1693 1338 1842 1375 θαύματα,

1055 1387 1093 1422 μὴ
1110 1387 1205 1421 σοφίας
1224 1387 1272 1422 μὲν
1286 1387 1335 1421 τὴν
1350 1386 1456 1420 γένεσιν
1470 1385 1559 1413 αὐτῶν
1579 1385 1747 1420 ἐπινοούσης,
1761 1384 1844 1411 δυνά-

217 1440 289 1467 μεως
304 1432 332 1459 δὲ
347 1434 380 1468 τῇ
396 1431 476 1467 σοφίᾳ
494 1431 723 1468 παρομαρτούσης
737 1432 806 1468 πρὸς
821 1433 869 1468 τὴν
881 1432 934 1460 τῶν
953 1431 1101 1468 νοηθέντων
1113 1431 1265 1464 τελείωσιν,
1277 1431 1311 1457 δι’
1326 1428 1360 1466 ἧς
1374 1430 1443 1466 ἔργα
1458 1430 1492 1457 τὰ
1507 1431 1629 1466 νοήματα
1648 1430 1764 1465 γίνεται.

249 1476 353 1505 Christi
371 1477 453 1513 igitur
468 1477 631 1512 signiﬁcatio
647 1477 675 1505 in
691 1477 762 1506 hanc
776 1477 912 1513 duplicem
925 1478 978 1505 vim
993 1498 999 1510 ,

1088 1476 1237 1513 Μερίζεται
1254 1476 1345 1503 τοίνυν
1361 1476 1536 1512 καταλλήλως
1550 1477 1590 1508 είς
1613 1475 1709 1511 διπλῆν
1724 1475 1845 1511 ἔμφασιν

217 1523 380 1558 sapientiam
410 1523 518 1550 scilicet
547 1522 754 1557 virtutemque,
781 1522 923 1555 dividitur,
951 1527 1001 1554 ut,

217 1568 329 1604 quando
348 1575 441 1595 rerum
457 1568 641 1595 universitatis
659 1568 875 1603 magnitudinem
903 1567 1004 1602 aspici-

218 1622 280 1642 mus
290 1635 297 1648 ,
312 1622 344 1641 ex
359 1621 391 1641 ea
404 1614 567 1641 immensam
584 1612 631 1640 Dei
647 1613 776 1640 virtutem
789 1619 1001 1648 cognoscamus.

218 1659 334 1693 Quando
348 1662 438 1686 autem
451 1658 658 1686 consideramus
669 1665 789 1693 quonam
801 1657 882 1685 modo
897 1665 928 1685 ea
943 1664 1004 1692 qua:

219 1705 295 1732 nulla
310 1703 429 1737 fuerant,
447 1705 538 1739 genita
562 1704 628 1736 sint,
645 1711 701 1731 tam
721 1703 882 1731 multiformi
905 1708 1003 1730 natura

218 1751 247 1778 in
265 1750 346 1777 rebus
365 1757 414 1784 per
434 1749 558 1777 divinum
583 1749 715 1785 Spiritum
731 1749 899 1782 exsistente,
919 1749 1005 1775 incre-

219 1795 331 1823 dibilem
347 1795 436 1830 ipsius
452 1795 499 1830 qui
515 1795 561 1822 illa
576 1794 740 1830 excogitarit
754 1794 919 1829 sapientiam
937 1793 1003 1820 ado-

219 1849 312 1869 remus
327 1845 354 1873 et
368 1841 552 1877 suspiciamus
562 1861 570 1873 ,
582 1841 663 1876 cujus
677 1841 794 1876 cogitata
809 1842 868 1875 ipsa
884 1845 947 1867 sunt
963 1840 1004 1867 fa-

220 1891 282 1914 cta:
297 1894 385 1921 neque
401 1894 465 1914 vero
480 1888 576 1922 ignava
597 1887 649 1913 erit
670 1886 728 1913 haec
750 1886 816 1914 ﬁdes
829 1905 836 1918 ,
856 1893 910 1920 qua
929 1885 1006 1912 Citri-

221 1936 293 1959 stum
311 1940 373 1960 esse
385 1932 513 1959 virtutem
525 1936 552 1960 et
567 1931 728 1967 sapientiam
743 1931 890 1964 credimus,
908 1932 955 1959 sed
971 1932 1005 1958 ad

221 1976 286 2003 boni
308 1976 532 2011 dijudicationem
557 1976 638 2003 nobis
659 1976 713 2004 erit
735 1977 905 2011 adjnmento.
926 1976 1005 2010 Quod

220 2022 293 2049 enim
308 2022 371 2057 quis
387 2022 546 2057 supplicans
561 2022 690 2056 appellat,
707 2022 734 2049 id
746 2022 779 2049 ad
790 2023 910 2057 seipsum
925 2023 1006 2050 obse-

221 2067 325 2094 crando
339 2067 423 2095 trahit
436 2070 463 2094 et
478 2067 571 2100 ducit;
592 2071 672 2102 atque
691 2067 849 2095 interiorem
867 2068 1004 2094 hominem

221 2114 321 2140 virtute
341 2113 377 2140 ita
397 2112 574 2144 corroborat,
596 2118 626 2140 ut
644 2113 794 2148 Apostolus
819 2114 853 2141 ad
875 2114 1004 2142 virtutem

223 2160 377 2194 respiciens
399 2159 486 2186 dicit:
513 2159 640 2187 Christus
661 2163 751 2187 autem
773 2165 815 2188 est
835 2160 883 2187 Dei
905 2161 1003 2189 virtus.

221 2205 256 2232 Et
270 2205 379 2239 sapiens
403 2204 445 2236 ﬁt,
462 2209 492 2231 ut
508 2205 535 2231 in
550 2203 706 2232 Proverbiis
722 2209 813 2240 patet,
831 2206 877 2241 qui
895 2207 1004 2241 sapien-

221 2251 288 2278 tiam
305 2251 429 2281 invocat,
446 2258 508 2285 qua:
523 2251 636 2277 omnino
653 2250 784 2279 Dominus
799 2259 860 2279 esse
878 2252 1006 2287 intelligi-

222 2299 268 2322 tur
280 2295 302 2322 ".
319 2295 409 2328 Quare
425 2295 470 2322 ille
481 2315 489 2328 ,
512 2296 559 2330 qui
574 2302 673 2323 nomen
687 2297 769 2324 habet
783 2305 798 2324 a
812 2297 924 2324 Christo
935 2318 942 2329 ,
959 2298 1005 2332 qui

221 2342 311 2368 virtus
334 2344 377 2367 est
391 2343 418 2368 et
433 2340 579 2375 sapientia,
591 2341 679 2369 virtus
693 2342 773 2369 etiam
788 2350 850 2369 cum
865 2351 898 2370 eo
913 2344 1006 2378 appel-

221 2386 307 2418 latur,
322 2393 385 2413 cum
402 2385 532 2413 adversus
549 2390 692 2420 peccatum
713 2392 824 2415 strenue
845 2396 876 2416 ac
899 2389 1007 2416 fortiter

223 2435 325 2466 pugnat
343 2439 350 2458 :
366 2431 430 2458 dum
447 2439 511 2458 vero
526 2431 553 2458 id
575 2433 649 2466 quod
674 2433 772 2461 melius
795 2439 836 2461 est
862 2435 953 2469 eligit,
978 2436 1006 2462 in

223 2476 315 2511 seipso
333 2476 497 2511 sapientiam
515 2477 646 2505 ostendit.
666 2479 724 2511 Qua
740 2479 849 2513 quidem
866 2480 1007 2514 sapientia:

222 2521 390 2556 virtutisque
404 2522 598 2556 conjunctione
610 2524 663 2550 vita
675 2525 796 2558 perfecta
808 2525 1006 2560 constituitur;

223 2566 308 2593 altera
323 2568 395 2593 enim
407 2587 414 2598 ,
430 2574 490 2600 quae
510 2572 584 2595 recta
607 2568 776 2604 honestaque
795 2574 875 2602 sunt,
900 2572 1006 2607 perspi-

223 2610 311 2637 cimus
325 2619 332 2640 ς
347 2611 431 2638 altera
446 2632 453 2643 ,
469 2619 529 2646 qua:
546 2617 691 2647 perspecta
713 2613 844 2641 habemus
855 2634 862 2646 ,
878 2616 1004 2650 exsequi-

223 2662 285 2682 mur
303 2659 330 2682 et
349 2657 554 2684 conﬁrmamus.
568 2656 627 2683 Jam
645 2665 709 2684 vero
723 2658 863 2686 Christum
880 2668 941 2688 csse
959 2669 1003 2696 pa-

267 2743 299 2770 ‘l
318 2744 380 2771 Cor.
398 2753 415 2777 ι,
432 2744 477 2772 2i.
514 2745 523 2759 ⁷
543 2743 623 2771 Prov.
640 2751 670 2776 ll,
686 2744 703 2770 Et
717 2752 777 2780 sqq.

1054 1523 1084 1550 τὸ
1098 1523 1145 1550 τοῦ
1159 1522 1278 1557 Χριστοῦ
1296 1522 1494 1558 σημαινόμενον
1503 1543 1510 1555 ,
1525 1523 1565 1554 είς
1578 1521 1628 1558 τὴν
1644 1522 1741 1556 σοφίαν
1753 1530 1784 1548 τε
1796 1523 1846 1549 καὶ

1053 1568 1102 1604 τὴν
1114 1568 1238 1604 δύναμιν,
1252 1568 1285 1594 ἵν’
1301 1569 1364 1603 ὅταν
1381 1568 1430 1603 μὲν
1446 1568 1514 1604 πρὸς
1535 1568 1565 1595 τὸ
1587 1567 1703 1603 μέγεθος
1723 1569 1773 1604 τῆς
1789 1568 1845 1594 τῶν

1053 1614 1138 1641 ὄντων
1153 1614 1307 1646 συστάσεως
1317 1614 1523 1649 ἀποϐλέψωμεν,
1541 1614 1590 1650 τὴν
1604 1615 1743 1650 ἄφραστον
1759 1614 1845 1641 αὑτοῦ

1054 1659 1167 1695 δύναμιν
1180 1660 1224 1686 διὰ
1235 1660 1289 1687 τῶν
1297 1659 1580 1696 καταλαμϐανομένων
1596 1661 1747 1695 νοήσωμεν.
1760 1660 1844 1687 Ὅταν

1054 1705 1083 1731 δὲ
1098 1705 1270 1741 λογιζώμεθα
1283 1705 1323 1732 ὅτι
1335 1705 1370 1732 τὰ
1385 1706 1422 1740 μὴ
1437 1703 1502 1732 ὄντα
1517 1705 1655 1740 παρῆλθεν
1666 1707 1706 1737 είς
1725 1706 1844 1740 γένεσιν,

1054 1751 1104 1786 τῆς
1125 1751 1280 1782 πολυειδοῦς
1299 1751 1328 1777 ὲν
1343 1752 1400 1782 τοῖς
1422 1748 1481 1777 οὖσι
1503 1751 1611 1785 φύσεως
1631 1749 1676 1777 διὰ
1691 1750 1765 1777 θείου
1782 1751 1843 1777 νεύ-

1057 1806 1140 1833 ματος
1167 1796 1345 1832 οὑσιωθείσης
1357 1818 1364 1830 ,
1380 1797 1441 1823 τότε
1464 1796 1512 1831 τὴν
1531 1796 1723 1831 ἀκατάληπτον
1749 1796 1844 1830 σοφίαν

1054 1842 1100 1869 τὸν
1115 1842 1230 1878 Χριστὸν
1249 1842 1394 1869 πιστεύειν.
1407 1843 1440 1869 Ὃ
1454 1843 1508 1878 γάρ
1524 1851 1566 1874 τις
1578 1842 1745 1869 ἐπικαλεῖται
1761 1851 1844 1878 προσ-

1056 1888 1212 1923 ευχόμενος,
1228 1887 1275 1914 καὶ
1290 1888 1358 1924 πρὸς
1370 1887 1385 1914 ὁ
1402 1887 1494 1922 βλέπει
1508 1887 1547 1923 τῷ
1564 1888 1612 1923 τῆς
1631 1888 1720 1923 ψυχῆς
1743 1888 1843 1922 ὀφθαλ-

1057 1934 1110 1969 μῷ,
1129 1934 1207 1960 τοῦτο
1223 1934 1291 1969 πρὸς
1319 1934 1414 1961 ἑαυτὸν
1436 1934 1481 1961 διὰ
1502 1934 1551 1969 τῆς
1578 1933 1661 1969 εὐχῆς
1675 1934 1842 1961 ἐπισπᾶται-

1056 1980 1103 2006 καὶ
1115 1979 1185 2006 οὕτω
1199 1979 1311 2016 δυνάμει
1331 1989 1360 2006 τε
1379 1979 1554 2015 κραταιοῦται
1574 1979 1640 2015 πρὸς
1654 1977 1700 2006 τὸν
1718 1979 1773 2006 ἔσω
1797 1980 1843 2007 ἄν·

1057 2026 1179 2061 θρωπον,
1205 2025 1296 2058 καθώς
1325 2035 1406 2062 φησιν
1428 2026 1442 2052 ὁ
1476 2026 1655 2057 Ἀπόστολος,
1670 2026 1685 2052 ὁ
1701 2026 1770 2061 πρὸς
1795 2026 1844 2061 τὴν

1055 2071 1169 2106 δύναμιν
1185 2071 1289 2106 βλέπων
1305 2071 1438 2107 (Χριστὸς
1461 2071 1491 2097 δέ
1514 2071 1588 2097 ἐστιν
1606 2071 1622 2106 ἡ
1638 2069 1781 2105 δύναμις),
1799 2071 1843 2097 καὶ

1058 2116 1138 2150 σοφὸς
1166 2117 1282 2150 γίνεται,
1295 2116 1386 2147 καθὼς
1411 2117 1428 2151 η
1443 2116 1580 2151 Παροιμία
1597 2115 1688 2149 φησὶν,
1699 2117 1714 2141 ὁ
1736 2114 1785 2150 τὴν
1800 2123 1842 2141 σο-

1059 2161 1122 2196 φίαν
1145 2161 1367 2197 ἐπικαλούμενος,
1381 2162 1442 2196 ἥτις
1466 2161 1545 2188 πάλιν
1574 2163 1673 2188 νοεῖται
1698 2162 1712 2187 ὁ
1731 2161 1841 2196 Κύριος.

1058 2207 1163 2234 Οὐκοῦν
1179 2209 1192 2234 ὁ
1202 2208 1240 2242 τῷ
1255 2207 1364 2243 Χριστῷ
1382 2206 1677 2242 συνονομαςόμενος,ὅς
1691 2208 1748 2233 ἐστι
1766 2206 1844 2233 δύνα-

1059 2253 1105 2288 μίς
1119 2262 1149 2279 τε
1170 2253 1218 2280 καὶ
1235 2253 1330 2288 σοφία,
1355 2253 1402 2280 καὶ
1423 2254 1455 2288 τῇ
1480 2252 1592 2287 δυνάμει
1617 2252 1841 2287 συνονομάξεται,

1057 2298 1223 2334 δυναμωθεὶς
1237 2298 1308 2326 κατὰ
1329 2299 1379 2333 τῆς
1394 2298 1539 2334 ἁμαρτίας,
1562 2299 1610 2325 καὶ
1631 2299 1681 2332 τὴν
1698 2299 1794 2332 σοφίαν
1816 2300 1843 2325 ἐν

1057 2344 1145 2379 ἑαυτῷ
1164 2343 1253 2376 δείξει,
1268 2345 1301 2379 τῇ
1315 2344 1413 2380 ἐκλογῇ
1423 2343 1468 2370 τοῦ
1485 2343 1627 2379 βελτίονος.
1644 2344 1743 2378 Σοφίας
1753 2344 1782 2371 δὲ
1799 2346 1844 2371 καὶ

1055 2388 1196 2423 δυνάμεως
1218 2389 1247 2415 ὲν
1262 2389 1327 2423 ἡμῖν
1351 2388 1544 2423 δεικνυμένων,
1560 2389 1608 2423 τῆς
1635 2389 1684 2424 μὲν
1706 2388 1738 2415 τὸ
1765 2388 1843 2414 καλὸν

1056 2434 1231 2469 αἱρουμένης,
1246 2434 1295 2469 τῆς
1309 2434 1337 2460 δὲ
1350 2434 1491 2469 δυνάμεως
1505 2434 1536 2460 ’τὸ
1559 2433 1653 2469 νοηθὲν
1675 2433 1841 2469 βεῦαιοὺσης,

1057 2479 1233 2514 κατορθοῦται
1248 2478 1294 2505 τοῦ
1308 2479 1366 2514 βίου
1381 2479 1411 2505 τὸ
1427 2479 1529 2504 τέλειον
1546 2479 1579 2504 δι’
1599 2479 1699 2514 ἀμφοῖν
1724 2479 1842 2514 συμπλε-

1056 2523 1178 2559 κόμενον.
1205 2524 1283 2551 Οὕτω
1300 2525 1345 2551 καὶ
1364 2525 1473 2560 εἰρήνην
1485 2523 1530 2550 τὸν
1546 2524 1664 2559 Χριστὸν
1688 2526 1840 2560 νοήσαντες,

1059 2570 1146 2605 ἀληθῆ
1162 2570 1207 2596 τοῦ
1222 2570 1340 2606 Χριστοῦ
1361 2571 1409 2605 τὴν
1424 2569 1519 2605 κλῆσιν
1537 2569 1579 2604 ἐφ’
1591 2569 1695 2596 ὲαυτῶν
1714 2570 1841 2602 ἐπιδείξο-

1062 2624 1121 2650 μεν,
1133 2616 1180 2642 ἐὰν
1197 2616 1240 2642 διὰ
1258 2616 1308 2651 τῆς
1326 2617 1354 2642 ἐν
1375 2617 1442 2651 ἡμῖν
1467 2617 1578 2652 εἰρήνης
1596 2616 1641 2642 τὸν
1666 2616 1783 2651 Χριστὸν
1807 2616 1841 2651 τῷ

1063 2662 1111 2697 βίῳ
1126 2662 1333 2698 ὲπιδειξώμεοιι.
1355 2662 1473 2694 Ἐκεῖνος
1498 2662 1547 2698 τὴν
1570 2662 1670 2698 ἔχθραν
1685 2662 1841 2695 ἀπέκτεινε,
