1922 3078
48 64 89 93 ibi
548 63 593 91 DE
610 64 791 93 PEliFECTA
806 65 1004 93 CllRlSTlANl
1037 66 1166 94 FORMA.

1627 72 1681 100 E62

50 123 132 155 καθώς
148 131 236 158 φησιν
252 124 268 150 6
303 122 470 154 Ἀπόστολος.
496 123 601 150 οὺκοῦν
625 124 693 159 μηδὲ
708 125 788 159 ἡμεῖς
811 126 837 151 ἐν

893 132 952 152 cem
978 125 1150 160 cogitantes,
1177 133 1267 153 veram
1289 126 1440 154 Christiani
1467 129 1678 164 appellationem

49 170 146 200 ἑαυτοῖς
162 168 276 203 ταύτην
288 168 589 204 ζωοποιήσωμεν,ἀλλὰ
602 169 701 204 νεκρὰν
711 169 796 204 αὐτὴν
811 171 839 196 έν

50 215 82 251 τῷ
96 213 226 250 ἡμετέρῳ
251 215 388 250 δείξωμεν
411 214 472 250 βίῳ.
488 215 603 250 Μήποτε
618 215 667 252 τὴν
683 215 774 248 καλῶς
794 217 840 243 ἐπὶ

50 262 162 297 σωτηρίᾳ
186 260 272 296 ἡμῶν
297 262 374 296 παρὰ
393 261 440 288 τοῦ
459 261 526 287 Θεοῦ
543 262 737 297 νεκρωθεῖσαν,
760 263 840 298 ἡμεῖς

50 308 87 335 ἐπ’
99 306 202 342 ὀλέθρῳ
219 306 284 333 τῶν
307 306 400 341 ψυχῶν
421 305 511 341 ήμῶν,
528 306 561 333 δι’
575 306 660 342 ὀργῆς
678 308 725 334 καὶ
743 316 840 343 μνησι-

51 352 139 383 κακίας
159 351 223 378 καθ¹
239 351 351 378 ἑαυτῶν
366 352 574 388 ἀναστήσωμεν,
587 353 710 388 πονηρὰν
720 353 839 381 ἀνάστα-

50 408 86 427 σιν
101 397 148 433 τῆς
166 397 265 430 καλῶς
290 397 480 433 ἀποθανούσης
495 399 743 434 κατεργασάμενοι.
769 399 838 426 Ἀλλ’

50 446 70 472 εξ
84 444 126 470 τὸν
145 443 271 479 Χριστὸν
287 443 396 480 ἔχομεν,
412 444 441 476 ὃς
456 444 530 471 ἐστιν
545 444 562 479 ὴ
578 445 685 480 εἰρήνη,
700 445 747 472 καὶ
760 445 839 480 ἡμεῖς

50 491 74 517 ὲν
87 489 192 520 έαυτοῖς
208 487 263 524 τὴν
284 488 386 525 ἔχθραν
410 489 660 525 νεκροποιήσωμεν,
676 490 709 517 ἵν’
724 490 792 526 ὅπερ
809 491 838 518 ἐν

49 535 136 569 ἐκείνῳ
149 533 335 570 πιστεύομεν,
347 534 427 562 τοῦτο
448 536 495 563 καὶ
508 537 537 562 ὲν
547 535 586 571 τῷ
599 537 725 574 ἡμετέρῳ
741 546 839 572 κατορ-

49 580 169 615 θώσωμεν
186 578 250 614 βίῳ.
282 579 329 611 Ὠς
351 579 405 615 γὰρ
428 581 530 612 ἐκεῖνος
555 580 586 607 τὸ
612 580 768 616 μεσότοιχον
790 580 838 607 τοῦ

51 624 167 660 φραγμοῦ
187 624 293 658 λύσας,
312 625 376 656 τοὺς
396 624 443 652 δύο
459 625 566 652 ἔκτισεν
581 625 611 652 ὲν
631 625 720 661 ἑαυτῷ
736 627 775 658 εἰς
791 626 838 652 ἕνα

50 671 132 699 καινὸν
146 671 299 706 ἄνθρωπον
313 691 320 704 ,
338 671 424 699 ποιῶν
453 672 565 708 εἰρήνην
581 679 588 686 ·
606 671 677 699 οὕτω
695 672 742 699 καὶ
757 673 838 707 ἡμεῖς

51 720 84 750 εἰς
95 717 273 752 καταλλαγὰς
286 718 433 753 ἀγάγωμεν
444 718 474 745 οὐ
492 718 572 754 μόνον
587 719 650 750 τοὺς
662 717 760 750 ἔξωθεν
772 718 838 753 ἡμῖν

50 765 304 801 προσμαχομένους,
318 765 387 792 ἀλλά
401 765 449 792 καί¹
462 765 525 796 τοὺς
540 765 569 792 ὲν
584 765 650 800 ἡμῖν
665 764 756 796 αὐτοῖς
773 772 836 790 στα.-

52 811 194 842 σιάξοντας,
220 810 267 837 ἵνα
287 811 385 846 μηκέτι
410 811 427 845 ἡ
456 810 524 846 σὰρξ
548 810 668 846 ἐπιθυμῇ
698 810 769 838 κατὰ
790 810 837 836 τοῦ

51 857 206 891 πνεύματος,
224 856 258 883 τὸ
278 857 310 883 δὲ
337 855 444 892 πνεῦμα
470 856 540 883 κατὰ
561 857 611 892 τῆς
635 856 750 892 σαρκός·
780 856 837 883 ἀλλ’

52 901 224 935 ὑποταγέντος
253 901 305 928 τοῦ
333 901 489 936 σαρκώδους
512 902 686 938 φρονήματος
710 902 749 937 τῷ
773 902 837 938 θείῳ

51 947 125 981 νόμῳ,
142 946 335 982 εἰρηνεύωμεν
350 947 379 973 ὲν
391 947 508 980 ἑαυτοῖς,
524 948 564 980 εἰς
573 948 621 974 ἕνα
643 948 690 975 τὸν
703 948 794 976 καινόν
806 957 837 975 τε

53 994 92 1019 καὶ
112 992 251 1028 εἰρηνικὸν
279 991 424 1028 ἄνθρωπον
437 993 718 1029 ἀναστοιχειωθέντες,
733 994 781 1020 καὶ
796 991 837 1026 εἷς

52 1038 72 1063 οἰ
85 1037 128 1064 δύο
143 1038 300 1073 γενόμενοι.
319 1039 436 1074 Εἰρήνης
450 1039 505 1074 γὰρ
515 1040 588 1074 ὅρος,
602 1039 619 1074 ή
633 1039 687 1066 τῶν
699 1039 837 1075 διεστηκό-

53 1091 98 1109 των
112 1082 184 1110 ἐστὶν
198 1083 354 1119 ὁμοφωνία.
370 1083 452 1110 Ὅταν
468 1081 515 1110 οὖν
526 1083 650 1119 ἐξαιρεθῇ
665 1083 716 1119 τῆς
729 1084 837 1119 φύσεως

53 1128 121 1162 ἡμῶν
132 1129 145 1154 6
160 1128 298 1163 ἐμφύλιος
312 1129 439 1164 πόλεμος,
451 1129 512 1156 τότε
525 1130 572 1156 καὶ
583 1131 673 1165 ἡμεῖς,
689 1131 718 1157 ὲν
732 1131 837 1162 ἑαυτοῖς

54 1173 262 1209 εἰρηνεύσαντες,
282 1175 376 1210 εἰρήνη
396 1173 539 1209 γινόμεθα,
563 1175 651 1210 ἀληθῆ
671 1175 717 1202 καὶ
738 1176 837 1211 κυρίαν

55 1217 170 1253 ὲφ¹ἡμῶν
182 1217 230 1244 τοῦ
245 1218 365 1253 Χριστοῦ
378 1218 427 1254 τὴν
443 1219 600 1254 ἐπωνυμίαν
611 1219 835 1252 ἐπιδεικνύοντες.

55 1261 104 1292 Φῶς
114 1261 142 1288 δὲ
157 1262 288 1298 ἀληθινὸν
302 1262 349 1289 καὶ
365 1262 405 1298 τῷ
418 1263 511 1298 ψεύδει
532 1263 678 1299 ἀπρόσιτον
692 1265 837 1300 νοήσαντες

55 1307 94 1333 τὸν
116 1307 249 1342 Χριστὸν,
269 1307 349 1335 τοῦτο
374 1308 562 1344 μανθάνομεν,
579 1309 620 1336 ὃτι
641 1309 694 1346 χρὴ
725 1310 771 1336 καὶ
791 1311 837 1338 τὸν

55 1351 177 1387 ἡμέτερον
188 1352 247 1386 βίον
263 1354 325 1385 ταῖς
335 1353 382 1380 τοῦ
390 1353 517 1389 ἀληθινοῦ
531 1354 637 1390 Πατρδς
649 1355 739 1382 ἀκτῖσι
754 1364 837 1383 κατα-

56 1398 219 1432 φωτίζεσθαι.
233 1399 346 1435 Ἀρεταὶ
358 1399 387 1427 δέ
401 1401 470 1427 εἰσιν
484 1401 513 1427 αἰ
524 1401 631 1433 ἀκτῖνες
641 1401 689 1428 τοῦ
701 1402 777 1437 ἡλίου
787 1403 837 1437 τῆς

56 1443 225 1480 δικαιοσύνης,
240 1445 283 1477 εἰς
297 1445 435 1481 φωτισμὸν
454 1446 533 1482 ἡμῶν
550 1447 785 1483 ἀπρῤἐουσαιβϋ
797 1445 835 1476 ὧν

58 1488 149 1522 γίνεται
168 1489 197 1516 τὺ
216 1490 368 1517 ἀποθέσθαι
390 1490 423 1518 τὰ
451 1491 519 1527 ἔργα
536 1491 583 1518 τοῦ
601 1493 720 1525 σκύτους,
731 1493 779 1520 καὶ
798 1493 836 1526 ὡς

57 1533 82 1559 ὲν
96 1533 183 1570 ἡμέρᾳ
198 1536 363 1570 περιπατεῖν
382 1535 569 1571 εὐσχημόνως,
582 1536 630 1563 καὶ
649 1537 836 1572 ἀπειπάμενον

59 1577 87 1604 τὰ
101 1578 205 1614 κρυπτὰ
220 1580 272 1615 τῆς
286 1580 426 1615 αἰσχύνης,
442 1579 490 1606 καὶ
504 1580 593 1607 πάντα
607 1581 637 1607 ἐν
650 1581 719 1615 φωτὶ
731 1581 838 1608 ποιοῦν-

59 1632 94 1655 τα,
110 1625 154 1650 καὶ
177 1625 260 1652 αὑτὸν
283 1626 342 1659 φῶς
355 1625 492 1660 γενέσθαι,
504 1625 573 1653 ὥστε
599 1626 647 1653 καὶ
664 1626 754 1659 ἄλλοις
768 1627 837 1663 λάμ-

59 1677 112 1696 πειν
132 1669 174 1697 διὰ
194 1671 250 1697 τῶν
274 1670 373 1706 έργων,
392 1671 462 1706 ὅπερ
481 1671 570 1706 φωτός
595 1672 668 1699 ἐστιν
687 1672 762 1700 ἴδιον.
778 1673 836 1701 Κᾶν

60 1714 181 1750 ἁγιασμὺν
195 1716 242 1743 τὸν
256 1716 374 1752 Χριστὸν
386 1714 455 1744 εἶναι
466 1717 616 1753 νοήσωμεν,
632 1718 671 1754 τῷ
689 1718 780 1754 πάσης
793 1718 838 1753 βε-

61 1760 132 1795 δήλου
150 1761 197 1788 καὶ
208 1761 366 1797 ἀκαθάρτου
378 1762 503 1798 πράξεως
527 1763 574 1790 καὶ
590 1763 703 1797 ἐννοίας,
715 1764 776 1799 οὐχὶ
787 1764 837 1800 ῥή-

62 1814 118 1840 ματι
133 1806 177 1833 τοῦ
199 1807 336 1850 ἁγιασμοῦ
351 1807 400 1843 τὴν
416 1807 530 1844 δύναμιν
554 1808 756 1844 ὁμολογοῦντες,
768 1809 837 1837 ἀλλά

109 1852 164 1888 βίιρ-
265 1870 303 1878 -ν

62 1896 169 1926 nominis
190 1906 254 1927 vere
278 1899 424 1936 participes
446 1901 643 1936 ostendemus,
664 1903 767 1940 quippe
788 1905 836 1940 qui

63 1941 136 1970 tionis
149 1943 279 1972 virtutem
295 1952 351 1980 pra;
364 1945 447 1974 nobis
464 1946 595 1976 feramus.

97 1987 288 2025 Ἀπολύτρωσιν
304 1991 333 2017 δὲ
347 1989 417 2018 εἰναι
432 1991 479 2018 τὸν
500 1993 618 2028 Χριστὸν
633 1994 776 2029 μαθόντες,
790 1996 835 2023 τὸν

63 2033 146 2062 ἑαυτὸν
157 2035 234 2064 δόντα
246 2037 346 2073 λύτρον
368 2037 438 2074 ὑπὲρ
457 2038 547 2074 ἡμῶν,
566 2039 645 2067 τοῦτο
660 2041 704 2068 διὰ
717 2041 767 2077 τῆς
781 2051 837 2068 τοι·

64 2080 136 2116 αὸτης
154 2082 244 2118 φωνῆς
266 2084 502 2120 παιδευόμεθα.τὸ
527 2085 621 2120 μαθεῖν
647 2086 688 2113 ὅτι
715 2087 840 2123 καθάπερ

64 2124 134 2160 τιμήν
151 2134 210 2153 τινα
227 2127 279 2162 τῆς
302 2127 417 2154 ἑκάστου
432 2127 522 2163 ψυχῆς
545 2129 750 2165 παρασχόμενος
773 2131 839 2166 ἡμῖν

66 2167 106 2203 τὴν
114 2169 269 2203 ἀθανασίαν,
282 2172 375 2208 κτῆμα
386 2172 451 2199 ἴδιον
464 2173 527 2205 τοὺς
539 2174 572 2200 ὲκ
583 2174 631 2200 τοῦ
647 2174 762 2202 θανάτου
773 2176 838 2211 παρ’

66 2211 137 2240 αὐτοῦ
149 2214 190 2242 διὰ
204 2216 254 2250 τῆς
268 2215 341 2251 ζωῆς
351 2216 584 2253 ἑξαγορασθέντας
594 2218 730 2254 ἐποίησεν.
740 2219 772 2247 Εἰ
782 2220 838 2247 τοί-

68 2266 106 2285 νυν
121 2259 203 2287 δοῦλοι
223 2261 272 2288 τοῦ
288 2262 497 2298 λυτρωσαμένου
519 2263 669 2298 γεγόναμεν
681 2283 689 2297 ,
704 2265 771 2300 πρὸς
793 2265 838 2292 τὸν

68 2305 210 2339 κυριεύοντα
238 2308 346 2340 πάντως
366 2308 506 2344 ἁψώμεθα,
518 2309 555 2340 ὼς
573 2310 671 2345 μηκέτι
688 2310 761 2346 ἡμᾶς
773 2311 838 2337 ἐαυ-

68 2349 114 2380 τοῖς
132 2349 261 2385 gmw
277 2351 316 2387 τῷ
326 2351 489 2388 κτησαμένῳ
502 2353 576 2388 ἡμᾶς
587 2353 630 2380 διὰ
642 2353 689 2380 τοῦ
702 2354 752 2389 τῆς
766 2355 838 2390 ζωῆς

69 2391 283 2432 ἀπαλλάγματος.
303 2397 401 2424 Οὐκέτι
425 2397 479 2433 γὰρ
503 2398 609 2426 έαυτῶν
633 2400 716 2434 ἐσμεν
738 2400 838 2436 κύριοι,

71 2436 117 2464 ἀλλ’
130 2439 143 2465 6
165 2440 337 2477 ὠνησάμενος
357 2443 415 2469 ἐστι
433 2443 546 2479 Κύριος,
567 2445 650 2480 ἡμεῖς
666 2444 695 2471 δὲ
710 2446 792 2473 αὐτοῦ
806 2447 841 2474 τὰ

71 2482 191 2518 κτήματα.
214 2486 318 2514 οὐκοῦν
341 2487 421 2522 νόμος
435 2488 512 2516 ἔσται
533 2489 583 2525 τῆς
596 2490 734 2526 ἡμετέρας
756 2492 838 2527 ζωῆς,

71 2527 98 2554 τὸ
108 2529 149 2556 τοῦ
164 2533 333 2567 κυριεύοντος
349 2533 467 2569 θέλημα.
483 2535 589 2572 Ὥσπερ
608 2536 662 2572 γὰρ
688 2537 735 2564 τοῦ
756 2537 839 2564 θανά-

73 2579 111 2617 TOU
124 2576 277 2610 κρατοῦντος
292 2578 380 2613 ἡμῶν,
395 2579 410 2605 6
422 2578 471 2614 τῆς
484 2579 620 2615 ἁμαρτίας
636 2581 666 2608 ὲν
683 2582 749 2616 ἡμῖν
759 2582 840 2617 νόμος

74 2615 238 2648 ἐπολιτεύετο·
255 2621 341 2654 οὕτως
358 2623 451 2659 ἐπειδὴ
474 2624 524 2659 τῆς
548 2624 620 2660 ζωῆς
645 2615 738 2661 κτῆμα
759 2615 840 2662 γεγό-

104 2716 213 2753 {Epiros
228 2731 258 2753 ιι,
278 2723 321 2750 14.
366 2725 376 2740 ⁹
388 2725 452 2752 ibid.

78 2725 321 2766 1.15‘EIICC.IIAA14.
366 2725 452 2752 ’ibid.
499 2727 519 2742 -°
533 2725 611 2754 Joan.
629 2734 648 2760 I,
669 2727 696 2754 (ι.

108 2751 183 2782 1cm.
197 2765 232 2790 vi,
246 2751 291 2786 ΞΟ.

749 2728 768 2744 ¹¹
788 2728 868 2757 Rom.
886 2738 948 2762 xm,
964 2730 1006 2763 12,
1026 2731 1066 2758 l5.
1113 2732 1134 2747 ”
1150 2732 1159 2758 Ι
1178 2732 1240 2760 Cor.
1263 2741 1280 2765 I,
1299 2734 1344 2761 50.

890 170 1068 198 ostendemus
1078 189 1086 203 ,
1099 171 1123 198 si
1138 178 1186 205 per
1199 178 1259 198 eam
1275 178 1370 206 pacem
1383 191 1391 204 ,
1408 181 1469 208 quae
1484 175 1512 201 in
1527 175 1607 203 nobis
1621 180 1677 209 est,

891 216 1034 244 Christum
1049 216 1106 244 vita
1120 220 1216 244 nostra
1234 218 1464 251 cxpresserimus.
1478 219 1525 247 llle
1542 220 1680 248 interfecit

891 262 1082 295 inimicitiam,
1101 266 1131 290 ut
1146 262 1237 298 inquit
1254 263 1403 297 Apostolus
1418 264 1439 292 ⁸.
1461 264 1501 292 Ne
1518 265 1602 300 igitur
1617 274 1677 294 eam

890 307 920 335 in
932 307 1014 335 nobis
1027 308 1084 335 ullo
1097 307 1178 335 modo
1193 308 1359 336 reviviscere
1372 309 1520 344 patiamur,
1536 311 1582 338 sed
1598 312 1679 345 plane
1698 331 1701 333 λ

890 356 1029 379 mortuam
1045 359 1107 380 esse
1119 352 1301 380 declat-emus.
1319 352 1359 381 Ne
1378 354 1510 388 przeclare
1526 363 1576 390 pro
1591 356 1679 383 salute

889 401 989 424 nostra
1004 395 1177 423 interfectam
1195 403 1210 422 a
1226 395 1282 424 Deo
1293 418 1300 430 ,
1322 404 1374 425 nos
1395 398 1422 424 in
1442 403 1600 426 nostrorum
1615 408 1678 434 ρει·-

889 443 989 470 niciem
1006 442 1162 470 animorum
1178 442 1347 475 irascentes,
1366 447 1394 470 et
1415 444 1580 479 injuriarum
1597 445 1678 472 remi.

889 488 1029 516 niscentes
1040 488 1204 520 excitemus,
1215 495 1276 515 eam
1287 508 1295 521 ,
1310 496 1372 523 qua:
1386 489 1456 516 bene
1469 494 1575 517 mortua
1586 490 1676 525 jacet,

889 534 1014 568 improbe
1027 534 1056 561 in
1069 534 1151 561 vitam
1172 538 1344 562 revocantes.
1363 533 1418 562 Sed
1439 542 1501 562 cum
1525 535 1677 563 habeamus

888 579 1046 612 Christum,
1061 579 1109 615 qui
1125 583 1167 606 est
1182 587 1234 615 pax
1244 600 1251 612 ,
1269 588 1319 608 nos
1335 580 1400 608 item
1418 580 1589 608 inimicitiam
1603 581 1678 608 occi-

888 624 1002 656 damus,
1021 627 1068 657 ut,
1084 624 1157 659 quod
1175 624 1203 651 in
1224 625 1285 660 ipso
1306 625 1461 658 credimus,
1486 626 1513 653 id
1534 627 1562 653 in
1582 630 1676 654 nostra

890 670 944 698 vita
959 677 1168 705 prosequamur.
1185 669 1221 697 Ut
1235 671 1280 698 ille
1301 671 1374 698 enim
1403 671 1522 698 medium
1543 672 1676 706 parietem

888 715 1015 742 maceria‘,
1029 715 1137 742 solvens
1152 714 1223 743 duos
1237 715 1363 743 condidit
1383 715 1410 743 in
1423 717 1570 751 semetipso
1583 717 1609 744 in
1621 725 1677 744 uno

887 759 1000 786 homine
1018 758 1122 787 faciens
1146 766 1242 794 pacem
1258 760 1280 792 ',
1298 759 1339 788 sic
1353 763 1381 787 et
1396 767 1448 787 nos
1464 761 1676 789 reconciliemus

888 813 944 833 non
963 813 1011 833 eos
1030 809 1138 833 tantum
1163 805 1211 841 qui
1232 813 1283 833 nos
1303 806 1478 834 extrinsecus
1501 811 1675 843 oppugnant,

889 851 938 880 sed
956 852 1018 880 illos
1034 852 1116 879 etiam
1134 852 1180 887 qui
1195 852 1223 879 in
1238 853 1319 880 nobis
1344 853 1413 888 ipsis
1432 852 1583 881 seditiones
1598 861 1677 881 com-

888 901 999 924 movent
1010 916 1018 929 ,
1035 900 1065 924 ut
1087 905 1121 924 ne
1144 898 1323 933 concupiscat
1338 898 1455 932 amplius
1470 899 1603 926 adversus
1618 898 1676 933 spi-

887 943 973 971 ritum
987 951 1062 974 caro.
1077 947 1104 971 et
1119 943 1234 979 spiritus
1249 943 1382 971 adversus
1395 951 1506 971 carnem
1519 952 1527 977 ;
1544 944 1594 971 sed
1608 951 1675 979 pru-

887 989 980 1017 dentia
993 989 1085 1017 carnis
1097 990 1150 1025 legi
1162 989 1261 1017 divina:
1274 989 1398 1024 subjecta
1409 1009 1416 1022 ,
1430 989 1459 1017 in
1474 988 1559 1016 unum
1574 997 1675 1016 novum

886 1039 915 1063 et
935 1035 1080 1070 paciﬁcum
1104 1034 1243 1062 hominem
1263 1034 1420 1061 reaediﬁcati
1434 1054 1441 1065 ,
1463 1039 1491 1062 et
1511 1042 1545 1062 ex
1567 1034 1675 1061 duobus

887 1088 960 1108 unus
973 1079 1064 1107 ell‘ecti
1081 1079 1109 1106 in
1125 1079 1205 1107 nobis
1221 1079 1288 1114 ipsis
1309 1086 1403 1113 pacem
1426 1079 1588 1107 habeamus.
1612 1078 1675 1105 llac

887 1127 960 1154 enim
973 1131 1016 1153 est
1031 1125 1106 1160 pacis
1119 1124 1260 1157 deﬁnitio,
1276 1128 1306 1151 ut
1320 1123 1513 1151 dissidentium
1527 1124 1675 1151 concordia

886 1179 948 1200 esse
961 1171 1079 1199 dicatur.
1104 1170 1288 1204 Quamobrem
1299 1190 1307 1203 ,
1321 1169 1434 1204 quando
1455 1173 1561 1196 natura:
1575 1175 1676 1196 nostra:

888 1217 992 1246 bellum
1009 1217 1172 1244 intestinum
1189 1216 1328 1243 sublatum
1351 1220 1410 1248 est,
1430 1215 1458 1242 in
1483 1215 1563 1242 nobis
1580 1222 1675 1249 pacem

887 1261 1028 1294 colentes,
1047 1269 1101 1297 pax
1115 1261 1261 1294 ellicimur,
1275 1264 1302 1288 et
1323 1267 1415 1288 veram
1439 1267 1472 1287 ac
1489 1261 1628 1295 propriam
1647 1259 1674 1286 iu

887 1308 970 1336 nobis
990 1308 1062 1335 hanc
1075 1306 1179 1335 Christi
1202 1307 1415 1342 appellationem
1439 1307 1624 1334 declaramus.
1642 1307 1677 1332 At

887 1352 1027 1380 Christum
1042 1359 1104 1380 esse
1119 1351 1208 1379 lucem
1226 1359 1319 1379 veram
1337 1351 1370 1383 ιο,
1384 1354 1411 1378 et
1433 1359 1448 1378 a
1469 1351 1614 1379 mendacio
1633 1358 1677 1377 re-

888 1398 1070 1425 motissimam
1085 1397 1305 1429 considerantes,
1322 1396 1456 1424 discimus
1470 1396 1553 1423 vitam
1568 1403 1677 1431 quoque

887 1447 1011 1473 nostram
1028 1450 1099 1471 verat
1113 1443 1184 1470 lucis
1198 1442 1284 1471 radiis
1298 1442 1431 1470 illustrari
1447 1446 1585 1477 oportere.
1603 1442 1677 1470 Solis

891 1494 983 1518 autem
994 1489 1110 1524 iustitia:
1123 1487 1193 1516 radii
1208 1493 1272 1516 sunt
1284 1488 1351 1523 ipsa:
1363 1488 1489 1521 virtutes,
1503 1495 1564 1523 qua:
1577 1488 1610 1514 ad
1626 1496 1677 1515 nos

887 1535 1086 1564 illuminandos
1100 1539 1250 1567 emanant,
1268 1538 1299 1561 ut
1319 1533 1482 1569 abjiciamus
1499 1541 1583 1570 opera
1599 1537 1677 1561 tene-

887 1581 998 1609 brarum
1010 1600 1018 1613 ,
1033 1584 1060 1609 et
1076 1584 1207 1615 tanquam
1223 1580 1251 1608 in
1267 1580 1312 1608 die
1326 1580 1441 1608 honeste
1456 1580 1629 1608 ambulemus
1642 1579 1677 1612 ”,

887 1631 915 1655 et
931 1627 1109 1662 repudiantes
1123 1626 1287 1655 abscondita
1303 1625 1483 1661 turpitudinis
1494 1645 1502 1658 ,
1516 1629 1600 1660 atque
1617 1633 1677 1652 om-

887 1673 935 1702 nia
950 1673 979 1701 in
999 1673 1060 1701 luce
1075 1671 1225 1706 facientes,
1243 1672 1296 1708 ipsi
1318 1679 1429 1708 quoque
1449 1672 1497 1699 lux
1510 1671 1676 1703 evadamus,

886 1723 914 1747 et
930 1719 1004 1755 quod
1019 1719 1162 1755 proprium
1174 1724 1216 1747 est
1233 1718 1304 1746 lucis
1314 1737 1322 1751 ,
1346 1718 1409 1746 aliis
1423 1725 1472 1753 per
1486 1724 1569 1752 opera
1584 1717 1678 1752 splen-

886 1766 1010 1794 deamus.
1025 1764 1130 1798 Quodsi
1143 1765 1284 1792 Christum
1297 1768 1328 1792 ut
1342 1763 1589 1792 sanctiﬁcationem
1611 1770 1674 1790 con-

887 1810 1072 1839 siderabimus
1088 1809 1122 1842 ¹¹,
1138 1808 1173 1836 ab
1198 1808 1333 1844 improbis
1357 1812 1385 1836 et
1410 1808 1527 1844 impuris
1550 1808 1678 1835 omnibus

886 1862 945 1886 tum
959 1856 1042 1884 factis
1053 1859 1111 1883 tum
1124 1854 1340 1890 cogitationibus
1355 1854 1539 1886 abstinentes,
1554 1861 1605 1881 nos
1618 1853 1678 1887 ejus

855 1912 910 1934 non
926 1903 1036 1936 verbis,
1054 1901 1103 1929 sed
1116 1901 1179 1929 vitae
1193 1905 1296 1929 nostra:
1331 1901 1489 1929 actionibus
1522 1899 1678 1928 sanctiﬁca-

924 1991 1010 2019 Porro
1024 1998 1088 2018 cum
1103 1990 1319 2025 redemptionem
1342 1997 1404 2018 esse
1434 1989 1574 2018 Christum
1592 1991 1678 2020 disci-

889 2045 963 2070 mus,
979 2036 1027 2072 qui
1041 2036 1161 2071 seipsum
1181 2040 1212 2063 ut
1230 2043 1280 2064 nos
1298 2035 1455 2067 redimeret,
1484 2036 1602 2071 pretium
1629 2037 1678 2065 de-

855 2075 878 2103 D
890 2082 941 2114 dit,
956 2089 987 2109 ea
1005 2089 1072 2108 voce
1090 2080 1281 2116 intelligimus,
1295 2087 1357 2107 eum
1373 2083 1503 2115 tanquam
1524 2081 1677 2109 mercedem

888 2127 1024 2162 cujusque
1040 2125 1136 2158 animi,
1164 2124 1310 2161 prehendo
1337 2125 1418 2153 nobis
1432 2126 1677 2160 immortalitatem,

888 2180 939 2201 nos
950 2182 966 2200 e
980 2176 1068 2199 morte
1082 2179 1098 2198 a
1111 2179 1140 2199 se
1154 2178 1204 2206 per
1217 2171 1300 2198 vitam
1316 2174 1458 2206 coemptos
1469 2172 1607 2207 propriam
1624 2173 1678 2200 sibi

887 2218 1090 2253 possessionem
1102 2217 1226 2245 etlecisse
1237 2217 1268 2244 ".
1280 2216 1384 2250 Quodsi
1395 2217 1456 2252 ejus
1471 2217 1518 2252 qui
1533 2225 1584 2246 nos
1601 2219 1680 2246 rede-

887 2265 937 2292 mit
954 2263 1044 2292 ell'ecti
1057 2271 1165 2297 sumus,
1180 2263 1326 2291 Dominum
1340 2264 1377 2290 ita
1389 2271 1549 2299 sequamur,
1565 2265 1679 2291 omnino

889 2314 984 2337 utnon
999 2310 1118 2345 amplius
1129 2309 1211 2337 nobis
1221 2309 1358 2341 vivamus,
1370 2309 1417 2336 sed
1430 2309 1479 2341 illi,
1492 2310 1539 2344 qui
1551 2317 1602 2338 nos
1617 2311 1680 2338 vitae

890 2363 947 2383 suae
961 2355 1050 2390 pretio
1069 2354 1238 2390 comparavit
1247 2354 1288 2382 “:
1306 2362 1360 2382 non
1373 2354 1444 2382 enim
1462 2352 1580 2390 amplius
1591 2356 1680 2383 nostri

891 2401 1012 2436 ipsorum
1027 2400 1131 2428 domini
1159 2407 1268 2433 sumus,
1289 2400 1337 2428 sed
1359 2400 1406 2428 ille
1429 2400 1477 2434 qui
1499 2408 1551 2429 nos
1580 2402 1681 2430 coemit

890 2447 1022 2475 Dominus
1034 2451 1087 2480 est,
1106 2454 1157 2474 nos
1183 2451 1275 2474 autem
1297 2446 1358 2481 ejus
1374 2446 1498 2474 dominio
1520 2448 1681 2483 mancipati.

892 2491 969 2519 Illius
984 2499 1047 2527 ergo
1061 2492 1190 2520 voluntas
1212 2492 1292 2520 nobis
1312 2500 1361 2526 pro
1373 2492 1431 2528 lege
1443 2493 1552 2520 vivendi
1581 2501 1682 2529 propo—

893 2537 946 2564 sita
962 2537 1008 2564 sit.
1019 2536 1055 2564 Ut
1069 2537 1141 2565 enim
1154 2545 1216 2565 cum
1232 2545 1305 2565 mors
1317 2538 1460 2573 impotenti
1473 2538 1616 2566 dominatu
1627 2546 1679 2567 nos

894 2588 1042 2618 premeret,
1059 2583 1163 2618 peccati
1180 2583 1223 2611 lex
1237 2583 1265 2610 in
1281 2583 1360 2611 nobis
1387 2584 1478 2611 omnia
1501 2583 1680 2612 adminisua-

894 2628 951 2662 bat,
973 2628 1024 2662 sic,
1042 2629 1153 2664 quando
1169 2629 1230 2656 vita:
1240 2629 1297 2664 jam
1318 2629 1420 2657 addicti
1439 2637 1546 2662 sumus,
1558 2637 1608 2664 par
1624 2631 1680 2658 uti-

1398 2735 1419 2751 ⁸³
1440 2733 1583 2762 l'l‘imoth.
1601 2739 1632 2764 ιι,
1649 2731 1678 2761 θ»
