1922 3078
216 76 270 103 265

841 69 869 96 S.
890 65 1054 115 CRECOlill
1072 66 1220 95 NYSSl-LM

1794 66 1847 92 ‘iiii

217 141 270 168 que
287 133 333 164 sit,
346 135 375 160 ut
389 131 476 168 ipsius
495 139 586 159 rerum
604 131 733 166 patientis
747 129 861 156 arbitrio
871 128 1003 164 guberne-

1059 134 1150 161 ναμεν,
1164 126 1311 160 ἀναγκαῖον
1328 124 1360 151 ἂν
1376 125 1430 160 εἴη.
1448 125 1515 160 πρὸς
1530 125 1580 160 τὴν
1607 124 1761 161 κρατοῦσαν
1783 125 1847 159 μεθ-

219 187 291 210 mur,
305 186 339 206 ne
355 179 464 213 quando
479 186 494 205 a
513 177 575 204 vita:
590 177 728 204 voluntate
745 183 792 210 per
807 178 947 209 peceatum
961 180 1003 199 re-

219 224 471 255 cedentes.rursns
487 221 520 249 ad
544 220 698 256 improbum
722 219 818 247 mortis
840 219 868 245 in
898 217 1004 244 animos

218 273 331 297 tiastros
361 268 532 296 dominatum
564 267 637 294 ultro
658 265 828 293 delabamur.
859 263 906 291 Illa
940 269 1005 290 vero

218 315 348 351 cogitatio
375 321 425 342 nos
442 313 574 348 astringet
590 312 704 339 Domino
718 312 750 343 ",
768 312 790 338 si
808 317 869 337 eum
885 317 900 336 a
920 308 1005 336 Paulo

219 365 277 389 tum
290 361 395 388 Pascha
411 361 444 393 ι’,
469 364 527 387 tum
556 359 726 387 sacerdotem
755 357 920 393 appellatum
943 363 1005 383 esse

220 407 426 434 audiverimus:
444 414 494 442 pro
510 405 591 433 nobis
605 405 678 432 enim
697 411 761 431 vere
788 402 892 430 Pascha
908 402 1005 428 immo-

220 453 293 480 latus
316 456 358 480 est
373 452 512 482 Christus,
526 450 659 479 sacerdos
671 454 762 477 autem
779 448 943 476 sacriﬁcium
958 448 1006 475 ob-

221 497 285 524 tulit
297 496 352 524 Deo
374 497 445 524 idem
473 496 532 531 ipse
549 495 687 524 Christus.
708 504 717 521 ι
735 494 860 529 Seipsum
887 493 972 524 enim,
993 501 1003 519 ι

221 543 323 577 inquit,
355 552 364 569 ι
382 542 494 570 tradidit
518 541 684 569 oblationem
702 546 729 568 et
745 540 862 567 hestiam
881 547 932 574 pro
956 546 1006 565 no-

221 589 264 617 bis
277 590 309 616 ¹⁷.
328 598 337 614 ι
369 589 436 622 Quae
463 589 574 623 quidem
592 588 673 615 nobis
689 587 854 614 documento
871 590 946 618 sunt,
977 590 1006 612 ut

221 635 269 670 qui
282 634 423 662 Christum
436 633 492 661 Deo
506 641 537 661 se
555 633 721 660 oblationem
736 637 762 659 et
776 632 892 658 hostiam
916 630 1007 658 dedis-

222 688 262 714 se,
274 684 301 708 et
319 680 421 707 factum
438 687 499 707 esse
515 678 618 706 Pascha
635 678 717 711 videt,
740 678 797 712 ipse
812 684 921 712 quoque
943 683 1006 702 eor-

221 733 273 760 pus
289 733 369 753 suum
388 724 442 752 Deo
457 724 574 751 hostiam
602 724 748 754 viventem,
776 727 910 752 sanetam,
939 721 1007 748 bene

221 770 374 806 placentem
407 770 546 802 exhibeat,
579 765 742 797 rationabile
774 767 935 802 obsequium
967 767 1006 794 ta-

221 819 284 844 ctus
302 816 341 843 "z
358 815 529 844 sacrificandi
543 819 633 843 autem
651 814 750 841 modus
766 817 818 845 est,
838 819 867 840 ut
882 821 915 840 ne
939 819 1007 840 con-

222 861 356 888 formetur
371 861 436 888 huic
452 861 564 892 smculo,
579 861 625 888 sed
640 859 854 887 translurmetur
871 859 898 886 in
928 866 1009 886 reno-

221 907 357 933 rationem
375 906 476 932 mentis
487 913 553 937 sum,
568 909 597 932 ut
624 905 720 939 probet
745 912 806 939 qua:
821 905 857 931 sit
881 904 1008 932 voluntas

222 950 268 977 Dei
290 951 373 981 bona,
398 954 426 977 et
457 943 648 985 beneplacens,
677 954 704 977 et
723 950 843 985 perfecta
859 950 890 977 ⁸⁸.
915 949 1008 985 Neque

214 996 293 1023 .enim
312 995 340 1022 in
355 1003 448 1028 carne,
462 996 533 1023 bona
550 995 595 1023 Dei
629 996 757 1022 voluntas
772 995 880 1023 ostendi
908 1000 1007 1031 potest,

221 1041 275 1069 nisi
289 1050 321 1069 ex
338 1042 450 1077 spiritus
465 1041 523 1076 lege
541 1041 696 1068 saeriiicata
710 1042 763 1070 sit:
787 1042 1007 1077 quandoquidem

223 1086 368 1121 prudentia
382 1087 474 1114 carnis
491 1086 603 1113 inimica
618 1092 660 1114 est
673 1086 738 1118 Deo,
754 1092 780 1114 et
794 1088 845 1122 legi
880 1087 926 1114 Dei
954 1095 1007 1114 non

220 1135 264 1160 est
279 1132 403 1167 subjecta
415 1132 449 1158 ¹⁰.
469 1131 616 1165 Quocirca,
633 1133 684 1160 nisi
701 1134 778 1168 prius
798 1141 864 1160 caro
895 1133 1009 1159 tuorliii-

215 1178 292 1205 .eatis
307 1178 447 1209 membris,
465 1186 526 1213 quae
550 1183 614 1206 sunt
630 1187 712 1214 super
733 1183 833 1207 terram
846 1181 880 1211 ",
908 1180 1008 1214 quibus

214 1223 401 1258 .obsequimur
417 1224 560 1258 appetitui,
579 1233 626 1260 per
639 1225 756 1252 hostiam
773 1226 906 1253 viventem
922 1226 1008 1253 sacri-

223 1268 330 1301 ﬁcetur,
352 1268 535 1304 beneplacens
549 1275 575 1296 et
589 1270 708 1305 perfecta
734 1270 780 1298 Dei
795 1271 922 1297 voluntas
946 1272 1007 1298 sine

217 1314 418 1349 impedimento
435 1322 488 1342 non
506 1319 596 1350 potest
607 1316 635 1343 in
650 1317 705 1343 vita
723 1316 891 1343 credentium
915 1316 1008 1343 obser-

222 1359 292 1387 vari.
310 1358 356 1386 Sic
371 1359 454 1387 etiam
469 1359 534 1387 dum
553 1359 681 1389 Christus
702 1361 729 1388 in
749 1361 861 1396 proprio
873 1362 1008 1396 sanguine

222 1405 380 1441 propitiatio
396 1406 772 1439 consideratur,edocemur,
799 1412 828 1434 ut
855 1415 906 1435 nos
939 1408 1006 1435 item

1055 171 1224 207 αρμοσθῆναι
1240 170 1317 206 ἡμῶν
1334 170 1382 205 τὴν
1399 169 1551 201 πολιτείαν,
1567 170 1604 204 μή
1624 177 1690 196 ποτε
1705 170 1756 205 τῆς
1774 170 1847 204 ζωῆς

1055 217 1280 253 παρατραπέντες
1298 216 1459 251 θελήματος,
1476 215 1558 242 πάλιν
1574 216 1641 251 πρὸς
1663 216 1708 243 τὸν
1729 216 1847 251 πονηρὶν

1055 264 1109 291 τῶν
1120 263 1214 298 ψυχῶν
1227 262 1305 298 ἡμῶν
1315 262 1454 297 τύραννον,
1463 262 1508 289 τὸν
1521 261 1635 289 Θάνατον
1647 261 1728 296 λέγω,
1738 261 1783 288 διὰ
1797 263 1847 296 τῆς

1056 309 1193 344 ἁμαρτίας
1208 307 1448 343 αὑτομολήσωμεν.
1466 308 1497 334 'H
1514 307 1541 334 δὴ
1556 307 1625 342 αὑτὴ
1642 308 1746 335 διάνο;α
1761 315 1848 341 προσ‹

1055 355 1191 382 οικειωσει
1207 355 1281 389 ἡμᾶς
1294 354 1333 389 τῷ
1348 353 1469 389 Χριστῷ,
1485 353 1537 381 κᾶν
1552 354 1648 388 Πάσχα
1667 354 1749 382 αὑτὸν
1763 352 1846 387 εἶναι,

1055 400 1108 427 κᾶν
1121 400 1261 436 ἀρχιερέα,
1276 399 1351 435 παρὰ
1365 399 1412 426 τοῦ
1428 399 1536 427 Παύλου
1557 399 1729 436 ἀκούσωμεν.
1747 400 1846 435 Ἐτύῦη

1055 447 1110 482 γὰρ
1122 446 1159 478 ὡς
1171 446 1278 482 ἀληθῶς
1293 446 1363 481 ὑπὲρ
1377 445 1455 482 ἡμῶν
1471 446 1504 472 τὸ
1527 446 1622 483 Πάσχα
1637 447 1754 482 Χριστός
1765 455 1773 462 ’
1787 447 1846 475 ἀλλ’

1055 495 1070 520 6
1085 494 1185 528 ἱερεὺς,
1207 493 1353 528 προσάγων
1368 492 1407 528 τῷ
1425 492 1485 528 Θεῷ
1499 492 1549 528 τὴν
1568 492 1673 524 θυσίαν,
1699 494 1750 520 οὐκ
1767 493 1846 525 ἄλλος

1055 539 1097 570 τίς
1113 539 1171 564 ἐστι
1197 539 1263 572 παρ’
1280 538 1361 564 αὐτὸν
1372 537 1418 565 τὸν
1439 539 1566 573 Χριστόν.
1586 548 1595 564 ι
1616 539 1726 566 Ἑαυτὸν
1742 539 1814 574 γὰρ,
1834 548 1844 564 ι

1057 583 1133 616 φησὶ,
1144 592 1152 607 ι
1163 582 1294 617 ἀνήνεγκε
1311 582 1468 617 προσφορὰν
1483 583 1531 609 καὶ
1544 583 1640 610 θυσίαν
1654 583 1724 618 ὑπὲρ
1735 583 1844 618 ἡμῶν.»

1057 627 1162 654 Οὐκοῦν
1185 627 1265 654 τοῦτο
1288 628 1332 654 διὰ
1359 627 1460 655 τούτων
1487 628 1675 664 μανθάνομεν,
1705 629 1746 656 ὅτι
1778 630 1846 665 πρὸς

1057 674 1160 702 ἐκεῖνον
1171 674 1287 709 βλέπων,
1301 674 1345 701 τὸν
1358 675 1452 702 ἑαυτὸν
1463 676 1672 710 προσαγαγόντα
1687 676 1847 713 προσφορὰν

1059 721 1104 747 καὶ
1119 720 1224 753 Θυσίαν,
1233 720 1329 755 Πάσχα
1338 722 1492 756 γενόμενον,
1502 722 1549 748 καὶ
1556 721 1637 753 αὐτὸς
1649 721 1744 748 ἑαυτὸν
1757 730 1848 757 παρα-

1059 765 1153 800 στήσει
1166 765 1205 800 τῷ
1223 765 1283 800 Θεῷ
1293 764 1388 791 θυσίαν
1404 764 1506 796 ζῶσαν,
1525 765 1615 799 ἁγίαν,
1629 766 1786 801 εὐάρεστον.
1801 765 1847 792 λο‹

1058 811 1124 846 γικὴ
1139 811 1251 847 λατρεία
1265 810 1410 846 γενόμενος
1420 819 1427 826 ·
1442 812 1457 837 6
1468 810 1496 837 δὲ
1515 811 1614 846 τρόπος
1624 811 1673 847 τῆς
1690 813 1848 848 ἱερουργίας

1059 857 1128 888 ἐστὶ,
1141 856 1170 883 τὸ
1190 857 1228 892 μὴ
1247 857 1498 892 συσχηματίζεσθαι
1513 856 1553 892 τῷ
1575 857 1651 883 αἰῶνι
1670 858 1767 892 τούτῳ,
1779 857 1848 884 ἀλλὰ

1060 901 1299 938 μεταμορφοῦσθαι
1310 904 1342 938 τῇ
1367 902 1549 929 ἀνακαινώσει
1565 903 1612 929 τοῦ
1629 903 1687 935 νοὸς
1710 904 1803 936 αὐτοῦ,
1819 905 1847 930 ἐν

1059 947 1097 982 τῷ
1109 947 1276 982 δοκιμάζειν,
1292 947 1318 974 τί
1331 947 1362 975 τὸ
1376 947 1482 983 θέλημα
1492 948 1538 975 τοῦ
1552 948 1619 976 Θεοῦ
1633 949 1662 976 τὸ
1678 949 1790 983 ἀγαθὸν,
1801 951 1847 977 καὶ

1059 994 1222 1029 εὐάρεστον.
1245 994 1293 1021 καὶ
1319 994 1431 1021 τέλειον.
1456 994 1492 1021 Οὐ
1522 994 1577 1030 γὰρ
1600 995 1658 1022 ἔστι
1681 995 1772 1031 ζώσης
1797 997 1847 1030 τῆς

1060 1040 1170 1075 σαρκὸς,
1180 1040 1226 1066 καὶ
1237 1039 1274 1075 μὴ
1285 1040 1356 1067 κατὰ
1367 1040 1412 1067 τὸν
1424 1041 1608 1076 πνευματικδν
1622 1041 1848 1077 ίερουργηοείσης

1059 1086 1151 1121 νόμον,
1164 1086 1193 1112 τὺ
1217 1085 1318 1120 ἀγαθὸν
1331 1085 1378 1112 τοῦ
1395 1085 1463 1113 Θεοῦ
1485 1086 1591 1121 θέλημα
1609 1087 1639 1113 ὲν
1658 1087 1725 1122 αὐτῇ
1741 1086 1848 1122 δειχθῆ-

1058 1140 1102 1158 ναι
1114 1140 1120 1146 ’
1132 1132 1199 1158 διότι
1213 1131 1242 1158 τὸ
1268 1131 1394 1166 φρόνημα
1406 1131 1455 1166 τῆς
1478 1131 1589 1167 σαρκὸς,
1605 1131 1689 1167 ἔχθρα
1712 1133 1753 1164 εἰς
1769 1132 1846 1164 Θεὸν.

1059 1177 1106 1203 καὶ
1123 1177 1163 1212 τῷ
1186 1177 1260 1212 νόμῳ
1287 1177 1332 1203 τοῦ
1345 1176 1412 1203 Θεοῦ
1430 1177 1478 1212 οὐχ
1497 1177 1689 1206 ὑποτάσσεται.
1707 1177 1775 1205 Οὐδὲ
1793 1178 1847 1212 γὰρ

1059 1223 1181 1254 δύναται,
1205 1223 1257 1253 ἓως
1281 1222 1314 1249 ἂν
1333 1222 1366 1257 ζῇ
1392 1223 1409 1257 ὴ
1435 1220 1562 1259 σὰρξ,ἦς
1578 1223 1623 1250 διὰ
1649 1223 1697 1257 τῆς
1714 1223 1847 1255 ζωοποιοῦ

1059 1269 1154 1301 θυσίας
1170 1269 1404 1304 ίερουργηθείσης,
1419 1268 1462 1295 διὰ
1471 1268 1519 1295 τοῦ
1538 1269 1674 1304 νεκρῶσαι
1685 1269 1718 1296 τὰ
1735 1269 1782 1296 ἐπὶ
1795 1271 1847 1304 γῆς

1061 1314 1184 1350 μὲλη,δι’
1206 1311 1244 1342 ὧν
1258 1315 1409 1349 ἐνεργεῖται
1428 1314 1463 1340 τὰ
1485 1314 1576 1349 πάθη,
1593 1314 1795 1350 ἀνεμποδίστως
1817 1316 1848 1342 τὸ

1059 1361 1206 1396 εὐάρεστον
1221 1360 1268 1388 καὶ
1283 1360 1384 1387 τέλειον
1411 1361 1515 1396 θέλημα
1538 1360 1584 1387 τοῦ
1608 1361 1675 1387 Θεοῦ
1692 1362 1720 1387 ἑν
1741 1363 1774 1397 τῇ
1790 1362 1847 1398 ζωῇ

1061 1407 1134 1442 αὑτῷ
1161 1406 1382 1433 πεπιστευκότων
1404 1406 1653 1442 κατορθωθήσεται.
1675 1406 1770 1438 Οὕτως
1800 1408 1848 1434 καὶ

221 1451 304 1479 nobis
317 1451 384 1486 ipsis
399 1452 556 1487 propitiatio
580 1453 677 1486 simus,
697 1457 724 1480 et
752 1453 873 1480 membra
891 1454 1007 1480 mortiﬁ-

1062 1452 1216 1488 ἱλαστήριον
1236 1452 1266 1478 ἐν
1280 1451 1319 1487 τῷ
1335 1451 1392 1486 ἰδίῳ
1420 1451 1517 1487 αἵματι
1532 1453 1546 1478 6
1560 1452 1676 1488 Χριστὸς
1692 1452 1848 1488 νοούμενος,

222 1502 316 1526 cantes
332 1498 437 1525 animos
445 1497 592 1526 reddamus
602 1498 781 1526 immortales.
793 1499 907 1532 Quando
916 1503 1007 1527 autem

222 1544 316 1579 gloria:
334 1544 463 1579 splendor
476 1548 503 1571 et
519 1544 604 1580 ﬁgura
619 1544 781 1572 substantia:
793 1545 920 1572 Christus
941 1545 1009 1572 dici-

215 1590 316 1621 .tnr“,
347 1589 389 1616 his
422 1590 513 1616 verbis
547 1589 715 1616 adorandum
747 1589 807 1625 eius
839 1590 1008 1625 maiestatem

216 1639 313 1663 .mente
345 1635 527 1669 concipimus.
560 1634 662 1662 Paulus
681 1635 754 1661 enim
784 1635 878 1662 divino
904 1635 1008 1671 Spiritu

216 1679 342 1709 ,aﬂlatus.
364 1686 392 1707 et.
421 1688 484 1707 vere
498 1680 597 1710 doctus
614 1687 629 1706 a
644 1679 710 1712 Deo,
732 1680 779 1715 qui
808 1681 836 1708 in
865 1681 1010 1709 altitudine

221 1726 380 1753 divitiarum
392 1730 418 1753 et
434 1726 576 1761 sapientia:
598 1730 625 1753 et
643 1726 765 1754 scientia:
790 1725 837 1753 Dei
855 1726 1009 1754 divinorum

223 1771 416 1807 mysteriorum
433 1779 533 1798 arcana
553 1775 579 1798 et
603 1771 747 1798 recondita
778 1775 917 1799 scrutatus
944 1773 1011 1798 l'ue—

219 1824 266 1847 ,rat
281 1819 315 1851 ",
336 1826 397 1845 cum
414 1819 448 1846 ad
463 1819 596 1847 divinitus
613 1819 665 1847 sibi
693 1822 820 1846 ostensos
849 1819 1010 1855 splendores

223 1872 316 1892 earum
328 1872 423 1891 rerum
436 1872 496 1900 qum
507 1864 629 1900 indagari
642 1864 858 1900 investigarique
870 1868 1010 1898 nequeunt

222 1909 403 1938 declarandos
434 1910 527 1945 lingua
560 1911 724 1938 imbecillior
754 1914 838 1942 esset,
874 1915 1010 1945 quatenus

221 1961 302 1981 suam
319 1954 406 1990 ipsius
422 1954 450 1982 in
462 1955 593 1990 mysterio
607 1954 815 1990 intelligentiam
832 1962 913 1982 aures
937 1956 1010 1983 exci-

220 1999 361 2035 pientium
398 2004 540 2035 caperent,
567 2000 814 2036 signiﬁcationibus
845 2000 1009 2035 quibusdam

220 2045 420 2080 subindieavit,
445 2050 550 2074 tantum
574 2046 701 2074 videlicet
726 2047 852 2082 loquens,
877 2051 1010 2082 quantum

219 2090 381 2125 cogitationi
427 2082 550 2118 serviens
588 2092 676 2119 oratio
712 2095 818 2127 poterat
861 2092 1008 2126 explicare.

1059 1497 1179 1524 διδάσκει
1193 1496 1239 1523 τὸν
1260 1496 1348 1524 ταῦτα
1371 1497 1514 1532 νοήσαντα,
1534 1496 1615 1523 αὑτὸν
1639 1497 1755 1524 ἕκαστον
1772 1498 1850 1531 γενέ-

1061 1543 1123 1569 σθαι
1142 1542 1231 1580 ἑαυτῷ
1246 1542 1410 1578 ἱλαστήριον,
1436 1542 1479 1569 διὰ
1497 1543 1547 1577 τῆς
1565 1542 1619 1569 τῶν
1636 1543 1724 1578 μελῶν
1743 1543 1850 1579 νεκρὼ-

1061 1596 1129 1619 σεως
1143 1587 1192 1623 τὴν
1205 1587 1293 1622 ψυχὴν
1307 1587 1498 1621 ἀφαγνίζοντα.
1515 1587 1599 1614 ὀταν
1618 1587 1646 1615 δὲ
1665 1587 1744 1623 δόξης
1758 1588 1849 1615 ἀπαύ-

1061 1641 1156 1668 γασμα
1169 1653 1177 1665 ,
1207 1633 1255 1659 καὶ
1281 1633 1425 1668 χαρακτὴρ
1451 1633 1627 1665 ὑποστάσεως
1643 1635 1658 1660 6
1671 1634 1790 1670 Χριστὸς
1806 1634 1850 1661 λέ-

1060 1687 1142 1714 γηται
1155 1679 1205 1714 τῆς
1219 1680 1458 1715 προσκυνουμένης
1477 1679 1560 1707 αὑτοῦ
1587 1680 1782 1716 μεγαλωσύνης
1805 1680 1852 1709 διὰ

1060 1725 1114 1751 τῶν
1132 1726 1264 1760 ῥημάτων
1278 1724 1380 1753 τούτων
1393 1726 1442 1757 τὰς
1453 1726 1557 1757 ἑννοίας
1566 1725 1805 1761 ἀναλαμϐάνομεν.
1821 1726 1850 1753 '0

1060 1772 1115 1808 γὰρ
1125 1772 1300 1804 θεόπνευστος
1311 1772 1347 1804 ὡς
1365 1772 1472 1807 ἀληθῶς
1487 1772 1535 1802 καὶ
1548 1773 1715 1805 θεοδίδακτος
1730 1773 1850 1806 Παῦλος,

1060 1818 1075 1844 6
1090 1819 1118 1844 ὲν
1134 1818 1174 1853 τῷ
1188 1818 1264 1853 βάθει
1276 1818 1324 1845 τοῦ
1341 1817 1455 1847 πλούτου
1474 1819 1523 1853 τῆς
1540 1818 1635 1853 σοφίας
1653 1819 1701 1849 καὶ
1717 1818 1768 1854 τῆς
1784 1819 1851 1852 γνῶν

1062 1871 1131 1895 σεως
1146 1863 1192 1890 τοῦ
1205 1863 1285 1896 Θεοῦ,
1299 1863 1334 1890 τὰ
1362 1863 1447 1899 ἄδηλα
1463 1865 1510 1891 καὶ
1524 1864 1558 1891 τὰ
1575 1863 1677 1900 κρύφια
1696 1864 1752 1891 τῶν
1769 1864 1850 1892 θείων

1063 1909 1219 1945 μυστηρίων
1234 1909 1455 1945 διερευνώμενος,
1473 1909 1523 1941 τὰς
1539 1910 1683 1946 γινομένας
1698 1910 1773 1945 αὐτῷ
1789 1911 1850 1937 θεέ-

1061 1955 1107 1983 θεν
1127 1956 1274 1991 ὲλλάμψεις
1290 1956 1356 1991 περὶ
1376 1956 1428 1991 τῆς
1450 1955 1505 1982 τῶν
1523 1956 1740 1992 ὰνεξεριυνήτων
1755 1965 1786 1983 τε
1802 1957 1852 1983 καὶ

1061 2001 1270 2036 ἁνεξιχνιάστων
1286 2002 1494 2037 κατανοήσεως,
1510 2002 1680 2038 ἀτονωτέραν
1703 2003 1776 2038 ἔχων
1800 2004 1850 2038 τῆς

1060 2046 1179 2078 διανοίας
1194 2046 1243 2081 τὴν
1257 2046 1390 2080 γλῶτταν,
1410 2046 1502 2078 καθὼς
1514 2046 1639 2082 ἑχώρειή
1655 2047 1723 2083 ἀκοὴ
1739 2048 1795 2074 τῶν·
1806 2047 1850 2074 ’Σε-

1061 2092 1184 2127 χομένων
1199 2092 1248 2127 τὴν
1265 2091 1372 2119 σύνεσιν
1387 2092 1537 2128 αὺτοῦ,τὴν
1546 2093 1576 2119 ἑν
1592 2092 1631 2128 τῷ
1650 2093 1803 2129 μυστηρίῳ,
1816 2094 1849 2120 δι’

223 2135 291 2162 Nam
311 2143 374 2162 eum
394 2137 493 2163 omnia
516 2144 577 2172 quae
602 2137 629 2164 in
653 2141 779 2165 naturam
805 2144 833 2164 et
860 2138 1007 2173 potentiam

1061 2137 1232 2172 αἰνιγμάτων
1245 2137 1327 2164 τινῶν
1338 2137 1492 2173 ὑπέδειξεν
1503 2138 1566 2167 ὅσον
1577 2138 1723 2174 ὑπουργεῑν
1735 2140 1767 2174 τῇ
1790 2139 1850 2166 δια-

218 2180 370 2208 ‘Jtumanam
398 2180 501 2210 eadunt
519 2182 552 2210 de
576 2186 673 2211 natura
698 2182 789 2210 divina
823 2184 1009 2218 cognovisset,

219 2233 358 2260 supremae
387 2225 462 2255 illius
487 2227 613 2255 essentia:
650 2228 785 2256 rationem
806 2228 889 2256 nullis
913 2229 1011 2256 huma-

219 2270 267 2298 nis
296 2271 510 2306 cogitationibus
540 2272 601 2308 capi
638 2273 887 2310 comprehendique
929 2281 1011 2310 posse

218 2315 402 2345 demonstrat.

257 2407 381 2443 'ltemque
393 2415 456 2437 cum
474 2417 507 2437 ea
521 2417 582 2445 quae
594 2409 628 2438 de
641 2410 700 2446 ipsa
720 2411 942 2445 considerantur,
957 2419 1008 2447 pa-

220 2460 284 2481 cem
301 2452 443 2487 nimirum,
458 2454 596 2487 virtutem,
609 2460 636 2483 et
655 2456 752 2490 vitam,
776 2461 803 2484 et
818 2456 964 2492 justitiam,
982 2462 1010 2485 et

221 2499 324 2531 ducem,
353 2503 381 2527 et
401 2501 556 2533 veritatem,
577 2507 604 2529 et
620 2502 646 2529 id
663 2510 750 2537 genus
778 2503 831 2530 alia
859 2509 1009 2538 perseque-

222 2547 313 2576 retur,
332 2545 467 2573 rationem
482 2546 570 2582 ipsius
597 2548 711 2575 omnino
730 2555 811 2583 posse
825 2548 934 2583 concipi
960 2556 1010 2576 ne-

221 2590 315 2624 gavit:
332 2589 418 2622 Deum
437 2592 510 2619 enim
524 2600 576 2620 nee
593 2593 681 2620 visum
700 2600 818 2628 unquam
846 2592 944 2625 fuisse,
959 2600 1011 2621 nec

225 2635 314 2663 visunt
332 2636 376 2664 iri.
407 2646 416 2663 ι
435 2637 520 2670 Quem
549 2639 641 2666 nullus
667 2647 678 2663 ›
710 2638 810 2673 inquit,
839 2648 847 2664 ι
865 2639 1007 2667 hominum

266 2736 288 2752 "
304 2736 313 2763 Ι
327 2737 391 2765 Cor.
411 2746 436 2769 ν,
454 2738 480 2766 7.

529 2738 648 2774 ¹[11ο1π.
663 2745 711 2767 vn.
727 2738 755 2765 ll
775 2746 835 2774 sqq.

224 2772 246 2787 ²⁰
262 2770 340 2799 Rom.
359 2781 419 2806 VIII,
435 2773 461 2800 6.
500 2773 522 2789 "
539 2772 644 2800 Coloss.
663 2781 705 2806 Ill,
721 2773 746 2802 5.

784 2775 806 2790 ¹²
818 2774 900 2803 llebr.
918 2785 935 2809 t,
954 2776 980 2803 5.

886 2740 908 2756 ¹’
926 2740 935 2767 1
950 2739 1074 2777 Τίιῐιοιιιἒ
1089 2749 1118 2777 tt.
1136 2741 1173 2774 6;
1191 2742 1290 2777 Epltes.
1307 2752 1333 2776 ν,
1347 2744 1376 2772 2.

1019 2776 1042 2792 ⁸³
1055 2774 1075 2802 ΙΙ
1092 2775 1155 2802 Cor.
1178 2774 1227 2809 κη’,
1250 2778 1275 2805 4.

1062 2182 1121 2218 νοία
1137 2182 1258 2214 δυνατῶς
1283 2180 1355 2218 εἶχεν
1374 2183 1390 2209 6
1409 2183 1497 2217 λόγος,
1511 2183 1638 2211 τοσοῦτον
1652 2184 1849 2220 φθεγγόμενος.

1062 2228 1155 2256 Πάντα
1165 2228 1218 2264 γὰρ
1241 2229 1291 2255 ὃσα
1310 2230 1394 2263 χωρεῖ
1415 2230 1432 2264 ἡ
1444 2229 1601 2266 ἀνθρωπίνη
1620 2230 1746 2266 δύναμις,
1762 2239 1850 2261 κατα-

1061 2274 1172 2309 νοήσας,
1191 2273 1335 2307 ἀνέφικτύν
1353 2283 1383 2300 τε
1402 2275 1449 2302 καὶ
1470 2275 1653 2311 ἀνεπίληπτον
1668 2275 1851 2311 ἀνθρωπίνοις

1060 2319 1202 2355 λογισμοῖς
1219 2319 1265 2346 τὸν
1278 2319 1328 2354 τῆς
1342 2320 1542 2356 ὑπερκειμένης
1557 2321 1650 2353 οὐσίας
1664 2322 1850 2358 προσφέρεται

1060 2364 1148 2398 λόγον.
1867 2392 1868 2395 η

1070 2433 1077 2440 .
1097 2411 1142 2438 Διὸ
1164 2411 1198 2438 τὰ
1219 2412 1284 2447 περὶ
1300 2411 1389 2438 αὐτῶν
1412 2412 1586 2448 θεωρούμενα
1603 2413 1700 2448 λέγων,
1725 2415 1848 2450 εἰρήνην,

1062 2457 1109 2483 καὶ
1127 2456 1249 2492 δύναμιν,
1264 2457 1313 2484 καὶ
1326 2457 1407 2492 ζωὴν,
1435 2459 1481 2485 καὶ
1503 2458 1685 2494 δικαιοσύνην.
1708 2459 1756 2486 καὶ
1778 2460 1848 2495 φῶς,

1061 2503 1110 2529 καὶ
1127 2502 1267 2537 ἀλήθειαν,
1282 2503 1328 2529 καὶ
1345 2503 1379 2530 τὰ
1391 2503 1517 2531 τοιαῦτα⁹
1531 2504 1577 2531 τὸν
1592 2505 1656 2540 περὶ
1672 2505 1759 2540 αὐτῆς
1778 2505 1850 2532 ὲκεί-

1060 2557 1110 2584 νης
1123 2549 1211 2583 λόγον,
1230 2548 1351 2583 ἄληπτον
1365 2547 1435 2576 εἶναι
1449 2550 1588 2582 παντελῶς
1597 2551 1750 2587 διωρίσατο,
1764 2551 1849 2578 εἰπὼν

1062 2595 1131 2628 μήτε
1154 2594 1292 2629 ἑωρᾶσθαι
1315 2604 1381 2622 ποτε
1407 2595 1453 2623 τὸν
1473 2596 1551 2627 Θεὸν.
1579 2599 1646 2633 μήτε
1671 2597 1846 2632 ὀφθήσεσθαι.

1065 2649 1074 2665 ι
1098 2640 1146 2666 ’¹ον
1159 2637 1223 2673 εἶδε,
1245 2649 1253 2666 ι
1269 2641 1334 2677 γὰρ,
1355 2641 1446 2676 φησὶν,
1465 2652 1475 2667 ι
1495 2642 1592 2676 οὐδεὶς,
1614 2642 1674 2669 οὐδὲ
1690 2643 1754 2669 ἰδεῖν
1769 2642 1847 2670 δύνο-

1428 2744 1449 2761 "
1464 2744 1544 2772 Rom.
1558 2752 1605 2777 xu,
1621 2745 1644 2771 Ι.
1698 2743 1720 2759 ⁸⁸
1735 2743 1801 2772 ibid.
1817 2743 1851 2783 5-¹
