1922 3078
66 112 113 140 269

578 113 621 140 DE
641 113 820 142 PERFECTA
835 113 1030 142 CHRISTIANI
1044 115 1173 144 FOItMA.

1634 119 1689 149 9.70

66 179 114 196 των
140 170 227 205 πέτρα
251 170 297 197 καὶ
321 171 400 205 ἡμεῖς
418 170 544 205 ἐσόμεθα,
566 171 738 206 μιμούμενοι,
763 171 850 203 καθώς

908 178 958 199 nos
970 171 1034 199 item
1049 174 1152 201 erimus
1167 178 1253 208 petra,
1272 174 1298 201 in
1311 178 1407 202 natura
1425 176 1513 212 fragili
1533 178 1638 207 firmum
1659 185 1686 207 et

65 218 118 243 ὲστι
139 217 265 248 δυνατὸν,
288 217 318 242 ὲν
336 217 369 251 τῇ
387 218 490 252 τρεπτῇ
510 216 589 251 φύσει
607 217 637 243 τὸ
655 217 786 252 ἄτρεπτον
807 216 853 243 τοῦ

65 262 195 288 Δεσπότου
219 262 267 288 καὶ
284 263 459 298 ἀμετάθετον.
482 262 512 288 Εἰ
537 262 565 288 δὲ
583 262 597 287 ὁ
612 263 692 293 αὐτὸς
708 261 783 297 παρὰ
806 261 852 288 τοῦ

65 307 143 341 σι)ῗοῦ
157 308 350 342 ἀρχιτέκτονος
368 307 415 333 καὶ
439 307 562 342 θεμέλιος
581 307 708 338 πίστεως,
729 307 774 333 καὶ
800 315 853 341 γω-

64 353 116 384 νίας
139 353 248 389 κεφαλὴ
273 353 446 388 ὀνομόζεται,
468 353 528 379 οὐδὲ
549 352 626 379 τοῦτο
644 353 710 387 πρὸς
735 354 782 386 τὴν
805 353 852 379 τοῦ

63 399 119 424 κατ’
136 398 238 434 ἀρετὴν
265 399 323 433 βίου
352 399 529 434 συνεκφορὰν
554 399 697 429 ἀσυντελὲς
713 400 778 433 ἡμῖν
794 399 851 425 επι-

63 443 243 478 δειχθήσεται.
258 444 443 479 Διδασκὸμεθα
455 444 508 479 γὰρ
523 443 566 470 διὰ
582 444 693 474 τούτων,
708 445 748 470 ὅτι
764 444 851 479 πάσης

62 488 166 523 ἀγαθῆς
183 488 330 520 πολιτείας,
344 489 389 514 καὶ
405 489 502 519 mm;
518 487 620 522 ἀγαθοῦ
646 488 803 522 μαθήματός
821 496 851 514 τε

63 535 106 560 καὶ
121 534 349 570 ἐπιτηδεύματος,
366 535 410 561 καὶ
426 535 496 570 ἁρχὴ
513 535 558 561 καὶ
578 536 653 565 τόλος
673 535 746 560 ἐστὶν
765 535 778 560 ὁ
793 533 850 560 Κύ-

64 588 128 614 ριος.
156 580 192 606 Ἦ
210 589 239 606 τε
258 581 312 615 γὰρ
336 580 412 612 ἐλπὶς
427 580 469 615 (ἣν
494 580 553 606 ἀντὶ
580 579 699 614 κεφαλῆς
727 579 849 614 νοοῦμεν,

63 625 129 659 πρὸς
151 625 186 660 ἦν
202 626 291 652 πάντα
310 625 413 660 βλέπει.
439 625 473 651 τὰ
497 626 556 651 κατε
580 624 678 660 ἀρετὴν
702 623 850 655 σπουδαζό-

63 669 141 702 μενα)
162 669 266 700 ἐκεῖνός
290 669 373 698 ἐστιν,
399 667 484 699 οὕτως
498 668 690 702 ὠνομασμένος
710 668 784 703 παρὰ
803 667 848 693 τοῦ

63 713 181 745 Παύλου,
204 713 250 740 καὶ
274 715 291 748 ἠ
310 713 381 749 ἀρχὴ
404 714 452 748 τῆς
477 713 580 748 ὑψηλῆς
602 712 703 748 ταύτης
725 712 770 738 τοῦ
793 711 849 746 βίου

62 759 253 794 πυργοποιίας,
269 760 285 794 ἡ
301 760 340 790 εἰς
353 759 433 786 αὑτὸν
446 758 549 792 γίνεται
568 758 669 789 πίστις,
686 759 728 791 ἐφ’
743 754 776 793 ἧς
796 754 851 783 οἷον

60 814 122 831 τινα
145 804 269 839 θεμέλιον
286 805 334 836 τὰς
352 805 438 840 ἀρχὰς
456 804 503 831 τοῦ
528 803 585 838 βίου
608 803 850 838 καταϐαλλομένων

906 216 1076 245 immutabile
1105 218 1209 246 Domini
1235 220 1320 247 robur
1342 228 1392 255 pro
1411 222 1515 250 viribus
1536 224 1686 253 imitantes.

904 261 980 294 Quod
995 267 1085 290 autem
1101 271 1115 290 a
1128 264 1252 299 sapiente
1268 265 1419 293 architecto
1435 267 1457 283 ⁸³
1479 267 1684 298 fundamentum

905 309 1000 336 fidei“
1023 314 1050 336 et
1072 311 1162 344 anguli
1190 316 1270 345 caput
1284 311 1304 327 ⁸⁷
1333 317 1515 347 nuncupatur,
1534 314 1559 341 id
1577 322 1686 350 quoque

904 354 982 380 nobis
1002 355 1035 381 ad
1049 355 1130 382 vitam
1153 364 1183 383 ex
1201 357 1302 383 virtute
1330 357 1523 385 instituendam
1550 361 1684 394 expediet.

904 399 949 426 Sic
964 401 1036 427 enim
1066 401 1199 428 bonarum
1226 404 1346 428 omnium
1374 407 1401 430 et
1416 403 1685 432 administratiomlm

903 445 1035 476 civilium,
1062 450 1089 472 et
1116 446 1334 481 disciplinarum,
1359 453 1386 475 et
1413 449 1600 476 institutorum
1627 454 1684 477 tum

903 489 1086 523 principium,
1103 495 1158 517 tum
1180 491 1259 518 etiam
1285 492 1363 519 linem
1389 501 1451 520 esse
1474 493 1617 521 Dominutn
1644 495 1686 521 di-

903 534 1016 561 scimus.
1037 533 1103 561 Nam
1119 540 1147 562 et
1162 544 1236 570 spes,
1257 544 1337 571 quam
1358 545 1406 571 pro
1421 539 1509 573 capite
1525 540 1684 574 accipimus,

903 579 935 606 ad
973 587 1055 614 quam
1090 584 1171 608 rectm
1205 583 1382 617 honesteque
1426 585 1549 612 actiones
1583 589 1684 612 nostrae

903 632 997 652 omnes
1011 626 1136 666 tendunt.
1151 627 1195 653 illc
1208 628 1362 655 nominatus
1374 634 1415 656 est
1431 637 1446 656 a
1458 630 1541 656 Paulo
1555 631 1594 660 ":
1612 635 1639 657 et
1657 631 1684 657 iu

902 670 1037 704 principio
1063 671 1183 711 hujusce
1207 674 1266 700 vita:
1302 674 1407 701 aedificii
1434 676 1507 709 quod
1542 676 1574 701 ad
1596 676 1683 710 ipsum

902 715 1049 750 dirigitur,
1085 717 1193 750 fides”,
1225 719 1250 744 iu
1277 727 1330 753 qua
1365 719 1426 746 vita:
1459 720 1590 757 principia
1617 725 1684 747 tan—

903 769 985 795 quam
1020 762 1194 790 fundamenta
1221 764 1350 798 jacimus,
1384 769 1411 792 et
1443 765 1607 800 quotidianis
1628 765 1686 791 υιιι-

902 806 953 834 eiis
986 814 1068 841 puras
1098 812 1155 834 tum
1189 809 1367 843 cogitationes
1399 814 1455 836 tum
1487 809 1607 836 actiones
1638 818 1686 836 uo-

60 851 151 885 ἡμῶν,
169 851 216 877 καὶ
230 850 273 877 διὰ
297 851 486 886 καθημερινῶν
497 849 717 886 κατορθωμάτων
737 850 785 881 τὰς
800 859 850 876 me

902 855 973 878 atras
999 853 1183 885 moderantur,
1211 859 1294 888 atque
1318 854 1365 886 ita,
1384 854 1465 889 ‘quod
1497 855 1617 882 universi
1641 861 1685 882 est

61 897 148 931 θαρὰς
160 897 264 928 ἑννοίας
276 905 305 923 τε
316 897 363 922 καὶ
374 896 512 931 ἐνεργείας
527 895 753 930 νομοθετούντων,
765 895 852 926 οὕτως

62 943 77 976 ὴ
97 941 146 968 τοῦ
170 942 270 973 παντὸς
290 941 393 976 κεφαλὴ
415 942 460 968 καὶ
477 941 597 976 ἡμετέρα
618 941 720 975 γίνεται
736 940 850 975 κεφαλὴ,

62 988 118 1018 τοῖς
134 987 182 1013 δύο
203 987 252 1021 τῆς
274 986 346 1020 ζωῆς
370 986 447 1022 ἡμῶν
471 986 580 1021 τοίχοις,
603 987 658 1017 τοῖς
679 994 709 1012 τε
726 985 797 1012 κατὰ
821 985 852 1011 τὸ

62 1033 141 1067 σῶμα
157 1033 204 1058 καὶ
215 1032 264 1067 τὴν
281 1033 379 1067 ψυχὴν,
395 1031 428 1058 δι’
441 1031 647 1067 εὐσχημοσύνης
667 1033 712 1058 καὶ
729 1030 849 1065 καθαρό-

60 1085 140 1112 τητος
155 1078 435 1113 ἐποικοδομουμὲνοις,
452 1078 495 1105 διὰ
514 1078 564 1113 τῆς
580 1077 694 1112 άγωνίου
716 1077 851 1112 συμφυΐας

60 1123 160 1158 ἑαυτὴν
177 1123 378 1158 ἐφαρμόζουσα.
401 1125 444 1155 Ὡς
460 1124 507 1150 ἐὰν
521 1123 632 1158 ἐλλείπῃ
646 1122 676 1149 τὸ
689 1123 782 1158 ⁴ἕτερον
796 1124 851 1150 τῶν

60 1169 296 1204 οἰκοδομημάτων,
312 1169 370 1204 ἦτοι
383 1167 433 1203 τῆς
453 1169 522 1196 κατὰ
536 1168 566 1195 τὺ
580 1169 740 1204 φαινόμενον
754 1167 851 1203 εὐσχη-

63 1214 184 1249 μοσύνης
196 1215 229 1249 τῇ
243 1214 291 1249 τῆς
303 1214 392 1249 ψυχῆς
406 1213 571 1249 καθαρότητι
595 1214 632 1249 μὴ
650 1211 851 1248 συνοικοδομου-

63 1259 158 1294 μένης,
186 1259 270 1294 ἢτῆς
301 1259 419 1294 ψυχικῆς
446 1259 546 1294 ἀρετῆς
572 1259 611 1294 τῷ
635 1258 788 1294 φαινομένῳ
813 1259 850 1295 μὴ

62 1303 280 1340 συμϐαινούσης,
296 1305 346 1331 οὐκ
366 1304 398 1330 ἂν
412 1304 515 1338 γένοιτο
531 1303 577 1331 τοῦ
593 1304 736 1340 ὴμιτελοῦς
756 1305 850 1332 τούτου

61 1350 118 1385 βίου
132 1349 239 1383 κεφαλὴ
252 1351 266 1376 ὁ
280 1349 405 1385 Χριστος,
430 1351 444 1376 ὸ
468 1350 534 1385 μόνῃ
550 1352 582 1385 τῇ
597 1351 675 1385 διπλῇ
690 1359 719 1376 τε
733 1351 779 1377 καὶ
794 1351 850 1377 δια-

60 1395 146 1430 γωνῑᾳ
163 1394 303 1430 οἰκοδομίᾳ
325 1395 420 1421 ἑαυτὴν
442 1395 619 1430 ὲφαρμὸςων·
633 1395 692 1422 οὐδὲ
716 1396 770 1431 γάρ
793 1397 849 1422 ἐστι

59 1441 180 1472 δυνατὸν,
205 1441 289 1476 χωρὶς
312 1440 362 1475 τῆς
381 1441 435 1467 τῶν
455 1440 501 1467 δύο
515 1441 613 1476 τοίχων
638 1441 784 1476 συμϐολῆς,
800 1450 851 1476 γω-

60 1486 116 1516 νίας
137 1485 275 1520 γενέσθαι.
293 1485 358 1512 Τότε
375 1483 421 1512 οὖν
441 1486 630 1521 ὲπιτεθήσεται
651 1487 689 1521 τῷ
710 1487 850 1522 οἰκοδομή-

903 901 994 931 caput,
1008 904 1131 925 nostrum
1144 899 1225 926 etiam
1244 903 1326 934 caput
1345 900 1469 932 edicitur,
1492 907 1554 927 cum
1577 901 1686 928 duobus

903 941 964 969 vitae
978 946 1087 974 nostrae,
1101 943 1226 977 corporis
1240 943 1369 971 videlicet
1381 948 1462 979 atque
1478 945 1573 976 animi,
1596 945 1684 971 muris

902 994 950 1021 per
964 988 1132 1016 honestatem
1150 993 1177 1016 et
1201 989 1345 1023 puritatem
1371 990 1538 1017 constructis
1560 990 1684 1024 angulari

902 1033 1095 1067 conjunctione
1108 1038 1170 1068 apte
1185 1034 1314 1062 cohaeret.
1330 1034 1406 1067 Quod
1429 1035 1453 1061 si
1467 1035 1551 1061 altera
1563 1042 1626 1069 pars
1641 1035 1686 1061 de-

901 1078 1073 1111 sitacdificio,
1093 1084 1122 1106 ut
1135 1080 1177 1106 vel
1195 1080 1279 1107 animi
1306 1080 1412 1114 puritas
1436 1080 1612 1114 conspicuam
1636 1088 1686 1107 ex-

902 1124 1039 1152 trinsecus
1053 1125 1222 1153 honestatem
1236 1133 1291 1152 non
1309 1125 1418 1156 habeat,
1429 1125 1472 1152 vel
1486 1124 1544 1152 hac
1561 1133 1622 1160 qua:
1645 1126 1684 1152 vi-

901 1170 980 1197 detur
991 1171 1073 1197 animi
1087 1173 1186 1198 virtute
1199 1174 1288 1203 vacet,
1299 1170 1359 1205 ejus
1380 1177 1483 1197 manca:
1497 1170 1685 1204 inchoaueque

902 1217 962 1244 vitae
978 1220 1060 1250 caput
1082 1224 1135 1242 non
1153 1216 1205 1244 erit
1220 1215 1357 1247 Christus,
1385 1216 1486 1251 quippe
1513 1216 1559 1250 qui
1583 1215 1685 1250 duplici

902 1262 1083 1296 angnlarique
1105 1261 1215 1288 fabrica:
1230 1261 1418 1288 tantummodo
1440 1261 1571 1295 quadrat;
1599 1268 1686 1294 neque

901 1307 984 1336 enim,
1011 1307 1061 1334 nisi
1075 1306 1130 1333 duo
1144 1309 1310 1333 concurrant
1332 1305 1460 1339 parietes,
1484 1305 1599 1339 angulus
1626 1304 1685 1331 fieri

902 1355 999 1385 potest.
1014 1351 1103 1383 Quare
1119 1355 1184 1378 tunc
1199 1351 1352 1386 imponetur
1363 1350 1478 1378 wdilicio
1494 1355 1588 1377 nostro
1610 1357 1685 1377 sum-

903 1397 938 1423 mi
962 1397 1102 1431 augularis
1120 1396 1222 1431 fastigii
1246 1396 1431 1431 pulchritudo,
1441 1403 1503 1422 cum
1523 1402 1555 1422 ex
1571 1399 1686 1430 utraque

902 1445 977 1475 parte
1002 1441 1034 1468 ad
1064 1446 1165 1468 rectam
1190 1441 1298 1468 virtutis
1315 1448 1439 1468 normam
1459 1441 1557 1477 duplex
1579 1441 1634 1468 vita
1657 1447 1687 1469 et

903 1492 986 1518 recta,
1000 1491 1026 1514 et
1040 1492 1183 1518 constans,
1196 1490 1224 1514 et
1235 1487 1303 1514 nihil
1317 1487 1558 1522 obliquicurvique
1569 1487 1684 1519 habens,
1720 1501 1726 1508 -

61 1539 125 1564 ματι
142 1530 222 1565 ἡμῶν
234 1530 280 1557 τοῦ
295 1531 490 1565 ἀκρογωνιαίου
509 1531 539 1557 τὸ
560 1531 665 1564 κάλλος,
687 1532 749 1559 ὅταν
763 1533 850 1567 ἀμφο-

902 1533 1095 1568 perpendiculo
1109 1533 1244 1560 concinne
1253 1533 1306 1560 erit
1318 1533 1529 1560 accommodata.

60 1578 177 1614 τὲρωθεν
190 1578 237 1604 τὸν
257 1577 335 1612 ὀρθον
351 1577 397 1604 τοῦ
420 1578 476 1612 βίον
493 1578 591 1605 κανόνα
605 1580 637 1613 τῇ
657 1578 710 1604 τῶν
729 1579 833 1614 ἀρετῶν
854 1579 966 1614 σπάρτῳ
988 1579 1110 1614 ἀποταθῇ
1126 1578 1291 1614 ἐναρμονίοις
1314 1579 1329 1605 ὁ
1351 1578 1459 1610 διπλοῦς
1479 1578 1544 1613 βίος,
1564 1579 1642 1615 ὀρθος
1656 1586 1686 1607 τι

60 1626 105 1651 καὶ
116 1625 307 1659 άὸιάστροᾷος,
321 1625 367 1650 καὶ
379 1624 453 1650 οὐδὲν
469 1624 538 1659 ἔχων
551 1626 579 1650 ὲν
593 1624 682 1659 ἑαυτῷ
697 1624 800 1650 σκολιὸν
819 1625 835 1659 ἢ
849 1624 1105 1659 κατηγκυλωμὲνον.

95 1669 196 1696 Εἰκόνα
215 1669 243 1696 δὲ
262 1669 307 1695 τοῦ
321 1669 386 1695 Θεοῦ
400 1669 445 1695 τοῦ
466 1670 579 1705 ἀοράτου
594 1669 638 1696 τὸν
655 1670 770 1705 Χριστὸν
790 1669 844 1696 ὀνο-

62 1715 155 1750 μάζων
175 1717 189 1741 ὁ
214 1714 329 1747 Παῦλος,
347 1715 391 1741 τὸν
416 1715 461 1741 ἐπὶ
486 1715 593 1742 πάντων
613 1715 678 1742 Θεὸν
700 1716 745 1742 καὶ
763 1716 849 1750 μέγαν

59 1761 125 1787 Θεόν
135 1769 142 1775 ·
158 1760 206 1787 καὶ
217 1760 329 1791 ταύταις
345 1760 399 1795 γὰρ
411 1762 470 1791 ταῖς
486 1762 587 1794 φωναῖς
600 1760 784 1796 ἀνακηρύσσει
802 1761 847 1787 τοῦ

59 1806 188 1842 ἀληθινοῦ
208 1806 341 1832 Δεσπότου
352 1806 383 1832 τὺ
397 1806 547 1841 μεγαλεῖον,
565 1806 650 1840 λέγων
660 1815 667 1822 ·
684 1806 752 1833 «Τοῦ
766 1807 848 1842 μεγά-

59 1853 106 1879 λου
125 1851 193 1878 Θεοῦ
207 1852 253 1878 καὶ
268 1851 392 1886 Σωτῆρος
410 1851 487 1886 ἡμῶν
503 1851 590 1886 Ἰησοῦ
608 1852 739 1887 Χριστοῦ·
760 1861 768 1877 ι
789 1853 845 1882 καὶ,

63 1910 71 1923 ι
95 1897 140 1930 Ἐξ
156 1896 193 1923 ὧν
206 1898 220 1923 ὁ
231 1897 358 1932 Χριστὸς,
376 1897 406 1924 τὸ
417 1897 486 1923 κατὰ
500 1897 599 1931 σάρκα,
610 1897 624 1924 ὁ
635 1896 672 1924 ὥν
685 1898 730 1923 ἐπὶ
741 1898 847 1925 πάντων

59 1944 137 1975 Θεὸς,
156 1943 299 1978 εὐλογητὸς
314 1944 353 1975 εἰς
372 1943 433 1974 τοὺς
447 1943 546 1975 αἰῶνας
556 1952 562 1958 ’
576 1953 585 1969 ›
606 1943 692 1970 ταῦτα
704 1942 749 1971 οὖν
762 1945 848 1978 λέγων

61 1999 113 2016 που
125 2010 132 2021 ,
151 1989 272 2016 παιδεύει
285 1989 329 2016 διὰ
347 1988 400 2016 τῶν
421 1988 574 2023 λεγομένων
588 1990 672 2024 ἡμᾶς.
693 1990 733 2016 ὅτι
753 1990 796 2016 ἀεὶ
811 1989 848 2016 ὢν

60 2035 128 2069 ὅπερ
152 2035 225 2061 ἐστὶν
249 2035 322 2068 (Es-rt
342 2034 369 2061 δὲ
392 2035 488 2065 ἐκεῖνο,
514 2035 582 2069 ὅπερ
606 2035 620 2061 ὁ
643 2032 680 2061 ὦν
706 2035 848 2061 ἐπίσταται

937 1670 971 1696 At
996 1678 1059 1696 vero
1086 1677 1147 1695 cum
1171 1669 1216 1696 Dei
1245 1668 1391 1696 invisibilis
1421 1669 1566 1704 imaginem
1585 1670 1686 1698 Paulus

900 1715 1038 1742 Christum
1056 1715 1173 1750 appellat
1186 1713 1219 1745 ⁵ο,
1246 1718 1273 1741 et
1287 1714 1314 1741 in
1331 1714 1459 1742 omnibus
1477 1714 1560 1742 Deum
1583 1720 1609 1743 et
1627 1724 1686 1743 ma-

901 1769 982 1796 gnuu
997 1760 1081 1787 Deum
1094 1760 1103 1795 (
1118 1760 1160 1786 his
1173 1760 1244 1787 enim
1258 1760 1370 1787 vocibus
1389 1760 1446 1787 veri
1460 1760 1563 1788 Domini
1580 1762 1686 1797 magni-

896 1806 1018 1833 tudinem
1049 1806 1175 1841 praadicat
1189 1826 1195 1837 ,
1216 1815 1224 1830 ι
1245 1805 1343 1840 Magni,
1364 1816 1372 1831 ι
1390 1806 1525 1839 inquiens,
1545 1816 1554 1832 ε
1575 1807 1640 1839 Dei,
1658 1811 1687 1836 et

900 1851 1048 1879 Salvatoris
1072 1851 1158 1878 nostri
1183 1850 1246 1877 Jcsu
1264 1850 1364 1878 Christi
1382 1852 1403 1871 δ¹
1418 1861 1425 1884 ;
1446 1862 1455 1877 ι
1471 1856 1509 1883 et,
1527 1862 1535 1877 I
1555 1853 1594 1879 Ex
1620 1853 1684 1887 qui-

900 1898 950 1925 bus
993 1897 1120 1925 Christus
1154 1895 1303 1923 secundum
1341 1904 1472 1929 carnem,
1500 1898 1546 1932 qui
1579 1902 1621 1926 est
1656 1898 1684 1926 in

899 1943 1027 1969 omnibus
1061 1942 1132 1969 Deus
1160 1941 1320 1969 benedictus
1351 1942 1375 1968 iu
1407 1943 1504 1969 saecula
1516 1944 1541 1959 η
1558 1953 1567 1968 ι
1586 1945 1613 1976 ),
1635 1951 1685 1971 nos

900 1989 989 2018 dot-et,
1015 1995 1076 2013 eum
1116 1994 1222 2020 semper
1248 1993 1328 2016 esse.
1351 1987 1395 2020 qui
1427 1991 1477 2014 est.
1505 1987 1550 2013 Est
1592 1991 1684 2016 autem

900 2034 944 2061 ille
961 2033 1056 2067 major,
1073 2039 1155 2066 quant
1183 2035 1211 2058 ut
1227 2031 1345 2058 humana
1373 2036 1463 2059 tuente
1489 2033 1683 2066 comprehendi

62 2080 174 2115 μόνος),
199 2080 247 2114 τῆς
272 2080 300 2106 δὲ
320 2080 491 2115 ἀνθρωπίνης
513 2080 706 2115 καταλήψεως,
730 2081 780 2107 κᾶν
805 2081 848 2107 ἀεὶ

902 2079 1005 2114 possit,
1037 2078 1059 2104 si
1086 2085 1178 2104 serum
1205 2077 1262 2113 ipsc
1292 2083 1430 2110 versetur,
1456 2086 1502 2112 per
1526 2077 1683 2106 felicitatem

59 2126 135 2161 αὐτῷ
151 2127 194 2153 διὰ
210 2126 352 2161 προκοπῆς
373 2126 538 2161 προσεγγίξῃ
561 2127 575 2153 ὁ
597 2127 631 2152 τὰ
655 2126 710 2153 ἄνω
729 2126 846 2161 φρονῶν,

61 2171 176 2200 πάντοτε
193 2171 233 2206 τῷ
248 2172 297 2206 ἴσῳ
313 2171 403 2205 μέτρῳ
417 2172 646 2206 ὑπερανέστηκεν.
661 2168 744 2203 Οὗτος
760 2171 848 2198 τοίνυν

61 2217 224 2251 ὑπερέκεινα
246 2218 336 2251 πάσης
357 2216 482 2250 γνώσεώς
502 2226 530 2242 τε
552 2217 598 2243 καὶ
623 2217 811 2252 καταλήψεως.
835 2218 848 2243 ὸ

61 2262 199 2296 ἄφραστος
217 2270 245 2287 τε
265 2263 311 2288 καὶ
329 2262 507 2297 ἀνεκλάλητος
525 2263 571 2288 καὶ
589 2263 743 2297 ἀδιήγητος,
762 2263 804 2289 ἵνα
819 2271 849 2289 σε

61 2310 161 2343 ποιήσῃ
175 2307 255 2333 πάλιν
274 2307 366 2334 εἰκόνα
385 2307 462 2336 Θεοῦ.
478 2307 524 2333 καὶ
539 2307 619 2338 αὐτὸς
635 2308 686 2334 ὑπὸ
698 2307 848 2343 φιλανθρω-

62 2353 124 2384 πίας
143 2353 253 2386 ἐγένετο
269 2352 348 2379 εἰκὼν
363 2352 409 2378 τοῦ
425 2352 493 2379 Θεοῦ
512 2352 557 2379 τοῦ
577 2353 692 2388 ἀοράτου
704 2361 711 2368 ·
731 2352 800 2379 ὥστε
815 2354 847 2387 τῇ

62 2399 114 2434 ἰδία
127 2400 231 2434 μορφῇ,
243 2398 277 2433 ἦν
294 2399 431 2428 ἀνέλαϐεν,
451 2399 479 2424 ὲν
492 2399 532 2424 σοὶ
551 2398 735 2433 μορφωθῆναι,
754 2399 801 2424 καὶ⁸
819 2398 848 2424 σε

60 2445 139 2471 πάλιν
158 2446 192 2471 δι’
211 2445 308 2471 ἑαυτοῦ
326 2445 392 2480 πρὸς
403 2445 448 2470 τὸν
459 2445 619 2480 χαρακτῆρα
634 2444 680 2470 τοῦ
695 2443 848 2479 ἀρχετύπου

61 2490 315 2526 συσχηματισθῆναι
337 2490 466 2520 κάλλους,
490 2491 530 2521 εἰς
557 2489 587 2515 τὸ
620 2489 760 2522 γενέσθαι,
781 2489 848 2523 ὅπερ

59 2534 91 2571 ἧς
104 2536 134 2568 ἐξ
150 2537 247 2571 ἀρχῆς.
263 2536 367 2561 Οὐκοῦν
379 2536 403 2561 εἱ
420 2535 561 2569 μέλλοιμεν
579 2534 699 2568 γίνεσθαι
709 2534 755 2561 καὶ
769 2535 849 2568 ἡμεῖς

59 2583 138 2608 εἰκὼν
159 2581 207 2608 τοῦ
238 2581 306 2607 Θεοῦ
330 2580 376 2607 τοῦ
399 2581 532 2616 ἀοράτου,
557 2581 622 2614 πρὸς
640 2581 670 2606 τὸ
691 2579 847 2614 ἐκκείμενον

57 2628 122 2662 ἡμῖν
136 2626 184 2653 τοῦ
202 2627 263 2661 βίου
281 2626 432 2660 ὑπόδειγμα
455 2625 603 2651 τυποῦσθαι
621 2626 692 2659 ζωῆς
716 2625 848 2659 προσήκει

56 2673 103 2708 τῆς
119 2673 199 2708 ἡμῶν
215 2672 246 2698 τὸ
261 2668 344 2703 εἶδος·
362 2671 439 2697 τοῦτο
458 2671 486 2697 δέ
504 2672 560 2697 ἐστι
577 2671 618 2703 τί;
633 2671 662 2696 τὸ
686 2670 766 2705 σαρκὶ
783 2669 849 2701 ζῶν-

99 2773 142 2798 ³³Ι
161 2773 230 2799 Cor.
245 2779 287 2802 ιιι,
308 2770 347 2796 εθ.
387 2769 518 2804 "Ephes.
534 2779 562 2802 ιι,
579 2771 623 2799 20.
662 2771 683 2786 ³⁷
701 2770 765 2796 Luc.
784 2778 829 2802 xx,
850 2770 891 2796 l7.

53 2808 73 2824 “
86 2808 140 2835 Tit.
160 2816 191 2839 ll,
213 2807 256 2833 l3.
299 2805 318 2821 ·³
331 2805 406 2831 Rom.
426 2813 462 2837 Ix,

900 2125 1023 2152 cmiestia
1044 2124 1186 2154 sentiens,
1215 2129 1242 2151 et
1271 2123 1402 2159 aequalem
1434 2123 1553 2158 undique
1575 2131 1684 2151 mensu-

901 2178 968 2197 ram.
1003 2168 1051 2195 ilic
1075 2169 1157 2204 igitur
1195 2169 1274 2204 longe
1308 2169 1506 2204 praestantior,
1536 2177 1617 2204 quam
1656 2173 1685 2196 ut

900 2215 1018 2241 hutuana
1050 2215 1207 2249 cognitione
1235 2214 1492 2249 comprehendatur,
1521 2215 1567 2249 qui
1600 2215 1684 2242 nullis

899 2261 1000 2293 verbis,
1035 2261 1108 2288 nulla
1133 2262 1265 2295 oratione,
1289 2262 1364 2289 nulla
1389 2262 1415 2289 vi
1438 2262 1510 2294 dici,
1539 2263 1683 2295 enarrari.

893 2305 1067 2332 .declararive
1090 2310 1197 2340 potest,
1226 2311 1256 2332 ut
1278 2311 1303 2333 te
1327 2314 1440 2341 prorsus
1465 2307 1567 2334 faceret
1591 2308 1686 2344 imagio

900 2359 960 2378 nem
987 2350 1032 2377 Dei
1049 2370 1056 2381 .
1079 2351 1137 2385 ipse
1158 2359 1206 2385 pro
1227 2359 1276 2378 sua
1301 2359 1363 2386 erga
1400 2352 1536 2380 hominem
1567 2353 1684 2381 believe-

901 2396 982 2422 lentia
1009 2395 1097 2422 factus
1120 2401 1162 2422 est
1189 2397 1277 2430 imago
1308 2396 1353 2423 Dei
1372 2397 1526 2428 invisibilis,
1550 2397 1602 2425 hoc
1632 2402 1684 2427 est.

900 2441 934 2468 ad
966 2440 1091 2467 humana:
1121 2445 1225 2468 naturae
1254 2449 1409 2469 mensuram
1437 2450 1498 2470 sese
1519 2443 1638 2474 demisit,
1655 2448 1686 2471 ut

900 2495 951 2514 nos
976 2487 1008 2513 ad
1026 2487 1178 2513 divinitatis
1196 2495 1351 2514 mensuram
1368 2488 1541 2515 extollantur.
1559 2488 1595 2515 Ea
1611 2489 1685 2516 enim

902 2531 985 2559 fuerit
1015 2533 1163 2567 negotiatio
1195 2533 1255 2559 Filii
1281 2532 1350 2566 Dei,
1378 2538 1406 2560 ut
1439 2535 1547 2568 propria
1577 2535 1685 2567 forma,

899 2586 979 2612 quam
995 2578 1121 2612 sumpsit.
1137 2577 1248 2605 effectus
1263 2579 1346 2606 homo
1357 2598 1364 2610 ,
1381 2587 1410 2607 se
1425 2587 1522 2607 rursus
1546 2580 1579 2606 ad
1595 2588 1685 2606 exem-

900 2623 983 2657 plaris
1002 2623 1213 2657 pulchritmlinis
1234 2623 1346 2657 lignram
1363 2623 1509 2659 efﬁngeret,
1524 2628 1552 2650 ut
1566 2628 1638 2650 esset
1658 2622 1684 2649 id

900 2669 971 2703 quod
1002 2668 1078 2695 initio
1101 2668 1199 2695 fuerat.
1230 2668 1346 2696 Proinde
1378 2674 1406 2696 ut
1431 2677 1481 2696 nos
1513 2669 1578 2696 item
1599 2668 1685 2695 simus

945 2770 966 2785 ⁸⁸
1001 2769 1063 2797 Cor.
1080 2776 1100 2801 ι,
1117 2769 1142 2795 7.
1182 2769 1203 2786 ³⁹
1220 2768 1279 2795 Gal.
1296 2776 1337 2803 ιιι,
1353 2769 1370 2796 5
1383 2776 1444 2804 sqq.
1491 2767 1582 2795 ηοω,
1600 2773 1618 2796 ι,
1636 2765 1682 2793 15.
