1922 3078
42 94 89 121 δῖ,ῖό

555 95 599 122 DE
615 95 797 124 PEliFECTA
814 96 1014 124 CHRISTlANl
1034 98 1164 125 ιθοιιιιιι.

1624 102 1679 128 οτι

44 153 85 186 itif:
99 150 148 186 τῆς
171 151 348 186 Ἐχκλησίας
361 152 405 178 τὸν
420 152 537 187 Χριστέιν
551 151 620 179 εἶναι
641 153 745 188 μαθὼν,
764 153 832 180 τοῦτ(

893 153 959 180 illud
980 154 1007 180 in
1026 154 1122 189 primis
1137 154 1250 189 cogitet,
1267 162 1350 181 unam
1374 163 1434 183 esse
1452 157 1551 192 capitis
1568 163 1595 186 et
1613 160 1679 187 sub-

44 196 91 231 πρὸ
108 196 222 222 πάντων
239 196 414 229 διανοείσθω,
426 198 467 223 ὅτι
478 198 552 225 πᾶσα
566 198 670 233 κεφαλὴ
682 197 721 233 τῷ
736 198 843 224 ὑποκει-

46 243 112 277 μένῳ
132 241 246 276 σώματι
275 243 402 278 ὁμοφυής
418 244 476 269 ἐστι
493 243 540 269 καὶ
559 242 709 278 ὁμοούσιος,
732 243 778 270 καὶ
793 244 842 277 μία

45 289 80 320 τίς
97 289 153 314 ἐστι
169 288 229 315 τῶν
243 289 311 315 καθ’
327 289 441 316 ἕκαστον
460 290 548 325 μελῶν
571 289 638 325 πρὸς
654 290 684 316 τὺ
698 291 757 317 ὅλον
773 299 842 326 συμ-

47 335 124 368 quia,
147 333 196 360 διὰ
214 335 288 368 μιᾶς
307 335 456 369 συμπνοίας
477 335 700 370 κατεργαζομένη
718 336 784 370 πρὸς
808 336 842 362 τὰ

47 380 109 414 μέρη
126 379 165 413 τῷ
191 380 285 405 παντὶ
313 379 363 414 τὴν
381 379 559 414 συμπάθειαν.
583 380 688 407 υὺκοῦν
709 381 735 406 εἴ
753 390 780 407 τι
795 381 841 407 τοῦ

47 424 167 460 σώματός
189 425 274 451 ἐστιν
300 425 387 458 ἐκτὸς,
405 425 483 452 τοῦτο
500 426 546 452 καὶ
567 426 634 462 πρὸς
655 426 704 461 τὴν
721 427 842 462 κεφαλὴν

46 470 146 500 πάντως
169 470 332 505 ἀλλοτρίως
347 470 413 505 ἔχει.
435 470 559 497 Παιδεὺει
576 471 664 497 τοίνυν
682 471 727 498 διὰ
740 471 841 498 τούτων

45 516 144 550 ὁλόγος
160 516 252 550 ἡμᾶς,
271 517 344 552 ὅπερ
358 517 431 543 ἐστὶν
450 517 467 552 ἡ
483 517 587 553 κεφαλὴ
603 518 674 544 κατὰ
686 518 734 553 τὴν
749 517 839 552 φύσιν,

45 562 117 589 τοῦτο
131 562 178 588 καὶ
195 563 230 589 τὰ
253 563 320 588 καθ’
343 563 456 589 ἕκαστον
476 563 596 596 γίνεσθαι
613 563 690 599 μέλη,
707 564 749 590 ἵνα
773 564 841 599 πρὸς

46 608 88 643 τὴν
103 607 229 642 κεφαλὴν
246 608 359 640 οἰκείως
373 608 430 644 ἔχῃ.
452 609 546 644 Ἡμεῖς
561 609 588 635 δέ
608 610 690 643 ἐσμεν
711 610 746 636 τὰ
760 609 839 645 μέλη,

46 657 66 680 οἱ
79 655 116 685 εἰς
135 653 167 680 τὸ
183 654 273 688 σῶμα
288 654 336 681 τοῦ
353 654 470 690 Χριστοῦ
486 654 684 686 συντελοῦντες.
706 655 736 682 Et
751 656 840 683 τοίνυν

46 709 80 731 τις
91 699 159 734 ἄρας
169 699 202 725 τὸ
215 699 304 734 μέλος
315 700 362 726 τοῦ
373 699 501 735 Χριστοῦ,
516 701 616 736 ποιήσῃ
627 700 707 736 μέλος
718 701 818 737 πόρνης
831 711 838 717 -

46 743 94 770 οἶόν
106 753 166 771 τινα
181 745 330 780 μάχαιραν
346 745 470 780 ἐμϐαλὼν
491 745 540 781 τὴν
562 746 710 772 ἀκόλαστον
726 746 837 779 λύσσαν,

45 790 85 817 διὰ
99 790 144 817 τοῦ
157 791 287 826 πονηροῦ
300 791 394 818 τούτου
411 791 512 822 πάθους
524 792 555 818 τὸ
569 791 647 826 μέλος
665 792 772 824 πάντως
789 793 839 828 τῆς

47 836 159 871 κεφαλῆς
177 836 378 872 ὴλλοτρίωσεν.
391 837 470 864 Οὕτω
485 837 513 863 δὲ
525 837 572 863 καὶ
583 837 618 863 τὰ
633 837 714 864 λοιπὰ
727 838 776 873 τῆς
787 847 836 864 κα-

47 883 102 913 κίας
114 883 232 918 ὄργανα.
250 883 392 919 ’μάχαιραι
407 884 536 918 γίνονται,
554 884 587 910 δι’
603 881 641 911 ὧν
653 885 687 911 τὰ
705 885 772 920 μέλη
788 885 834 912 τοῦ

49 929 180 964 συμφυοῦς
201 930 390 965 ἀποτέμνεται
412 929 552 965 σώματος,
575 930 621 956 καὶ
645 930 695 964 τῆς
715 930 835 965 κεφαλῆς

47 974 198 1009 ἀφορίζεται
215 975 320 1004 πάντα.
337 974 427 1006 καθὼς
446 975 478 1002 ἂν
490 975 538 1010 τὴν
549 976 634 1010 τομὴν
649 975 785 1012 ἐνεργήσῃ
801 976 834 1002 τὰ

50 1020 123 1054 πάθη.
142 1020 202 1046 Ἵνα
217 1018 267 1046 οὖν
284 1021 373 1047 τοίνυν
385 1022 414 1047 ὲν
428 1021 466 1056 τῷ
478 1021 548 1048 κατὰ
559 1022 639 1056 φύσιν
650 1022 709 1048 ὂλον
722 1022 835 1058 διαμένῃ

48 1065 73 1090 τὺ
85 1065 172 1098 σῶμα.
193 1065 266 1101 πρὸς
282 1066 332 1100 τὴν
350 1066 469 1102 κεφαλὴν
484 1067 592 1098 οἰκείως
609 1066 682 1102 ἔχειν
701 1068 835 1102 προσήκει

50 1111 90 1136 καὶ
102 1110 135 1136 τὰ
151 1110 212 1137 καθ’
228 1111 347 1138 ἕκαστον
363 1112 444 1146 μέλη,
456 1110 509 1138 οἷον
523 1113 644 1148 καθαρὰν
653 1113 692 1148 τῷ
703 1113 774 1148 λόγῳ
786 1114 834 1148 τῆς

49 1157 133 1187 οὐσίας
143 1157 192 1191 τὴν
208 1157 335 1193 κεφαλὴν
353 1157 538 1185 συντελοῦντα.
550 1158 579 1184 Εἰ
594 1158 746 1193 ἀφθαρσίαν
757 1159 834 1186 νοοῦ-

53 1211 96 1236 μεν
107 1202 153 1238 τὴν
167 1203 304 1238 κεφαλὴν,
319 1204 349 1229 ὲν
362 1203 500 1239 ἀφθαρσίᾳ
516 1204 568 1240 χρὴ
584 1205 692 1236 πάντως
707 1206 834 1232 συνεστά-

50 1257 88 1274 ναι
100 1249 132 1275 τὰ
148 1249 228 1284 μέλη.
251 1249 332 1276 Οὕτω
347 1251 393 1277 καὶ
410 1250 445 1276 τὰ
463 1250 529 1277 ἄλλα
545 1251 676 1285 νοήματα,
691 1251 741 1277 ὅσα
757 1252 773 1286 ἡ
789 1260 834 1278 κε-

53 1293 114 1329 φαλὴ
140 1296 261 1326 νοεῖται,
286 1296 334 1322 καὶ
361 1296 406 1322 ἐπὶ
427 1296 480 1322 τῶν
501 1295 589 1330 μελῶν
616 1296 760 1324 ἀκόλουθόν
775 1297 832 1324 ἐστι

52 1339 218 1374 καθορᾶσθαι,
231 1340 282 1375 τὴν
294 1341 415 1376 εἰρήνην,
425 1341 470 1367 τδν
481 1342 626 1376 ἁγιασμδν,
635 1342 684 1377 τὴν
694 1342 831 1378 ἀλήθειαν,

53 1385 92 1410 καὶ
105 1385 190 1411 πάντα
204 1386 239 1411 τὰ
254 1385 377 1413 τοιαῦτα.
398 1386 447 1412 Διὰ
468 1387 520 1422 γὰρ
536 1387 582 1413 τοῦ
599 1387 663 1414 Υῑοῦ
686 1387 770 1414 ταῦτα
786 1389 834 1415 καὶ

52 1429 81 1457 τὲ
95 1430 201 1457 τοιαῦτα
227 1432 258 1457 ὲν
280 1433 336 1464 τοῖς
359 1431 450 1467 μέλεσι
470 1432 616 1464 δείκνυται,
638 1433 678 1468 τῷ
702 1434 832 1468 συμφυῶς

53 1475 114 1510 ἔχειν
130 1477 199 1503 αὐτὰ
219 1478 291 1513 πρὸς
307 1477 354 1513 τὴν
369 1478 490 1514 κεφαλὴν
514 1479 709 1514 μαρτυρεῖσθαι
721 1488 728 1495 ο
746 1480 831 1511 οὕτως
845 1496 866 1524 C

54 1521 163 1553 εἰπόντος
177 1523 224 1549 τοῦ
246 1523 420 1554 Ἀποστύλου,
434 1524 476 1551 ὅτι
493 1525 595 1555 ἐκεῖνος
611 1524 660 1558 μέν
671 1525 743 1550 ἐστιν
757 1525 772 1560 ἡ
787 1533 832 1551 κε-

55 1567 126 1602 φαλὴ,
143 1568 173 1600 ἐξ
184 1569 269 1595 αὑτοῦ
287 1569 315 1595 δὲ
329 1570 384 1595 πᾶν
405 1569 436 1595 τὸ
450 1569 530 1604 σῶμα
547 1569 831 1605 συναρμολογούμενον

57 1613 95 1638 καὶ
108 1613 339 1649 συμϐιδαζόμενον
351 1614 394 1640 διὰ
414 1615 503 1650 πάσης
518 1615 600 1649 ἁφῆς,
622 1615 671 1650 τῆς
684 1615 743 1641 κατ’
757 1615 831 1651 ἐνέρ-

55 1666 121 1690 γειαν
143 1660 170 1685 ὲν
187 1660 281 1695 μέτρῳ
298 1660 357 1691 ἑνὸς
380 1660 493 1687 ἑκάστου
512 1661 622 1696 μέρους,
649 1661 699 1695 τὴν
718 1660 831 1696 αὔξησιν

57 1701 95 1727 τοῦ
107 1702 226 1738 σώματος
249 1706 376 1731 ποιεῖται.
398 1705 453 1731 Καὶ
467 1705 546 1731 τοῦτο
565 1706 697 1741 προσήκει
719 1705 761 1732 διὰ
782 1705 830 1732 τοῦ

57 1745 96 1779 τῆς
109 1747 224 1782 κεφαλῆς
240 1748 370 1783 ὀνόματος
391 1749 564 1783 παιδευθῆναι
579 1769 586 1780 ,
612 1750 653 1776 ὅτι
675 1749 768 1786 ὥσπερ
785 1751 830 1777 ἐπὶ

58 1789 102 1816 τῶν
120 1790 192 1822 ζώων
207 1794 238 1819 ἐκ
257 1794 307 1828 τῆς
326 1794 445 1828 κεφαλῆς
464 1794 523 1820 ὲστι
544 1793 582 1829 τῴ
598 1795 702 1829 σώματι
718 1794 747 1822 τὸ
763 1795 831 1830 πρὸς

57 1836 96 1868 τὰς
107 1838 238 1873 ἐνεργείας
253 1839 392 1874 ἐνδόσιμον
406 1847 412 1853 “
430 1839 463 1866 δι’
474 1839 613 1875 ὀφθαλμοῦ
624 1839 677 1874 γὰρ
689 1840 734 1867 καὶ
747 1840 830 1875 ἀκοῆς

58 1881 86 1906 τὰ
102 1882 156 1908 καθ’
175 1883 292 1910 ἕκαστον
309 1883 459 1916 εὐθύνεται,
476 1884 493 1918 ἥ
509 1893 538 1910 τε
556 1884 600 1912 διὰ
617 1885 703 1911 ποδῶν
725 1885 830 1919 κίνησις

58 1927 120 1962 καὶὴ
131 1927 171 1954 διὰ
187 1929 287 1965 χειρῶν
299 1930 422 1965 ἐνέργεια
434 1938 440 1945 ·
457 1930 487 1956 οὑ
504 1930 558 1966 γὰρ
573 1929 645 1957 ἔστιν
657 1931 674 1965 ἢ
690 1930 828 1965 ὀφθαλμοῦ

60 1971 91 2007 μὴ
106 1974 306 2008 ὶπιστατοῦντος
322 1976 376 2002 τῶν
398 1976 632 2012 σπουδαζομένων,
654 1977 670 2012 ἢ
697 1977 733 2012 μὴ
755 1977 829 2012 δεχο-

60 2018 131 2052 μένης
155 2020 201 2055 τῆς
227 2022 312 2056 ἀκοῆς
335 2021 385 2057 τὴν
412 2022 558 2057 ὑφήγησιν,
582 2021 696 2053 δεόντως
719 2031 745 2049 τι
774 2022 828 2050 τῶν

59 2066 228 2099 προκειμένων
240 2067 367 2100 γενέσθαι
380 2076 386 2082 ·
405 2067 475 2094 οὕτω
490 2067 541 2103 χρὴ
557 2067 627 2094 κατὰ
637 2068 687 2102 τὴν
700 2068 828 2103 ἀληθινὴν

59 2109 164 2146 κεφαλὴν
186 2113 232 2138 καὶ
252 2112 324 2147 ἡμᾶς
346 2113 377 2143 τὸ
396 2112 475 2147 σῶμα
500 2112 673 2148 καταλλήλως
695 2113 827 2141 κινεῖσθαι

59 2154 117 2188 πρὸς
135 2157 219 2184 πᾶσαν
233 2157 320 2193 ὁρμὴν
333 2158 379 2184 καὶ
399 2158 547 2192 ἐνέργειαν,
564 2158 686 2193 ὅπουπερ
697 2160 711 2185 ὁ
724 2159 829 2192 πλάσας

60 2199 97 2226 τὸν
116 2201 255 2238 ὀφθαλμὸν,
279 2204 295 2239 ἦ
318 2204 333 2230 ὁ
357 2204 489 2238 φυτεύσας
510 2204 540 2230 τὸ
562 2203 608 2235 οὖς
630 2204 826 2239 καθηγήσεται.

66 2242 128 2270 Ἐπεὶ
144 2243 187 2272 οὖν
201 2248 218 2282 ἡ
232 2247 336 2283 κεφαλὴ
350 2247 385 2274 τὰ
402 2248 459 2274 ἄνω
471 2248 573 2283 βλέπει,
593 2249 640 2276 καὶ
655 2249 689 2275 τὰ
705 2249 771 2284 μέλη
787 2250 828 2277 δεῖ

62 2289 161 2323 πάπως,
172 2292 204 2318 τὰ
220 2293 418 2328 ὑφηρμοσμένα
429 2294 461 2329 τῇ
476 2294 590 2329 κεφαλῇ,
602 2294 714 2321 ἕπεσθαι
729 2297 762 2330 τῇ
776 2295 826 2330 τῆς

61 2335 163 2371 κεφαλῆς
174 2338 278 2373 ὁδηγίᾳ,
302 2339 348 2365 καὶ
362 2340 430 2374 πρὸς
449 2340 482 2366 τὰ
503 2339 559 2366 ἄνω
575 2340 625 2374 τὴν
642 2340 726 2376 ῥοπὴν
743 2340 824 2376 ἔχειν.

65 2379 133 2407 Ὅταν
146 2382 172 2408 δὲ
185 2384 354 2419 πρωτότοκον
369 2384 418 2419 τῆς
438 2385 552 2417 κτίσεως
564 2382 634 2411 εἶναι
649 2385 729 2412 αὐτὸν
742 2386 826 2412 ἀκού-

63 2431 148 2459 σωμεν,
164 2429 208 2454 καὶ
222 2429 392 2464 πρωτότοκον
406 2431 438 2457 ἐκ
458 2430 574 2465 νεκρῶν,
589 2430 635 2456 καὶ
655 2431 826 2466 πρωτότοκον

64 2468 87 2494 ἐν
98 2471 191 2504 πολλοῖς
204 2474 336 2509 ἀδελφοῖς,
353 2475 461 2510 πρῶτον
483 2476 531 2510 μὲν
544 2476 592 2507 τὰς
605 2477 743 2511 αἱρετικὰς
760 2478 825 2503 ὐπο-

64 2512 140 2549 λήψεις
150 2518 381 2554 ἀποπεμπώμεθα,
400 2521 436 2552 ὡς
452 2521 580 2556 οὐδεμίαν
598 2522 761 2557 συνηγορίαν
777 2523 826 2557 τῆς

66 2563 164 2595 πονηρᾶς
176 2564 262 2591 αὐτῶν
283 2565 491 2599 δογματοποιίας
509 2567 542 2593 ὲκ
562 2567 616 2594 τῶν
637 2568 823 2602 προκειμένων

66 2604 173 2638 ῥημάτων
189 2610 310 2645 ἐχούσας.
329 2612 404 2638 Μετὰ
419 2613 503 2638 ταῦτα
522 2612 550 2638 δὲ
565 2613 611 2639 καὶ
629 2613 663 2638 τὰ
688 2614 754 2648 πρὸς
777 2613 823 2639 τὸν

65 2648 141 2681 ilitum
151 2653 201 2687 βίον
213 2656 257 2682 διὰ
270 2656 371 2683 τούτων
385 2659 448 2692 ἡμῖν
462 2658 636 2684 συντελοῦντα
651 2659 822 2693 κατανοήσω-

67 2700 114 2727 μεν.
131 2697 226 2737 Ἐπειδὴ
244 2701 298 2737 γὰρ
312 2702 356 2729 τὸν
371 2703 510 2738 Μονοτενῆ
524 2703 591 2730 Θεὸν
602 2704 647 2730 τὸν
661 2703 706 2729 τοῦ
722 2703 821 2734 παντὸς

853 822 875 849 Β

891 199 956 233 jecti
979 199 1102 233 corporis
1119 203 1256 232 naturam,
1283 204 1309 227 et
1334 200 1441 235 singula
1469 203 1588 230 membra
1613 212 1676 232 cum

893 249 951 271 toto
984 245 1102 272 naturali
1139 245 1256 280 quadam
1291 247 1492 275 necessitudine
1530 250 1676 284 conjuncta

892 297 963 323 csso,
981 298 1042 325 qua:
1058 294 1148 324 partes
1171 290 1221 316 toti
1247 290 1283 316 ita
1307 290 1444 322 conciliat,
1466 295 1496 317 ut
1520 293 1588 319 miro
1611 301 1677 321 con-

893 343 975 363 sensu
997 335 1068 362 inter
1082 343 1111 362 se
1127 336 1303 362 conveniant.
1330 335 1368 362 Ex
1391 343 1447 370 quo
1462 336 1493 363 ﬁt
1509 341 1548 370 ut,
1572 338 1595 365 si
1610 339 1675 372 quid

892 385 969 408 extra
984 389 1085 416 corpus
1100 385 1152 413 est,
1170 381 1196 408 id
1218 381 1299 408 etiam
1315 389 1329 407 a
1345 381 1433 416 capite
1452 383 1564 410 omnino
1580 384 1674 417 sejun-

892 431 965 453 ctum
983 426 1029 454 sit.
1049 426 1087 453 Ex
1102 427 1153 453 hoc
1174 427 1256 462 igitur
1278 427 1466 462 intelligimus,
1487 429 1557 463 quod
1579 434 1676 456 natura

892 475 972 506 caput
987 476 1040 503 est,
1054 472 1124 498 idem
1140 472 1197 499 ﬁeri
1214 472 1321 507 singula
1339 472 1471 504 membra,
1487 476 1516 500 ut
1531 481 1593 500 cum
1616 473 1675 509 ipso

891 518 980 553 capite
1005 518 1115 552 proprie
1142 518 1283 553 amiceque
1307 519 1492 546 consentiant.
1509 519 1564 547 Nos
1584 525 1674 548 autem

891 563 1011 589 membra
1024 561 1130 596 sumus,
1148 563 1194 598 qui
1209 564 1235 590 in
1249 564 1352 591 Christi
1369 571 1469 599 corpus
1483 565 1672 593 coalescimus.

890 609 981 642 Quare
1005 610 1028 637 si
1054 610 1116 644 quis
1142 610 1292 637 membrum
1315 610 1420 638 Christi
1445 611 1553 642 tollens,
1577 611 1674 638 etiiciat

891 654 1043 681 membrum
1065 655 1216 682 interetricis
1228 656 1260 687 δ’,
1279 655 1323 682 hic
1337 655 1438 683 rabiem
1456 656 1586 690 improba:
1600 657 1674 684 illius

890 700 1012 728 libidinis
1043 704 1171 735 tanquam
1196 700 1315 735 gladium
1339 701 1494 737 arripiens,
1525 709 1573 736 per
1603 702 1674 728 hanc

890 753 1001 780 pravam
1020 747 1252 781 perturbationem
1269 747 1420 775 membrum
1436 754 1550 781 prorsus
1564 747 1673 774 abscin-

889 791 929 818 dit
950 798 965 818 a
982 792 1080 826 capite.
1104 791 1149 818 Sic
1170 792 1232 819 item
1250 793 1353 828 reliqua
1369 793 1478 820 malitize
1492 793 1672 820 instrumenta

889 841 953 865 sunt
973 837 1055 864 veluti
1080 837 1172 872 gladii,
1190 838 1288 873 quibus
1310 838 1430 866 membra
1452 845 1467 865 a
1484 839 1595 873 proprio
1612 845 1672 866 eor-

888 891 954 918 pore
975 887 1160 918 amputantur,
1180 889 1207 911 et
1224 885 1316 911 omnia
1339 885 1519 920 sejunguntur
1542 892 1556 911 a
1572 886 1669 919 capite,

888 936 1004 963 quorum
1020 929 1168 956 sectionem
1183 929 1401 963 perturbationes
1419 929 1550 956 eiiiciunt.
1567 928 1601 955 lit
1620 929 1669 964 igi-

889 977 932 999 tur
948 977 1034 999 totmn
1055 980 1156 1008 corpus
1178 973 1205 999 in
1229 973 1345 1000 naturali
1365 973 1484 1001 amicitia
1500 981 1561 1000 cum
1579 973 1669 1008 capite

887 1022 1055 1053 permaneat,
1069 1025 1176 1053 aequum
1189 1024 1230 1046 est
1249 1024 1278 1045 ut
1292 1024 1384 1046 mutua
1400 1019 1546 1046 concordia
1561 1019 1669 1054 singula

886 1063 950 1091 item
969 1064 1088 1090 membra
1109 1064 1180 1095 inter
1202 1072 1231 1091 se
1253 1064 1463 1099 coniungantur.
1485 1064 1667 1097 Quamobrem

886 1117 948 1136 cum
971 1110 1058 1143 ipsum
1083 1114 1165 1145 caput
1192 1117 1245 1137 non
1271 1109 1351 1136 modo
1385 1114 1482 1144 purum
1498 1130 1505 1142 ,
1530 1110 1665 1144 integrum

884 1159 1044 1190 castumque
1066 1156 1123 1187 sit,
1144 1155 1194 1184 sed
1220 1156 1278 1190 ipsa
1302 1156 1420 1190 quodam
1446 1155 1527 1183 modo
1551 1157 1667 1191 puritas.

885 1200 1025 1235 integritas
1049 1205 1076 1228 et
1096 1201 1209 1229 castitas
1232 1201 1415 1234 existimetur,
1437 1209 1498 1236 qua:
1514 1202 1565 1229 sub
1593 1202 1668 1236 ejus-

884 1248 956 1275 modi
977 1252 1060 1282 caput
1085 1248 1206 1275 membra
1232 1253 1416 1282 concurrunt;
1441 1256 1472 1276 ea
1507 1249 1569 1275 item
1588 1255 1667 1284 pura,

884 1295 1040 1329 incorrupta
1067 1299 1197 1329 castaque
1222 1295 1277 1322 sint
1300 1299 1514 1322 consentaneum
1540 1299 1591 1321 est.
1615 1293 1668 1321 Ben

883 1340 965 1374 niqne
987 1339 1120 1374 quidquid
1147 1339 1181 1367 de
1208 1340 1296 1374 capite
1320 1340 1483 1375 cogitamus,
1512 1343 1541 1365 ut
1560 1346 1666 1373 pacem,

883 1385 1105 1417 Sanctimoniam,
1124 1385 1280 1416 veritatem,
1304 1389 1331 1412 et
1353 1385 1405 1411 alia
1427 1384 1516 1411 oniuia
1542 1383 1666 1418 ejusdem

883 1432 1001 1466 generis,
1029 1432 1057 1458 in
1085 1431 1216 1458 membris
1234 1437 1343 1465 quoque
1372 1429 1566 1464 conspicienda
1590 1433 1669 1458 sunt..

883 1477 935 1504 Per
951 1477 1048 1504 Filium
1065 1477 1138 1504 enim
1163 1477 1220 1504 haec
1235 1482 1262 1504 et
1275 1477 1339 1503 talia
1364 1476 1391 1503 in
1411 1476 1539 1503 membris
1554 1475 1667 1502 demon-

884 1527 1016 1554 strantur,
1033 1523 1105 1556 quod
1129 1530 1161 1550 ea
1176 1522 1294 1550 naturali
1312 1521 1517 1549 necessitudine
1540 1528 1601 1547 cum
1624 1528 1668 1548 ca-

882 1569 938 1603 pite
952 1568 1089 1595 cohaerere
1113 1568 1149 1595 sit
1174 1567 1332 1595 testimonio
1357 1567 1585 1602 comprobatum:
1603 1573 1667 1592 cum

882 1615 923 1642 sic
949 1614 1097 1649 Apostolus
1119 1614 1230 1645 dixerit.
1255 1613 1396 1641 Christum
1424 1620 1484 1640 esse
1512 1617 1604 1646 caput,
1631 1619 1664 1638 ex

882 1668 936 1694 quo
961 1663 1048 1686 totum
1075 1667 1175 1694 corpus
1202 1662 1374 1694 compactum
1393 1662 1419 1685 et
1443 1665 1595 1685 connexum
1618 1664 1666 1691 per

881 1714 990 1733 omnem
1003 1706 1162 1740 juncturam
1179 1704 1328 1733 secundum
1342 1703 1527 1738 operationem
1545 1703 1571 1729 in
1589 1710 1664 1728 inen-

881 1759 972 1779 suram
987 1751 1203 1786 uniuscujusque
1218 1750 1331 1777 membri
1352 1754 1524 1784 augmentum
1540 1747 1665 1782 corporis

881 1798 989 1825 facit".
1022 1797 1089 1824 Illud
1118 1801 1246 1831 praeterea
1281 1803 1314 1822 ex
1341 1795 1393 1822 hoc
1419 1794 1516 1829 capitis
1553 1793 1665 1820 nomine

880 1844 986 1871 discere
1001 1843 1147 1870 debemus:
1160 1841 1388 1876 quemadmodum
1404 1841 1430 1867 in
1446 1839 1610 1866 animalibus
1630 1846 1663 1867 ex

880 1889 969 1924 capite
983 1887 1108 1922 provenit
1127 1887 1235 1922 corpori
1250 1886 1284 1914 ad
1305 1886 1440 1921 agendum
1456 1885 1566 1912 occasio
1583 1887 1664 1919 atque

881 1933 1017 1963 incitatio,
1042 1931 1175 1966 siquidem
1201 1935 1228 1957 et
1253 1930 1351 1966 pedum
1373 1935 1399 1958 et
1425 1937 1553 1956 manuum
1574 1932 1665 1955 motus

880 1983 961 2013 atque
975 1985 1058 2012 opera
1075 1977 1166 2003 omnia
1189 1977 1330 2004 oculorum
1347 1981 1373 2003 et
1395 1978 1502 2002 aurium
1519 1982 1570 2009 ope
1593 1974 1663 2000 diri-

879 2027 980 2059 guntur
993 2032 1001 2056 ;
1015 2023 1115 2050 etenim
1131 2023 1184 2050 nisi
1200 2022 1273 2049 oculi
1289 2021 1400 2056 prtesint
1412 2020 1556 2055 satagenti,
1571 2023 1597 2047 et
1616 2027 1664 2046 au-

879 2069 918 2098 ris
939 2069 1083 2103 impcrium
1100 2068 1228 2102 excipiat,
1246 2067 1313 2094 nihil
1330 2074 1426 2094 eorum
1450 2073 1510 2101 qua:
1523 2065 1662 2100 proposita

880 2119 945 2141 sunt
960 2117 1036 2140 recte
1052 2113 1109 2139 ﬁeri
1130 2116 1220 2146 potest
1235 2120 1241 2138 :
1258 2112 1300 2138 sic
1314 2119 1345 2138 ex
1362 2110 1418 2138 veri
1432 2110 1531 2145 capitis
1551 2113 1663 2137 sentcn-

845 2158 866 2186 D
881 2160 917 2186 tia
936 2166 1035 2193 corpus
1052 2158 1079 2185 in
1100 2158 1182 2185 rebus
1195 2157 1323 2184 erunibus
1344 2155 1424 2183 modo
1441 2155 1475 2182 ad
1494 2155 1556 2185 hoc.
1583 2154 1663 2181 modo

879 2205 912 2233 ad
935 2205 1001 2232 illud
1020 2204 1154 2239 agendum
1180 2203 1260 2238 dirigi
1288 2206 1315 2229 et
1336 2201 1438 2228 moveri
1463 2204 1582 2236 oportet,
1598 2207 1664 2234 quo-

879 2259 987 2286 cunque
1002 2250 1047 2277 ille
1061 2250 1106 2285 qui
1121 2249 1198 2276 tinxit
1213 2249 1324 2276 oculum
1338 2253 1364 2275 ct
1380 2247 1512 2282 plantavit
1523 2253 1616 2273 aurem
1626 2245 1660 2276 δ’,

877 2298 969 2325 ducet.
986 2296 1101 2330 Quando
1121 2296 1203 2331 igitur
1218 2298 1300 2330 caput
1314 2302 1374 2329 qua:
1391 2301 1473 2328 supra
1493 2296 1557 2320 sunt
1579 2292 1662 2327 respi-

877 2344 926 2374 cit.
953 2350 1022 2377 opus
1047 2346 1090 2369 est
1121 2345 1151 2368 ut
1170 2349 1230 2376 qure
1252 2340 1334 2375 capiti
1360 2344 1422 2374 apte
1453 2339 1574 2366 subnexa
1597 2341 1662 2365 sunt

877 2387 1010 2420 membra,
1027 2386 1114 2421 ipsius
1127 2387 1225 2421 capitis
1237 2387 1348 2413 ductum
1364 2388 1523 2419 sequantur.
1537 2387 1564 2410 et
1578 2383 1611 2410 ad
1630 2390 1661 2410 ea

876 2441 936 2469 qua:
961 2440 1045 2467 supra
1073 2436 1136 2460 sunt
1162 2431 1281 2458 tendant.
1315 2430 1414 2458 Verum
1441 2429 1570 2464 quoniam
1597 2437 1660 2456 cum

876 2486 938 2506 esse
957 2477 1167 2513 primogenitum
1182 2481 1317 2504 creatura:
1332 2475 1463 2503 discimus
1476 2475 1498 2491 ⁵’
1513 2479 1540 2502 et
1559 2474 1660 2510 primo-

877 2524 998 2558 genitum
1016 2531 1048 2549 ex
1065 2522 1181 2550 mortuis
1191 2523 1225 2554 ⁵³,
1248 2526 1275 2549 et
1290 2522 1502 2556 primogenitum
1523 2521 1550 2547 in
1565 2519 1660 2546 multis

878 2568 1054 2598 fratribus“.
1081 2567 1198 2601 primum
1216 2567 1324 2602 quidem
1348 2567 1492 2594 haereticus
1516 2564 1659 2599 opiniones

876 2614 1037 2645 rcl'ulemns,
1053 2617 1147 2648 utpote
1165 2621 1225 2647 quae
1242 2613 1347 2640 nullum
1360 2621 1391 2639 ex
1408 2611 1552 2647 pr0positis
1568 2609 1659 2635 verbis

876 2667 960 2694 pravo
986 2666 1036 2686 suo
1056 2658 1174 2693 dogmati
1190 2666 1312 2693 quaerere.
1330 2658 1508 2692 patrocinium
1533 2655 1658 2690 possint;

874 2704 971 2731 deinde
991 2711 1056 2731 vero
1078 2712 1138 2738 qum
1154 2704 1232 2730 nobis
1254 2703 1287 2730 ad
1309 2704 1390 2729 vitam
1407 2706 1434 2728 et
1453 2708 1542 2728 mores
1558 2707 1590 2725 ex
1615 2699 1659 2725 llis

94 2780 303 2822 "1Cor.vi,l5.
341 2789 474 2825 l"'Ephes.
496 2798 531 2824 tv,
556 2791 596 2819 i6.
636 2793 655 2808 δι
669 2792 740 2819 Psai.
755 2799 830 2824 xcm,

909 2791 1049 2819 "Coloss.
1067 2792 1144 2823 1.15.
1183 2791 1206 2807 ⁸³
1220 2791 1285 2818 ibid.
1303 2792 1346 2820 18.
1385 2791 1407 2806 ⁸⁵
1420 2789 1499 2816 Rom.
1520 2796 1576 2816 vin.
1593 2786 1642 2814 '29.
