  <div class='ocr_page' id='page_1' title='image "/cluster/home/n/w/nwhite01/storage/ocr_20150623/46/njp.32101077772604/157.png"; bbox 0 0 1922 3078; ppageno 0'>
   <div class='ocr_carea' id='block_1_1' title="bbox 215 110 269 138">
    <p class='ocr_par' dir='ltr' id='par_1_1' title="bbox 215 110 269 138">
     <span class='ocr_line' id='line_1_1' title="bbox 215 110 269 138; baseline -0.037 -1"><span class='ocrx_word' id='word_1_1' title='bbox 215 110 269 138; x_wconf 62' lang='grc' dir='ltr'><strong>ΩἺΞ</strong></span> 
     </span>
    </p>
   </div>
   <div class='ocr_carea' id='block_1_2' title="bbox 833 103 1209 133">
    <p class='ocr_par' dir='ltr' id='par_1_2' title="bbox 833 103 1209 133">
     <span class='ocr_line' id='line_1_2' title="bbox 833 103 1209 133; baseline 0 -1"><span class='ocrx_word' id='word_1_2' title='bbox 833 104 862 132; x_wconf 88' lang='lat' dir='ltr'><strong>S.</strong></span> <span class='ocrx_word' id='word_1_3' title='bbox 883 103 1046 132; x_wconf 75' lang='grc' dir='ltr'><strong>οιιεοοιιιι</strong></span> <span class='ocrx_word' id='word_1_4' title='bbox 1064 104 1209 133; x_wconf 80' lang='lat' dir='ltr'><strong>NYSSENI</strong></span> 
     </span>
    </p>
   </div>
   <div class='ocr_carea' id='block_1_3' title="bbox 1795 109 1843 136">
    <p class='ocr_par' dir='ltr' id='par_1_3' title="bbox 1795 109 1843 136">
     <span class='ocr_line' id='line_1_3' title="bbox 1795 109 1843 136; baseline 0.021 -1"><span class='ocrx_word' id='word_1_5' title='bbox 1795 109 1843 136; x_wconf 69' lang='grc'><strong>270</strong></span> 
     </span>
    </p>
   </div>
   <div class='ocr_carea' id='block_1_4' title="bbox 217 164 1000 203">
    <p class='ocr_par' dir='ltr' id='par_1_4' title="bbox 217 165 1000 201">
     <span class='ocr_line' id='line_1_4' title="bbox 217 165 1000 201; baseline -0.005 -5"><span class='ocrx_word' id='word_1_6' title='bbox 217 169 374 197; x_wconf 72' lang='lat' dir='ltr'><strong>roudncunt</strong></span> <span class='ocrx_word' id='word_1_7' title='bbox 393 167 612 195; x_wconf 74' lang='lat' dir='ltr'><strong>consideremus.</strong></span> <span class='ocrx_word' id='word_1_8' title='bbox 624 165 723 194; x_wconf 78' lang='lat' dir='ltr'><strong>Hostes</strong></span> <span class='ocrx_word' id='word_1_9' title='bbox 740 165 822 201; x_wconf 78' lang='lat' dir='ltr'><strong>igitur</strong></span> <span class='ocrx_word' id='word_1_10' title='bbox 839 166 885 194; x_wconf 88' lang='lat' dir='ltr'><strong>Dei</strong></span> <span class='ocrx_word' id='word_1_11' title='bbox 897 166 920 193; x_wconf 89' lang='lat' dir='ltr'><strong>si</strong></span> <span class='ocrx_word' id='word_1_12' title='bbox 941 166 1000 192; x_wconf 90' lang='lat' dir='ltr'><strong>uni-</strong></span> 
     </span>
    </p>
   </div>
   <div class='ocr_carea' id='block_1_5' title="bbox 1052 164 1842 203">
    <p class='ocr_par' dir='ltr' id='par_1_5' title="bbox 1054 164 1842 203">
     <span class='ocr_line' id='line_1_5' title="bbox 1054 164 1842 203; baseline 0.005 -11"><span class='ocrx_word' id='word_1_13' title='bbox 1054 167 1229 202; x_wconf 76' lang='grc' dir='ltr'><strong>δημιουργὸν,</strong></span> <span class='ocrx_word' id='word_1_14' title='bbox 1243 167 1288 193; x_wconf 75' lang='grc' dir='ltr'><strong>τὸν</strong></span> <span class='ocrx_word' id='word_1_15' title='bbox 1303 167 1332 199; x_wconf 73' lang='grc' dir='ltr'>ἐξ</span> <span class='ocrx_word' id='word_1_16' title='bbox 1345 164 1387 198; x_wconf 66' lang='grc' dir='ltr'><strong>οὗ.</strong></span> <span class='ocrx_word' id='word_1_17' title='bbox 1403 168 1448 194; x_wconf 74' lang='grc' dir='ltr'><strong>καὶ</strong></span> <span class='ocrx_word' id='word_1_18' title='bbox 1461 168 1494 195; x_wconf 77' lang='grc' dir='ltr'><strong>δι’</strong></span> <span class='ocrx_word' id='word_1_19' title='bbox 1505 164 1547 200; x_wconf 74' lang='grc' dir='ltr'><strong>οὗ,</strong></span> <span class='ocrx_word' id='word_1_20' title='bbox 1561 169 1606 196; x_wconf 76' lang='grc' dir='ltr'><strong>καὶ</strong></span> <span class='ocrx_word' id='word_1_21' title='bbox 1622 170 1650 196; x_wconf 81' lang='grc' dir='ltr'><strong>ὲν</strong></span> <span class='ocrx_word' id='word_1_22' title='bbox 1664 166 1686 203; x_wconf 83' lang='grc' dir='ltr'><strong>ᾧ</strong></span> <span class='ocrx_word' id='word_1_23' title='bbox 1699 170 1733 196; x_wconf 74' lang='grc' dir='ltr'><strong>τὰ</strong></span> <span class='ocrx_word' id='word_1_24' title='bbox 1745 170 1842 202; x_wconf 77' lang='grc' dir='ltr'><strong>πάντα,</strong></span> 
     </span>
    </p>
   </div>
   <div class='ocr_carea' id='block_1_6' title="bbox 218 211 1004 250">
    <p class='ocr_par' dir='ltr' id='par_1_6' title="bbox 218 211 1004 250">
     <span class='ocr_line' id='line_1_6' title="bbox 218 211 1004 250; baseline -0.004 -10"><span class='ocrx_word' id='word_1_25' title='bbox 218 216 340 250; x_wconf 72' lang='lat' dir='ltr'><strong>genitum</strong></span> <span class='ocrx_word' id='word_1_26' title='bbox 356 213 459 244; x_wconf 89' lang='lat' dir='ltr'><strong>Deum,</strong></span> <span class='ocrx_word' id='word_1_27' title='bbox 476 212 597 240; x_wconf 83' lang='lat' dir='ltr'><strong>universi</strong></span> <span class='ocrx_word' id='word_1_28' title='bbox 613 211 779 249; x_wconf 78' lang='lat' dir='ltr'><strong>ell&#39;ertqretn,</strong></span> <span class='ocrx_word' id='word_1_29' title='bbox 800 219 831 238; x_wconf 80' lang='lat' dir='ltr'><strong>ex</strong></span> <span class='ocrx_word' id='word_1_30' title='bbox 845 219 899 245; x_wconf 84' lang='lat' dir='ltr'><strong>quo</strong></span> <span class='ocrx_word' id='word_1_31' title='bbox 913 215 939 238; x_wconf 91' lang='lat' dir='ltr'><strong>et</strong></span> <span class='ocrx_word' id='word_1_32' title='bbox 956 218 1004 245; x_wconf 91' lang='lat' dir='ltr'><strong>per</strong></span> 
     </span>
    </p>
   </div>
   <div class='ocr_carea' id='block_1_7' title="bbox 220 256 1005 296">
    <p class='ocr_par' dir='ltr' id='par_1_7' title="bbox 220 256 1005 296">
     <span class='ocr_line' id='line_1_7' title="bbox 220 256 1005 296; baseline -0.008 -8"><span class='ocrx_word' id='word_1_33' title='bbox 220 269 300 296; x_wconf 85' lang='lat' dir='ltr'><strong>quem</strong></span> <span class='ocrx_word' id='word_1_34' title='bbox 324 264 351 287; x_wconf 84' lang='lat' dir='ltr'><strong>et</strong></span> <span class='ocrx_word' id='word_1_35' title='bbox 379 259 406 286; x_wconf 94' lang='lat' dir='ltr'><strong>in</strong></span> <span class='ocrx_word' id='word_1_36' title='bbox 433 265 489 294; x_wconf 88' lang='lat' dir='ltr'><strong>quo</strong></span> <span class='ocrx_word' id='word_1_37' title='bbox 503 258 596 284; x_wconf 88' lang='lat' dir='ltr'><strong>omnia</strong></span> <span class='ocrx_word' id='word_1_38' title='bbox 608 257 642 289; x_wconf 86' lang='lat'><strong>&quot;,</strong></span> <span class='ocrx_word' id='word_1_39' title='bbox 657 256 760 284; x_wconf 84' lang='lat' dir='ltr'><strong>factum</strong></span> <span class='ocrx_word' id='word_1_40' title='bbox 784 264 845 284; x_wconf 83' lang='lat' dir='ltr'><strong>esse</strong></span> <span class='ocrx_word' id='word_1_41' title='bbox 863 256 958 283; x_wconf 77' lang='lat' dir='ltr'><strong>dicunt</strong></span> <span class='ocrx_word' id='word_1_42' title='bbox 977 260 1005 283; x_wconf 86' lang='lat' dir='ltr'><strong>et</strong></span> 
     </span>
    </p>
   </div>
   <div class='ocr_carea' id='block_1_8' title="bbox 218 302 1003 339">
    <p class='ocr_par' dir='ltr' id='par_1_8' title="bbox 218 302 1003 339">
     <span class='ocr_line' id='line_1_8' title="bbox 218 302 1003 339; baseline -0.008 -5"><span class='ocrx_word' id='word_1_43' title='bbox 218 311 341 335; x_wconf 78' lang='lat' dir='ltr'><strong>creatum</strong></span> <span class='ocrx_word' id='word_1_44' title='bbox 359 313 374 332; x_wconf 91' lang='lat' dir='ltr'><strong>a</strong></span> <span class='ocrx_word' id='word_1_45' title='bbox 395 304 459 338; x_wconf 90' lang='lat' dir='ltr'><strong>Deo,</strong></span> <span class='ocrx_word' id='word_1_46' title='bbox 476 304 591 339; x_wconf 88' lang='lat' dir='ltr'><strong>ideoque</strong></span> <span class='ocrx_word' id='word_1_47' title='bbox 610 308 639 330; x_wconf 93' lang='lat' dir='ltr'><strong>ut</strong></span> <span class='ocrx_word' id='word_1_48' title='bbox 653 307 788 330; x_wconf 75' lang='lat' dir='ltr'><strong>creatura:</strong></span> <span class='ocrx_word' id='word_1_49' title='bbox 809 302 920 330; x_wconf 90' lang='lat' dir='ltr'><strong>fratrem</strong></span> <span class='ocrx_word' id='word_1_50' title='bbox 948 302 1003 330; x_wconf 91' lang='lat' dir='ltr'><strong>dici</strong></span> 
     </span>
    </p>
   </div>
   <div class='ocr_carea' id='block_1_9' title="bbox 218 348 1004 387">
    <p class='ocr_par' dir='ltr' id='par_1_9' title="bbox 218 348 1004 387">
     <span class='ocr_line' id='line_1_9' title="bbox 218 348 1004 387; baseline -0.005 -9"><span class='ocrx_word' id='word_1_51' title='bbox 218 355 354 379; x_wconf 75' lang='lat' dir='ltr'><strong>creaturae</strong></span> <span class='ocrx_word' id='word_1_52' title='bbox 382 350 593 387; x_wconf 73' lang='lat' dir='ltr'><strong>primogenitum</strong></span> <span class='ocrx_word' id='word_1_53' title='bbox 621 353 759 381; x_wconf 81' lang='lat' dir='ltr'><strong>asserunt,</strong></span> <span class='ocrx_word' id='word_1_54' title='bbox 785 356 847 376; x_wconf 87' lang='lat' dir='ltr'><strong>eunt</strong></span> <span class='ocrx_word' id='word_1_55' title='bbox 873 348 1004 383; x_wconf 86' lang='lat' dir='ltr'><strong>temporis</strong></span> 
     </span>
    </p>
   </div>
   <div class='ocr_carea' id='block_1_10' title="bbox 217 394 1005 432">
    <p class='ocr_par' dir='ltr' id='par_1_10' title="bbox 217 394 1005 432">
     <span class='ocr_line' id='line_1_10' title="bbox 217 394 1005 432; baseline -0.005 -8"><span class='ocrx_word' id='word_1_56' title='bbox 217 398 280 432; x_wconf 70' lang='lat' dir='ltr'><strong>jute</strong></span> <span class='ocrx_word' id='word_1_57' title='bbox 305 396 495 424; x_wconf 85' lang='lat' dir='ltr'><strong>tantummodo</strong></span> <span class='ocrx_word' id='word_1_58' title='bbox 521 395 668 431; x_wconf 71' lang='lat' dir='ltr'><strong>prtecellat,</strong></span> <span class='ocrx_word' id='word_1_59' title='bbox 696 394 925 430; x_wconf 79' lang='lat' dir='ltr'><strong>quemadmodum</strong></span> <span class='ocrx_word' id='word_1_60' title='bbox 950 394 1005 421; x_wconf 80' lang='lat' dir='ltr'><strong>ltu-</strong></span> 
     </span>
    </p>
   </div>
   <div class='ocr_carea' id='block_1_11' title="bbox 220 439 1004 475">
    <p class='ocr_par' dir='ltr' id='par_1_11' title="bbox 220 439 1004 475">
     <span class='ocr_line' id='line_1_11' title="bbox 220 439 1004 475; baseline -0.004 -6"><span class='ocrx_word' id='word_1_61' title='bbox 220 443 270 469; x_wconf 81' lang='lat' dir='ltr'><strong>Iten</strong></span> <span class='ocrx_word' id='word_1_62' title='bbox 287 451 340 469; x_wconf 94' lang='lat' dir='ltr'><strong>non</strong></span> <span class='ocrx_word' id='word_1_63' title='bbox 357 446 452 469; x_wconf 86' lang='lat' dir='ltr'><strong>natura</strong></span> <span class='ocrx_word' id='word_1_64' title='bbox 462 461 470 473; x_wconf 87' lang='lat'><strong>,</strong></span> <span class='ocrx_word' id='word_1_65' title='bbox 485 441 533 468; x_wconf 83' lang='lat' dir='ltr'><strong>sed</strong></span> <span class='ocrx_word' id='word_1_66' title='bbox 548 441 677 475; x_wconf 88' lang='lat' dir='ltr'><strong>temporis</strong></span> <span class='ocrx_word' id='word_1_67' title='bbox 693 440 870 475; x_wconf 52' lang='lat' dir='ltr'><strong>prterogativa</strong></span> <span class='ocrx_word' id='word_1_68' title='bbox 885 439 1004 474; x_wconf 87' lang='lat' dir='ltr'><strong>propriis</strong></span> 
     </span>
    </p>
   </div>
   <div class='ocr_carea' id='block_1_12' title="bbox 219 485 1003 522">
    <p class='ocr_par' dir='ltr' id='par_1_12' title="bbox 219 485 1003 522">
     <span class='ocr_line' id='line_1_12' title="bbox 219 485 1003 522; baseline -0.004 -8"><span class='ocrx_word' id='word_1_69' title='bbox 219 487 351 516; x_wconf 71' lang='lat' dir='ltr'><strong>fratribus</strong></span> <span class='ocrx_word' id='word_1_70' title='bbox 364 486 587 522; x_wconf 62' lang='lat' dir='ltr'><strong>praeponebatur:</strong></span> <span class='ocrx_word' id='word_1_71' title='bbox 602 485 666 513; x_wconf 90' lang='lat' dir='ltr'><strong>illud</strong></span> <span class='ocrx_word' id='word_1_72' title='bbox 680 486 814 521; x_wconf 88' lang='lat' dir='ltr'><strong>imprimis</strong></span> <span class='ocrx_word' id='word_1_73' title='bbox 827 489 924 512; x_wconf 83' lang='lat' dir='ltr'><strong>contra</strong></span> <span class='ocrx_word' id='word_1_74' title='bbox 935 485 1003 512; x_wconf 89' lang='lat' dir='ltr'><strong>istos</strong></span> 
     </span>
    </p>
   </div>
   <div class='ocr_carea' id='block_1_13' title="bbox 219 530 1003 567">
    <p class='ocr_par' dir='ltr' id='par_1_13' title="bbox 219 530 1003 567">
     <span class='ocr_line' id='line_1_13' title="bbox 219 530 1003 567; baseline -0.003 -8"><span class='ocrx_word' id='word_1_75' title='bbox 219 532 363 559; x_wconf 87' lang='lat' dir='ltr'><strong>dicendum</strong></span> <span class='ocrx_word' id='word_1_76' title='bbox 380 536 432 563; x_wconf 90' lang='lat' dir='ltr'><strong>est,</strong></span> <span class='ocrx_word' id='word_1_77' title='bbox 449 530 573 558; x_wconf 86' lang='lat' dir='ltr'><strong>eumdem</strong></span> <span class='ocrx_word' id='word_1_78' title='bbox 590 538 644 558; x_wconf 92' lang='lat' dir='ltr'><strong>non</strong></span> <span class='ocrx_word' id='word_1_79' title='bbox 657 538 738 567; x_wconf 80' lang='lat' dir='ltr'><strong>posse</strong></span> <span class='ocrx_word' id='word_1_80' title='bbox 750 534 778 558; x_wconf 91' lang='lat' dir='ltr'><strong>et</strong></span> <span class='ocrx_word' id='word_1_81' title='bbox 794 530 963 565; x_wconf 78' lang='lat' dir='ltr'><strong>unigenitum</strong></span> <span class='ocrx_word' id='word_1_82' title='bbox 976 534 1003 557; x_wconf 89' lang='lat' dir='ltr'><strong>et</strong></span> 
     </span>
    </p>
   </div>
   <div class='ocr_carea' id='block_1_14' title="bbox 219 576 1003 612">
    <p class='ocr_par' dir='ltr' id='par_1_14' title="bbox 219 576 1003 612">
     <span class='ocr_line' id='line_1_14' title="bbox 219 576 1003 612; baseline -0.001 -9"><span class='ocrx_word' id='word_1_83' title='bbox 219 577 428 612; x_wconf 76' lang='lat' dir='ltr'><strong>primogenitum</strong></span> <span class='ocrx_word' id='word_1_84' title='bbox 443 576 517 604; x_wconf 85' lang='lat' dir='ltr'><strong>credi</strong></span> <span class='ocrx_word' id='word_1_85' title='bbox 532 584 539 603; x_wconf 85' lang='lat'><strong>:</strong></span> <span class='ocrx_word' id='word_1_86' title='bbox 563 581 609 603; x_wconf 84' lang='lat' dir='ltr'><strong>aut</strong></span> <span class='ocrx_word' id='word_1_87' title='bbox 623 577 696 603; x_wconf 89' lang='lat' dir='ltr'><strong>euitn</strong></span> <span class='ocrx_word' id='word_1_88' title='bbox 711 577 866 611; x_wconf 78' lang='lat' dir='ltr'><strong>uuigeuitus</strong></span> <span class='ocrx_word' id='word_1_89' title='bbox 888 579 940 607; x_wconf 81' lang='lat' dir='ltr'><strong>est,</strong></span> <span class='ocrx_word' id='word_1_90' title='bbox 955 580 1003 603; x_wconf 84' lang='lat' dir='ltr'><strong>aut</strong></span> 
     </span>
    </p>
   </div>
   <div class='ocr_carea' id='block_1_15' title="bbox 219 620 1003 657">
    <p class='ocr_par' dir='ltr' id='par_1_15' title="bbox 219 620 1003 657">
     <span class='ocr_line' id='line_1_15' title="bbox 219 620 1003 657; baseline 0 -9"><span class='ocrx_word' id='word_1_91' title='bbox 219 630 252 650; x_wconf 72' lang='lat' dir='ltr'><strong>es</strong></span> <span class='ocrx_word' id='word_1_92' title='bbox 274 622 406 650; x_wconf 77' lang='lat' dir='ltr'><strong>fratribus</strong></span> <span class='ocrx_word' id='word_1_93' title='bbox 431 621 628 657; x_wconf 76' lang='lat' dir='ltr'><strong>primogenilus</strong></span> <span class='ocrx_word' id='word_1_94' title='bbox 643 631 650 648; x_wconf 76' lang='grc' dir='ltr'><strong>ι</strong></span> <span class='ocrx_word' id='word_1_95' title='bbox 667 621 689 648; x_wconf 90' lang='lat' dir='ltr'><strong>si</strong></span> <span class='ocrx_word' id='word_1_96' title='bbox 715 621 884 656; x_wconf 75' lang='lat' dir='ltr'><strong>unigenitns,</strong></span> <span class='ocrx_word' id='word_1_97' title='bbox 903 620 1003 648; x_wconf 82' lang='lat' dir='ltr'><strong>fratres</strong></span> 
     </span>
    </p>
   </div>
   <div class='ocr_carea' id='block_1_16' title="bbox 220 666 1004 702">
    <p class='ocr_par' dir='ltr' id='par_1_16' title="bbox 220 666 1004 702">
     <span class='ocr_line' id='line_1_16' title="bbox 220 666 1004 702; baseline 0.001 -9"><span class='ocrx_word' id='word_1_98' title='bbox 220 675 273 696; x_wconf 87' lang='lat' dir='ltr'><strong>tton</strong></span> <span class='ocrx_word' id='word_1_99' title='bbox 291 667 389 700; x_wconf 80' lang='lat' dir='ltr'><strong>habet;</strong></span> <span class='ocrx_word' id='word_1_100' title='bbox 414 667 456 695; x_wconf 91' lang='lat' dir='ltr'><strong>sin</strong></span> <span class='ocrx_word' id='word_1_101' title='bbox 475 667 590 694; x_wconf 85' lang='lat' dir='ltr'><strong>fratrum</strong></span> <span class='ocrx_word' id='word_1_102' title='bbox 615 666 824 702; x_wconf 76' lang='lat' dir='ltr'><strong>printogenitns,</strong></span> <span class='ocrx_word' id='word_1_103' title='bbox 846 666 1004 702; x_wconf 76' lang='lat' dir='ltr'><strong>unigenitus</strong></span> 
     </span>
    </p>
   </div>
   <div class='ocr_carea' id='block_1_17' title="bbox 220 711 812 748">
    <p class='ocr_par' dir='ltr' id='par_1_17' title="bbox 220 711 812 748">
     <span class='ocr_line' id='line_1_17' title="bbox 220 711 812 748; baseline -0.003 -8"><span class='ocrx_word' id='word_1_104' title='bbox 220 720 308 748; x_wconf 88' lang='lat' dir='ltr'><strong>neque</strong></span> <span class='ocrx_word' id='word_1_105' title='bbox 320 719 392 744; x_wconf 79' lang='lat' dir='ltr'><strong>esse,</strong></span> <span class='ocrx_word' id='word_1_106' title='bbox 409 720 498 746; x_wconf 82' lang='lat' dir='ltr'><strong>neque</strong></span> <span class='ocrx_word' id='word_1_107' title='bbox 513 711 566 739; x_wconf 89' lang='lat' dir='ltr'><strong>diei</strong></span> <span class='ocrx_word' id='word_1_108' title='bbox 584 715 674 747; x_wconf 83' lang='lat' dir='ltr'><strong>potest</strong></span> <span class='ocrx_word' id='word_1_109' title='bbox 690 712 812 738; x_wconf 89' lang='lat' dir='ltr'><strong>omnino.</strong></span> 
     </span>
    </p>
   </div>
   <div class='ocr_carea' id='block_1_18' title="bbox 254 757 1004 790">
    <p class='ocr_par' dir='ltr' id='par_1_18' title="bbox 254 757 1004 790">
     <span class='ocr_line' id='line_1_18' title="bbox 254 757 1004 790; baseline -0.001 -5"><span class='ocrx_word' id='word_1_110' title='bbox 254 758 344 790; x_wconf 87' lang='lat' dir='ltr'><strong>Quare</strong></span> <span class='ocrx_word' id='word_1_111' title='bbox 354 765 416 784; x_wconf 90' lang='lat' dir='ltr'><strong>cum</strong></span> <span class='ocrx_word' id='word_1_112' title='bbox 431 757 488 784; x_wconf 68' lang='lat' dir='ltr'><strong>haec</strong></span> <span class='ocrx_word' id='word_1_113' title='bbox 505 759 615 785; x_wconf 85' lang='lat' dir='ltr'><strong>nomina</strong></span> <span class='ocrx_word' id='word_1_114' title='bbox 631 758 658 784; x_wconf 90' lang='lat' dir='ltr'><strong>in</strong></span> <span class='ocrx_word' id='word_1_115' title='bbox 672 757 766 784; x_wconf 78' lang='lat' dir='ltr'><strong>eodeni</strong></span> <span class='ocrx_word' id='word_1_116' title='bbox 779 757 927 784; x_wconf 85' lang='lat' dir='ltr'><strong>convenire</strong></span> <span class='ocrx_word' id='word_1_117' title='bbox 939 765 1004 784; x_wconf 49' lang='lat' dir='ltr'><strong>con.</strong></span> 
     </span>
    </p>
   </div>
   <div class='ocr_carea' id='block_1_19' title="bbox 217 794 1001 839">
    <p class='ocr_par' dir='ltr' id='par_1_19' title="bbox 217 794 1001 839">
     <span class='ocr_line' id='line_1_19' title="bbox 217 794 1001 839; baseline -0.001 -9"><span class='ocrx_word' id='word_1_118' title='bbox 217 804 351 839; x_wconf 76' lang='lat' dir='ltr'><strong>jnngique</strong></span> <span class='ocrx_word' id='word_1_119' title='bbox 371 807 526 838; x_wconf 83' lang='lat' dir='ltr'><strong>nequeant,‘</strong></span> <span class='ocrx_word' id='word_1_120' title='bbox 541 803 612 838; x_wconf 91' lang='lat' dir='ltr'><strong>quod</strong></span> <span class='ocrx_word' id='word_1_121' title='bbox 631 803 687 830; x_wconf 82' lang='lat' dir='ltr'><strong>ﬁeri</strong></span> <span class='ocrx_word' id='word_1_122' title='bbox 710 811 764 829; x_wconf 87' lang='lat' dir='ltr'><strong>non</strong></span> <span class='ocrx_word' id='word_1_123' title='bbox 780 794 866 838; x_wconf 79' lang='lat' dir='ltr'><strong>possit</strong></span> <span class='ocrx_word' id='word_1_124' title='bbox 882 808 910 829; x_wconf 90' lang='lat' dir='ltr'><strong>ut</strong></span> <span class='ocrx_word' id='word_1_125' title='bbox 931 803 1001 830; x_wconf 89' lang='lat' dir='ltr'><strong>ident</strong></span> 
     </span>
    </p>
   </div>
   <div class='ocr_carea' id='block_1_20' title="bbox 218 847 1004 884">
    <p class='ocr_par' dir='ltr' id='par_1_20' title="bbox 218 847 1004 884">
     <span class='ocr_line' id='line_1_20' title="bbox 218 847 1004 884; baseline -0.003 -8"><span class='ocrx_word' id='word_1_126' title='bbox 218 854 244 876; x_wconf 81' lang='lat' dir='ltr'><strong>et</strong></span> <span class='ocrx_word' id='word_1_127' title='bbox 261 849 415 884; x_wconf 74' lang='lat' dir='ltr'><strong>unigenitus</strong></span> <span class='ocrx_word' id='word_1_128' title='bbox 432 853 460 875; x_wconf 92' lang='lat' dir='ltr'><strong>et</strong></span> <span class='ocrx_word' id='word_1_129' title='bbox 476 848 672 883; x_wconf 80' lang='lat' dir='ltr'><strong>pritnogenitus</strong></span> <span class='ocrx_word' id='word_1_130' title='bbox 689 850 856 878; x_wconf 83' lang='lat' dir='ltr'><strong>nominetur,</strong></span> <span class='ocrx_word' id='word_1_131' title='bbox 872 847 899 874; x_wconf 95' lang='lat' dir='ltr'><strong>in</strong></span> <span class='ocrx_word' id='word_1_132' title='bbox 928 847 1004 874; x_wconf 86' lang='lat' dir='ltr'><strong>Seri-</strong></span> 
     </span>
    </p>
   </div>
   <div class='ocr_carea' id='block_1_21' title="bbox 221 892 1002 930">
    <p class='ocr_par' dir='ltr' id='par_1_21' title="bbox 221 892 1002 930">
     <span class='ocr_line' id='line_1_21' title="bbox 221 892 1002 930; baseline -0.003 -9"><span class='ocrx_word' id='word_1_133' title='bbox 221 899 300 930; x_wconf 83' lang='lat' dir='ltr'><strong>ptura</strong></span> <span class='ocrx_word' id='word_1_134' title='bbox 315 898 405 921; x_wconf 90' lang='lat' dir='ltr'><strong>autem</strong></span> <span class='ocrx_word' id='word_1_135' title='bbox 423 894 456 921; x_wconf 85' lang='lat' dir='ltr'><strong>de</strong></span> <span class='ocrx_word' id='word_1_136' title='bbox 474 893 564 921; x_wconf 84' lang='lat' dir='ltr'><strong>Verbo</strong></span> <span class='ocrx_word' id='word_1_137' title='bbox 580 894 636 926; x_wconf 92' lang='lat' dir='ltr'><strong>illo,</strong></span> <span class='ocrx_word' id='word_1_138' title='bbox 651 892 723 928; x_wconf 88' lang='lat' dir='ltr'><strong>qttod</strong></span> <span class='ocrx_word' id='word_1_139' title='bbox 741 898 799 919; x_wconf 85' lang='lat' dir='ltr'><strong>erat</strong></span> <span class='ocrx_word' id='word_1_140' title='bbox 817 893 842 920; x_wconf 94' lang='lat' dir='ltr'><strong>in</strong></span> <span class='ocrx_word' id='word_1_141' title='bbox 857 893 1002 928; x_wconf 89' lang='lat' dir='ltr'><strong>principio,</strong></span> 
     </span>
    </p>
   </div>
   <div class='ocr_carea' id='block_1_22' title="bbox 220 938 1002 974">
    <p class='ocr_par' dir='ltr' id='par_1_22' title="bbox 220 938 1002 974">
     <span class='ocr_line' id='line_1_22' title="bbox 220 938 1002 974; baseline -0.003 -7"><span class='ocrx_word' id='word_1_142' title='bbox 220 940 336 971; x_wconf 79' lang='lat' dir='ltr'><strong>dicatur,</strong></span> <span class='ocrx_word' id='word_1_143' title='bbox 354 939 509 974; x_wconf 72' lang='lat' dir='ltr'><strong>nuigenitus</strong></span> <span class='ocrx_word' id='word_1_144' title='bbox 527 938 610 969; x_wconf 86' lang='lat' dir='ltr'><strong>Deus.</strong></span> <span class='ocrx_word' id='word_1_145' title='bbox 623 943 651 966; x_wconf 87' lang='lat' dir='ltr'><strong>et</strong></span> <span class='ocrx_word' id='word_1_146' title='bbox 673 947 773 966; x_wconf 86' lang='lat' dir='ltr'><strong>rursus</strong></span> <span class='ocrx_word' id='word_1_147' title='bbox 788 939 858 974; x_wconf 83' lang='lat' dir='ltr'><strong>apud</strong></span> <span class='ocrx_word' id='word_1_148' title='bbox 877 938 1002 972; x_wconf 78' lang='lat' dir='ltr'><strong>Paulum,</strong></span> 
     </span>
    </p>
   </div>
   <div class='ocr_carea' id='block_1_23' title="bbox 221 984 1004 1021">
    <p class='ocr_par' dir='ltr' id='par_1_23' title="bbox 221 984 1004 1021">
     <span class='ocr_line' id='line_1_23' title="bbox 221 984 1004 1021; baseline -0.004 -7"><span class='ocrx_word' id='word_1_149' title='bbox 221 985 422 1021; x_wconf 77' lang='lat' dir='ltr'><strong>Primogenitus</strong></span> <span class='ocrx_word' id='word_1_150' title='bbox 435 985 526 1012; x_wconf 86' lang='lat' dir='ltr'><strong>omnis</strong></span> <span class='ocrx_word' id='word_1_151' title='bbox 540 989 674 1012; x_wconf 77' lang='lat' dir='ltr'><strong>creatura:</strong></span> <span class='ocrx_word' id='word_1_152' title='bbox 686 994 692 1011; x_wconf 90' lang='lat'><strong>:</strong></span> <span class='ocrx_word' id='word_1_153' title='bbox 705 985 825 1012; x_wconf 72' lang='lat' dir='ltr'><strong>veritatis</strong></span> <span class='ocrx_word' id='word_1_154' title='bbox 839 984 944 1020; x_wconf 80' lang='lat' dir='ltr'><strong>judicio</strong></span> <span class='ocrx_word' id='word_1_155' title='bbox 963 985 1004 1012; x_wconf 90' lang='lat' dir='ltr'><strong>sic</strong></span> 
     </span>
    </p>
   </div>
   <div class='ocr_carea' id='block_1_24' title="bbox 220 1028 1004 1068">
    <p class='ocr_par' dir='ltr' id='par_1_24' title="bbox 220 1028 1004 1068">
     <span class='ocr_line' id='line_1_24' title="bbox 220 1028 1004 1068; baseline -0.004 -10"><span class='ocrx_word' id='word_1_156' title='bbox 220 1034 328 1068; x_wconf 78' lang='lat' dir='ltr'><strong>oportet</strong></span> <span class='ocrx_word' id='word_1_157' title='bbox 345 1031 404 1058; x_wconf 71' lang='lat' dir='ltr'><strong>lure</strong></span> <span class='ocrx_word' id='word_1_158' title='bbox 425 1029 536 1057; x_wconf 86' lang='lat' dir='ltr'><strong>nomina</strong></span> <span class='ocrx_word' id='word_1_159' title='bbox 552 1037 682 1064; x_wconf 85' lang='lat' dir='ltr'><strong>separare</strong></span> <span class='ocrx_word' id='word_1_160' title='bbox 704 1033 730 1055; x_wconf 93' lang='lat' dir='ltr'><strong>et</strong></span> <span class='ocrx_word' id='word_1_161' title='bbox 753 1029 924 1064; x_wconf 75' lang='lat' dir='ltr'><strong>distinguere</strong></span> <span class='ocrx_word' id='word_1_162' title='bbox 942 1028 1004 1056; x_wconf 90' lang='lat' dir='ltr'><strong>dili-</strong></span> 
     </span>
    </p>
   </div>
   <div class='ocr_carea' id='block_1_25' title="bbox 219 1074 1002 1112">
    <p class='ocr_par' dir='ltr' id='par_1_25' title="bbox 219 1074 1002 1112">
     <span class='ocr_line' id='line_1_25' title="bbox 219 1074 1002 1112; baseline -0.004 -8"><span class='ocrx_word' id='word_1_163' title='bbox 219 1082 324 1112; x_wconf 70' lang='lat' dir='ltr'><strong>genter,</strong></span> <span class='ocrx_word' id='word_1_164' title='bbox 352 1080 382 1103; x_wconf 89' lang='lat' dir='ltr'><strong>ut</strong></span> <span class='ocrx_word' id='word_1_165' title='bbox 413 1075 586 1110; x_wconf 78' lang='lat' dir='ltr'><strong>Unigenitutn</strong></span> <span class='ocrx_word' id='word_1_166' title='bbox 614 1075 799 1109; x_wconf 76' lang='lat' dir='ltr'><strong>intelligamus</strong></span> <span class='ocrx_word' id='word_1_167' title='bbox 821 1075 847 1102; x_wconf 89' lang='lat' dir='ltr'><strong>id</strong></span> <span class='ocrx_word' id='word_1_168' title='bbox 872 1074 1002 1106; x_wconf 84' lang='lat' dir='ltr'><strong>Verbum,</strong></span> 
     </span>
    </p>
   </div>
   <div class='ocr_carea' id='block_1_26' title="bbox 220 1119 1002 1157">
    <p class='ocr_par' dir='ltr' id='par_1_26' title="bbox 220 1119 1002 1157">
     <span class='ocr_line' id='line_1_26' title="bbox 220 1119 1002 1157; baseline -0.004 -8"><span class='ocrx_word' id='word_1_169' title='bbox 220 1122 292 1157; x_wconf 80' lang='lat' dir='ltr'><strong>quod</strong></span> <span class='ocrx_word' id='word_1_170' title='bbox 309 1127 350 1149; x_wconf 88' lang='lat' dir='ltr'><strong>est</strong></span> <span class='ocrx_word' id='word_1_171' title='bbox 368 1125 432 1148; x_wconf 82' lang='lat' dir='ltr'><strong>ante</strong></span> <span class='ocrx_word' id='word_1_172' title='bbox 458 1121 573 1155; x_wconf 75' lang='lat' dir='ltr'><strong>sa-cnla;</strong></span> <span class='ocrx_word' id='word_1_173' title='bbox 589 1119 678 1147; x_wconf 80' lang='lat' dir='ltr'><strong>omnis</strong></span> <span class='ocrx_word' id='word_1_174' title='bbox 703 1124 793 1147; x_wconf 87' lang='lat' dir='ltr'><strong>autem</strong></span> <span class='ocrx_word' id='word_1_175' title='bbox 816 1124 950 1148; x_wconf 74' lang='lat' dir='ltr'><strong>creaturae</strong></span> <span class='ocrx_word' id='word_1_176' title='bbox 976 1120 1002 1146; x_wconf 92' lang='lat' dir='ltr'><strong>in</strong></span> 
     </span>
    </p>
   </div>
   <div class='ocr_carea' id='block_1_27' title="bbox 223 1163 1003 1197">
    <p class='ocr_par' dir='ltr' id='par_1_27' title="bbox 223 1163 1003 1197">
     <span class='ocr_line' id='line_1_27' title="bbox 223 1163 1003 1197; baseline -0.003 -3"><span class='ocrx_word' id='word_1_177' title='bbox 223 1167 334 1194; x_wconf 84' lang='lat' dir='ltr'><strong>Christo</strong></span> <span class='ocrx_word' id='word_1_178' title='bbox 355 1166 444 1197; x_wconf 71' lang='lat' dir='ltr'><strong>factm,</strong></span> <span class='ocrx_word' id='word_1_179' title='bbox 468 1165 588 1193; x_wconf 75' lang='lat' dir='ltr'><strong>Verbum</strong></span> <span class='ocrx_word' id='word_1_180' title='bbox 611 1173 720 1192; x_wconf 85' lang='lat' dir='ltr'><strong>carnem</strong></span> <span class='ocrx_word' id='word_1_181' title='bbox 743 1164 844 1191; x_wconf 87' lang='lat' dir='ltr'><strong>factum</strong></span> <span class='ocrx_word' id='word_1_182' title='bbox 869 1172 930 1192; x_wconf 91' lang='lat' dir='ltr'><strong>esse</strong></span> <span class='ocrx_word' id='word_1_183' title='bbox 944 1163 1003 1192; x_wconf 85' lang='lat' dir='ltr'><strong>Pri-</strong></span> 
     </span>
    </p>
   </div>
   <div class='ocr_carea' id='block_1_28' title="bbox 221 1209 1002 1246">
    <p class='ocr_par' dir='ltr' id='par_1_28' title="bbox 221 1209 1002 1246">
     <span class='ocr_line' id='line_1_28' title="bbox 221 1209 1002 1246; baseline -0.004 -7"><span class='ocrx_word' id='word_1_184' title='bbox 221 1212 400 1246; x_wconf 75' lang='lat' dir='ltr'><strong>ntogenitum.</strong></span> <span class='ocrx_word' id='word_1_185' title='bbox 417 1210 531 1245; x_wconf 85' lang='lat' dir='ltr'><strong>Quodsi,</strong></span> <span class='ocrx_word' id='word_1_186' title='bbox 547 1218 602 1245; x_wconf 90' lang='lat' dir='ltr'><strong>quo</strong></span> <span class='ocrx_word' id='word_1_187' title='bbox 622 1209 702 1236; x_wconf 87' lang='lat' dir='ltr'><strong>modo</strong></span> <span class='ocrx_word' id='word_1_188' title='bbox 726 1210 770 1237; x_wconf 90' lang='lat' dir='ltr'><strong>ille</strong></span> <span class='ocrx_word' id='word_1_189' title='bbox 788 1213 815 1236; x_wconf 87' lang='lat' dir='ltr'><strong>et</strong></span> <span class='ocrx_word' id='word_1_190' title='bbox 838 1209 1002 1244; x_wconf 76' lang='lat' dir='ltr'><strong>primogeni—</strong></span> 
     </span>
    </p>
   </div>
   <div class='ocr_carea' id='block_1_29' title="bbox 219 1255 1003 1290">
    <p class='ocr_par' dir='ltr' id='par_1_29' title="bbox 219 1255 1003 1290">
     <span class='ocr_line' id='line_1_29' title="bbox 219 1255 1003 1290; baseline -0.003 -7"><span class='ocrx_word' id='word_1_191' title='bbox 219 1262 265 1284; x_wconf 90' lang='lat' dir='ltr'><strong>tus</strong></span> <span class='ocrx_word' id='word_1_192' title='bbox 278 1264 310 1284; x_wconf 80' lang='lat' dir='ltr'><strong>ex</strong></span> <span class='ocrx_word' id='word_1_193' title='bbox 325 1255 451 1286; x_wconf 84' lang='lat' dir='ltr'><strong>mortuis,</strong></span> <span class='ocrx_word' id='word_1_194' title='bbox 463 1260 491 1283; x_wconf 92' lang='lat' dir='ltr'><strong>et</strong></span> <span class='ocrx_word' id='word_1_195' title='bbox 503 1255 698 1290; x_wconf 78' lang='lat' dir='ltr'><strong>printogenitus</strong></span> <span class='ocrx_word' id='word_1_196' title='bbox 720 1255 745 1281; x_wconf 92' lang='lat' dir='ltr'><strong>in</strong></span> <span class='ocrx_word' id='word_1_197' title='bbox 764 1255 858 1282; x_wconf 85' lang='lat' dir='ltr'><strong>multis</strong></span> <span class='ocrx_word' id='word_1_198' title='bbox 873 1255 1003 1281; x_wconf 83' lang='lat' dir='ltr'><strong>fratribus</strong></span> 
     </span>
    </p>
   </div>
   <div class='ocr_carea' id='block_1_30' title="bbox 221 1301 1003 1337">
    <p class='ocr_par' dir='ltr' id='par_1_30' title="bbox 221 1301 1003 1337">
     <span class='ocr_line' id='line_1_30' title="bbox 221 1301 1003 1337; baseline -0.005 -7"><span class='ocrx_word' id='word_1_199' title='bbox 221 1303 402 1337; x_wconf 76' lang='lat' dir='ltr'><strong>intelligatur.</strong></span> <span class='ocrx_word' id='word_1_200' title='bbox 424 1301 614 1333; x_wconf 84' lang='lat' dir='ltr'><strong>didicerimus,</strong></span> <span class='ocrx_word' id='word_1_201' title='bbox 646 1301 726 1329; x_wconf 86' lang='lat' dir='ltr'><strong>simul</strong></span> <span class='ocrx_word' id='word_1_202' title='bbox 750 1301 831 1327; x_wconf 80' lang='lat' dir='ltr'><strong>etiam</strong></span> <span class='ocrx_word' id='word_1_203' title='bbox 853 1308 908 1335; x_wconf 93' lang='lat' dir='ltr'><strong>quo</strong></span> <span class='ocrx_word' id='word_1_204' title='bbox 921 1301 1003 1327; x_wconf 88' lang='lat' dir='ltr'><strong>modo</strong></span> 
     </span>
    </p>
   </div>
   <div class='ocr_carea' id='block_1_31' title="bbox 219 1345 1004 1382">
    <p class='ocr_par' dir='ltr' id='par_1_31' title="bbox 219 1345 1004 1382">
     <span class='ocr_line' id='line_1_31' title="bbox 219 1345 1004 1382; baseline -0.004 -7"><span class='ocrx_word' id='word_1_205' title='bbox 219 1349 254 1375; x_wconf 87' lang='lat' dir='ltr'><strong>sit</strong></span> <span class='ocrx_word' id='word_1_206' title='bbox 272 1351 406 1375; x_wconf 70' lang='lat' dir='ltr'><strong>creatura:</strong></span> <span class='ocrx_word' id='word_1_207' title='bbox 423 1346 633 1382; x_wconf 74' lang='lat' dir='ltr'><strong>pritnogeuitns,</strong></span> <span class='ocrx_word' id='word_1_208' title='bbox 657 1354 864 1382; x_wconf 75' lang='lat' dir='ltr'><strong>cognoscemus.</strong></span> <span class='ocrx_word' id='word_1_209' title='bbox 886 1345 934 1372; x_wconf 82' lang='lat' dir='ltr'><strong>Est</strong></span> <span class='ocrx_word' id='word_1_210' title='bbox 954 1345 1004 1381; x_wconf 73' lang='lat' dir='ltr'><strong>igi-</strong></span> 
     </span>
    </p>
   </div>
   <div class='ocr_carea' id='block_1_32' title="bbox 219 1391 1003 1428">
    <p class='ocr_par' dir='ltr' id='par_1_32' title="bbox 219 1391 1003 1428">
     <span class='ocr_line' id='line_1_32' title="bbox 219 1391 1003 1428; baseline -0.003 -8"><span class='ocrx_word' id='word_1_211' title='bbox 219 1397 262 1420; x_wconf 89' lang='lat' dir='ltr'><strong>tur</strong></span> <span class='ocrx_word' id='word_1_212' title='bbox 289 1401 322 1420; x_wconf 81' lang='lat' dir='ltr'><strong>ex</strong></span> <span class='ocrx_word' id='word_1_213' title='bbox 349 1392 467 1420; x_wconf 87' lang='lat' dir='ltr'><strong>mortuis</strong></span> <span class='ocrx_word' id='word_1_214' title='bbox 488 1391 686 1428; x_wconf 71' lang='lat' dir='ltr'><strong>pritnogenitus</strong></span> <span class='ocrx_word' id='word_1_215' title='bbox 715 1396 762 1418; x_wconf 88' lang='lat' dir='ltr'><strong>aut</strong></span> <span class='ocrx_word' id='word_1_216' title='bbox 787 1391 917 1426; x_wconf 62' lang='lat' dir='ltr'><strong>primitiae</strong></span> <span class='ocrx_word' id='word_1_217' title='bbox 940 1391 1003 1418; x_wconf 90' lang='lat' dir='ltr'><strong>dor-</strong></span> 
     </span>
    </p>
   </div>
   <div class='ocr_carea' id='block_1_33' title="bbox 219 1436 1001 1468">
    <p class='ocr_par' dir='ltr' id='par_1_33' title="bbox 219 1436 1001 1468">
     <span class='ocr_line' id='line_1_33' title="bbox 219 1436 1001 1468; baseline -0.003 -3"><span class='ocrx_word' id='word_1_218' title='bbox 219 1438 359 1466; x_wconf 90' lang='lat' dir='ltr'><strong>mientium</strong></span> <span class='ocrx_word' id='word_1_219' title='bbox 371 1438 396 1454; x_wconf 85' lang='grc'><strong>⁸⁶</strong></span> <span class='ocrx_word' id='word_1_220' title='bbox 410 1437 510 1468; x_wconf 88' lang='lat' dir='ltr'><strong>factus,</strong></span> <span class='ocrx_word' id='word_1_221' title='bbox 533 1441 562 1464; x_wconf 91' lang='grc' dir='ltr'><strong>ιιι</strong></span> <span class='ocrx_word' id='word_1_222' title='bbox 579 1438 654 1464; x_wconf 88' lang='lat' dir='ltr'><strong>omni</strong></span> <span class='ocrx_word' id='word_1_223' title='bbox 670 1437 746 1464; x_wconf 80' lang='lat' dir='ltr'><strong>carni</strong></span> <span class='ocrx_word' id='word_1_224' title='bbox 765 1436 798 1463; x_wconf 87' lang='lat' dir='ltr'><strong>ad</strong></span> <span class='ocrx_word' id='word_1_225' title='bbox 822 1437 1001 1464; x_wconf 77' lang='lat' dir='ltr'><strong>resurrectio-</strong></span> 
     </span>
    </p>
   </div>
   <div class='ocr_carea' id='block_1_34' title="bbox 1056 211 1836 251">
    <p class='ocr_par' dir='ltr' id='par_1_34' title="bbox 1056 211 1836 251">
     <span class='ocr_line' id='line_1_34' title="bbox 1056 211 1836 251; baseline 0.004 -12"><span class='ocrx_word' id='word_1_226' title='bbox 1056 213 1135 249; x_wconf 77' lang='grc' dir='ltr'><strong>ἔργον</strong></span> <span class='ocrx_word' id='word_1_227' title='bbox 1157 211 1226 240; x_wconf 71' lang='grc' dir='ltr'><strong>εἶναι</strong></span> <span class='ocrx_word' id='word_1_228' title='bbox 1248 213 1294 239; x_wconf 78' lang='grc' dir='ltr'><strong>τοῦ</strong></span> <span class='ocrx_word' id='word_1_229' title='bbox 1311 213 1390 244; x_wconf 83' lang='grc' dir='ltr'><strong>Θεοῦ,</strong></span> <span class='ocrx_word' id='word_1_230' title='bbox 1408 215 1453 240; x_wconf 80' lang='grc' dir='ltr'><strong>καὶ</strong></span> <span class='ocrx_word' id='word_1_231' title='bbox 1471 215 1583 250; x_wconf 86' lang='grc' dir='ltr'><strong>κτίσμα,</strong></span> <span class='ocrx_word' id='word_1_232' title='bbox 1601 216 1648 241; x_wconf 76' lang='grc' dir='ltr'><strong>καὶ</strong></span> <span class='ocrx_word' id='word_1_233' title='bbox 1669 216 1787 251; x_wconf 77' lang='grc' dir='ltr'><strong>ποίημα,</strong></span> <span class='ocrx_word' id='word_1_234' title='bbox 1802 217 1836 242; x_wconf 80' lang='grc' dir='ltr'><strong>λέ-</strong></span> 
     </span>
    </p>
   </div>
   <div class='ocr_carea' id='block_1_35' title="bbox 1055 258 1842 296">
    <p class='ocr_par' dir='ltr' id='par_1_35' title="bbox 1055 258 1842 296">
     <span class='ocr_line' id='line_1_35' title="bbox 1055 258 1842 296; baseline 0.004 -12"><span class='ocrx_word' id='word_1_235' title='bbox 1055 267 1148 292; x_wconf 87' lang='grc' dir='ltr'><strong>γουσιν</strong></span> <span class='ocrx_word' id='word_1_236' title='bbox 1161 259 1186 284; x_wconf 82' lang='grc' dir='ltr'><strong>οί</strong></span> <span class='ocrx_word' id='word_1_237' title='bbox 1199 258 1338 294; x_wconf 75' lang='grc' dir='ltr'><strong>θεομάχοι,</strong></span> <span class='ocrx_word' id='word_1_238' title='bbox 1355 259 1401 285; x_wconf 75' lang='grc' dir='ltr'><strong>καὶ</strong></span> <span class='ocrx_word' id='word_1_239' title='bbox 1412 259 1454 286; x_wconf 78' lang='grc' dir='ltr'><strong>διὰ</strong></span> <span class='ocrx_word' id='word_1_240' title='bbox 1472 260 1550 286; x_wconf 82' lang='grc' dir='ltr'><strong>τοῦτο</strong></span> <span class='ocrx_word' id='word_1_241' title='bbox 1563 260 1652 296; x_wconf 81' lang='grc' dir='ltr'><strong>πάσης</strong></span> <span class='ocrx_word' id='word_1_242' title='bbox 1665 262 1714 296; x_wconf 81' lang='grc' dir='ltr'><strong>τῆς</strong></span> <span class='ocrx_word' id='word_1_243' title='bbox 1728 261 1842 293; x_wconf 77' lang='grc' dir='ltr'><strong>κτίσεως</strong></span> 
     </span>
    </p>
   </div>
   <div class='ocr_carea' id='block_1_36' title="bbox 1056 305 1843 341">
    <p class='ocr_par' dir='ltr' id='par_1_36' title="bbox 1056 305 1843 341">
     <span class='ocr_line' id='line_1_36' title="bbox 1056 305 1843 341; baseline 0.003 -11"><span class='ocrx_word' id='word_1_244' title='bbox 1056 305 1227 340; x_wconf 77' lang='grc' dir='ltr'><strong>πρωτότοκον</strong></span> <span class='ocrx_word' id='word_1_245' title='bbox 1252 305 1332 331; x_wconf 72' lang='grc' dir='ltr'><strong>αὐτὸν</strong></span> <span class='ocrx_word' id='word_1_246' title='bbox 1361 305 1506 339; x_wconf 82' lang='grc' dir='ltr'><strong>λέγεσθαι,</strong></span> <span class='ocrx_word' id='word_1_247' title='bbox 1541 306 1720 341; x_wconf 77' lang='grc' dir='ltr'><strong>διορίζονται·</strong></span> <span class='ocrx_word' id='word_1_248' title='bbox 1753 307 1781 341; x_wconf 81' lang='grc' dir='ltr'><strong>ἢ,</strong></span> <span class='ocrx_word' id='word_1_249' title='bbox 1806 307 1843 338; x_wconf 83' lang='grc' dir='ltr'><strong>ὡς</strong></span> 
     </span>
    </p>
   </div>
   <div class='ocr_carea' id='block_1_37' title="bbox 1055 350 1843 387">
    <p class='ocr_par' dir='ltr' id='par_1_37' title="bbox 1055 350 1843 387">
     <span class='ocr_line' id='line_1_37' title="bbox 1055 350 1843 387; baseline 0.001 -10"><span class='ocrx_word' id='word_1_250' title='bbox 1055 350 1167 384; x_wconf 60' lang='grc' dir='ltr'><strong>ἀδελφὴν</strong></span> <span class='ocrx_word' id='word_1_251' title='bbox 1190 351 1254 376; x_wconf 76' lang='grc' dir='ltr'><strong>ὅντα</strong></span> <span class='ocrx_word' id='word_1_252' title='bbox 1267 351 1316 385; x_wconf 76' lang='grc' dir='ltr'><strong>τῆς</strong></span> <span class='ocrx_word' id='word_1_253' title='bbox 1331 351 1456 383; x_wconf 83' lang='grc' dir='ltr'><strong>κτίσεως,</strong></span> <span class='ocrx_word' id='word_1_254' title='bbox 1479 351 1569 386; x_wconf 75' lang='grc' dir='ltr'><strong>μόνοις</strong></span> <span class='ocrx_word' id='word_1_255' title='bbox 1591 354 1647 384; x_wconf 88' lang='grc' dir='ltr'><strong>τοῖς</strong></span> <span class='ocrx_word' id='word_1_256' title='bbox 1673 352 1720 378; x_wconf 84' lang='grc' dir='ltr'><strong>τοῦ</strong></span> <span class='ocrx_word' id='word_1_257' title='bbox 1745 352 1843 387; x_wconf 77' lang='grc' dir='ltr'><strong>χρόνου</strong></span> 
     </span>
    </p>
   </div>
   <div class='ocr_carea' id='block_1_38' title="bbox 1056 395 1843 432">
    <p class='ocr_par' dir='ltr' id='par_1_38' title="bbox 1056 395 1843 432">
     <span class='ocr_line' id='line_1_38' title="bbox 1056 395 1843 432; baseline 0.001 -11"><span class='ocrx_word' id='word_1_258' title='bbox 1056 395 1209 431; x_wconf 70' lang='grc' dir='ltr'><strong>πρεσϐείοις</strong></span> <span class='ocrx_word' id='word_1_259' title='bbox 1221 396 1302 423; x_wconf 70' lang='grc' dir='ltr'><strong>αὑτὸν</strong></span> <span class='ocrx_word' id='word_1_260' title='bbox 1315 397 1524 432; x_wconf 81' lang='grc' dir='ltr'><strong>προτερεύοντα,</strong></span> <span class='ocrx_word' id='word_1_261' title='bbox 1538 397 1576 427; x_wconf 84' lang='grc' dir='ltr'><strong>ὠς</strong></span> <span class='ocrx_word' id='word_1_262' title='bbox 1592 397 1636 424; x_wconf 83' lang='grc' dir='ltr'><strong>τὸν</strong></span> <span class='ocrx_word' id='word_1_263' title='bbox 1658 397 1774 432; x_wconf 75' lang='grc' dir='ltr'><strong>Ῥουὸὶμ</strong></span> <span class='ocrx_word' id='word_1_264' title='bbox 1787 397 1843 424; x_wconf 79' lang='grc' dir='ltr'><strong>τῶν</strong></span> 
     </span>
    </p>
   </div>
   <div class='ocr_carea' id='block_1_39' title="bbox 1057 440 1844 477">
    <p class='ocr_par' dir='ltr' id='par_1_39' title="bbox 1057 440 1844 477">
     <span class='ocr_line' id='line_1_39' title="bbox 1057 440 1844 477; baseline 0.001 -11"><span class='ocrx_word' id='word_1_265' title='bbox 1057 440 1129 467; x_wconf 83' lang='grc' dir='ltr'><strong>ἰδίων</strong></span> <span class='ocrx_word' id='word_1_266' title='bbox 1146 440 1278 475; x_wconf 77' lang='grc' dir='ltr'><strong>ἀδελφῶν,</strong></span> <span class='ocrx_word' id='word_1_267' title='bbox 1294 441 1324 468; x_wconf 80' lang='grc' dir='ltr'><strong>οὑ</strong></span> <span class='ocrx_word' id='word_1_268' title='bbox 1342 441 1420 475; x_wconf 78' lang='grc' dir='ltr'><strong>φύσει</strong></span> <span class='ocrx_word' id='word_1_269' title='bbox 1435 442 1653 477; x_wconf 74' lang='grc' dir='ltr'><strong>προτεταγμένον</strong></span> <span class='ocrx_word' id='word_1_270' title='bbox 1665 462 1672 474; x_wconf 89' lang='grc'><strong>,</strong></span> <span class='ocrx_word' id='word_1_271' title='bbox 1696 442 1764 468; x_wconf 84' lang='grc' dir='ltr'><strong>ἀλλὰ</strong></span> <span class='ocrx_word' id='word_1_272' title='bbox 1788 443 1844 472; x_wconf 74' lang='grc' dir='ltr'><strong>τοῖς</strong></span> 
     </span>
    </p>
   </div>
   <div class='ocr_carea' id='block_1_40' title="bbox 1055 486 1844 522">
    <p class='ocr_par' dir='ltr' id='par_1_40' title="bbox 1055 486 1844 522">
     <span class='ocr_line' id='line_1_40' title="bbox 1055 486 1844 522; baseline 0 -10"><span class='ocrx_word' id='word_1_273' title='bbox 1055 487 1087 512; x_wconf 74' lang='grc' dir='ltr'><strong>ἐκ</strong></span> <span class='ocrx_word' id='word_1_274' title='bbox 1110 486 1206 522; x_wconf 84' lang='grc' dir='ltr'><strong>χρόνου</strong></span> <span class='ocrx_word' id='word_1_275' title='bbox 1235 487 1390 522; x_wconf 84' lang='grc' dir='ltr'><strong>πρεσϐείοις</strong></span> <span class='ocrx_word' id='word_1_276' title='bbox 1421 487 1633 522; x_wconf 73' lang='grc' dir='ltr'><strong>προτερεὺοντα·</strong></span> <span class='ocrx_word' id='word_1_277' title='bbox 1660 487 1767 522; x_wconf 83' lang='grc' dir='ltr'><strong>πρῶτον</strong></span> <span class='ocrx_word' id='word_1_278' title='bbox 1795 487 1844 521; x_wconf 78' lang='grc' dir='ltr'><strong>μὲν</strong></span> 
     </span>
    </p>
   </div>
   <div class='ocr_carea' id='block_1_41' title="bbox 1055 532 1842 568">
    <p class='ocr_par' dir='ltr' id='par_1_41' title="bbox 1055 532 1842 568">
     <span class='ocr_line' id='line_1_41' title="bbox 1055 532 1842 568; baseline -0.003 -8"><span class='ocrx_word' id='word_1_279' title='bbox 1055 533 1133 560; x_wconf 83' lang='grc' dir='ltr'><strong>τοῦτο</strong></span> <span class='ocrx_word' id='word_1_280' title='bbox 1158 533 1225 568; x_wconf 77' lang='grc' dir='ltr'><strong>πρὸς</strong></span> <span class='ocrx_word' id='word_1_281' title='bbox 1241 533 1361 565; x_wconf 79' lang='grc' dir='ltr'><strong>ἐκείνους</strong></span> <span class='ocrx_word' id='word_1_282' title='bbox 1378 533 1482 568; x_wconf 74' lang='grc' dir='ltr'><strong>ῥητέον,</strong></span> <span class='ocrx_word' id='word_1_283' title='bbox 1507 533 1548 559; x_wconf 75' lang='grc' dir='ltr'><strong>ὅτι</strong></span> <span class='ocrx_word' id='word_1_284' title='bbox 1563 533 1613 559; x_wconf 79' lang='grc' dir='ltr'><strong>οὐκ</strong></span> <span class='ocrx_word' id='word_1_285' title='bbox 1629 533 1686 559; x_wconf 75' lang='grc' dir='ltr'><strong>ἐστι</strong></span> <span class='ocrx_word' id='word_1_286' title='bbox 1701 532 1745 558; x_wconf 73' lang='grc' dir='ltr'><strong>τὸν</strong></span> <span class='ocrx_word' id='word_1_287' title='bbox 1761 532 1842 558; x_wconf 80' lang='grc' dir='ltr'><strong>αὑτὸν</strong></span> 
     </span>
    </p>
   </div>
   <div class='ocr_carea' id='block_1_42' title="bbox 1055 577 1844 613">
    <p class='ocr_par' dir='ltr' id='par_1_42' title="bbox 1055 577 1844 613">
     <span class='ocr_line' id='line_1_42' title="bbox 1055 577 1844 613; baseline -0.004 -7"><span class='ocrx_word' id='word_1_288' title='bbox 1055 579 1102 606; x_wconf 77' lang='grc' dir='ltr'><strong>καὶ</strong></span> <span class='ocrx_word' id='word_1_289' title='bbox 1118 578 1249 613; x_wconf 84' lang='grc' dir='ltr'><strong>μονογενῆ</strong></span> <span class='ocrx_word' id='word_1_290' title='bbox 1262 579 1308 605; x_wconf 78' lang='grc' dir='ltr'><strong>καὶ</strong></span> <span class='ocrx_word' id='word_1_291' title='bbox 1323 578 1492 613; x_wconf 77' lang='grc' dir='ltr'><strong>πρωτότοκον</strong></span> <span class='ocrx_word' id='word_1_292' title='bbox 1507 577 1691 604; x_wconf 73' lang='grc' dir='ltr'><strong>πιστεύεσθαι.</strong></span> <span class='ocrx_word' id='word_1_293' title='bbox 1708 578 1776 604; x_wconf 80' lang='grc' dir='ltr'><strong>Οῠτε</strong></span> <span class='ocrx_word' id='word_1_294' title='bbox 1789 577 1844 613; x_wconf 77' lang='grc' dir='ltr'><strong>γὰρ</strong></span> 
     </span>
    </p>
   </div>
   <div class='ocr_carea' id='block_1_43' title="bbox 1054 622 1844 658">
    <p class='ocr_par' dir='ltr' id='par_1_43' title="bbox 1054 622 1844 658">
     <span class='ocr_line' id='line_1_43' title="bbox 1054 622 1844 658; baseline -0.003 -8"><span class='ocrx_word' id='word_1_295' title='bbox 1054 623 1068 650; x_wconf 82' lang='grc' dir='ltr'>ὁ</span> <span class='ocrx_word' id='word_1_296' title='bbox 1091 622 1238 658; x_wconf 81' lang='grc' dir='ltr'><strong>μονογενὴς</strong></span> <span class='ocrx_word' id='word_1_297' title='bbox 1271 622 1339 657; x_wconf 78' lang='grc' dir='ltr'><strong>μετὰ</strong></span> <span class='ocrx_word' id='word_1_298' title='bbox 1367 622 1488 657; x_wconf 77' lang='grc' dir='ltr'><strong>ἀδελφῶν</strong></span> <span class='ocrx_word' id='word_1_299' title='bbox 1515 623 1634 648; x_wconf 79' lang='grc' dir='ltr'><strong>νοεῖται·</strong></span> <span class='ocrx_word' id='word_1_300' title='bbox 1665 622 1726 648; x_wconf 78' lang='grc' dir='ltr'><strong>οὔτε</strong></span> <span class='ocrx_word' id='word_1_301' title='bbox 1757 622 1844 657; x_wconf 76' lang='grc' dir='ltr'><strong>χωρὶς</strong></span> 
     </span>
    </p>
   </div>
   <div class='ocr_carea' id='block_1_44' title="bbox 1054 667 1842 704">
    <p class='ocr_par' dir='ltr' id='par_1_44' title="bbox 1054 667 1842 704">
     <span class='ocr_line' id='line_1_44' title="bbox 1054 667 1842 704; baseline -0.004 -8"><span class='ocrx_word' id='word_1_302' title='bbox 1054 668 1175 703; x_wconf 80' lang='grc' dir='ltr'><strong>ἀδελφῶν</strong></span> <span class='ocrx_word' id='word_1_303' title='bbox 1187 669 1201 695; x_wconf 90' lang='grc'>6</span> <span class='ocrx_word' id='word_1_304' title='bbox 1212 669 1392 704; x_wconf 79' lang='grc' dir='ltr'><strong>πρωτότοκος,</strong></span> <span class='ocrx_word' id='word_1_305' title='bbox 1406 668 1550 704; x_wconf 79' lang='grc' dir='ltr'><strong>μονογενὴς</strong></span> <span class='ocrx_word' id='word_1_306' title='bbox 1565 668 1670 699; x_wconf 84' lang='grc' dir='ltr'><strong>πάντως</strong></span> <span class='ocrx_word' id='word_1_307' title='bbox 1683 667 1744 694; x_wconf 74' lang='grc' dir='ltr'><strong>οὒτε</strong></span> <span class='ocrx_word' id='word_1_308' title='bbox 1757 667 1842 701; x_wconf 75' lang='grc' dir='ltr'><strong>ἔστιν,</strong></span> 
     </span>
    </p>
   </div>
   <div class='ocr_carea' id='block_1_45' title="bbox 1055 713 1250 747">
    <p class='ocr_par' dir='ltr' id='par_1_45' title="bbox 1055 713 1250 747">
     <span class='ocr_line' id='line_1_45' title="bbox 1055 713 1250 747; baseline 0.005 -8"><span class='ocrx_word' id='word_1_309' title='bbox 1055 713 1116 740; x_wconf 73' lang='grc' dir='ltr'><strong>οὔτε</strong></span> <span class='ocrx_word' id='word_1_310' title='bbox 1132 713 1250 747; x_wconf 84' lang='grc' dir='ltr'><strong>λέγεται.</strong></span> 
     </span>
    </p>
   </div>
   <div class='ocr_carea' id='block_1_46' title="bbox 1089 756 1843 793">
    <p class='ocr_par' dir='ltr' id='par_1_46' title="bbox 1089 756 1843 793">
     <span class='ocr_line' id='line_1_46' title="bbox 1089 756 1843 793; baseline -0.004 -8"><span class='ocrx_word' id='word_1_311' title='bbox 1089 758 1193 786; x_wconf 81' lang='grc' dir='ltr'><strong>Οὐκοῦν</strong></span> <span class='ocrx_word' id='word_1_312' title='bbox 1206 758 1353 793; x_wconf 72' lang='grc' dir='ltr'><strong>ἀσύμϐατέι</strong></span> <span class='ocrx_word' id='word_1_313' title='bbox 1365 759 1421 784; x_wconf 78' lang='grc' dir='ltr'><strong>ἐστι</strong></span> <span class='ocrx_word' id='word_1_314' title='bbox 1435 759 1480 784; x_wconf 68' lang='grc' dir='ltr'><strong>καὶ</strong></span> <span class='ocrx_word' id='word_1_315' title='bbox 1492 757 1662 792; x_wconf 77' lang='grc' dir='ltr'><strong>ἀκοινώνητα</strong></span> <span class='ocrx_word' id='word_1_316' title='bbox 1676 756 1763 783; x_wconf 79' lang='grc' dir='ltr'><strong>ταῦτα</strong></span> <span class='ocrx_word' id='word_1_317' title='bbox 1774 756 1843 791; x_wconf 71' lang='grc' dir='ltr'><strong>πρὸς</strong></span> 
     </span>
    </p>
   </div>
   <div class='ocr_carea' id='block_1_47' title="bbox 1054 799 1842 839">
    <p class='ocr_par' dir='ltr' id='par_1_47' title="bbox 1054 799 1842 839">
     <span class='ocr_line' id='line_1_47' title="bbox 1054 799 1842 839; baseline -0.004 -9"><span class='ocrx_word' id='word_1_318' title='bbox 1054 803 1156 839; x_wconf 75' lang='grc' dir='ltr'><strong>ἄλληλα</strong></span> <span class='ocrx_word' id='word_1_319' title='bbox 1171 804 1216 830; x_wconf 73' lang='grc' dir='ltr'><strong>ἐπὶ</strong></span> <span class='ocrx_word' id='word_1_320' title='bbox 1232 804 1279 830; x_wconf 77' lang='grc' dir='ltr'><strong>τοῦ</strong></span> <span class='ocrx_word' id='word_1_321' title='bbox 1294 803 1377 830; x_wconf 77' lang='grc' dir='ltr'><strong>αὑτοῦ</strong></span> <span class='ocrx_word' id='word_1_322' title='bbox 1395 804 1428 830; x_wconf 62' lang='lat' dir='ltr'><strong>sit</strong></span> <span class='ocrx_word' id='word_1_323' title='bbox 1446 804 1580 838; x_wconf 75' lang='grc' dir='ltr'><strong>νοήματα,</strong></span> <span class='ocrx_word' id='word_1_324' title='bbox 1603 803 1640 834; x_wconf 85' lang='grc' dir='ltr'><strong>ὡς</strong></span> <span class='ocrx_word' id='word_1_325' title='bbox 1658 802 1786 828; x_wconf 79' lang='grc' dir='ltr'><strong>ἀδύνατον</strong></span> <span class='ocrx_word' id='word_1_326' title='bbox 1802 799 1842 827; x_wconf 78' lang='grc' dir='ltr'><strong>εί-</strong></span> 
     </span>
    </p>
   </div>
   <div class='ocr_carea' id='block_1_48' title="bbox 1054 847 1843 884">
    <p class='ocr_par' dir='ltr' id='par_1_48' title="bbox 1054 847 1843 884">
     <span class='ocr_line' id='line_1_48' title="bbox 1054 847 1843 884; baseline -0.005 -8"><span class='ocrx_word' id='word_1_327' title='bbox 1054 858 1109 882; x_wconf 88' lang='grc' dir='ltr'><strong>ναι,</strong></span> <span class='ocrx_word' id='word_1_328' title='bbox 1125 849 1159 876; x_wconf 85' lang='grc' dir='ltr'><strong>τὰ</strong></span> <span class='ocrx_word' id='word_1_329' title='bbox 1169 849 1216 876; x_wconf 87' lang='grc' dir='ltr'><strong>δύο</strong></span> <span class='ocrx_word' id='word_1_330' title='bbox 1230 849 1275 875; x_wconf 81' lang='grc' dir='ltr'><strong>τὸν</strong></span> <span class='ocrx_word' id='word_1_331' title='bbox 1290 849 1371 876; x_wconf 70' lang='grc' dir='ltr'><strong>αὑτὸν</strong></span> <span class='ocrx_word' id='word_1_332' title='bbox 1385 849 1576 884; x_wconf 78' lang='grc' dir='ltr'><strong>ὀνομάζεσθαι,</strong></span> <span class='ocrx_word' id='word_1_333' title='bbox 1590 849 1635 874; x_wconf 71' lang='grc' dir='ltr'><strong>καὶ</strong></span> <span class='ocrx_word' id='word_1_334' title='bbox 1649 847 1781 882; x_wconf 84' lang='grc' dir='ltr'><strong>μονογενῆ</strong></span> <span class='ocrx_word' id='word_1_335' title='bbox 1796 847 1843 873; x_wconf 84' lang='grc' dir='ltr'><strong>καὶ</strong></span> 
     </span>
    </p>
   </div>
   <div class='ocr_carea' id='block_1_49' title="bbox 1055 892 1842 930">
    <p class='ocr_par' dir='ltr' id='par_1_49' title="bbox 1055 892 1842 930">
     <span class='ocr_line' id='line_1_49' title="bbox 1055 892 1842 930; baseline -0.004 -9"><span class='ocrx_word' id='word_1_336' title='bbox 1055 895 1237 930; x_wconf 82' lang='grc' dir='ltr'><strong>πρωτότοκον.</strong></span> <span class='ocrx_word' id='word_1_337' title='bbox 1255 895 1334 921; x_wconf 80' lang='grc' dir='ltr'><strong>Ἀλλὰ</strong></span> <span class='ocrx_word' id='word_1_338' title='bbox 1361 895 1413 930; x_wconf 84' lang='grc' dir='ltr'><strong>μὴν</strong></span> <span class='ocrx_word' id='word_1_339' title='bbox 1437 895 1542 929; x_wconf 74' lang='grc' dir='ltr'><strong>εἴρηται</strong></span> <span class='ocrx_word' id='word_1_340' title='bbox 1565 893 1639 928; x_wconf 69' lang='grc' dir='ltr'><strong>παρὰ</strong></span> <span class='ocrx_word' id='word_1_341' title='bbox 1657 893 1706 927; x_wconf 85' lang='grc' dir='ltr'><strong>τῆς</strong></span> <span class='ocrx_word' id='word_1_342' title='bbox 1729 892 1842 927; x_wconf 75' lang='grc' dir='ltr'><strong>Γραφῆς</strong></span> 
     </span>
    </p>
   </div>
   <div class='ocr_carea' id='block_1_50' title="bbox 1055 938 1843 976">
    <p class='ocr_par' dir='ltr' id='par_1_50' title="bbox 1055 938 1843 976">
     <span class='ocr_line' id='line_1_50' title="bbox 1055 938 1843 976; baseline -0.004 -10"><span class='ocrx_word' id='word_1_343' title='bbox 1055 940 1118 975; x_wconf 83' lang='grc' dir='ltr'><strong>περὶ</strong></span> <span class='ocrx_word' id='word_1_344' title='bbox 1145 939 1191 966; x_wconf 77' lang='grc' dir='ltr'><strong>τοῦ</strong></span> <span class='ocrx_word' id='word_1_345' title='bbox 1220 940 1249 967; x_wconf 72' lang='grc' dir='ltr'><strong>ἐν</strong></span> <span class='ocrx_word' id='word_1_346' title='bbox 1274 941 1345 976; x_wconf 83' lang='grc' dir='ltr'><strong>ἀρχῇ</strong></span> <span class='ocrx_word' id='word_1_347' title='bbox 1370 940 1446 972; x_wconf 68' lang='grc' dir='ltr'><strong>ὄντος</strong></span> <span class='ocrx_word' id='word_1_348' title='bbox 1463 940 1559 973; x_wconf 77' lang='grc' dir='ltr'><strong>Λόγου,</strong></span> <span class='ocrx_word' id='word_1_349' title='bbox 1582 939 1623 965; x_wconf 80' lang='grc' dir='ltr'><strong>ὅτι</strong></span> <span class='ocrx_word' id='word_1_350' title='bbox 1648 939 1662 964; x_wconf 81' lang='grc' dir='ltr'><strong><em>ὸ</em></strong></span> <span class='ocrx_word' id='word_1_351' title='bbox 1688 938 1843 972; x_wconf 83' lang='grc' dir='ltr'><strong>Μονογενὴς</strong></span> 
     </span>
    </p>
   </div>
   <div class='ocr_carea' id='block_1_51' title="bbox 1053 983 1843 1021">
    <p class='ocr_par' dir='ltr' id='par_1_51' title="bbox 1053 983 1843 1021">
     <span class='ocr_line' id='line_1_51' title="bbox 1053 983 1843 1021; baseline -0.004 -10"><span class='ocrx_word' id='word_1_352' title='bbox 1053 985 1129 1017; x_wconf 83' lang='grc' dir='ltr'><strong>Θεὸς,</strong></span> <span class='ocrx_word' id='word_1_353' title='bbox 1146 985 1317 1021; x_wconf 82' lang='grc' dir='ltr'><strong>Πρωτότοκος</strong></span> <span class='ocrx_word' id='word_1_354' title='bbox 1330 987 1418 1020; x_wconf 73' lang='grc' dir='ltr'><strong>πάσης</strong></span> <span class='ocrx_word' id='word_1_355' title='bbox 1432 985 1556 1016; x_wconf 85' lang='grc' dir='ltr'><strong>κτίσεως.</strong></span> <span class='ocrx_word' id='word_1_356' title='bbox 1567 984 1672 1011; x_wconf 77' lang='grc' dir='ltr'><strong>Οὐκοῦν</strong></span> <span class='ocrx_word' id='word_1_357' title='bbox 1685 983 1843 1018; x_wconf 83' lang='grc' dir='ltr'><strong>ὲπιμερίσαι</strong></span> 
     </span>
    </p>
   </div>
   <div class='ocr_carea' id='block_1_52' title="bbox 1055 1028 1842 1066">
    <p class='ocr_par' dir='ltr' id='par_1_52' title="bbox 1055 1028 1842 1066">
     <span class='ocr_line' id='line_1_52' title="bbox 1055 1028 1842 1066; baseline -0.004 -9"><span class='ocrx_word' id='word_1_358' title='bbox 1055 1031 1186 1066; x_wconf 73' lang='grc' dir='ltr'><strong>προσήκει</strong></span> <span class='ocrx_word' id='word_1_359' title='bbox 1209 1030 1248 1066; x_wconf 82' lang='grc' dir='ltr'><strong>τῷ</strong></span> <span class='ocrx_word' id='word_1_360' title='bbox 1264 1031 1404 1066; x_wconf 78' lang='grc' dir='ltr'><strong>μυστηρίῳ</strong></span> <span class='ocrx_word' id='word_1_361' title='bbox 1419 1031 1468 1066; x_wconf 86' lang='grc' dir='ltr'><strong>τῆς</strong></span> <span class='ocrx_word' id='word_1_362' title='bbox 1484 1029 1621 1065; x_wconf 76' lang='grc' dir='ltr'><strong>ἀληθείας,</strong></span> <span class='ocrx_word' id='word_1_363' title='bbox 1638 1029 1766 1064; x_wconf 78' lang='grc' dir='ltr'><strong>ἑκάτερον</strong></span> <span class='ocrx_word' id='word_1_364' title='bbox 1780 1028 1842 1054; x_wconf 84' lang='grc' dir='ltr'><strong>τού-</strong></span> 
     </span>
    </p>
   </div>
   <div class='ocr_carea' id='block_1_53' title="bbox 1054 1075 1842 1112">
    <p class='ocr_par' dir='ltr' id='par_1_53' title="bbox 1054 1075 1842 1112">
     <span class='ocr_line' id='line_1_53' title="bbox 1054 1075 1842 1112; baseline -0.004 -9"><span class='ocrx_word' id='word_1_365' title='bbox 1054 1086 1107 1104; x_wconf 82' lang='grc' dir='ltr'><strong>των</strong></span> <span class='ocrx_word' id='word_1_366' title='bbox 1122 1078 1176 1104; x_wconf 84' lang='grc' dir='ltr'><strong>τῶν</strong></span> <span class='ocrx_word' id='word_1_367' title='bbox 1193 1077 1331 1112; x_wconf 82' lang='grc' dir='ltr'><strong>ὀνομάτων</strong></span> <span class='ocrx_word' id='word_1_368' title='bbox 1344 1077 1461 1108; x_wconf 74' lang='grc' dir='ltr'><strong>εὐσεϐῶς</strong></span> <span class='ocrx_word' id='word_1_369' title='bbox 1476 1076 1659 1103; x_wconf 83' lang='grc' dir='ltr'><strong>διαστείλαντα</strong></span> <span class='ocrx_word' id='word_1_370' title='bbox 1669 1083 1675 1089; x_wconf 83' lang='grc'><strong>’</strong></span> <span class='ocrx_word' id='word_1_371' title='bbox 1698 1075 1768 1101; x_wconf 82' lang='grc' dir='ltr'><strong>ὥστε</strong></span> <span class='ocrx_word' id='word_1_372' title='bbox 1784 1075 1842 1101; x_wconf 78' lang='grc' dir='ltr'><strong>Μο-</strong></span> 
     </span>
    </p>
   </div>
   <div class='ocr_carea' id='block_1_54' title="bbox 1054 1120 1842 1158">
    <p class='ocr_par' dir='ltr' id='par_1_54' title="bbox 1054 1120 1842 1158">
     <span class='ocr_line' id='line_1_54' title="bbox 1054 1120 1842 1158; baseline -0.004 -10"><span class='ocrx_word' id='word_1_373' title='bbox 1054 1123 1150 1157; x_wconf 88' lang='grc' dir='ltr'><strong>νογενῆ</strong></span> <span class='ocrx_word' id='word_1_374' title='bbox 1165 1123 1214 1157; x_wconf 83' lang='grc' dir='ltr'><strong>μὲν</strong></span> <span class='ocrx_word' id='word_1_375' title='bbox 1229 1121 1297 1149; x_wconf 73' lang='grc' dir='ltr'><strong>εἶναι</strong></span> <span class='ocrx_word' id='word_1_376' title='bbox 1312 1123 1358 1149; x_wconf 84' lang='grc' dir='ltr'><strong>τὸν</strong></span> <span class='ocrx_word' id='word_1_377' title='bbox 1374 1121 1532 1158; x_wconf 85' lang='grc' dir='ltr'><strong>προαιώνιον</strong></span> <span class='ocrx_word' id='word_1_378' title='bbox 1547 1122 1643 1155; x_wconf 81' lang='grc' dir='ltr'><strong>Λόγον,</strong></span> <span class='ocrx_word' id='word_1_379' title='bbox 1658 1120 1707 1154; x_wconf 86' lang='grc' dir='ltr'><strong>τῆς</strong></span> <span class='ocrx_word' id='word_1_380' title='bbox 1721 1120 1750 1146; x_wconf 81' lang='grc' dir='ltr'><strong>δὲ</strong></span> <span class='ocrx_word' id='word_1_381' title='bbox 1774 1120 1842 1154; x_wconf 76' lang='grc' dir='ltr'><strong>μετὰ</strong></span> 
     </span>
    </p>
   </div>
   <div class='ocr_carea' id='block_1_55' title="bbox 1053 1165 1841 1203">
    <p class='ocr_par' dir='ltr' id='par_1_55' title="bbox 1053 1165 1841 1203">
     <span class='ocr_line' id='line_1_55' title="bbox 1053 1165 1841 1203; baseline -0.005 -9"><span class='ocrx_word' id='word_1_382' title='bbox 1053 1168 1139 1194; x_wconf 71' lang='grc' dir='ltr'><strong>ταῦτα</strong></span> <span class='ocrx_word' id='word_1_383' title='bbox 1153 1169 1180 1194; x_wconf 82' lang='grc' dir='ltr'><strong>ὲν</strong></span> <span class='ocrx_word' id='word_1_384' title='bbox 1195 1168 1233 1203; x_wconf 84' lang='grc' dir='ltr'><strong>τῷ</strong></span> <span class='ocrx_word' id='word_1_385' title='bbox 1248 1167 1357 1203; x_wconf 81' lang='grc' dir='ltr'><strong>Χριστῷ</strong></span> <span class='ocrx_word' id='word_1_386' title='bbox 1374 1167 1522 1202; x_wconf 79' lang='grc' dir='ltr'><strong>γενομένης</strong></span> <span class='ocrx_word' id='word_1_387' title='bbox 1541 1167 1655 1197; x_wconf 81' lang='grc' dir='ltr'><strong>κτίσεως</strong></span> <span class='ocrx_word' id='word_1_388' title='bbox 1673 1165 1841 1200; x_wconf 78' lang='grc' dir='ltr'><strong>πρωτότοκον</strong></span> 
     </span>
    </p>
   </div>
   <div class='ocr_carea' id='block_1_56' title="bbox 1053 1209 1841 1247">
    <p class='ocr_par' dir='ltr' id='par_1_56' title="bbox 1053 1209 1841 1247">
     <span class='ocr_line' id='line_1_56' title="bbox 1053 1209 1841 1247; baseline -0.005 -8"><span class='ocrx_word' id='word_1_389' title='bbox 1053 1212 1179 1247; x_wconf 80' lang='grc' dir='ltr'><strong>γενέσθαι</strong></span> <span class='ocrx_word' id='word_1_390' title='bbox 1196 1212 1240 1238; x_wconf 72' lang='grc' dir='ltr'><strong>τὸν</strong></span> <span class='ocrx_word' id='word_1_391' title='bbox 1259 1213 1354 1246; x_wconf 81' lang='grc' dir='ltr'><strong>Λόγον,</strong></span> <span class='ocrx_word' id='word_1_392' title='bbox 1373 1213 1461 1247; x_wconf 82' lang='grc' dir='ltr'><strong>σάρκα</strong></span> <span class='ocrx_word' id='word_1_393' title='bbox 1476 1211 1628 1246; x_wconf 71' lang='grc' dir='ltr'><strong>γενόμενον.</strong></span> <span class='ocrx_word' id='word_1_394' title='bbox 1654 1210 1706 1236; x_wconf 76' lang='grc' dir='ltr'><strong>Καὶ</strong></span> <span class='ocrx_word' id='word_1_395' title='bbox 1722 1210 1791 1243; x_wconf 71' lang='grc' dir='ltr'><strong>ὅπερ</strong></span> <span class='ocrx_word' id='word_1_396' title='bbox 1807 1209 1841 1235; x_wconf 81' lang='grc' dir='ltr'><strong>ἂν</strong></span> 
     </span>
    </p>
   </div>
   <div class='ocr_carea' id='block_1_57' title="bbox 1054 1255 1842 1294">
    <p class='ocr_par' dir='ltr' id='par_1_57' title="bbox 1054 1255 1842 1294">
     <span class='ocr_line' id='line_1_57' title="bbox 1054 1255 1842 1294; baseline -0.006 -9"><span class='ocrx_word' id='word_1_397' title='bbox 1054 1260 1119 1294; x_wconf 76' lang='grc' dir='ltr'><strong>ἡμῖν</strong></span> <span class='ocrx_word' id='word_1_398' title='bbox 1133 1257 1275 1293; x_wconf 75' lang='grc' dir='ltr'><strong>ἐγγένηται</strong></span> <span class='ocrx_word' id='word_1_399' title='bbox 1290 1258 1389 1292; x_wconf 85' lang='grc' dir='ltr'><strong>νόημα,</strong></span> <span class='ocrx_word' id='word_1_400' title='bbox 1405 1257 1575 1293; x_wconf 79' lang='grc' dir='ltr'><strong>πρωτότοκον</strong></span> <span class='ocrx_word' id='word_1_401' title='bbox 1592 1256 1672 1283; x_wconf 67' lang='grc' dir='ltr'><strong>αὑτὸν</strong></span> <span class='ocrx_word' id='word_1_402' title='bbox 1687 1257 1719 1282; x_wconf 86' lang='grc' dir='ltr'><strong>ὲκ</strong></span> <span class='ocrx_word' id='word_1_403' title='bbox 1735 1255 1842 1290; x_wconf 79' lang='grc' dir='ltr'><strong>νεκρῶν</strong></span> 
     </span>
    </p>
   </div>
   <div class='ocr_carea' id='block_1_58' title="bbox 1041 1301 1840 1339">
    <p class='ocr_par' dir='ltr' id='par_1_58' title="bbox 1041 1301 1840 1339">
     <span class='ocr_line' id='line_1_58' title="bbox 1041 1301 1840 1339; baseline -0.006 -8"><span class='ocrx_word' id='word_1_404' title='bbox 1041 1302 1123 1339; x_wconf 58' lang='grc' dir='ltr'><strong>,εἶναι</strong></span> <span class='ocrx_word' id='word_1_405' title='bbox 1139 1304 1279 1339; x_wconf 81' lang='grc' dir='ltr'><strong>μαθόντες,</strong></span> <span class='ocrx_word' id='word_1_406' title='bbox 1294 1305 1341 1330; x_wconf 74' lang='grc' dir='ltr'><strong>καὶ</strong></span> <span class='ocrx_word' id='word_1_407' title='bbox 1357 1303 1526 1339; x_wconf 80' lang='grc' dir='ltr'><strong>πρωτότοκον</strong></span> <span class='ocrx_word' id='word_1_408' title='bbox 1539 1303 1566 1329; x_wconf 82' lang='grc' dir='ltr'><strong>ὲν</strong></span> <span class='ocrx_word' id='word_1_409' title='bbox 1579 1302 1684 1333; x_wconf 80' lang='grc' dir='ltr'><strong>πολλοῖς</strong></span> <span class='ocrx_word' id='word_1_410' title='bbox 1698 1301 1823 1335; x_wconf 63' lang='grc' dir='ltr'><strong>ἀδελφοῖς</strong></span> <span class='ocrx_word' id='word_1_411' title='bbox 1835 1309 1840 1316; x_wconf 95' lang='grc'><strong><em>-</em></strong></span> 
     </span>
    </p>
   </div>
   <div class='ocr_carea' id='block_1_59' title="bbox 1053 1345 1843 1386">
    <p class='ocr_par' dir='ltr' id='par_1_59' title="bbox 1053 1345 1843 1386">
     <span class='ocr_line' id='line_1_59' title="bbox 1053 1345 1843 1386; baseline -0.006 -9"><span class='ocrx_word' id='word_1_412' title='bbox 1053 1351 1140 1377; x_wconf 78' lang='grc' dir='ltr'><strong>ἐκεῖνο</strong></span> <span class='ocrx_word' id='word_1_413' title='bbox 1151 1350 1198 1377; x_wconf 77' lang='grc' dir='ltr'><strong>καὶ</strong></span> <span class='ocrx_word' id='word_1_414' title='bbox 1212 1350 1258 1377; x_wconf 70' lang='grc' dir='ltr'><strong>ἐπὶ</strong></span> <span class='ocrx_word' id='word_1_415' title='bbox 1267 1349 1306 1386; x_wconf 86' lang='grc' dir='ltr'><strong>τῷ</strong></span> <span class='ocrx_word' id='word_1_416' title='bbox 1318 1349 1481 1385; x_wconf 84' lang='grc' dir='ltr'><strong>πρωτοτόκῳ</strong></span> <span class='ocrx_word' id='word_1_417' title='bbox 1494 1348 1544 1382; x_wconf 84' lang='grc' dir='ltr'><strong>τῆς</strong></span> <span class='ocrx_word' id='word_1_418' title='bbox 1559 1348 1673 1379; x_wconf 82' lang='grc' dir='ltr'><strong>κτίσεως</strong></span> <span class='ocrx_word' id='word_1_419' title='bbox 1687 1345 1843 1377; x_wconf 76' lang='grc' dir='ltr'><strong>ἀκολούθως</strong></span> 
     </span>
    </p>
   </div>
   <div class='ocr_carea' id='block_1_60' title="bbox 1052 1392 1842 1431">
    <p class='ocr_par' dir='ltr' id='par_1_60' title="bbox 1052 1392 1842 1431">
     <span class='ocr_line' id='line_1_60' title="bbox 1052 1392 1842 1431; baseline -0.008 -8"><span class='ocrx_word' id='word_1_420' title='bbox 1052 1397 1098 1431; x_wconf 88' lang='grc' dir='ltr'><strong>νοή</strong></span> <span class='ocrx_word' id='word_1_421' title='bbox 1104 1405 1193 1431; x_wconf 87' lang='grc' dir='ltr'><strong>σομεν.</strong></span> <span class='ocrx_word' id='word_1_422' title='bbox 1208 1395 1311 1421; x_wconf 64' lang='lat' dir='ltr'><strong>tibi:on</strong></span> <span class='ocrx_word' id='word_1_423' title='bbox 1322 1396 1353 1422; x_wconf 72' lang='grc' dir='ltr'><strong>ἐκ</strong></span> <span class='ocrx_word' id='word_1_424' title='bbox 1366 1394 1468 1430; x_wconf 82' lang='grc' dir='ltr'><strong>νεκρῶν</strong></span> <span class='ocrx_word' id='word_1_425' title='bbox 1482 1393 1531 1429; x_wconf 86' lang='grc' dir='ltr'><strong>μὲν</strong></span> <span class='ocrx_word' id='word_1_426' title='bbox 1543 1393 1713 1428; x_wconf 85' lang='grc' dir='ltr'><strong>πρωτότοκος</strong></span> <span class='ocrx_word' id='word_1_427' title='bbox 1725 1392 1842 1425; x_wconf 86' lang='grc' dir='ltr'><strong>γίνεται,</strong></span> 
     </span>
    </p>
   </div>
   <div class='ocr_carea' id='block_1_61' title="bbox 1052 1439 1844 1477">
    <p class='ocr_par' dir='ltr' id='par_1_61' title="bbox 1052 1439 1844 1477">
     <span class='ocr_line' id='line_1_61' title="bbox 1052 1439 1844 1477; baseline -0.006 -8"><span class='ocrx_word' id='word_1_428' title='bbox 1052 1444 1066 1470; x_wconf 82' lang='grc' dir='ltr'>ὁ</span> <span class='ocrx_word' id='word_1_429' title='bbox 1082 1443 1192 1477; x_wconf 74' lang='grc' dir='ltr'><strong>ἀπαρχὴ</strong></span> <span class='ocrx_word' id='word_1_430' title='bbox 1206 1442 1260 1468; x_wconf 87' lang='grc' dir='ltr'><strong>τῶν</strong></span> <span class='ocrx_word' id='word_1_431' title='bbox 1276 1441 1480 1476; x_wconf 82' lang='grc' dir='ltr'><strong>κεκοιμημένων</strong></span> <span class='ocrx_word' id='word_1_432' title='bbox 1493 1440 1646 1475; x_wconf 82' lang='grc' dir='ltr'><strong>γενόμενος,</strong></span> <span class='ocrx_word' id='word_1_433' title='bbox 1660 1439 1704 1466; x_wconf 80' lang='grc' dir='ltr'><strong>ἵνα</strong></span> <span class='ocrx_word' id='word_1_434' title='bbox 1720 1439 1844 1474; x_wconf 82' lang='grc' dir='ltr'><strong>ὁδοποιή-</strong></span> 
     </span>
    </p>
   </div>
   <div class='ocr_carea' id='block_1_62' title="bbox 219 1482 1000 1526">
    <p class='ocr_par' dir='ltr' id='par_1_62' title="bbox 219 1482 1000 1517">
     <span class='ocr_line' id='line_1_62' title="bbox 219 1482 1000 1517; baseline 0.001 -8"><span class='ocrx_word' id='word_1_435' title='bbox 219 1490 278 1510; x_wconf 90' lang='lat' dir='ltr'><strong>netn</strong></span> <span class='ocrx_word' id='word_1_436' title='bbox 296 1482 348 1509; x_wconf 90' lang='lat' dir='ltr'><strong>iter</strong></span> <span class='ocrx_word' id='word_1_437' title='bbox 363 1483 482 1517; x_wconf 86' lang='lat' dir='ltr'><strong>aperiret</strong></span> <span class='ocrx_word' id='word_1_438' title='bbox 493 1483 527 1509; x_wconf 79' lang='grc'><strong>⁸⁷.</strong></span> <span class='ocrx_word' id='word_1_439' title='bbox 543 1483 666 1517; x_wconf 78' lang='lat' dir='ltr'><strong>Cumque</strong></span> <span class='ocrx_word' id='word_1_440' title='bbox 683 1489 744 1513; x_wconf 82' lang='lat' dir='ltr'><strong>nos,</strong></span> <span class='ocrx_word' id='word_1_441' title='bbox 761 1482 807 1517; x_wconf 87' lang='lat' dir='ltr'><strong>qui</strong></span> <span class='ocrx_word' id='word_1_442' title='bbox 829 1487 926 1509; x_wconf 88' lang='lat' dir='ltr'><strong>ttatura</strong></span> <span class='ocrx_word' id='word_1_443' title='bbox 942 1490 1000 1510; x_wconf 87' lang='lat' dir='ltr'><strong>era-</strong></span> 
     </span>
    </p>
   </div>
   <div class='ocr_carea' id='block_1_63' title="bbox 1052 1482 1842 1526">
    <p class='ocr_par' dir='ltr' id='par_1_63' title="bbox 1053 1486 1842 1524">
     <span class='ocr_line' id='line_1_63' title="bbox 1053 1486 1842 1524; baseline -0.004 -9"><span class='ocrx_word' id='word_1_444' title='bbox 1053 1497 1088 1524; x_wconf 84' lang='grc' dir='ltr'><strong>σῃ</strong></span> <span class='ocrx_word' id='word_1_445' title='bbox 1101 1489 1183 1522; x_wconf 77' lang='grc' dir='ltr'><strong>σαρκὶ</strong></span> <span class='ocrx_word' id='word_1_446' title='bbox 1195 1489 1244 1523; x_wconf 74' lang='grc' dir='ltr'><strong>τὴν</strong></span> <span class='ocrx_word' id='word_1_447' title='bbox 1258 1489 1415 1515; x_wconf 85' lang='grc' dir='ltr'><strong>ἀνάστασιν.</strong></span> <span class='ocrx_word' id='word_1_448' title='bbox 1441 1488 1493 1515; x_wconf 73' lang='grc' dir='ltr'><strong>Καὶ</strong></span> <span class='ocrx_word' id='word_1_449' title='bbox 1517 1487 1621 1523; x_wconf 80' lang='grc' dir='ltr'><strong>μέλλων</strong></span> <span class='ocrx_word' id='word_1_450' title='bbox 1643 1487 1716 1522; x_wconf 77' lang='grc' dir='ltr'><strong>ἡμᾶς</strong></span> <span class='ocrx_word' id='word_1_451' title='bbox 1731 1486 1776 1513; x_wconf 75' lang='grc' dir='ltr'><strong>διὰ</strong></span> <span class='ocrx_word' id='word_1_452' title='bbox 1793 1487 1842 1521; x_wconf 82' lang='grc' dir='ltr'><strong>τῆς</strong></span> 
     </span>
    </p>
   </div>
   <div class='ocr_carea' id='block_1_64' title="bbox 218 1527 1000 1562">
    <p class='ocr_par' dir='ltr' id='par_1_64' title="bbox 218 1527 1000 1562">
     <span class='ocr_line' id='line_1_64' title="bbox 218 1527 1000 1562; baseline 0.003 -10"><span class='ocrx_word' id='word_1_453' title='bbox 218 1535 279 1555; x_wconf 79' lang='lat' dir='ltr'><strong>ntus</strong></span> <span class='ocrx_word' id='word_1_454' title='bbox 298 1527 345 1554; x_wconf 85' lang='lat' dir='ltr'><strong>filii</strong></span> <span class='ocrx_word' id='word_1_455' title='bbox 372 1527 430 1559; x_wconf 62' lang='lat' dir='ltr'><strong>iraa,</strong></span> <span class='ocrx_word' id='word_1_456' title='bbox 456 1528 562 1555; x_wconf 78' lang='lat' dir='ltr'><strong>cmlesti</strong></span> <span class='ocrx_word' id='word_1_457' title='bbox 585 1528 760 1562; x_wconf 81' lang='lat' dir='ltr'><strong>generatione</strong></span> <span class='ocrx_word' id='word_1_458' title='bbox 783 1536 830 1562; x_wconf 86' lang='lat' dir='ltr'><strong>per</strong></span> <span class='ocrx_word' id='word_1_459' title='bbox 852 1535 950 1562; x_wconf 89' lang='lat' dir='ltr'><strong>aquam</strong></span> <span class='ocrx_word' id='word_1_460' title='bbox 973 1533 1000 1555; x_wconf 89' lang='lat' dir='ltr'><strong>et</strong></span> 
     </span>
    </p>
   </div>
   <div class='ocr_carea' id='block_1_65' title="bbox 218 1571 999 1607">
    <p class='ocr_par' dir='ltr' id='par_1_65' title="bbox 218 1571 999 1607">
     <span class='ocr_line' id='line_1_65' title="bbox 218 1571 999 1607; baseline -0.001 -7"><span class='ocrx_word' id='word_1_461' title='bbox 218 1571 349 1607; x_wconf 81' lang='lat' dir='ltr'><strong>Spiritum</strong></span> <span class='ocrx_word' id='word_1_462' title='bbox 367 1572 438 1600; x_wconf 84' lang='lat' dir='ltr'><strong>filios</strong></span> <span class='ocrx_word' id='word_1_463' title='bbox 454 1572 524 1600; x_wconf 89' lang='lat' dir='ltr'><strong>lucis</strong></span> <span class='ocrx_word' id='word_1_464' title='bbox 537 1577 564 1599; x_wconf 92' lang='lat' dir='ltr'><strong>et</strong></span> <span class='ocrx_word' id='word_1_465' title='bbox 584 1572 637 1599; x_wconf 91' lang='lat' dir='ltr'><strong>diei</strong></span> <span class='ocrx_word' id='word_1_466' title='bbox 655 1572 724 1600; x_wconf 79' lang='lat' dir='ltr'><strong>ﬁlios</strong></span> <span class='ocrx_word' id='word_1_467' title='bbox 743 1575 816 1600; x_wconf 88' lang='lat' dir='ltr'><strong>esset</strong></span> <span class='ocrx_word' id='word_1_468' title='bbox 841 1572 999 1604; x_wconf 77' lang='lat' dir='ltr'><strong>eﬂectttrus,</strong></span> 
     </span>
    </p>
   </div>
   <div class='ocr_carea' id='block_1_66' title="bbox 216 1617 1001 1653">
    <p class='ocr_par' dir='ltr' id='par_1_66' title="bbox 216 1617 1001 1653">
     <span class='ocr_line' id='line_1_66' title="bbox 216 1617 1001 1653; baseline 0 -8"><span class='ocrx_word' id='word_1_469' title='bbox 216 1617 350 1652; x_wconf 81' lang='lat' dir='ltr'><strong>ejusmodi</strong></span> <span class='ocrx_word' id='word_1_470' title='bbox 371 1619 547 1653; x_wconf 71' lang='lat' dir='ltr'><strong>generatione</strong></span> <span class='ocrx_word' id='word_1_471' title='bbox 559 1618 585 1644; x_wconf 94' lang='lat' dir='ltr'><strong>in</strong></span> <span class='ocrx_word' id='word_1_472' title='bbox 597 1617 726 1645; x_wconf 84' lang='lat' dir='ltr'><strong>Jordanis</strong></span> <span class='ocrx_word' id='word_1_473' title='bbox 746 1617 858 1645; x_wconf 80' lang='lat' dir='ltr'><strong>ﬂumine</strong></span> <span class='ocrx_word' id='word_1_474' title='bbox 871 1618 926 1644; x_wconf 78' lang='lat' dir='ltr'><strong>dux</strong></span> <span class='ocrx_word' id='word_1_475' title='bbox 944 1618 1001 1652; x_wconf 83' lang='lat' dir='ltr'><strong>ipse</strong></span> 
     </span>
    </p>
   </div>
   <div class='ocr_carea' id='block_1_67' title="bbox 217 1663 1001 1701">
    <p class='ocr_par' dir='ltr' id='par_1_67' title="bbox 217 1663 1001 1701">
     <span class='ocr_line' id='line_1_67' title="bbox 217 1663 1001 1701; baseline -0.001 -10"><span class='ocrx_word' id='word_1_476' title='bbox 217 1664 366 1701; x_wconf 72' lang='lat' dir='ltr'><strong>praecessit,</strong></span> <span class='ocrx_word' id='word_1_477' title='bbox 389 1669 417 1692; x_wconf 89' lang='lat' dir='ltr'><strong>ut</strong></span> <span class='ocrx_word' id='word_1_478' title='bbox 435 1663 468 1690; x_wconf 81' lang='lat' dir='ltr'><strong>ad</strong></span> <span class='ocrx_word' id='word_1_479' title='bbox 485 1668 590 1690; x_wconf 72' lang='lat' dir='ltr'><strong>natura:</strong></span> <span class='ocrx_word' id='word_1_480' title='bbox 610 1669 711 1691; x_wconf 70' lang='lat' dir='ltr'><strong>nostra:</strong></span> <span class='ocrx_word' id='word_1_481' title='bbox 730 1664 863 1698; x_wconf 78' lang='lat' dir='ltr'><strong>primitias</strong></span> <span class='ocrx_word' id='word_1_482' title='bbox 881 1663 1001 1698; x_wconf 84' lang='lat' dir='ltr'><strong>Spiritus</strong></span> 
     </span>
    </p>
   </div>
   <div class='ocr_carea' id='block_1_68' title="bbox 216 1709 1001 1745">
    <p class='ocr_par' dir='ltr' id='par_1_68' title="bbox 216 1709 1001 1745">
     <span class='ocr_line' id='line_1_68' title="bbox 216 1709 1001 1745; baseline 0 -10"><span class='ocrx_word' id='word_1_483' title='bbox 216 1709 331 1745; x_wconf 73' lang='lat' dir='ltr'><strong>gratiam</strong></span> <span class='ocrx_word' id='word_1_484' title='bbox 357 1709 519 1740; x_wconf 87' lang='lat' dir='ltr'><strong>attralteret,</strong></span> <span class='ocrx_word' id='word_1_485' title='bbox 546 1709 572 1735; x_wconf 87' lang='lat' dir='ltr'><strong>id</strong></span> <span class='ocrx_word' id='word_1_486' title='bbox 594 1713 637 1736; x_wconf 88' lang='lat' dir='ltr'><strong>est</strong></span> <span class='ocrx_word' id='word_1_487' title='bbox 662 1713 692 1736; x_wconf 90' lang='lat' dir='ltr'><strong>ut</strong></span> <span class='ocrx_word' id='word_1_488' title='bbox 712 1716 809 1736; x_wconf 78' lang='lat' dir='ltr'><strong>euntes</strong></span> <span class='ocrx_word' id='word_1_489' title='bbox 833 1716 864 1736; x_wconf 75' lang='lat' dir='ltr'><strong>ex</strong></span> <span class='ocrx_word' id='word_1_490' title='bbox 885 1709 1001 1744; x_wconf 88' lang='lat' dir='ltr'><strong>spiritali</strong></span> 
     </span>
    </p>
   </div>
   <div class='ocr_carea' id='block_1_69' title="bbox 217 1754 1002 1790">
    <p class='ocr_par' dir='ltr' id='par_1_69' title="bbox 217 1754 1002 1790">
     <span class='ocr_line' id='line_1_69' title="bbox 217 1754 1002 1790; baseline 0.004 -10"><span class='ocrx_word' id='word_1_491' title='bbox 217 1754 424 1790; x_wconf 75' lang='lat' dir='ltr'><strong>regeneratione</strong></span> <span class='ocrx_word' id='word_1_492' title='bbox 442 1755 476 1781; x_wconf 92' lang='lat' dir='ltr'><strong>ad</strong></span> <span class='ocrx_word' id='word_1_493' title='bbox 490 1755 573 1782; x_wconf 87' lang='lat' dir='ltr'><strong>vitam</strong></span> <span class='ocrx_word' id='word_1_494' title='bbox 597 1759 742 1790; x_wconf 76' lang='lat' dir='ltr'><strong>generatos</strong></span> <span class='ocrx_word' id='word_1_495' title='bbox 757 1755 856 1783; x_wconf 86' lang='lat' dir='ltr'><strong>fratres</strong></span> <span class='ocrx_word' id='word_1_496' title='bbox 879 1755 938 1790; x_wconf 86' lang='lat' dir='ltr'><strong>ipse</strong></span> <span class='ocrx_word' id='word_1_497' title='bbox 953 1763 1002 1790; x_wconf 89' lang='lat' dir='ltr'><strong>per</strong></span> 
     </span>
    </p>
   </div>
   <div class='ocr_carea' id='block_1_70' title="bbox 217 1799 1001 1838">
    <p class='ocr_par' dir='ltr' id='par_1_70' title="bbox 217 1799 1001 1838">
     <span class='ocr_line' id='line_1_70' title="bbox 217 1799 1001 1838; baseline 0.001 -11"><span class='ocrx_word' id='word_1_498' title='bbox 217 1807 314 1835; x_wconf 83' lang='lat' dir='ltr'><strong>aquam</strong></span> <span class='ocrx_word' id='word_1_499' title='bbox 335 1804 363 1826; x_wconf 89' lang='lat' dir='ltr'><strong>et</strong></span> <span class='ocrx_word' id='word_1_500' title='bbox 387 1799 519 1838; x_wconf 85' lang='lat' dir='ltr'><strong>Spiritum</strong></span> <span class='ocrx_word' id='word_1_501' title='bbox 545 1801 719 1836; x_wconf 77' lang='lat' dir='ltr'><strong>antegenitus</strong></span> <span class='ocrx_word' id='word_1_502' title='bbox 742 1802 935 1829; x_wconf 86' lang='lat' dir='ltr'><strong>constitueret.</strong></span> <span class='ocrx_word' id='word_1_503' title='bbox 959 1801 1001 1828; x_wconf 82' lang='lat' dir='ltr'><strong>Ad</strong></span> 
     </span>
    </p>
   </div>
   <div class='ocr_carea' id='block_1_71' title="bbox 216 1844 1002 1881">
    <p class='ocr_par' dir='ltr' id='par_1_71' title="bbox 216 1844 1002 1881">
     <span class='ocr_line' id='line_1_71' title="bbox 216 1844 1002 1881; baseline 0.003 -9"><span class='ocrx_word' id='word_1_504' title='bbox 216 1844 342 1873; x_wconf 83' lang='lat' dir='ltr'><strong>eumdem</strong></span> <span class='ocrx_word' id='word_1_505' title='bbox 370 1845 481 1872; x_wconf 88' lang='lat' dir='ltr'><strong>tttodttm</strong></span> <span class='ocrx_word' id='word_1_506' title='bbox 512 1849 646 1872; x_wconf 62' lang='lat' dir='ltr'><strong>creatura:</strong></span> <span class='ocrx_word' id='word_1_507' title='bbox 670 1846 698 1873; x_wconf 92' lang='lat' dir='ltr'><strong>in</strong></span> <span class='ocrx_word' id='word_1_508' title='bbox 730 1846 841 1874; x_wconf 85' lang='lat' dir='ltr'><strong>Christo</strong></span> <span class='ocrx_word' id='word_1_509' title='bbox 865 1851 1002 1881; x_wconf 64' lang='lat' dir='ltr'><strong>generatae</strong></span> 
     </span>
    </p>
   </div>
   <div class='ocr_carea' id='block_1_72' title="bbox 217 1887 1001 1927">
    <p class='ocr_par' dir='ltr' id='par_1_72' title="bbox 217 1887 1001 1927">
     <span class='ocr_line' id='line_1_72' title="bbox 217 1887 1001 1927; baseline 0.004 -11"><span class='ocrx_word' id='word_1_510' title='bbox 217 1890 306 1924; x_wconf 87' lang='lat' dir='ltr'><strong>ipsum</strong></span> <span class='ocrx_word' id='word_1_511' title='bbox 322 1887 538 1927; x_wconf 77' lang='lat' dir='ltr'><strong>primogenitum</strong></span> <span class='ocrx_word' id='word_1_512' title='bbox 559 1891 723 1925; x_wconf 73' lang='lat' dir='ltr'><strong>cogitantes,</strong></span> <span class='ocrx_word' id='word_1_513' title='bbox 747 1891 781 1919; x_wconf 89' lang='lat' dir='ltr'><strong>ab</strong></span> <span class='ocrx_word' id='word_1_514' title='bbox 803 1892 932 1927; x_wconf 87' lang='lat' dir='ltr'><strong>opinione</strong></span> <span class='ocrx_word' id='word_1_515' title='bbox 957 1893 1001 1927; x_wconf 89' lang='lat' dir='ltr'><strong>pia</strong></span> 
     </span>
    </p>
   </div>
   <div class='ocr_carea' id='block_1_73' title="bbox 216 1936 1001 1972">
    <p class='ocr_par' dir='ltr' id='par_1_73' title="bbox 216 1936 1001 1972">
     <span class='ocr_line' id='line_1_73' title="bbox 216 1936 1001 1972; baseline 0.004 -10"><span class='ocrx_word' id='word_1_516' title='bbox 216 1936 328 1965; x_wconf 86' lang='lat' dir='ltr'><strong>ntinime</strong></span> <span class='ocrx_word' id='word_1_517' title='bbox 348 1937 553 1963; x_wconf 89' lang='lat' dir='ltr'><strong>recesserimus.</strong></span> <span class='ocrx_word' id='word_1_518' title='bbox 573 1936 707 1970; x_wconf 85' lang='lat' dir='ltr'><strong>Quoniam</strong></span> <span class='ocrx_word' id='word_1_519' title='bbox 722 1938 806 1972; x_wconf 78' lang='lat' dir='ltr'><strong>igitur</strong></span> <span class='ocrx_word' id='word_1_520' title='bbox 823 1942 900 1965; x_wconf 86' lang='lat' dir='ltr'><strong>vetus</strong></span> <span class='ocrx_word' id='word_1_521' title='bbox 925 1945 1001 1965; x_wconf 84' lang='lat' dir='ltr'><strong>crea-</strong></span> 
     </span>
    </p>
   </div>
   <div class='ocr_carea' id='block_1_74' title="bbox 217 1982 1001 2019">
    <p class='ocr_par' dir='ltr' id='par_1_74' title="bbox 217 1982 1001 2019">
     <span class='ocr_line' id='line_1_74' title="bbox 217 1982 1001 2019; baseline 0.003 -11"><span class='ocrx_word' id='word_1_522' title='bbox 217 1986 278 2010; x_wconf 85' lang='lat' dir='ltr'><strong>tura</strong></span> <span class='ocrx_word' id='word_1_523' title='bbox 292 1982 412 2014; x_wconf 85' lang='lat' dir='ltr'><strong>transiit,</strong></span> <span class='ocrx_word' id='word_1_524' title='bbox 428 1990 476 2016; x_wconf 91' lang='lat' dir='ltr'><strong>per</strong></span> <span class='ocrx_word' id='word_1_525' title='bbox 487 1987 628 2019; x_wconf 80' lang='lat' dir='ltr'><strong>peccatum</strong></span> <span class='ocrx_word' id='word_1_526' title='bbox 651 1982 756 2010; x_wconf 90' lang='lat' dir='ltr'><strong>inutilis</strong></span> <span class='ocrx_word' id='word_1_527' title='bbox 769 1983 886 2016; x_wconf 83' lang='lat' dir='ltr'><strong>reddita,</strong></span> <span class='ocrx_word' id='word_1_528' title='bbox 898 1991 1001 2010; x_wconf 86' lang='lat' dir='ltr'><strong>neces-</strong></span> 
     </span>
    </p>
   </div>
   <div class='ocr_carea' id='block_1_75' title="bbox 216 2028 1001 2064">
    <p class='ocr_par' dir='ltr' id='par_1_75' title="bbox 216 2028 1001 2064">
     <span class='ocr_line' id='line_1_75' title="bbox 216 2028 1001 2064; baseline 0.005 -11"><span class='ocrx_word' id='word_1_529' title='bbox 216 2028 290 2058; x_wconf 69' lang='lat' dir='ltr'><strong>sario</strong></span> <span class='ocrx_word' id='word_1_530' title='bbox 306 2032 367 2063; x_wconf 89' lang='lat' dir='ltr'><strong>post</strong></span> <span class='ocrx_word' id='word_1_531' title='bbox 385 2028 532 2055; x_wconf 89' lang='lat' dir='ltr'><strong>transiltnn</strong></span> <span class='ocrx_word' id='word_1_532' title='bbox 549 2036 644 2056; x_wconf 92' lang='lat' dir='ltr'><strong>eorum</strong></span> <span class='ocrx_word' id='word_1_533' title='bbox 658 2037 718 2064; x_wconf 74' lang='lat' dir='ltr'><strong>qua:</strong></span> <span class='ocrx_word' id='word_1_534' title='bbox 735 2029 823 2056; x_wconf 88' lang='lat' dir='ltr'><strong>deleta</strong></span> <span class='ocrx_word' id='word_1_535' title='bbox 838 2034 914 2061; x_wconf 86' lang='lat' dir='ltr'><strong>sunt,</strong></span> <span class='ocrx_word' id='word_1_536' title='bbox 939 2038 1001 2057; x_wconf 90' lang='lat' dir='ltr'><strong>suc-</strong></span> 
     </span>
    </p>
   </div>
   <div class='ocr_carea' id='block_1_76' title="bbox 216 2074 998 2110">
    <p class='ocr_par' dir='ltr' id='par_1_76' title="bbox 216 2074 998 2110">
     <span class='ocr_line' id='line_1_76' title="bbox 216 2074 998 2110; baseline 0.004 -10"><span class='ocrx_word' id='word_1_537' title='bbox 216 2074 300 2102; x_wconf 78' lang='lat' dir='ltr'><strong>cessit</strong></span> <span class='ocrx_word' id='word_1_538' title='bbox 313 2081 382 2101; x_wconf 82' lang='lat' dir='ltr'><strong>nova</strong></span> <span class='ocrx_word' id='word_1_539' title='bbox 396 2074 458 2101; x_wconf 75' lang='lat' dir='ltr'><strong>vitae</strong></span> <span class='ocrx_word' id='word_1_540' title='bbox 471 2078 608 2107; x_wconf 75' lang='lat' dir='ltr'><strong>creatura,</strong></span> <span class='ocrx_word' id='word_1_541' title='bbox 625 2083 684 2110; x_wconf 65' lang='lat' dir='ltr'><strong>qua:</strong></span> <span class='ocrx_word' id='word_1_542' title='bbox 703 2083 749 2110; x_wconf 92' lang='lat' dir='ltr'><strong>per</strong></span> <span class='ocrx_word' id='word_1_543' title='bbox 764 2077 998 2110; x_wconf 77' lang='lat' dir='ltr'><strong>regenerationem</strong></span> 
     </span>
    </p>
   </div>
   <div class='ocr_carea' id='block_1_77' title="bbox 215 2121 999 2156">
    <p class='ocr_par' dir='ltr' id='par_1_77' title="bbox 215 2121 999 2156">
     <span class='ocr_line' id='line_1_77' title="bbox 215 2121 999 2156; baseline 0.004 -9"><span class='ocrx_word' id='word_1_544' title='bbox 215 2125 242 2147; x_wconf 90' lang='lat' dir='ltr'><strong>et</strong></span> <span class='ocrx_word' id='word_1_545' title='bbox 264 2121 494 2149; x_wconf 85' lang='lat' dir='ltr'><strong>resurrectionem</strong></span> <span class='ocrx_word' id='word_1_546' title='bbox 515 2129 546 2148; x_wconf 84' lang='lat' dir='ltr'><strong>ex</strong></span> <span class='ocrx_word' id='word_1_547' title='bbox 572 2123 687 2150; x_wconf 88' lang='lat' dir='ltr'><strong>mortuis</strong></span> <span class='ocrx_word' id='word_1_548' title='bbox 711 2123 900 2155; x_wconf 79' lang='lat' dir='ltr'><strong>constituitur,</strong></span> <span class='ocrx_word' id='word_1_549' title='bbox 919 2124 999 2156; x_wconf 82' lang='lat' dir='ltr'><strong>cuius</strong></span> 
     </span>
    </p>
   </div>
   <div class='ocr_carea' id='block_1_78' title="bbox 215 2164 1036 2205">
    <p class='ocr_par' dir='ltr' id='par_1_78' title="bbox 215 2164 1036 2205">
     <span class='ocr_line' id='line_1_78' title="bbox 215 2164 1036 2205; baseline 0.007 -14"><span class='ocrx_word' id='word_1_550' title='bbox 215 2165 344 2200; x_wconf 74' lang='lat' dir='ltr'><strong>princeps</strong></span> <span class='ocrx_word' id='word_1_551' title='bbox 365 2170 517 2198; x_wconf 79' lang='lat' dir='ltr'><strong>ant-torque</strong></span> <span class='ocrx_word' id='word_1_552' title='bbox 537 2167 598 2193; x_wconf 69' lang='lat' dir='ltr'><strong>vita:</strong></span> <span class='ocrx_word' id='word_1_553' title='bbox 620 2167 818 2201; x_wconf 81' lang='lat' dir='ltr'><strong>primogenitus</strong></span> <span class='ocrx_word' id='word_1_554' title='bbox 838 2174 881 2195; x_wconf 89' lang='lat' dir='ltr'><strong>est</strong></span> <span class='ocrx_word' id='word_1_555' title='bbox 906 2175 931 2196; x_wconf 86' lang='lat' dir='ltr'><strong>et</strong></span> <span class='ocrx_word' id='word_1_556' title='bbox 954 2178 998 2205; x_wconf 87' lang='lat' dir='ltr'><strong>ap-</strong></span> <span class='ocrx_word' id='word_1_557' title='bbox 1013 2164 1036 2191; x_wconf 82' lang='grc' dir='ltr'><strong>Ῑ)</strong></span> 
     </span>
    </p>
   </div>
   <div class='ocr_carea' id='block_1_79' title="bbox 214 2210 997 2247">
    <p class='ocr_par' dir='ltr' id='par_1_79' title="bbox 214 2210 997 2247">
     <span class='ocr_line' id='line_1_79' title="bbox 214 2210 997 2247; baseline 0.008 -11"><span class='ocrx_word' id='word_1_558' title='bbox 214 2211 341 2247; x_wconf 84' lang='lat' dir='ltr'><strong>pellatur.</strong></span> <span class='ocrx_word' id='word_1_559' title='bbox 354 2210 442 2245; x_wconf 85' lang='lat' dir='ltr'><strong>Atque</strong></span> <span class='ocrx_word' id='word_1_560' title='bbox 453 2212 510 2238; x_wconf 71' lang='lat' dir='ltr'><strong>time</strong></span> <span class='ocrx_word' id='word_1_561' title='bbox 526 2211 635 2245; x_wconf 85' lang='lat' dir='ltr'><strong>quidem</strong></span> <span class='ocrx_word' id='word_1_562' title='bbox 649 2219 736 2247; x_wconf 85' lang='lat' dir='ltr'><strong>pauca</strong></span> <span class='ocrx_word' id='word_1_563' title='bbox 755 2213 888 2241; x_wconf 86' lang='lat' dir='ltr'><strong>studiosis</strong></span> <span class='ocrx_word' id='word_1_564' title='bbox 904 2214 937 2240; x_wconf 86' lang='lat' dir='ltr'><strong>ad</strong></span> <span class='ocrx_word' id='word_1_565' title='bbox 954 2223 997 2242; x_wconf 49' lang='lat' dir='ltr'><strong>re.</strong></span> 
     </span>
    </p>
   </div>
   <div class='ocr_carea' id='block_1_80' title="bbox 215 2256 999 2291">
    <p class='ocr_par' dir='ltr' id='par_1_80' title="bbox 215 2256 999 2291">
     <span class='ocr_line' id='line_1_80' title="bbox 215 2256 999 2291; baseline 0.004 -9"><span class='ocrx_word' id='word_1_566' title='bbox 215 2256 355 2290; x_wconf 80' lang='lat' dir='ltr'><strong>pellendos</strong></span> <span class='ocrx_word' id='word_1_567' title='bbox 371 2256 558 2286; x_wconf 83' lang='lat' dir='ltr'><strong>adversarios.</strong></span> <span class='ocrx_word' id='word_1_568' title='bbox 573 2262 599 2281; x_wconf 89' lang='lat' dir='ltr'><strong>et</strong></span> <span class='ocrx_word' id='word_1_569' title='bbox 612 2256 646 2282; x_wconf 85' lang='lat' dir='ltr'><strong>ad</strong></span> <span class='ocrx_word' id='word_1_570' title='bbox 667 2257 883 2291; x_wconf 75' lang='lat' dir='ltr'><strong>perspiciendum</strong></span> <span class='ocrx_word' id='word_1_571' title='bbox 898 2258 999 2285; x_wconf 83' lang='lat' dir='ltr'><strong>verita-</strong></span> 
     </span>
    </p>
   </div>
   <div class='ocr_carea' id='block_1_81' title="bbox 214 2302 999 2336">
    <p class='ocr_par' dir='ltr' id='par_1_81' title="bbox 214 2302 999 2336">
     <span class='ocr_line' id='line_1_81' title="bbox 214 2302 999 2336; baseline 0.003 -7"><span class='ocrx_word' id='word_1_572' title='bbox 214 2306 269 2329; x_wconf 88' lang='lat' dir='ltr'><strong>teut</strong></span> <span class='ocrx_word' id='word_1_573' title='bbox 293 2303 360 2329; x_wconf 84' lang='lat' dir='ltr'><strong>satis</strong></span> <span class='ocrx_word' id='word_1_574' title='bbox 375 2306 465 2328; x_wconf 88' lang='lat' dir='ltr'><strong>erunt.</strong></span> <span class='ocrx_word' id='word_1_575' title='bbox 487 2302 576 2334; x_wconf 85' lang='lat' dir='ltr'><strong>Quare</strong></span> <span class='ocrx_word' id='word_1_576' title='bbox 590 2302 645 2335; x_wconf 81' lang='lat' dir='ltr'><strong>jam</strong></span> <span class='ocrx_word' id='word_1_577' title='bbox 666 2310 747 2336; x_wconf 90' lang='lat' dir='ltr'><strong>quam</strong></span> <span class='ocrx_word' id='word_1_578' title='bbox 766 2304 842 2330; x_wconf 87' lang='lat' dir='ltr'><strong>utilia</strong></span> <span class='ocrx_word' id='word_1_579' title='bbox 870 2304 923 2330; x_wconf 83' lang='lat' dir='ltr'><strong>sint</strong></span> <span class='ocrx_word' id='word_1_580' title='bbox 943 2304 999 2331; x_wconf 55' lang='lat' dir='ltr'><strong>haec</strong></span> 
     </span>
    </p>
   </div>
   <div class='ocr_carea' id='block_1_82' title="bbox 215 2347 998 2383">
    <p class='ocr_par' dir='ltr' id='par_1_82' title="bbox 215 2347 998 2383">
     <span class='ocr_line' id='line_1_82' title="bbox 215 2347 998 2383; baseline 0.003 -9"><span class='ocrx_word' id='word_1_581' title='bbox 215 2348 297 2375; x_wconf 83' lang='lat' dir='ltr'><strong>verba</strong></span> <span class='ocrx_word' id='word_1_582' title='bbox 310 2347 342 2374; x_wconf 79' lang='lat' dir='ltr'><strong>ad</strong></span> <span class='ocrx_word' id='word_1_583' title='bbox 358 2347 486 2374; x_wconf 85' lang='lat' dir='ltr'><strong>virtutem</strong></span> <span class='ocrx_word' id='word_1_584' title='bbox 505 2351 531 2373; x_wconf 81' lang='lat' dir='ltr'><strong>et</strong></span> <span class='ocrx_word' id='word_1_585' title='bbox 547 2349 642 2377; x_wconf 78' lang='lat' dir='ltr'><strong>vitam.</strong></span> <span class='ocrx_word' id='word_1_586' title='bbox 659 2349 776 2375; x_wconf 85' lang='lat' dir='ltr'><strong>breviter</strong></span> <span class='ocrx_word' id='word_1_587' title='bbox 792 2357 998 2383; x_wconf 85' lang='lat' dir='ltr'><strong>percurramus.</strong></span> 
     </span>
    </p>
   </div>
   <div class='ocr_carea' id='block_1_83' title="bbox 215 2393 997 2430">
    <p class='ocr_par' dir='ltr' id='par_1_83' title="bbox 215 2393 997 2430">
     <span class='ocr_line' id='line_1_83' title="bbox 215 2393 997 2430; baseline 0.004 -10"><span class='ocrx_word' id='word_1_588' title='bbox 215 2393 310 2420; x_wconf 83' lang='lat' dir='ltr'><strong>Ruben</strong></span> <span class='ocrx_word' id='word_1_589' title='bbox 329 2401 423 2420; x_wconf 91' lang='lat' dir='ltr'><strong>eorum</strong></span> <span class='ocrx_word' id='word_1_590' title='bbox 439 2394 485 2428; x_wconf 88' lang='lat' dir='ltr'><strong>qtti</strong></span> <span class='ocrx_word' id='word_1_591' title='bbox 502 2399 562 2428; x_wconf 83' lang='lat' dir='ltr'><strong>post</strong></span> <span class='ocrx_word' id='word_1_592' title='bbox 581 2402 610 2421; x_wconf 85' lang='lat' dir='ltr'><strong>se</strong></span> <span class='ocrx_word' id='word_1_593' title='bbox 632 2395 716 2429; x_wconf 77' lang='lat' dir='ltr'><strong>geniti</strong></span> <span class='ocrx_word' id='word_1_594' title='bbox 734 2399 798 2422; x_wconf 87' lang='lat' dir='ltr'><strong>sttttt</strong></span> <span class='ocrx_word' id='word_1_595' title='bbox 814 2395 924 2428; x_wconf 76' lang='lat' dir='ltr'><strong>fratres,</strong></span> <span class='ocrx_word' id='word_1_596' title='bbox 946 2399 997 2430; x_wconf 82' lang='lat' dir='ltr'><strong>pri-</strong></span> 
     </span>
    </p>
   </div>
   <div class='ocr_carea' id='block_1_84' title="bbox 214 2437 997 2474">
    <p class='ocr_par' dir='ltr' id='par_1_84' title="bbox 214 2437 997 2474">
     <span class='ocr_line' id='line_1_84' title="bbox 214 2437 997 2474; baseline 0.003 -10"><span class='ocrx_word' id='word_1_597' title='bbox 214 2438 367 2472; x_wconf 72' lang='lat' dir='ltr'><strong>mogenitns</strong></span> <span class='ocrx_word' id='word_1_598' title='bbox 394 2437 443 2464; x_wconf 91' lang='lat' dir='ltr'><strong>fuit</strong></span> <span class='ocrx_word' id='word_1_599' title='bbox 455 2438 477 2453; x_wconf 75' lang='grc'><strong>⁵³</strong></span> <span class='ocrx_word' id='word_1_600' title='bbox 497 2448 503 2464; x_wconf 90' lang='lat'><strong>:</strong></span> <span class='ocrx_word' id='word_1_601' title='bbox 521 2439 711 2473; x_wconf 72' lang='lat' dir='ltr'><strong>cognationem</strong></span> <span class='ocrx_word' id='word_1_602' title='bbox 735 2445 834 2472; x_wconf 76' lang='lat' dir='ltr'><strong>autem,</strong></span> <span class='ocrx_word' id='word_1_603' title='bbox 862 2448 914 2474; x_wconf 89' lang='lat' dir='ltr'><strong>qua</strong></span> <span class='ocrx_word' id='word_1_604' title='bbox 935 2448 997 2466; x_wconf 87' lang='lat' dir='ltr'><strong>eum</strong></span> 
     </span>
    </p>
   </div>
   <div class='ocr_carea' id='block_1_85' title="bbox 212 2483 998 2519">
    <p class='ocr_par' dir='ltr' id='par_1_85' title="bbox 212 2483 998 2519">
     <span class='ocr_line' id='line_1_85' title="bbox 212 2483 998 2519; baseline 0 -9"><span class='ocrx_word' id='word_1_605' title='bbox 212 2483 274 2517; x_wconf 76' lang='lat' dir='ltr'><strong>ipso</strong></span> <span class='ocrx_word' id='word_1_606' title='bbox 288 2483 429 2517; x_wconf 84' lang='lat' dir='ltr'><strong>conjuncti</strong></span> <span class='ocrx_word' id='word_1_607' title='bbox 444 2488 532 2515; x_wconf 85' lang='lat' dir='ltr'><strong>erant,</strong></span> <span class='ocrx_word' id='word_1_608' title='bbox 551 2484 658 2518; x_wconf 72' lang='lat' dir='ltr'><strong>signum</strong></span> <span class='ocrx_word' id='word_1_609' title='bbox 675 2493 783 2518; x_wconf 71' lang='lat' dir='ltr'><strong>(llltN&#39;llC</strong></span> <span class='ocrx_word' id='word_1_610' title='bbox 798 2486 823 2511; x_wconf 91' lang='lat' dir='ltr'><strong>in</strong></span> <span class='ocrx_word' id='word_1_611' title='bbox 836 2485 876 2511; x_wconf 85' lang='lat' dir='ltr'><strong>eis</strong></span> <span class='ocrx_word' id='word_1_612' title='bbox 895 2485 998 2519; x_wconf 71' lang='lat' dir='ltr'><strong>perspi—</strong></span> 
     </span>
    </p>
   </div>
   <div class='ocr_carea' id='block_1_86' title="bbox 214 2528 998 2563">
    <p class='ocr_par' dir='ltr' id='par_1_86' title="bbox 214 2528 998 2563">
     <span class='ocr_line' id='line_1_86' title="bbox 214 2528 998 2563; baseline 0.001 -8"><span class='ocrx_word' id='word_1_613' title='bbox 214 2535 295 2555; x_wconf 82' lang='lat' dir='ltr'><strong>cuum</strong></span> <span class='ocrx_word' id='word_1_614' title='bbox 319 2528 501 2563; x_wconf 81' lang='lat' dir='ltr'><strong>primogenito</strong></span> <span class='ocrx_word' id='word_1_615' title='bbox 523 2529 611 2556; x_wconf 88' lang='lat' dir='ltr'><strong>sintile</strong></span> <span class='ocrx_word' id='word_1_616' title='bbox 637 2529 800 2560; x_wconf 73' lang='lat' dir='ltr'><strong>testabatur,</strong></span> <span class='ocrx_word' id='word_1_617' title='bbox 831 2534 860 2556; x_wconf 92' lang='lat' dir='ltr'><strong>ut</strong></span> <span class='ocrx_word' id='word_1_618' title='bbox 879 2530 998 2557; x_wconf 78' lang='lat' dir='ltr'><strong>fraterna</strong></span> 
     </span>
    </p>
   </div>
   <div class='ocr_carea' id='block_1_87' title="bbox 213 2575 995 2608">
    <p class='ocr_par' dir='ltr' id='par_1_87' title="bbox 213 2575 995 2608">
     <span class='ocr_line' id='line_1_87' title="bbox 213 2575 995 2608; baseline 0.001 -6"><span class='ocrx_word' id='word_1_619' title='bbox 213 2575 354 2608; x_wconf 76' lang='lat' dir='ltr'><strong>Fanguinis</strong></span> <span class='ocrx_word' id='word_1_620' title='bbox 377 2575 532 2607; x_wconf 76' lang='lat' dir='ltr'><strong>coniunctio</strong></span> <span class='ocrx_word' id='word_1_621' title='bbox 550 2575 642 2602; x_wconf 77' lang='lat' dir='ltr'><strong>forma:</strong></span> <span class='ocrx_word' id='word_1_622' title='bbox 659 2576 839 2603; x_wconf 81' lang='lat' dir='ltr'><strong>similitudine</strong></span> <span class='ocrx_word' id='word_1_623' title='bbox 860 2576 995 2603; x_wconf 82' lang='lat' dir='ltr'><strong>declarata</strong></span> 
     </span>
    </p>
   </div>
   <div class='ocr_carea' id='block_1_88' title="bbox 215 2620 994 2656">
    <p class='ocr_par' dir='ltr' id='par_1_88' title="bbox 215 2620 994 2656">
     <span class='ocr_line' id='line_1_88' title="bbox 215 2620 994 2656; baseline 0.004 -11"><span class='ocrx_word' id='word_1_624' title='bbox 215 2620 332 2654; x_wconf 74' lang='lat' dir='ltr'><strong>ignorari</strong></span> <span class='ocrx_word' id='word_1_625' title='bbox 349 2628 402 2647; x_wconf 88' lang='lat' dir='ltr'><strong>non</strong></span> <span class='ocrx_word' id='word_1_626' title='bbox 419 2625 519 2654; x_wconf 76' lang='lat' dir='ltr'><strong>posset.</strong></span> <span class='ocrx_word' id='word_1_627' title='bbox 532 2621 705 2656; x_wconf 84' lang='lat' dir='ltr'><strong>Quapropter</strong></span> <span class='ocrx_word' id='word_1_628' title='bbox 719 2622 741 2648; x_wconf 86' lang='lat' dir='ltr'><strong>si</strong></span> <span class='ocrx_word' id='word_1_629' title='bbox 759 2630 806 2647; x_wconf 87' lang='lat' dir='ltr'><strong>nos</strong></span> <span class='ocrx_word' id='word_1_630' title='bbox 823 2622 885 2647; x_wconf 85' lang='lat' dir='ltr'><strong>itent</strong></span> <span class='ocrx_word' id='word_1_631' title='bbox 900 2622 994 2648; x_wconf 76' lang='lat' dir='ltr'><strong>eodem</strong></span> 
     </span>
    </p>
   </div>
   <div class='ocr_carea' id='block_1_89' title="bbox 214 2666 993 2701">
    <p class='ocr_par' dir='ltr' id='par_1_89' title="bbox 214 2666 993 2701">
     <span class='ocr_line' id='line_1_89' title="bbox 214 2666 993 2701; baseline 0.004 -10"><span class='ocrx_word' id='word_1_632' title='bbox 214 2666 295 2692; x_wconf 88' lang='lat' dir='ltr'><strong>tuodo</strong></span> <span class='ocrx_word' id='word_1_633' title='bbox 304 2673 350 2699; x_wconf 90' lang='lat' dir='ltr'><strong>per</strong></span> <span class='ocrx_word' id='word_1_634' title='bbox 367 2667 597 2700; x_wconf 78' lang='lat' dir='ltr'><strong>regenerationem</strong></span> <span class='ocrx_word' id='word_1_635' title='bbox 620 2675 697 2701; x_wconf 67' lang='lat' dir='ltr'><strong>aqua:</strong></span> <span class='ocrx_word' id='word_1_636' title='bbox 711 2671 738 2694; x_wconf 89' lang='lat' dir='ltr'><strong>et</strong></span> <span class='ocrx_word' id='word_1_637' title='bbox 756 2667 869 2700; x_wconf 75' lang='lat' dir='ltr'><strong>spiritus</strong></span> <span class='ocrx_word' id='word_1_638' title='bbox 887 2666 993 2694; x_wconf 86' lang='lat' dir='ltr'><strong>Domini</strong></span> 
     </span>
    </p>
   </div>
   <div class='ocr_carea' id='block_1_90' title="bbox 213 2710 994 2747">
    <p class='ocr_par' dir='ltr' id='par_1_90' title="bbox 213 2710 994 2747">
     <span class='ocr_line' id='line_1_90' title="bbox 213 2710 994 2747; baseline 0.001 -9"><span class='ocrx_word' id='word_1_639' title='bbox 213 2710 313 2741; x_wconf 79' lang='lat' dir='ltr'><strong>fratres</strong></span> <span class='ocrx_word' id='word_1_640' title='bbox 336 2713 419 2746; x_wconf 79' lang='lat' dir='ltr'><strong>geniti</strong></span> <span class='ocrx_word' id='word_1_641' title='bbox 444 2720 550 2743; x_wconf 76' lang='lat' dir='ltr'><strong>sumus,</strong></span> <span class='ocrx_word' id='word_1_642' title='bbox 573 2713 619 2747; x_wconf 90' lang='lat' dir='ltr'><strong>qui</strong></span> <span class='ocrx_word' id='word_1_643' title='bbox 635 2718 744 2747; x_wconf 80' lang='lat' dir='ltr'><strong>propter</strong></span> <span class='ocrx_word' id='word_1_644' title='bbox 765 2721 813 2739; x_wconf 88' lang='lat' dir='ltr'><strong>nos</strong></span> <span class='ocrx_word' id='word_1_645' title='bbox 844 2712 931 2739; x_wconf 76' lang='lat' dir='ltr'><strong>factus</strong></span> <span class='ocrx_word' id='word_1_646' title='bbox 953 2718 994 2740; x_wconf 83' lang='lat' dir='ltr'><strong>est</strong></span> 
     </span>
    </p>
   </div>
   <div class='ocr_carea' id='block_1_91' title="bbox 250 2800 778 2839">
    <p class='ocr_par' dir='ltr' id='par_1_91' title="bbox 250 2800 778 2839">
     <span class='ocr_line' id='line_1_91' title="bbox 250 2800 778 2839; baseline -0.004 -10"><span class='ocrx_word' id='word_1_647' title='bbox 250 2800 273 2819; x_wconf 79' lang='lat'><strong>&quot;</strong></span> <span class='ocrx_word' id='word_1_648' title='bbox 294 2800 371 2829; x_wconf 65' lang='lat' dir='ltr'><strong>Rom.</strong></span> <span class='ocrx_word' id='word_1_649' title='bbox 390 2809 426 2829; x_wconf 60' lang='grc' dir='ltr'><strong>ιι.</strong></span> <span class='ocrx_word' id='word_1_650' title='bbox 443 2801 487 2827; x_wconf 82' lang='lat'><strong>36.</strong></span> <span class='ocrx_word' id='word_1_651' title='bbox 527 2801 571 2827; x_wconf 80' lang='lat'>&quot;1</span> <span class='ocrx_word' id='word_1_652' title='bbox 588 2801 650 2828; x_wconf 82' lang='lat' dir='ltr'><strong>Cor.</strong></span> <span class='ocrx_word' id='word_1_653' title='bbox 671 2810 712 2832; x_wconf 71' lang='grc' dir='ltr'><strong>ιν,</strong></span> 
     </span>
    </p>
   </div>
   <div class='ocr_carea' id='block_1_92' title="bbox 1051 1532 1843 1568">
    <p class='ocr_par' dir='ltr' id='par_1_92' title="bbox 1051 1532 1843 1568">
     <span class='ocr_line' id='line_1_92' title="bbox 1051 1532 1843 1568; baseline -0.004 -8"><span class='ocrx_word' id='word_1_654' title='bbox 1051 1533 1153 1560; x_wconf 75' lang='grc' dir='ltr'><strong>ἄνωθεν</strong></span> <span class='ocrx_word' id='word_1_655' title='bbox 1174 1534 1334 1568; x_wconf 80' lang='grc' dir='ltr'><strong>γεννήσεως,</strong></span> <span class='ocrx_word' id='word_1_656' title='bbox 1352 1534 1386 1560; x_wconf 77' lang='grc' dir='ltr'><strong>δι’</strong></span> <span class='ocrx_word' id='word_1_657' title='bbox 1402 1533 1495 1564; x_wconf 82' lang='grc' dir='ltr'><strong>ὓδατος</strong></span> <span class='ocrx_word' id='word_1_658' title='bbox 1510 1533 1556 1559; x_wconf 74' lang='grc' dir='ltr'><strong>καὶ</strong></span> <span class='ocrx_word' id='word_1_659' title='bbox 1578 1532 1747 1567; x_wconf 72' lang='grc' dir='ltr'><strong>Πνεύματος.</strong></span> <span class='ocrx_word' id='word_1_660' title='bbox 1769 1532 1843 1563; x_wconf 64' lang='grc' dir='ltr'><strong>υἱοὺς</strong></span> 
     </span>
    </p>
   </div>
   <div class='ocr_carea' id='block_1_93' title="bbox 1050 1577 1844 1615">
    <p class='ocr_par' dir='ltr' id='par_1_93' title="bbox 1050 1577 1844 1615">
     <span class='ocr_line' id='line_1_93' title="bbox 1050 1577 1844 1615; baseline -0.003 -9"><span class='ocrx_word' id='word_1_661' title='bbox 1050 1579 1157 1614; x_wconf 78' lang='grc' dir='ltr'><strong>ἡμέρας</strong></span> <span class='ocrx_word' id='word_1_662' title='bbox 1171 1581 1216 1606; x_wconf 80' lang='grc' dir='ltr'><strong>καὶ</strong></span> <span class='ocrx_word' id='word_1_663' title='bbox 1228 1580 1300 1611; x_wconf 79' lang='grc' dir='ltr'><strong>υἱοὺς</strong></span> <span class='ocrx_word' id='word_1_664' title='bbox 1313 1579 1401 1614; x_wconf 83' lang='grc' dir='ltr'><strong>φωτὸς</strong></span> <span class='ocrx_word' id='word_1_665' title='bbox 1410 1577 1622 1615; x_wconf 78' lang='grc' dir='ltr'><strong>ἀπεργάζεσθαι.</strong></span> <span class='ocrx_word' id='word_1_666' title='bbox 1636 1579 1698 1610; x_wconf 77' lang='grc' dir='ltr'><strong>τοὺς</strong></span> <span class='ocrx_word' id='word_1_667' title='bbox 1710 1578 1844 1613; x_wconf 79' lang='grc' dir='ltr'><strong>πρότερον</strong></span> 
     </span>
    </p>
   </div>
   <div class='ocr_carea' id='block_1_94' title="bbox 1051 1623 1844 1661">
    <p class='ocr_par' dir='ltr' id='par_1_94' title="bbox 1051 1623 1844 1661">
     <span class='ocr_line' id='line_1_94' title="bbox 1051 1623 1844 1661; baseline -0.003 -10"><span class='ocrx_word' id='word_1_668' title='bbox 1051 1625 1130 1656; x_wconf 70' lang='grc' dir='ltr'><strong>ὄντας</strong></span> <span class='ocrx_word' id='word_1_669' title='bbox 1155 1625 1237 1652; x_wconf 85' lang='grc' dir='ltr'><strong>τέκνα</strong></span> <span class='ocrx_word' id='word_1_670' title='bbox 1261 1625 1340 1657; x_wconf 79' lang='grc' dir='ltr'><strong>φύσει</strong></span> <span class='ocrx_word' id='word_1_671' title='bbox 1363 1625 1466 1661; x_wconf 83' lang='grc' dir='ltr'><strong>ὀργῆς,</strong></span> <span class='ocrx_word' id='word_1_672' title='bbox 1494 1625 1574 1656; x_wconf 76' lang='grc' dir='ltr'><strong>αὐτὸς</strong></span> <span class='ocrx_word' id='word_1_673' title='bbox 1600 1624 1761 1659; x_wconf 79' lang='grc' dir='ltr'><strong>καθηγεῖται</strong></span> <span class='ocrx_word' id='word_1_674' title='bbox 1793 1623 1844 1658; x_wconf 80' lang='grc' dir='ltr'><strong>τῆς</strong></span> 
     </span>
    </p>
   </div>
   <div class='ocr_carea' id='block_1_95' title="bbox 1051 1669 1841 1706">
    <p class='ocr_par' dir='ltr' id='par_1_95' title="bbox 1051 1669 1841 1706">
     <span class='ocr_line' id='line_1_95' title="bbox 1051 1669 1841 1706; baseline -0.003 -9"><span class='ocrx_word' id='word_1_675' title='bbox 1051 1669 1178 1705; x_wconf 57' lang='lat' dir='ltr'><strong>rotatis-‘5</strong></span> <span class='ocrx_word' id='word_1_676' title='bbox 1199 1672 1349 1706; x_wconf 78' lang='grc' dir='ltr'><strong>γεννήσεως</strong></span> <span class='ocrx_word' id='word_1_677' title='bbox 1362 1691 1370 1702; x_wconf 93' lang='grc'><strong>,</strong></span> <span class='ocrx_word' id='word_1_678' title='bbox 1397 1672 1425 1697; x_wconf 73' lang='grc' dir='ltr'><strong>ἐν</strong></span> <span class='ocrx_word' id='word_1_679' title='bbox 1448 1671 1487 1705; x_wconf 87' lang='grc' dir='ltr'><strong>τῷ</strong></span> <span class='ocrx_word' id='word_1_680' title='bbox 1512 1670 1611 1706; x_wconf 82' lang='grc' dir='ltr'><strong>ῥείθρῳ</strong></span> <span class='ocrx_word' id='word_1_681' title='bbox 1627 1670 1674 1696; x_wconf 81' lang='grc' dir='ltr'><strong>τοῦ</strong></span> <span class='ocrx_word' id='word_1_682' title='bbox 1696 1669 1841 1704; x_wconf 81' lang='grc' dir='ltr'><strong>Ἰορδάνου,</strong></span> 
     </span>
    </p>
   </div>
   <div class='ocr_carea' id='block_1_96' title="bbox 1052 1715 1842 1752">
    <p class='ocr_par' dir='ltr' id='par_1_96' title="bbox 1052 1715 1842 1752">
     <span class='ocr_line' id='line_1_96' title="bbox 1052 1715 1842 1752; baseline -0.003 -10"><span class='ocrx_word' id='word_1_683' title='bbox 1052 1717 1097 1742; x_wconf 74' lang='grc' dir='ltr'><strong>ἐπὶ</strong></span> <span class='ocrx_word' id='word_1_684' title='bbox 1109 1717 1156 1752; x_wconf 79' lang='grc' dir='ltr'><strong>τὴν</strong></span> <span class='ocrx_word' id='word_1_685' title='bbox 1167 1717 1293 1752; x_wconf 75' lang='grc' dir='ltr'><strong>ἀπαρχὴν</strong></span> <span class='ocrx_word' id='word_1_686' title='bbox 1302 1717 1350 1752; x_wconf 87' lang='grc' dir='ltr'><strong>τῆς</strong></span> <span class='ocrx_word' id='word_1_687' title='bbox 1361 1717 1466 1752; x_wconf 77' lang='grc' dir='ltr'><strong>φύσεως</strong></span> <span class='ocrx_word' id='word_1_688' title='bbox 1477 1716 1619 1752; x_wconf 80' lang='grc' dir='ltr'><strong>ἡμῶν,τὴν</strong></span> <span class='ocrx_word' id='word_1_689' title='bbox 1627 1715 1674 1742; x_wconf 81' lang='grc' dir='ltr'><strong>τοῦ</strong></span> <span class='ocrx_word' id='word_1_690' title='bbox 1685 1715 1754 1742; x_wconf 84' lang='grc' dir='ltr'><strong>Ιινεύ</strong></span> <span class='ocrx_word' id='word_1_691' title='bbox 1759 1723 1842 1749; x_wconf 80' lang='grc' dir='ltr'><strong>ματος</strong></span> 
     </span>
    </p>
   </div>
   <div class='ocr_carea' id='block_1_97' title="bbox 1052 1761 1840 1798">
    <p class='ocr_par' dir='ltr' id='par_1_97' title="bbox 1052 1761 1840 1798">
     <span class='ocr_line' id='line_1_97' title="bbox 1052 1761 1840 1798; baseline -0.003 -9"><span class='ocrx_word' id='word_1_692' title='bbox 1052 1762 1131 1798; x_wconf 77' lang='grc' dir='ltr'><strong>χάριν</strong></span> <span class='ocrx_word' id='word_1_693' title='bbox 1153 1763 1382 1798; x_wconf 71' lang='grc' dir='ltr'><strong>ἐπισπασάμενος.</strong></span> <span class='ocrx_word' id='word_1_694' title='bbox 1407 1763 1488 1789; x_wconf 82' lang='grc' dir='ltr'><strong>Ὥστε</strong></span> <span class='ocrx_word' id='word_1_695' title='bbox 1517 1763 1620 1794; x_wconf 71' lang='grc' dir='ltr'><strong>πάντας</strong></span> <span class='ocrx_word' id='word_1_696' title='bbox 1645 1762 1709 1793; x_wconf 77' lang='grc' dir='ltr'><strong>τοὺς</strong></span> <span class='ocrx_word' id='word_1_697' title='bbox 1733 1763 1766 1787; x_wconf 83' lang='grc' dir='ltr'><strong>ἐκ</strong></span> <span class='ocrx_word' id='word_1_698' title='bbox 1791 1761 1840 1795; x_wconf 81' lang='grc' dir='ltr'><strong>τῆς</strong></span> 
     </span>
    </p>
   </div>
   <div class='ocr_carea' id='block_1_98' title="bbox 1052 1806 1840 1844">
    <p class='ocr_par' dir='ltr' id='par_1_98' title="bbox 1052 1806 1840 1844">
     <span class='ocr_line' id='line_1_98' title="bbox 1052 1806 1840 1844; baseline -0.004 -9"><span class='ocrx_word' id='word_1_699' title='bbox 1052 1809 1237 1844; x_wconf 83' lang='grc' dir='ltr'><strong>πνευματικῆς</strong></span> <span class='ocrx_word' id='word_1_700' title='bbox 1261 1809 1464 1844; x_wconf 78' lang='grc' dir='ltr'><strong>ἁναγεννήσεως</strong></span> <span class='ocrx_word' id='word_1_701' title='bbox 1487 1809 1527 1839; x_wconf 81' lang='grc' dir='ltr'><strong>εἰς</strong></span> <span class='ocrx_word' id='word_1_702' title='bbox 1548 1807 1620 1843; x_wconf 76' lang='grc' dir='ltr'><strong>ζωὴν</strong></span> <span class='ocrx_word' id='word_1_703' title='bbox 1642 1806 1840 1841; x_wconf 85' lang='grc' dir='ltr'><strong>γεννωμένους,</strong></span> 
     </span>
    </p>
   </div>
   <div class='ocr_carea' id='block_1_99' title="bbox 1052 1852 1842 1890">
    <p class='ocr_par' dir='ltr' id='par_1_99' title="bbox 1052 1852 1842 1890">
     <span class='ocr_line' id='line_1_99' title="bbox 1052 1852 1842 1890; baseline -0.004 -9"><span class='ocrx_word' id='word_1_704' title='bbox 1052 1854 1183 1888; x_wconf 79' lang='grc' dir='ltr'><strong>ἀδελφοὺς</strong></span> <span class='ocrx_word' id='word_1_705' title='bbox 1206 1855 1374 1890; x_wconf 88' lang='grc' dir='ltr'><strong>χρηματίσαι</strong></span> <span class='ocrx_word' id='word_1_706' title='bbox 1399 1854 1446 1880; x_wconf 85' lang='grc' dir='ltr'><strong>τοῦ</strong></span> <span class='ocrx_word' id='word_1_707' title='bbox 1472 1853 1698 1890; x_wconf 84' lang='grc' dir='ltr'><strong>προγεννηθέντος</strong></span> <span class='ocrx_word' id='word_1_708' title='bbox 1723 1852 1769 1879; x_wconf 78' lang='grc' dir='ltr'><strong>διὰ</strong></span> <span class='ocrx_word' id='word_1_709' title='bbox 1794 1852 1842 1879; x_wconf 79' lang='grc' dir='ltr'><strong>τοῦ</strong></span> 
     </span>
    </p>
   </div>
   <div class='ocr_carea' id='block_1_100' title="bbox 1052 1899 1840 1936">
    <p class='ocr_par' dir='ltr' id='par_1_100' title="bbox 1052 1899 1840 1936">
     <span class='ocr_line' id='line_1_100' title="bbox 1052 1899 1840 1936; baseline -0.004 -9"><span class='ocrx_word' id='word_1_710' title='bbox 1052 1899 1146 1932; x_wconf 81' lang='grc' dir='ltr'><strong>ὕδατός</strong></span> <span class='ocrx_word' id='word_1_711' title='bbox 1161 1909 1190 1927; x_wconf 89' lang='grc' dir='ltr'><strong>τε</strong></span> <span class='ocrx_word' id='word_1_712' title='bbox 1210 1901 1255 1927; x_wconf 69' lang='grc' dir='ltr'><strong>καὶ</strong></span> <span class='ocrx_word' id='word_1_713' title='bbox 1276 1900 1441 1936; x_wconf 82' lang='grc' dir='ltr'><strong>Πνεύματος.</strong></span> <span class='ocrx_word' id='word_1_714' title='bbox 1463 1900 1540 1927; x_wconf 74' lang='grc' dir='ltr'><strong>Κατὰ</strong></span> <span class='ocrx_word' id='word_1_715' title='bbox 1564 1899 1609 1926; x_wconf 85' lang='grc' dir='ltr'><strong>τὸν</strong></span> <span class='ocrx_word' id='word_1_716' title='bbox 1633 1899 1714 1926; x_wconf 81' lang='grc' dir='ltr'><strong>αὑτὸν</strong></span> <span class='ocrx_word' id='word_1_717' title='bbox 1728 1899 1840 1933; x_wconf 71' lang='grc' dir='ltr'><strong>τρόπον,</strong></span> 
     </span>
    </p>
   </div>
   <div class='ocr_carea' id='block_1_101' title="bbox 1052 1945 1841 1982">
    <p class='ocr_par' dir='ltr' id='par_1_101' title="bbox 1052 1945 1841 1982">
     <span class='ocr_line' id='line_1_101' title="bbox 1052 1945 1841 1982; baseline -0.004 -9"><span class='ocrx_word' id='word_1_718' title='bbox 1052 1947 1099 1973; x_wconf 73' lang='grc' dir='ltr'><strong>καὶ</strong></span> <span class='ocrx_word' id='word_1_719' title='bbox 1117 1947 1167 1981; x_wconf 86' lang='grc' dir='ltr'><strong>τῆς</strong></span> <span class='ocrx_word' id='word_1_720' title='bbox 1190 1947 1218 1973; x_wconf 83' lang='grc' dir='ltr'><strong>ὲν</strong></span> <span class='ocrx_word' id='word_1_721' title='bbox 1240 1947 1350 1982; x_wconf 83' lang='grc' dir='ltr'><strong>Χριστῷ</strong></span> <span class='ocrx_word' id='word_1_722' title='bbox 1373 1946 1520 1981; x_wconf 75' lang='grc' dir='ltr'><strong>γενομένης</strong></span> <span class='ocrx_word' id='word_1_723' title='bbox 1538 1945 1650 1976; x_wconf 76' lang='grc' dir='ltr'><strong>κτίσεως</strong></span> <span class='ocrx_word' id='word_1_724' title='bbox 1667 1945 1841 1980; x_wconf 80' lang='grc' dir='ltr'><strong>πρωτότοκον</strong></span> 
     </span>
    </p>
   </div>
   <div class='ocr_carea' id='block_1_102' title="bbox 1051 1989 1842 2026">
    <p class='ocr_par' dir='ltr' id='par_1_102' title="bbox 1051 1989 1842 2026">
     <span class='ocr_line' id='line_1_102' title="bbox 1051 1989 1842 2026; baseline -0.004 -8"><span class='ocrx_word' id='word_1_725' title='bbox 1051 1992 1130 2019; x_wconf 80' lang='grc' dir='ltr'><strong>αὑτὸν</strong></span> <span class='ocrx_word' id='word_1_726' title='bbox 1144 1992 1275 2023; x_wconf 79' lang='grc' dir='ltr'><strong>νοοῦντες,</strong></span> <span class='ocrx_word' id='word_1_727' title='bbox 1289 1992 1339 2018; x_wconf 75' lang='grc' dir='ltr'><strong>οὐκ</strong></span> <span class='ocrx_word' id='word_1_728' title='bbox 1355 1991 1406 2024; x_wconf 79' lang='grc' dir='ltr'><strong>ἔξω</strong></span> <span class='ocrx_word' id='word_1_729' title='bbox 1420 1991 1549 2026; x_wconf 79' lang='grc' dir='ltr'><strong>γινόμεθα</strong></span> <span class='ocrx_word' id='word_1_730' title='bbox 1562 1990 1612 2025; x_wconf 85' lang='grc' dir='ltr'><strong>τῆς</strong></span> <span class='ocrx_word' id='word_1_731' title='bbox 1627 1989 1756 2020; x_wconf 71' lang='grc' dir='ltr'><strong>εὐσεϐοῦς</strong></span> <span class='ocrx_word' id='word_1_732' title='bbox 1773 1990 1842 2016; x_wconf 67' lang='lat' dir='ltr'><strong>0m—</strong></span> 
     </span>
    </p>
   </div>
   <div class='ocr_carea' id='block_1_103' title="bbox 1051 2034 1841 2072">
    <p class='ocr_par' dir='ltr' id='par_1_103' title="bbox 1051 2034 1841 2072">
     <span class='ocr_line' id='line_1_103' title="bbox 1051 2034 1841 2072; baseline -0.006 -8"><span class='ocrx_word' id='word_1_733' title='bbox 1051 2037 1167 2072; x_wconf 74' lang='grc' dir='ltr'><strong>λήψεως.</strong></span> <span class='ocrx_word' id='word_1_734' title='bbox 1200 2037 1306 2072; x_wconf 80' lang='grc' dir='ltr'><strong>Ἐπειδὴ</strong></span> <span class='ocrx_word' id='word_1_735' title='bbox 1322 2037 1375 2072; x_wconf 77' lang='grc' dir='ltr'><strong>γὰρ</strong></span> <span class='ocrx_word' id='word_1_736' title='bbox 1390 2038 1407 2072; x_wconf 85' lang='grc' dir='ltr'>ἡ</span> <span class='ocrx_word' id='word_1_737' title='bbox 1423 2036 1521 2071; x_wconf 87' lang='grc' dir='ltr'><strong>ἀρχαία</strong></span> <span class='ocrx_word' id='word_1_738' title='bbox 1541 2035 1628 2066; x_wconf 80' lang='grc' dir='ltr'><strong>κτίσις</strong></span> <span class='ocrx_word' id='word_1_739' title='bbox 1650 2034 1774 2070; x_wconf 78' lang='grc' dir='ltr'><strong>παρῆλθε</strong></span> <span class='ocrx_word' id='word_1_740' title='bbox 1797 2034 1841 2060; x_wconf 84' lang='grc' dir='ltr'><strong>διὰ</strong></span> 
     </span>
    </p>
   </div>
   <div class='ocr_carea' id='block_1_104' title="bbox 1050 2079 1839 2118">
    <p class='ocr_par' dir='ltr' id='par_1_104' title="bbox 1050 2079 1839 2118">
     <span class='ocr_line' id='line_1_104' title="bbox 1050 2079 1839 2118; baseline -0.005 -9"><span class='ocrx_word' id='word_1_741' title='bbox 1050 2083 1098 2118; x_wconf 86' lang='grc' dir='ltr'><strong>τῆς</strong></span> <span class='ocrx_word' id='word_1_742' title='bbox 1113 2083 1250 2118; x_wconf 80' lang='grc' dir='ltr'><strong>ἁμαρτιας</strong></span> <span class='ocrx_word' id='word_1_743' title='bbox 1265 2081 1452 2117; x_wconf 82' lang='grc' dir='ltr'><strong>ἀχρειωθεῖσα,</strong></span> <span class='ocrx_word' id='word_1_744' title='bbox 1469 2081 1624 2115; x_wconf 80' lang='grc' dir='ltr'><strong>ἀναγκαίως</strong></span> <span class='ocrx_word' id='word_1_745' title='bbox 1636 2080 1685 2115; x_wconf 81' lang='grc' dir='ltr'><strong>τὴν</strong></span> <span class='ocrx_word' id='word_1_746' title='bbox 1696 2079 1752 2105; x_wconf 80' lang='grc' dir='ltr'><strong>τῶν</strong></span> <span class='ocrx_word' id='word_1_747' title='bbox 1769 2080 1839 2113; x_wconf 73' lang='grc' dir='ltr'><strong>ἀφα-</strong></span> 
     </span>
    </p>
   </div>
   <div class='ocr_carea' id='block_1_105' title="bbox 1050 2124 1839 2163">
    <p class='ocr_par' dir='ltr' id='par_1_105' title="bbox 1050 2124 1839 2163">
     <span class='ocr_line' id='line_1_105' title="bbox 1050 2124 1839 2163; baseline -0.005 -9"><span class='ocrx_word' id='word_1_748' title='bbox 1050 2127 1194 2154; x_wconf 82' lang='grc' dir='ltr'><strong>νισθέντων</strong></span> <span class='ocrx_word' id='word_1_749' title='bbox 1216 2128 1332 2163; x_wconf 80' lang='grc' dir='ltr'><strong>πάροδον</strong></span> <span class='ocrx_word' id='word_1_750' title='bbox 1348 2127 1482 2158; x_wconf 78' lang='grc' dir='ltr'><strong>διεδέξατο</strong></span> <span class='ocrx_word' id='word_1_751' title='bbox 1496 2127 1512 2161; x_wconf 89' lang='grc' dir='ltr'><strong>ὴ</strong></span> <span class='ocrx_word' id='word_1_752' title='bbox 1528 2126 1608 2161; x_wconf 77' lang='grc' dir='ltr'><strong>καινὴ</strong></span> <span class='ocrx_word' id='word_1_753' title='bbox 1620 2127 1669 2160; x_wconf 82' lang='grc' dir='ltr'><strong>τῆς</strong></span> <span class='ocrx_word' id='word_1_754' title='bbox 1684 2125 1758 2159; x_wconf 79' lang='grc' dir='ltr'><strong>ζωῆς</strong></span> <span class='ocrx_word' id='word_1_755' title='bbox 1781 2124 1839 2151; x_wconf 86' lang='grc' dir='ltr'><strong>κτί-</strong></span> 
     </span>
    </p>
   </div>
   <div class='ocr_carea' id='block_1_106' title="bbox 1051 2170 1840 2207">
    <p class='ocr_par' dir='ltr' id='par_1_106' title="bbox 1051 2170 1840 2207">
     <span class='ocr_line' id='line_1_106' title="bbox 1051 2170 1840 2207; baseline -0.005 -8"><span class='ocrx_word' id='word_1_756' title='bbox 1051 2181 1101 2205; x_wconf 80' lang='grc' dir='ltr'><strong>σις,</strong></span> <span class='ocrx_word' id='word_1_757' title='bbox 1119 2173 1161 2199; x_wconf 81' lang='grc' dir='ltr'><strong>διὰ</strong></span> <span class='ocrx_word' id='word_1_758' title='bbox 1184 2173 1234 2207; x_wconf 87' lang='grc' dir='ltr'><strong>τῆς</strong></span> <span class='ocrx_word' id='word_1_759' title='bbox 1258 2174 1460 2207; x_wconf 82' lang='grc' dir='ltr'><strong>ἀναγεννήσεως</strong></span> <span class='ocrx_word' id='word_1_760' title='bbox 1476 2172 1523 2198; x_wconf 77' lang='grc' dir='ltr'><strong>καὶ</strong></span> <span class='ocrx_word' id='word_1_761' title='bbox 1542 2171 1590 2205; x_wconf 85' lang='grc' dir='ltr'><strong>τῆς</strong></span> <span class='ocrx_word' id='word_1_762' title='bbox 1606 2171 1638 2196; x_wconf 79' lang='grc' dir='ltr'><strong>ὲκ</strong></span> <span class='ocrx_word' id='word_1_763' title='bbox 1652 2170 1758 2204; x_wconf 80' lang='grc' dir='ltr'><strong>νεκρῶν</strong></span> <span class='ocrx_word' id='word_1_764' title='bbox 1773 2170 1840 2196; x_wconf 84' lang='grc' dir='ltr'><strong>ἀνα-</strong></span> 
     </span>
    </p>
   </div>
   <div class='ocr_carea' id='block_1_107' title="bbox 1050 2215 1839 2252">
    <p class='ocr_par' dir='ltr' id='par_1_107' title="bbox 1050 2215 1839 2252">
     <span class='ocr_line' id='line_1_107' title="bbox 1050 2215 1839 2252; baseline -0.004 -9"><span class='ocrx_word' id='word_1_765' title='bbox 1050 2218 1169 2248; x_wconf 83' lang='grc' dir='ltr'><strong>στάσεως</strong></span> <span class='ocrx_word' id='word_1_766' title='bbox 1183 2218 1382 2252; x_wconf 82' lang='grc' dir='ltr'><strong>συνισταμένη·</strong></span> <span class='ocrx_word' id='word_1_767' title='bbox 1406 2215 1439 2252; x_wconf 82' lang='grc' dir='ltr'><strong>ἧς</strong></span> <span class='ocrx_word' id='word_1_768' title='bbox 1452 2217 1466 2241; x_wconf 77' lang='grc' dir='ltr'>ὁ</span> <span class='ocrx_word' id='word_1_769' title='bbox 1482 2215 1600 2251; x_wconf 78' lang='grc' dir='ltr'><strong>ἀρχηγὸς</strong></span> <span class='ocrx_word' id='word_1_770' title='bbox 1615 2215 1664 2249; x_wconf 84' lang='grc' dir='ltr'><strong>τῆς</strong></span> <span class='ocrx_word' id='word_1_771' title='bbox 1680 2215 1755 2248; x_wconf 81' lang='grc' dir='ltr'><strong>ζωῆς</strong></span> <span class='ocrx_word' id='word_1_772' title='bbox 1771 2215 1839 2250; x_wconf 77' lang='grc' dir='ltr'><strong>ἡγη-</strong></span> 
     </span>
    </p>
   </div>
   <div class='ocr_carea' id='block_1_108' title="bbox 1050 2258 1838 2296">
    <p class='ocr_par' dir='ltr' id='par_1_108' title="bbox 1050 2258 1838 2296">
     <span class='ocr_line' id='line_1_108' title="bbox 1050 2258 1838 2296; baseline -0.005 -8"><span class='ocrx_word' id='word_1_773' title='bbox 1050 2262 1175 2296; x_wconf 82' lang='grc' dir='ltr'><strong>σάμενος.</strong></span> <span class='ocrx_word' id='word_1_774' title='bbox 1190 2262 1359 2296; x_wconf 77' lang='grc' dir='ltr'><strong>πρωτότοκος</strong></span> <span class='ocrx_word' id='word_1_775' title='bbox 1380 2261 1427 2296; x_wconf 87' lang='grc' dir='ltr'><strong>τῆς</strong></span> <span class='ocrx_word' id='word_1_776' title='bbox 1452 2261 1524 2294; x_wconf 82' lang='grc' dir='ltr'><strong>ζωῆς</strong></span> <span class='ocrx_word' id='word_1_777' title='bbox 1546 2259 1648 2293; x_wconf 76' lang='grc' dir='ltr'><strong>γίνεται</strong></span> <span class='ocrx_word' id='word_1_778' title='bbox 1671 2259 1718 2286; x_wconf 74' lang='grc' dir='ltr'><strong>καὶ</strong></span> <span class='ocrx_word' id='word_1_779' title='bbox 1737 2258 1838 2293; x_wconf 68' lang='grc' dir='ltr'><strong>ὀνομά-</strong></span> 
     </span>
    </p>
   </div>
   <div class='ocr_carea' id='block_1_109' title="bbox 1049 2305 1838 2341">
    <p class='ocr_par' dir='ltr' id='par_1_109' title="bbox 1049 2305 1838 2341">
     <span class='ocr_line' id='line_1_109' title="bbox 1049 2305 1838 2341; baseline -0.003 -8"><span class='ocrx_word' id='word_1_780' title='bbox 1049 2307 1134 2338; x_wconf 81' lang='grc' dir='ltr'><strong>ζεται.</strong></span> <span class='ocrx_word' id='word_1_781' title='bbox 1163 2307 1231 2333; x_wconf 79' lang='grc' dir='ltr'><strong>Ἂλλ¹</strong></span> <span class='ocrx_word' id='word_1_782' title='bbox 1251 2307 1323 2337; x_wconf 81' lang='grc' dir='ltr'><strong>ὅπως</strong></span> <span class='ocrx_word' id='word_1_783' title='bbox 1345 2306 1396 2341; x_wconf 86' lang='grc' dir='ltr'><strong>χρὴ</strong></span> <span class='ocrx_word' id='word_1_784' title='bbox 1417 2306 1484 2340; x_wconf 83' lang='grc' dir='ltr'><strong>πρὸς</strong></span> <span class='ocrx_word' id='word_1_785' title='bbox 1508 2306 1570 2336; x_wconf 83' lang='grc' dir='ltr'><strong>τοὺς</strong></span> <span class='ocrx_word' id='word_1_786' title='bbox 1593 2305 1838 2339; x_wconf 75' lang='grc' dir='ltr'><strong>ἀντιτεταγμένους</strong></span> 
     </span>
    </p>
   </div>
   <div class='ocr_carea' id='block_1_110' title="bbox 1048 2349 1839 2385">
    <p class='ocr_par' dir='ltr' id='par_1_110' title="bbox 1048 2349 1839 2385">
     <span class='ocr_line' id='line_1_110' title="bbox 1048 2349 1839 2385; baseline 0 -9"><span class='ocrx_word' id='word_1_787' title='bbox 1048 2351 1130 2385; x_wconf 79' lang='grc' dir='ltr'><strong>ἔχειν,</strong></span> <span class='ocrx_word' id='word_1_788' title='bbox 1155 2351 1187 2376; x_wconf 78' lang='grc' dir='ltr'><strong>δι’</strong></span> <span class='ocrx_word' id='word_1_789' title='bbox 1209 2351 1306 2384; x_wconf 86' lang='grc' dir='ltr'><strong>ὀλίγων</strong></span> <span class='ocrx_word' id='word_1_790' title='bbox 1321 2351 1374 2377; x_wconf 82' lang='grc' dir='ltr'><strong>τῶν</strong></span> <span class='ocrx_word' id='word_1_791' title='bbox 1399 2350 1550 2385; x_wconf 72' lang='grc' dir='ltr'><strong>εἰρημένων</strong></span> <span class='ocrx_word' id='word_1_792' title='bbox 1572 2350 1661 2385; x_wconf 73' lang='grc' dir='ltr'><strong>ῥᾴδιον</strong></span> <span class='ocrx_word' id='word_1_793' title='bbox 1683 2349 1717 2376; x_wconf 78' lang='grc' dir='ltr'><strong>ἂν</strong></span> <span class='ocrx_word' id='word_1_794' title='bbox 1734 2350 1839 2382; x_wconf 80' lang='grc' dir='ltr'><strong>γένοιτο</strong></span> 
     </span>
    </p>
   </div>
   <div class='ocr_carea' id='block_1_111' title="bbox 1047 2395 1836 2431">
    <p class='ocr_par' dir='ltr' id='par_1_111' title="bbox 1047 2395 1836 2431">
     <span class='ocr_line' id='line_1_111' title="bbox 1047 2395 1836 2431; baseline -0.003 -9"><span class='ocrx_word' id='word_1_795' title='bbox 1047 2398 1102 2427; x_wconf 83' lang='grc' dir='ltr'><strong>τοῖς</strong></span> <span class='ocrx_word' id='word_1_796' title='bbox 1125 2396 1360 2431; x_wconf 74' lang='grc' dir='ltr'><strong>φιλοπονωτέροις,</strong></span> <span class='ocrx_word' id='word_1_797' title='bbox 1382 2397 1505 2431; x_wconf 78' lang='grc' dir='ltr'><strong>αὐτάρκη</strong></span> <span class='ocrx_word' id='word_1_798' title='bbox 1528 2395 1685 2430; x_wconf 82' lang='grc' dir='ltr'><strong>συμμαχίαν</strong></span> <span class='ocrx_word' id='word_1_799' title='bbox 1703 2396 1771 2429; x_wconf 82' lang='grc' dir='ltr'><strong>πρὸς</strong></span> <span class='ocrx_word' id='word_1_800' title='bbox 1787 2395 1836 2429; x_wconf 89' lang='grc' dir='ltr'><strong>τὴν</strong></span> 
     </span>
    </p>
   </div>
   <div class='ocr_carea' id='block_1_112' title="bbox 1048 2440 1837 2476">
    <p class='ocr_par' dir='ltr' id='par_1_112' title="bbox 1048 2440 1837 2476">
     <span class='ocr_line' id='line_1_112' title="bbox 1048 2440 1837 2476; baseline 0 -10"><span class='ocrx_word' id='word_1_801' title='bbox 1048 2441 1176 2476; x_wconf 82' lang='grc' dir='ltr'><strong>ἀλήθειαν</strong></span> <span class='ocrx_word' id='word_1_802' title='bbox 1192 2441 1272 2476; x_wconf 71' lang='grc' dir='ltr'><strong>ἔχειν.</strong></span> <span class='ocrx_word' id='word_1_803' title='bbox 1289 2442 1382 2472; x_wconf 84' lang='grc' dir='ltr'><strong>Ὅπως</strong></span> <span class='ocrx_word' id='word_1_804' title='bbox 1395 2441 1416 2467; x_wconf 82' lang='grc' dir='ltr'><strong>δ’</strong></span> <span class='ocrx_word' id='word_1_805' title='bbox 1427 2441 1459 2467; x_wconf 83' lang='grc' dir='ltr'><strong>ἂν</strong></span> <span class='ocrx_word' id='word_1_806' title='bbox 1471 2441 1568 2476; x_wconf 84' lang='grc' dir='ltr'><strong>φανείη</strong></span> <span class='ocrx_word' id='word_1_807' title='bbox 1583 2440 1759 2466; x_wconf 71' lang='grc' dir='ltr'><strong>συντελοῦντα</strong></span> <span class='ocrx_word' id='word_1_808' title='bbox 1770 2441 1837 2475; x_wconf 76' lang='grc' dir='ltr'><strong>πρὸς</strong></span> 
     </span>
    </p>
   </div>
   <div class='ocr_carea' id='block_1_113' title="bbox 1047 2485 1836 2522">
    <p class='ocr_par' dir='ltr' id='par_1_113' title="bbox 1047 2485 1836 2522">
     <span class='ocr_line' id='line_1_113' title="bbox 1047 2485 1836 2522; baseline 0 -11"><span class='ocrx_word' id='word_1_809' title='bbox 1047 2486 1092 2511; x_wconf 81' lang='grc' dir='ltr'><strong>τὸν</strong></span> <span class='ocrx_word' id='word_1_810' title='bbox 1107 2487 1166 2512; x_wconf 81' lang='grc' dir='ltr'><strong>κατ’</strong></span> <span class='ocrx_word' id='word_1_811' title='bbox 1181 2486 1281 2521; x_wconf 81' lang='grc' dir='ltr'><strong>ἀρετὴν</strong></span> <span class='ocrx_word' id='word_1_812' title='bbox 1295 2486 1351 2520; x_wconf 83' lang='grc' dir='ltr'><strong>βίον</strong></span> <span class='ocrx_word' id='word_1_813' title='bbox 1364 2486 1397 2512; x_wconf 86' lang='grc' dir='ltr'><strong>τὰ</strong></span> <span class='ocrx_word' id='word_1_814' title='bbox 1413 2488 1522 2522; x_wconf 80' lang='grc' dir='ltr'><strong>ῥήματα</strong></span> <span class='ocrx_word' id='word_1_815' title='bbox 1536 2485 1634 2517; x_wconf 79' lang='grc' dir='ltr'><strong>ταῦτα,</strong></span> <span class='ocrx_word' id='word_1_816' title='bbox 1655 2485 1700 2512; x_wconf 87' lang='grc' dir='ltr'><strong>διὰ</strong></span> <span class='ocrx_word' id='word_1_817' title='bbox 1714 2485 1836 2520; x_wconf 83' lang='grc' dir='ltr'><strong>βραχέων</strong></span> 
     </span>
    </p>
   </div>
   <div class='ocr_carea' id='block_1_114' title="bbox 1047 2530 1838 2567">
    <p class='ocr_par' dir='ltr' id='par_1_114' title="bbox 1047 2530 1838 2567">
     <span class='ocr_line' id='line_1_114' title="bbox 1047 2530 1838 2567; baseline -0.003 -9"><span class='ocrx_word' id='word_1_818' title='bbox 1047 2532 1264 2567; x_wconf 75' lang='grc' dir='ltr'><strong>ὲπελευσόμεθα’</strong></span> <span class='ocrx_word' id='word_1_819' title='bbox 1285 2533 1456 2567; x_wconf 80' lang='grc' dir='ltr'><strong>Πρωτότοκος</strong></span> <span class='ocrx_word' id='word_1_820' title='bbox 1479 2530 1513 2567; x_wconf 84' lang='grc' dir='ltr'><strong>ἦν</strong></span> <span class='ocrx_word' id='word_1_821' title='bbox 1535 2531 1588 2558; x_wconf 84' lang='grc' dir='ltr'><strong>τῶν</strong></span> <span class='ocrx_word' id='word_1_822' title='bbox 1613 2532 1671 2566; x_wconf 80' lang='grc' dir='ltr'><strong>μετ’</strong></span> <span class='ocrx_word' id='word_1_823' title='bbox 1689 2531 1771 2557; x_wconf 82' lang='grc' dir='ltr'><strong>αὐτὸν</strong></span> <span class='ocrx_word' id='word_1_824' title='bbox 1795 2531 1838 2556; x_wconf 68' lang='grc' dir='ltr'><strong>διὰ</strong></span> 
     </span>
    </p>
   </div>
   <div class='ocr_carea' id='block_1_115' title="bbox 1050 2575 1836 2614">
    <p class='ocr_par' dir='ltr' id='par_1_115' title="bbox 1050 2575 1836 2614">
     <span class='ocr_line' id='line_1_115' title="bbox 1050 2575 1836 2614; baseline -0.004 -10"><span class='ocrx_word' id='word_1_825' title='bbox 1050 2579 1201 2614; x_wconf 79' lang='grc' dir='ltr'><strong>γεννήσεως</strong></span> <span class='ocrx_word' id='word_1_826' title='bbox 1218 2578 1410 2613; x_wconf 84' lang='grc' dir='ltr'><strong>παραχθέντων</strong></span> <span class='ocrx_word' id='word_1_827' title='bbox 1436 2579 1450 2604; x_wconf 82' lang='grc' dir='ltr'>ὁ</span> <span class='ocrx_word' id='word_1_828' title='bbox 1471 2577 1600 2612; x_wconf 79' lang='grc' dir='ltr'><strong>Ῥουῦίμ-</strong></span> <span class='ocrx_word' id='word_1_829' title='bbox 1625 2577 1662 2608; x_wconf 84' lang='grc' dir='ltr'><strong>ὡς</strong></span> <span class='ocrx_word' id='word_1_830' title='bbox 1687 2575 1836 2612; x_wconf 81' lang='grc' dir='ltr'><strong>ἐμαρτύρει</strong></span> 
     </span>
    </p>
   </div>
   <div class='ocr_carea' id='block_1_116' title="bbox 1050 2622 1836 2658">
    <p class='ocr_par' dir='ltr' id='par_1_116' title="bbox 1050 2622 1836 2658">
     <span class='ocr_line' id='line_1_116' title="bbox 1050 2622 1836 2658; baseline -0.003 -8"><span class='ocrx_word' id='word_1_831' title='bbox 1050 2625 1103 2655; x_wconf 84' lang='grc' dir='ltr'><strong>τοῖς</strong></span> <span class='ocrx_word' id='word_1_832' title='bbox 1121 2625 1178 2658; x_wconf 81' lang='grc' dir='ltr'><strong>μετ’</strong></span> <span class='ocrx_word' id='word_1_833' title='bbox 1194 2624 1274 2650; x_wconf 77' lang='grc' dir='ltr'><strong>αὐτὸν</strong></span> <span class='ocrx_word' id='word_1_834' title='bbox 1298 2623 1448 2658; x_wconf 73' lang='grc' dir='ltr'><strong>γεννηθεῖτι</strong></span> <span class='ocrx_word' id='word_1_835' title='bbox 1474 2624 1523 2658; x_wconf 83' lang='grc' dir='ltr'><strong>τὴν</strong></span> <span class='ocrx_word' id='word_1_836' title='bbox 1547 2623 1614 2657; x_wconf 78' lang='grc' dir='ltr'><strong>πρὸς</strong></span> <span class='ocrx_word' id='word_1_837' title='bbox 1635 2622 1716 2649; x_wconf 80' lang='grc' dir='ltr'><strong>αὑτὸν</strong></span> <span class='ocrx_word' id='word_1_838' title='bbox 1739 2622 1836 2655; x_wconf 74' lang='grc' dir='ltr'><strong>συγγέ-</strong></span> 
     </span>
    </p>
   </div>
   <div class='ocr_carea' id='block_1_117' title="bbox 1049 2666 1834 2703">
    <p class='ocr_par' dir='ltr' id='par_1_117' title="bbox 1049 2666 1834 2703">
     <span class='ocr_line' id='line_1_117' title="bbox 1049 2666 1834 2703; baseline -0.004 -9"><span class='ocrx_word' id='word_1_839' title='bbox 1049 2677 1121 2694; x_wconf 74' lang='grc' dir='ltr'><strong>νειαν</strong></span> <span class='ocrx_word' id='word_1_840' title='bbox 1132 2670 1146 2694; x_wconf 75' lang='grc' dir='ltr'>ὁ</span> <span class='ocrx_word' id='word_1_841' title='bbox 1157 2670 1363 2702; x_wconf 70' lang='grc' dir='ltr'><strong>ἐπιφαινόμενος</strong></span> <span class='ocrx_word' id='word_1_842' title='bbox 1378 2669 1468 2699; x_wconf 75' lang='grc' dir='ltr'><strong>αὐτοῖς</strong></span> <span class='ocrx_word' id='word_1_843' title='bbox 1482 2667 1633 2703; x_wconf 80' lang='grc' dir='ltr'><strong>χαρακτὴρ,</strong></span> <span class='ocrx_word' id='word_1_844' title='bbox 1648 2667 1756 2698; x_wconf 69' lang='grc' dir='ltr'><strong>οἰκείως</strong></span> <span class='ocrx_word' id='word_1_845' title='bbox 1770 2666 1834 2700; x_wconf 67' lang='grc' dir='ltr'><strong>πρός</strong></span> 
     </span>
    </p>
   </div>
   <div class='ocr_carea' id='block_1_118' title="bbox 1047 2710 1833 2748">
    <p class='ocr_par' dir='ltr' id='par_1_118' title="bbox 1047 2710 1833 2748">
     <span class='ocr_line' id='line_1_118' title="bbox 1047 2710 1833 2748; baseline -0.005 -8"><span class='ocrx_word' id='word_1_846' title='bbox 1047 2714 1091 2740; x_wconf 65' lang='grc' dir='ltr'><strong>τὸν</strong></span> <span class='ocrx_word' id='word_1_847' title='bbox 1106 2714 1274 2748; x_wconf 73' lang='grc' dir='ltr'><strong>πρωτότοκον</strong></span> <span class='ocrx_word' id='word_1_848' title='bbox 1290 2713 1370 2748; x_wconf 77' lang='grc' dir='ltr'><strong>ἔχων,</strong></span> <span class='ocrx_word' id='word_1_849' title='bbox 1383 2712 1452 2738; x_wconf 79' lang='grc' dir='ltr'><strong>ὥστε</strong></span> <span class='ocrx_word' id='word_1_850' title='bbox 1470 2713 1506 2747; x_wconf 87' lang='grc' dir='ltr'><strong>μὴ</strong></span> <span class='ocrx_word' id='word_1_851' title='bbox 1523 2711 1679 2746; x_wconf 76' lang='grc' dir='ltr'><strong>ἀγνοεῖσθαι</strong></span> <span class='ocrx_word' id='word_1_852' title='bbox 1696 2711 1746 2746; x_wconf 79' lang='grc' dir='ltr'><strong>τὴν</strong></span> <span class='ocrx_word' id='word_1_853' title='bbox 1763 2710 1833 2737; x_wconf 74' lang='grc' dir='ltr'><strong>ἀδελ-</strong></span> 
     </span>
    </p>
   </div>
   <div class='ocr_carea' id='block_1_119' title="bbox 825 2799 1395 2833">
    <p class='ocr_par' dir='ltr' id='par_1_119' title="bbox 825 2799 1395 2833">
     <span class='ocr_line' id='line_1_119' title="bbox 825 2799 1395 2833; baseline -0.004 -5"><span class='ocrx_word' id='word_1_854' title='bbox 825 2801 868 2828; x_wconf 79' lang='grc' dir='ltr'><strong>ιτι</strong></span> <span class='ocrx_word' id='word_1_855' title='bbox 888 2799 987 2828; x_wconf 76' lang='lat' dir='ltr'><strong>Thess.</strong></span> <span class='ocrx_word' id='word_1_856' title='bbox 1001 2807 1037 2832; x_wconf 87' lang='lat' dir='ltr'><strong>tv,</strong></span> <span class='ocrx_word' id='word_1_857' title='bbox 1057 2800 1097 2827; x_wconf 67' lang='grc' dir='ltr'><strong>ιε.</strong></span> <span class='ocrx_word' id='word_1_858' title='bbox 1135 2801 1156 2817; x_wconf 72' lang='grc'>⁸⁸</span> <span class='ocrx_word' id='word_1_859' title='bbox 1173 2801 1241 2828; x_wconf 82' lang='lat' dir='ltr'><strong>Gen.</strong></span> <span class='ocrx_word' id='word_1_860' title='bbox 1260 2808 1336 2833; x_wconf 76' lang='lat' dir='ltr'><strong>nix,</strong></span> <span class='ocrx_word' id='word_1_861' title='bbox 1352 2800 1395 2827; x_wconf 76' lang='lat'><strong>52.</strong></span> 
     </span>
    </p>
   </div>
  </div>
