1922 3078
61 110 117 138 ΞΠ

64 213 207 248 ρουμένην.
234 215 342 241 οὐκοῦν
361 217 385 243 εί
409 217 452 244 διὰ
470 219 518 252 τῆς
539 219 691 255 όμοτρόπου
709 223 859 258 ἀναγεννή-

64 267 140 290 σεως,
154 259 204 293 τῆς
217 259 251 286 δι’
266 259 364 293 ὓδατος
381 262 428 290 καὶ
442 263 605 298 πνεύματος,
623 266 669 291 καὶ
686 267 765 301 ἡμεῖς
782 269 858 294 ἀδελ-

63 304 109 337 φοὶ
123 304 169 330 τοῦ
186 305 291 339 Κυρίου
308 307 471 342 γεγόναμεν,
497 308 544 335 τοῦ
567 309 601 336 δι’
616 311 689 345 ἡμᾶς
712 314 857 348 γενομένου

63 349 237 383 πρωτοτόκου
257 351 286 377 ὲν
303 351 412 383 πολλοῖς
428 352 549 387 ἀδελφοῖς
561 363 567 369 ·
584 355 729 383 ἀκόλουθον
753 357 785 384 ἂν
801 359 855 393 εἴη,

62 393 105 420 διὰ
115 394 170 420 τῶν
182 395 231 421 τοῦ
250 396 308 430 βίου
325 399 508 433 χαρακτήρων
532 400 709 428 ἐπιδεικνύειν
725 403 773 438 τὴν
788 405 855 439 πρὸς

61 439 142 465 αὐτὸν
157 441 319 475 ἀγχιστείαν
331 452 338 458 ·
358 444 584 480 ὲμμορφουμένου
597 448 629 482 τῇ
645 447 700 484 ζωῇ
717 450 732 484 ἡ
737 450 795 483 μῶν
809 451 855 478 τοῦ

62 487 237 521 πρωτοτόκου
260 489 311 521 τῆς
336 490 459 522 κτίσεως.
486 492 552 518 Τίνα
573 493 601 519 δὲ
624 495 784 530 χαρακτῆρα
806 497 855 532 τῆς

61 532 165 558 ἐκείνου
183 533 293 568 μορφῆς
306 536 379 570 παρὰ
394 536 443 570 τῆς
454 537 564 573 Γραφῆς
578 540 777 576 μεμαθήκαμεν
787 551 795 574 ;
807 544 854 570 Ὃν

61 577 169 609 πολλοῖς
177 579 340 614 εἰρήκαμεν,
355 581 395 607 ὅτι
405 591 413 607 ι
430 582 579 618 Ἀμαρτίαν
586 585 635 612 οὐκ
643 586 780 621 ἐποίησεν,
793 589 853 615 οὐδὲ

59 623 160 658 εὑρέθη
172 623 249 656 δόλος
263 625 292 651 ὲν
307 625 345 660 τῷ
362 626 473 661 στόματι
487 628 582 656 αὑτοῦ.
601 639 610 654 ›
625 631 728 658 Οὐκοῦν
745 634 768 658 εἰ
787 633 852 668 μέλ-

59 668 153 702 λοιμεν
165 669 276 703 ἀδελφοὶ
289 672 467 706 χρηματίζειν
478 673 523 699 τοῦ
538 674 763 711 καθηγησαμένου
775 679 852 713 ἡμῶν

58 714 107 744 τῆς
124 715 291 750 γεννήσεως,
313 716 343 742 τὸ
358 717 547 753 ἀναμάρτητον
561 720 608 754 τῆς
625 720 698 755 ζωῆς
710 723 790 757 ἡμῶν
808 733 852 750 πι-

57 759 195 787 στώσεται
210 761 259 797 τὴν
273 762 341 796 πρὸς
357 763 460 790 ἐκεῖνον
477 765 646 799 συγγένειαν,
674 769 787 803 μηδενὸς
803 770 849 805 ῥύ-

56 812 110 830 που
137 806 189 840 τῆς
218 807 287 842 πρὸς
315 809 365 842 τὴν
402 808 574 845 καθαρότητα
603 814 749 846 συναφείας
775 816 849 850 ἡμᾶς

568 118 611 145 DE
632 118 809 147 PERFECTA
834 123 1034 153 ClllllS'l'l.\Nl
1055 128 1185 158 FUIUIA.

62 168 174 202 φότητα,
192 168 237 194 διὰ
248 169 298 203 τῆς
314 171 386 197 κατὰ
399 172 448 207 τὴν
464 173 569 208 μορςεὴν
581 175 737 210 ὁμοιότητος
754 187 855 213 μάρτυς
868 182 892 210 Α

1643 140 1698 168 ’278

907 182 1104 218 primogenitus
1136 186 1162 213 in
1191 188 1282 214 nlultis
1307 188 1450 224 fratribus,
1472 200 1580 227 aequam
1603 201 1646 222 est
1669 195 1698 223 ιιι

911 227 972 254 vita:
1002 229 1087 263 signis
1121 236 1243 258 nostram
1276 240 1338 260 cum
1371 235 1430 269 ipso
1464 240 1695 268 necessitudinem

909 272 1086 301 ostendamus
1102 283 1107 301 :
1126 274 1188 301 vita:
1206 275 1278 303 enim
1301 282 1401 305 nostra:
1420 279 1534 308 formam
1557 283 1696 318 impressit

895 318 1106 353 >pl‘llllngenlllls
1126 323 1269 348 creatum.
1289 322 1355 355 Quae
1370 329 1458 351 autem
1476 327 1512 353 sit
1525 328 1584 361 ejus
1600 329 1694 358 formae

909 368 983 393 nota.
1004 371 1036 390 ex
1056 363 1195 400 Scriptura
1217 374 1289 402 saepe
1304 373 1591 401 commemoravinnm.
1611 384 1620 400 ‹
1640 375 1693 408 Qui

907 413 1063 442 peccatum,
1085 420 1094 435 ι
1115 411 1213 445 inquit,
1236 422 1244 438 ι
1263 420 1315 439 non
1341 414 1413 446 fecit,
1436 423 1485 443 nec
1504 417 1630 447 iuventus
1650 425 1693 447 est

907 454 985 481 dolus
1011 455 1037 481 in
1061 463 1108 483 ore
1130 457 1190 491 ejus
1202 458 1235 484 '9.
1253 468 1262 484 ›
1292 458 1408 487 Proinde
1440 465 1530 488 utrum
1554 464 1626 491 llllllS
1645 466 1690 499 qui

906 500 1083 533 generatione
1100 503 1242 535 prmcessit
1265 504 1393 538 appellari
1411 505 1507 533 fratres
1530 508 1688 542 debeamus,

905 543 1062 572 innocentia
1083 546 1145 573 vitae
1170 548 1357 575 testimonium
1383 550 1467 583 dabit,
1488 552 1511 578 si
1535 553 1608 580 nulla
1634 562 1690 580 ma-

904 590 963 616 cula
976 597 990 616 a
1007 591 1133 624 puritatis
1144 593 1340 627 conjunctione
1357 603 1406 621 nos
1421 599 1598 631 separaverit.
1614 598 1687 626 Prm-

904 637 976 660 tcrea
989 634 1096 668 justitia
1118 641 1160 663 est
1183 637 1392 672 primogenitus,
1407 644 1434 667 et
1451 642 1643 674 sanctificatio,
1661 649 1688 671 ct

903 679 1035 711 Charitas.
1062 686 1089 708 et
1109 683 1271 718 redemptio,
1296 686 1323 711 el.
1339 686 1391 712 alia
1414 687 1559 721 ejusmodi.
1582 689 1692 721 Quibus

902 725 924 751 si
941 725 994 752 vita
1021 727 1083 754 item
1107 733 1201 755 nostra
1218 729 1299 757 fuerit
1317 731 1457 767 insignita,
1474 733 1545 760 adeo
1557 735 1689 769 praaclara

901 771 1082 805 przcbebimns
1099 778 1199 801 nostrae
1224 776 1373 804 nobilitatis
1396 777 1506 811 indicia,
1524 784 1562 811 ut,
1577 779 1623 813 qui
1641 780 1685 806 illa

901 818 1094 850 conspexerint
1108 818 1134 845 in
1154 825 1245 846 nostra
1267 821 1333 853 vita,
1350 822 1401 857 ipsi
1415 830 1524 858 quoque
1540 832 1590 851 nos
1607 823 1686 851 Clu-i-

56 851 245 885 d;opi§ovtog.
276 853 355 881 Ἀλλὰ
380 855 427 881 καὶ
452 855 608 892 δικαιοσύνη
625 859 671 884 καὶ
688 859 819 895 ἁγιασμὸς
836 862 845 888 ἐ

901 861 935 888 sti
947 861 1047 889 fratres
1069 871 1141 895 esse,
1168 865 1223 891 sint
1247 870 1331 894 testes
1348 851 1444 895 futuri.
1465 851 1523 902 Ipse
1544 869 1616 896 enim
1643 874 1690 897 est

55 897 233 930 πρωτότοκός
256 900 324 930 ἐστι,
346 901 391 927 καὶ
406 901 510 936 ἀγάπη,
528 903 575 929 καὶ
590 903 787 939 ἀπολύτρωσις,
803 908 850 934 καὶ

54 940 90 967 τά
103 942 229 970 τοιαῦτα.
245 943 349 970 Οὐκοῦν
366 945 390 971 ει
412 944 454 971 διὰ
471 945 525 972 τῶν
539 946 666 973 τοιούτων
683 947 730 974 καὶ
749 950 762 975 ό
778 951 844 984 ἡμέ-

54 995 135 1021 τερος
160 989 391 1024 χαρακτηρίζοιτο
412 990 479 1025 βίος,
495 992 597 1027 ἐναργῆ
614 994 787 1029 παρεξόμεθα
799 996 849 1031 τῆς

53 1032 198 1066 εὐγενείας
214 1035 230 1069 ὴ
236 1035 293 1069 μῶν
309 1035 343 1062 τὰ
367 1036 553 1072 γνωρίσματα,
574 1038 643 1065 ὥστε
658 1040 703 1066 τὸν
718 1039 804 1067 ταῦτα
818 1041 848 1067 ἐν

53 1077 86 1112 τῇ
103 1076 161 1113 ζωῇ
177 1078 336 1114 καθορῶντα
350 1082 382 1115 τῇ
398 1081 530 1117 ἡμετέρᾳ,
547 1086 767 1120 προσμαρτυρεῖν
782 1085 847 1120 ἡμῖν

898 906 945 940 qui
961 909 1174 936 resurrectionis
1189 911 1269 938 nobis
1286 912 1391 939 aditum
1405 914 1542 948 patefecit,
1561 918 1588 941 et
1606 914 1641 941 ob
1655 915 1683 942 id

898 950 1025 985 primitiae
1041 951 1234 981 dormientium
1251 954 1339 984 factus
1354 962 1405 984 est.
1420 956 1474 985 Nos
1491 958 1572 993 igitur
1588 966 1684 986 onmes

897 1001 1101 1025 resurrecturus
1127 999 1153 1025 in
1179 1000 1232 1029 ictu
1256 1003 1326 1028 oeuli
1356 1003 1387 1030 in
1409 1004 1556 1031 novissima
1585 1005 1650 1031 tuba
1661 1005 1684 1021 “

897 1049 946 1077 per
956 1050 987 1070 ea
1000 1043 1208 1078 demonstravit,
1228 1051 1283 1073 tum
1305 1056 1365 1082 qua:
1384 1049 1411 1075 in
1432 1049 1535 1083 seipso,
1550 1054 1606 1077 tum
1623 1058 1688 1086 quas

902 1087 928 1114 in
942 1089 1050 1116 caeteris
1065 1090 1113 1124 qui
1133 1098 1147 1117 a
1162 1097 1249 1118 morte
1265 1094 1437 1125 tenebantur,
1450 1094 1549 1122 effecit.

52 1122 102 1157 τὴν
121 1123 191 1158 πρὸς
208 1124 254 1151 τὸν
276 1126 391 1160 Χριστὸν
404 1127 580 1163 ἀδελφότητα.
598 1129 683 1161 Αὐτὸς
697 1130 751 1166 γάρ
771 1131 845 1157 ἐστιν
863 1131 877 1157 ὁ
891 1132 999 1165 ἀνοίξας
1023 1122 1089 1169 ἡμῖν
1106 1136 1154 1178 τήν
1171 1136 1255 1171 θύραν
1272 1138 1321 1173 τῆς
1343 1122 1526 1172 ἀναστάσεως,
1560 1142 1606 1167 καὶ
1640 1141 1685 1168 διὰ

51 1170 133 1197 τοῦτο
142 1171 256 1207 ἀπαρχὴ
268 1172 322 1199 τῶν
336 1176 542 1210 κεκοιμημένων
551 1177 703 1211 γενόμενος.
720 1177 782 1205 ’Ότι
813 1179 862 1213 μὲν
880 1178 926 1206 οὖν
942 1180 1040 1213 πάντες
1054 1170 1263 1218 ἀναώησόμεθα
1279 1170 1307 1211 ἐν
1321 1186 1422 1222 ἀτόμῳ,
1439 1188 1468 1213 ὲν
1484 1170 1554 1223 ῥοπῇ
1587 1187 1686 1221 tum.

53 1217 118 1252 μοῦ,
140 1218 171 1244 ὲν
192 1220 226 1253 τῇ
250 1220 352 1256 ἐσχάτῃ
372 1221 500 1256 σάλπιγγι
514 1231 521 1237 ·
538 1222 616 1249 τοῦτο
632 1223 741 1256 ἔδειξεν,
762 1223 802 1256 οἷς
815 1233 845 1251 τε
864 1226 906 1260 ἐφ’
920 1227 1016 1256 ἑαυτοῦ
1032 1229 1078 1258 καὶ
1095 1228 1135 1261 οἷς
1208 1231 1262 1258 τῶν
1278 1217 1389 1264 λοιπῶν,
1400 1217 1460 1261 ’τῶν
1473 1217 1525 1263 άπὸ
1541 1217 1614 1260 "rei.
1635 1234 1684 1260 θαη-

51 1263 134 1289 νάτου
157 1265 359 1299 κρατηθέντων,
374 1268 510 1302 ἐποίησεν.

86 1311 126 1336 οὺ
155 1311 210 1347 μὴν
238 1313 282 1347 ἴση
305 1314 469 1346 κατάστασις
485 1316 514 1342 ὲν
538 1316 576 1351 τῷ
601 1317 670 1352 μετὰ
688 1317 774 1345 ταῦτα
797 1319 846 1353 βιῳ

51 1355 160 1388 πάντας
183 1358 247 1389 τοὺς
272 1359 303 1385 ἐκ
320 1359 366 1385 τοῦ
382 1361 432 1395 τῆς
457 1361 508 1396 γῆς
528 1362 655 1397 χώματος
677 1364 846 1395 ἀναστάντας

50 1402 204 1434 ἐκδέξεται,
218 1403 285 1430 ἀλλὰ
309 1414 318 1430 ‹
334 1406 533 1441 Πορευσόμεθα,
546 1418 554 1433 ι
573 1408 666 1443 φησὶν,
684 1410 727 1435 «οἱ
746 1410 795 1444 μὲν
813 1410 846 1437 τά

50 1447 144 1481 ἀγαθά
166 1449 349 1483 ποιήσαντες,
369 1452 409 1483 είς
427 1452 573 1480 ἀνάστασιν
594 1453 686 1489 ζωῆς·
709 1456 734 1481 oi
761 1455 789 1481 δὲ
812 1455 847 1484 τὰ

51 1492 145 1526 φαῦλα
163 1494 323 1528 πράξαντες,
339 1496 379 1527 εἰς
392 1497 538 1525 ἀνάστασιν
555 1498 680 1534 κρίσεως.
697 1509 706 1525 ι
726 1500 806 1526 Ὥστε
821 1500 848 1526 εἴ

50 1547 126 1570 τινος
141 1539 212 1574 πρὸς
232 1540 280 1575 τὴν
306 1541 422 1576 φοϐεράν
449 1542 556 1577 ἐκείνην
581 1544 742 1579 κατάκρισιν
760 1545 774 1571 ό
789 1545 845 1580 βίος

51 1584 147 1618 βλέπει
162 1594 169 1600 ”
194 1582 280 1618 οὗτος,
305 1587 358 1613 κᾶν
378 1587 424 1614 διὰ
444 1588 493 1623 τῆς
506 1588 607 1615 ἄνωθεν
623 1590 774 1625 γεννήσεως
789 1592 844 1622 τοίς

49 1630 179 1664 ἀδελφοῖς
202 1631 249 1657 τοῦ
270 1632 370 1667 Κυρίου
394 1633 642 1669 συναριθμούμενος
662 1635 741 1671 τύχῃ.
758 1644 843 1663 κατα-

49 1676 181 1709 ψεύδεται
195 1677 243 1703 τοῦ
264 1678 403 1713 ὀνόματος,
420 1680 449 1706 ἐν
464 1681 496 1715 τῇ
513 1682 603 1716 μορφῇ
621 1681 669 1716 τῆς
683 1682 782 1713 κακίας
797 1683 845 1717 τὴν

51 1722 123 1757 πρὸς
138 1723 185 1749 τὸν
208 1724 378 1759 πρωτότοκον
392 1727 549 1761 ἀγχιστείαν
573 1726 747 1761 ἀρνούμενος.
772 1728 801 1753 '0
815 1728 843 1755 δὲ

52 1767 170 1802 μεσίτης
183 1768 251 1794 Θεοῦ
267 1769 314 1795 καὶ
335 1770 495 1805 ἀνθρώπων,
511 1772 524 1797 ό
538 1771 572 1797 δι’
587 1771 684 1801 ἑαυτοῦ
701 1773 843 1800 συνάπτων

50 1812 91 1847 τῷ
103 1813 166 1848 Θεῷ
180 1814 210 1840 τὸ
225 1814 403 1849 ἀνθρώπινον,
418 1817 505 1842 ὲκεῖνο
525 1816 653 1843 συνάπτει
668 1817 758 1852 μόνον,
775 1818 843 1853 ὅπερ

51 1858 87 1884 ἂν
99 1858 153 1893 τῆς
165 1859 234 1894 πρὸς
243 1860 308 1887 Θεὸν
325 1862 463 1896 συμφυΐας
479 1861 552 1894 ἄξιον
621 1862 726 1898 ’Ὠσπερ
738 1860 784 1889 οὖν
799 1862 844 1889 τὸν

50 1904 153 1930 ἑαυτοῦ
178 1905 320 1940 ἀνθρωπον
341 1908 374 1942 τῇ
395 1907 507 1942 δυνάμει
536 1908 584 1942 τῆς
605 1907 729 1943 θεότητος
754 1908 843 1946 ἑαυτῷ

51 1949 258 1984 προσῳκείωσε,
276 1951 357 1986 μέρος
376 1952 424 1986 μὲν
436 1952 485 1987 τῆς
501 1952 594 1986 κοινῆς
608 1952 714 1986 φύσεως
727 1952 801 1985 ὄντα,
812 1953 842 1983 οὐ

53 1994 109 2030 μὴν
123 1996 181 2027 τοῖς
197 1995 310 2023 πάθεσιν
324 1997 537 2024 ὑποπεπτωκότα
549 1997 599 2032 τῆς
614 1997 721 2032 φύσεως
736 1999 792 2029 τοῖς
803 1999 842 2029 είς

50 2039 193 2075 ἁμαρτίαν
209 2041 417 2076 ὲκκαλουμὲνοις
432 2042 441 2077 (
457 2051 465 2067 ι
477 2042 626 2077 ’Δμαρτίαν
640 2053 648 2068 ι
670 2043 733 2078 ῂρ,
750 2043 842 2078 φησὶν,

52 2094 63 2110 ι
78 2085 132 2112 οὐκ
147 2086 286 2122 ἐποίησεν,
301 2087 361 2113 οὐδὲ
386 2087 484 2123 εὑρέθη
514 2088 589 2120 δόλος
613 2089 641 2114 ὲν
667 2088 706 2123 τῷ
730 2088 843 2123 στόματι

50 2130 138 2157 αὑτοῦ
159 2140 168 2156 ι
184 2130 204 2165 )’
230 2131 301 2158 οὕτω
317 2131 438 2163 καὶτοὺς
451 2133 510 2159 καθ’
523 2133 636 2161 ἕκαστον
656 2132 785 2168 προσάξει
808 2133 841 2167 τῇ

932 1318 1030 1346 Verum
1045 1319 1071 1347 in
1085 1328 1116 1348 ea
1133 1329 1193 1356 quae
1205 1321 1295 1349 futura
1311 1326 1353 1350 est
1368 1324 1421 1351 vita
1437 1331 1489 1351 non
1505 1324 1574 1352 idem
1587 1333 1683 1354 omnes

895 1368 1001 1392 eterrze
1036 1367 1143 1394 tumulo
1174 1372 1319 1403 surgentes
1354 1369 1455 1404 excipit
1487 1374 1595 1402 status,
1632 1373 1679 1399 sed

897 1418 906 1434 ι
924 1409 1013 1441 Ibunt,
1035 1420 1044 1436 ι
1072 1411 1172 1446 inquit,
1192 1413 1261 1447 «qui
1281 1413 1351 1440 bona
1373 1414 1507 1445 fecerunt,
1536 1414 1565 1442 in
1586 1422 1681 1443 resur-

895 1455 1044 1482 rectionem
1058 1457 1130 1487 vitm,
1147 1458 1192 1492 qui
1210 1465 1272 1485 vero
1292 1459 1361 1485 mala
1389 1463 1510 1494 egerunt,
1540 1460 1568 1486 in
1592 1467 1683 1488 resur-

897 1499 1046 1527 rectionem
1056 1500 1153 1534 judicii
1165 1501 1196 1528 ⁸¹.
1214 1511 1223 1527 ι
1239 1502 1421 1535 Quamobrem
1443 1503 1466 1531 si
1482 1503 1562 1538 cujus
1579 1504 1634 1531 vita
1648 1505 1682 1532 ad

897 1544 1095 1572 formidandam
1121 1546 1195 1573 illam
1228 1551 1334 1581 spectat
1364 1547 1630 1581 condemnationem,
1659 1549 1682 1577 is

897 1589 1005 1616 tametsi
1034 1596 1083 1624 per
1111 1591 1345 1624 regenerationem
1371 1592 1404 1619 ad
1430 1592 1543 1619 fratrum
1575 1593 1686 1621 Domini

896 1641 1038 1663 numerum
1056 1634 1127 1662 forte
1141 1635 1278 1670 ascriptus
1299 1637 1345 1668 sit,
1364 1644 1462 1663 nomen
1476 1637 1634 1672 ementitur,
1653 1639 1682 1665 in

895 1680 1005 1707 malitize
1024 1680 1109 1707 forma
1133 1681 1236 1709 nullam
1253 1689 1316 1708 cum
1339 1682 1522 1717 primogenito
1542 1685 1681 1718 cognatio-

895 1733 955 1752 nem
971 1723 1034 1761 prae'
1049 1733 1078 1753 se
1098 1726 1199 1755 ferens.
1223 1727 1356 1755 Mediator
1375 1731 1466 1755 antem
1482 1728 1529 1756 Dei
1550 1733 1578 1757 et
1594 1730 1682 1758 homi-

895 1778 970 1802 num,
985 1771 1032 1805 qni
1057 1779 1104 1806 per
1119 1772 1240 1807 soipsum
1264 1780 1351 1808 genus
1369 1772 1517 1802 humanum
1539 1775 1682 1811 coniungit

899 1815 963 1849 Deo,
985 1817 1074 1844 solum
1095 1818 1161 1845 illud
1182 1819 1326 1853 conjungit
1340 1819 1411 1853 quod
1435 1827 1466 1846 ea
1487 1820 1682 1855 conjunctione

894 1861 931 1888 sit
948 1861 1071 1895 dignum.
1087 1862 1321 1895 Quemadmodum
1347 1863 1447 1892 virtute
1473 1864 1566 1890 divina
1591 1864 1681 1892 homi-

895 1915 957 1936 nem
973 1908 1071 1941 induit,
1086 1913 1199 1938 ealenus
1214 1909 1324 1943 quidem
1334 1909 1459 1936 humana:
1476 1914 1581 1937 natum
1596 1911 1680 1945 parti-

894 1953 992 1987 cipem,
1016 1960 1044 1980 ut
1056 1954 1139 1981 nullis
1156 1958 1261 1981 natura:
1277 1955 1528 1989 perturbationibus
1540 1956 1572 1984 ad
1584 1964 1680 1993 pecca-

895 2002 950 2024 tum
962 1999 1146 2026 excitantibus
1157 2000 1325 2034 subjaceret:
1341 2008 1350 2025 ι
1363 1999 1506 2028 Peccatum
1519 2010 1528 2026 ι
1543 2002 1627 2034 enim,
1638 2003 1679 2029 in-

895 2044 963 2078 quit.
975 2053 984 2069 ι
998 2052 1052 2071 non
1064 2043 1139 2076 fecit,
1150 2052 1200 2074 uec
1211 2045 1338 2073 inventus
1346 2046 1565 2074 estdolusinore
1576 2047 1651 2081 ejus:
1666 2057 1676 2075 ι

895 2089 936 2115 sic
956 2089 1081 2116 homines
1097 2089 1222 2124 singulos
1239 2088 1273 2116 ad
1289 2089 1440 2117 divinitatis
1454 2091 1678 2122 communionem

895 2134 1021 2166 adducet,
1043 2134 1065 2161 si
1091 2134 1158 2161 nihil
1181 2142 1213 2164 ea
1238 2134 1391 2163 divinitatis
1415 2136 1610 2171 conjunctione
1633 2136 1675 2163 in-

51 2176 189 2211 συναφείᾳ
201 2177 250 2211 τῆς
264 2176 400 2213 θεότητος,
417 2179 442 2204 εί
459 2179 542 2213 μηδὲν
554 2178 697 2213 ἐπάγοιντο
710 2179 759 2212 τῆς
774 2178 840 2214 πρὸς

898 2177 1008 2213 dignum
1022 2177 1148 2205 afferant.
1167 2176 1196 2205 Si
1212 2178 1274 2213 quis
1286 2179 1414 2206 nimirum
1427 2187 1489 2208 vere
1502 2179 1538 2207 sit
1547 2180 1677 2214 templum

51 2221 82 2247 τδ
91 2221 171 2247 Θεϊον
187 2223 332 2256 συναφείας
347 2223 464 2255 ἀνάξιον.
487 2223 556 2250 Ἀλλ’
574 2224 600 2250 εί
621 2233 661 2255 τις
676 2223 782 2258 ἀληθῶς
798 2223 840 2258 εἴη

51 2266 120 2293 Θεοῦ
135 2266 209 2299 ναὸς,
226 2268 308 2302 μηδὲν
331 2268 431 2300 κακίας
455 2269 562 2296 εἴδωλον
578 2270 624 2296 καὶ
648 2269 789 2304 ἀφίδρυμα
812 2270 841 2295 ἐν

52 2313 142 2348 ἑαυτῷ
159 2314 306 2348 περιέχων,
322 2312 398 2346 οὗτος
413 2315 465 2341 ὑπὸ
477 2315 523 2341 τοῦ
539 2316 647 2351 μεσίτου
662 2316 728 2351 πρὸς
744 2324 837 2350 μετου-

52 2361 113 2386 σίαν
134 2359 187 2394 τῆς
213 2360 338 2394 θεότητος
360 2361 612 2396 παραληφθήσεται,
630 2362 749 2397 καθαρὸς
765 2362 841 2396 γενό-

54 2414 132 2440 μενος
157 2406 227 2441 πρὸς
249 2405 298 2441 τὴν
323 2406 453 2442 ὑποδοχὴν
476 2407 524 2442 τῆς
540 2407 622 2433 αὑτοῦ
648 2407 839 2443 καθαρότητος.

52 2450 119 2477 Οὔτε
134 2451 190 2486 γὰρ
206 2452 246 2482 είς
260 2452 422 2486 κακότεχνον
443 2452 530 2488 ψυχὴν
550 2452 734 2479 εἰσελεύσεται.
749 2453 840 2486 σοφία,

52 2495 142 2527 καθὼς
151 2496 166 2522 ὁ
179 2495 258 2530 λόγος
275 2496 366 2531 φησὶν,
382 2496 443 2522 οὔτε
455 2498 469 2522 ὁ
483 2496 600 2532 καθαρὸς
613 2498 646 2532 τῇ
663 2497 760 2532 καρδία
779 2497 841 2523 ἄλλο

52 2547 76 2565 τι
89 2540 164 2575 παρὰ
177 2540 225 2566 τὸν
237 2539 304 2566 Θεὸν
317 2541 345 2566 ὲν
359 2541 448 2575 ἑαυτῷ
463 2541 556 2575 βλέπει
568 2549 574 2556 ⁸
622 2541 665 2567 διὰ
676 2542 724 2576 τῆς
736 2541 838 2576 ἀφθαρ-

53 2584 110 2614 σίας
127 2584 352 2620 προσκολληθεὶς,
370 2585 444 2617 ὲντὺς
460 2586 559 2612 ἑαυτοῦ
574 2587 663 2613 πᾶσαν
675 2586 723 2621 τὴν
732 2586 837 2621 ἀγαθὴν

53 2629 186 2662 βασιλείαν
201 2629 320 2662 ἐδέξατο.
343 2631 450 2657 Μᾶλλον
469 2632 492 2659 δ’
508 2631 541 2657 ἂν
557 2632 661 2665 γένοιτο
677 2633 741 2667 ἡμῖν
754 2641 837 2658 κατα-

52 2675 130 2708 φανὲς
142 2676 172 2702 τὺ
185 2675 342 2709 λεγόμενον,
358 2677 382 2702 εἰ
399 2677 448 2711 τὴν
464 2677 510 2703 τοῦ
525 2678 626 2712 Κυρίου
637 2678 739 2711 φωνὴν,
750 2678 783 2711 ἢν
795 2677 837 2703 διὰ

48 2721 95 2756 τῆς
111 2721 225 2756 Μαρίας
240 2721 309 2756 πρὸς
330 2723 392 2753 τοὺς
414 2723 577 2754 ἀποστόλους
594 2723 749 2757 πεποίηται,
769 2723 835 2758 πρὸς

78 2815 100 2830 ⁸⁹
120 2815 127 2842 l
148 2815 223 2844 l‘ctr.
242 2821 273 2846 tl,
290 2814 333 2841 22.

892 2223 950 2255 Dei,
967 2223 1129 2258 nullumque
1152 2223 1262 2256 malitia:
1284 2224 1461 2253 simulacrum
1489 2230 1536 2253 aut
1557 2230 1676 2255 statuam

891 2269 1040 2298 contineat.
1065 2270 1088 2296 is
1103 2277 1116 2295 a
1138 2269 1297 2301 mediatore,
1313 2273 1342 2296 ut
1365 2270 1517 2298 divinitatis
1532 2271 1670 2306 particeps

892 2314 954 2345 ﬁat,
978 2314 1146 2345 admittetur,
1167 2322 1229 2341 cum
1252 2323 1338 2350 purus
1362 2316 1397 2343 sit
1422 2320 1449 2343 et
1475 2316 1509 2343 ad
1530 2317 1677 2351 puritatem

892 2358 979 2393 ipsius
1003 2358 1205 2392 suscipiendam
1230 2358 1354 2386 idoneus.
1369 2358 1463 2393 Neque
1481 2359 1554 2386 enim
1573 2359 1598 2386 in
1616 2366 1675 2385 ma-

892 2404 1006 2430 levolam
1028 2404 1160 2436 animam,
1176 2407 1204 2429 ut
1221 2404 1353 2438 scriptum
1377 2408 1420 2430 est
1436 2404 1469 2436 “,
1486 2404 1611 2431 introibit
1633 2411 1677 2430 sa-

892 2450 1004 2484 pientia,
1020 2453 1046 2475 et
1060 2449 1106 2483 qui
1123 2449 1242 2477 mundus
1268 2454 1309 2476 est
1334 2449 1427 2481 corde,
1444 2449 1513 2476 nihil
1534 2449 1561 2476 in
1586 2449 1677 2483 scipso

892 2498 991 2529 prater
1007 2494 1089 2521 Deum
1103 2495 1211 2523 videns.
1227 2495 1441 2529 incorrupteque
1455 2495 1506 2529 ipsi
1522 2496 1674 2525 cohaerens,

892 2547 973 2567 omne
992 2540 1093 2569 bonum
1117 2547 1230 2573 regnum
1252 2541 1279 2566 in
1305 2547 1335 2567 se
1354 2540 1468 2577 accepit.
1494 2540 1626 2567 Caeterum
1648 2539 1675 2565 id

891 2586 964 2620 quod
990 2586 1063 2618 dico,
1085 2587 1171 2621 magis
1194 2587 1367 2620 perspicuum
1387 2587 1443 2617 fiet.
1466 2587 1489 2614 si
1514 2586 1594 2613 verba
1614 2593 1675 2619 quae

893 2631 1024 2658 Dominus
1046 2632 1177 2666 apostolis
1208 2639 1255 2665 per
1282 2631 1394 2658 Mariam
1424 2631 1544 2662 numiari
1575 2631 1672 2662 voluit,

892 2677 1127 2704 considerabimus
1143 2687 1149 2703 ι
1168 2687 1176 2701 ι
1196 2677 1332 2708 Ascendo,
1346 2687 1354 2702 ι
1371 2678 1469 2711 inquit,
1489 2685 1497 2700 ι
1516 2675 1547 2701 ad
1567 2675 1672 2706 Patrem

892 2730 980 2749 meum
993 2726 1020 2749 ct
1034 2722 1140 2749 Patrem
1154 2726 1285 2754 vestrum.
1301 2728 1327 2750 et
1345 2722 1428 2749 Deum
1442 2729 1530 2748 meum
1544 2727 1568 2747 et
1588 2716 1671 2747 Deum

373 2814 415 2841 eol
431 2815 483 2842 Cor
510 2824 552 2847 λν,
570 2817 611 2844 52.
651 2818 671 2832 θ’
684 2818 760 2844 Joan.
774 2826 799 2848 ν,
815 2818 858 2844 9.9.
901 2820 921 2834 5‘
943 2818 1007 2847 Sun.
1026 2818 1084 2849 1,4.
