1922 3078
81 99 132 128 331

579 98 623 126 DE
652 97 833 127 PERFECTA
861 96 1059 126 CHRISTIANI
1088 98 1220 126 FOBMA.

1659 96 1714 124 282

83 157 140 192 ζωὴ
166 156 276 187 πάντως
303 157 351 183 καὶ
375 157 406 183 τὸ
427 158 495 191 μετὰ
519 156 568 192 τὴν
590 156 677 192 ἀρχὴν
704 156 781 183 ἔσται
801 155 875 183 νοού-

939 163 981 182 am
1002 155 1168 190 principium
1190 153 1338 186 deﬁnierit,
1356 153 1410 180 vita
1433 154 1545 180 omnino
1559 158 1622 188 post
1637 153 1713 187 priu-

85 211 163 238 μενον
175 211 182 216 ·
207 204 256 228 καὶ
278 204 303 229 εἰ
326 202 385 236 φῶς
401 203 418 238 ἡ
436 202 517 238 ἀρχὴ,
545 202 603 237 φῶς
619 202 667 229 καὶ
686 202 717 228 τὸ
741 202 810 237 μετὰ
826 202 876 236 τὴν

84 249 169 284 ἀρχὴν
185 248 361 283 νοηθήσεται,
386 248 418 274 Τί
444 246 490 274 οὖν
505 247 550 274 διὰ
571 247 618 274 τοῦ
635 247 772 274 πιστεύειν
796 246 877 273 αὑτὸν

85 292 151 320 εἶναι
177 294 267 329 ἀρχὴν
294 293 497 328 ὼφελούμεθας
529 293 565 319 Τὸ
590 293 716 327 γενέσθαι
740 293 877 324 τοιούτους

85 342 167 376 ἡμᾶς,
179 341 237 366 οἷαν
255 339 325 366 εἶναι
339 341 389 375 τὴν
405 339 490 374 ἀρχὴν
501 339 579 374 ήμῶν
593 339 824 373 πεπιστεύκαμεν.
839 338 877 364 Οὺ

85 387 138 420 γὲρ
150 386 262 416 σκότους
275 386 347 420 ἀρχὴ
361 386 391 411 τὸ
399 385 457 419 φῶς
469 384 632 419 ὀνομάζεται
645 393 652 400 ο
671 385 732 410 οὐδὲ
744 384 795 418 τῆς
806 384 878 418 ζωῆς

85 434 125 463 εὶς
138 433 227 466 ἀρχὴν
243 432 413 466 τεταγμένης
426 451 433 462 ,
455 431 499 457 τὸν
517 431 630 457 θάνατον
655 430 685 456 τὸ
703 430 812 465 συνεχὲς
829 430 877 464 τῆς

86 477 159 511 ζωῆς
175 477 340 511 ὲνοήσαμεν.
370 476 438 502 Ἀλλ’
463 476 487 501 εἰ
506 475 542 510 μή
564 483 606 506 τις
621 474 748 509 ὁμοφυῶς
765 474 832 508 πρὸς
848 474 878 500 τὸ

85 522 292 557 καθηγούμενον
306 522 373 556 ἔχοι,
386 521 419 548 δι’
434 521 568 552 ἀπαθείας
583 521 629 547 καὶ
644 521 745 555 ἀρετῆς
760 521 791 555 τῇ
806 520 877 555 ἀρχῇ

87 568 301 602 ουναπτόμενος,
329 568 379 593 οὐκ
405 566 437 593 ἂν
460 566 564 600 γένοιτο
578 565 671 592 τούτου
692 565 779 601 ἀρχὴ,
792 567 808 600 ἡ
823 565 878 591 τῶν

86 614 172 640 ὄντων
196 614 280 649 ἀρχή.
306 611 447 639 Σκοτεινοῦ
476 612 551 647 βίου,
579 613 593 637 ὁ
615 611 814 646 κοσμοκράτωρ
831 609 878 637 τού

89 660 213 690 σκότους,
233 659 304 694 ἀρχή
318 667 324 673 ·
337 658 386 692 τῆς
403 658 590 692 θανατηφόρου
613 657 758 692 ἁμαρτίας,
779 657 793 682 ὁ
810 655 879 690 ἔχων

87 705 135 731 τοῦ
151 704 267 731 θανάτου
283 703 314 730 τὸ
329 704 438 738 κράτος.
463 703 520 728 Οὐκ
534 702 606 728 ἔστιν
621 700 666 728 οὖν
679 701 722 727 διὰ
741 700 880 736 μοχθηρᾶς

89 751 163 785 ζωῆς
180 751 233 776 ὑπὸ
247 751 297 785 τὴν
313 749 360 776 τοῦ
385 748 496 779 σκότους
518 747 604 783 ἀρχὴν
625 747 808 781 τεταγμένον,
831 747 880 781 τὴν

88 797 192 828 παντὸς
207 796 309 830 ἀγαθοῦ
321 796 407 831 ἀρχὴν
422 795 517 822 ἑαυτοῦ
533 792 601 820 εἷναι
615 792 703 826 λέγειν
717 793 802 827 ἀρχὴν
812 801 819 807 ·
832 792 882 826 τῆς

87 841 117 867 δὲ
133 841 219 875 αὑτῆς
233 841 323 875 ἔχεται
339 840 457 871 διανοίας
470 859 477 871 ,
502 840 558 870 τοῖς
574 839 644 874 πρὸς
659 838 688 864 τὸ
704 837 768 864 ἵδιον
781 837 883 871 ἀγαθὸν
897 835 919 865 Β

88 888 140 919 τὰς
160 887 235 918 θείας
252 887 342 921 φωνὰς
357 885 559 921 ὲκλαμὸἀνουσι
574 904 582 915 ,
606 884 636 910 τὸ
653 885 700 910 καὶ
716 883 828 918 βασιλέα
844 883 883 909 δι-

89 933 240 968 καιοσύνης
253 941 282 959 τε
297 933 342 959 καὶ
354 932 464 967 εἰρήνης
474 931 554 957 αὐτὸν
565 929 753 965 ὀνομάζεσθαι.
776 928 807 956 Ὀ
817 929 883 964 γὰρ,

89 978 161 1006 κατὰ
176 979 226 1014 τὴν
241 978 414 1004 διδασκαλίαν
426 978 475 1012 τῆς
491 977 658 1012 προσευχῆς,
676 976 762 1002 ἐλθεῖν
778 975 821 1002 ἐπ’
834 975 883 1001 αὑ-

89 1025 138 1051 τὸν
158 1025 210 1060 τὴν
235 1024 282 1050 τοῦ
306 1024 373 1050 Θεοῦ
398 1023 535 1058 βασιλείαν
556 1022 711 1058 εὐχόμενος,
735 1021 828 1056 μαθὼν
843 1021 884 1047 ὅτι

89 1071 266 1106 δικαιοσύνης
281 1079 310 1097 τε
325 1070 372 1097 καὶ
386 1071 495 1105 εἰρήνης
517 1070 575 1096 ἐστὶ
592 1069 718 1104 βασιλεὺς
731 1068 746 1095 ὁ
759 1067 884 1103 ἀληθινὸς

91 1117 243 1152 βασιλεὺς,
273 1116 441 1152 κατορθώσει
475 1116 583 1147 πάντως
616 1115 654 1150 τῷ
681 1115 739 1150 ἰδίῳ
762 1114 812 1150 βίῳ
835 1113 885 1148 τὴν

90 1163 265 1198 δικαιοσύνην
280 1171 310 1189 τε
326 1163 373 1189 καὶ
385 1163 506 1198 εἰρήνην,
528 1162 570 1188 ἵνα
586 1160 743 1196 βασιλεύσῃ,
759 1159 853 1191 αἰτῶν,
870 1160 885 1186 6

89 1209 142 1244 τῆς
158 1208 334 1243 δικαιοσύνης
352 1208 478 1244 βασιλεὺς
499 1208 548 1234 καὶ
566 1208 615 1242 τῆς
636 1207 756 1242 εἰρήνης.
781 1205 886 1232 Οὐκοῦν

92 1255 210 1290 στρατὸς
229 1255 278 1290 μὲν
289 1255 389 1281 νοεῖται
406 1254 452 1280 τοῦ
467 1253 610 1288 βασιλέως,
626 1253 701 1278 πᾶσα
717 1251 801 1287 ἀρετή
816 1260 821 1266 ·
841 1250 886 1277 διὰ

91 1302 148 1338 γὰρ
173 1302 225 1336 τῆς
248 1300 420 1335 δικαιοσύνης
441 1308 471 1326 τε
497 1300 544 1326 καὶ
566 1299 678 1334 εἰρήνης
705 1298 793 1329 πάσας
808 1294 886 1332 οἶμαι

91 1347 147 1373 δεῖν
161 1346 211 1378 τὰς
225 1347 325 1381 ἀρετὰς
341 1347 410 1372 νοεῖν
424 1353 430 1360 ·
447 1345 474 1371 εῐ
484 1353 526 1376 τις
541 1342 587 1371 οὖν
603 1343 819 1377 λειποτακτήσας
833 1342 886 1368 ἀπὸ

91 1393 143 1428 τῆς
160 1391 208 1419 τοῦ
225 1392 292 1418 Θεοῦ
310 1391 439 1427 στρατιᾶς
450 1410 457 1423 ,
481 1392 514 1426 τῇ
530 1389 682 1425 παρατάξει
698 1389 752 1415 τῶν
768 1387 886 1423 ἀλλοφύ-

91 1438 149 1465 λῶν
174 1438 270 1464 ἑαυτὸν
297 1436 474 1470 καταλέξειε,
498 1435 544 1462 τοῦ
575 1435 685 1471 εὑρὲτου
714 1435 763 1470 τῆς
789 1434 887 1465 κακίας

93 1484 210 1519 ὁπλίτης
234 1483 393 1518 γενόμενος,
417 1483 463 1509 καὶ
488 1481 691 1516 ἀποδυσάμενος
714 1480 760 1506 τὸν
776 1480 887 1515 θώρακα

93 1532 144 1566 τῆς
159 1530 341 1565 δικαιοσύνης,
360 1528 406 1556 καὶ
430 1530 520 1556 πᾶσαν
535 1527 585 1563 τὴν
609 1526 749 1562 είρηνικὴν
770 1535 887 1553 παντευ-

94 1577 158 1611 χίαν
171 1584 178 1591 ο
195 1574 254 1606 πῶς
268 1571 344 1606 οὗτος
359 1574 411 1600 ὑπὸ
426 1573 472 1599 τὸν
484 1572 594 1607 βασιλέα
608 1572 657 1606 τῆς
670 1572 780 1607 είρήνης
791 1570 889 1606 ταχθή-

96 1631 184 1655 σεται,
200 1621 332 1657 ῥίψασπις
346 1620 394 1655 τῆς
406 1619 534 1655 ἀληθείας
549 1618 692 1653 γενόμενος
705 1626 711 1650 ;
727 1618 810 1652 Δῆλον
824 1617 888 1653 γὰρ,

95 1669 136 1696 δτι
151 1668 181 1694 τὸ
200 1667 334 1702 ἐπίσημον
348 1665 429 1692 αὑτοῦ
453 1665 502 1700 τῆς
515 1664 648 1696 ὁπλίσεως
662 1663 742 1696 δείξει
756 1663 800 1689 τὸν
815 1663 890 1698 βασι-

93 1714 220 1746 λεύοντα,
238 1713 298 1739 ἀντὶ
310 1713 360 1747 τῆς
377 1710 662 1746 ὲνσκιογραφουμένης
679 1711 735 1741 τοῖς
747 1709 838 1740 ὅπλοις
853 1709 891 1735 εί-

96 1761 176 1791 κὸνος
190 1760 219 1785 ὲν
236 1758 274 1793 τῷ
290 1757 442 1794 χαρακτῆρι
460 1756 507 1783 τοῦ
532 1756 589 1791 βίου
612 1755 741 1782 δεικνύων
762 1754 807 1781 τὸν
824 1754 891 1781 καθ-

95 1806 260 1842 ηγούμενον.
282 1805 325 1837 Ὡς
349 1804 484 1839 μακάριος
504 1803 618 1834 ἐκεῖνος,
641 1803 654 1828 ό
674 1801 726 1829 ὑπὸ
748 1801 797 1837 τὴν
817 1801 892 1828 Θείαν

96 1851 266 1887 στρατηγίαν
289 1849 453 1885 τεταγμένος
466 1869 474 1881 ,
499 1849 546 1875 καὶ
572 1849 627 1880 τοῖς
649 1849 769 1883 τάγματι
790 1847 843 1874 τῶν
863 1848 893 1874 ἐν

99 1898 231 1933 μυριάσιν
245 1896 453 1931 ἀριθμουμένων
466 1893 684 1929 κατειλεγμένος,
699 1894 747 1920 καὶ
763 1893 830 1928 μετὰ
843 1893 893 1928 τῆς

97 1943 198 1975 κακίας
213 1942 256 1969 διὰ
270 1943 324 1968 τῶν
339 1941 444 1978 ἀρετῶν
466 1941 642 1975 όπλιζόμενος
652 1960 659 1972 ,
677 1940 705 1967 αῖ
729 1939 778 1975 τὴν
803 1940 894 1967 εἰκόνα

97 1989 147 2016 τοῦ
160 1988 302 2024 βασιλείοις,
314 1987 361 2015 τοῦ
374 1987 553 2022 ἐνδυσαμένου
564 1986 660 2017 αὑτὰς,
674 1985 892 2021 ὲνσημαίνονται.

98 2036 156 2063 Καὶ
167 2034 194 2062 τί
206 2036 258 2070 χρὴ
273 2035 427 2070 περαιτέρω
439 2033 484 2060 τὸν
499 2033 577 2067 λόγον
590 2032 732 2068 προάγειν,
745 2032 835 2063 πάσας
845 2032 894 2063 τὰς

101 2082 213 2116 φωνὰς,
238 2078 287 2114 αῖς.
305 2080 334 2106 τδ
358 2079 405 2105 τοῦ
430 2079 548 2114 Χριστοῦ
576 2078 780 2113 διερμηνεύεται
798 2078 894 2112 ὄνομα,

101 2127 266 2162 προτιθέντα
279 2127 311 2161 τῇ
327 2125 470 2160 ἀκολουθίᾳ
483 2125 534 2159 τῆς
556 2124 716 2157 ἐξετάσεως,
737 2124 772 2150 δι’
786 2120 822 2150 ὧν
837 2123 895 2149 ἐστι

927 201 1031 235 cipium
1055 201 1234 235 intelligetur.
1259 199 1287 226 Si
1308 199 1353 226 lux
1368 202 1410 226 est
1431 200 1609 234 principium,
1636 202 1663 226 et
1682 206 1714 225 ea

928 251 990 282 post
1001 242 1165 282 principium
1187 245 1363 280 cogitabitur.
1381 245 1450 277 Quid
1465 245 1550 280 igitur
1562 252 1624 272 eum
1641 245 1714 279 pri-n-

928 294 1028 328 cipium
1049 300 1110 320 csse
1134 292 1278 319 credentes
1299 291 1493 325 assequimur?
1517 290 1543 317 Id
1567 290 1713 322 nimirum.

928 343 958 366 ut
985 339 1056 366 tales
1080 339 1178 368 simus.
1202 337 1283 372 quale
1308 336 1472 371 principium
1502 339 1625 362 nostrum
1655 343 1716 362 esse

928 384 1105 411 credidimus.
1134 384 1227 418 Neque
1249 383 1322 410 enim
1348 382 1519 409 tenebrarum
1551 381 1715 416 principium

929 432 974 458 lux
994 431 1111 462 dicitur;
1139 436 1239 463 neque,
1266 436 1328 454 cum
1350 428 1384 454 ad
1415 427 1580 462 principium
1602 427 1656 452 vita
1680 425 1717 453 sit

929 475 1054 504 instituta
1077 480 1159 510 atque
1184 475 1299 506 directa,
1312 481 1375 500 eum
1391 473 1517 500 ordinem
1534 475 1560 499 et
1575 471 1637 498 vitae
1651 479 1717 498 eon-

929 522 1109 550 tiuuationem
1126 524 1241 547 mortem
1262 526 1322 547 esse
1342 518 1500 545 didicimus.
1523 517 1600 550 Quod
1614 517 1636 544 si
1654 517 1717 551 quis

931 572 1035 596 naturae
1049 566 1229 595 similitudine
1242 573 1294 592 non
1314 567 1446 599 sequatur
1456 563 1633 598 principium,
1644 561 1718 596 quod

930 613 1071 650 praecedit.
1097 614 1178 646 eique
1198 615 1260 646 apte
1279 610 1437 637 innocentia
1456 608 1612 641 virtuteque
1625 607 1717 633 colim—

930 665 1006 692 reat,
1028 659 1089 694 ejus
1108 658 1274 693 principium
1299 663 1360 683 esse
1386 662 1439 682 non
1472 653 1572 689 poterit
1601 652 1647 679 ille
1671 651 1720 686 qui

931 713 1022 733 rerum
1049 703 1216 739 principium
1243 706 1295 729 est.
1323 701 1455 728 Obscurat
1485 697 1720 730 tenebricosaaque

930 753 993 779 vita:
1015 750 1179 786 principium
1200 753 1242 776 est
1260 747 1355 774 mundi
1384 745 1465 773 istius
1486 744 1519 771 ac
1547 742 1720 770 tenebrarum

931 797 1086 832 princeps;
1111 793 1246 822 mortiferi
1275 792 1380 828 peccati
1403 790 1570 826 principium
1597 791 1640 816 est
1664 787 1720 818 ille,

933 842 980 878 qui
1005 842 1102 869 mortis
1126 840 1209 867 habet
1227 842 1402 874 potestatem.
1423 836 1527 863 Idcirco
1551 840 1606 861 non
1631 836 1722 868 potest

932 896 1006 921 eum,
1025 887 1071 921 qui
1098 887 1233 914 bonorum
1254 884 1375 912 oumimu
1390 881 1555 918 principium
1574 882 1628 910 est,
1643 877 1722 913 prin-

934 934 1035 968 cipium
1051 940 1130 960 suum
1145 939 1208 959 esse
1218 931 1321 961 dicere,
1338 929 1384 963 qui
1395 927 1447 955 sub
1459 926 1635 954 tenebrarum
1647 924 1722 958 prin-

935 980 1007 1014 cipio
1029 979 1163 1013 ﬂagitiose
1186 976 1269 1004 vitam
1292 974 1429 1008 instituit;
1449 973 1497 1007 qui
1520 979 1602 1000 voces
1614 970 1723 997 divinas

935 1027 968 1053 ad
984 1026 1120 1061 propriam
1134 1023 1279 1050 utilitatem
1295 1021 1446 1055 excipiunt,
1458 1019 1552 1046 eodem
1568 1017 1649 1044 modo
1664 1015 1724 1042 atti-

935 1071 989 1098 rnis
1007 1070 1168 1100 allicieuiur,
1191 1075 1254 1094 cum
1278 1066 1393 1101 iustitia:
1417 1063 1547 1099 pacisque
1561 1069 1651 1096 regem
1673 1068 1724 1087 no-

935 1117 1037 1144 minari
1060 1115 1202 1143 Christum
1229 1113 1392 1146 intelligent.
1409 1109 1518 1137 Etenim
1542 1108 1590 1143 qui
1613 1114 1647 1135 ex
1663 1114 1724 1141 pre-

936 1163 1016 1190 candi
1040 1161 1188 1196 disciplina
1209 1160 1349 1189 obsecrat,
1373 1162 1402 1184 ut
1432 1158 1460 1184 in
1481 1154 1603 1190 selpsum
1633 1151 1725 1180 veniat

936 1215 1050 1244 regnum
1070 1205 1191 1237 Domini,
1210 1211 1272 1231 cum
1294 1210 1355 1230 eum
1370 1202 1417 1237 qui
1434 1207 1498 1228 vere
1513 1203 1555 1227 est
1570 1206 1629 1228 rex.
1642 1196 1726 1231 justi-

937 1242 982 1282 tiae
1009 1258 1035 1280 et
1069 1252 1146 1288 pacis
1176 1258 1266 1286 regem
1294 1256 1356 1276 esse
1388 1245 1568 1283 cognoverit,
1592 1242 1726 1279 justitiam

937 1307 1052 1336 prorsus
1077 1302 1103 1326 ct
1128 1305 1222 1333 pacem
1249 1296 1277 1322 in
1303 1294 1415 1330 propria
1439 1294 1495 1320 vita
1517 1291 1726 1325 complectetur,

937 1334 968 1373 ut
985 1345 1012 1372 in
1030 1352 1058 1372 se
1072 1351 1118 1371 rex
1132 1342 1247 1378 justitite
1264 1344 1290 1367 et
1303 1340 1377 1375 pacis
1391 1341 1494 1372 regnet.
1511 1336 1588 1369 Quod
1605 1335 1628 1362 si
1643 1334 1727 1368 hujus

937 1391 1010 1426 regis
1029 1389 1178 1417 exercitum
1200 1387 1317 1414 virtutes
1342 1384 1446 1410 faciunt
1469 1382 1555 1417 (nam
1573 1379 1680 1415 juStitia
1700 1381 1728 1405 et

937 1423 1005 1472 pace
1028 1435 1146 1462 arbitror
1169 1433 1284 1459 virtutes
1305 1437 1401 1457 omnes
1425 1427 1577 1462 intelligi).
1605 1425 1651 1459 qui
1680 1423 1728 1451 Dei

939 1481 1062 1508 militiam
1083 1479 1214 1506 deserens
1240 1484 1270 1507 se
1293 1481 1422 1510 tanquam
1447 1472 1558 1500 malitia:
1577 1468 1728 1498 inventoris

939 1527 1068 1558 militem,
1083 1525 1190 1559 abjecto
1202 1523 1315 1558 justitia',
1329 1521 1442 1548 thorace
1458 1522 1484 1546 et
1498 1517 1573 1545 omni
1590 1519 1730 1543 armatura

939 1572 1070 1609 paciﬁca.
1094 1571 1121 1598 in
1147 1570 1205 1597 acie
1228 1567 1447 1595 adversariorum
1473 1563 1639 1594 constituet,
1662 1568 1730 1596 quo-

939 1607 1021 1646 inodo
1043 1617 1086 1644 hic
1102 1624 1116 1643 a
1133 1616 1251 1643 veritate
1275 1613 1382 1640 alienus
1398 1610 1450 1638 sub
1470 1608 1586 1644 justitiaa
1601 1615 1664 1642 rege
1677 1607 1731 1634 col-

940 1663 1075 1692 locabitur
1087 1662 1099 1689 ?
1109 1661 1177 1696 Ejus
1188 1661 1260 1687 enim
1275 1662 1422 1685 armatura:
1433 1655 1539 1689 insigne
1550 1653 1629 1688 plane
1639 1657 1730 1687 regem

940 1709 1028 1745 ipsius
1052 1707 1198 1739 indicabit,
1225 1705 1325 1740 quippe
1346 1701 1392 1738 qui
1411 1699 1518 1728 vivendi
1544 1699 1651 1725 ratione
1671 1702 1732 1723 tan-

941 1762 1023 1790 quam
1052 1753 1184 1787 impressa
1214 1750 1298 1777 armis
1328 1747 1447 1782 imagine
1472 1746 1569 1773 ducem
1602 1742 1730 1771 ostendat

942 1789 1031 1828 suum.
1057 1799 1146 1832 Quare
1172 1797 1268 1823 beatus
1294 1794 1349 1826 ille,
1377 1793 1423 1828 qui
1453 1792 1480 1818 in
1510 1791 1603 1818 divina
1634 1789 1732 1815 militia

942 1845 1108 1872 constitutus
1125 1847 1175 1874 est,
1188 1845 1214 1867 et
1238 1839 1380 1866 ordinibus
1394 1843 1489 1863 eorum
1502 1835 1549 1869 qui
1565 1833 1591 1860 in
1608 1832 1732 1860 millibus

943 1890 1060 1917 millium
1074 1891 1253 1915 nutuerantur
1267 1883 1422 1917 adscriptus
1441 1881 1474 1912 θ’,
1492 1883 1587 1907 contra
1600 1877 1732 1904 malitiam

943 1935 1091 1963 virtutibus
1115 1936 1249 1961 armatur,
1269 1937 1329 1965 quae
1351 1929 1425 1955 ineo
1449 1927 1495 1960 qui
1514 1926 1587 1960 ipsas
1611 1923 1733 1950 induerit

943 1981 1090 2016 imaginem
1112 1979 1184 2012 regis
1207 1977 1409 2004 demonstrant.
1425 1972 1572 2001 Caeterum,
1595 1968 1661 2004 quid
1691 1971 1734 1995 est

945 2015 1059 2055 necesse
1084 2028 1113 2051 ut
1141 2031 1188 2050 cas
1213 2028 1305 2051 voces,
1330 2018 1431 2054 quibus
1450 2015 1553 2043 Christi
1573 2020 1670 2040 nomen
1685 2019 1733 2038 cx-

945 2073 1064 2108 plicatur
1084 2075 1111 2097 et
1138 2070 1171 2096 ad
1190 2071 1293 2095 rectam
1308 2073 1340 2093 ex
1357 2065 1459 2091 virtute
1471 2059 1579 2089 vivendi
1600 2058 1733 2086 rationem

945 2118 1113 2155 pervenitur,
1139 2122 1203 2141 cum
1229 2120 1259 2140 ea
1286 2110 1404 2139 nominis
1433 2107 1542 2143 propria
1565 2105 1601 2133 sit
1625 2103 1677 2135 vis,
1705 2105 1734 2130 ut

100 2152 171 2208 πρὸς
184 2173 230 2199 τὸν
247 2152 311 2199 κατι.
322 2171 421 2207 ἀρετὴν
437 2153 492 2205 βίον
505 2152 681 2205 ύύηγηθῆναι,
696 2152 817 2195 ⁷εκᾱιστου
836 2169 886 2195 6‘16-

947 2152 1027 2193 itobis
1043 2162 1156 2190 omnino
1176 2160 1208 2187 ad
1225 2160 1288 2186 vita:
1303 2156 1498 2193 perfectionem
1511 2152 1657 2183 conducat,
1671 2156 1735 2184 pri»

1266 2204 1282 2208 “
1349 2202 1354 2208 '
1393 2201 1399 2208 '
1470 2203 1477 2208 ι
1487 2206 1509 2208 γε
1548 2196 1654 2208 |_._..!....
1672 2201 1720 2208 ..ι-ιιι

104 2227 200 2254 ματος,
223 2218 267 2244 διὰ
282 2217 331 2252 τῆς
355 2216 458 2247 οἰκείας
473 2215 629 2251 ἐμφάσεως,
654 2215 846 2250 συνεργοῦντός
868 2223 895 2241 τι

103 2265 212 2295 πάντως
236 2264 301 2298 ἡμῖν
326 2262 394 2299 πρὸς
419 2262 467 2298 τὴν
491 2262 537 2288 τοῦ
564 2262 620 2297 βίου
646 2262 803 2296 τελείωσιν;
828 2261 896 2288 ἀλλὰ

104 2309 194 2340 καλῶς
212 2308 283 2343 ἔχειν
301 2308 370 2343 φημὶ
386 2308 435 2343 τὴν
452 2307 507 2334 τῶν
532 2307 772 2343 μνημονευθέντων
796 2308 895 2333 ἀνακε-

104 2354 312 2390 φαλαιώσασθαι
339 2354 475 2389 μνήμην]
494 2353 564 2380 ὥστε
590 2353 651 2380 τινὰ
675 2353 801 2387 γενέσθαι
820 2362 895 2389 χειρ-

105 2401 228 2436 αγωγίαν
240 2400 304 2435 ἡμῖν
317 2399 384 2435 πρὸς
395 2399 439 2425 τὸν
452 2399 500 2425 τοῦ
513 2399 592 2433 λόγου
605 2399 714 2431 σκοπὸν,
731 2398 760 2425 ὃν
770 2398 799 2431 ἐξ
810 2399 896 2434 ἀρχῆς

104 2446 263 2481 ὑπεθέμεθα
278 2455 285 2462 ο
304 2444 463 2481 ζητοῦντες,
490 2445 547 2477 πῶς
571 2445 603 2472 ἄν
626 2454 669 2477 τις
691 2445 721 2471 τὸ
742 2444 844 2471 τέλειον
869 2445 897 2470 ὲν

107 2493 196 2528 ἑαυτῷ
213 2491 420 2527 κατορθώσειεν.
448 2489 532 2526 Οἶμαι
549 2490 612 2526 γὰρ,
636 2491 659 2516 εί
675 2491 717 2517 ἀεὶ
731 2490 810 2517 τοῦτο
823 2489 897 2524 λογί-

106 2539 188 2572 ζοιτο,
206 2539 247 2564 ὅτι
264 2537 391 2569 κοινωνός
405 2537 462 2564 ἐστι
485 2536 531 2563 τοῦ
547 2536 782 2572 προσκυνουμένου
797 2536 896 2571 ὀνόμα-

105 2593 160 2617 τος,
178 2583 250 2611 κατὰ
268 2583 299 2609 τὸ
312 2582 400 2617 δόγμα
414 2582 467 2608 τῶν
480 2581 636 2608 ἀποστόλων
652 2581 814 2617 Χριστιανὸς
829 2589 898 2616 χρη-

108 2629 240 2665 ματίζων,
258 2627 416 2661 ἀναγκαίως
431 2627 478 2654 καὶ
493 2627 546 2653 τῶν
561 2626 647 2653 ἄλλων
661 2626 810 2662 ὀνομάτων,
827 2623 867 2657 οἷς
883 2625 897 2650 ὁ

105 2676 223 2711 Χριστὸς
240 2676 354 2703 νοεῖται.
373 2674 420 2700 καὶ
434 2673 476 2707 ἐφ’
490 2673 585 2700 ἑαυτοῦ
606 2672 691 2704 δεῖξαι
706 2672 755 2707 τὴν
772 2671 896 2706 δύναμιν⁷

105 2721 233 2752 κοινωνὸς
249 2719 369 2754 ἑκάστης
383 2718 505 2754 κλήσεως
517 2718 560 2744 διὰ
573 2717 619 2744 τοῦ
637 2718 693 2753 βίου
710 2717 859 2751 γινόμενος.

947 2214 1092 2247 ponentes,
1118 2213 1200 2241 atque
1224 2204 1321 2231 ordine
1340 2201 1523 2230 declarantes,
1548 2196 1656 2232 longius
1672 2201 1735 2229 pro-

946 2239 1123 2292 grediamur?
1149 2239 1211 2278 cum
1228 2248 1297 2276 satis
1315 2253 1373 2274 mea
1398 2244 1508 2280 quidem
1539 2240 1674 2269 sententia
1687 2239 1734 2271 sit,

947 2285 970 2330 si
992 2309 1034 2333 ea,
1060 2306 1120 2334 qum
1145 2293 1432 2325 commemoravimus,
1456 2287 1588 2316 memoria
1616 2285 1736 2313 breviter

947 2329 1101 2383 repetentes
1121 2344 1147 2370 in
1165 2347 1302 2370 summam
1319 2338 1492 2372 redigamus,
1514 2340 1574 2368 quae
1600 2331 1679 2359 nobis
1701 2329 1736 2356 ad

947 2375 1009 2422 eu'm
1034 2392 1114 2419 linem
1131 2393 1260 2422 tanquam
1276 2385 1330 2412 (lux
1347 2382 1473 2412 exsistat,
1497 2385 1577 2414 quem
1602 2375 1735 2404 orationis

946 2439 1024 2467 initio
1045 2433 1247 2471 proposuimus,
1269 2437 1330 2457 cum
1353 2428 1401 2454 abs
1425 2431 1452 2454 te
1476 2427 1654 2460 quaereretur,
1668 2428 1736 2455 quo-

947 2484 1028 2512 modo
1046 2469 1110 2517 quis
1128 2480 1154 2507 in
1173 2478 1264 2512 seipso
1280 2474 1431 2510 perfectum
1452 2469 1562 2498 vivendi
1582 2475 1668 2503 genus
1688 2473 1733 2492 as-

947 2530 1024 2564 sequi
1049 2514 1153 2563 posset.
1179 2524 1208 2551 Si
1228 2521 1291 2557 quis
1313 2520 1385 2548 enim
1408 2517 1518 2545 assidue
1543 2514 1689 2541 meditetur
1708 2515 1735 2537 ct

948 2558 1059 2612 cogitet,
1085 2581 1115 2601 se
1146 2569 1277 2598 adorandi
1311 2565 1430 2594 nominis
1464 2570 1524 2590 esse
1557 2558 1735 2604 participem,

951 2604 1025 2652 (λιμοι
1041 2619 1227 2656 apostolorum
1250 2614 1376 2642 instituto
1392 2609 1578 2637 Christianum
1594 2604 1658 2636 dici,
1673 2609 1736 2630 eum

952 2649 1005 2704 ego
1019 2649 1188 2700 singularum
1206 2661 1269 2688 vitae
1295 2656 1506 2694 appellationum
1524 2654 1676 2686 compotem
1695 2649 1735 2675 l'a-

951 2695 1036 2742 ctuum.
1054 2709 1209 2739 necessario
1221 2707 1303 2734 ctiam
1327 2704 1444 2732 aliorum
1465 2699 1618 2729 nominuml
1635 2695 1736 2731 quibus

104 2770 234 2798 Christus
250 2770 437 2801 nuncupatur,
456 2766 576 2794 arbitror
589 2766 616 2793 iu
636 2774 666 2793 se
686 2766 745 2800 ipso
761 2769 937 2793 ostensurum
957 2768 1018 2790 esse
1033 2760 1208 2795 potestatem.

148 2829 172 2845 ⁶⁹
187 2829 278 2864 Apoc.
292 2833 339 2858 vn,
356 2825 372 2852 Α
387 2833 447 2860 sqq.
