1922 3078
179 83 236 111 283

822 81 850 107 S.
866 76 1028 106 GREGORII
1048 75 1194 104 NYSSENI

1760 63 1810 93 280

218 137 297 171 Quod
315 143 406 165 autem
421 137 494 171 dico,
507 137 547 166 sic
562 138 618 166 fere
633 138 716 166 habet
730 147 736 165 :
753 137 818 164 Tria
833 141 896 165 sunt
909 143 970 170 quae

1056 133 1119 161 Οἷὸν
1134 132 1239 166 τιλέγω
1251 139 1258 147 ·
1279 129 1348 165 Τρία
1359 128 1392 155 τὰ
1409 124 1665 171 χαρακτηριςόμενα
1680 121 1812 171 soi-Alipe-

184 182 334 209 Christiani
348 182 430 210 vitam
443 182 584 210 declarant
596 188 678 218 atque
691 183 874 217 distinguunt,
888 180 970 211 actio,

185 234 288 258 sermo,
303 227 445 262 cogitatio.
467 228 506 254 Ex
521 228 565 256 his
589 229 691 263 primas
703 228 808 255 obtinet
825 226 970 260 cogitatio;

186 272 309 300 Secundo
335 273 396 300 loco
424 274 535 308 ponitur
559 281 660 305 sermo,
690 273 736 308 qui
757 277 918 306 conceptam
945 273 973 298 et

187 319 350 353 impressam
375 319 468 346 animo
493 319 686 353 cogitationem
713 318 805 345 verbis
835 318 922 351 aperit
947 320 974 342 et

188 363 319 398 exponit:
335 367 396 398 post
416 364 608 398 cogitationem
624 367 651 390 et
672 369 826 390 sermonem
843 361 915 388 actio
929 368 974 388 or-

189 408 251 436 dine
261 409 421 441 collocatur,
437 416 498 444 quae
512 408 602 435 animo
615 409 732 443 cogitata
750 407 830 435 factis
846 406 973 441 exsequi-

189 457 244 481 tur.
270 453 298 481 Si
323 455 387 489 quid
415 455 510 481 horum
541 454 624 489 igitur
650 462 711 485 nos,
739 457 768 480 ut
795 454 834 484 lit,
865 457 912 479 aut
939 451 974 478 ad

189 498 334 533 agendum,
358 503 406 525 aut
433 498 466 526 ad
490 498 677 534 cogitandum,
695 503 742 525 aut
761 499 793 526 ad
811 498 975 533 loquendum

189 543 284 576 ducit;
299 551 368 578 opus
380 547 432 574 est,
455 549 484 571 ut
499 544 588 571 omnia
621 548 715 571 nostra
740 548 798 570 tum
815 543 899 575 dicta,
917 549 974 570 tum

191 587 273 619 facta,
300 592 356 615 tum
374 589 492 624 cogitata
515 589 549 616 ad
573 589 694 616 divinam
711 597 804 617 earum
822 590 975 620 actionum,

190 632 291 666 quibus
309 632 437 661 Christus
460 634 628 666 declaratur,
649 635 769 670 regulam
793 635 835 662 sie
857 635 976 670 dirigan-

191 683 247 708 tur.
263 684 293 706 ut
314 679 381 706 nihil
399 680 562 715 cogitemus.
578 679 647 707 nihil
663 680 797 710 dicamus.
811 679 878 707 nihil
893 679 975 706 facia-

193 731 263 756 mus,
285 724 358 760 quod
376 729 394 750 a’
406 724 516 751 sublimi
536 732 630 752 earum
642 724 841 760 signiﬁcatione
855 724 974 751 recedat.

193 767 259 795 Nam
289 773 318 795 ut
344 769 476 804 quidquid
501 778 555 797 non
573 774 616 797 est
632 771 670 804 ζει
693 770 745 797 ﬁde
763 769 863 797 Paulus
882 777 978 804 pecea-

191 817 250 840 tum
279 813 386 845 dicit”,
405 814 441 841 ita
457 822 506 842 nos
526 814 619 842 eodem
636 814 716 841 modo
731 814 884 850 cogitantes
898 814 977 849 plane
994 807 1013 834 Β

194 865 341 892 possumus
366 858 516 891 afﬁrmare,
547 866 717 893 quaecunque
740 866 794 886 non
827 859 978 894 respiciunt

193 902 344 935 Christum,
367 910 414 930 seu
438 904 530 936 verba,
557 911 606 931 seu
623 911 705 939 opera
725 903 790 935 sint,
809 911 856 932 seu
875 904 978 939 cogita-

194 948 295 979 tiones,
323 947 369 974 illa
392 949 484 976 omnia
502 949 535 976 ad
555 949 580 976 id
608 950 722 977 omnino
745 954 882 985 spectare,
906 949 979 984 quod

193 991 305 1020 Christo
325 994 494 1021 contrarium
511 999 564 1022 est.
579 993 631 1027 Qui
652 995 724 1021 enim
748 999 825 1022 extra
840 995 929 1022 lucem
953 999 980 1021 et

194 1037 276 1065 vitam
294 1042 347 1069 est,
359 1038 382 1066 is
393 1038 420 1065 in
437 1039 557 1066 tenebris
574 1047 688 1074 prorsus
701 1044 728 1066 et
748 1043 836 1067 morte
851 1047 903 1066 non
919 1047 981 1067 esse

195 1091 250 1110 non
271 1087 371 1118 potest.
393 1084 575 1117 Quamobrem
599 1085 634 1116 si,
657 1085 730 1119 quod
752 1093 784 1111 ex
802 1085 911 1112 Christo
927 1093 980 1112 non

197 1129 237 1158 lit.
259 1132 287 1156 et
301 1129 403 1155 dicitur
417 1133 444 1156 et
459 1130 607 1163 cogitatur,
623 1129 672 1160 illi,
685 1129 758 1164 quod
770 1134 813 1156 est
833 1130 904 1156 bono
917 1137 983 1156 con-

195 1173 321 1204 trarium,
345 1173 522 1208 eoujunctum
543 1178 586 1201 est
603 1183 610 1201 :
629 1181 662 1201 ex
679 1174 730 1201 hoc
759 1174 846 1202 cuivis
865 1174 982 1202 manife-

196 1223 269 1244 stum
289 1217 382 1250 fuerit,
407 1219 434 1246 id
449 1219 520 1254 quod
535 1219 598 1246 hinc
611 1220 760 1255 colligitur,
782 1220 897 1251 scilicet,
911 1219 983 1254 quod

197 1263 334 1298 relinquat
352 1264 503 1296 Christum,
525 1266 571 1299 qui
589 1265 624 1292 ab
637 1265 684 1292 illo
709 1265 850 1299 sojunctus
872 1270 915 1293 est
936 1273 985 1300 per

197 1316 258 1343 qua:
269 1309 309 1336 vel
321 1309 423 1344 cogitat
437 1310 549 1344 aliquid,
566 1311 605 1338 vel
617 1311 682 1346 agit,
695 1311 735 1338 vel
749 1312 878 1346 loquitur.
891 1311 984 1338 Divina

199 1355 284 1389 igitur
301 1355 345 1381 illa
365 1354 507 1389 Propheta!
525 1356 607 1383 verba
625 1357 765 1384 verissima
781 1360 844 1384 sunt
863 1366 869 1384 :
889 1365 898 1382 ι
913 1356 985 1384 Prae-

200 1399 356 1427 varicantes
380 1401 503 1436 reputavi
531 1408 627 1429 omnes
652 1407 809 1436 peccatores
835 1403 954 1430 terrae“.
973 1412 982 1428 ι

203 1443 239 1472 Ut
260 1445 332 1472 enim
347 1445 394 1480 qui
415 1445 553 1474 Christum
577 1447 604 1474 in
629 1448 866 1482 persecutionihus
890 1453 984 1484 negat,

198 1491 283 1518 divini
310 1492 430 1519 nominis
463 1493 656 1527 pncvaricator
679 1498 742 1527 est;
768 1495 808 1522 sic
838 1495 932 1526 etiam,
962 1496 985 1523 si

198 1536 261 1571 quis
282 1537 436 1570 veritatem,
452 1542 478 1565 et
490 1537 638 1572 justitiam,
654 1543 682 1566 et
701 1539 886 1571 sanctitatem,
903 1544 930 1567 et
946 1540 988 1567 in-

200 1582 368 1616 tegritatem,
392 1587 420 1610 et
450 1583 473 1610 si
502 1583 569 1618 quid
597 1583 669 1612 aliud
702 1584 794 1611 virtuti
821 1585 987 1612 conveniens

200 1627 346 1662 cogitatur,
371 1633 463 1663 negat,
478 1632 505 1655 et
520 1635 575 1663 quo
594 1633 716 1663 tempore
733 1634 828 1657 contra
844 1631 988 1665 perturba-

201 1673 289 1701 tiones
310 1678 337 1700 ct
354 1674 419 1701 vitia
443 1674 550 1701 fortiter
572 1675 747 1710 pugnandum
767 1680 821 1709 est,
840 1677 902 1704 vita:
921 1684 988 1703 con-

202 1720 331 1746 stantiam
346 1719 451 1753 ahjicil,
471 1719 495 1747 is
511 1726 525 1746 a
538 1719 672 1754 Propheta
686 1722 881 1755 przeraricator
896 1723 988 1757 appel-

203 1765 274 1791 latur
291 1774 297 1791 :
317 1765 344 1792 in
360 1765 404 1792 his
418 1766 489 1792 enim
509 1766 626 1800 singulis
648 1774 662 1793 a
681 1767 803 1797 Christo,
824 1767 869 1801 qui
885 1772 928 1794 est
944 1768 988 1795 illa

203 1810 306 1843 omnia,
333 1812 388 1837 vita
412 1811 527 1844 recedit,
545 1817 572 1839 et
595 1813 799 1847 praevaricatum
816 1812 885 1845 Quid
909 1813 990 1847 igitur

204 1855 278 1883 aliud
299 1863 362 1893 eum
384 1861 490 1891 opertet
512 1857 613 1889 facere,
636 1857 683 1891 qui
707 1865 805 1892 magno
824 1857 925 1885 Christi
941 1866 989 1885 co-

204 1901 334 1937 gnomine
355 1901 455 1936 dignus
481 1901 593 1928 euectus
618 1905 672 1933 est,
697 1902 749 1929 nisi
773 1906 802 1929 ut
822 1904 912 1930 omnia
937 1911 988 1930 sua

206 1952 262 1975 tum
275 1947 402 1982 cogitata.
413 1952 469 1974 tum
479 1947 562 1979 dicta,
577 1952 634 1975 tum
651 1948 721 1975 facta
736 1948 880 1983 diligenter
896 1949 990 1984 explo-

205 1995 257 2025 ret,
273 1997 311 2024 et,
329 1996 420 2019 utrum
434 2001 527 2020 eorum
539 1993 646 2028 singula
661 1993 693 2020 ad
711 1993 850 2021 Christum
866 1995 990 2027 tendant,

206 2046 240 2065 an
272 2037 307 2066 ah
330 2038 377 2065 illo
400 2039 456 2066 sint
480 2039 578 2069 aliena.
606 2039 759 2074 dijudicet?
783 2039 874 2067 Multis
901 2046 990 2068 autem

207 2083 295 2111 modis
310 2083 339 2110 fit
354 2085 410 2111 hmo
430 2085 559 2120 praeclara
576 2084 748 2119 (lijudicatio.
768 2085 905 2120 Quidquid
919 2086 992 2114 enim

1022 179 1132 207 στιανοῦ
1142 179 1187 205 τὸν
1202 177 1257 212 βίον
1273 175 1342 208 ἐστὶ,
1351 173 1460 209 πρᾶξις,
1470 172 1559 206 λόγος,
1569 169 1706 203 ἐνθύμιον.
1729 168 1757 193 ’Λ
1764 166 1812 201 ρχὴ

1022 225 1076 260 γὰρ
1092 224 1196 258 γίνεται
1209 223 1287 256 λόγου
1296 220 1397 251 παντὸς
1410 219 1426 254 ὴ
1437 218 1541 245 διάνοια
1549 225 1555 232 ·
1568 215 1695 250 δεύτερον
1704 213 1733 239 δὲ
1744 212 1813 260 μετα

1086 269 1244 303 ἐνθύμησιν,
1264 267 1278 293 ὁ
1294 266 1372 299 λόγος
1397 264 1466 295 ἐστὶ,
1487 262 1537 297 τὴν
1560 260 1764 306 ὲντυπωθεῖσαν
1781 259 1813 292 τῇ

1022 304 1094 350 ψυχῇ
1110 315 1228 342 διάνοιαν
1243 312 1288 339 διὰ
1309 311 1358 346 τῆς
1379 309 1474 344 φωνῆς
1497 306 1686 334 ὲκκαλύπτων.
1711 304 1814 340 Τρίτην

1023 361 1051 388 δὲ
1063 361 1138 392 τάξιν
1153 359 1245 394 ἐπέχει
1262 357 1330 393 μετὰ
1342 357 1387 383 τὸν
1404 355 1465 382 νοῦν
1489 354 1535 381 καὶ
1552 353 1598 379 τὸν
1613 352 1690 385 λόγον
1706 352 1721 385 ἡ
1744 351 1814 384 πρᾶ-

1025 406 1075 438 ξις,
1090 405 1120 431 τὺ
1140 403 1233 439 νοηθὲν
1253 404 1292 434 είς
1315 400 1455 436 ἐνέργειαν
1470 399 1584 432 ἄγουσα.
1610 395 1724 425 Οὐκοῦν,
1751 394 1815 420 ὅταν

1024 453 1064 484 εἷς
1077 460 1104 478 τι
1118 450 1218 477 τούτων
1227 449 1301 484 ἡμᾶς
1312 447 1464 477 ἀκολούθως
1479 445 1517 479 τῷ
1532 444 1582 479 βίῳ
1593 441 1814 478 προσαγάγηται,

1025 496 1114 528 καλῶς
1131 495 1187 530 ἔχει
1202 494 1300 524 παντὸς
1317 492 1363 519 καὶ
1382 492 1461 526 λόγου
1477 490 1523 517 καὶ
1535 489 1617 524 ἔργου
1633 488 1680 514 καὶ
1698 485 1817 520 ἔνθυμή-

1027 549 1112 577 ματος
1127 541 1160 566 τὰ
1172 540 1236 567 θεῖα¹
1242 538 1328 565 ταῦτα
1339 537 1472 572 νοήματα,
1486 535 1519 562 δι’
1534 531 1571 561 ὦν
1581 535 1594 560 ό
1605 533 1706 568 Κύριος
1714 532 1816 577 νοεῖται

1026 575 1072 614 καὶ
1086 585 1260 621 ὀνομάζεται,
1273 584 1307 610 δι’
1321 582 1463 617 ἀκριϐείας
1477 578 1695 608 ἐπισκοπεῖσθαι.
1710 578 1748 612 μὴ
1764 575 1816 609 ἔξω

1026 633 1074 668 τῆς
1089 632 1230 666 δυνάμεως
1248 630 1302 656 τῶν
1320 629 1429 663 ὑψηλῶν
1444 626 1556 653 ἐκείνων
1572 624 1712 660 ὀνομάτων
1731 622 1817 657 φέρη-

1026 687 1070 705 ται
1093 677 1173 713 ἡμῶν
1188 677 1204 711 ἢ
1223 676 1254 702 τὸ
1268 675 1357 711 ἔργον,
1375 674 1392 708 ἢ
1409 673 1422 700 ὁ
1438 673 1528 706 λόγος,
1547 671 1563 706 ἦ
1581 670 1611 697 τὸ
1628 669 1765 704 ἐνθύμιον.
1774 668 1818 698 Ὠς

1027 723 1081 759 γὰρ
1094 724 1107 749 ὁ
1120 722 1224 753 Παῦλός
1236 729 1328 755 φησιν,
1343 720 1384 746 ὅτι
1397 719 1460 749 πᾶν,
1472 718 1485 744 ὃ
1496 717 1532 752 μὴ
1550 717 1582 742 ὲκ
1594 716 1721 746 πίστεως.
1732 714 1819 748 ἁμαρ

1027 769 1072 796 τία
1084 767 1167 795 ἐστίν·
1190 766 1276 797 οὕτως
1298 765 1372 791 ἐστιν
1397 765 1429 790 ὲκ
1449 762 1496 789 τοῦ
1515 760 1662 788 ἀκολούθου
1681 759 1819 793 νοήσαντα

1028 814 1121 848 σαφῶς
1148 811 1349 847 ἀποφήνασθαι,
1368 810 1408 836 ὅτι
1441 809 1496 835 πᾶν
1511 808 1526 833 ὃ
1541 807 1579 842 μὴ
1603 807 1642 837 είς
1666 803 1785 839 Χριστὸν
1801 803 1817 836 ἢ

1029 861 1115 897 ῥῆμα,
1131 859 1148 895 ἢ
1163 859 1253 895 ἔργον,
1270 858 1287 892 ἢ
1299 857 1398 892 νόημα,
1411 856 1450 886 εἰς
1462 854 1492 880 τὸ
1503 852 1690 897 ἀντικείμενον
1705 849 1820 897 9—:-

1096 894 1203 936 πάντως
1222 904 1283 939 ὁρᾷ.
1295 903 1332 929 Οὐ
1350 901 1404 936 γὰρ
1417 901 1475 927 ἐστι
1485 899 1531 925 τὸν
1546 898 1598 931 ἔξω
1613 896 1701 931 φωτὸς
1709 895 1732 940 ᾃῆ
1748 894 1820 940 {uti};

1029 938 1183 985 γενόμενον,
1198 938 1270 984 μὴὲν
1282 947 1372 974 σκότει
1385 945 1520 979 πάντωςῆ
1537 945 1564 970 ὲν
1575 942 1682 976 θανάτῳ
1697 938 1775 966 εἶναι.
1789 939 1820 964 ΕΞ

1029 997 1118 1024 τοίνυν
1126 995 1155 1023 τὸ
1167 995 1204 1030 μὴ
1214 994 1285 1021 κατὰ
1293 993 1408 1029 Χριστὸν
1423 989 1614 1027 ὲνεργούμενόν
1624 997 1654 1014 τε
1666 988 1712 1014 καὶ
1723 985 1822 1013 λαλούη

1033 1050 1123 1078 μενον.
1133 1041 1179 1068 καὶ
1189 1040 1248 1066 νοού
1253 1047 1342 1074 μενον,
1359 1038 1426 1073 πρὸς
1433 1037 1463 1064 τὸ
1472 1036 1510 1072 τῷ
1524 1033 1618 1069 ἀγαθῷ
1633 1031 1821 1066 ἀντικείμενον

1032 1087 1137 1118 οίκείως
1149 1086 1214 1121 ἔχει*
1225 1085 1304 1112 παντὶ
1312 1084 1390 1119 δῆλον
1400 1083 1432 1110 ἂν
1440 1083 1493 1118 εἴη,
1501 1082 1531 1107 τό
1540 1080 1584 1107 δια
1592 1079 1695 1106 τούτων
1705 1078 1822 1110 ἀναφαι-

1032 1133 1152 1168 νόμενον,
1170 1131 1209 1157 ὅτι
1224 1129 1369 1165 ἁφίησιτὺν
1379 1127 1506 1164 Χριστὸν,
1520 1126 1533 1152 ὁ
1547 1125 1600 1157 ἔξω
1619 1123 1722 1150 ἐκείνου
1745 1121 1821 1156 γενό-

1035 1187 1123 1214 μενος,
1140 1177 1173 1203 δι’
1189 1173 1226 1203 ὦν
1246 1177 1263 1212 ἢ
1286 1174 1385 1201 νοεῖταί
1401 1183 1438 1205 τι,
1456 1173 1472 1209 ἢ
1487 1172 1611 1207 πράττει,
1627 1170 1643 1205 ἦ
1660 1169 1818 1204 φθέγγεται.

1033 1223 1136 1251 Οὐκοῦν
1150 1222 1276 1257 ἀληθεύει
1291 1222 1308 1256 ἡ
1318 1220 1378 1247 θεία
1390 1219 1437 1246 τοῦ
1452 1218 1593 1254 προφήτου
1608 1215 1694 1250 φωνὴ.
1706 1214 1723 1249 ἦ
1738 1221 1819 1248 φησι·

1037 1279 1046 1295 ι
1064 1267 1284 1303 Παραϐαίνοντσς
1310 1264 1475 1299 ἐλογισάμην
1493 1263 1597 1293 πάντας
1610 1261 1672 1291 τοὺς
1692 1259 1822 1303 ἀμαρτω-

1034 1313 1096 1344 λοὺς
1109 1302 1158 1347 τῆς
1174 1312 1235 1346 γῆς.
1253 1321 1262 1335 ι
1288 1311 1330 1340 Ὠς
1357 1309 1411 1343 γὰρ
1425 1309 1439 1334 ὁ
1452 1307 1497 1334 τὸν
1518 1305 1634 1342 Χριστὸν
1650 1305 1678 1330 ὲν
1693 1304 1748 1334 τοῖς
1762 1302 1824 1328 διωο

1035 1360 1114 1394 γμοίς
1128 1357 1326 1393 ἀρνησάμενος,
1343 1354 1504 1389 παραϐάτης
1517 1352 1574 1378 ἐστὶ
1589 1349 1636 1376 τοῦ
1654 1356 1823 1394 προσκυνου-

1038 1404 1117 1439 μὲνου
1129 1403 1258 1438 ὀνόματος
1271 1409 1278 1416 θ
1293 1401 1364 1428 οὕτω
1377 1399 1424 1426 καὶ
1440 1399 1466 1425 εί
1484 1406 1527 1428 τις
1544 1396 1673 1431 ἀλήθειαν
1693 1394 1709 1429 ἢ
1726 1394 1776 1439 τὴν
1786 1393 1825 1419 δι-

999 1469 1020 1498 c
1036 1438 1181 1483 καιοσὺνην
1194 1447 1349 1498 ἀρνήσαιτο,
1365 1445 1384 1497 η
1396 1444 1441 1471 τὸν
1464 1442 1598 1498 ἁγιασμόν
1611 1449 1640 1468 τε
1661 1438 1826 1498 utdel-la:

1038 1495 1108 1524 σίαν,
1130 1494 1147 1529 ἢ
1175 1494 1201 1520 εἴ
1222 1501 1248 1519 τι
1276 1491 1341 1518 ἄλλο
1351 1491 1405 1518 τῶν
1428 1490 1487 1517 κατ’
1506 1487 1606 1523 ἀρετὴν
1618 1485 1780 1521 νοουμένων,
1797 1484 1826 1510 ὲν

1036 1539 1124 1574 καιρῷ
1137 1539 1186 1573 τῆς
1197 1539 1250 1564 τῶν
1274 1536 1443 1571 παθημάτων
1460 1533 1676 1569 ὲπικρατήσεως,
1692 1530 1826 1558 ἀποϐάλοι

1036 1573 1090 1610 τοῦ
1101 1583 1169 1618 βίου,
1184 1581 1343 1617 παραϐάτης
1354 1579 1512 1616 ὀνομάζεται
1523 1577 1575 1605 ὑπὸ
1585 1579 1634 1611 τῆς
1646 1573 1825 1611 προφητείας·

1037 1630 1070 1656 δι’
1086 1629 1202 1656 ἑκάστου
1216 1627 1318 1655 τούτων
1341 1625 1387 1653 τί»)
1403 1625 1489 1652 ταῦτα
1508 1625 1572 1651 ὄντα
1593 1621 1772 1658 παραϐαίνων
1785 1618 1827 1653 τῷ

1039 1676 1098 1710 βίῳ.
1117 1675 1150 1701 Τί
1166 1672 1213 1701 οὗν
1227 1672 1280 1708 χρὴ
1292 1672 1420 1707 πράττειν
1437 1671 1482 1697 τὸν
1495 1670 1544 1705 τῆς
1561 1668 1680 1704 μεγάλης
1697 1666 1745 1693 τοῦ
1761 1665 1828 1700 Χρι-

1040 1719 1102 1748 στοῦ
1129 1719 1287 1754 ἐπωνυμίας
1302 1717 1466 1751 ὰξιωθέντα;
1487 1715 1513 1742 τί
1540 1715 1613 1745 ἄλλο,
1631 1714 1647 1749 ἢ
1667 1712 1711 1739 διὰ
1726 1711 1829 1742 παντὸς

1039 1766 1202 1801 φιλοκρινεῖν
1216 1765 1244 1791 ὲν
1258 1763 1346 1798 ἑαυτῷ
1359 1763 1392 1789 τὰ
1402 1761 1525 1798 νοήματα
1551 1768 1580 1787 τε
1595 1760 1642 1787 καὶ
1654 1759 1688 1785 τὰ
1705 1758 1827 1793 ῥήματα,

1039 1812 1086 1839 καὶ
1095 1811 1129 1838 τὰ
1143 1811 1221 1848 ἔργα,
1235 1811 1288 1836 εἴτε
1300 1809 1368 1845 πρὸς
1385 1807 1501 1844 Χριστὸν
1514 1806 1629 1833 ἕκαστον
1648 1804 1752 1831 τούτων
1768 1803 1830 1837 βλέ-

1040 1866 1096 1888 πει,
1118 1858 1173 1884 εἴτε
1193 1855 1240 1883 τοῦ
1268 1855 1386 1891 Χριστοῦ
1410 1852 1605 1889 ἡλλοτρίωται;
1628 1850 1715 1884 Πολλὴ
1731 1849 1759 1875 δὲ
1780 1848 1829 1882 τῆς

1040 1902 1200 1938 διακρίσεως
1213 1901 1266 1928 τῶν
1277 1899 1406 1927 τοιούτων
1416 1898 1490 1925 ἐστὶν
1503 1898 1520 1932 ἡ
1536 1895 1655 1943 εὐκολία.
1674 1895 1707 1920 Ὃ
1723 1893 1777 1928 γὰρ
1785 1893 1831 1943 διὰ

1041 1948 1142 1979 πάθους
1157 1947 1229 1979 τινὸς
1245 1947 1405 1982 ἐνεργεῖται,
1422 1943 1439 1980 ἢ
1454 1944 1565 1974 νοεῖται,
1585 1941 1602 1975 ἢ
1619 1941 1743 1974 λέγεται,
1753 1941 1832 1964 τοῦτο

1041 1993 1167 2028 οὐδεμίαν
1182 1993 1238 2028 ἔχει
1250 1992 1318 2027 πρὸς
1335 1991 1380 2018 τὸν
1390 1988 1506 2025 Χριστὸν
1521 1986 1689 2022 συμφωνίαν,
1705 1983 1774 2010 ἀλλά
1785 1983 1830 2011 τὸν

1042 2038 1202 2074 χαρακτῆρα
1215 2037 1261 2063 τοῦ
1278 2035 1465 2069 ἀντικειμένου
1479 2033 1510 2067 φέ
1516 2041 1566 2066 ρει,
1582 2032 1610 2062 ὃς
1624 2030 1684 2058 ἀντὶ
1700 2028 1829 2074 βορϐόρου

1043 2084 1076 2110 τὰ
1093 2083 1165 2117 πάθη
1180 2082 1219 2117 τῷ
1233 2081 1389 2117 μαργαρίτῃ
1402 2080 1449 2114 τῆς
1460 2079 1549 2113 ψυχῆς
1562 2074 1762 2112 προσαλείφων,
1780 2073 1832 2106 τὴν

207 2129 412 2163 perturbatione
429 2118 518 2164 aliqua
538 2133 585 2156 aut
605 2118 703 2165 agitur,
724 2136 770 2158 aut
785 2118 930 2166 cogitatur.
946 2137 984 2159 aut

1044 2128 1203 2163 λαμπηδόνα
1225 2126 1272 2154 τοῦ
1297 2126 1388 2161 τιμίου
1411 2124 1485 2150 λίθου
1508 2122 1720 2166 διαλυμαίνεται.
1742 2118 1831 2166 fro-6's

206 2174 320 2205 dicitur,
352 2173 378 2200 id
412 2181 473 2200 cum
507 2174 618 2202 Christo
642 2175 754 2202 minime
778 2177 916 2210 congruit,
943 2176 990 2203 sed

206 2218 357 2245 adversarii
385 2222 477 2245 notam
498 2222 525 2246 et
546 2219 691 2254 imaginem
724 2220 804 2254 gerit,
831 2221 878 2254 qui
907 2221 992 2248 animi

208 2263 362 2298 margarita:
381 2271 431 2298 pro
449 2271 528 2290 emno
545 2264 764 2299 perturbationes
789 2266 932 2298 admiscet,
962 2271 993 2294 ut

208 2308 321 2344 pretiosi
333 2309 430 2344 lapidis
441 2310 613 2344 splendorem
624 2310 758 2338 deformet
767 2319 799 2338 ac
807 2311 905 2340 deleat.
914 2312 993 2346 Quod

209 2361 273 2380 vero
288 2353 322 2380 ab
342 2353 416 2380 omni
432 2353 540 2380 turbida
562 2354 704 2381 allectione
724 2361 839 2381 vacuum
853 2359 880 2382 et
894 2362 992 2390 purum

210 2403 264 2429 est.
283 2398 309 2425 id
332 2399 365 2425 ad
389 2399 596 2433 tranquillitatis
621 2403 759 2426 auctorem
789 2405 816 2427 et
842 2400 993 2435 principem

212 2446 329 2478 spectat,
354 2443 400 2477 qui
413 2443 540 2470 Christus
553 2448 605 2474 est.
620 2452 651 2470 ex
666 2451 720 2478 quo
732 2448 860 2478 tanquam
877 2453 909 2472 ex
924 2452 994 2479 puro

212 2490 426 2522 inrorruptoque
439 2487 522 2518 fonte.
537 2489 583 2522 qui
598 2496 663 2515 suas
678 2489 759 2515 animi
772 2489 899 2517 notiones
912 2493 995 2524 atque

212 2532 368 2560 ail‘ectiones
386 2533 476 2560 haurit
497 2537 524 2560 et
540 2533 654 2566 derivat,
681 2534 761 2561 talem
781 2542 842 2561 cum
859 2534 996 2569 principio

213 2583 293 2612 atque
307 2577 412 2612 origine
437 2577 642 2605 similitudinem
665 2586 722 2613 pra:
745 2586 774 2606 se
790 2579 868 2612 feret,
889 2579 996 2613 qualem

214 2623 318 2650 obtinet
338 2630 400 2649 cum
424 2623 484 2657 ipso
503 2622 588 2655 fonte,
608 2631 669 2658 quae
694 2623 721 2650 in
746 2624 833 2650 rivulo
864 2623 996 2655 decurrit,

213 2675 328 2702 qumque
347 2667 374 2694 in
397 2667 527 2702 amphora
549 2669 704 2703 resplendet
725 2676 808 2704 aqua.
823 2668 926 2696 Etenim
942 2676 996 2696 una

261 2755 283 2770 ⁷⁸
295 2754 373 2781 ltum.
394 2762 446 2782 xtv.
469 2755 513 2782 25.
552 2756 573 2771 ⁷¹
589 2755 661 2782 Psal.
674 2762 769 2784 cxvm.
782 2755 841 2783 H9.

1045 2173 1195 2208 καθαρεῦον
1212 2171 1303 2205 πάσης
1318 2169 1457 2205 ὲμπαθοῦς
1475 2167 1630 2198 διαθέσεως,
1649 2164 1715 2200 πρὸς
1724 2164 1770 2190 τὸν
1781 2163 1831 2197 άρ⁴

1044 2207 1128 2254 χηγὺν
1148 2218 1197 2253 τῆς
1220 2216 1352 2247 ἀπαθείας
1374 2215 1476 2249 βλέπει,
1497 2215 1525 2244 ὅς
1545 2213 1617 2241 ἐστιν
1633 2213 1647 2238 ὁ
1662 2209 1787 2245 Χριστος,
1803 2207 1832 2240 ἐξ

1044 2261 1086 2295 οὗ,
1099 2263 1224 2298 καθάπερ
1240 2264 1272 2289 ὲκ
1285 2262 1408 2297 καθαρᾶς
1420 2261 1466 2286 καὶ
1483 2259 1621 2294 ὰφράκτου
1634 2256 1736 2291 πηγῆς,
1752 2254 1833 2289 ἀρυό-

1048 2310 1126 2344 μενός
1134 2317 1175 2339 τις
1186 2309 1225 2341 εἰς
1241 2307 1334 2334 ἑαυτὸν
1345 2306 1378 2332 τὰ
1388 2307 1520 2340 νοήματα,
1532 2302 1657 2336 τοιαύτην
1669 2300 1756 2335 ἐαυτῷ
1766 2300 1832 2334 πρὸς

1046 2354 1076 2380 τὸ
1093 2353 1267 2389 πρωτὸτυπον
1279 2351 1359 2384 δείξει
1382 2351 1431 2386 τὴν
1451 2349 1606 2385 ὁμοιότητα,
1624 2347 1668 2375 οἵα
1683 2346 1742 2372 ἐστὶ
1765 2345 1832 2380 πρὸς

1046 2400 1076 2426 τὸ
1099 2400 1170 2434 ὕδωρ
1193 2399 1231 2434 τῷ
1254 2398 1340 2430 ὕδατι,
1360 2397 1399 2432 τῷ
1420 2405 1450 2422 τε
1472 2394 1581 2430 πηγαίῳ
1595 2392 1634 2428 τῷ
1650 2391 1769 2427 βρύοντι,
1786 2390 1834 2417 καὶ

1045 2443 1084 2479 τῷ
1110 2443 1214 2470 ἐκεῖθεν
1236 2444 1265 2470 ὲν
1290 2441 1327 2476 τῷ
1353 2441 1473 2476 ἀμφορεῖ
1493 2436 1676 2472 γεγενημένῳ.
1700 2435 1758 2462 Μία
1780 2434 1834 2468 γὰρ

1045 2490 1078 2525 τῇ
1092 2489 1172 2523 φύσει
1190 2489 1209 2525 ἡ
1222 2487 1386 2522 καθαρότης,
1398 2486 1416 2520 ἦ
1436 2493 1464 2511 τε
1482 2485 1511 2511 ὲν
1526 2481 1636 2518 Χριστῷ
1651 2481 1697 2507 καὶ
1718 2481 1733 2515 ἠ
1751 2481 1779 2505 ὲν
1795 2479 1834 2525 τῷ

1049 2534 1186 2569 μετέχοντι
1211 2532 1394 2567 θεωρουμένη.
1417 2529 1486 2556 Ἀλλ’
1509 2530 1522 2555 ὁ
1547 2528 1595 2563 μὲν
1618 2526 1753 2560 πηγάζει·
1774 2526 1788 2550 ὁ
1806 2524 1834 2550 δὲ

1051 2579 1169 2614 μετέχων
1195 2577 1319 2613 ἀρὺεται,
1342 2575 1467 2611 μετάγων
1493 2574 1538 2599 ἐπὶ
1551 2572 1594 2599 τὺν
1616 2571 1672 2607 βίον
1691 2571 1721 2596 τὸ
1740 2571 1769 2596 ἐν
1782 2570 1835 2600 τοῖς

1049 2625 1166 2659 νοήμασι
1181 2623 1291 2655 κάλλος·
1306 2622 1375 2649 ὥστε
1389 2619 1548 2655 συμφωνίαν
1569 2615 1637 2644 εἶναι
1650 2615 1697 2642 τοῦ
1714 2615 1835 2651 κρυπτοῦ

1049 2669 1192 2707 ἀνθρώπου
1211 2669 1278 2705 πρὸς
1299 2668 1344 2696 τὸν
1374 2666 1544 2702 φαινόμενον,
1564 2662 1766 2698 συμϐαινούσης
1788 2661 1836 2696 τῆς
