1922 3078
63 96 112 125 235

600 100 643 128 DE
659 96 1056 128 PERFECTA'CHRISTIANI
1076 102 1202 129 FORMA.

1646 100 1702 129 Ζεῦ

67 154 106 180 τοῦ
118 153 175 188 βίου
186 154 402 192 εὐσχημοσύνης
411 157 468 188 τοῖς
483 156 553 183 κατά
563 156 678 192 Χριστὸν
692 156 858 191 κινουμένοις

913 161 940 183 et
963 156 1057 184 eadem
1072 160 1124 188 est,
1147 165 1208 191 qua:
1223 158 1249 183 in
1265 156 1386 188 Christo,
1400 160 1428 183 et
1445 164 1507 192 quae,
1520 159 1547 184 in
1564 158 1699 184 mentibus

65 200 186 233 νοήμασι.

915 201 1018 228 nostris
1029 201 1198 235 conspicitur
1209 202 1325 236 paritas.
1337 201 1391 228 Sed
1403 201 1448 228 illa
1464 202 1492 228 in
1513 202 1587 230 fonte
1607 202 1699 229 nasci-

66 252 114 278 tur,
131 247 186 273 lia‘c
204 246 274 273 inde
294 251 388 274 manat
404 251 431 274 et
449 248 475 274 in
491 255 541 276 nos
555 248 696 275 derivatur
713 257 720 274 :
741 254 802 274 eam
822 247 964 273 notionum
989 246 1220 280 pulchritudinem
1247 247 1281 273 ad
1305 247 1388 273 vitam
1414 254 1507 274 secum
1527 248 1649 279 trahens,
1670 246 1699 275 ιιι

65 290 213 318 a'iscoudili
239 291 438 327 manifestique
460 294 580 321 hominis
597 293 788 321 convenientia
807 295 834 318 et
853 294 986 325 tanquam
1013 296 1165 319 concentus
1190 292 1300 327 quidam
1317 298 1455 327 appareat,
1478 301 1539 320 cum
1560 294 1620 321 vitae
1639 301 1698 321 mo-

65 338 172 364 destiam
189 340 218 363 et
232 336 409 365 honestatem
425 339 551 366 notiones
568 347 601 366 ex
621 339 732 366 Christo
752 335 945 372 provenientes
965 337 1143 365 moderentur
1162 341 1189 364 et
1212 341 1349 363 moveant.

97 382 179 408 τοῦτο
205 383 302 410 τοίνυν
334 384 407 416 ἐστὶ,
434 386 504 412 κατὰ
536 394 568 419 γε
591 385 640 421 τὴν
665 386 736 420 ἐμὴν
755 385 856 420 κρίσιν,

67 428 92 454 τὸ
111 428 140 454 ἑν
167 427 207 462 τῷ
239 428 400 464 Χριστιανῷ
423 430 473 465 βίῳ
498 430 614 463 τέλειον,
636 431 651 458 ὃ
674 431 784 458 πάντων
803 429 857 456 τῶν

66 473 197 507 ὀνομάτων
213 473 256 505 είς
281 473 311 499 τὺ
336 473 382 500 τοῦ
400 475 519 510 Χριστοῦ
534 475 742 510 διασημαίνεται
760 474 856 509 ὄνομα,

66 518 92 545 τδ
103 517 247 544 κοινωνίαν
261 517 338 553 ἔχειν
354 519 383 545 ἐν
397 519 469 554 ψυχῇ
488 529 518 547 τε
535 521 581 546 καὶ
597 520 679 555 λόγῳ.
694 520 742 546 καὶ
759 520 788 546 ὲν
801 520 856 550 τοῖς

66 564 107 590 τοῦ
119 564 176 598 βίου
199 564 429 599 ἐπιτηδεύμασιν,
446 564 515 591 ὥστε
534 565 640 600 ὁλοτελῆ
654 565 698 592 τὸν
712 565 857 600 ἀγιασμὸν,

68 609 131 636 κατά
154 608 204 644 τὴν
231 608 361 642 εὐλογίαν
377 608 423 635 τοῦ
446 609 564 642 Παύλου,
577 610 619 644 ἐφ’
631 608 737 639 ἑαυτοῦ,
753 609 782 635 ὲν
797 607 857 634 ὁλο-

68 654 154 689 κλήρῳ
175 654 216 689 τῷ
233 654 344 689 σώματι
369 654 412 680 (αὶ
427 655 460 689 τῇ
479 655 551 689 ψυχῇ
580 654 628 680 καὶ
648 653 687 688 τῷ
710 653 856 687 πνεύματι.

67 700 114 733 ἔξω
129 699 177 734 τῆς
186 699 256 735 πρὸς
271 699 304 726 τὺ
320 699 404 726 κακὸν
422 700 561 734 ἐπιμιξίας
575 698 705 734 διηνεκῶς
722 698 857 733 φυλασσό-

69 754 150 779 μενον.
164 745 194 771 Εί
213 744 244 771 δέ
265 753 309 776 τις
335 745 408 779 λέγοι
421 744 641 780 δυσκατόρθωτον
661 743 740 775 εἶναι,
761 744 854 779 ἐπειδὴ

68 790 194 826 ἄτρεπτος
203 789 316 826 μόνοςὸ
335 790 384 825 τῆς
401 791 516 820 κτίσεως
541 789 652 826 Κύριος,
670 789 773 825 τρεπτὴ
789 789 818 816 δὲ
836 791 853 824 ἡ

69 835 218 871 ἀνθρωπίνη
229 835 326 871 φύσις.
339 836 385 862 καὶ
402 835 469 871 πρὸς
479 836 526 867 τὰς
538 835 688 870 μεταϐολὰς
696 834 855 870 ἐπιτηδείως

946 383 975 410 In
1001 384 1052 411 hoc
1076 384 1160 418 igitur
1185 384 1256 418 (meo
1283 384 1393 419 quidem
1414 384 1531 420 judicio)
1559 385 1700 412 Christia-

911 436 953 455 nae
980 429 1042 456 vita:
1066 429 1196 464 perfectio
1213 429 1264 456 sita
1293 433 1346 460 est,
1379 433 1410 456 ut
1435 430 1576 456 nominum
1595 431 1696 464 quibus

910 473 1013 501 Christi
1033 482 1134 502 nomen
1157 474 1332 510 significatur
1349 475 1508 509 participes,
1532 482 1627 501 eorum
1644 475 1696 502 vim

910 524 938 547 et
949 521 1052 551 animo.
1067 525 1094 547 et
1106 520 1242 551 oratione.
1254 525 1281 547 et
1294 520 1402 547 vivendi
1417 520 1550 548 institutis
1561 521 1698 554 exprima-

907 572 978 595 mus,
1004 569 1033 592 ut
1060 565 1213 592 absolutam
1238 565 1311 591 illam
1337 572 1351 591 a
1372 564 1456 591 Paulo
1479 564 1696 591 commendatam

907 611 1080 637 sanctitatem
1099 610 1281 644 suscipientes
1293 611 1326 641 ⁷⁸,
1339 618 1389 637 nos
1401 610 1508 644 integro
1528 613 1555 636 et
1570 617 1696 644 corpore,

906 659 932 682 et
948 656 1051 687 animo.
1067 659 1094 682 et
1111 655 1209 691 spiritu
1226 656 1300 682 nulla
1319 655 1382 683 mali
1398 655 1577 690 permistione
1600 657 1696 681 conta—

908 700 1026 728 minatos
1047 708 1254 729 conservemus.
1271 699 1349 733 Quod
1366 701 1390 728 si
1410 700 1473 735 quis
1487 699 1521 726 ad
1545 699 1694 734 perfectam

907 747 1035 773 virtutem
1051 746 1251 781 assequendam
1267 746 1453 773 difficillimam
1471 752 1534 772 esse
1545 744 1628 770 vitam
1645 742 1696 770 eb-

905 791 994 825 jiciat.
1010 799 1114 818 cumex
1127 792 1203 826 ontui
1219 796 1345 818 creatura
1365 791 1442 818 solus
1464 789 1645 817 immutabilis
1658 789 1696 815 sit

907 836 1046 869 Christus,
1065 838 1226 864 inconstans
1250 840 1342 863 autem
1366 841 1462 863 natura
1485 836 1602 862 humana
1617 837 1645 860 et
1661 832 1696 860 ad

69 880 129 916 ἔχει,
149 880 209 912 πῶς
223 878 277 908 οὖν
295 881 351 907 ὲστι
363 881 484 912 δυνατὸν,
499 881 529 908 τὸ
545 882 574 908 ἐν
591 881 631 916 τῷ
647 881 742 916 ἀγαθῷ
759 880 856 915 πάγιόν

910 881 1076 908 mutationes
1089 881 1228 916 proclivis,
1245 880 1361 914 ideoque
1378 880 1437 906 fieri
1452 887 1506 906 non
1519 884 1608 913 posse,
1623 881 1652 903 ut
1663 877 1696 903 ad

70 924 152 951 τεκαὶ
175 925 387 960 ἀμετάτρεπτον
413 926 440 952 ὲν
457 927 489 961 τῇ
520 927 624 962 τρεπτῇ
650 926 856 961 κατορθωθῆναι

70 968 153 1003 φύσει·
166 969 237 1004 προς
252 969 347 996 τοίνυν
363 970 408 997 τὸν
422 970 539 998 τοιοῦτον
551 971 638 1005 λόγον,
654 971 741 998 ἐκεῖνό
756 979 856 1006 φαμεν,

70 1014 107 1040 ὃτι
132 1013 181 1040 οὐκ
206 1014 271 1041 ἐστι
291 1015 494 1051 στεφανωθῆναι
525 1025 586 1043 τινα
601 1017 645 1043 τὸν
671 1017 708 1052 μὴ
735 1016 857 1052 νομίμως

70 1059 214 1095 ἀθλήσαντα
225 1068 235 1077 ο
248 1060 304 1087 οὐκ
319 1059 352 1087 ἃν
365 1061 394 1088 δὲ
410 1061 515 1095 γένοιτο
535 1062 659 1097 νομίμως
680 1061 802 1097 ἄθλησις,
819 1061 857 1097 μὴ

71 1103 138 1135 avre;
144 1103 191 1131 τοῦ
205 1105 451 1140 προσ-παλαίοντος.
466 1107 498 1133 Εἰ
516 1104 561 1133 οὖν
572 1107 610 1142 μὴ
621 1105 654 1142 ἦν
671 1107 685 1133 ὁ
700 1106 856 1138 ἀντίπαλος,

72 1149 112 1176 οὐδ
126 1149 157 1176 ἂν
171 1151 185 1176 ὁ
204 1151 340 1185 στέφανος
356 1149 390 1186 ἦν
403 1159 409 1166 ·
430 1152 447 1186 ἠ
469 1152 532 1187 νίκη
546 1151 600 1187 γὰρ
612 1151 672 1178 καθ’
695 1152 794 1187 ἑαυτὴν
807 1152 857 1178 οὐκ

74 1193 148 1226 ἐςτιν,
159 1195 206 1221 ἐὰν
225 1195 264 1231 μὴ
284 1193 517 1232 ᾔτοήττώμενον.
532 1197 636 1223 Οὐκοΰν
654 1196 721 1232 πρὸς
743 1197 808 1223 αὐτὸ
824 1197 855 1223 τὺ

73 1240 180 1275 ’πρεπτὸν
191 1241 242 1276 τῆς
269 1241 379 1276 φύσεως
395 1241 474 1277 ἡμῶν
499 1241 707 1277 ἀγωνισώμεθα,
723 1239 778 1268 οἷόν
805 1250 857 1268 τινι

74 1285 204 1321 ἀντιπάλῳ
226 1286 273 1313 διὰ
292 1287 348 1313 τῶν
367 1286 504 1322 λογισμῶν
520 1287 749 1322 συμπλεκόμενοι,
764 1287 796 1314 οὐ
813 1287 858 1314 διὰ

74 1331 115 1358 τοῦ
129 1332 294 1360 καταϐαλεῖν
317 1332 402 1368 αὐτὴν
431 1333 539 1366 νικηταὶ
556 1332 704 1367 γινόμενοι,
727 1331 795 1358 ἀλλὰ
813 1331 858 1358 διά

74 1376 115 1403 τοῦ
134 1376 170 1412 μὴ
182 1379 363 1412 συηωρῇσαι
379 1379 480 1404 πεσεῖν.
499 1377 565 1404 Οὐδὲ
578 1377 632 1413 γὰρ
648 1377 727 1412 μόνον
747 1377 814 1413 πρὸς
827 1377 857 1403 ei

76 1422 150 1448 κακὸν
161 1423 176 1448 ὸ
189 1423 335 1457 ἄνθρωπος
346 1424 380 1458 τῇ
394 1424 482 1458 τροπῇ
501 1423 599 1458 χρῆται
623 1421 650 1460 (ἦ
664 1423 719 1458 γάρ
737 1423 770 1449 ἂν
785 1422 858 1458 ἀμή-

75 1475 147 1500 χανον
158 1465 192 1503 ἦν
210 1468 297 1495 αὑτὸν
312 1469 341 1495 ὲν
353 1468 448 1503 ἀγαθῷ
461 1468 597 1503 γενέσθαι,
609 1469 634 1495 εί
652 1468 719 1504 πρὸς
734 1468 765 1495 τὺ
782 1469 858 1495 ἐναν-

76 1512 126 1540 τίον
138 1513 215 1548 μόνον
242 1512 295 1548 τὴν
317 1513 402 1549 ῥοπὴν
416 1510 488 1549 εἶχεν
502 1515 535 1540 ἐκ
548 1513 666 1549 φύσεως)
679 1522 687 1529 ⁸
699 1514 758 1540 νυνὶ
775 1513 804 1540 δὲ
827 1513 859 1540 τὸ

907 934 967 954 eam
982 927 1184 962 perveniamus,
1205 926 1298 960 ibique
1312 926 1380 952 firmi
1397 929 1423 952 et
1437 923 1621 951 immutabiles
1631 929 1698 949 con-

908 972 1050 1005 sistamus,
1074 972 1139 998 huic
1166 971 1405 1005 respondebimus,
1437 969 1567 995 athletam
1592 967 1696 994 nullum

907 1018 1044 1050 coronari,
1061 1017 1107 1052 qui
1122 1024 1176 1044 non
1193 1017 1312 1052 legitime
1342 1014 1489 1043 certaverit
1500 1014 1541 1047 ";
1558 1018 1696 1040 certamen

907 1071 989 1099 porro
1003 1071 1057 1091 non
1069 1071 1130 1091 esse
1141 1062 1302 1097 legitimum,
1321 1061 1344 1089 εἰ
1358 1060 1452 1087 nullus
1465 1066 1583 1094 quocum
1593 1065 1697 1092 pugnes

907 1110 980 1138 adsit
994 1109 1179 1137 adversarius.
1195 1107 1378 1142 Quamobrem
1395 1106 1418 1133 si
1432 1103 1608 1132 adversarius
1641 1110 1696 1130 non

907 1158 960 1186 est,
971 1163 1074 1183 corona
1100 1162 1153 1181 non
1174 1153 1246 1186 erit;
1269 1151 1384 1179 victoria
1410 1151 1494 1180 enim,
1519 1150 1571 1177 nisi
1595 1147 1697 1183 aliquid

908 1202 1009 1228 victum
1024 1201 1070 1232 sit,
1086 1207 1148 1227 esse
1163 1207 1216 1226 non
1232 1202 1332 1233 potest.
1359 1196 1426 1224 Cum
1449 1196 1496 1222 illo
1512 1195 1604 1230 igitur,
1623 1193 1695 1228 quod

907 1246 936 1273 in
953 1251 1049 1273 natura
1065 1249 1160 1272 nostra
1171 1243 1300 1271 mutabile
1311 1247 1364 1275 est,
1379 1246 1509 1276 tanquam
1524 1247 1586 1267 cum
1597 1238 1696 1266 adver-

908 1291 982 1319 sario
995 1298 1027 1318 ea
1044 1291 1151 1317 ratione
1170 1289 1318 1324 compositi
1343 1289 1533 1317 decertemus,
1551 1290 1578 1312 ut
1608 1285 1696 1319 ipsam

908 1343 962 1364 non
990 1335 1161 1370 dejicientes,
1190 1334 1238 1361 sed
1264 1333 1363 1361 cadere
1396 1339 1449 1359 non
1482 1329 1694 1365 permittentes,

908 1381 1028 1408 victores
1058 1380 1156 1407 simus.
1185 1379 1276 1413 Neque
1302 1385 1366 1405 vero
1390 1376 1423 1404 ad
1449 1375 1550 1402 malum
1576 1377 1699 1400 tantum-

908 1425 990 1452 modo
1005 1424 1217 1460 propensionem
1235 1423 1317 1450 habet
1334 1422 1417 1449 homo
1435 1429 1441 1448 :
1461 1427 1524 1447 nam
1541 1419 1564 1447 si
1581 1418 1615 1444 ad
1638 1424 1698 1445 eam

909 1474 1018 1505 partem
1036 1470 1169 1497 duntaxat
1185 1473 1283 1496 natura
1308 1467 1436 1502 proclivis
1449 1469 1532 1497 esset,
1547 1464 1580 1491 ad
1595 1464 1697 1490 bonum

908 1524 970 1545 sese
980 1524 1034 1544 non
1049 1519 1142 1551 posset
1157 1519 1326 1542 convertere.
1345 1513 1424 1540 Nunc
1439 1516 1529 1538 autem
1546 1509 1699 1546 pulcherri-

77 1557 209 1586 κάλλιπον
220 1560 273 1595 τῆς
289 1560 390 1595 τροπῆς
406 1559 494 1596 ἔργον,
510 1561 526 1595 ή
542 1560 571 1586 ὲν
584 1561 640 1591 τοῖς
657 1559 769 1594 ἀγαθοῖς
785 1560 858 1586 ἐστιν

910 1569 985 1589 mum
1001 1561 1133 1588 motionis
1147 1568 1219 1595 opus
1233 1564 1287 1590 est,
1303 1560 1392 1593 ipsum
1409 1559 1436 1584 in
1446 1557 1526 1584 bonis
1544 1556 1700 1582 incremen-

79 1603 191 1639 αὔξησις,
216 1605 336 1632 πάντοτε
353 1605 403 1640 τῆς
419 1605 486 1640 πρὸς
503 1605 534 1632 τὸ
558 1606 680 1642 κρεῖττον
691 1604 860 1637 ἀλλοιώσεως

78 1649 118 1675 ἐπὶ
130 1650 158 1676 τὸ
168 1649 308 1686 θειότερον
327 1651 525 1686 μεταποιούσης
534 1651 579 1678 τὸν
595 1651 684 1683 καλῶς
701 1651 860 1687 ἀλλοιούμε-

79 1704 126 1722 νον.
149 1697 252 1723 οὐκοῦν
275 1696 307 1723 τὸ
331 1697 444 1733 φοϐερὸν
468 1696 537 1724 εἶναι
565 1697 660 1724 δοκοῦν
684 1698 766 1733 (λέγω
780 1698 808 1724 δὲ
830 1698 860 1725 τὸ

79 1741 187 1776 τρεπτὴν
201 1741 284 1777 ήμῶν
294 1740 366 1769 εῐναι
386 1742 436 1778 τὴν
452 1742 556 1777 φύσιν),
573 1742 629 1769 οἶόν
641 1751 667 1770 τι
682 1743 780 1779 πτερὸν
792 1743 860 1778 πρὸς

80 1784 122 1820 τὴν
135 1786 178 1813 ἐπὶ
188 1786 222 1814 τὰ
239 1786 329 1822 μείζω
340 1787 437 1822 πτῆσιν
451 1788 466 1814 ὁ
479 1787 556 1821 λόγος
569 1787 707 1819 ὑπέδειξεν
717 1796 723 1803 ·
747 1788 785 1819 ὡς
812 1787 859 1823 ζη-

82 1830 139 1864 μίαν
153 1829 221 1858 εἶναι
246 1833 316 1867 ἡμῖν
336 1832 366 1858 τὺ
384 1832 422 1868 μὴ
439 1832 569 1859 δύνασθαι
588 1832 638 1867 τὴν
653 1832 720 1867 πρὸς
733 1832 762 1860 τὸ
775 1833 861 1868 κρεῖτ-

81 1885 120 1902 τον
132 1877 272 1904 ἀλλοίωσιν
279 1878 418 1912 δέξασθαι.
428 1878 472 1914 Μὴ
484 1879 574 1905 τοίνυν
585 1879 722 1906 λυπείσθω
731 1880 745 1905 ὁ
756 1878 861 1913 βλέπων

81 1923 106 1948 ὲν
120 1924 150 1958 τῇ
166 1923 245 1957 φύσει
258 1924 290 1950 τὸ
303 1924 370 1958 πρὸς
386 1924 435 1959 τὴν
452 1924 602 1960 μεταὸολὴν
613 1924 775 1959 ἐπιτήδειον,
794 1924 861 1950 ἀλλά

83 1968 141 2003 πρὸς
150 1969 178 1996 τὸ
190 1971 316 2005 κρεῖττον
335 1971 442 2002 πάντως
468 1970 666 2005 ἀλλοιούμενος,
683 1971 730 1996 καὶ
747 1970 800 1997 ἀπὸ
820 1970 862 1996 δό-

82 2013 125 2048 ξης
138 2015 174 2047 είς
188 2016 270 2049 δόξαν
281 2015 546 2050 μεταμορφούμενος,
558 2014 628 2041 οὕτω
646 2014 797 2050 τρεπὲσθω,
818 2014 862 2041 διὰ

82 2058 124 2093 τῆς
139 2059 197 2086 καθ’
212 2061 323 2096 ἡμέραν
347 2061 486 2095 αὐξήσεως
501 2061 614 2087 πάντοτε
637 2060 767 2095 κρείττων
787 2061 859 2094 γινό-

85 2112 163 2138 μενος,
179 2107 225 2133 καὶ
252 2106 297 2133 ἀεὶ
313 2106 509 2141 τελειούμενος,
536 2107 583 2132 καί
603 2106 737 2141 μηδέποτε
754 2107 821 2141 πρὺς
832 2106 862 2132 τὸ

84 2149 160 2184 πέρας
174 2152 283 2185 φθάνων
301 2151 351 2186 τῆς
367 2151 543 2187 τελειότητος.
556 2151 660 2178 Αὐτίκα
675 2152 730 2187 γάρ
741 2152 814 2178 ἐστιν
825 2151 862 2183 ὡς

84 2195 180 2230 ἀληθῶς
193 2197 330 2232 τελειότης
342 2197 372 2223 τὸ
387 2197 520 2232 μηδέποτε
536 2197 632 2232 στῆναι
649 2197 717 2231 προς
731 2197 762 2223 τὸ
774 2197 862 2231 κρεῖτ-

910 1611 980 1639 tum,
995 1614 1057 1634 cum
1090 1606 1192 1640 impetu
1209 1605 1265 1636 illo,
1281 1612 1337 1639 quo
1351 1604 1384 1630 ad
1397 1603 1493 1629 melius
1510 1600 1658 1632 trahimur,
1675 1598 1700 1627 is

910 1654 956 1688 qui
969 1657 1042 1681 recte
1055 1657 1188 1682 movetur,
1206 1651 1317 1678 assidue
1340 1648 1508 1676 transfertur
1525 1647 1557 1674 ad
1580 1653 1612 1673 ea
1638 1652 1700 1680 qua:

911 1699 1045 1726 diviniora
1062 1702 1135 1724 sunt.
1149 1697 1177 1723 Id
1191 1703 1267 1731 ergo,
1287 1695 1358 1729 quod
1372 1693 1572 1721 formidandum
1589 1691 1700 1718 videba-

911 1749 966 1776 tur,
984 1751 1081 1778 nempe
1093 1747 1219 1769 naturam
1238 1747 1360 1768 nostram
1376 1739 1534 1766 mutabilem
1553 1744 1627 1770 esse,
1651 1742 1701 1764 no-

910 1789 954 1816 bis
969 1793 1098 1822 tanquam
1119 1788 1188 1818 alas,
1202 1786 1302 1820 quibus
1313 1784 1347 1811 ad
1363 1783 1465 1818 majora
1482 1782 1615 1812 volemus,
1631 1787 1700 1815 prab-

911 1834 975 1860 bere
987 1832 1238 1860 demonstravimus
1254 1839 1262 1858 :
1280 1830 1382 1856 damno
1397 1829 1469 1856 enim
1485 1827 1511 1854 id
1527 1826 1608 1854 nobis
1624 1826 1699 1852 futu-

911 1887 971 1906 rum
988 1879 1083 1910 fuisse,
1096 1878 1119 1905 si
1141 1877 1318 1904 imitationem
1331 1875 1363 1902 ad
1380 1872 1624 1906 meliussuscipere
1643 1877 1699 1897 non

913 1931 1066 1959 possemus.
1088 1921 1127 1950 Ne
1142 1922 1205 1957 quis
1220 1921 1304 1956 igitur
1314 1921 1368 1947 vim
1385 1919 1411 1946 in
1425 1922 1523 1945 natura
1540 1915 1700 1943 mutationi-

912 1970 962 1997 bus
975 1973 1065 2004 aptam
1074 1972 1101 1996 et
1115 1968 1240 1995 idoneam
1255 1973 1371 1993 cernens
1382 1965 1473 1992 doleat
1491 1968 1537 1990 aut
1548 1968 1700 1995 conquera-

912 2020 967 2047 tur,
981 2015 1028 2042 sed
1041 2022 1104 2042 sese
1125 2014 1299 2040 continenter
1316 2012 1344 2039 in
1373 2011 1471 2038 melius
1489 2014 1650 2043 promovens
1671 2012 1700 2035 et

912 2062 945 2088 de
959 2061 1044 2096 gloria
1057 2060 1083 2086 in
1100 2059 1214 2094 gloriam
1229 2058 1410 2087 transferens,
1427 2054 1596 2090 quotidianis
1614 2054 1700 2080 incre-

913 2106 1010 2133 mentis
1024 2106 1060 2133 ita
1076 2109 1206 2136 vertatur,
1226 2108 1256 2130 ut
1279 2104 1307 2130 in
1323 2102 1382 2129 dics
1398 2101 1493 2127 melior
1511 2103 1539 2127 et
1553 2099 1700 2134 perfectior

913 2153 970 2183 liat,
983 2159 1034 2178 nec
1050 2157 1169 2185 unquam
1197 2157 1227 2177 sc
1241 2147 1275 2175 ad
1291 2146 1468 2183 perfectionis
1488 2151 1587 2172 metam
1606 2153 1701 2180 perve-

916 2198 991 2225 nisse
1011 2197 1062 2224 sibi
1077 2195 1252 2231 persuadeat.
1272 2194 1309 2220 Ea
1329 2193 1402 2220 enim
1416 2199 1479 2219 vere
1495 2189 1628 2225 perfectio
1643 2193 1697 2220 est,

85 2248 123 2266 τον
135 2242 325 2279 αὐξανόμενον,
342 2243 409 2278 μηδέ
419 2252 470 2269 τινι
483 2243 579 2278 πέρατι
592 2242 745 2278 περιορίσαι
757 2242 806 2277 τὴν
814 2250 858 2268 τε-

917 2248 945 2270 ιιι
973 2242 1020 2276 qui
1055 2245 1170 2275 augetur
1203 2240 1229 2266 in
1252 2238 1362 2269 melius,
1387 2243 1527 2271 nunquam
1552 2234 1697 2266 consistat,

85 2283 207 2321 λειότητα.

117 2375 137 2392 ’⁸
150 2377 157 2404 l
169 2376 264 2407 Thess.
279 2387 306 2412 v,
322 2378 368 2406 25.
405 2379 429 2395 ⁷³
440 2378 462 2405 ll
476 2377 546 2406 Tim.
565 2385 595 2412 ιι,
613 2378 639 2404 5.

915 2296 1002 2322 neque
1024 2286 1150 2313 terminis
1173 2285 1236 2313 ullis
1258 2283 1452 2320 perfectionem
1474 2281 1614 2308 existimet
1636 2286 1700 2307 esse

916 2332 1085 2361 conclusam.
