1922 3078
60 89 105 114 ‘15":

627 89 670 115 DE
691 89 876 117 INSTITL'TO
902 90 1122 118 ClllilSTlANO.

1633 96 1686 123 2M

61 155 152 182 μισαν,
175 156 184 172 ι
203 149 283 183 φησι,
305 158 314 173 ι
331 148 377 175 τὸν
392 149 458 175 Θεὸν
475 148 546 184 ἔχειν
560 149 589 175 ἐν
607 149 764 183 ἐπιγνώσει.
781 159 850 184 παρ-

914 156 966 176 iere
982 149 1008 175 in
1024 150 1136 181 notitia,
1159 149 1271 177 tradidit
1292 150 1354 178 illos
1385 149 1456 178 Deus
1482 151 1510 179 in
1539 153 1685 188 reprobum

59 194 151 220 έδωκεν
173 194 275 225 αὐτοὺς
311 195 352 225 εἰς
377 195 505 230 ἀδόκιμον
528 194 608 226 νοῦν,
635 196 723 221 ποιεῖν
748 195 781 221 τὰ
808 195 845 231 μὴ

59 239 217 274 καθήκοντα,
234 240 472 275 πεπληρωμένους
498 240 573 276 πάσῃ
594 240 703 275 ἀδικίᾳ,
722 239 844 276 πορνείᾳ.

59 285 179 319 πονηρία,
197 284 355 320 πλεονεξίᾳ,
372 285 455 321 κακίᾳ
465 295 472 301 ”
489 286 606 320 μεστοὺς
621 285 729 320 φθόνου,
745 285 825 320 φόνου
837 305 844 318 ,

59 329 150 363 ἔριδος,
167 329 263 360 δόλου,
279 329 445 364 κακοηθείας
456 338 463 344 ·
478 329 649 364 ψιθυριστὰς,
667 329 845 360 καταλάλους,

59 375 221 408 θεοστυγεῖς,
237 375 382 410 ὑϐριστὰς,
394 374 595 411 ὑπερηφάνους,
610 375 753 406 ἀλαζόνας.
766 375 846 409 ἐφευ-

61 420 137 454 ρὲτας
153 420 260 453 κακῶν,
277 420 402 454 γονεῦσιν
414 420 546 452 ἀπειθεῖς,
564 420 720 452 ἀσυνέτους,
733 420 840 446 ἀσυνθέ-

59 475 126 497 τους,
143 465 308 501 ἀστόργους,
322 467 480 498 ἀσπόνδους,
492 467 683 501 ἀνελεήμονας.
699 466 804 496 Οῖτινες
817 465 848 491 τὸ

59 511 193 546 δικαίωμα
219 511 267 537 τοῦ
284 512 352 538 Θεοῦ
369 512 523 545 ἐπιγνόντες
537 532 544 544 ,
562 513 603 538 ὃτι
626 512 651 537 οἱ
676 510 712 537 τὰ
735 511 848 538 τοιαῦτα

60 556 224 591 πράττοντες
249 556 319 589 ἄξιοι
343 556 458 583 Θανάτου
482 556 560 582 εἰσίν.
580 565 589 581 t
614 555 696 590 Ὁρᾷς
712 555 785 586 ὅπως
799 554 848 589 τὴν

60 601 224 636 κακοήθειαν
241 602 289 628 καὶ
305 601 355 637 τὴν
370 601 558 636 ὑπερηφανίαν
574 601 621 627 καὶ
645 600 689 626 τὸν
709 600 785 627 δόλον
802 600 849 626 καὶ

60 646 92 672 τὰ
108 646 191 673 λοιπὰ
206 646 260 673 τῶν
284 646 423 682 κρυπτῶν,
448 646 486 682 τῷ
503 646 575 681 φόνῳ
596 646 641 672 καὶ
658 647 691 681 τῇ
709 644 850 679 πλεονεξίᾳ

62 693 104 719 καὶ
120 693 178 724 τοῖς
190 692 321 724 τοιούτοις
341 693 408 719 πᾶσι
422 691 574 724 συνέταξεν.
596 692 673 718 οὓτω
687 691 714 717 δέ
731 691 787 717 ἐστι
803 699 850 716 πο-

62 738 129 773 νηρὰ
158 739 207 765 καὶ
227 738 342 765 δυσίατα
368 738 403 765 τὰ
428 739 488 769 ταῖς
513 738 614 772 ψυχαῖς
637 736 850 772 ἐγκεκρυμμένα

61 785 132 811 κακὰ
145 804 153 815 .
171 784 243 811 ὥστε
258 784 296 819 μὴ
308 784 423 811 δυνατὸν
437 781 506 810 εἶναι
525 783 568 810 διὰ
585 783 668 818 μόνης
686 782 734 818 τῆς
746 782 851 818 ἀνθρω-

899 202 1022 227 sensum,
1038 200 1069 221 ut
1083 194 1184 221 faciant
1198 203 1230 223 ea
1245 203 1306 230 qua:
1322 204 1377 222 non
1395 198 1576 231 conveniunt,
1599 199 1687 234 reple-

900 245 942 266 tos
956 241 1030 266 omni
1047 241 1202 275 iniquitate,
1219 241 1332 273 malitia,
1348 241 1541 276 fornicatione,
1559 246 1684 277 avaritia,

899 285 1151 320 nequitia;plenos
1168 286 1279 318 invidia,
1310 287 1470 320 homicidio,
1499 290 1685 322 contentione,

899 330 973 363 dolo,
995 331 1185 366 malignitate;
1213 339 1389 364 susurrones,
1419 333 1600 367 detractores,
1632 334 1688 362 Deo

899 376 1026 406 odibiles,
1045 377 1272 408 contumeliosos,
1288 377 1432 410 superbos,
1451 378 1548 411 elatos,
1562 380 1688 407 invento-

901 428 945 447 res
962 422 1107 453 malorum,
1123 421 1284 455 parentibus
1296 429 1350 448 non
1368 421 1539 453 obedientes,
1555 423 1687 458 insipien-

900 471 952 498 tes,
975 466 1183 501 incompositos,
1204 467 1263 494 sine
1277 467 1432 500 aﬂ‘ectione,
1451 468 1555 503 absque
1573 468 1686 502 foedere,

900 511 959 538 sine
986 511 1187 539 misericordia.
1211 511 1263 544 Qui
1291 519 1352 539 cum
1368 513 1502 547 justitiam
1524 513 1570 541 Dei
1587 522 1689 549 ροκιιοο

902 555 1015 587 vissent,
1030 563 1082 582 non
1096 555 1302 588 intellexerunt,
1314 557 1444 591 quoniam
1459 558 1504 592 qui
1517 558 1578 584 talia
1592 562 1688 593 agunt,

902 605 990 627 morte
1005 602 1078 636 digni
1101 605 1166 628 sunt
1179 601 1210 628 '5.
1229 611 1238 626 ι
1266 600 1349 629 Vides
1365 606 1395 629 ut
1423 603 1630 638 malignitatem,
1661 607 1689 630 ct

903 647 1074 681 Superbiam,
1089 651 1116 674 et
1134 647 1258 674 fraudein
1272 651 1300 674 et
1312 652 1409 674 caetera
1421 649 1529 675 occulta
1537 649 1608 677 _vitia
1621 648 1687 675 exedi

902 695 929 718 et
944 691 1076 724 avaritiae,
1093 695 1176 726 atque
1192 691 1327 724 ejusmodi
1347 691 1426 718 malis
1447 693 1575 719 omnibus
1591 692 1690 724 adjun-

903 736 998 763 xerit?
1015 736 1054 763 Ita
1068 744 1151 771 porro
1166 745 1301 771 perversae
1320 742 1348 764 et
1370 743 1468 764 sanatu
1486 737 1609 765 ditlieiles
1625 743 1690 765 sunt

906 781 1006 808 animis
1021 781 1190 809 abscondita:
1207 782 1294 814 labes,
1313 787 1342 809 ut
1356 782 1434 810 nefas
1445 783 1480 810 sit
1493 784 1552 810 solo
1570 783 1690 810 humatio

61 830 141 864 πίνης
158 830 279 864 σπουδῆς
296 830 343 856 καὶ
361 830 460 865 ἀρετῆς
478 828 607 864 ἐκτρῖψαι
627 828 674 855 xa‘t
691 827 807 859 ἀνελεῖν,
827 827 851 853 εἰ

914 826 997 854 iludio
1011 834 1042 853 ac
1059 827 1161 854 virtute
1172 826 1258 854 deteri
1275 831 1357 862 atque
1390 828 1483 860 eximi,
1512 828 1564 855 nisi
1589 830 1612 855 si
1628 830 1690 863 quis

64 877 98 910 μὴ
114 883 156 906 τις
172 875 224 910 τὴν
236 874 284 901 τοῦ
304 874 459 910 Πνεῦματος
475 874 588 910 δύναμιν
602 873 746 909 σύμμαχον
767 881 852 908 προσ-

63 921 140 957 λάῦῃ.
169 920 215 946 Διὸ
231 921 277 947 καὶ
296 921 311 946 ό
335 920 415 946 Δαὸίδ
431 927 524 955 φησιν’
543 929 553 946 ‹
589 920 637 946 Ἐκ
657 919 711 946 τῶν
732 918 853 954 κρυφίων

67 976 115 1001 μου
129 965 280 1002 noema»;
297 975 341 1000 με,
359 966 406 992 καὶ
416 966 463 992 ἀπ’
475 965 622 1001 ἀλλοτρίων
638 966 728 999 φεῖσαι
737 964 782 991 τοῦ
792 963 854 991 δού-

65 1012 108 1038 λου
125 1021 185 1038 σου.
215 1021 225 1037 ›
252 1011 300 1038 Ἐκ
316 1011 363 1038 δύο
377 1011 431 1046 γὰρ
450 1011 465 1038 ὁ
481 1009 520 1043 εἷς
542 1010 683 1045 ἄνθρωπος
698 1010 853 1045 ἥρμοσται,

64 1056 152 1091 ψυχῆς
176 1064 207 1082 τε
225 1056 272 1082 καὶ
291 1055 428 1090 σώματος.
446 1055 501 1082 Καὶ
520 1056 551 1082 τὸ
569 1056 629 1091 μὲν,
641 1055 733 1082 ἀὑτοῦ
756 1055 856 1087 ἔξωθέν

67 1104 137 1129 ἔστιν
150 1111 158 1118 ·
175 1101 242 1137 ἠδὲ,
259 1102 332 1128 ἔνδον
349 1101 424 1137 παρὰ
442 1101 486 1127 τὸν
502 1101 558 1136 βίον
572 1102 657 1136 μένει.
675 1101 736 1137 Χρὴ
751 1099 797 1128 οὖν
810 1101 856 1127 τὸν

67 1149 210 1184 ἄνθρωπον
234 1149 264 1174 τὸ
291 1148 339 1183 μὲν
364 1147 461 1179 ἔξωθεν
484 1148 701 1184 παραγρυπνεῖν,
722 1147 856 1183 τηροῦντα

69 1195 104 1229 μή
115 1203 142 1220 τι
153 1194 208 1220 τῶν
223 1193 364 1230 σφαλερῶν
377 1193 582 1228 ἁμαρτημάτων
597 1193 761 1228 προσπεσὸν,
773 1201 858 1220 κατα-

70 1239 145 1275 σείσῃ
173 1239 222 1265 καὶ
248 1238 401 1273 διαφθείρῃ.
425 1238 491 1273 Περὶ
513 1235 543 1264 οὗ
573 1238 620 1264 καὶ
650 1239 665 1264 ὁ
696 1237 857 1269 ’Δπόπτολος

70 1285 178 1311 ἀπειλεῖ
192 1284 291 1318 λέγων·
310 1294 319 1310 ι
337 1284 388 1310 ἰ’ὸν
403 1283 546 1318 φθείροντα
565 1283 610 1310 τὸν
630 1284 692 1310 ναὸν
712 1283 759 1310 τοῦ
778 1283 857 1315 Θεοῦ,

71 1331 165 1366 φηερεῖ
183 1332 197 1357 ὁ
216 1329 292 1362 θεός.
310 1339 319 1356 ι
345 1329 400 1365 Τὴν
416 1329 445 1356 δὲ
458 1330 532 1357 ἔνδον
555 1329 599 1356 διὰ
621 1330 710 1365 πάσης
730 1331 858 1366 φρουρεῖν

72 1376 204 1410 φυλακῆς,
219 1377 255 1410 μή
271 1383 312 1407 τις
325 1375 402 1409 λόγος
419 1374 518 1406 κακίας
532 1375 564 1401 ὲκ
582 1374 680 1409 βάθους
697 1375 777 1401 ποθὲν
791 1376 859 1401 ἀνα-

73 1421 174 1456 κύψας,
195 1420 243 1447 καὶ
258 1420 303 1447 τὸν
321 1420 370 1456 τῆς
389 1420 528 1451 εὐσεϐείας
540 1419 670 1456 λογισμὸν
683 1420 858 1455 διαφθείρας,

74 1465 244 1500 δουλώσηται
268 1465 317 1499 τὴν
337 1464 434 1500 ψυχὴν,
462 1464 608 1500 πληρώσας
623 1464 677 1491 τῶν
702 1465 860 1491 διελκόντων

76 1512 161 1545 αὐτὴν
169 1510 258 1545 λάθρα
273 1510 374 1536 παθῶν.
388 1521 396 1535 ι
410 1510 446 1536 Οὑ
456 1510 570 1544 ζεύξεις,
585 1520 594 1536 ι
609 1511 691 1546 φησὶν
701 1511 714 1537 ὁ
728 1510 860 1546 μακάριος
875 1502 896 1531 c

75 1558 139 1584 Μωῦ
144 1557 205 1591 σῆς,
221 1566 230 1581 ι
246 1557 275 1582 ἐν
284 1558 317 1591 τῇ
327 1555 409 1582 ἆλωνί
423 1565 471 1583 σου
480 1555 537 1587 ζῶα
548 1556 678 1591 ἀλλσγενῆ
688 1557 732 1582 ἐπὶ
742 1557 773 1582 τὸ
785 1556 860 1583 αὑτόο

74 1600 140 1636 οἷον,
155 1602 219 1637 βοῦν
236 1602 282 1628 καὶ
299 1601 358 1627 ὖνον
379 1601 446 1627 Οὐδὲ
460 1603 620 1636 συνυφανεῐς
636 1603 664 1628 ὲν
682 1601 781 1636 ίματίῳ
790 1601 862 1637 ἔριον

75 1648 149 1683 λίνῳ.
176 1648 214 1674 οὐ
231 1649 399 1682 γεωργήσεις
421 1648 450 1673 ὲν
469 1649 502 1682 τῇ
518 1647 593 1683 χώρᾳ
608 1649 658 1683 τῆς
679 1649 730 1682 γῆς
743 1656 789 1673 σου
816 1647 863 1674 δύο

75 1694 199 1728 καρποὺς
216 1694 261 1719 ἐπὶ
275 1693 306 1719 τὸ
324 1693 399 1719 αὐτό.
415 1693 481 1719 Οὐδὲ
500 1693 624 1727 δεύτερον
638 1693 684 1719 τοῦ
697 1692 830 1720 ἐνιαυτοῦ.
851 1702 860 1719 ι

76 1741 132 1767 Οὐκ
145 1739 284 1771 ἐπιϐαλεῖς
298 1739 454 1774 ὲτερογενὲς
467 1739 534 1771 ζῶον
548 1740 594 1766 ἐπὶ
608 1740 700 1774 ἕτερον
715 1740 754 1771 είς
770 1740 863 1775 γονήν.

110 1832 144 1858 Τί
164 1832 251 1858 ταῦτα
269 1831 392 1866 βούλεται
403 1831 438 1858 τὰ
450 1831 615 1867 αἰνίγματα;
631 1832 663 1858 τὸ
677 1833 715 1869 μὴ
725 1833 780 1860 δεῖν
793 1834 822 1860 ὲν
832 1835 866 1870 τῇ

77 1877 147 1912 αὐτῇ
158 1877 230 1912 ψυχῇ
246 1878 346 1903 κακίαν
357 1878 404 1904 καὶ
418 1876 518 1913 ἀρετὴν
532 1877 712 1912 συμφυτεὺειν
728 1878 866 1914 ἀλλήλαις.

78 1924 147 1950 Ποία
164 1924 239 1958 φιλία
249 1923 424 1959 σωφροσύνης
437 1923 505 1958 πρὸς
520 1924 655 1958 ἀκρασίαν
667 1933 674 1954 ;
687 1924 750 1950 ποία
765 1924 867 1951 δικαιο-

80 1970 164 2004 σύνης
175 1971 243 2005 πρὸς
256 1970 362 1996 ἀδικίαν
371 1970 489 2004 (ignivoma;
503 1969 580 1996 ἀειτό
593 1970 685 2005 ἕτερον
694 1970 868 2003 ὑπεξίσταται

78 2015 119 2051 τῷ
142 2016 238 2050 ἑτέρῳ.
257 2016 302 2041 Δεῖ
318 2014 364 2041 οὖν
380 2015 424 2041 τὸν
443 2015 524 2049 σοφὸν
543 2016 676 2051 γεωργὸν,
695 2015 821 2051 καθάπερ
837 2016 868 2043 ὲκ

79 2061 129 2095 τῆς
145 2063 237 2096 πηγῆς
253 2061 368 2095 ποτίμου
385 2061 431 2086 καὶ
447 2060 551 2095 ἀγαθῆς
563 2081 570 2092 ,
595 2060 702 2095 καθαρὰ
727 2062 869 2096 παραπέμ-

79 2113 142 2130 πειν
155 2104 202 2130 τοῦ
219 2104 276 2139 βίου
291 2104 325 2130 τὰ
339 2105 462 2139 νάματα’
477 2104 544 2139 μόνα
557 2105 590 2131 τὰ
606 2104 652 2131 τοῦ
668 2105 734 2132 Θεοῦ
749 2106 868 2141 γεώργια

80 2150 185 2180 εἰδότα,
203 2150 249 2176 καὶ
266 2150 370 2181 τούτοις
386 2149 513 2176 πονοῦντα
532 2150 574 2176 διὰ
592 2149 660 2185 βίου,
678 2151 724 2176 καὶ
741 2151 867 2186 παραμέ-

81 2204 159 2222 νοντα
171 2202 177 2208 ·
193 2195 267 2226 ὅπως
281 2195 332 2221 κᾶν
347 2194 499 2230 ὑποφὺηταί
511 2204 551 2226 τις
564 2195 638 2227 ξένος
650 2195 778 2231 λογισμὸς
793 2197 821 2222 ἐν
832 2196 871 2231 τῷ

82 2242 190 2277 κρυφίῳ
204 2241 253 2275 τῆς
272 2241 384 2276 ἀρετῆς.
401 2242 465 2273 τοὺς
483 2243 545 2273 σοὺς
562 2241 623 2268 ἰδὼν
642 2242 737 2274 πόνους
755 2243 769 2269 ὁ
783 2243 871 2269 πάντα

82 2287 163 2321 ὁρῶν,
183 2286 290 2320 ταχέως
311 2287 344 2320 τῇ
363 2285 459 2311 ἑαυτοῦ
477 2285 588 2320 δυνάμει
603 2285 651 2321 τὴν
669 2285 782 2313 ὕπουλον
797 2286 872 2321 ῥίζαν

82 2332 134 2358 τῶν
151 2331 292 2366 λογισμῶν
306 2330 360 2366 πρὸ
371 2331 421 2365 τῆς
439 2331 557 2366 βλάστης
578 2333 715 2367 ἐκτεμεῖν.
733 2332 800 2358 Οὐδὲ
820 2333 874 2367 γὰρ

84 2378 157 2404 ἔστιν
176 2378 310 2412 ἁμαρτεῖν
327 2376 376 2411 τῆς
392 2375 507 2408 ἐλπίδος,
525 2377 585 2402 οὐδὲ
598 2376 771 2412 ἀνεκδίκητον
787 2378 876 2411 μεῖναι

83 2423 127 2449 τὸν
141 2423 185 2449 ἀεὶ
197 2420 402 2456 παρεδρεύοντα
415 2420 454 2456 τῷ
465 2420 534 2456 Θεῷ.
547 2422 577 2447 Et
590 2421 617 2447 δὲ
634 2421 683 2456 τὴν
696 2422 724 2447 ὲν
737 2421 775 2456 τῷ
790 2422 876 2455 Εὐαγ-

83 2469 164 2504 γελίῳ
180 2469 280 2502 χήραν,
303 2467 320 2502 ἥ
335 2467 456 2502 προσῆγε
478 2467 528 2501 μὲν
546 2467 573 2493 σὺ
595 2466 777 2502 φιλανθρώπῳ
796 2468 875 2502 κριτῇ

83 2514 113 2539 τὸ
129 2513 178 2548 τῆς
191 2511 302 2543 ἀδικίας
319 2511 434 2546 μέγεθος
447 2531 454 2543 ,
469 2513 485 2546 ὴ
498 2511 526 2537 δὲ
544 2511 625 2546 πολλὴ
640 2512 704 2547 περὶ
718 2513 767 2546 τὴν
782 2511 874 2547 δέησιν

85 2559 167 2594 σχολὴ
183 2559 232 2585 καὶ
248 2558 384 2594 καρτερία
398 2558 535 2593 νικήσασα
550 2557 596 2583 τοῦ
613 2557 740 2583 δικαστοῦ
755 2557 800 2584 τὸν
817 2558 875 2593 τρόο

86 2615 147 2638 πον,
164 2605 280 2632 ἐκκαλεῖ
304 2604 372 2640 πρὸς
394 2603 442 2639 τὴν
464 2603 510 2630 τοῦ
528 2603 703 2638 ἀδικήσαντος
722 2604 873 2639 τιμωρίαν·

88 2653 124 2687 μὴ
139 2652 228 2679 τοίνυν
243 2650 314 2687 μηδὲ
337 2649 368 2676 σὺ
391 2649 605 2684 προσευχόμενος
627 2648 756 2684 ὰπείπῃς.
776 2649 806 2676 Ei
821 2648 875 2684 γὰρ

122 2752 142 2767 ’³
164 2752 245 2780 liom.
266 2759 287 2782 I,
316 2750 408 2778 28-52.

460 2751 481 2767 “'
503 2750 575 2778 Psal.
595 2758 674 2782 xvm.
695 2751 739 2784 l5,
756 2752 799 2779 M.

88 2786 109 2802 ’³
121 2787 199 2815 Dent.
217 2794 287 2818 uti,
305 2786 332 2813 9.

375 2785 398 2802 “
409 2786 475 2813 Luc.
492 2787 570 2818 xviii,
586 2786 602 2812 5
617 2793 677 2820 sqq.

850 2752 873 2768 ¹⁰
886 2751 896 2787 Ι
911 2751 974 2780 Cor.
997 2759 1038 2784 in,
1056 2752 1100 2780 l7.
1139 2751 1260 2787 “,Dcut.
1274 2759 1342 2782 xxii,
1358 2751 1402 2778 10.

908 871 1029 906 Spiritus
1045 871 1193 906 potentiam
1223 872 1423 907 opitulatricem
1440 875 1629 909 assumpserit.
1645 876 1690 902 ld-

906 918 981 945 circo
1001 917 1039 944 ait
1055 917 1154 944 David:
1171 927 1180 943 ι
1201 917 1242 944 Ab
1258 918 1372 946 occuIlis
1390 919 1457 946 meis
1474 921 1575 947 munda
1590 928 1642 953 me,
1664 925 1691 947 et

907 964 941 990 ab
956 964 1053 991 alienis
1066 971 1148 998 parce
1163 970 1243 990 servo
1272 968 1319 990 tuo
1331 964 1364 991 ".
1384 974 1394 989 ι
1426 964 1493 991 Nam
1521 973 1555 992 ex
1583 965 1691 992 duobus

908 1017 981 1036 unus
998 1009 1079 1035 homo
1107 1015 1248 1036 connexus
1267 1012 1320 1041 est,
1345 1016 1376 1035 ex
1393 1009 1483 1036 animo
1512 1010 1637 1037 videlicet
1663 1016 1689 1036 ct

908 1063 1032 1090 corpore.
1063 1055 1152 1090 Atque
1184 1055 1235 1082 hoc
1264 1055 1373 1090 quidem
1403 1058 1480 1082 extra
1511 1056 1600 1090 ipsum
1625 1061 1690 1083 est:

909 1102 1016 1128 animus
1034 1105 1124 1127 autem
1151 1100 1225 1128 intus
1256 1105 1365 1135 propter
1383 1101 1466 1127 vitam
1496 1105 1597 1129 manet.
1617 1101 1691 1134 Qua-

911 1151 1022 1182 propter
1037 1146 1175 1173 hominem
1192 1149 1299 1180 oportet
1327 1145 1395 1172 foris
1421 1145 1531 1180 quidem
1548 1147 1692 1181 evigilare,

909 1191 1081 1219 observando
1096 1198 1130 1218 ne
1143 1191 1208 1226 quid
1225 1198 1257 1219 ex
1274 1191 1437 1225 periculosis
1452 1191 1560 1219 delictis
1571 1192 1694 1220 incidens

910 1237 1050 1264 concutiat
1067 1241 1094 1264 et
1106 1240 1274 1271 corrumpat.
1292 1236 1330 1263 De
1357 1244 1411 1270 quo
1442 1237 1523 1263 etiam
1548 1239 1695 1272 Apostolus

911 1282 1062 1314 minitatur,
1076 1289 1138 1308 cum
1156 1282 1214 1308 ait:
1233 1290 1242 1306 ‹
1263 1281 1292 1308 Si
1311 1281 1375 1316 quis
1391 1282 1522 1316 templum
1547 1283 1593 1310 Dei
1610 1283 1695 1310 viola-

912 1328 990 1360 verit,
1021 1327 1159 1363 disperdet
1189 1335 1252 1355 eum
1282 1327 1354 1354 Deus
1365 1327 1398 1354 ὀ.
1424 1337 1434 1353 ι
1466 1328 1518 1354 Par
1549 1333 1590 1355 est
1613 1329 1695 1356 etiam

912 1374 995 1401 animi
1009 1381 1107 1402 sensus
1124 1373 1236 1401 intimos
1252 1374 1325 1400 omni
1340 1374 1468 1401 cautione
1494 1375 1645 1406 custodire,
1663 1383 1698 1402 ne

913 1428 965 1455 qua
978 1420 1137 1448 vitiositatis
1147 1420 1217 1447 ratio
1228 1420 1353 1447 alicunde
1368 1428 1510 1455 emergens
1520 1428 1535 1447 e
1550 1420 1695 1455 profundo,

914 1466 1063 1501 depraiato
1077 1466 1311 1501 pietatisjudicio,
1340 1466 1458 1492 animam
1475 1467 1508 1492 ad
1537 1466 1697 1494 servitutem

915 1512 1028 1547 redigat,
1047 1519 1108 1539 cum
1123 1511 1265 1539 aﬂ‘ectibus
1281 1512 1367 1546 ipsam
1382 1512 1489 1538 occulte
1506 1511 1698 1538 divellentibus

915 1558 1070 1592 repleverit.
1089 1566 1097 1582 I
1121 1557 1181 1584 Non
1205 1557 1315 1592 junges,
1335 1566 1345 1582 ι
1360 1557 1448 1592 inquit
1465 1557 1560 1584 beatus
1578 1556 1697 1592 Moyses,

918 1613 927 1629 ι
946 1603 972 1629 in
993 1610 1055 1630 area
1071 1607 1117 1630 tua
1132 1602 1233 1630 diversi
1248 1603 1356 1638 generis
1368 1603 1494 1629 animalia
1510 1603 1601 1634 simul,
1617 1602 1700 1629 veluti

916 1648 1011 1675 bovem
1023 1652 1050 1675 et
1063 1648 1169 1676 asinum
1180 1649 1213 1675 ¹¹.
1226 1648 1318 1683 Neque
1329 1652 1458 1675 conteres
1471 1649 1496 1675 in
1514 1649 1594 1683 pallio
1611 1649 1700 1675 lanam

917 1695 982 1721 lino.
990 1694 1049 1721 Non
1059 1695 1132 1722 coles
1144 1695 1169 1721 in
1181 1695 1240 1722 solo
1252 1699 1330 1721 terrae
1342 1698 1394 1721 tuae
1405 1695 1460 1721 duo
1470 1694 1550 1721 simul
1563 1694 1701 1721 fructuum

917 1748 1026 1776 genera.
1036 1740 1129 1776 Neque
1139 1741 1181 1768 bis
1193 1748 1239 1776 per
1248 1740 1388 1767 annum".
1396 1749 1405 1766 ι
1417 1740 1523 1766 Animal
1535 1740 1646 1766 alterius
1656 1748 1701 1773 ge-

917 1787 991 1814 neris
1003 1794 1056 1813 non
1069 1786 1153 1813 facies
1163 1787 1237 1813 coire
1247 1794 1308 1813 cum
1320 1786 1405 1812 altero
1417 1786 1448 1812 ad
1462 1785 1658 1820 procreandum
1668 1787 1700 1812 ⁸⁸.

954 1833 1025 1866 Quid
1043 1834 1100 1861 haec
1118 1834 1171 1860 sibi
1185 1834 1280 1860 volunt
1295 1833 1459 1868 aenigmata?
1477 1833 1549 1867 quod
1565 1833 1591 1859 in
1606 1833 1701 1859 eodem

919 1880 1011 1906 animo
1024 1879 1118 1906 vitium
1143 1883 1170 1906 et
1197 1879 1325 1906 virtutem
1357 1886 1502 1906 conserere
1517 1879 1587 1906 inter
1602 1886 1631 1906 se
1648 1887 1703 1906 non

920 1928 1058 1959 oporteat.
1084 1924 1150 1956 Quae
1165 1925 1350 1959 temperantiae
1378 1924 1499 1951 amicitia
1525 1928 1567 1951 est
1582 1931 1644 1951 cum
1662 1925 1703 1950 in-

920 1970 1113 1996 continentia?
1131 1969 1196 2002 Quae
1212 1970 1327 2004 justitiie
1352 1970 1498 1996 concordia
1519 1974 1561 1996 est
1585 1978 1646 1997 cum
1663 1972 1704 1998 in.

919 2015 1024 2050 justitia
1037 2015 1048 2042 ?
1063 2015 1185 2042 Alterum
1201 2024 1308 2050 semper
1320 2015 1426 2043 decedit
1442 2016 1528 2042 altero
1547 2015 1702 2043 accedente.

922 2061 1055 2094 Quocirca
1071 2061 1230 2095 prudentem
1257 2062 1402 2096 agricolam
1423 2064 1552 2095 tanquam
1565 2069 1580 2088 e
1592 2062 1704 2097 potabili

922 2111 949 2134 ct
968 2107 1040 2133 bono
1055 2106 1129 2133 fonte
1143 2114 1227 2141 puros
1241 2108 1427 2134 transmittere
1445 2108 1506 2135 vine
1535 2108 1609 2135 rivos
1625 2115 1706 2143 opor-

923 2155 971 2182 tet.
992 2152 1091 2186 quippe
1117 2153 1163 2186 qui
1187 2151 1244 2179 sola
1268 2151 1314 2179 Dei
1337 2152 1443 2179 novalia
1467 2153 1539 2179 culta
1563 2153 1649 2186 novit,
1664 2157 1708 2181 at-

924 2206 976 2232 que
994 2198 1020 2224 in
1040 2197 1082 2225 his
1096 2205 1144 2233 per
1158 2198 1260 2231 vitam,
1277 2198 1398 2225 laborem
1428 2199 1584 2233 impendere
1615 2207 1708 2234 perse-

924 2247 1020 2274 verat,
1052 2246 1081 2269 nt
1109 2242 1234 2277 quamvis
1262 2246 1373 2269 externa
1399 2246 1426 2270 et
1460 2243 1549 2270 aliena
1584 2243 1708 2278 quaedam

927 2289 1057 2323 cogitatio
1083 2288 1242 2323 subreperet
1256 2288 1281 2314 in
1295 2288 1404 2315 occulto
1429 2289 1549 2321 virtutis,
1575 2290 1620 2323 qui
1639 2289 1710 2316 videt

926 2333 1028 2363 omnia.
1046 2338 1107 2360 tuos
1119 2334 1235 2360 intuitus
1251 2333 1369 2364 labores,
1387 2333 1442 2360 cito
1465 2341 1514 2360 sua
1532 2334 1618 2368 ipsius
1632 2338 1710 2369 pote-

927 2382 998 2404 state
1012 2376 1139 2403 lalentcni
1150 2376 1345 2411 cogitationum
1363 2377 1482 2403 radicem
1509 2382 1572 2404 ante
1600 2385 1710 2412 germen

927 2421 1080 2449 exscindat.
1097 2421 1189 2456 Ncqnc
1203 2422 1276 2448 enim
1295 2422 1335 2448 fas
1350 2427 1392 2448 est
1407 2430 1422 2448 a
1439 2430 1487 2457 spe
1503 2423 1644 2456 aberrare,
1661 2431 1710 2450 ne-

927 2466 1104 2500 queinultuxu
1121 2473 1230 2493 manere
1245 2474 1306 2493 eum
1317 2467 1361 2500 qui
1376 2474 1484 2501 semper
1496 2467 1607 2494 Nnmini
1621 2468 1711 2494 adlim-

927 2515 977 2539 ret.
991 2510 1069 2543 Quod
1082 2511 1106 2538 si
1125 2511 1245 2542 viduam,
1268 2519 1328 2546 qua:
1344 2511 1370 2538 in
1399 2511 1545 2547 Evangelia
1575 2520 1712 2539 memora-

928 2557 1016 2589 tur“,
1034 2557 1067 2584 ad
1081 2557 1199 2591 judicem
1216 2564 1270 2583 non
1302 2557 1448 2591 benignum
1466 2557 1579 2584 adduxit
1606 2558 1712 2592 injuria.1

929 2605 1107 2640 magnitudo,
1131 2608 1159 2632 et
1187 2605 1271 2631 multa
1297 2604 1466 2631 muliercula:
1498 2606 1524 2631 in
1553 2605 1719 2638 .precatiore'

930 2649 1062 2677 sedulitas
1077 2656 1108 2676 ac
1124 2650 1337 2684 perseverantia,
1359 2649 1461 2683 judicis
1486 2649 1609 2675 moribus
1634 2656 1715 2682 supc-

1449 2751 1471 2768 "
1492 2751 1578 2779 Levii.
1598 2758 1654 2781 .vix,
1672 2750 1713 2777 l9.
