1922 3078
81 98 130 126 297

650 98 694 126 DE
723 97 910 127 INSTITUTO
930 99 1151 144 CllRlSIIANO.

1663 110 1716 138 998

80 157 172 194 ροῦται
184 156 286 192 ῥᾳδίως
299 156 315 183 ὃ
329 156 399 193 πρὸς
412 157 443 184 τὺ
453 158 538 193 ἄκρον
550 157 604 185 τῶν
623 157 737 186 ἐντολῶν
750 157 798 184 τοῦ
813 157 861 193 βίοι

922 165 954 185 ac
971 164 1097 187 sanctum
1123 160 1243 196 Spiritus
1260 162 1389 197 gladium.
1416 163 1495 192 ilunc
1517 170 1606 194 autem
1637 167 1714 200 dicit,

79 203 185 239 δρόμος·

930 203 1049 231 Verbum
1065 205 1092 232 in
1108 205 1209 234 virtute
1227 206 1284 236 Dei.
1303 216 1358 243 quo
1370 208 1449 236 decet
1465 211 1562 239 animae
1589 212 1712 240 dextram

79 253 211 275 armatam
229 248 319 276 hostis
349 248 470 277 fabricas
500 248 649 276 discutere.
685 248 805 276 Videsne
819 251 887 283 quot
905 249 1004 276 salutis
1019 251 1115 278 modos
1143 252 1291 287 Apostolus
1307 254 1355 281 tibi
1379 256 1574 290 subindicarit,
1591 259 1639 294 qui
1677 260 1711 287 ad

79 301 160 320 unam
174 294 258 327 viam,
274 294 455 330 eamdemque
467 298 565 322 metam
577 294 712 328 tendunt;
726 294 753 322 in
768 294 869 330 quibus
889 293 969 322 facile
987 296 1048 322 vita:
1067 297 1246 332 curriculum,
1277 299 1350 334 quod
1379 301 1413 328 ad
1439 293 1631 330 mandatorum
1665 304 1711 332 Dei

78 341 183 376 apicem
199 344 316 375 spectat,
333 340 469 375 expletur.

117 386 146 412 '0
172 387 223 422 μὲν
249 384 296 413 οὖν
318 387 419 419 σκοπὸς
443 386 492 421 τῆς
514 386 655 418 εὐσεϐείας
677 385 804 417 τοιοτοῦς.
825 385 872 411 Δεῖ

76 431 103 457 δὲ
131 433 198 463 τοὺς
231 432 387 466 φιλοσοφεῖν
412 432 587 466 ἐγνωκότας,
617 431 738 467 ἀκριϐῶς
771 431 869 457 ειδέναι

75 476 176 508 aro-1,
210 477 285 508 ὅπως
311 476 410 512 ῥίψωσι
440 477 488 512 μὲν
518 477 617 508 πάντες
642 476 691 512 τὴν
714 475 867 508 αὐθάδειαν,

74 522 121 548 καὶ
140 523 172 548 τδ
191 522 264 557 μέγα
281 523 390 557 φρονεῖν
404 522 450 549 ἐπὶ
468 523 524 554 τοῖς
540 521 752 557 κατορθώμασι·
771 521 821 555 τήν
837 528 866 547 τε

73 568 180 595 ἑαυτῶν
193 568 283 603 ψυχὴν
301 567 371 603 μετὰ
384 568 432 595 τοῦ
448 567 506 603 βίου
523 568 722 603 ἀρνησάμενοι,
738 567 805 602 πρὸς
819 566 867 593 ἕνα

75 613 197 648 βλέπωσι
211 612 326 639 πλοῦτον
337 621 344 628 ·
361 612 390 640 ὂν
408 613 457 647 τῆς
472 613 512 643 είς
526 612 644 647 Χριστὸν
658 612 767 647 ἀγάπης
785 610 865 638 ἆθλον

72 659 129 689 τοῖς
141 657 288 692 ἀγαπῶσιν
304 657 404 685 ἔδωκεν
416 658 431 683 ό
449 657 531 690 Θεδς,
547 657 638 689 καθώς
656 665 738 694 φησιν
753 657 767 683 ό
786 656 866 688 αὐτὸς

79 703 253 735 ’Δπόστολοςο
273 712 283 730 t
303 704 344 730 At‘
357 704 496 739 ὑπομονῆς
507 703 649 739 τρέχωμεν
661 703 706 730 τὸν
717 701 865 738 προκείμε-

72 758 117 776 νον
131 750 200 785 ἡμῖν
210 749 315 784 ἀγῶνα,
331 749 487 785 ἀφορῶντες
500 750 540 781 είς
555 749 601 776 τὸν
615 749 665 784 τῆς
681 748 800 780 πίστεως
815 748 865 782 ἀρε

71 794 155 829 χηγὸν
181 794 229 821 καὶ
255 793 399 830 τελειωτὴν
422 794 535 830 Ἰησοῦν.
567 803 576 820 ι
597 793 641 829 Μὴ
661 791 709 820 οὖν
735 794 790 824 τοῖς
816 792 863 819 τοῦ

71 839 232 874 Πνεύματος
242 840 401 876 δωρήμασιν
411 839 596 875 έπαιρώμεθα,
611 839 658 866 καὶ
669 838 708 874 τῷ
723 838 864 874 κατορθῶ-

71 884 116 911 σαί
132 893 159 911 τι
174 884 209 911 δι’
229 884 339 921 ἀρετὴν,
354 884 481 920 ἀφορμὴν
501 884 628 920 λάϐωμεν
649 884 690 916 είς
710 883 740 910 τὸ
754 885 863 920 φρονεῖν

71 931 118 957 καὶ
141 930 337 965 σεμνύνεσθαι,
352 931 418 964 πρὶν
437 930 524 957 ἐλθεῖν
538 931 578 962 είς
596 929 673 961 τέλος
686 929 739 956 τῶν
755 929 862 961 ἐλπιζο-

960 385 1053 421 Itaque
1068 387 1203 422 ejusmodi
1231 393 1274 417 est
1295 390 1404 425 pietatis
1420 399 1530 427 scopus.
1554 393 1608 422 Eos
1630 403 1711 430 porro

923 431 969 465 qui
998 439 1070 459 verte
1094 433 1234 468 sapientiae
1267 436 1358 463 studio
1391 436 1549 466 incumbere
1582 440 1711 469 decreve-

922 482 994 509 runt,
1012 479 1096 513 probe
1112 479 1182 507 hanc
1198 486 1298 508 metam
1329 482 1400 510 scire
1416 488 1532 518 oportet,
1554 489 1584 512 ut
1601 493 1709 514 onmem

921 523 1021 551 lastum
1049 529 1076 552 et
1097 527 1281 561 arrogantiam
1300 528 1448 563 abjieiant,
1465 538 1553 565 neque
1579 532 1614 559 ob
1636 538 1710 560 recte

919 568 990 596 facta
1024 571 1201 605 superbiant;
1233 577 1260 600 et
1290 580 1351 600 cum
1386 574 1506 601 animam
1537 584 1614 604 suam
1646 585 1708 604 cum

920 614 976 641 vita
1006 615 1213 650 abnegaverint,
1246 616 1281 643 ad
1313 625 1394 645 unam
1420 620 1587 654 opulentiam
1612 621 1708 648 oculos

918 659 1080 694 conjiciant,
1107 668 1189 696 quam
1221 661 1293 690 Deus
1324 663 1466 697 praemium
1504 665 1647 694 cbaritatis
1679 667 1718 693 in'

917 704 1059 732 Christum
1088 707 1225 735 concessit
1254 708 1426 742 amantibus,
1458 710 1532 737 sicut
1558 711 1706 745 Apostolus

915 750 975 785 ipse
988 751 1066 783 dicit,
1082 761 1093 778 ‹
1110 751 1163 780 Per
1187 753 1347 788 patientiam
1367 762 1512 783 curramus
1536 758 1706 792 propositum

915 796 996 823 nobis
1010 801 1167 831 certamen,
1184 798 1351 834 aspicientes
1367 799 1394 826 in
1411 804 1551 828 auctorem
1577 801 1650 833 ﬁdei,
1677 806 1706 830 et

915 847 1164 870 cousummatorem
1201 843 1295 871 Jesum
1307 845 1342 872 ".
1365 855 1374 872 ι
1403 845 1443 873 Ne
1477 846 1560 882 igitur
1585 846 1704 883 Spiritus

917 888 1006 914 sancti
1026 889 1186 917 muneribus
1204 890 1379 923 extollamur,
1393 895 1420 919 et
1436 899 1469 919 ex
1486 899 1520 919 eo
1538 892 1611 927 quod
1630 897 1704 921 recte

917 933 1054 967 egerimus
1073 941 1121 968 per
1134 935 1275 966 virtutetn,
1299 937 1473 965 occasionem
1507 937 1595 966 fastus
1613 944 1640 966 et
1656 947 1703 966 su-

73 976 162 1012 μένων
174 984 182 991 ·
200 977 246 1004 ῖνα
261 977 298 1012 μὴ
313 977 474 1012 ἐκπέσωμεν
493 975 545 1011 τῆς
558 975 645 1012 ὁρμῆς
656 996 664 1008 ,
677 975 785 1011 ἀχρεῖον
798 975 861 1001 έαυ-

918 979 1019 1013 perbia:
1034 987 1186 1013 sumamus,
1203 981 1363 1017 priusquam
1381 983 1415 1010 ad
1432 984 1512 1011 linem
1532 992 1625 1012 eorum
1641 993 1702 1020 qua:

71 1025 126 1054 τοῖς
138 1023 187 1050 τὸν
205 1022 377 1059 προλαϐόντα
392 1023 472 1050 πόνον
488 1024 521 1058 τῇ
542 1021 671 1057 αὐθαδείᾳ.
686 1022 859 1057 ποιήσαντες,

71 1069 117 1095 καὶ
137 1068 245 1100 ἀνάξιοι
267 1067 397 1102 φανέντες
413 1067 464 1102 τῆς
483 1067 661 1103 τελειότητος,
679 1066 719 1098 εἰς
736 1065 770 1101 ἣν
784 1066 800 1100 ὴ
815 1064 862 1092 τοῦ

70 1113 232 1149 Πνεὺματος
246 1114 319 1149 ἡμᾶς
332 1110 406 1140 εἷλκε
420 1113 508 1149 χάρις.
522 1112 606 1140 Τοῦτό
622 1113 681 1139 ἐστι
697 1111 863 1147 κατόρθωμα

70 1160 143 1195 μέγα
159 1159 318 1194 φιλοσοφίας
334 1159 363 1187 τὸ
378 1158 462 1195 μέγαν
474 1159 538 1186 όντα
547 1180 554 1187 .
564 1179 572 1186 .
586 1179 594 1187 .
605 1178 613 1186 .
622 1159 678 1191 τοῖς
695 1158 759 1193 γὰρ.
771 1177 778 1185 .
790 1178 797 1185 .
813 1177 821 1184 .
833 1177 841 1185 .
853 1176 861 1184 .

69 1205 132 1232 σθαι
141 1206 182 1242 ’τῇ
207 1205 318 1242 καρδία,
339 1205 387 1233 καὶ
410 1204 625 1240 καταγινώσκειν
647 1203 694 1231 τοῦ
719 1203 774 1239 βίου
787 1224 794 1237 ,
824 1203 862 1240 μὴ

69 1251 142 1286 ἔχειν
160 1253 191 1278 ἐν
210 1251 249 1287 τῷ
262 1252 389 1279 συνειδότι
401 1251 475 1284 ἄξιον
490 1251 585 1278 ἑαυτὸν
601 1250 779 1286 πεποιηκέναι
791 1250 861 1285 Θεῷ.

916 1031 1061 1058 sperantur
1077 1026 1232 1058 veniamus,
1251 1031 1280 1054 ut
1297 1035 1331 1054 ne
1345 1029 1505 1057 excidemus
1518 1037 1533 1056 a
1549 1030 1700 1065 proposito,

915 1070 1008 1097 labore
1019 1071 1096 1105 prius
1107 1071 1242 1099 exhausto
1258 1073 1337 1101 nobis
1351 1081 1399 1109 per
1415 1076 1598 1109 arrogantiam
1612 1076 1700 1103 inutili

919 1115 1038 1149 reddito,
1054 1124 1116 1144 cum
1135 1117 1239 1152 indigni
1257 1118 1309 1146 visi
1327 1119 1459 1147 fuerimus
1475 1120 1649 1155 perfectione,
1667 1121 1700 1148 ad

916 1168 998 1195 quam
1016 1170 1067 1190 nos
1083 1162 1201 1198 Spiritus
1219 1165 1306 1200 gratia
1323 1165 1458 1193 trahebat.
1481 1165 1538 1193 lloc
1554 1166 1648 1202 ingens
1660 1172 1703 1194 est

915 1214 1005 1241 operte
1019 1209 1136 1241 pretium
1157 1209 1240 1237 studii
1261 1210 1412 1245 sapientiae,
1430 1211 1452 1239 si
1471 1211 1494 1239 is
1510 1212 1556 1247 qui
1573 1217 1646 1240 recte
1663 1212 1703 1240 fa-

916 1252 968 1280 ctis
995 1260 1110 1289 magnus
1136 1259 1189 1286 est,
1212 1256 1350 1284 submisso
1369 1260 1396 1284 ct
1416 1265 1485 1293 puro
1507 1258 1591 1286 corde
1612 1258 1659 1292 sit,
1676 1264 1703 1287 et

70 1302 153 1325 [tam
171 1297 352 1331 condemnet,
382 1305 471 1332 neque
487 1297 615 1324 conscius
645 1297 742 1328 fuerit,
763 1295 836 1331 quod
851 1295 972 1332 seipsum
997 1297 1051 1327 Deo
1066 1299 1176 1336 dignum
1192 1303 1367 1337 reputaverit.

103 1343 145 1370 Τὰ
160 1343 211 1378 μὲν
220 1343 252 1379 δὴ
265 1343 335 1370 κατὰ
346 1342 394 1378 τὴν
406 1342 500 1369 ὲλπίδα
511 1342 557 1369 τοῦ
571 1342 671 1369 σκοποῦ
684 1343 739 1373 τοῖς
752 1340 860 1376 φιλοσό-

69 1398 126 1424 φως
139 1389 191 1425 ζῇν
206 1389 377 1425 αἱρουμένοις
392 1389 490 1420 ίκανῶς
508 1387 632 1424 εἰρῆσθαι
645 1388 800 1423 νομίζομεν.
810 1388 862 1415 ,Δεῖ

68 1437 96 1463 δὲ
111 1436 208 1462 λοιπὸν
225 1435 381 1471 προσθεῖναι
395 1436 451 1466 τοῖς
463 1433 628 1470 είρημένοις,
649 1434 722 1466 ὅπως
740 1433 789 1468 μὲν
809 1432 861 1468 χρὴ

70 1484 192 1509 συνεῖναι
204 1482 268 1514 τοὺς
288 1480 423 1512 τοιούτους
444 1480 577 1516 ἀλλήλοις·
591 1479 685 1511 ’ὅπως
708 1479 736 1506 δὲ
755 1478 861 1514 τρέχειν

71 1528 130 1562 μετ’
153 1525 287 1562 ἀλλήλων,
300 1525 352 1557 ἕως
365 1524 398 1552 ἃν
414 1525 460 1551 ἐπὶ
473 1525 523 1560 τὴν
538 1524 594 1551 ἂνω
608 1524 685 1551 πόλιν
698 1523 859 1558 ἀφίκωνται.

70 1572 131 1608 Χρὴ
148 1571 239 1599 τοίνυν
257 1571 303 1598 τὸν
316 1571 350 1598 τὰ
368 1570 415 1598 τοῦ
438 1570 495 1606 βίου
513 1570 606 1597 τούτου
631 1569 716 1606 σεμνὰ
732 1569 862 1605 καθαρῶς

71 1617 251 1653 ἀτιμάζοντα,
268 1617 316 1644 καὶ
334 1616 498 1652 ἀρνούμενον
516 1618 606 1643 πᾶσαν
621 1616 671 1651 τὴν
687 1615 761 1643 κάτω
771 1614 860 1648 δόξαν,

70 1663 242 1700 ἀρνήσασθαι
251 1663 320 1698 μετὰ
331 1662 377 1689 τοῦ
390 1662 446 1698 βίου
459 1663 505 1689 καὶ
515 1661 564 1698 τὴν
573 1662 675 1688 οἰκείαν
686 1661 786 1696 ψυχήν.
797 1662 862 1697 Ἀρ-

949 1341 1015 1375 Qua:
1028 1343 1109 1380 igitur
1126 1346 1262 1380 pertinent
1277 1347 1311 1374 ad
1327 1354 1402 1382 spem
1413 1347 1489 1383 scopi
1502 1348 1651 1385 attingendi
1668 1350 1702 1377 iis

912 1388 959 1423 qui
980 1389 1023 1424 pie
1041 1391 1232 1427 sapienterque
1248 1393 1340 1421 vivere
1357 1399 1567 1430 proposuerunt,
1595 1396 1702 1424 abunde

913 1434 1050 1470 explicata
1067 1443 1129 1465 esse
1153 1445 1309 1467 censemus.
1335 1438 1394 1466 Jam
1412 1447 1475 1467 vero
1496 1441 1630 1476 reliquum
1648 1446 1701 1475 est,

914 1483 944 1506 ut
957 1480 990 1508 iis
1005 1488 1065 1516 qua:
1078 1482 1150 1510 dicta
1162 1487 1227 1511 sunt
1243 1484 1386 1517 addamus,
1402 1485 1538 1520 quomodo
1552 1486 1619 1514 tales
1635 1494 1702 1514 con-

913 1528 1016 1555 versari
1045 1528 1118 1556 inter
1135 1536 1166 1557 se
1193 1534 1327 1564 oporteat,
1359 1536 1386 1558 et
1409 1531 1547 1566 quomodo
1575 1534 1699 1560 certatim

914 1581 1036 1604 currere.
1051 1574 1138 1602 donec
1149 1575 1183 1602 ad
1198 1583 1350 1610 supernam
1363 1576 1500 1605 civitatem
1515 1579 1698 1613 pervenerint.

914 1619 1047 1653 Quoeirea
1062 1628 1132 1656 opus
1147 1626 1190 1649 est
1203 1629 1264 1648 eum
1282 1623 1329 1656 qui
1349 1622 1432 1658 hujus
1447 1624 1510 1651 vitae
1524 1631 1568 1652 res
1585 1625 1701 1659 praecla-

914 1673 958 1693 ras
973 1666 1053 1701 plane
1067 1666 1193 1702 despicit,
1209 1671 1236 1694 et
1262 1674 1371 1695 omnem
1389 1668 1557 1697 mundanam
1581 1671 1696 1706 gloriam

71 1718 150 1745 νησις
160 1709 190 1736 δὲ
202 1709 301 1745 ψυχῆς,
312 1709 344 1736 τὸ
359 1707 484 1744 μηδαμοῦ
498 1707 589 1744 ζητεῖν
601 1707 630 1734 τὸ
638 1707 734 1734 ἑαυτοῦ
745 1707 860 1742 θέλημα,

917 1711 1042 1747 abnegat,
1058 1713 1139 1740 etiam
1154 1720 1216 1741 cum
1236 1713 1290 1740 vita
1320 1715 1438 1742 animam
1459 1716 1594 1750 propriam
1613 1716 1698 1743 abne-

71 1756 140 1783 ἀλλὰ
153 1756 186 1782 τὸ
200 1755 305 1790 θέλημα
315 1753 360 1781 τοῦ
373 1753 451 1780 Θεοῦ”
467 1753 514 1780 καὶ
525 1753 612 1788 τούτῳ
626 1752 777 1788 κεχρῆσθαι
793 1752 862 1779 καθ-

70 1802 144 1837 άπερ
162 1800 258 1836 ἀγαθῷ
272 1799 435 1835 κυϐερνήτῃ,
448 1798 487 1834 τῷ
505 1799 535 1825 τὸ
548 1798 636 1826 κοινὸν
656 1799 792 1834 πλήρωμα
810 1798 861 1833 τῆς

71 1846 253 1881 ἀδελφότητος
267 1845 326 1881 μεθ’
344 1844 469 1880 ὁμονοίας
490 1844 537 1871 ἐπὶ
548 1844 595 1870 τὸν
611 1843 708 1879 λιμένα
721 1844 768 1870 τοῦ
786 1842 858 1870 Θείου

71 1892 226 1928 θελήματος
239 1890 428 1918 ἀπευθύνοντι·
443 1888 593 1924 κεκτῆσθαι
605 1888 634 1915 δὲ
649 1889 724 1915 οὐδὲν
743 1889 817 1925 παρὰ
830 1889 860 1916 τὸ

71 1937 172 1969 κοινὸν,
183 1935 253 1972 πλὴν
263 1935 310 1963 τοῦ
322 1935 352 1962 τὸ
364 1935 443 1971 σῶμα
453 1934 634 1966 καλύπτοντος
646 1934 766 1969 ἱματίου.
782 1934 860 1962 οὕτω

71 1984 127 2020 γὰρ
136 1982 309 2018 ἑτοιμότερον
321 1981 408 2014 ἔσται,
415 1982 447 2007 τὸ
457 1980 533 2016 παρὰ
543 1980 596 2006 τῶν
608 1980 788 2016 προεστώτων
799 1982 859 2007 ἐπι-

71 2029 240 2064 τασσόμενον
262 2027 321 2064 μεθ*
345 2026 442 2062 ἡδονῆς
462 2026 510 2053 κα)⁸
526 2026 632 2058 ἐλπίδος
647 2026 794 2062 προθύμως
811 2026 861 2062 μὲν

71 2076 171 2106 τελεῖν,
190 2074 228 2106 ὼς
245 2073 337 2100 δοῦλον
351 2071 470 2108 Χριστοῦ
488 2071 536 2099 καὶ
557 2071 745 2106 ἠγορασμένον
757 2073 795 2104 είς
812 2073 861 2107 τὴν

72 2121 166 2157 κοινὴν
177 2121 231 2147 τῶν
247 2118 369 2154 ἀδελφῶν
383 2119 488 2154 χρείαν.
500 2117 585 2144 Τοῦτο
599 2118 653 2152 γὰρ
665 2117 712 2144 καὶ
726 2118 740 2144 ό
760 2117 861 2153 Κύριος

73 2166 207 2202 βούλεται,
214 2165 326 2200 λέγων’(
336 2163 455 2190 Ὀθέλων
465 2163 493 2189 ἐν
502 2163 566 2198 ὑμῖν
575 2162 682 2197 πρῶτος
694 2162 740 2188 καὶ
749 2162 859 2196 μέγας’,

916 1763 990 1793 gare.
1002 1758 1106 1786 Anima:
1121 1767 1186 1787 vero
1206 1760 1350 1796 abnegatio
1369 1764 1422 1792 est,
1441 1761 1607 1788 voluntatem
1623 1769 1700 1789 suam

916 1812 1051 1840 nusquam
1082 1813 1216 1841 quaerere,
1249 1808 1296 1835 sed
1325 1806 1371 1834 Dei
1398 1807 1577 1840 voluntatem,
1614 1815 1702 1842 caque

915 1851 1000 1878 veluti
1028 1852 1097 1879 bona
1128 1853 1319 1888 gubernatrice
1347 1852 1406 1886 uti;
1437 1860 1499 1888 quze
1526 1860 1699 1881 communem

916 1896 1093 1926 fraternitatis
1110 1903 1211 1926 coetum
1227 1907 1288 1926 cum
1304 1899 1452 1927 concordia
1476 1898 1509 1926 ad
1526 1903 1633 1934 portum
1657 1899 1700 1926 di-

913 1944 984 1971 vinae
1005 1945 1153 1973 voluntatis
1168 1945 1262 1981 dirigit
1278 1953 1285 1978 ;
1305 1945 1404 1973 deinde
1430 1944 1498 1972 nihil
1512 1945 1564 1972 nisi
1581 1944 1607 1972 id
1627 1945 1701 1980 quod

916 1997 1060 2017 commune
1073 1994 1115 2018 est
1128 1991 1287 2026 possidere,
1301 1994 1483 2026 praeterquam
1496 1990 1700 2022 vestimentum,

914 2035 986 2070 quod
1002 2043 1100 2070 corpus
1122 2041 1205 2072 tegat.
1239 2037 1285 2064 Sic
1307 2043 1426 2071 namque
1453 2035 1609 2070 expeditius
1635 2036 1700 2070 erit,

914 2081 987 2116 quod
1003 2089 1017 2108 a
1034 2082 1189 2117 pra-positis
1206 2082 1362 2117 injunctum
1376 2081 1438 2112 erit,
1452 2088 1513 2108 cum
1524 2080 1701 2115 jucunditatc

914 2131 942 2154 et
958 2136 1005 2163 spe
1020 2129 1148 2156 alacriter
1163 2129 1308 2164 perficere,
1326 2133 1356 2156 ut
1375 2135 1484 2155 servum
1500 2127 1614 2160 Christi,
1627 2133 1654 2156 et
1666 2128 1700 2156 ad

914 2181 1086 2201 communem
1105 2174 1219 2202 fratrum
1246 2182 1325 2201 usum
1344 2174 1524 2208 redemptum.
1555 2172 1611 2201 Hoc
1627 2174 1700 2202 enim

72 2213 141 2239 ἔστω
159 2212 268 2239 πάντων
282 2210 405 2246 ἔσχατος,
426 2210 474 2236 καὶ
492 2209 602 2235 πάντων
615 2207 719 2240 δοῦλος.
732 2217 741 2234 ι
761 2208 819 2244 Χρὴ
833 2208 861 2235 δε

917 2219 973 2245 vult
993 2219 1075 2247 etiam
1094 2219 1236 2252 Dominus,
1254 2227 1317 2247 cum
1346 2220 1404 2246 ait:
1427 2207 1446 2245 cf
1461 2218 1513 2252 Qui
1537 2219 1594 2246 vult
1628 2220 1702 2248 inter

72 2257 120 2293 τὴν
138 2256 269 2291 τοιαύτην
280 2255 402 2282 δουλείαν
418 2254 492 2289 παρὰ
505 2255 561 2285 τοῖς
574 2253 727 2289 ἀνθρώποις
744 2254 860 2289 ἄμισθον

73 2303 158 2336 εἷναι,
173 2303 222 2329 καὶ
238 2301 339 2337 ὀφείλει
349 2302 363 2328 ό
376 2300 496 2332 τοιοῦτος
512 2299 694 2335 ὑποτετάχθαι
708 2301 775 2328 πᾶσι
785 2320 793 2332 ,
812 2301 860 2327 καὶ

72 2347 199 2382 καθάπερ
216 2347 323 2374 δανείου
333 2345 474 2382 χρεώστης
485 2346 632 2382 θεραπεύει
643 2348 706 2380 τοὺς
717 2347 859 2382 ἀδελφούς.

72 2395 130 2431 Χρὴ
148 2394 178 2422 δὲ
196 2395 244 2420 καὶ
262 2393 325 2425 τοὺς
340 2392 515 2428 προεστῶτας
531 2392 579 2420 τοῦ
595 2393 782 2430 πνευματικοῦ
796 2394 860 2422 τού-

71 2449 116 2467 του
132 2439 228 2476 χοροῦ,
240 2438 300 2465 τότε
314 2438 426 2474 μέγεθος
436 2438 486 2474 τῆς
495 2438 585 2466 αὐτῶν
596 2440 765 2472 σκοποῦντας
777 2449 860 2476 φρον-

71 2486 152 2518 τίδος,
171 2485 276 2520 καὶτῆς
287 2484 484 2519 ἐφεδρευούσης
494 2485 543 2519 τὴν
555 2484 646 2511 πίστιν
657 2485 757 2518 κακίας
768 2487 776 2496 ¹
792 2486 858 2521 λογι-

73 2532 190 2568 ζομένης
205 2532 256 2563 τὰς
275 2531 372 2567 τέχνας
385 2531 469 2565 ἀξίως
483 2531 532 2566 τῆς
553 2532 713 2564 ἐπιστασίας
728 2533 860 2567 ἀγωνίζε-

73 2579 132 2605 σθαι
143 2599 150 2610 ,
170 2577 218 2604 καὶ
237 2577 274 2612 μὴ
290 2577 358 2613 πρὸς
378 2577 427 2612 τὴν
440 2576 564 2609 ἐξουσίαν
576 2577 664 2612 αἴρειν
676 2578 706 2604 τὸ
723 2579 860 2614 φρόνημα.

73 2625 116 2650 Δεῖ
125 2623 181 2658 γὰρ
194 2623 223 2649 έν
233 2624 267 2658 τῇ
283 2622 428 2658 ἐπιστασίᾳ
441 2621 553 2657 μείζονα
569 2622 618 2658 μὲν
628 2623 682 2649 τῶν
695 2623 782 2650 ἄλλων
799 2625 863 2656 τοὺς

74 2668 250 2705 προεστῶτας
262 2669 353 2694 πονεῖν
363 2688 371 2700 ,
385 2668 584 2702 ταπεινοτέρως
599 2668 628 2695 δὲ
638 2668 692 2696 τῶν
704 2669 863 2705 ἀρχομένων

72 2715 191 2750 φρονεῖν,
206 2713 254 2740 καὶ
273 2712 357 2739 τύπον
370 2712 463 2739 δούλου
480 2712 525 2739 τὸν
538 2712 642 2740 ἑαυτῶν
653 2713 712 2748 βίον
728 2715 861 2751 παρέχειν

114 2798 237 2826 ³¹11ι·1›ι’.
264 2807 315 2831 xu,
349 2798 375 2830 1,
396 2799 423 2826 ‘2.
465 2799 489 2815 ³³
503 2799 596 2828 Matth.
618 2808 681 2833 xxv,
704 2799 747 2827 ll.

193 2846 328 2876 ΡΑτῐιοι..
349 2847 408 2877 (in.
425 2847 532 2876 XLVI.

914 2272 963 2291 vos
977 2264 1082 2300 primus
1093 2269 1120 2293 et
1133 2273 1248 2301 magnus
1260 2273 1332 2298 esse,
1345 2266 1467 2292 omniqu
1482 2266 1518 2293 sit
1533 2269 1699 2301 postremus.

912 2315 939 2337 et
952 2311 1074 2337 omnium
1092 2319 1187 2338 servus
1198 2312 1230 2339 ³³.
1248 2321 1256 2337 ι
1274 2311 1373 2339 Verum
1390 2311 1524 2346 ejusmodi
1541 2311 1699 2338 servitutem

912 2355 984 2390 apud
1002 2356 1126 2384 homines
1140 2358 1287 2392 gratuitam
1302 2365 1365 2386 esse
1387 2360 1506 2392 oportet,
1530 2360 1557 2384 et
1573 2357 1620 2392 qui
1637 2357 1700 2383 talis

912 2405 964 2433 est,
979 2402 1106 2430 omnibus
1117 2403 1197 2430 debet
1212 2403 1321 2437 subjici,
1338 2410 1371 2430 ac
1380 2402 1464 2430 veluti
1481 2410 1572 2430 usurae
1587 2402 1700 2430 debitor

912 2446 1043 2474 fratribus
1059 2448 1201 2475 inservire.
1221 2448 1261 2476 Ad
1278 2449 1336 2475 haec
1353 2455 1402 2476 eos
1423 2447 1471 2483 qui
1485 2447 1548 2474 huic
1565 2446 1700 2482 spirituali

913 2493 998 2520 clioro
1012 2493 1209 2527 praeticiuntur,
1234 2494 1452 2529 magnitudinem
1469 2501 1527 2521 suae
1543 2501 1616 2520 cura:
1632 2501 1700 2520 cou-

915 2537 1081 2571 siderantes,
1098 2544 1126 2567 et
1141 2540 1252 2567 malitiae
1268 2547 1329 2575 qua:
1348 2539 1410 2566 fidei
1426 2538 1583 2572 insidiatur,
1604 2543 1631 2565 et
1651 2537 1700 2564 do-

915 2582 988 2611 losas
1005 2587 1080 2611 artes
1097 2584 1254 2617 meditatur,
1273 2592 1322 2619 pro
1333 2583 1466 2620 dignitate
1485 2591 1542 2611 suae
1557 2582 1699 2618 praefectu-

914 2635 952 2655 rae
967 2629 1101 2656 sollicitos
1115 2636 1176 2657 esse
1208 2629 1349 2661 convenit,
1365 2636 1391 2656 et
1411 2636 1465 2655 non
1498 2628 1603 2654 ratione
1620 2630 1699 2661 pote-

919 2673 999 2701 statis
1019 2681 1132 2710 magnos
1158 2675 1273 2709 spiritus
1306 2682 1410 2710 gerere.
1429 2673 1535 2701 Etenim
1563 2672 1643 2700 decet
1671 2672 1699 2698 in

916 2718 1078 2754 pra-fectum
1106 2720 1284 2754 constitutos,
1312 2720 1446 2755 majorem
1475 2718 1586 2754 quidem
1614 2724 1697 2753 quam

1545 2848 1580 2879 ιο
