1922 3078
219 72 273 103 299

843 72 873 100 S.
893 68 1058 99 GREGORII
1075 67 1222 98 NYSSENI

1802 69 1855 97 300

220 132 267 158 alii
292 131 412 158 laborem
445 129 600 165 suspicere,
634 129 797 158 submissius
826 138 889 158 vero
925 137 1005 165 quam

1061 128 1117 160 τοῖς
1133 127 1223 160 ἄλλοις
1235 147 1242 159 ,
1261 125 1497 162 παρακαταθήκην
1510 125 1579 154 Θεοῦ
1596 126 1758 162 νομίζοντας
1769 126 1854 162 ἔχειν,

221 175 324 203 subditi
339 182 369 203 se
385 181 491 210 gerere,
512 181 545 202 ac
562 181 612 208 pro
630 174 703 202 servi
720 175 840 211 imagine
851 175 1011 211 exemplove

220 221 304 247 vitam
333 227 411 253 suam
430 219 493 247 aliis
524 219 666 251 exhibere.
692 219 757 247 dum
789 220 853 248 illos
884 225 1013 256 reputant

220 265 377 299 depositum
393 272 456 292 esse
471 264 530 297 Dei,
554 265 601 300 qui
618 265 681 292 fidei
699 272 757 293 suae
771 265 912 293 commissi
936 270 1012 293 sunt.

223 309 270 336 Sic
296 309 380 344 igitur
395 309 555 345 prmpositos
574 314 680 345 oportet
693 310 808 338 fratrum
836 318 932 338 curam
964 310 1013 337 ha-

221 355 296 387 bere,
307 359 336 383 ut
345 355 425 392 probi
441 359 597 383 tenerorum
611 355 776 384 educatores
791 364 949 391 puerorum,
961 356 1010 392 qui

222 401 290 436 ipsis
307 409 320 428 a
336 401 496 437 parentibus
509 401 602 428 traditi
616 406 691 429 sunt.
709 401 856 429 Enimvero
871 402 898 429 lii
913 409 1013 438 puero-

222 455 283 474 rum
293 447 404 475 liabitiis
416 447 634 478 considerantes,
643 448 706 475 huic
715 448 885 481 verbera,illi
897 449 1010 483 monita,

223 493 300 520 alteri
313 493 432 525 laudem,
444 493 522 521 alteri
533 494 635 528 aliquid
650 493 785 528 ejusmodi
800 493 945 521 admovent
959 503 966 528 ;
979 501 1012 522 ac

221 539 292 566 nihil
312 539 409 566 horum
424 539 457 566 ad
473 540 600 575 gratiam,
615 547 704 576 neque
713 541 746 568 ad
759 541 852 569 odium
868 545 1011 576 praestant,

221 583 454 618 quemadmodum
469 584 629 619 spirituales
641 576 752 620 quoque
767 586 904 621 praepositi
919 585 1011 614 facere

221 626 332 654 debent.
349 626 378 653 Si
396 627 432 654 ita
451 627 566 655 invicem
581 628 671 656 affecti
690 630 809 661 fueritis,
837 637 899 657 cum
916 630 1010 665 subje-

220 671 257 697 cti
279 675 334 698 lum
358 672 493 706 magistri,
511 672 549 700 illi
576 673 688 709 quidem
711 681 774 702 eum
805 675 905 710 gaudio
922 675 1011 710 jussis

221 722 254 742 ac
269 716 406 744 mandatis
421 718 655 753 obtemperantes,
671 720 698 747 lii
711 727 776 747 vero
793 727 854 748 cuni
869 721 1010 756 voluptate

222 761 321 789 fratres
339 761 373 788 ad
398 762 550 798 perfectum
572 769 675 792 statum
701 765 906 799 provehentes;
933 770 961 794 et
985 766 1008 795 si

220 807 372 834 honoribus
407 808 524 836 invicem
556 809 750 844 praeveniatis,
783 810 943 846 angelorum
980 807 1046 839 inB

220 852 302 879 terris
317 852 401 880 vitam
425 853 540 888 degetis.
560 854 676 882 lnducat
691 862 757 882 vero
779 855 832 884 sibi
848 856 966 892 quisque
981 857 1009 884 in

219 901 350 930 mentem,
366 905 396 925 SC
411 906 466 926 non
483 898 568 927 fratre
587 900 676 927 solum
706 908 768 928 cum
800 909 856 936 quo
883 906 1010 930 versatur

220 943 376 971 inferiorem
393 944 628 980 infirmioremque
647 954 721 978 esse.
741 947 788 974 sed
812 948 910 983 quovis
925 949 1009 976 etiam

219 987 349 1021 homine;
371 989 422 1016 hoc
434 990 507 1016 enim
522 997 704 1024 cognoscetis,
724 992 879 1028 discipulus
913 1001 1009 1022 revera

218 1033 321 1061 Christi
336 1034 398 1061 erit.
412 1035 480 1062 Cum
505 1043 572 1070 ergo
587 1036 752 1065 humilitatis
769 1038 875 1066 fructus
900 1040 1008 1072 sciatis,

217 1082 244 1104 et
262 1078 350 1107 fastus
365 1079 506 1111 damnum,
522 1080 667 1108 imitamini
685 1083 842 1114 Dominum,
860 1088 889 1111 et
907 1091 962 1112 uno
979 1084 1008 1112 in

217 1132 333 1160 corpore
344 1130 425 1162 atque
440 1126 531 1153 anima
549 1134 603 1154 una
619 1127 652 1154 ad
671 1136 819 1163 supernam
836 1131 1008 1159 vocationem

217 1171 332 1202 currite,
366 1171 511 1206 diligentes
539 1171 624 1200 Deum
648 1177 675 1200 et
701 1182 749 1201 vos
775 1175 903 1202 invicem.
939 1175 1007 1205 Nam

217 1223 296 1243 amor
312 1220 339 1243 et
364 1217 447 1243 timor
478 1217 584 1244 Domini
606 1219 724 1253 primum
743 1220 810 1255 legis
824 1221 1008 1256 complemen-

216 1267 275 1288 tum
288 1266 339 1289 est.
358 1261 554 1290 Verumtamen
570 1271 624 1291 non
639 1264 814 1300 simpliciter,
832 1275 921 1301 neque
945 1267 1004 1295 for-

217 1307 287 1332 tuito
310 1306 389 1334 nobis
416 1307 549 1335 adversus
572 1308 657 1336 Deum
685 1309 806 1339 Charitas
835 1311 892 1338 indi
923 1316 1006 1347 atque

217 1351 300 1379 inseri
327 1354 407 1384 solct,
434 1353 482 1380 St-‘d
507 1361 556 1388 per
577 1353 687 1382 labores
712 1356 814 1383 multos
840 1361 867 1383 et
891 1366 1005 1393 magnas

216 1405 307 1429 curas,
327 1401 355 1425 ct
376 1399 596 1432 cooperatiouem
618 1400 731 1433 Christi,
753 1406 835 1436 prout
861 1403 930 1430 dixit
955 1403 1007 1431 Sa-

216 1444 330 1478 pientia,
360 1453 368 1468 ι
390 1443 417 1470 Si
439 1445 524 1477 enim,
546 1454 555 1470 ι
584 1446 684 1481 inquit,
713 1456 721 1472 ι
755 1448 901 1482 quies-ieris
930 1457 1003 1483 eam,

214 1490 293 1523 quasi
309 1490 464 1524 pecuniam.
478 1495 506 1517 ct
523 1490 595 1518 sicut
611 1492 756 1520 thesauros
765 1481 899 1522 Vctfodcris
915 1481 1002 1529 illam,
1019 1481 1040 1510 ε

213 1539 280 1562 tunc
296 1535 430 1571 intelliges
448 1536 573 1564 timorem
592 1537 710 1570 Domini,
737 1543 764 1566 ct
780 1540 924 1567 scientiam
955 1541 1004 1569 D‘ei

213 1592 383 1619 invenies“.
403 1602 412 1618 i
438 1592 582 1626 Aguitionc
599 1602 664 1626 vero
693 1594 739 1622 Dei
772 1596 892 1629 iuventa,
918 1598 1002 1626 etiam

218 1642 321 1664 metum
352 1637 433 1665 facile
460 1640 687 1674 comprehendes,
716 1646 743 1668 et
775 1642 848 1676 quod
879 1644 1005 1678 sequitur

222 1688 297 1711 τοι·ῑο
318 1683 452 1718 perﬁcies,
473 1684 632 1713 charitatem
653 1686 716 1713 dico
730 1685 756 1713 in
774 1687 916 1721 Vicinum;
940 1696 1003 1716 nam

213 1738 276 1757 cum
292 1730 408 1764 prUllll'll
423 1734 450 1756 ct
473 1737 600 1765 magnum
629 1731 722 1758 labore
738 1739 927 1767 comparatum
945 1739 999 1767 est.

1062 174 1109 206 οὓς
1123 173 1333 209 ἐπιστεύθησαν.
1350 172 1443 204 οὕτως
1457 170 1504 199 οῦν
1518 172 1572 208 χρὴ
1594 172 1658 203 τοὺς
1679 180 1857 208 προε.ιωτας

1062 219 1248 256 ἐπιμελεῖσθαι
1260 219 1315 246 τῶν
1329 218 1463 253 ἀδελφῶν,
1476 218 1514 251 ὡς
1532 218 1566 245 ἂν
1584 218 1698 254 χρηστοὶ
1715 217 1857 251 παιδαγω-

1061 267 1105 301 γοὶ
1118 266 1222 294 παίδων
1232 265 1355 298 emam,
1366 264 1414 297 οὓς
1426 263 1629 299 ἐπιστεύθησαν
1640 263 1717 300 παρά
1730 263 1786 290 τῶν
1799 271 1856 289 πα-

1061 311 1148 346 τέρων
1171 311 1271 339 αὐτῶν.
1302 311 1417 338 Ἐκεῖνοι
1441 310 1496 345 γὰρ
1516 309 1572 336 τῶν
1595 308 1699 336 παίδων
1717 308 1768 340 τὰς
1783 307 1858 339 ἕξεις

1062 356 1236 388 σκοποῦντες.
1248 356 1287 392 τῷ
1304 356 1353 392 μὲν
1371 355 1488 391 πληγὰς,
1500 355 1540 391 τῷ
1553 355 1581 382 δὲ
1598 354 1752 385 νουθεσίαν,
1768 353 1810 388 τῷ
1826 353 1857 380 δὲ

1061 403 1182 435 ἔπαινον,
1202 402 1243 438 τῷ
1260 403 1288 429 δὲ
1306 402 1371 431 ἄλλο
1391 411 1418 429 τι
1439 401 1494 428 τῶν
1509 400 1638 428 τοιούτων
1657 400 1857 436 προσάγωσιν,

1061 448 1137 475 οὐδὲν
1151 448 1213 475 οὔτε
1227 448 1295 484 πρὸς
1309 449 1400 484 χάριν,
1421 447 1485 474 οὔτε
1499 447 1569 483 πρὸς
1583 446 1733 482 ἀπέχθειαν
1749 446 1858 473 τούτων

1061 494 1219 526 ποιοῦντες,
1243 494 1334 525 καθὼς
1359 494 1408 520 καὶ
1428 494 1453 520 oi
1477 493 1659 529 πνευματικοὶ¹
1682 493 1858 530 προεστῶτες

1062 541 1149 567 ποιεῖν
1161 540 1322 575 ὀφείλουσιν.
1343 539 1405 566 Ἐὰν
1419 539 1505 571 οὕτως
1525 539 1606 574 ἔχητε
1622 540 1689 575 πρὸς
1705 539 1854 575 ἀλλήλους,

1062 587 1089 613 οῐ
1097 586 1128 612 τέ
1141 586 1297 620 ὑφεστῶτες
1310 585 1358 613 καὶ
1371 586 1396 613 οἱ
1408 585 1562 612 διδάσκαλοι
1573 605 1580 616 ,
1594 585 1620 612 οἱ
1634 585 1683 621 μὲν
1694 585 1857 620 πειθόμενοι

1063 632 1132 668 μετὰ
1151 633 1239 668 χαρᾶς
1255 633 1313 664 τοῖς
1331 631 1570 667 ἐπιταττομένοις.
1588 633 1613 658 οἱ
1629 631 1658 658 δὲ
1678 631 1738 666 μεθ’
1755 631 1857 667 ἡδονῆς

1061 679 1124 710 τοὺς
1136 678 1267 713 ἀδελφοὺς
1284 678 1331 705 ἐπὶ
1345 678 1375 705 τὸ
1391 678 1494 705 τέλειον
1508 678 1692 713 προαγόμενοι
1701 697 1709 709 ,
1728 678 1778 704 καὶ
1791 679 1857 709 ταῖς

1061 725 1155 760 τιμαῖς
1179 724 1312 760 ἀλλήλους
1336 723 1494 760 πρψγῆσθε
1507 731 1516 739 ·
1527 723 1573 750 τὸν
1590 722 1645 750 τῶν
1658 723 1786 757 ἀγγέλων
1805 723 1856 749 ἐπὶ

1061 771 1110 806 τῆς
1124 770 1177 806 γῆς
1191 770 1305 806 ζήσεσθε
1319 770 1386 806 βίον.
1398 769 1518 797 Πειθέτω
1528 770 1557 796 δὲ
1570 769 1685 801 ἕκαστος
1695 768 1804 801 ἑαυτὸν,
1815 768 1857 801 ὡς

1060 815 1091 842 οὐ
1104 815 1151 842 τοῦ
1169 817 1294 847 συνόντος
1313 814 1429 849 ἀδελφοῦ
1447 814 1528 850 μόνον
1543 814 1601 841 ἐστὶ
1617 813 1834 848 καταδεέστερος
1844 833 1856 847 ,

1060 861 1129 888 ἀλλά
1149 861 1196 888 καὶ
1213 861 1314 892 παντὸς
1332 860 1478 896 ἀνθρώπου
1489 869 1496 876 ·
1516 859 1597 887 τοῦτο
1614 859 1670 895 γὰρ
1689 858 1855 893 γινώσκων,

1061 908 1187 944 μαθητὴς
1197 907 1274 934 ἔσται
1283 907 1368 938 ὅντως
1377 906 1508 942 Χριστοῦ.
1524 906 1631 937 Είδότες
1641 903 1689 932 οὖν
1698 905 1748 941 τῆς
1759 913 1857 932 ταπει-

1059 955 1170 990 νότητος
1184 954 1248 986 τοὺς
1262 953 1395 989 καρποὺς,
1412 953 1459 980 καὶ
1467 952 1516 988 τὴν
1526 951 1629 987 ζημίαν
1641 950 1689 978 τοῦ
1698 951 1797 986 τύφου,
1809 959 1855 986 μι-

1061 999 1184 1036 μήσασθε
1197 999 1243 1026 τὸν
1252 999 1390 1034 Δεσπότην
1400 1018 1408 1032 ,
1423 998 1470 1025 καὶ
1480 997 1520 1024 ἐνὶ
1532 997 1639 1033 σώματι
1649 998 1697 1024 καὶ
1710 998 1761 1033 μιᾷ
1777 997 1853 1033 ψυχῇ

1059 1047 1173 1081 χωρεῖτε
1189 1045 1258 1080 πρὸς
1276 1045 1326 1079 τὴν
1340 1043 1397 1071 ἀνω
1416 1043 1525 1079 κλῆσιν,
1545 1043 1708 1077 ἀγαπῶντες
1719 1043 1766 1070 τὸν
1785 1043 1855 1070 Θεὸν

1059 1092 1106 1119 καὶ
1121 1091 1264 1126 ἀλλήλους.
1284 1090 1390 1125 ’Δγάπη
1404 1089 1516 1124 γὰρκαὶ
1532 1089 1614 1123 φόϐος
1627 1090 1642 1116 ό
1656 1089 1725 1125 πρὸς
1735 1090 1853 1125 Κύριον,

1057 1137 1203 1174 τὸπρῶτον
1213 1136 1260 1163 τοῦ
1272 1135 1355 1171 νόμου
1368 1135 1427 1162 ἐστὶ
1440 1134 1588 1170 πλήρωμα.
1599 1135 1672 1170 Πλὴν
1682 1135 1733 1170 οὐχ
1746 1135 1854 1167 ἁπλῶς,

1057 1184 1117 1211 οὐδὲ
1131 1183 1291 1218 αὐτομάτως
1306 1183 1372 1217 ἡμῖν
1389 1182 1406 1217 ὴ
1426 1182 1494 1218 πρὸς
1510 1181 1576 1208 Θεὸν
1588 1181 1683 1216 ἀγάπη
1695 1181 1854 1216 ἐγγίνεσθαι

1057 1229 1190 1263 πέφυκεν,
1207 1227 1274 1254 ἀλλά
1288 1228 1332 1254 διά
1350 1226 1455 1254 πολλῶν
1470 1227 1559 1253 πόνων
1572 1227 1620 1253 καὶ
1632 1226 1758 1262 μεγάλων
1771 1235 1855 1261 φρον-

1057 1275 1148 1306 τίδων,
1164 1274 1211 1302 καὶ
1226 1272 1373 1309 συνεργίας
1385 1272 1436 1307 τῆς
1451 1271 1499 1298 τοῦ
1514 1271 1632 1307 Χριστοῦ
1642 1292 1649 1304 ,
1667 1271 1761 1303 καθὼς
1776 1272 1855 1307 εῖρη-

1056 1329 1104 1347 κεν
1120 1321 1137 1356 ἡ
1159 1320 1253 1354 Σοφία.
1275 1327 1285 1344 ι
1308 1318 1372 1345 Ἐὰν
1384 1318 1437 1354 γὰρ
1458 1317 1578 1354 ζητήσῃς
1600 1317 1696 1353 αὐτὴν,
1720 1326 1730 1342 ι
1750 1317 1849 1352 φησὶν,

1059 1375 1068 1392 ι
1089 1366 1127 1397 ὡς
1152 1364 1295 1400 ἀργύριον,
1322 1363 1371 1390 καὶ
1395 1363 1433 1395 ὡς
1458 1363 1612 1399 θησαυροὺς
1640 1363 1850 1399 ὲξερευνήσῃς,

1055 1412 1117 1438 τότε
1140 1411 1296 1447 συννοήσεις
1310 1409 1392 1444 φόϐον
1409 1409 1522 1445 Κυρίου,
1545 1409 1594 1435 καὶ
1609 1409 1761 1443 ἐπίγνωσιν
1782 1408 1853 1435 Θεοῦ

1057 1458 1194 1493 εὑρήσεις.
1214 1466 1224 1483 ι
1237 1456 1305 1483 Θεοῦ
1317 1456 1344 1482 δὲ
1356 1456 1504 1490 ἐπίγνωσιν
1521 1454 1618 1490 εὑρὼν,
1631 1455 1679 1481 καὶ
1690 1454 1775 1489 φόϐον
1789 1463 1848 1481 συν-

1056 1505 1163 1540 νοήσεις
1186 1503 1294 1539 ῥᾳδίως,
1310 1504 1356 1530 καὶ
1371 1503 1402 1530 τὸ
1414 1503 1513 1538 ἐφεξῆς
1527 1502 1725 1538 κατορθώσεις,
1740 1502 1850 1536 τὸάγα-

1057 1551 1122 1585 πᾷν,
1133 1550 1214 1584 λέγω.
1222 1549 1268 1576 τὸν
1280 1549 1393 1584 πλησίον
1401 1558 1408 1564 ·
1425 1549 1472 1576 τοῦ
1483 1549 1538 1584 γὰρ
1548 1548 1656 1584 πρώτου
1668 1548 1716 1575 καὶ
1729 1548 1849 1584 μεγάλου

1057 1596 1132 1631 πόνῳ
1147 1596 1294 1630 κτηΜντος
1304 1614 1312 1627 ,
1325 1595 1355 1621 τὸ
1366 1595 1491 1630 δεύτερον
1502 1595 1611 1621 ἔλαττον
1625 1594 1665 1626 ὃν,
1677 1593 1849 1630 ἀπονώτερόν

1057 1644 1132 1670 ἐστιν
1140 1651 1147 1658 ·
1165 1642 1226 1669 ἐπεὶ
1237 1642 1251 1668 ὁ
1262 1642 1308 1668 τδν
1322 1642 1389 1668 Θεὸν
1405 1642 1443 1677 μὴ
1456 1641 1572 1676 ἀγαπῶν
1584 1641 1614 1674 ἐξ
1625 1641 1690 1676 ὅλης
1711 1641 1828 1676 καρδίας
1839 1660 1848 1672 ,

1057 1690 1105 1716 καὶ
1120 1688 1149 1721 ὲξ
1165 1689 1228 1724 ὅλης
1237 1688 1366 1720 διανοίας,
1383 1687 1442 1719 πῶς
1457 1687 1491 1714 ἀν
1503 1687 1587 1721 ὑγιῶς
1599 1687 1646 1714 καὶ
1665 1687 1769 1718 ἀδόλως
1787 1687 1850 1713 ὲπι-

1060 1735 1167 1772 μελοῖτο
1177 1735 1227 1770 τῆς
1243 1734 1296 1763 τῶν
1308 1732 1429 1768 ἀδελφῶν
1439 1733 1562 1769 ἀγάπηςς

215 1774 365 1801 secundum
385 1774 457 1808 quod
476 1775 567 1803 minus
597 1780 649 1807 est,
680 1776 789 1804 leviorls
806 1777 909 1805 laboris
931 1783 995 1808 est:
1015 1780 1235 1815 quandoquidem
1251 1779 1297 1814 qui
1314 1778 1397 1806 Deum
1425 1786 1479 1805 non
1503 1781 1577 1805 amat
1611 1786 1643 1806 ex
1666 1782 1726 1806 toto
1752 1779 1847 1813 corde,

213 1826 239 1849 et
253 1830 284 1850 cx
302 1826 358 1849 tota
381 1826 481 1856 mente,
506 1823 618 1857 quinam
637 1823 744 1850 sincere
764 1827 791 1850 et
818 1825 912 1852 sedulo
931 1826 1075 1856 charitatis
1095 1829 1122 1855 in
1140 1827 1239 1855 fratres
1256 1833 1350 1853 curam
1368 1825 1502 1853 haberet?

249 1869 489 1898 Verumetiiiuvero
512 1878 573 1898 cum
599 1871 710 1897 malitize
731 1873 828 1899 artifex
846 1878 942 1902 nactus
964 1879 1006 1902 est

213 1924 275 1945 eum
294 1917 339 1950 qui
359 1921 442 1942 tutam
458 1916 576 1942 animam
592 1915 647 1943 Deo
662 1925 715 1944 non
732 1918 829 1952 tradit,
857 1922 885 1946 α
903 1927 1006 1947 vacuus

211 1966 254 1989 est
274 1969 288 1988 a
315 1962 460 1990 diti-ctione
483 1962 565 1994 illius,
592 1961 672 1990 facile
699 1963 837 1998 mancipat
862 1968 888 1992 et
913 1965 1004 1999 pravis

211 2007 423 2042 cogitationibus
442 2007 609 2042 praecipitem
635 2008 692 2042 dat,
718 2009 782 2036 diun
799 2017 872 2037 nunc
891 2010 956 2037 facit
973 2015 1003 2038 ιιι

211 2054 303 2086 gravia
323 2053 466 2080 videantur
481 2052 631 2088 Scriptura:
647 2055 784 2086 mandata,
803 2059 831 2082 et
851 2063 1000 2083 onerosum

212 2098 395 2125 ministerium
421 2098 554 2126 fratribus
570 2100 732 2131 exhibitum,
756 2100 837 2128 modo
853 2101 886 2127 ad
901 2109 1000 2136 super-

1089 1877 1141 1903 Τὸν
1153 1875 1181 1903 δὲ
1199 1875 1237 1911 μὴ
1252 1874 1301 1910 τὴν
1316 1873 1403 1909 ψυχὴν
1420 1874 1484 1909 ὅλην
1503 1873 1662 1901 ἀποδιδόντα
1677 1874 1736 1909 Θεῷ
1750 1895 1758 1905 ,
1777 1875 1846 1910 μηδὲ

1053 1921 1121 1957 πρὸς
1136 1920 1186 1956 τὴν
1199 1920 1303 1946 ἐκείνου
1320 1918 1507 1954 κεκενωμένον
1522 1918 1650 1954 ἀγάπην,
1664 1919 1753 1954 εὑρὼν
1770 1921 1784 1946 ό
1797 1920 1847 1955 τῆς

1052 1966 1152 1998 κακίας
1177 1965 1300 2001 τεχνίτης
1325 1963 1464 2000 χειροῦται
1485 1964 1584 2000 ῥᾳδίως
1599 1964 1738 2000 λογισμοῖς
1761 1973 1847 2001 πονη·

1053 2014 1108 2049 ροίς
1122 2011 1308 2043 ὑποσκελίζων
1320 2030 1327 2043 ,
1353 2009 1401 2036 νῦν
1418 2010 1468 2045 μὲν
1493 2009 1578 2045 βαρέα
1593 2010 1735 2044 φαίνεσθαι
1760 2010 1846 2037 ποιιῖιν

1053 2059 1087 2085 τὰ
1105 2058 1155 2093 τῆς
1177 2056 1289 2093 Γραφῆς
1308 2056 1483 2090 ἐπιτάγματα
1495 2074 1502 2087 ,
1523 2055 1570 2082 καὶ
1590 2055 1698 2090 ἐπαχθῆ
1721 2055 1776 2091 τὴν
1805 2057 1846 2088 είς

1053 2102 1116 2134 τοὺς
1131 2101 1269 2136 ἀδελφοὺς,
1278 2100 1426 2136 θεραπείαν
1437 2108 1444 2115 ·
1462 2099 1510 2126 νῦν
1535 2099 1564 2126 δὲ
1587 2100 1709 2135 ἐπαίρων
1723 2100 1763 2133 είς
1779 2099 1846 2126 ἀλα-

210 2144 282 2170 Ιρίιιιιι
304 2148 332 2171 ct
346 2143 446 2171 fastum
464 2144 570 2171 extollit
583 2145 618 2171 ab
628 2145 688 2179 ipso
702 2145 728 2172 in
739 2152 887 2174 conservos
901 2146 1000 2180 ollicio.

1057 2147 1159 2180 ζονείαν
1176 2146 1222 2173 καὶ
1234 2145 1317 2180 τῦφον
1328 2145 1374 2172 ἀπ’
1387 2145 1473 2180 αὐτῆς
1484 2144 1535 2180 τῆς
1551 2145 1590 2176 είς
1604 2145 1668 2176 τοὺς
1683 2145 1846 2180 ὁμοδούλους

212 2194 241 2215 ιιι
258 2190 372 2223 gloriam
400 2189 435 2216 ab
461 2190 618 2216 hominibus
645 2194 758 2224 qurerat,
786 2195 813 2218 et
829 2191 962 2219 honorem
984 2199 1000 2220 a

211 2235 342 2262 fi-atiibus
365 2236 465 2270 exigat,
496 2235 588 2270 itaque
601 2235 749 2263 infidelium
763 2241 822 2264 acta
842 2237 945 2265 ambiat
972 2241 1001 2265 et

209 2285 331 2315 pi‘iltslcl.
358 2281 462 2307 Etenim
480 2280 597 2308 inlidelis
612 2285 654 2308 cst
667 2282 713 2316 qui
731 2281 867 2309 humanos
882 2289 931 2317 pro
945 2289 1001 2310 coa-

211 2326 327 2354 lcstibus
345 2326 464 2353 honores
481 2329 605 2358 venatur,
624 2326 854 2361 quemadmodum
867 2327 1000 2355 Dominus

210 2372 269 2406 ipse
294 2371 393 2405 alicubi
424 2371 510 2398 dicit:
546 2381 555 2397 ι
577 2371 719 2404 Quomodo
748 2380 797 2400 vos
813 2372 926 2400 credere
955 2380 1001 2408 ρο·

209 2417 304 2448 testis.
336 2417 381 2451 qui
400 2416 512 2453 gloriam
533 2425 548 2443 a
574 2417 654 2445 vobis
687 2417 803 2444 invii-ein
824 2417 950 2452 accipitis
975 2422 1002 2444 et

209 2462 340 2489 honorem
355 2470 369 2488 a
387 2462 440 2489 Deo
449 2464 513 2490 “solo
533 2470 586 2490 non
600 2471 636 2497 qu
649 2463 733 2490 teritis
746 2463 788 2489 "‘2
803 2472 812 2487 ι
831 2463 1015 2498 Quapropter-

208 2509 230 2535 εἰ
252 2509 374 2536 cliai-itas
405 2516 418 2535 a
440 2508 495 2536 Deo
519 2509 649 2540 adfuerit,
668 2516 811 2536 necessum
837 2513 880 2536 est
897 2509 1001 2544 reliqua

209 2555 292 2582 etiam
324 2555 388 2582 huic
418 2555 569 2586 adhaerere,
587 2558 614 2582 et.
633 2554 784 2582 fraternum
811 2562 950 2587 amorem,
973 2559 1001 2583 et

208 2599 348 2626 lenitatem
374 2602 400 2626 et
429 2599 576 2626 candorem
602 2599 706 2633 absque
731 2599 851 2631 fictione,
870 2607 998 2634 perseve-

207 2645 326 2671 rantiam
342 2648 369 2671 et
395 2644 569 2671 sedulitatem
586 2644 612 2670 iu
630 2644 775 2679 precibus,
787 2651 951 2680 omnemque
968 2645 996 2672 in

206 2696 305 2724 genere
323 2689 460 2716 virtutem.
486 2689 620 2720 Quoniam
647 2693 737 2716 autem
758 2689 869 2724 quando
896 2697 994 2726 magna

243 2777 266 2793 ⁸³
277 2776 357 2804 Prov.
377 2785 406 2809 ii,
420 2777 447 2810 4,
463 2776 488 2803 5.
515 2777 537 2792 "
548 2775 627 2804 Joan.
645 2785 670 2810 r,
682 2777 727 2804 Μ.

1051 2193 1188 2224 διακονίας
1198 2212 1205 2223 ,
1216 2191 1254 2223 ὡς
1266 2191 1315 2226 τὴν
1325 2190 1402 2226 παρά
1415 2190 1468 2217 τῶν
1483 2189 1634 2226 ἀνθρώπων
1645 2190 1724 2222 δόξαν
1740 2189 1844 2226 ζητεῖν,

1052 2238 1099 2265 καὶ
1113 2237 1194 2273 τιμὴν
1210 2235 1284 2271 παρά
1302 2236 1356 2263 τῶν
1373 2235 1493 2271 ἀδελφῶν
1510 2237 1632 2262 ἐπαιτεῖν
1642 2243 1650 2251 ·
1666 2236 1713 2262 καὶ
1726 2235 1798 2262 οὕτω
1811 2235 1845 2262 τά

1051 2281 1106 2308 τῶν
1119 2281 1242 2309 ἀπίστων
1263 2281 1523 2315 πραγματευόμενος
1539 2280 1586 2307 καὶ
1600 2279 1694 2307 ποιῶν.
1711 2281 1843 2312 Ἀπιστος

1050 2329 1106 2362 γὰρ
1120 2328 1134 2354 ό
1151 2327 1200 2358 τὰς
1215 2326 1388 2361 ἀνθρωπίνας
1407 2326 1467 2352 ἀντὶ
1483 2325 1538 2353 τῶν
1562 2325 1695 2361 οὐρανίων
1719 2325 1843 2361 θηρεύων

1050 2373 1150 2408 τιμὰς,
1163 2372 1201 2404 ὡς
1222 2372 1302 2404 αὑτός
1320 2371 1371 2398 πού
1392 2380 1474 2407 φησιν
1499 2372 1514 2398 ὁ
1529 2371 1646 2406 Κύριος·
1667 2381 1676 2397 ι
1689 2371 1752 2403 Πῶς
1767 2371 1843 2398 δύνα-

1051 2419 1097 2445 σθε
1114 2418 1192 2452 ὑμεῖς
1205 2417 1342 2443 πιστεύειν
1352 2436 1360 2448 ,
1380 2417 1459 2450 δόξαν
1473 2417 1537 2452 παρ’
1551 2417 1672 2452 ἀλλήλων
1689 2416 1842 2452 λαμϐάνον-

1048 2473 1094 2495 τες
1104 2485 1111 2496 ,
1126 2464 1173 2490 καὶ
1184 2463 1233 2499 τὴν
1247 2463 1325 2495 δόξαν
1340 2463 1389 2498 τὴν
1410 2463 1481 2498 παρὰ
1495 2463 1542 2489 τοῦ
1559 2463 1639 2498 μόνου
1660 2463 1727 2489 Θεοῦ
1745 2463 1777 2490 οὗ
1792 2463 1839 2498 ζη-

1048 2509 1173 2541 τοῦντες;
1188 2518 1198 2534 ι
1221 2508 1344 2543 ’Λγάπης
1371 2507 1417 2535 οὖν
1441 2510 1508 2543 ἡμῖν
1524 2508 1666 2544 παρούσης
1687 2508 1734 2535 τοῦ
1763 2508 1839 2541 θεοῦ,

1049 2555 1156 2590 ἀνάγκη
1176 2555 1224 2581 καὶ
1238 2555 1273 2581 τὰ
1288 2554 1369 2581 λοιπά
1381 2554 1467 2589 ταύτῃ
1487 2554 1662 2586 συνέπεσθαι,
1674 2554 1721 2581 καὶ
1737 2554 1769 2581 τὸ
1780 2555 1837 2590 φιλ-

1051 2599 1163 2632 άδελφον
1175 2619 1184 2632 ,
1209 2599 1239 2626 τὺ
1259 2600 1347 2635 πρᾶον
1359 2619 1367 2631 ,
1382 2599 1412 2625 τὸ
1431 2598 1611 2634 ἀνυπόκριτον
1623 2618 1631 2630 ,
1654 2598 1685 2625 τὸ
1706 2600 1773 2635 περὶ
1793 2600 1838 2631 τάς

1050 2645 1132 2680 εὐχὰς
1148 2645 1259 2680 διαρκὲς
1278 2644 1325 2671 καὶ
1337 2643 1491 2677 σπουδαῖον,
1506 2644 1554 2670 καὶ
1567 2643 1661 2676 ἀπλῶς
1673 2645 1765 2671 πᾶσαν
1778 2645 1838 2679 ἀρε-

1047 2690 1107 2726 τήν.
1131 2690 1174 2722 Ὠς
1190 2690 1218 2717 δὲ
1234 2690 1352 2726 μεγάλου
1367 2689 1413 2716 τοῦ
1436 2689 1576 2724 κτήματος
1594 2688 1687 2722 ὄντος,
1714 2689 1837 2724 μεγάλην
