1922 3078
28 136 70 165 30!
609 133 652 160 DE
669 132 856 162 lNSTlTUTO
872 132 1089 162 CHRISTIANO.

1616 135 1669 164 303

31 197 66 224 δεῖ
79 195 167 223 πόνων
185 195 255 232 περὶ
271 195 322 232 τὴν
337 195 443 231 κτῆσιν,
460 195 490 222 οὔ
508 195 575 231 πρὸς
591 194 702 227 ἔνδειξιν
722 194 825 231 ἀνθρώ-

885 199 919 222 2st
934 196 1086 230 possessio,
1102 195 1210 230 magnis
1224 195 1306 222 etiam
1324 194 1359 223 ad
1379 203 1439 223 eam
1470 196 1667 231 acquirendam

31 250 81 268 πων
95 240 260 276 γινομένων,
275 241 334 268 ἀλλ’
350 242 389 272 είς
407 241 438 267 τὸ
452 241 549 276 ἀρέσαι
565 240 624 277 Θεῷ
640 241 678 276 τῷ
691 241 726 268 τὰ
758 249 824 278 κρυ-

31 287 79 314 πτὰ
93 287 183 313 είδότι.
203 287 269 318 Τοῖς
288 286 317 313 δὲ
333 285 461 320 ἀγαπῶσι
483 285 528 312 τὸν
560 286 627 314 Θεὸν
652 286 762 318 εὔκολος
777 286 825 312 καὶ

32 332 87 368 ἡδὺς
101 332 115 358 6
138 332 223 364 πόνος
238 332 294 359 τῶν
316 331 431 358 ἐντολῶν
443 353 451 364 ,
470 331 588 366 ἐλαφρὸν
611 331 659 358 καὶ
675 332 825 367 ἐπέραστον

33 381 88 416 ἡμῖν
100 378 144 405 16v
163 378 265 412 ἀγῶνα
278 378 330 414 τῆς
346 377 415 412 πρὸς
438 377 542 404 ἐκεῖνον
557 377 667 412 ἀγάπης
684 375 823 411 ποιούσης.

32 425 70 452 Διὸ
84 419 129 451 καὶ
141 425 155 450 6
170 424 300 460 Πονηρὸς
314 424 401 452 πάντα
414 423 576 458 ἀγωνίζεται
587 423 687 459 τρόπον
701 421 825 449 ἐκϐαλεῖν

33 471 71 497 16v
82 470 127 496 τοῦ
143 469 254 505 Κυρίου
270 469 352 504 φόϐον
371 471 403 496 ὲκ
417 469 472 496 τῶν
485 469 579 504 ψυχῶν
597 469 674 504 ἡμῶν
684 489 692 501 ,
707 467 754 495 καὶ
769 467 825 494 δια-

33 515 103 541 λῦσαι
117 514 166 549 τὴν
181 513 256 550 πρὸς
272 515 374 540 ἐκεῖνον
388 514 499 549 ἀγάπην
522 513 629 549 ἡδοναῖς
643 512 824 548 παρανόμοις.

34 560 114 592 Δεινός
130 559 186 595 γὰρ
208 560 298 593 ἐστιν,
315 560 340 586 εί
359 559 550 606 ξὲίξιμεξνξας
564 558 639 594 εὖροι
659 559 722 589 τοὺς
739 557 825 592 φύλα-

35 615 78 638 κας
88 626 95 638 ,
111 605 211 641 κλέψαι
237 606 352 641 καιρδν,
362 603 417 632 ’καὶ
433 604 602 632 ἐπεισελθεῖν
622 605 678 636 τοῖς
695 603 745 638 τῆς
761 603 826 639 ἀρε-

36 651 78 686 τῆς
93 650 180 683 πόνοις
195 670 203 682 ,
220 651 273 677 καὶ
286 652 467 686 κατασπεῖραι
488 649 528 685 τῷ
549 649 614 684 σίτῳ
628 649 662 676 τὰ
677 648 760 675 αὐτοῦ
784 649 825 681 ζι-

37 698 119 730 ζάνιαι
134 696 286 732 λοιδορίαν,
299 696 380 731 λέγω,
391 697 484 731 τῦφον,
495 695 657 729 κενοδοξίαν.
669 695 752 730 τιμῆς
766 695 826 721 ἐπι-

37 744 143 778 θυμίαν,
164 743 214 770 καὶ
240 743 278 770 τὰ
300 743 382 770 λοιπὰ
396 743 445 777 τῆς
470 743 569 774 κακίας
584 741 825 778 δημιουργήματα.

39 791 77 816 Δεῖ
84 787 128 816 οὖν
139 789 336 826 ἐγρηγορέναι,
346 789 393 816 καὶ
401 790 494 825 τηρεῖν
503 788 635 816 πάντοθεν
644 788 688 814 τὸν
705 787 827 823 Ἐχθρὸν,

39 837 102 867 ὅπως
117 835 168 862 κᾶν
182 835 330 872 προσϐάλῃ
345 835 406 862 τινὰ
423 834 548 871 μηχανὴν
564 835 610 861 ὑπ’
625 833 827 869 ἀναισχυντίας,

443 592 550 600 W

41 881 96 917 πρὶν
114 881 237 916 ἅψασθαι
266 881 318 916 τῆς
340 880 429 916 ψυχῆς
457 880 690 916 ἀποκῳυσοῆναι.
718 880 830 915 Μνημο-
847 876 868 903 Β

40 927 122 953 νεὺετε
136 926 165 953 δέ
191 936 238 962 μοι
266 927 386 962 συνεχῶς
410 926 458 952 καὶ
473 926 589 958 τούτου,
612 926 654 952 ὅτι
677 925 760 952 Ι’Ᾱὸελ
781 925 830 961 μὲν

42 972 183 1008 προσέφερε
198 971 240 1008 τῷ
259 972 356 1009 Κυρίῳ
373 972 470 999 θυσίαν
493 971 548 999 ἀπὸ
570 971 627 998 τῶν
650 971 831 1006 πρωτοτόκων

43 1018 176 1054 προὸάτων
201 1018 252 1045 καὶ
273 1018 328 1046 ἀπὸ
350 1019 483 1045 πεάτων·
502 1018 573 1045 Κάῖν
592 1017 620 1045 δὲ
638 1017 692 1044 ἀπὸ
709 1017 758 1053 μὲν
777 1017 831 1043 τῶν

44 1064 146 1100 καρπῶν
163 1064 216 1100 τῆς
229 1065 295 1100 γῆς,
308 1064 365 1091 ἀλλ’
381 1064 431 1091 οὑκ
444 1064 498 1091 ἀπὸ
509 1064 565 1091 τῶν
577 1064 732 1100 προὸάτων·
753 1073 762 1089 ι
776 1063 832 1090 Καὶ

44 1110 147 1144 item,»
165 1111 261 1145 φησὶν,
280 1120 290 1136 t
307 1112 321 1138 6
338 1110 403 1142 Θεὸς
415 1110 462 1137 ἐπὶ
473 1111 532 1142 ταῖς
546 1110 652 1141 θυσίαις
667 1109 715 1136 τοῦ
729 1109 812 1135 Ἀὄελ
823 1117 830 1124 ·

46 1157 85 1183 ἐπὶ
97 1157 124 1184 δὲ
146 1158 204 1189 τοῖς
217 1156 317 1192 δώροις
340 1156 387 1183 τοῦ
401 1156 472 1183 Κάῖν
493 1156 524 1182 οὐ
546 1156 706 1192 προσέσχεν.
723 1164 733 1182 ›
753 1155 831 1182 Ἐστι

45 1204 124 1229 τοίνυν
137 1205 234 1239 μαθεῖν
250 1205 284 1230 ἐκ
298 1205 348 1239 τῆς
362 1203 492 1238 ἱστορίας,
506 1203 544 1235 ὡς
557 1203 704 1238 εὐάρεστον
721 1201 761 1237 τῷ
775 1202 832 1228 Κυ-

49 1250 91 1284 ρίῳ
102 1250 154 1276 πᾶν
164 1249 195 1275 16
210 1249 283 1285 μετὰ
298 1248 382 1284 φόϐου
398 1249 444 1275 καὶ
455 1248 621 1280 πίστεως,οὑ
635 1247 665 1274 16
680 1246 833 1278 πολυτελῶς

47 1295 101 1322 ἀνευ
123 1295 235 1330 ἀγάπης
259 1295 412 1331 γινόμενον.
429 1294 497 1321 Οὐδὲ
520 1294 574 1329 γὰρ
600 1293 727 1329 Ἀϐραὰμ
744 1292 832 1324 άλλως

48 1340 145 1372 ἐδέξατο
164 1339 215 1375 τὴν
236 1339 363 1373 εὐλογίαν
381 1338 454 1374 παρὰ
475 1338 521 1365 106
538 1337 723 1372 Μελχισεδὲκ,
743 1337 831 1373 ἀλλ’ἢ

48 1385 89 1416 τὰς
103 1385 228 1420 ἀπαρχὰς
245 1385 294 1411 καὶ
306 1385 340 1411 τὰ
353 1384 447 1420 καίρια
462 1384 632 1420 προσήνεγκε
646 1382 685 1418 τῷ
701 1383 770 1418 ίερεί
784 1383 832 1410 τοῦ

49 1431 116 1458 Θεοῦ.
131 1432 234 1466 Καίρια
252 1431 283 1458 δὲ
305 1430 378 1465 λέγει
404 1430 452 1457 καὶ
467 1429 609 1466 ἀκροθίνια
622 1429 676 1457 τῶν
699 1430 834 1465 ὑπαρχόν-

49 1485 94 1503 των
105 1497 112 1509 ,
128 1477 213 1512 αὐτὴν
231 1476 282 1512 τὴν
300 1476 388 1511 ψυχὴν
405 1476 453 1502 καὶ
478 1475 526 1503 τὸν
541 1476 602 1502 νοῦν
612 1496 620 1508 ,
635 1475 753 1502 κελεύων
766 1476 834 1511 ἡμῖν

53 1523 83 1558 μὴ
97 1522 294 1559 μικροπρεπῶς
309 1522 382 1549 θύειν
397 1521 436 1557 τῷ
448 1521 507 1557 Θεῷ
521 1521 570 1553 τὰς
585 1521 705 1553 αἰνέσεις
721 1521 768 1548 καὶ
784 1521 833 1553 τὰς

51 1569 132 1604 εὐχὰς,
146 1568 216 1604 μηδὲ
229 1568 266 1595 τὰ
279 1567 396 1603 τυχόντα
415 1567 454 1602 τῷ
464 1567 585 1603 Δεσπότῃ
601 1567 764 1603 προσάγειν,
779 1567 837 1594 ἀλλ’

53 1615 73 1641 εί
84 1623 107 1642 τι
125 1615 231 1650 καίριον
247 1614 299 1648 τῆς
313 1613 401 1649 ψυχῆς
412 1634 419 1645 ,
438 1613 538 1648 μᾶλλον
557 1613 586 1640 δὲ
603 1613 687 1648 αὐτὴν
704 1613 753 1648 τὴν
773 1612 837 1649 ὅλην

53 1661 193 1688 ἀνατιθέναι
205 1660 279 1696 Θεῷ.
295 1660 362 1696 Περὶ
377 1660 468 1695 μέντοι
483 1659 537 1686 τῶν
552 1659 602 1694 τῆς
618 1659 718 1694 ἀρετῆς
732 1658 837 1694 μερῶν,

53 1706 118 1732 ποῖον
131 1707 257 1741 κρεῖττον
272 1704 408 1740 ἡγεῖσθαι,
430 1704 476 1731 καὶ
494 1704 545 1740 πρὸ
565 1704 619 1730 τῶν
636 1703 723 1731 ἀλλων
742 1704 838 1739 ἐπιτη-

54 1752 130 1779 δεύειν
142 1771 149 1785 ,
168 1752 218 1779 καὶ
235 1752 312 1778 ποῖον
339 1750 434 1777 τούτου
462 1750 588 1786 δεύτερον
603 1769 610 1782 ,
635 1750 682 1777 καὶ
705 1749 739 1776 τὰ
757 1750 837 1776 λοιπὰ

55 1797 158 1834 ἑφεξῆς,
183 1798 236 1824 οὐκ
264 1797 338 1824 ἐστιν
365 1798 462 1824 εἰπεῖν.
497 1797 631 1831 Ἀλλήλων
659 1796 712 1832 γὰρ
737 1796 837 1832 ὁμοίως

55 1843 147 1877 ἔχονται
157 1863 166 1875 ,
175 1844 222 1870 καὶ
233 1843 268 1870 δι’
275 1842 398 1879 ἀλλήλων
409 1843 454 1869 ἐπὶ
465 1842 515 1878 τὴν
522 1841 643 1877 κορυφὴν
656 1842 719 1873 τοὺς
730 1842 838 1877 χρωμέ-

55 1896 108 1920 νοις
116 1888 272 1923 ἀνάγουσιν.
285 1888 318 1914 Ἦ
329 1887 379 1923 μὲν
387 1887 440 1923 γὰρ
450 1886 570 1923 ἁπλότης
581 1889 614 1922 τῇ
632 1887 738 1922 ὑπακοῇ
749 1895 839 1922 παρα-

56 1933 150 1960 δίδωσιν
159 1942 166 1949 ·
179 1935 196 1970 ἡ
210 1934 239 1961 δὲ
253 1933 414 1969 ὑπακοὴ,τῇ
443 1933 533 1960 πίστει
546 1942 553 1948 ·
566 1933 634 1969 αὕτη
648 1934 676 1960 δὲ
686 1934 719 1969 τῇ
731 1934 818 1960 ἑλπίδι
829 1942 836 1950 ο

57 1979 123 2014 καὶὴ
135 1979 222 2013 ἐλπὶς,
233 1981 268 2016 τῇ
287 1979 444 2015 δικαιοσύνῃ
457 1988 464 1995 '
486 1979 601 2015 κάκείνη
611 2000 619 2011 ,
641 1981 674 2015 τῇ
694 1979 816 2016 διακονία
829 1989 836 1996 ·

59 2023 98 2050 καὶ
108 2023 181 2059 αὕτη,
192 2026 226 2059 τῇ
239 2025 414 2060 ταπεινότητι
424 2033 431 2040 ’
444 2025 519 2060 παρὰ
532 2025 560 2051 δὲ
575 2025 675 2060 ταύτης
686 2025 703 2061 ἡ
719 2026 839 2062 πραότης

59 2069 301 2105 προλαμϐάνεται·
313 2071 330 2105 ὴ
340 2070 380 2102 δὲ,
393 2071 426 2106 τῇ
438 2071 509 2106 χαρᾷ
523 2070 656 2106 προσάγει
666 2078 673 2086 ⁶
685 2071 702 2107 ἡ
717 2071 746 2098 δὲ
756 2071 838 2107 χαρὰ,

61 2115 88 2148 τῇ
102 2115 205 2151 ἀγάπγγ
215 2116 360 2152 ἑκείνη,τῇ
375 2117 441 2152 εὐχῇ
452 2125 458 2132 ·
473 2117 520 2143 καὶ
530 2116 616 2148 οὕτως
628 2116 750 2152 ἀλλήλων
765 2117 840 2152 ἐξηρ-

61 2161 178 2194 τημέναι,
196 2162 244 2188 καὶ
268 2161 452 2197 ἑξαρτήσασαι
467 2163 512 2189 τὸν
527 2162 672 2197 ἐχόμενον,
689 2163 732 2189 ἐπ’
754 2163 840 2198 αὐτὴν

879 241 1021 269 laboribus
1054 248 1125 276 opus
1153 245 1221 268 est:
1250 248 1304 268 non
1332 241 1379 276 qui
1403 241 1437 269 ad
1456 243 1668 270 ostentationem

878 285 1022 313 hominum
1037 287 1240 322 suscipiuntur,
1257 294 1354 314 verum
1370 276 1403 314 ad
1420 287 1581 322 placendum
1601 287 1667 320 Deo,

878 333 925 367 qui
940 333 1049 360 occulta
1065 333 1153 360 novit.
1171 333 1254 368 Atqui
1269 332 1354 360 Deum
1367 333 1522 360 amantibus
1538 332 1628 360 facilis
1642 337 1669 360 ct

877 377 1019 412 jucundus
1035 381 1078 406 est
1092 378 1170 405 labor
1185 377 1391 410 mandatorum,
1406 384 1468 404 cum
1485 378 1544 405 leve
1565 381 1594 405 et
1607 385 1668 412 gra-

879 427 936 450 tum
960 423 1040 450 nobis
1057 427 1195 450 certamen
1221 422 1321 451 eilieiat
1341 422 1463 449 charitas
1479 430 1544 457 erga
1572 421 1667 450 Deum.

879 469 1052 505 Quapropter
1069 469 1159 498 malus
1180 470 1254 497 Omni
1278 469 1386 497 ratione
1410 468 1552 496 contendit
1571 471 1601 495 ut
1621 467 1670 496 Dei

879 521 983 544 metum
999 523 1033 543 ex
1058 516 1157 544 animis
1185 515 1289 543 nostris
1306 515 1436 550 expellat,
1452 517 1480 542 et
1496 521 1615 541 amorem
1640 513 1669 540 in

881 563 967 590 Deum
984 562 1175 597 voluptatibus
1193 560 1343 597 illegitimis
1361 560 1504 589 dissolvat.
1523 559 1671 587 Enimvero

881 608 990 636 subtilis
1008 611 1062 639 est.
1077 607 1100 634 si
1114 610 1254 642 torpentes
1270 606 1399 634 socordia
1420 604 1557 633 invenerit
1577 608 1671 631 custo-

881 654 941 687 des,
956 654 983 680 in
1003 653 1134 688 rapienda
1146 652 1362 687 opportunitate,
1377 657 1404 680 et
1419 652 1522 679 sensim
1539 651 1672 679 invaden-

881 699 926 726 dis
950 699 1061 726 virtutis
1093 698 1253 730 laboribus,
1271 702 1353 732 atque
1378 697 1533 725 inscrendis
1557 696 1672 724 zizaniis

883 745 941 772 suis
966 745 1106 772 frumento
1128 753 1136 771 :
1165 743 1319 771 convicium
1347 742 1419 775 dico,
1437 742 1546 776 fastum,
1564 743 1671 769 inanem

886 791 1012 826 gloriam,
1029 790 1142 818 honoris
1160 790 1350 825 cupiditatem,
1366 793 1394 816 ct
1407 789 1460 816 alia
1486 789 1546 815 vitii
1565 788 1670 816 eifecta.

882 837 977 872 Itaque
992 837 1106 873 vigilare
1129 840 1248 871 oportet.
1264 841 1290 863 et
1316 835 1437 870 undique
1464 834 1606 862 inimicum
1622 834 1673 861 ob—

882 891 1005 916 servare,
1026 885 1056 909 ut
1081 882 1189 910 etiamsi
1214 881 1347 908 fabricant
1375 879 1527 907 admoverit
1552 879 1672 914 aliquam

881 937 938 965 prae
960 928 1129 964 impudentia
1156 934 1217 960 sua,
1240 931 1386 961 antequam
1409 925 1527 952 animam
1547 925 1672 959 attingat,

883 975 1050 1003 excutiatur.
1068 973 1126 1001 lloc
1150 980 1260 1008 quoque
1278 972 1436 1007 frequenter
1455 971 1483 998 in
1513 970 1671 997 memoriam

882 1026 1020 1052 revocate,
1036 1019 1109 1055 quod
1126 1018 1194 1045 Abel
1211 1017 1322 1052 quidem
1337 1017 1436 1044 obtulit
1451 1015 1568 1043 Domino
1586 1015 1674 1043 sacri-

883 1067 974 1095 licium
989 1066 1023 1094 de
1038 1064 1231 1101 primogenitis
1243 1063 1348 1096 ovium,
1368 1066 1394 1089 et
1405 1062 1439 1090 de
1449 1062 1574 1097 adipibus
1587 1071 1594 1089 :
1607 1061 1673 1088 Cain

883 1117 973 1140 autern
1005 1119 1038 1139 ex
1061 1111 1198 1138 fructibus
1223 1109 1333 1144 quidem
1360 1113 1450 1139 terrae,
1481 1107 1529 1135 sed
1555 1115 1610 1135 non
1640 1115 1674 1136 ex

883 1158 990 1186 ovibus.
1008 1166 1016 1183 ι
1031 1156 1064 1183 Et
1087 1155 1218 1190 respexit,
1236 1163 1245 1180 ι
1264 1154 1363 1189 inquit,
1381 1163 1390 1179 ι
1409 1153 1480 1181 Deus
1496 1153 1531 1181 ad
1548 1153 1674 1181 victimas

883 1203 960 1235 Abel,
993 1203 1028 1230 ad
1043 1209 1159 1230 munera
1189 1204 1281 1228 autem
1312 1199 1380 1227 Cain
1396 1207 1451 1226 non
1478 1200 1593 1227 attendit
1605 1199 1637 1226 ".
1663 1210 1673 1226 ι

883 1249 969 1286 Igitur
985 1257 1019 1277 ex
1041 1248 1158 1276 historia
1186 1255 1265 1275 sacra
1288 1247 1399 1279 discere,
1408 1246 1472 1274 licet
1488 1254 1570 1282 quam
1597 1254 1676 1275 acce-

883 1299 961 1331 ptum
977 1295 1014 1322 sit
1030 1294 1146 1321 Domino
1162 1301 1246 1320 omne
1274 1292 1348 1328 quod
1365 1300 1428 1320 cum
1458 1293 1555 1321 timore
1569 1297 1596 1321 et
1624 1294 1678 1322 ﬁdo

884 1342 924 1374 ﬁt,
941 1349 997 1368 non
1013 1340 1085 1375 quod
1105 1344 1268 1373 sumptuose
1290 1338 1394 1373 absque
1409 1337 1555 1366 charitate.
1583 1338 1677 1374 Neque

884 1387 956 1414 enim
982 1386 1063 1413 aliter
1093 1385 1232 1412 Abraham
1250 1384 1403 1419 accepisset
1418 1383 1635 1412 benedictionem
1661 1393 1677 1412 ε

885 1432 1077 1463 Melchisedec,
1095 1431 1150 1458 nisi
1175 1430 1315 1466 primitias
1335 1433 1363 1457 et
1379 1430 1516 1465 praecipua
1532 1430 1678 1458 obtulisset

884 1479 1020 1506 sacerdoti
1034 1478 1081 1505 Dei
1093 1478 1125 1504 “.
1143 1476 1283 1511 Praecipua
1298 1484 1364 1504 vero
1385 1476 1462 1508 dicit,
1489 1479 1516 1503 et
1543 1475 1678 1512 primitias

889 1524 1092 1556 manubiarum,
1110 1523 1229 1551 animam
1244 1523 1333 1558 ipsam
1343 1525 1371 1550 et
1384 1526 1512 1555 mentem,
1527 1522 1592 1550 dum
1608 1530 1678 1558 prae-

888 1570 956 1605 cipit
970 1570 1049 1597 nobis
1064 1576 1122 1596 non
1139 1567 1252 1596 sordide
1265 1567 1423 1596 sacriﬁcare
1435 1567 1490 1594 Deo
1505 1567 1678 1596 laudationes

887 1621 914 1644 et
932 1622 1029 1651 preces
1043 1624 1050 1648 ;
1066 1622 1098 1642 ac
1113 1622 1202 1649 neque
1216 1614 1332 1641 Domino
1348 1613 1451 1648 quaevis
1464 1612 1573 1646 offerre,
1589 1613 1638 1642 sed
1653 1614 1677 1642 si

888 1662 954 1697 quid
970 1662 997 1688 in
1016 1661 1108 1688 anima
1127 1660 1290 1695 primarium
1308 1659 1401 1693 fuerit,
1418 1659 1474 1687 imo
1487 1659 1574 1695 ipsam
1591 1663 1678 1688 totam

888 1708 944 1735 Deo
957 1714 1131 1735 consecrare.
1146 1705 1280 1733 Caeterum
1298 1712 1359 1741 quae
1374 1705 1486 1733 virtutis
1500 1709 1591 1741 partes
1607 1713 1678 1742 prte-

888 1753 1036 1782 stantiores
1050 1752 1197 1780 censenda:
1215 1751 1284 1783 sint,
1317 1756 1345 1778 et
1373 1751 1474 1786 quibus
1502 1751 1592 1786 primo
1616 1756 1680 1780 ante

889 1799 958 1828 alias
973 1798 1188 1827 incumbendum
1204 1798 1249 1830 sit,
1262 1803 1290 1825 et
1318 1797 1434 1832 reliquis
1449 1793 1602 1834 deinceps,
1622 1799 1678 1827 dici

888 1853 942 1873 non
958 1849 1059 1880 potest.
1082 1844 1151 1872 Nam
1167 1843 1284 1872 virtutes
1301 1844 1373 1871 inter
1388 1851 1417 1871 se
1433 1851 1566 1872 connexa:
1591 1851 1679 1874 sunt:

889 1898 921 1918 ac
935 1898 985 1926 per
997 1899 1027 1919 se
1041 1890 1159 1919 invicem
1182 1889 1304 1917 cultores
1331 1889 1364 1917 ad
1382 1896 1514 1918 cacumen
1534 1891 1678 1925 extollunt.

889 1937 996 1965 Etenim
1014 1936 1181 1972 simplicitas
1204 1935 1369 1964 obedientize
1394 1935 1496 1969 tradit,
1523 1935 1679 1964 obedientia

890 1983 952 2011 ﬁdei
966 1993 973 2012 :
991 1984 1047 2010 haec
1062 1990 1127 2010 vero
1143 1982 1214 2018 spei,
1227 1986 1255 2010 et
1274 1981 1464 2017 spesjustitia:
1476 1991 1483 2015 ;
1497 1982 1604 2017 justitia
1628 1983 1680 2010 mi‘

890 2029 1014 2062 nist:rio,
1037 2035 1065 2057 et
1081 2029 1268 2057 ministerium
1284 2028 1430 2056 humilitati
1448 2036 1456 2061 ;
1471 2028 1507 2056 ab
1521 2028 1573 2056 hac
1587 2032 1678 2057 autem

890 2076 1036 2104 clementia
1062 2075 1224 2108 assumitur,
1255 2083 1317 2110 qua:
1335 2074 1435 2111 gaudio
1450 2074 1595 2108 admovet;
1613 2082 1680 2110 gau-

890 2122 964 2149 dium
977 2121 1104 2149 charitati
1116 2129 1124 2153 ;
1137 2121 1195 2148 [nec
1207 2120 1355 2156 precationi
1370 2129 1378 2148 :
1390 2123 1418 2148 et
1430 2119 1471 2148 sic
1485 2127 1501 2148 s
1516 2127 1546 2147 se
1563 2120 1678 2148 invicem

890 2167 1020 2203 pendent,
1047 2170 1075 2194 et
1092 2166 1238 2194 sublimem
1251 2173 1314 2194 eum
1330 2165 1378 2200 qui
1402 2171 1541 2201 appensus
1559 2165 1679 2194 adimeret

62 2205 177 2240 ἀνάγουσι
204 2207 251 2234 τοῦ
284 2207 451 2242 ποθουμένου
474 2208 523 2243 τὴν
549 2209 671 2244 κορυφὴν
685 2230 691 2240 ,
714 2208 833 2245 καθάπερ

891 2213 924 2240 ad
944 2213 1032 2247 ipsum
1062 2212 1190 2240 verticem
1211 2215 1311 2246 optatae
1329 2211 1367 2239 rei
1398 2211 1512 2244 vehunt,
1540 2211 1622 2239 sicuti
1646 2219 1680 2239 ex

63 2251 210 2283 ἀπεναντίας
231 2254 248 2288 ἡ
268 2253 383 2288 πονηρία
406 2254 469 2285 τοὺς
483 2253 583 2289 ἑαυτῆς
603 2254 711 2287 φίλους,
727 2254 772 2281 διὰ
786 2254 839 2281 τῶν

63 2296 155 2323 οἰκείων
169 2298 253 2333 αὐτῆς
271 2298 371 2333 μερῶν,
383 2299 429 2325 ἐπὶ
451 2299 500 2334 τὴν
520 2299 637 2335 ἐσχάτην
657 2300 770 2334 κατάγει
792 2308 840 2326 κα-

63 2340 123 2367 )έαν.
144 2343 187 2368 Δεῖ
211 2343 240 2369 δὲ
267 2343 338 2378 ἡμᾶς
358 2345 390 2379 τῇ
410 2344 476 2379 εὐχῇ
506 2344 587 2370 πλέον
607 2346 838 2383 προσκαρτερεῖν·

64 2383 109 2412 οἷον
123 2388 173 2423 γὰρ
194 2389 341 2424 κορυφαῖός
355 2398 397 2420 τις
419 2389 466 2415 106
480 2389 561 2424 χοροῦ
574 2389 628 2416 τῶν
642 2389 748 2425 ἀρετῶν
769 2389 838 2426 αὓτη

47 2439 49 2441 ·
64 2433 176 2467 τυγχάνει
187 2455 194 2467 ,
210 2435 259 2461 καὶ
283 2434 412 2461 συνάπτει
429 2435 461 2461 δι’
480 2435 622 2470 ἁγιότητος
646 2436 779 2470 μυστικῆς
793 2436 839 2462 καὶ

66 2480 240 2515 πνευματικῆς
257 2480 396 2516 ἐνεργείας
414 2481 460 2507 καὶ
481 2481 627 2512 διαθέσεως
645 2482 765 2516 ἀρρήτου
779 2481 838 2516 Θεῷ

65 2523 102 2549 τὸν
110 2526 141 2561 τῇ
155 2525 219 2562 εὐχῇ
236 2525 490 2561 προσκαρτεροῦντα
501 2534 508 2542 ·
525 2526 554 2558 ὃς
566 2526 634 2558 ζέων
649 2526 688 2561 τῷ
700 2527 783 2562 πόθῳ,
792 2527 837 2553 κό‹

68 2575 105 2601 ρον
125 2569 171 2604 τῆς
198 2571 280 2606 εὐχῆς
300 2572 348 2606 οὐχ
372 2571 492 2607 εὑρίσκει
507 2580 514 2587 ο
539 2572 583 2598 ἀεὶ
601 2571 630 2598 δὲ
650 2572 688 2606 τῷ
703 2572 777 2607 πόθῳ
791 2573 838 2599 τοῦ

67 2613 156 2647 ἀγαθοῦ
167 2617 332 2652 εὑρίσκεται,
349 2618 418 2644 κατά
431 2618 461 2644 τὸ
474 2618 617 2653 είρημένον
626 2626 633 2633 -
655 2627 664 2643 ι
680 2618 710 2645 Οἱ
722 2618 840 2654 τρώγον-

67 2658 104 2689 τές
114 2667 154 2694 με,
166 2660 204 2688 ἐτι
220 2662 376 2689 πεινάσουσι
389 2670 395 2676 ·
413 2663 458 2689 καὶ
470 2663 495 2689 οί
510 2663 630 2694 πίνοντές
648 2672 692 2698 με,
711 2663 749 2689 ἔτι
761 2663 839 2699 διψή-

70 2710 144 2730 σουσι.
157 2713 166 2730 ι
180 2706 233 2732 Καὶ
250 2706 377 2741 ἀλλαχοῦ·
400 2707 540 2739 (Ἕδωκας
559 2707 727 2743 εὐφροσύνην
739 2709 779 2739 είς
791 2709 840 2742 τὴν

69 2747 167 2782 καρδίαν
184 2758 244 2784 μου.
259 2760 267 2775 ι
288 2750 342 2776 Καὶ
356 2752 369 2777 6
385 2752 497 2786 Κύριος·
516 2761 525 2777 t
543 2752 574 2778 'll
592 2751 714 2786 βασιλεία
730 2752 782 2778 τῶν
794 2752 839 2778 οὐ·

100 2834 192 2865 “Gcn.
215 2846 250 2871 tv,
269 2839 296 2870 ι,
312 2838 338 2865 5.
387 2839 407 2854 ³⁷
420 2837 487 2867 Gen.
505 2848 559 2871 nv,
578 2839 610 2866 l8
624 2848 685 2873 sqq.

891 2258 1006 2286 adverso
1018 2257 1179 2292 improbitas
1190 2257 1295 2284 amicos
1309 2264 1376 2284 suos
1390 2265 1437 2291 per
1449 2257 1573 2292 proprias
1588 2261 1680 2292 partes

892 2310 957 2330 suas
970 2302 1004 2328 ad
1017 2306 1170 2330 extremam
1189 2301 1319 2336 deprimit
1333 2301 1493 2336 nequitiam.
1514 2300 1597 2330 Nobis
1616 2309 1681 2330 vero

892 2349 1009 2383 amplius
1024 2347 1148 2374 orationi
1176 2347 1359 2375 insistendum
1383 2351 1446 2375 est:
1471 2347 1606 2383 siquidem
1625 2348 1681 2375 haec

891 2392 974 2419 veluti
992 2391 1068 2419 chori
1085 2391 1217 2418 virtutum
1231 2391 1353 2418 antistita
1367 2391 1493 2426 quaedam
1508 2396 1561 2423 est.
1584 2397 1611 2420 ct
1634 2401 1682 2428 per

892 2438 1066 2465 sanctitatem
1082 2444 1209 2464 arcanam
1233 2440 1260 2464 et
1287 2437 1457 2471 spiritualem
1491 2438 1625 2466 actionem
1654 2443 1681 2466 et

892 2482 1018 2510 allectum
1035 2481 1258 2512 inenarrabilem,
1276 2481 1331 2508 Deo
1350 2481 1493 2517 conjungit
1508 2489 1571 2510 eum
1589 2483 1635 2517 qui
1653 2483 1680 2514 in

892 2536 973 2563 prece
989 2531 1163 2563 perseverat;
1178 2527 1225 2562 qui
1240 2527 1376 2554 desiderio
1391 2526 1511 2559 fervens,
1527 2528 1679 2555 satietatem

892 2572 1059 2608 precationis
1075 2579 1129 2598 non
1145 2571 1250 2598 invenit
1263 2580 1270 2598 :
1291 2571 1346 2598 imo
1366 2578 1474 2606 semper
1489 2579 1504 2598 a
1519 2571 1583 2598 boni
1598 2578 1681 2606 appe-

894 2617 945 2643 titu
972 2616 1121 2651 corripitur
1146 2616 1226 2650 juxta
1241 2617 1267 2643 id
1294 2616 1366 2651 quod
1397 2616 1499 2643 dictum
1523 2619 1583 2643 est:
1601 2625 1610 2641 ι
1628 2617 1678 2648 Qui

893 2662 978 2689 edunt
996 2669 1048 2692 me.
1065 2661 1154 2688 adhuc
1169 2661 1302 2694 esurient,
1317 2665 1344 2688 et
1356 2662 1403 2696 qui
1416 2661 1511 2688 bibunt
1525 2668 1578 2692 me,
1590 2660 1681 2688 adhuc

894 2707 1033 2734 sitit-nt“.
1055 2716 1064 2732 ι
1096 2707 1185 2741 Atque
1217 2707 1301 2733 alibi:
1320 2716 1330 2732 ‹
1366 2706 1467 2734 Dedisti
1497 2705 1618 2733 laetitiam
1652 2706 1680 2733 in

894 2752 975 2778 corde
992 2759 1052 2779 meo
1064 2751 1096 2777 ³⁸.
1118 2761 1127 2777 ι
1159 2751 1190 2778 lit
1210 2751 1354 2784 Dominus,
1372 2761 1382 2778 ‹
1402 2751 1522 2786 licgnum
1548 2751 1681 2779 caelorum

732 2840 754 2854 ³⁸
766 2838 847 2867 Eccli.
869 2847 940 2870 nix.
956 2839 1000 2867 2!).
1042 2842 1063 2856 "
1078 2839 1150 2867 Psal.
1168 2848 1205 2867 IV.
1222 2841 1248 2866 7.
