1922 3078
208 118 262 148 303

849 110 878 138 S.
898 107 1062 137 GREGORII
1074 107 1222 136 NYSSENI

1798 109 1851 137 301

209 176 281 203 intra
311 181 361 202 vos
388 178 429 202 est
440 173 473 200 ".
504 182 513 199 ι
546 171 670 208 Regnum
699 168 845 206 appellavit
871 167 1001 205 gaudium

1055 167 1145 203 ρανῶν
1169 166 1244 199 ἐντος
1261 165 1338 202 ὑμῶν
1360 166 1430 193 ἐστι.
1449 165 1593 208 84M“
1616 165 1646 194 δὲ
1671 165 1722 202 τὴν
1750 165 1855 193 ἀνωθεν

211 220 331 255 desuper
347 219 461 246 insitum
486 217 586 245 animis
604 224 654 252 per
679 216 830 251 spiritum:
859 213 933 247 quod
958 215 1001 240 est

211 265 328 293 arrhabo
346 263 507 300 sempiterni
522 261 628 299 gaudii,
644 269 699 297 quo
713 266 779 288 tunc
796 259 922 303 fruemur
938 265 1003 286 san-

212 314 319 338 ctorum
335 310 444 337 anima.

247 356 334 391 Igitur
349 355 480 390 quoniam
497 354 667 382 declaratum
681 355 723 380 est
743 351 806 387 quis
832 350 868 379 sit
891 349 1002 386 pietatis

212 410 323 437 scopus,
343 409 425 436 quem
454 401 489 428 iis
520 399 693 436 propositum
710 405 773 426 esse
797 396 936 429 convenit,
953 395 1001 432 qui

211 447 268 475 Deo
283 447 395 475 charam
415 447 566 475 instituunt
581 445 676 478 vitam,
693 451 755 480 quae
769 447 812 472 est
826 443 925 470 animae.
934 449 1001 478 pur-

211 493 296 529 gatio,
314 496 342 521 et
355 492 476 528 Spiritus
489 491 577 519 sancti
594 498 644 526 per
659 490 794 518 bonorum
809 496 922 525 operum
938 495 1002 524 pro-

211 539 313 567 fectum
329 538 494 566 inhabitatio
506 548 512 565 :
526 538 646 573 quisque
656 541 778 564 vestrum
794 535 885 563 anima
899 542 932 563 eo
945 541 1001 570 quo

212 582 431 610 demonstratum
457 587 499 610 est
529 581 612 609 modo
645 584 809 616 praeparata,
838 587 871 607 ac
900 578 1001 607 referta

213 635 307 655 amore
329 627 441 660 divino,
465 628 501 654 ita
528 627 649 662 seipsum
680 626 808 662 precibus
838 629 865 653 et
889 625 1003 660 jejuniis

211 671 314 703 tradat,
332 679 437 699 memor
452 671 514 706 ejus
540 671 587 705 qui
611 670 645 698 ad
670 669 782 698 assidue
798 669 933 697 orandum
953 676 1002 696 co-

211 716 348 748 hortatur,
377 720 404 744 et
432 716 466 743 ad
492 723 547 743 non
566 717 688 751 segniter
715 714 862 750 agendum.
893 714 1001 742 Etenim

212 761 344 789 sedulitas
360 762 386 789 in
399 763 568 797 precatione,
579 769 676 797 magna
686 760 766 788 nobis
780 761 914 796 largitur:
930 760 1003 788 dun-

211 810 287 833 taxat
302 807 408 834 intenta
421 810 449 834 et
463 810 537 834 recta
552 805 722 833 conscientia
749 804 832 832 faciat
850 805 902 832 hoc
921 805 1001 840 quis-

1053 213 1114 244 ταῖς
1134 212 1233 248 ψυχαῖς
1249 211 1293 239 διὰ
1312 211 1360 238 τοῦ
1380 211 1539 247 Πνεύματος
1554 211 1732 248 ἑγγινομένην
1753 211 1856 246 εὐφρο-

1052 257 1136 292 σύνην
1151 257 1299 289 ἐκάλεσεν,
1332 257 1394 292 ἥτις
1415 256 1490 284 ἐστὶν
1514 256 1644 293 ἀρραϐὼν
1663 256 1714 292 τῆς
1742 255 1857 283 αἰωνίου

1053 303 1143 338 χαρᾶς
1152 321 1161 334 ,
1174 299 1212 338 ἧς
1227 302 1411 330 ἀπολαύσουσι
1427 302 1488 328 τότε
1502 302 1531 329 at
1545 301 1600 329 τῶν
1620 302 1706 337 ἁγίων
1718 301 1816 338 ψυχαί.

1094 348 1170 375 Ἐπεὶ
1182 349 1272 376 τοίνυν
1285 348 1431 380 δέδεικται,
1445 348 1487 381 τίς
1496 348 1511 374 ὸ
1521 347 1571 383 τῆς
1586 347 1726 380 εὐσεϐείας
1739 347 1855 380 σκοπὸς,

1052 394 1081 421 δν
1094 394 1148 431 χρὴ
1161 395 1322 431 προκεῖσθαι
1334 394 1448 427 τοῖς.τδν
1460 394 1572 430 θεοφιλῆ
1590 394 1648 430 βίον
1665 393 1852 430 αἱρουμένοις,

1052 441 1082 472 ὃς
1102 441 1161 467 ἐστι
1183 440 1274 476 ψυχῆς
1288 441 1475 477 καθαρισμδς,
1496 440 1544 468 καὶ
1561 439 1609 467 τοῦ
1634 440 1795 476 Πνεύματος
1818 439 1856 467 δι’

1053 484 1142 521 ἔργων
1158 485 1268 520 ἀγαθῶν
1293 485 1435 521 προκοπῆς
1459 486 1596 521 ὲνοίκησις
1608 493 1615 500 ·
1641 485 1757 518 ἕκαστος
1774 485 1857 521 ὑμῶν

1053 531 1125 558 κατὰ
1145 531 1191 558 τὸν
1209 531 1405 568 ἀποδειχθέντα
1432 532 1533 568 τρόπον
1559 532 1776 568 παρασκευάσας
1803 532 1856 567 τὴν

1053 576 1152 612 ψυχὴν,
1164 578 1212 604 καὶ
1226 577 1328 613 μεστὴν
1341 577 1414 604 θείου
1425 578 1540 613 ποιήσας
1553 578 1668 614 ἔρωτος,
1682 578 1770 610 οὕτως
1784 578 1857 605 ἀπο-

1053 622 1122 649 δότω
1139 622 1234 649 ἑαυτὸν
1249 624 1310 655 ταῖς
1328 624 1423 658 εὐχαῖς
1440 624 1486 650 καὶ
1499 624 1651 658 νηστείαις,
1676 623 1857 659 μεμνημένος

1053 667 1101 694 τοῦ
1119 667 1358 703 παρακαλοῦντος,
1385 669 1416 695 τὸ
1434 668 1613 701 ἀδιαλείπτως
1639 668 1856 704 προσεύχεσθαι,

1055 713 1101 740 καὶ
1128 713 1164 749 μὴ
1187 714 1326 742 ὲκκακεῖν.
1353 714 1384 741 Ἦ
1401 714 1454 750 γὰρ
1470 715 1535 750 περὶ
1556 714 1605 750 τὴν
1628 715 1710 751 εὐχὴν
1738 715 1855 750 σπουδὴ,

1057 759 1162 795 μεγάλα
1187 760 1252 795 ἡμῖν
1278 759 1419 796 χαρίζεται
1433 769 1440 775 ⁸
1461 760 1541 796 μόνον
1570 761 1688 797 συντόνῳ
1712 761 1761 788 καὶ
1785 761 1856 797 ὁρεῇ

1057 805 1206 835 συνειδήσει
1217 806 1297 833 τοῦτο
1311 807 1422 833 ποιοίτω
1435 806 1559 839 ἕκαστος,
1577 807 1702 843 μηδαμοῦ
1716 807 1790 835 κατὰ
1803 808 1857 842 τὴν

211 860 284 886 que;
301 859 436 888 nusquam
452 852 619 886 cogitatione
651 855 751 886 sponte
781 851 1001 887 eircumragans,

1055 849 1173 878 διάνοιαν
1187 851 1318 883 ἑκουσίως
1332 846 1574 887 περιπλανώμενος
1585 861 1593 868 ·
1610 853 1677 888 μηδὲ
1695 852 1774 880 ὥσπε
1779 862 1795 889 ρ
1807 853 1857 880 ὑπ’

211 905 301 933 neque
314 901 345 925 ut
368 899 532 926 necessitate
549 904 675 925 exortum
697 897 819 925 debitum
844 898 1003 930 exsolvens.

212 943 260 970 sed
289 943 371 970 animi
398 943 565 971 desiderium
593 947 677 978 atque
702 950 824 971 amorem
850 943 1002 979 complens.

213 988 347 1024 Suggeret
360 989 442 1016 etiam
459 988 593 1017 Dominus
611 989 669 1024 ipse
683 989 854 1025 petentibus,
865 988 1004 1024 quomodo

212 1035 375 1069 precandi-r1
398 1036 445 1069 sit,
457 1035 534 1070 juxta
549 1036 575 1063 id
589 1036 662 1072 quod
679 1036 780 1063 dictum
798 1040 855 1064 est:
873 1035 925 1069 Qui
942 1039 1004 1072 pre-

213 1088 272 1108 cem
290 1081 334 1107 dat
354 1082 486 1116 precanti.
500 1081 586 1117 Igitur
600 1087 627 1110 et
646 1086 739 1116 petere
754 1085 875 1117 oportet,
892 1085 920 1108 et
932 1081 1004 1109 scire

212 1132 274 1152 eum
290 1125 376 1160 quiin
409 1125 575 1160 precatione,
592 1134 654 1161 quze
686 1126 756 1153 tanti
784 1126 916 1154 momenti
949 1129 1003 1158 est,

212 1175 381 1205 perseverat.
402 1179 499 1207 magno
524 1171 617 1200 studio
637 1179 791 1208 magnaque
810 1172 910 1202 virium
936 1179 1003 1200 con-

212 1218 343 1249 Ientionc.
360 1216 499 1248 certamen
523 1218 628 1245 subire.
647 1218 784 1250 Quoniam
814 1218 909 1245 vitium
933 1217 1004 1245 insi-

213 1263 305 1290 diatur
331 1263 467 1297 ejusmodi
500 1263 698 1298 potissimum,
727 1262 850 1298 undique
880 1263 1003 1292 studium

213 1308 322 1336 honesti
337 1316 465 1344 quaerens
479 1313 613 1338 evertere.
631 1308 701 1337 Hinc
724 1310 849 1345 corporis
867 1314 895 1337 et
919 1309 1004 1337 animi

213 1355 299 1388 labes,
317 1354 381 1383 inde
393 1355 520 1388 mollitia,
544 1360 571 1383 et
597 1355 704 1382 incuria
720 1360 747 1383 ct
773 1355 948 1391 negligentia.
977 1358 1004 1382 et

212 1405 322 1434 caetera,
337 1401 440 1436 quibus
459 1401 550 1429 anima
568 1400 739 1437 proﬂigatur.
756 1409 805 1436 per
818 1405 911 1436 partes
931 1401 1005 1430 dire-

212 1450 268 1482 pta,
291 1451 318 1474 et
349 1446 384 1474 ad
404 1447 512 1474 hostem
546 1454 628 1474 suum
644 1446 798 1482 transfuga.
816 1446 1003 1480 Quamobrem

211 1500 262 1528 par
275 1497 318 1521 est
339 1493 486 1526 rationem,
507 1497 636 1529 tanquam
656 1492 818 1528 prudentem
838 1493 1002 1529 gubernato-

212 1545 281 1570 rem,
310 1538 408 1565 anima:
429 1537 589 1573 praesidere,
621 1541 650 1565 ut
681 1538 767 1573 ipsam
799 1542 939 1573 comparet
969 1538 1004 1566 ad

213 1588 287 1611 recta
306 1584 502 1620 navigandum,
520 1587 548 1612 et
561 1583 753 1620 appellendum
775 1583 808 1611 ad
824 1589 932 1619 portum
957 1585 1004 1620 qui

213 1639 323 1659 sursum
339 1635 400 1664 est;
417 1636 444 1658 et
456 1631 581 1658 eamdem
595 1631 730 1666 integram
748 1631 846 1660 reddat
872 1631 938 1664 Deo,
955 1632 1003 1668 qui

213 1677 276 1704 tidci
291 1677 431 1705 commisit
450 1680 478 1704 et
506 1677 616 1712 repetit.
645 1676 732 1705 Porro
759 1678 921 1713 przepositos
949 1686 1004 1706 una

212 1723 340 1758 opitulari
358 1723 422 1750 huic
435 1722 524 1755 decet,
555 1725 639 1757 atque
654 1723 729 1750 omni
747 1723 842 1751 studio
867 1727 894 1751 et
908 1723 1004 1751 admo-

212 1769 317 1797 nitione
345 1769 483 1804 precantis
513 1767 691 1803 cupiditatem
719 1767 748 1796 in
779 1768 922 1804 proposito
952 1776 1004 1800 suo

212 1815 295 1842 alere.
307 1813 415 1848 Etenim
434 1820 530 1842 eorum
544 1813 592 1849 qui
615 1820 679 1841 vere
697 1817 847 1849 precantur
869 1813 1002 1842 virtutum

211 1861 318 1890 fructus
330 1860 543 1897 intelligentibus
555 1865 695 1892 ostensus,
729 1868 784 1888 non
801 1861 835 1889 iis
855 1861 938 1889 modo
955 1862 1003 1897 qui

212 1906 351 1943 progressi
373 1907 486 1939 iuerint,
507 1906 556 1934 sed
571 1909 599 1934 et
622 1905 773 1933 infantibus
789 1905 890 1939 adhuc,
907 1910 934 1934 et
959 1905 1003 1934 di-

213 1952 337 1988 sciplinae
347 1951 490 1987 egentibus
506 1950 581 1978 utilis
598 1950 719 1984 exsistit,
736 1950 802 1978 dum
819 1950 895 1985 ipsos
910 1950 944 1978 ad
971 1958 1003 1979 ea

212 2005 274 2033 quae
293 1997 387 2025 vident
410 1995 545 2023 imitanda
562 1995 694 2023 concitat.
717 1995 853 2023 (ueterum
874 2002 950 2031 purae
971 2002 1004 2022 ac

212 2043 328 2071 sincera:
338 2041 505 2077 precationis
516 2041 528 2068 l
529 2045 623 2069 ructus
635 2041 1002 2075 est,simplicitas,charitas,

212 2088 364 2121 humilitas,
384 2087 542 2120 tolerantia,
564 2087 743 2116 innocentia:
761 2087 868 2123 aliaque
883 2087 1004 2123 ejusmo-

212 2134 251 2167 di,
268 2141 329 2168 qua:
344 2132 454 2159 aeternis
469 2131 606 2160 fructibus
637 2136 780 2165 anteeunt.
803 2140 855 2168 per
883 2132 1002 2161 studiosi

1017 1514 1039 1544 C

1054 897 1179 933 ἀνάγκης
1194 897 1322 924 ἀκούσιον
1338 897 1417 933 χρέος
1438 897 1598 931 ἀποδιδοὺς,
1616 898 1673 925 ἀλλ’
1695 898 1788 934 ἔρωτα
1805 899 1857 926 καὶ

1055 942 1136 969 πόοον
1151 942 1318 978 ἀποπληρῶν
1334 942 1385 978 τῆς
1402 942 1502 978 ψυχῆς.
1518 942 1604 970 Δώσει
1627 943 1656 970 δὲ
1671 944 1718 970 καὶ
1741 943 1824 976 αὐτὸς
1841 945 1857 970 δ

1055 986 1156 1023 Κύριος
1173 989 1228 1020 τοῖς
1241 987 1361 1015 αἰτοῦσιν
1377 988 1452 1019 ὅπως
1468 987 1596 1023 εὔχεσθαι
1613 989 1663 1022 δεῖ,
1680 989 1753 1016 κατὰ
1764 989 1795 1016 τὸ
1813 990 1856 1016 εί-

1057 1033 1175 1068 ρημένον
1195 1039 1201 1046 ·
1229 1033 1260 1060 '0
1284 1032 1372 1065 διδοὺς
1396 1033 1479 1069 εὐχὴν
1496 1034 1536 1070 τῷ
1561 1035 1711 1070 εὐχομένῳ.
1736 1035 1785 1062 Δεῖ
1806 1034 1859 1062 οσῖιν

1055 1081 1162 1111 αἰτεῖν.
1187 1079 1235 1106 καὶ
1257 1079 1357 1107 ειδέναι
1380 1079 1427 1106 τὸν
1449 1081 1482 1116 τῇ
1504 1081 1570 1116 εὐχῇ
1593 1081 1857 1117 προσκαρτεροῦντα

1055 1125 1200 1161 πράγματι
1213 1125 1333 1162 τοσούτῳ
1346 1145 1353 1159 ,
1368 1125 1438 1161 μετὰ
1461 1126 1562 1162 πολλῆς
1576 1127 1697 1163 σπουδῆς
1709 1128 1756 1154 καὶ
1773 1127 1858 1155 δυνά-

1057 1181 1130 1208 μεως
1152 1172 1274 1200 ὲναθλεῖν
1299 1172 1339 1208 τῷ
1357 1173 1454 1207 ἀγῶνι.
1477 1173 1554 1201 Ἐπεὶ
1581 1173 1699 1209 μάλιστα
1722 1175 1740 1211 ἠ
1767 1175 1858 1202 κακία

1055 1218 1111 1250 τοῖς
1127 1217 1257 1250 τοιούτοις
1269 1218 1420 1253 ἐφεδρεύει,
1440 1217 1573 1246 πάντοθεν
1586 1218 1706 1255 ζητοῦσα
1723 1221 1857 1257 περιτρέ-

1055 1265 1104 1300 ψαι
1117 1263 1167 1299 τὴν
1182 1264 1310 1300 σπουδήν,
1332 1264 1453 1292 Ἐκεῖθεν
1476 1265 1567 1297 ἄνεσις
1589 1265 1715 1301 σώματος
1734 1265 1784 1292 καὶ
1800 1266 1856 1301 ψυ-

1056 1310 1108 1346 χῆς
1122 1318 1130 1325 ·
1151 1309 1276 1337 ἐντεῦθεν
1298 1309 1430 1345 μαλακία,
1455 1311 1502 1337 καὶ
1516 1311 1628 1346 ἀκηδία⁹
1645 1311 1692 1338 καὶ
1707 1311 1854 1348 ὀλιγωρία,

1056 1356 1103 1383 καὶ
1118 1355 1152 1382 τὰ
1164 1354 1256 1386 λοιπά,
1271 1354 1305 1382 δι’
1319 1351 1357 1382 ῶν
1371 1355 1521 1382 ἀπόλλυται
1537 1355 1610 1391 ψυχὴ
1626 1356 1696 1383 κατά
1711 1356 1796 1392 μέρος
1809 1357 1857 1392 ἀρ-

1056 1401 1209 1437 παζομένη,
1231 1401 1278 1428 καὶ
1292 1401 1480 1436 αὐτομολοῦσα
1495 1401 1564 1437 πρὸς
1576 1401 1623 1428 τὸν
1638 1401 1733 1438 ὲχορδν
1752 1402 1856 1438 αὐτῆς.

1056 1446 1117 1483 Χρὴ
1135 1445 1182 1474 οὖν
1196 1447 1343 1482 ἐφεστάναι
1361 1447 1395 1482 τῇ
1410 1446 1483 1483 ψυχῇ
1503 1446 1629 1484 καθάπερ
1653 1447 1736 1483 σοφδν
1752 1448 1857 1484 κυϐερ-

1055 1492 1140 1527 νήτην
1163 1491 1209 1519 τὸν
1242 1490 1372 1526 λογισμὸν
1389 1509 1397 1522 ,
1426 1491 1670 1527 παρασκευάζοντα
1693 1491 1857 1519 εὐθυτιλοεῖν

1056 1537 1124 1572 πρὸς
1140 1537 1186 1564 τὸν
1201 1536 1256 1564 ἀνω
1272 1536 1371 1572 λιμένα
1384 1555 1392 1569 ,
1407 1537 1454 1564 καὶ
1468 1537 1518 1573 τὴν
1532 1536 1622 1573 ψυχὴν
1636 1537 1768 1574 ἀκέραιον
1782 1538 1856 1566 ἀπο-

1055 1583 1159 1611 διδόντα
1178 1583 1218 1619 τῷ
1243 1584 1418 1611 πιστεύσαντι
1432 1584 1502 1620 Θεῷ.
1520 1584 1574 1611 Καὶ
1590 1584 1653 1616 τοὺς
1675 1585 1856 1620 προεστῶτας

1055 1629 1084 1657 δὲ
1098 1629 1152 1664 χρὴ
1166 1629 1422 1665 συναντιλαμϐάνειν
1433 1629 1473 1665 τῷ
1486 1629 1600 1665 τοιούτῳ
1611 1649 1619 1663 ,
1634 1630 1682 1657 καὶ
1697 1630 1741 1658 διά
1761 1631 1855 1667 πάσης

1056 1675 1175 1711 σπουδῆς
1191 1675 1238 1702 καὶ
1250 1675 1392 1707 νουθεσίας
1409 1675 1522 1711 τρέφειν
1543 1675 1594 1711 τὴν
1609 1677 1672 1712 περὶ
1687 1676 1718 1703 τὸ
1737 1679 1855 1713 προκεί-

1057 1730 1137 1757 μενον
1151 1720 1197 1748 τοῦ
1211 1721 1359 1757 εὐχομένου
1375 1720 1534 1756 ἐπιθυμίαν.
1549 1720 1611 1748 Τῶν
1625 1721 1680 1758 γὰρ
1703 1722 1789 1755 ὅντως
1808 1724 1855 1750 εὑ.

1054 1766 1177 1801 χομένων
1189 1766 1203 1793 ό
1219 1767 1326 1803 καρπὸς
1339 1766 1393 1794 τῶν
1407 1766 1515 1803 ἀρετῶν
1525 1767 1582 1799 τοῖς
1597 1767 1734 1795 συνιοῦσιν
1750 1769 1854 1796 ἐπιδει-

1055 1811 1187 1848 κνύμενος
1200 1833 1208 1846 ,
1228 1812 1259 1839 ού
1274 1812 1313 1848 τῷ
1333 1811 1500 1848 προκόψαντι
1518 1812 1611 1848 μόνῳ,
1628 1813 1697 1840 ἀλλὰ
1723 1814 1771 1841 καὶ
1795 1815 1865 1846 τοῖς*

1055 1858 1096 1885 ἔτι
1110 1858 1218 1894 νηπίοις
1230 1858 1278 1885 καὶ
1291 1858 1429 1894 δεομένοις
1443 1858 1618 1891 διδασκαλίας
1629 1878 1636 1891 ,
1651 1859 1788 1895 χρήσιμος
1809 1860 1853 1894 γί-

1055 1912 1140 1935 νεται,
1153 1903 1315 1940 προτρέπων
1328 1903 1425 1936 αὐτοὺς
1439 1905 1480 1934 εἰς
1496 1904 1612 1940 μίμησιν
1622 1900 1659 1931 ῶν
1670 1904 1766 1940 δρῶσι.
1779 1905 1853 1941 Καρ-

1055 1948 1104 1979 πδς
1118 1948 1140 1975 δ’
1159 1947 1321 1984 εἰλικρινοῦς
1343 1948 1425 1983 εὐχῆς
1446 1948 1567 1984 ἁπλότης
1580 1969 1588 1981 ,
1617 1949 1712 1985 ἀγάπη
1724 1969 1732 1982 ,
1753 1957 1852 1977 ταπει-

1054 1993 1206 2030 νοφροσύνη
1216 2013 1224 2025 ,
1247 1993 1382 2029 καρτερία
1394 2013 1402 2025 ,
1418 1993 1520 2020 ἀκακία
1532 2013 1539 2025 ,
1557 1994 1605 2021 καὶ
1627 1993 1663 2021 τὰ
1685 1994 1817 2028 τοιαῦτα,
1830 1995 1850 2023 δ

1054 2040 1108 2075 πρὸ
1133 2038 1188 2066 τῶν
1214 2039 1330 2066 αίωνίων
1360 2038 1492 2074 καρπῶν,
1521 2039 1596 2076 παρά
1620 2040 1666 2066 τὸν
1686 2039 1745 2075 βίον
1763 2041 1778 2067 ὁ
1802 2040 1849 2067 τοῦ

1055 2085 1200 2112 σπουδαίου
1278 2084 1394 2111 ἐνταῦθα
1411 2084 1564 2120 βλαστάνει.
1578 2085 1689 2117 Τούτοις
1702 2085 1769 2122 εὐχὴ
1785 2086 1850 2113 καλ-

1054 2131 1201 2164 λωπίζεται
1215 2131 1271 2163 τοις
1286 2131 1403 2166 καρποῖς
1417 2137 1426 2145 ⁶
1441 2131 1584 2166 ἀποροῦσα
1605 2131 1633 2158 δὲ
1652 2131 1756 2158 τούτων
1770 2152 1778 2164 ,
1796 2132 1850 2167 μά-

211 2178 330 2205 \itam...
348 2177 394 2204 hic
408 2177 555 2212 pullulant.
585 2175 666 2204 llisce
697 2176 834 2204 fructibus
855 2176 1002 2205 decoratur

1055 2186 1128 2204 ταιον
1141 2177 1197 2212 ἔχει
1211 2177 1293 2203 πόνον
1302 2184 1310 2192 ·
1323 2176 1368 2203 καὶ
1382 2176 1432 2203 οὐκ
1446 2176 1515 2211 αὑτὴ
1530 2177 1618 2211 μόνον,
1628 2176 1696 2204 ἀλλά
1712 2178 1759 2204 καὶ
1775 2178 1849 2205 πᾶσα

211 2224 356 2259 precatio:
385 2223 489 2259 quibus
507 2224 530 2250 si
561 2222 742 2255 destituatur,
772 2222 882 2250 inanem
917 2224 1001 2252 sumit

213 2270 335 2297 laborem
352 2277 359 2302 ;
377 2276 468 2304 neque
488 2269 547 2304 ipsa
567 2267 712 2301 duntaxat,
737 2268 785 2297 sed
810 2269 892 2297 etiam
911 2269 1001 2296 omnis

211 2313 390 2349 philosophiae
409 2314 452 2341 via
465 2318 493 2341 et
513 2313 595 2346 ratio,
615 2321 677 2350 qua:
692 2321 804 2350 germen
826 2315 908 2343 habet
923 2315 999 2350 ejus-

211 2360 306 2392 modi,
327 2359 442 2395 justitia:
469 2367 566 2395 reapse
592 2364 635 2388 est
661 2360 759 2389 semita
786 2365 813 2389 et
834 2361 868 2389 ad
893 2365 1000 2389 rectum

210 2404 285 2432 ducit
313 2405 438 2438 exitum;
467 2404 511 2432 his
533 2409 624 2433 autem
652 2405 768 2441 privata,
795 2413 894 2434 nomen
919 2406 1001 2434 inane

210 2451 385 2486 relinquitur.
410 2450 512 2487 Ecquis
535 2456 578 2480 est
605 2459 673 2480 usus
699 2452 765 2480 vitis
791 2452 919 2484 excultae,
946 2453 1000 2480 nisi

210 2495 317 2524 fructus
340 2495 444 2529 adsint,
469 2504 588 2532 quorum
615 2497 702 2533 gratia
722 2497 832 2525 labores
850 2498 1001 2525 exantlmit

209 2541 352 2576 agricola!
366 2541 444 2575 Quod
459 2542 565 2569 lucrum
582 2546 624 2570 est
639 2542 738 2578 jejunii
757 2546 785 2570 et
801 2543 938 2571 orationis
973 2548 1001 2572 et

209 2586 356 2622 pervigilii,
377 2588 400 2616 si
416 2595 468 2623 pax
479 2592 506 2615 et
521 2587 652 2623 gaudium
666 2593 692 2615 et
710 2588 842 2620 charitas,
857 2592 884 2616 et
900 2589 1000 2624 reliqui

210 2631 317 2658 i'ruclus
330 2632 426 2666 gratiae
439 2632 553 2667 sp'kitns
575 2639 630 2659 non
647 2631 809 2659 adfuerint?
830 2638 1000 2669 quapropter

211 2675 322 2703 labores
337 2675 438 2711 jejunii
451 2681 479 2705 ct
497 2676 633 2704 orationis
647 2679 675 2703 et
690 2679 852 2705 cancrorum
874 2685 1001 2713 operum,

209 2727 272 2747 cum
290 2720 377 2748 multa
392 2721 567 2756 jucunditate
589 2724 616 2750 et
634 2720 769 2750 eharitate
784 2726 812 2751 et
834 2729 884 2759 spe
906 2723 1000 2751 consi-

246 2809 268 2824 '°
279 2808 344 2836 Luc.
359 2816 424 2839 xm,
435 2807 481 2835 21.

1054 2222 1212 2257 φιλοσοφίας
1225 2221 1284 2253 ὁδὸς
1294 2220 1422 2256 τοιαύτην
1435 2220 1486 2257 μὲν
1494 2221 1593 2256 ἔχουσα
1605 2221 1735 2257 βλάστην,
1748 2222 1848 2249 δικαιο-

1055 2269 1138 2304 σύνης
1149 2267 1232 2299 ὅντως
1248 2266 1321 2293 ἐστὶν
1336 2266 1412 2298 ὁδὸς,
1429 2266 1476 2293 καὶ
1490 2266 1558 2302 πρὸς
1574 2266 1653 2303 ὀρθὸν
1667 2267 1729 2302 ἄγει
1747 2267 1823 2300 τέλος
1838 2275 1845 2283 ·

1053 2315 1157 2342 τούτων
1183 2314 1213 2341 δὲ
1236 2313 1406 2349 ἑστερημένη
1419 2333 1426 2345 ,
1445 2313 1522 2340 κενὸν
1541 2313 1626 2349 ὕνομα
1643 2314 1844 2347 καταλείπεται.

1055 2363 1087 2389 Τί
1106 2361 1202 2396 ὄφελος
1221 2360 1342 2396 ἀμπέλου
1360 2360 1567 2396 πεπονημένης,
1584 2360 1698 2395 καρπῶν
1713 2361 1752 2397 μὴ
1777 2370 1846 2397 παρ-

1053 2405 1148 2436 όντων,
1168 2401 1206 2430 ὢν
1219 2404 1300 2431 ἕνεκα
1313 2405 1328 2430 δ
1339 2405 1462 2439 γεωργὸς
1477 2403 1522 2430 τὸν
1543 2404 1623 2431 πόνον
1639 2405 1790 2440 ὑπέμεινε;
1813 2406 1844 2432 Τί

1053 2450 1148 2486 κέρδος
1162 2449 1290 2484 νηστείας
1309 2450 1356 2476 καὶ
1379 2449 1535 2485 προσευχῆς
1554 2450 1601 2476 καὶ
1622 2451 1791 2486 ἀγρυπνίας,
1808 2451 1844 2478 εί-

1054 2496 1138 2532 ρήνης
1153 2494 1275 2529 ἀπούσης
1292 2494 1339 2521 καὶ
1353 2495 1440 2530 χαρᾶς
1456 2495 1504 2522 καὶ
1519 2495 1629 2531 ἀγάπης
1641 2516 1649 2530 ,
1663 2496 1710 2523 καὶ
1723 2496 1777 2524 τῶν
1790 2497 1842 2524 λοι-

1053 2541 1112 2569 πῶν
1136 2541 1184 2577 τῆς
1207 2540 1254 2567 τοῦ
1280 2540 1436 2575 Πνεύματος
1459 2540 1570 2576 χάριτος
1593 2541 1706 2578 καρπῶν
1720 2550 1727 2575 ;
1741 2543 1788 2569 Δεῖ
1799 2541 1842 2570 οὖν

1051 2589 1116 2619 τοὺς
1133 2587 1182 2623 μὲν
1199 2587 1297 2619 πόνους
1309 2586 1359 2622 τῆς
1374 2587 1501 2622 νηστείας
1512 2588 1558 2614 καὶ
1572 2587 1622 2623 τῆς
1635 2588 1717 2624 εὐχῆς
1731 2590 1778 2616 καὶ
1793 2590 1841 2618 τῶν

1051 2631 1153 2659 λοιπῶν
1163 2631 1250 2668 ἔργων
1273 2630 1341 2667 μετὰ
1364 2631 1466 2666 πολλῆς
1487 2632 1585 2667 ἡδονῆς
1607 2633 1654 2659 καὶ
1668 2633 1781 2669 ἀγάπης
1798 2635 1839 2661 καὶ

1051 2677 1157 2708 ἐλπίδος
1171 2677 1350 2712 ὑφίστασθαι·
1372 2676 1406 2703 τὰ
1421 2676 1449 2703 δὲ
1465 2676 1532 2713 ἀνθη
1547 2677 1602 2704 τῶν
1617 2678 1707 2706 πόνων
1721 2680 1769 2707 καὶ
1783 2680 1838 2712 τοὺς

1051 2722 1185 2758 καρποὺς,
1198 2723 1231 2758 τῇ
1242 2721 1289 2749 τοῦ
1301 2722 1461 2758 Πνεύματος
1473 2721 1540 2750 εἶναι
1556 2723 1694 2753 πιστεύειν
1709 2725 1837 2763 ἐνεργείᾳ.
