1922 3078
82 133 131 162 305

649 135 693 163 DE
712 134 899 165 INSTITUTO
917 135 1136 164 CIIRISTIANO.

1656 134 1709 164 306

85 197 150 220 stere
176 192 315 220 convenit.
346 192 440 222 Flores
465 201 531 222 vero
553 191 677 222 laborum
704 198 730 222 et
752 194 868 229 fruetus,
892 197 916 225 Α
939 196 1056 230 Spiritus
1078 193 1244 222 sanctissimi
1274 193 1434 229 operatione
1467 193 1564 221 adesse
1594 192 1709 220 creden-

85 238 142 265 dum
159 242 211 264 est.

118 282 146 307 Ei
161 281 183 307 δ’
195 281 229 307 ἂν
243 281 333 316 ἐαυτῷ
355 290 397 314 τις
413 282 545 316 λογίζοιτο
568 283 673 316 ταῦτα,
698 284 744 311 καὶ
767 284 798 311 τὸ
813 285 867 312 πᾶν

87 325 215 360 ἀνατιθείη
233 327 290 357 τοῖς
315 326 406 358 πόνοις
420 347 428 359 ,
448 326 508 353 ἀντὶ
523 327 577 353 τῶν
591 327 736 362 ἀκηράτων
756 328 868 355 ἐκείνων

88 371 207 405 καρπῶν,
223 371 384 403 ἀλαζονείας
408 371 447 407 τῷ
472 372 585 407 τοιούτῳ
611 373 738 409 φρόνημα
760 373 866 408 φύεται.

87 416 125 443 Διὸ
138 415 189 451 χρὴ
199 416 265 448 τοὺς
284 416 334 451 μὲν
347 417 415 452 ὑπὲρ
430 417 479 452 τῆς
498 417 599 453 ἀρετῆς
611 418 718 452 ἀγῶνας
733 418 793 453 μεθ’
806 419 867 454 ἡδο-

86 462 129 496 νῆς
144 461 291 496 ὑπομένειν
303 470 311 477 -
330 461 380 498 τὴν
394 462 423 489 δέ
439 462 572 498 λύτρωσιν
588 463 637 498 τῆς
651 463 751 498 ψυχῆς,
763 465 795 490 ἐκ
813 464 868 490 τῶν

86 505 171 533 παθῶν
192 505 233 541 τῷ
255 506 316 542 Θεῷ
334 507 504 534 ἀνατιθέναι·
529 508 567 540 ὠς
586 507 619 535 ἂν
639 508 709 534 οὕτω
734 509 868 543 κρείττων

87 553 178 587 ἑαυτῆς
195 553 212 587 ἡ
225 553 301 588 ψυχὴ
313 553 456 596 γενομένη,
469 553 517 580 καὶ
529 553 579 588 τῆς
592 553 639 580 τοῦ
660 553 770 589 Ἐχθροῦ
787 554 865 581 δυνα‹

86 598 199 633 τωτάτης
213 599 316 630 κακίας
327 619 335 632 ,
354 600 510 635 οἰκητήριον
523 599 623 633 ἀγαθὸν
639 599 737 635 ἑαυτὴν
756 600 869 636 παρέξει

86 642 119 678 τῷ
135 643 319 679 προσκυνητῷ
333 644 381 670 καὶ
399 644 470 679 ἁγίῳ
495 644 649 679 Πνεύματι,
675 643 740 680 παρ’
765 640 796 670 οὗ
819 644 868 680 τὴν

86 689 208 716 ἀθάνατον
221 689 273 716 τοῦ
287 689 405 725 Χριστοῦ
421 689 542 717 λαὸοὖσα
560 690 688 725 εἰρήνην,
703 689 868 717 συνάπτεται

85 734 114 761 δι’
127 734 225 769 αὐτῆς,
238 734 288 764 καὶ
302 734 501 770 προσκολλᾶται
517 734 557 770 τῷ
579 734 681 770 Κυρίῳ.
705 735 737 761 Ei
751 734 780 761 δέ
796 743 868 767 τινες

86 780 161 814 μήπω
173 779 218 806 τὸν
230 780 285 815 τῆς
301 780 389 815 ἄκρας
402 780 486 815 εὐχῆς
499 780 574 807 τόνον
588 775 694 815 ἔχοντες
704 799 711 811 ,
733 779 800 815 μηδὲ
819 780 869 815 τὴν

84 824 253 860 ὀφειλομένην
272 825 311 861 τῷ
333 825 476 861 πράγματι
501 825 618 861 σπουδήν
631 833 662 852 τε
683 826 731 852 καὶ
744 825 867 860 δύναμιν,

85 870 313 903 ἀπολιμπάνονται
328 871 429 908 ταύτης
445 872 494 907 τῆς
511 870 628 911 ἀρετῆς,
654 872 683 898 ἐν
702 872 757 902 τοῖς
779 871 868 902 ἄλλοις

957 282 1036 315 Quod
1053 281 1075 309 si
1092 280 1153 316 quis
1167 279 1224 307 haec
1239 279 1291 307 sibi
1306 279 1357 314 ipsi
1373 279 1557 314 imputaverit,
1577 285 1604 309 et
1616 284 1707 310 omnia

918 326 1058 354 laboribus
1073 326 1130 353 suis
1143 325 1280 356 tribuerit,
1299 325 1357 351 vice
1383 329 1548 353 aeternorum
1565 325 1705 358 fructuum

917 366 1036 403 illorum,
1053 370 1214 405 arrogantia:
1230 369 1342 404 spiritus
1357 368 1421 396 huic
1441 369 1545 398 homini
1565 369 1706 399 inseritur.

917 415 1022 443 Idcirco
1036 415 1071 443 ob
1085 415 1212 442 virtutem
1226 417 1357 449 suscepta
1369 414 1521 441 certamina
1536 423 1598 442 cum
1611 415 1707 450 jucun-

917 461 1001 489 ditate
1016 469 1065 497 par
1079 466 1122 489 est
1141 461 1288 494 sustinere,
1308 465 1336 488 et
1365 460 1450 488 animi
1467 461 1654 489 liberationem
1670 462 1705 490 ab

917 507 1060 535 all‘ectibus
1073 507 1128 535 Deo
1141 510 1284 542 acceptam
1299 505 1381 538 ferre.
1398 510 1428 533 ut
1441 507 1480 534 sic
1498 507 1589 534 anima
1605 512 1690 535 semet

918 553 976 588 ipsa
993 553 1087 580 melior
1105 552 1216 584 effecta,
1244 556 1272 580 et
1289 552 1472 587 potentissimi
1497 552 1585 580 hostis
1603 553 1705 580 malitia

917 599 1053 634 superior,
1073 598 1242 626 domicilium
1255 597 1356 626 bonum
1373 598 1492 633 praebeat
1506 606 1537 626 se
1565 598 1705 631 adorandi)

917 648 1068 679 sanctoque
1086 644 1211 679 Spiritui,
1231 651 1246 671 a
1263 651 1318 679 quo
1337 644 1485 671 immortali
1505 643 1608 671 Christi
1639 651 1706 679 pace

917 693 1029 724 accepta
1052 689 1201 724 copulatur
1229 696 1278 724 per
1296 696 1369 721 eam,
1391 692 1418 716 et
1441 689 1627 724 agglutinetur
1654 688 1706 716 Do-

917 734 1002 762 mino.
1019 733 1097 768 Quod
1112 734 1137 762 si
1154 734 1281 770 quidam,
1297 733 1344 769 qui
1362 733 1484 761 nondum
1500 732 1629 768 perfectae
1643 740 1707 768 pre-

917 779 1035 807 cationis
1068 779 1191 815 vigorem
1224 782 1341 811 tenent.
1371 786 1465 814 neque
1488 777 1610 806 debitum
1641 777 1706 805 huic

918 824 1028 860 negotio
1044 825 1180 856 studium,
1196 828 1223 852 et
1236 824 1290 852 vim
1307 825 1444 857 obtinent,
1459 824 1558 859 privati
1573 829 1638 851 sunt
1654 823 1706 850 hac

917 870 1040 902 virtute;
1059 870 1087 897 in
1119 869 1226 897 caeteris
1256 869 1412 904 compleant
1441 869 1635 901 obedientiam,
1655 876 1705 904 pro

85 915 272 951 πληρούτωσαν
283 917 334 952 τὴν
354 916 486 952 ὑπακοὴν,
498 917 568 943 κατὰ
584 916 698 951 δύναμιν
718 915 868 942 διακονοῦν-

920 914 1024 941 viribus
1050 913 1253 947 ministrantes,
1270 913 1399 941 alacriter
1425 918 1581 949 operantes.
1610 913 1705 941 sedulo

84 970 133 994 τες,
143 961 291 997 προθύμως
301 962 489 998 ἐργαζόμενοι,
503 961 654 994 σπουδαίως
667 961 867 997 θεραπεύοντες

86 1008 137 1043 μεθ’
149 1008 246 1042 ἡδονῆς
259 1028 268 1040 ,
286 1008 325 1043 μὴ
341 1008 387 1034 ἐπὶ
403 1007 490 1043 μισθῷ
504 1016 567 1040 τινι,
588 1007 654 1043 μηδέ
666 1007 716 1042 τῆς
731 1007 868 1043 ἀνθρωπί-

84 1060 127 1086 νης
141 1052 218 1087 δόξης
231 1052 326 1084 ἕνεκα,
343 1052 410 1088 μηδέ
421 1052 458 1083 ὡς
471 1051 623 1088 ἀλλοτρίοις
638 1051 745 1087 σώμασι
760 1053 808 1079 καὶ
820 1051 868 1086 ψυ-

83 1097 137 1132 χαῖς
155 1095 393 1131 ὑπηρετούμενοι,
413 1096 471 1123 ἀλλ’
492 1096 531 1128 ὼς
551 1096 670 1132 Χριστοῦ
693 1096 813 1128 δούλοις,
830 1095 868 1128 ὡς

84 1142 218 1177 ἡμετέροις
234 1141 399 1177 σπλάγχνοις
409 1161 416 1174 ,
430 1141 550 1176 καθαρὸν
573 1141 650 1176 ἡμῶν
664 1141 712 1168 καὶ
732 1140 825 1169 ἄδολον
838 1140 868 1167 τὺ

83 1188 155 1223 ἔργον
169 1188 313 1223 ἀποφανθῇ
330 1187 368 1223 τῷ
382 1187 486 1224 Κυρίῳ.
503 1187 716 1222 Προφασιζέσθω
729 1187 758 1214 δέ
773 1187 868 1223 μηδεὶς

84 1231 224 1267 ἀδυναμίαν
239 1232 282 1263 εις
296 1231 345 1268 τὴν
362 1232 415 1259 τῶν
425 1232 514 1259 καλῶν
529 1231 617 1267 ἔργων
635 1232 751 1268 σπουδήν
766 1240 773 1247 ·
792 1232 869 1260 οὐδὲν

83 1277 130 1312 γὰρ
140 1278 153 1304 ὁ
163 1277 229 1309 Θεὸς
240 1277 373 1304 ἀδύνατον
386 1277 533 1305 ἐπιτάττει·
547 1287 556 1303 ι
565 1278 612 1309 ’ος
620 1277 694 1309 ἐάν,»
710 1277 787 1313 φησὶ,
804 1286 813 1303 t
824 1286 869 1304 πο-

83 1322 137 1358 τίσῃ
148 1323 277 1360 ποτήριον
291 1322 395 1360 ψυχροῦ
409 1323 450 1354 εις
462 1323 546 1358 δνομα
560 1322 692 1358 μαθητοῦ,
709 1323 783 1359 ἀμὴν
797 1323 869 1358 λέγω

83 1368 149 1402 ὑμῖν,
164 1369 194 1395 οὐ
212 1369 250 1404 μὴ
267 1369 387 1404 ἀπολέσῃ
404 1368 449 1395 τὸν
464 1368 559 1404 μισθὸν
576 1367 670 1396 αὐτοῦ.
685 1378 694 1394 ι
718 1368 751 1395 Τί
764 1368 814 1404 τῆς
825 1368 869 1396 ἐν·

83 1415 154 1450 τολῆς
178 1415 283 1451 ταύτης
307 1414 519 1451 εὐχερὲστερον;
548 1414 596 1441 καὶ
610 1415 624 1441 ὁ
647 1413 743 1450 μισθὸς
758 1414 804 1442 τοῦ
822 1414 868 1441 εὖ-

83 1460 173 1496 χεροῦς
190 1460 274 1496 ἔργου
288 1480 295 1493 ,
322 1460 492 1496 ἐπουράνιος.
518 1460 574 1487 Καὶ
594 1460 675 1487 πάλιν
688 1468 696 1476 ⁸
725 1469 734 1486 ι
753 1460 811 1495 Ἐφ’
829 1460 869 1487 ἐνὶ

83 1506 177 1532 τούτων
188 1506 348 1542 ἐποιήσατε,
358 1506 419 1541 ἐμοὶ
432 1505 605 1541 ἐποιήσατε..
618 1505 655 1532 Τὸ
669 1505 718 1540 μὲν
730 1505 870 1540 ἐπίταγμα

85 1551 173 1587 μικρόν
183 1560 190 1567 ·
206 1552 237 1578 τὸ
254 1552 285 1578 δέ
300 1551 350 1587 τῆς
365 1552 487 1587 ὑπακοῆς
501 1551 597 1587 κέρδος
609 1571 616 1583 ,
633 1550 711 1578 πολὺ.
728 1551 810 1577 Ὥστε
825 1551 869 1577 οὺ-

83 1597 122 1624 δέν
135 1598 203 1634 ὑπὲρ
222 1597 339 1634 δύναμιν
366 1597 475 1624 ἀπαιτεῖ
487 1606 494 1613 ’
511 1596 579 1624 ἀλλὰ
602 1596 655 1624 κᾶν
684 1597 781 1632 μικρὸν
793 1616 801 1628 ,
816 1596 869 1623 κᾶν
882 1587 904 1617 (ἶ

84 1641 149 1677 μέγα
160 1642 251 1678 ποιῇς,
259 1642 357 1669 ἕπεταί
373 1651 414 1669 σοι
426 1642 498 1669 κατὰ
509 1641 559 1677 τὴν
570 1641 730 1677 προαίρεσιν
740 1642 753 1668 ὁ
763 1641 867 1677 μισθός.

89 1686 146 1714 Ἐὰν
162 1687 211 1723 μὲν
225 1687 283 1723 γὰρ
295 1688 335 1719 είς
347 1686 430 1723 ὄνομα
447 1687 494 1714 καὶ
508 1685 589 1722 φόϐον
605 1685 683 1718 Θεοῦ,
698 1685 812 1721 λαμπρὰ
825 1686 871 1712 καὶ

85 1732 258 1768 ἀναφαίρετος
283 1730 365 1768 ἦλθεν
390 1734 407 1768 ἡ
430 1732 535 1768 δωρεά·
553 1731 600 1758 ἐὰν
624 1731 652 1758 δέ
674 1732 713 1763 είς
729 1731 871 1763 ἐπίδειξιν,

85 1775 190 1804 ἄκουσον
208 1777 340 1812 ὀμνύντος
361 1777 442 1805 αὑτοῦ
466 1777 513 1804 τοῦ
529 1776 629 1812 Κυρίου
644 1784 651 1791 ·
672 1785 681 1801 t
693 1776 779 1812 Ἀμὴν
801 1775 874 1810 λέγω

85 1824 156 1858 ὑμῖν,
177 1824 311 1859 ἀπέχουσι
324 1823 370 1850 τὸν
394 1823 489 1858 μισθὸν
511 1823 611 1850 αὐτῶν.
625 1832 635 1849 ι
659 1822 716 1848 Ἱνα
727 1822 755 1848 δὲ
769 1822 812 1857 ,μή
827 1830 869 1853 τις

85 1868 156 1894 τοῦτο
185 1868 277 1903 πάθῃ,
304 1867 486 1903 παραγγέλλει
511 1868 568 1899 τοῖς
596 1866 746 1902 μαθηταῖς.
763 1866 809 1892 καὶ
834 1865 868 1892 δι’

85 1912 188 1939 ἐκείνων
201 1913 277 1948 ἡμῖν·
289 1913 421 1939 (Βλέπετε
432 1912 469 1948 μὴ
479 1913 612 1948 ποιήσητε
620 1912 670 1947 τὴν
682 1911 869 1947 ἐλεημοσύνην

86 1957 196 1994 optimi]
212 1958 262 1994 τὴν
281 1958 379 1994 εὐχὴν,
397 1958 414 1993 ἢ
429 1958 478 1993 τὴν
495 1957 631 1993 νηστείαν,
648 1956 801 1993 ἔμπροσθεν
814 1956 869 1983 τῶν

86 2002 229 2038 ἀνθρώπων
239 2013 246 2020 ·
268 2004 293 2030 εί
307 2004 335 2030 δὲ
354 2004 390 2039 μή
415 2011 458 2037 γε,
479 2002 575 2038 μισθὸν
588 2003 638 2029 οὐκ
653 2002 727 2038 ἔχετε
744 2002 819 2037 παρά
831 2001 870 2037 τῷ

87 2047 167 2084 Πατρὶ
188 2049 277 2085 ὑμῶν,
301 2048 340 2085 τῷ
354 2051 382 2076 ἐν
406 2050 462 2081 τοῖς
486 2049 644 2084 οὐρανοῖς.»
664 2048 742 2084 Αὐτῷ
754 2048 817 2080 δόξα
831 2048 871 2080 εἰς

86 2094 143 2127 τοὺς
154 2095 265 2128 αἰῶνας.
283 2095 378 2131 ’Δμήν.

917 967 978 987 cum
995 959 1136 994 voluptate
1149 959 1254 986 cultum
1274 959 1477 995 impendentes.
1503 967 1558 986 non
1584 958 1618 987 ob
1634 966 1706 986 mer-

916 1003 1009 1031 cedem
1026 1004 1120 1036 ullam,
1135 1011 1224 1038 neque
1241 1003 1365 1030 humanae
1381 1003 1473 1038 gloriae
1495 1010 1588 1035 causa,
1615 1011 1706 1038 neque

916 1052 947 1075 ιιι
960 1048 1056 1076 alienis
1072 1048 1233 1083 corporibus
1256 1051 1284 1075 et
1308 1048 1407 1075 animis
1436 1048 1628 1080 inservientes,
1656 1048 1704 1076 sed

917 1096 1048 1128 tanquam
1068 1092 1170 1120 Christi
1188 1093 1286 1125 servis,
1305 1097 1331 1120 et
1359 1092 1463 1120 nostris
1479 1093 1644 1126 visceribus.
1675 1098 1705 1121 ut

912 1146 1016 1174 .purum
1030 1141 1057 1165 et
1077 1138 1182 1166 fraudis
1208 1146 1307 1174 expers
1334 1146 1405 1174 opus
1434 1142 1559 1166 nostrum
1589 1138 1706 1167 Domino

918 1187 1018 1219 pateat.
1033 1182 1120 1211 Nemo
1143 1188 1234 1211 autem
1268 1183 1482 1211 imbecillitatem
1511 1188 1643 1219 praetexat
1670 1184 1704 1211 ad

918 1229 1094 1257 honestarum
1111 1230 1248 1257 actionum
1263 1229 1396 1258 studium.
1423 1228 1501 1257 Nihil
1532 1229 1605 1257 enim
1633 1229 1706 1257 Deus

918 1274 1053 1310 pmcipit,
1071 1275 1144 1311 quod
1162 1276 1220 1303 fieri
1235 1282 1291 1302 non
1307 1275 1408 1310 possit;
1422 1274 1522 1310 quippe
1536 1282 1598 1302 cum
1612 1273 1685 1302 dicat
1698 1283 1704 1301 :

922 1329 931 1347 ι
944 1320 1042 1356 Siquis
1055 1321 1201 1356 praebuerit
1214 1321 1341 1356 poculum
1351 1328 1429 1356 aquae
1438 1320 1542 1355 frigidae
1553 1320 1581 1348 in
1596 1320 1706 1348 nomine

918 1365 1056 1401 discipuli,
1072 1373 1152 1393 amen
1171 1365 1233 1393 dico
1250 1365 1339 1398 vobis,
1360 1373 1416 1393 non
1433 1366 1539 1393 amittet
1551 1366 1703 1393 mercedem

919 1410 1041 1438 suam“.
1063 1419 1073 1437 ι
1091 1409 1162 1443 Quid
1178 1410 1231 1438 hoc
1247 1410 1376 1438 mandato
1388 1410 1496 1438 facilius
1507 1410 1519 1437 ?
1532 1410 1615 1446 Atqui
1631 1417 1705 1438 mer-

919 1463 965 1484 ces
986 1460 1040 1483 tam
1061 1456 1129 1484 levis
1147 1459 1174 1484 et
1189 1456 1324 1492 expeditae
1337 1463 1438 1491 operae,
1454 1456 1576 1484 cmlestis
1592 1459 1645 1484 est.
1673 1455 1706 1483 Et

920 1509 1039 1530 rursus:
1063 1511 1073 1528 ι
1094 1501 1220 1535 Quandiu
1240 1501 1345 1530 fecistis
1362 1502 1408 1530 uni
1423 1501 1458 1530 de
1479 1502 1533 1535 his,
1551 1502 1617 1530 mihi
1640 1501 1707 1530 feci-

921 1548 972 1575 stis
986 1547 1024 1575 ⁸⁸.
1053 1557 1063 1574 ι
1079 1546 1190 1575 Jussum
1218 1547 1328 1582 quidem
1343 1547 1472 1584 exiguum
1487 1553 1529 1576 est
1542 1556 1550 1581 ;
1564 1548 1706 1583 obtempe-

922 1593 1020 1622 rantite
1039 1600 1106 1621 vero
1125 1597 1245 1628 quaestus
1268 1593 1375 1629 ingens.
1403 1594 1494 1628 Quare
1510 1594 1580 1622 nihil
1608 1598 1707 1629 prater

922 1639 996 1668 vires
1013 1640 1148 1675 exposcit.
1164 1639 1265 1667 Verum
1281 1640 1338 1668 sive
1360 1647 1483 1675 parvum.
1497 1640 1555 1668 sive
1578 1647 1706 1676 magnum

922 1685 988 1720 quid
1004 1685 1101 1719 facias,
1116 1685 1240 1720 sequitur
1254 1690 1280 1713 te
1292 1693 1397 1714 merces
1422 1693 1456 1713 ex
1471 1685 1623 1721 proposito.
1638 1685 1706 1712 Nam

922 1731 944 1758 si
964 1730 991 1758 in
1007 1731 1117 1758 nomine
1129 1735 1156 1758 et
1169 1731 1268 1759 timore
1282 1730 1330 1759 Dei
1346 1731 1402 1764 ﬁat,
1426 1731 1492 1759 illud
1508 1735 1535 1759 et
1547 1731 1621 1766 quod
1638 1731 1707 1766 eripi

923 1783 977 1803 non
992 1774 1079 1810 possit
1094 1774 1196 1803 donum
1221 1775 1317 1809 venit;
1349 1775 1392 1802 sin
1412 1778 1502 1803 autem
1528 1775 1562 1802 ad
1585 1779 1708 1804 ostenta-

921 1821 1034 1853 tionem,
1054 1820 1117 1848 audi
1139 1821 1280 1856 jurantem
1296 1820 1385 1855 ipsum
1412 1819 1576 1848 Dominum:
1593 1830 1603 1847 ι
1620 1821 1707 1848 Amen

922 1866 983 1894 dico
1004 1866 1093 1899 vobis,
1112 1870 1276 1902 receperunt
1292 1865 1446 1894 mercedem
1461 1873 1538 1894 suam
1552 1866 1585 1893 “.
1607 1877 1616 1893 ι
1647 1865 1706 1894 Jam

921 1919 955 1939 ne
968 1911 1030 1947 quis
1049 1911 1099 1939 hoc
1115 1911 1283 1946 experiatur,
1297 1911 1419 1946 praecipit
1435 1911 1588 1947 discipulis,
1607 1916 1634 1939 et
1659 1919 1708 1948 per

922 1956 984 1985 illos
997 1957 1077 1985 nobis
1088 1956 1112 1973 ⁸⁸
1127 1966 1134 1984 :
1151 1966 1160 1983 ι
1191 1957 1285 1984 Videte
1302 1964 1337 1985 ne
1353 1957 1555 1992 eleemosynam
1575 1960 1706 1989 vestram,

927 2007 974 2030 aut
987 2011 1084 2039 preces
1098 2007 1145 2031 aut
1157 2003 1292 2039 jejunium
1308 2003 1415 2031 faciatis
1431 2009 1522 2030 coram
1533 2002 1705 2030 hominibus:

924 2049 1046 2084 alioquin
1074 2049 1230 2077 mercedem
1259 2056 1315 2076 non
1344 2048 1480 2076 habebitis
1508 2048 1578 2083 apud
1599 2048 1707 2075 Patrem

922 2100 1057 2129 vestrum,
1074 2095 1120 2131 qui
1136 2094 1164 2123 in
1179 2094 1258 2124 ccelis
1271 2098 1325 2124 est.
1344 2104 1354 2122 ι
1369 2093 1439 2122 Huic
1450 2094 1535 2130 gloria
1551 2093 1579 2121 in
1594 2093 1705 2122 saecula.

921 2139 1018 2167 Amen.

125 2227 145 2244 δ’
158 2228 252 2256 Ilattli.
275 2237 302 2261 ς,
323 2228 376 2263 42;
395 2229 476 2256 Marc.
496 2237 533 2260 η,
550 2229 594 2256 40.
633 2227 761 2255 "Matth.
785 2235 846 2260 xxv,
863 2238 868 2255 4

944 2228 966 2244 "
982 2227 1078 2255 Matth.
1098 2236 1136 2261 νι,
1151 2227 1179 2259 2,
1197 2227 1223 2255 5.
1261 2227 1284 2243 ⁸⁵
1296 2226 1361 2254 ibid.
