1922 3078
197 129 254 158 507

825 126 853 154 S.
875 125 1038 154 GREGOHII
1058 125 1205 153 NYSSENI

1781 121 1834 150 303

201 202 1783 219 Μ

763 278 942 355 “ΤΟΥ
997 296 1243 354 ΑΥΤΟΥ

366 419 510 463 ΠΡΟΣ
546 419 691 462 ΤΟΥΣ
716 418 1102 463 ΑΧΘΟΜΕΝΟΥΣ
1129 419 1251 461 ΤΑΙΣ
1279 418 1652 462 ΕΠΙΤΙΜΗΣΕΣΙ.

857 605 1175 663 EJUSDEM

206 725 512 772 ADVERSUS
546 724 657 772 EOS
700 724 806 778 QUI
842 723 1312 769 CASTIGATIONES
1348 724 1521 769 IEGRE
1567 725 1831 772 FERUNT.

796 817 931 852 (Gontiano
942 816 1053 842 Her-veta
1061 817 1223 849 interprete.)

239 970 337 1000 Scran
351 970 398 998 Dei
412 977 445 997 ac
462 970 533 998 ratio
550 977 614 998 vere
629 968 722 997 divina
739 975 784 996 res
797 971 839 996 est
855 971 882 996 et
897 975 986 1000 saera,

1076 967 1153 993 Θεῖον
1166 966 1273 1001 άληθῶς
1283 966 1329 994 καὶ
1340 967 1412 1003 ἱερὸν
1425 967 1519 1003 χρῆμα
1533 968 1547 994 ὁ
1559 968 1636 1002 λόγος
1648 968 1727 1000 Θεοῦ,
1740 969 1834 1004 κτῆμα

203 1017 303 1045 eximia
323 1016 479 1052 possessio,
502 1024 557 1044 non
574 1015 684 1043 aliunde
710 1015 820 1046 adnata,
852 1013 900 1041 sed
926 1021 989 1040 cum

203 1067 301 1090 natura
327 1062 482 1094 commista,
508 1061 610 1088 homini
642 1068 743 1088 munus
759 1060 988 1096 pretiosissimum

203 1109 238 1136 ab
255 1108 352 1144 opiﬁce
367 1108 395 1135 in
410 1115 473 1135 eum
488 1107 673 1136 descendens.
690 1107 784 1142 Itaque
799 1110 828 1134 et
844 1106 877 1133 ad
893 1106 990 1134 simili-

203 1153 326 1182 tudinem
344 1153 391 1182 Dei
422 1153 480 1183 ﬁeri
508 1153 619 1181 dicitur.
654 1153 760 1181 Etenim
778 1153 829 1180 hoc
855 1153 937 1180 etiam
956 1151 990 1179 ab

202 1199 263 1227 aliis
277 1199 465 1226 animantibus
482 1198 583 1231 dill‘ert,
597 1202 625 1226 et
638 1198 730 1225 divina
746 1198 865 1233 quadam
888 1205 990 1232 praero-

203 1245 293 1280 gativa
314 1244 490 1280 peculiariter
519 1243 678 1279 insignitur,
696 1244 776 1271 valde
806 1243 908 1279 alioqui
928 1244 989 1271 aliis

203 1291 231 1318 in
248 1290 331 1318 rebus
356 1298 453 1326 magna
472 1298 535 1318 cum
565 1290 717 1326 pecudibus
742 1290 990 1318 communicatione

203 1336 343 1371 praeditus.
357 1335 426 1363 Nam
440 1337 583 1364 oculorum
601 1336 699 1371 ﬁgura,
722 1340 748 1363 et
763 1337 888 1371 corporis
912 1344 989 1364 com-

201 1382 313 1417 positio,
329 1390 481 1419 eorumque
499 1387 524 1410 et
537 1390 598 1418 qua
613 1383 646 1410 ad
661 1386 751 1410 cutem
768 1386 888 1415 exstant,
909 1387 937 1410 et
961 1383 989 1409 in

201 1431 297 1455 ventre
314 1427 432 1461 latitant,
449 1428 588 1456 hominem
606 1435 661 1455 non
680 1428 845 1455 nobilitant:
863 1428 989 1462 quando-

202 1473 311 1508 quidem
326 1477 353 1501 et
370 1477 526 1505 terrestres,
545 1477 572 1501 et
590 1473 736 1508 aquatiles,
758 1478 785 1500 et
805 1474 942 1506 volucres,
962 1477 990 1501 et

203 1526 300 1546 omnes
315 1518 435 1554 denique
447 1519 601 1546 animantes
627 1518 735 1545 illorum
753 1518 901 1553 participes
927 1525 988 1546 cer-

202 1567 313 1590 nantur.
325 1563 383 1591 Hoc
399 1571 464 1591 vero
479 1564 632 1600 principem
651 1564 773 1591 omnium
786 1563 861 1597 facit,
884 1568 912 1592 et
925 1563 989 1591 bea-

201 1609 340 1637 tissimum
359 1610 549 1637 demonstrat:
566 1617 622 1645 quo
641 1610 754 1644 copiose
784 1608 857 1637 Deus
884 1609 987 1636 ditatus

145 1688 150 1692 _
201 1655 262 1689 ejus
277 1655 387 1689 paulum
402 1654 482 1682 nobis
507 1655 664 1689 impertivit,
679 1655 706 1682 in
733 1655 829 1689 primis
854 1658 884 1682 ut
912 1655 987 1682 illum

201 1700 367 1731 intueamur,
381 1703 408 1727 et
423 1706 605 1734 agnoscamus
628 1707 782 1727 sermonem
803 1699 941 1727 sermonis
957 1706 989 1727 ac

203 1744 319 1771 rationis
344 1744 512 1779 largitorem,
539 1749 566 1772 et
581 1745 707 1780 religiose
729 1745 881 1773 serviamus
902 1745 927 1772 ei
942 1746 988 1780 qui

201 1793 258 1816 tam
273 1789 343 1816 bene
357 1797 408 1817 nos
431 1797 481 1817 sua
497 1790 584 1824 ipsius
607 1791 695 1826 gratia
719 1792 904 1819 exornaverit.
924 1791 988 1819 Ser-

202 1843 285 1862 mone
302 1835 463 1870 rationeque
481 1844 532 1863 nos
550 1837 629 1871 longe
644 1844 760 1872 corpore
781 1838 987 1870 imbecilliores,

204 1880 333 1908 fortiores
353 1880 513 1908 fortioribus
529 1882 699 1913 exsistimus,
712 1887 740 1909 et
753 1883 846 1910 omnia
862 1883 987 1911 servituti

203 1925 404 1959 mancipamus,
419 1932 452 1953 ac
462 1926 524 1953 usui
540 1926 773 1961 nostrojubemus
787 1927 987 1956 obsecundare.

204 1969 243 1996 Ita
265 1973 359 1997 tauros
376 1970 532 2002 domamus,
548 1976 575 1998 et
591 1971 658 2006 jugo
676 1971 850 2007 subjicimus,
873 1976 989 2001 terram-

203 2021 257 2049 que
280 2015 379 2043 aratris
402 2015 580 2050 proscindere
611 2023 785 2051 apparamus.
809 2025 842 2045 ac
872 2019 988 2046 celerem

202 2067 301 2096 equum
324 2060 409 2088 frenis
428 2062 640 2097 comprimentes
651 2062 822 2090 obedientem
846 2063 989 2096 habemus,

202 2110 229 2134 et
244 2106 351 2134 tardum
368 2107 476 2134 asinum
504 2107 625 2136 fustibus
652 2109 847 2144 compellentes
872 2110 989 2138 iacimus

202 2151 372 2184 celeriorem,
388 2151 528 2187 durasque
544 2153 633 2181 mulas
655 2154 781 2182 vehicula
795 2155 904 2182 trahere
927 2163 991 2184 one—

202 2204 287 2232 raque
305 2197 428 2232 baiulare
444 2198 567 2233 cogimus
581 2206 589 2231 ;
605 2199 813 2234 elephantorum
840 2208 905 2228 vero
921 2201 990 2229 eﬁ'u-

203 2250 263 2271 sam
277 2243 401 2277 corporis
411 2243 520 2278 molem,
537 2251 569 2271 ac
583 2245 753 2272 camelorum
770 2246 987 2281 magnitudinem

203 2289 238 2315 ad
258 2288 285 2315 id
309 2288 381 2324 quod
407 2289 495 2324 placet
528 2289 601 2316 facili
633 2294 692 2317 arte
719 2291 900 2320 traducimus.
918 2291 987 2320 Hinc
1002 2302 1024 2331 ο

203 2333 284 2360 etiam
300 2333 382 2361 maris
396 2332 562 2368 profundum
579 2333 742 2368 trajicimus,
761 2340 788 2362 ct
805 2336 904 2371 exiguo
915 2336 989 2372 ligno

203 2377 309 2405 ratione
327 2378 496 2412 gubernante
507 2379 620 2413 pelagus
640 2379 806 2408 immensum
828 2381 988 2415 lustramus,

203 2427 230 2450 et
241 2429 302 2450 cum
318 2422 424 2451 itineris
440 2423 515 2451 illius
530 2422 667 2452 indicibus
681 2426 780 2453 amotis
797 2434 812 2454 c
837 2433 988 2463 conspectu

203 2471 285 2496 terra;
300 2468 429 2517 ab'iimus,
454 2469 613 2498 cmlestibus
631 2470 718 2506 signis
747 2476 806 2500 tuto
835 2475 989 2508 proﬁcisci-

203 2521 275 2546 mur,
294 2515 425 2542 ac‘nauta
444 2522 475 2542 ea
491 2515 561 2543 duce
578 2516 630 2544 iter
662 2517 737 2552 facit,
759 2523 789 2546 ut
808 2520 887 2548 stella
918 2521 988 2556 Magi

202 2560 385 2588 ducebantur.
404 2560 472 2588 (ΣωΙί
492 2565 582 2589 autem
599 2562 756 2592 latitudines
783 2568 810 2592 et
832 2565 988 2593 conforma-

203 2605 291 2634 tiones
305 2609 419 2641 τουσι-ιω
434 2610 508 2639 sunt,
520 2611 546 2634 et
560 2608 701 2635 stellarum
717 2610 876 2643 multitudo,
893 2616 921 2638 ct
934 2619 988 2646 qua

202 2658 317 2685 quaeque
327 2651 363 2678 sit
380 2651 578 2687 magnitudine,
601 2661 710 2689 quoque
730 2655 885 2688 intervallo,
908 2656 988 2684 item-

203 2697 337 2731 quelunm
361 2695 458 2732 ﬁgura,
476 2702 503 2725 et
518 2699 584 2734 quid
604 2701 656 2727 soli
680 2701 798 2733 accidat,
813 2702 886 2736 quod
902 2704 987 2731 certis

202 2742 367 2777 quibusdam
394 2744 563 2778 temporibus
588 2745 694 2772 radium
724 2746 897 2781 abscondat;
929 2749 986 2783 jam

201 2794 267 2814 vero
299 2787 332 2814 de
359 2791 430 2815 terra
458 2796 566 2824 quoque
587 2794 723 2818 commota
750 2792 986 2828 philosophamur,

202 2833 304 2868 quique
317 2833 362 2861 ﬁat
378 2837 407 2861 ut
423 2835 596 2862 naturalibus
608 2836 696 2864 soluta
716 2836 895 2867 ﬁrmamentis
911 2840 987 2875 ipsa-

1040 1013 1189 1049 ἐξαίρετον,
1209 1013 1259 1039 οὐκ
1282 1012 1392 1040 ἄλλοθεν
1408 1013 1634 1049 προσγενόμενον,
1649 1013 1717 1041 ἀλλὰ
1735 1023 1830 1048 συγκε-

1041 1059 1176 1094 κραμένον
1196 1060 1229 1094 τῇ
1261 1058 1351 1093 φύσει,
1384 1059 1520 1095 ἀνθρώπῳ
1554 1059 1640 1095 δῶρον
1667 1059 1836 1095 τιμιώτατον

1041 1105 1116 1140 παρὰ
1129 1104 1176 1131 τοῦ
1193 1105 1444 1140 δημιουργήσαντος
1467 1106 1506 1137 εἰς
1521 1105 1602 1132 αὑτὸν
1618 1105 1705 1132 ὲλοὸν.
1722 1105 1769 1132 Διὸ
1788 1107 1833 1132 καῖ

1040 1150 1101 1177 καθ’
1114 1150 1242 1185 ὁμοίωσιν
1258 1149 1326 1176 Θεοῦ
1341 1151 1503 1186 γεγενῆσθαι
1516 1150 1637 1184 λέγεται.
1655 1150 1751 1186 Τούτῳ
1768 1151 1835 1185 γοῦν

1040 1196 1096 1230 ἔχει
1116 1196 1163 1222 καὶ
1184 1195 1252 1231 πρὸς
1268 1196 1302 1223 τὰ
1324 1196 1391 1223 ἄλλα
1407 1196 1464 1228 ζῶα
1486 1196 1535 1232 τὴν
1553 1196 1696 1232 διαφορὰν,
1720 1197 1769 1224 καὶ
1795 1197 1835 1233 τῷ

1041 1242 1150 1269 θεοειδεῖ
1167 1242 1382 1277 πλεονεκτήματι
1405 1242 1558 1273 ἰδιαζόντως
1579 1242 1833 1278 χαρακτηρίζεται,

1041 1288 1144 1324 σφόδρα
1157 1289 1213 1320 τοῖς
1229 1288 1319 1319 ἄλλοις
1336 1287 1436 1323 πολλὴν
1450 1288 1518 1323 ἔχων
1538 1288 1588 1323 τὴν
1604 1289 1749 1315 κοινωνίαν
1765 1288 1834 1323 πρὸς

1039 1334 1074 1361 τὰ
1090 1334 1260 1370 βοσκήματα.
1286 1334 1447 1369 Ὀφθαλμῶν
1463 1335 1517 1370 γὰρ
1539 1334 1632 1366 τύπος,
1652 1335 1700 1362 καὶ
1722 1335 1834 1370 σαρκῶν

1039 1380 1190 1414 διάπλασις,
1211 1381 1266 1407 τῶν
1285 1389 1316 1408 τε
1340 1381 1386 1407 ἐπὶ
1400 1381 1450 1415 τῆς
1469 1381 1639 1414 ἐπιφανείας,
1658 1382 1706 1408 καὶ
1730 1381 1786 1408 τῶν
1803 1382 1832 1409 ὲν

1041 1426 1138 1462 γαστρὶ
1161 1426 1375 1462 κρυπτομένων,
1397 1427 1428 1453 ού
1455 1426 1581 1462 σεμνύνει
1602 1426 1647 1452 τὺν
1666 1426 1828 1461 ἄνθρωπον·

1040 1471 1133 1507 ἐπειδὴ
1149 1473 1195 1498 καὶ
1211 1472 1239 1498 ὲν
1256 1472 1404 1508 χερσαίοις,
1420 1473 1466 1499 καὶ
1487 1472 1606 1508 ἐνύδροις
1616 1492 1623 1502 .
1644 1473 1690 1498 καὶ
1707 1473 1828 1508 πτηνοῖς,

1039 1518 1086 1544 καὶ
1100 1518 1181 1544 πᾶσιν
1195 1517 1289 1548 ἁπλῶς
1303 1517 1383 1550 ζώοις
1396 1519 1412 1553 ἠ
1427 1517 1537 1544 ἐκείνων
1550 1518 1677 1553 μετουσία
1689 1517 1828 1553 βλέπεται.

1039 1563 1124 1590 Τοῦτο
1139 1563 1167 1590 δὲ
1181 1564 1302 1599 ἡγεμόνα
1313 1563 1366 1590 τῶν
1381 1564 1490 1591 πάντων
1504 1565 1586 1597 ποιεῖ,
1601 1564 1648 1590 καὶ
1661 1564 1830 1600 μακαριστὸν

1039 1609 1229 1636 ἀποδείκνυσιν
1239 1618 1246 1624 ·
1258 1609 1327 1645 ὅπερ
1341 1609 1406 1641 Θεὸς
1422 1610 1490 1645 ἒχων
1506 1610 1650 1642 πλουσίως,
1663 1610 1753 1644 ὀλίγον
1765 1612 1830 1647 ἡμῖν

1040 1654 1200 1690 ἐχαρίσατο,
1220 1655 1263 1681 ἶνα
1279 1655 1387 1689 πρῶτον
1403 1656 1505 1682 ἐκεῖνον
1527 1655 1683 1691 βλέπωμεν,
1698 1657 1746 1682 καὶ
1760 1665 1830 1691 γνω-

1042 1700 1160 1735 ρίζωμεν
1174 1700 1252 1734 λόγον
1264 1700 1310 1727 τοῦ
1325 1701 1405 1735 λόγου
1417 1701 1526 1737 δοτῆρα,
1540 1702 1586 1728 καὶ
1599 1701 1776 1738 λατρεύωμεν
1791 1702 1829 1738 τῷ

1039 1745 1124 1777 οὕτως
1141 1746 1214 1781 ἡμᾶς
1230 1746 1319 1778 καλῶς
1339 1747 1372 1781 τῇ
1396 1746 1449 1782 ίδίᾳ
1468 1747 1708 1783 κατακοσμήσαντι
1725 1747 1827 1783 χάριτι.

1039 1790 1089 1817 Διὰ
1099 1790 1193 1825 λόγους
1208 1791 1336 1826 ίσχύομεν
1350 1791 1403 1818 τῶν
1420 1792 1538 1828 ἰσχυρῶν
1551 1792 1632 1820 πλέον
1646 1792 1771 1825 ἀσθενεῖς
1786 1793 1830 1820 δν-

1039 1845 1084 1869 τες
1099 1837 1130 1864 τὸ
1145 1838 1234 1873 σῶμα,
1247 1838 1294 1865 καὶ
1308 1838 1395 1865 πάντα
1406 1838 1581 1874 δουλούμεθα,
1594 1839 1641 1865 καὶ
1655 1840 1715 1870 ταῖς
1730 1839 1830 1874 ἡμετέ-

1042 1892 1101 1918 ραις
1121 1884 1312 1918 ὑπηρετεῖσθαι
1329 1884 1434 1920 χρείαις
1452 1885 1606 1920 κελεύομεν.
1622 1885 1700 1912 Οὕτω
1712 1886 1830 1922 ταύρους

1039 1928 1193 1964 δαμάζομεν
1207 1930 1253 1956 καὶ
1267 1931 1408 1966 ὑπάγομεν
1420 1930 1458 1965 τῷ
1473 1929 1558 1966 ζυγῷ,
1573 1930 1620 1957 καὶ
1634 1931 1685 1966 γῆν
1701 1931 1830 1966 ἀρότροις

1039 1976 1199 2012 ἀνατέμνειν
1214 1975 1475 2012 παρασκευάζομεν,
1497 1977 1543 2003 καὶ
1563 1977 1645 2003 ἵππον
1666 1977 1752 2012 ταχὺν
1774 1979 1829 2008 τοῖς

1039 2019 1144 2055 ψαλίοις
1160 2021 1341 2055 κατάγχοντες
1358 2020 1455 2056 ἔχομεν
1469 2020 1592 2056 εὐπειθῆ,
1609 2020 1713 2047 καὶτὸν
1728 2020 1829 2056 βραδὺν

1039 2066 1098 2093 δνον
1126 2067 1182 2097 τοῖς
1208 2066 1334 2102 ῥοπάλοις
1359 2066 1515 2101 ὲπείγοντες
1538 2065 1666 2101 ποιοῦμεν
1683 2066 1828 2103 ὀξύτερον,

1040 2110 1146 2143 καὶτὰς
1162 2111 1282 2147 σκληρὰς
1299 2112 1426 2147 ἡμιόνους
1442 2113 1567 2147 ὀχήματα
1581 2112 1670 2140 ἕλκειν
1686 2112 1734 2139 καὶ
1749 2113 1829 2148 ἀχθο-

1040 2158 1131 2192 φορεῖν
1146 2157 1335 2192 ἀναγκάζομεν
1345 2166 1352 2172 ·
1368 2157 1520 2192 ἐλεφάντων
1535 2158 1563 2185 δὲ
1577 2158 1626 2193 τὴν
1641 2159 1829 2194 ὲκκεχυμένην

1040 2202 1235 2238 πολυσαρκίαν,
1259 2204 1306 2230 καὶ
1329 2203 1458 2239 καμήλων
1482 2204 1513 2230 τὸ
1537 2204 1650 2239 μέγεθος
1667 2205 1829 2240 εὐμηχάνως

1041 2248 1108 2283 πρὸς
1118 2248 1148 2274 τὸ
1157 2248 1252 2276 δοκοῦν
1265 2249 1520 2285 μεταχειριζόμεθα.
1538 2250 1679 2277 Ἐντεῦθεν
1689 2251 1737 2277 καὶ
1748 2250 1829 2286 βάθος

1042 2293 1236 2329 περαιούμεθα,
1254 2294 1302 2321 καὶ¹
1318 2295 1407 2330 μικρῷ
1426 2294 1496 2330 ξύλῳ
1511 2295 1560 2322 διὰ
1574 2295 1773 2332 κυϐερνητικῆς
1795 2296 1828 2322 τὰ

1037 2339 1127 2373 ἄφατα
1148 2339 1202 2365 τῶν
1219 2339 1345 2374 πελαγῶν
1366 2340 1544 2375 ὲφοδεύομεν,
1573 2341 1621 2367 καὶ
1641 2342 1690 2376 τῆς
1714 2341 1828 2376 πορείας

1038 2384 1144 2420 ἐκείνης
1162 2385 1210 2411 οὐκ
1226 2384 1332 2420 ἔχοντες
1352 2385 1483 2420 σύμϐολα,
1499 2385 1564 2412 ὅταν
1586 2385 1638 2420 γῆν
1663 2385 1827 2421 ἀποκρύψω-

1040 2438 1106 2464 μεν,
1129 2431 1186 2461 τοῖς
1205 2431 1266 2456 κατ’
1289 2430 1402 2466 οὐρανὸν
1430 2430 1552 2466 σημείοις
1572 2430 1700 2465 ἀσφαλῶς
1714 2430 1826 2466 ὁδηγού-

1040 2474 1124 2510 μεθα,
1136 2475 1182 2501 καὶ
1196 2475 1287 2509 ὁδηγεῖ
1301 2475 1346 2502 τὸν
1360 2475 1460 2511 ναύτην
1474 2476 1511 2508 ὡς
1525 2476 1586 2508 τοὺς
1601 2476 1711 2510 Μάγους
1725 2476 1825 2512 ἀστήρ.

1039 2520 1160 2556 Οὐρανοῦ
1173 2521 1202 2548 δὲ
1215 2521 1303 2557 πλάτη
1320 2522 1366 2548 καὶ
1380 2522 1506 2556 σχήματα
1520 2521 1649 2558 ἐξευρέθη
1665 2522 1711 2549 καὶ
1725 2521 1827 2557 πλῆθος

1038 2567 1169 2602 ἀστέρων,
1184 2567 1230 2593 καὶ
1243 2566 1316 2598 ὅπως
1337 2567 1451 2599 ἕκαστος
1474 2567 1606 2602 μεγέθους
1617 2567 1672 2602 ἔχει
1682 2587 1689 2599 ,
1702 2568 1750 2594 καὶ
1769 2567 1827 2594 δια-

1039 2612 1184 2647 στήματος,
1197 2612 1243 2639 καὶ
1254 2612 1304 2647 τῆς
1316 2611 1430 2647 σελήνης
1444 2620 1477 2646 ση
1483 2612 1605 2647 μείωσις,
1617 2612 1664 2638 καὶ
1676 2612 1702 2638 τι
1715 2612 1826 2647 πάσχων

1038 2659 1051 2685 ὁ
1065 2658 1140 2694 ἥλιος
1156 2658 1227 2685 κατά
1237 2666 1312 2689 τινας
1330 2658 1443 2693 χρόνους
1458 2658 1507 2693 τὴν
1524 2658 1621 2684 ἀκτῖνα
1640 2657 1808 2684 καλύπτεται
1818 2665 1826 2673 ο

1041 2705 1091 2739 ἤδη
1107 2703 1134 2730 δὲ
1149 2703 1274 2730 καὶκατὰ
1286 2704 1337 2738 γῆς
1353 2703 1514 2738 κινουμένης
1528 2703 1737 2738 φιλοσοφοῦμεν,
1755 2704 1827 2735 ὅπως

1041 2749 1157 2784 λυομένη
1173 2749 1225 2775 τῶν
1239 2748 1361 2783 φυσικῶν
1378 2747 1548 2784 ὲρεισμάτων
1560 2749 1628 2783 αὐτή
1645 2757 1674 2774 τε
1688 2748 1826 2784 ἀναὸρὰσ-

1042 2803 1128 2826 σεται,
1145 2795 1192 2821 καὶ
1206 2795 1268 2826 τοὺς
1283 2794 1409 2826 ἐποίκους
1421 2795 1490 2829 μετὰ
1503 2794 1557 2820 τῶν
1572 2793 1753 2829 ἐπικειμένων
1768 2793 1824 2821 κλο-

1041 2843 1089 2868 νεῖ.
1105 2840 1251 2876 Συμϐόλοις
1263 2840 1290 2866 δὲ
1303 2841 1356 2872 τοῖς
1369 2840 1637 2876 παρατετηρημένοις
1651 2840 1697 2867 καὶ
1709 2840 1824 2876 αὐχμοὺς
