1922 3078
62 128 108 158 509

714 128 759 156 DE
783 127 1051 157 CASTIGATlONE.

1647 134 1699 162 ’510

65 185 313 223 παραθεωροῦμεν,
339 186 387 214 καὶ
415 186 568 223 ἐπομϐρίας
595 186 883 223 προμαντευόμεθα,)

941 195 965 214 Ie
988 187 1127 220 subsiliat,
1140 190 1168 215 el.
1183 187 1288 216 incolas
1304 196 1420 224 quaeque
1438 189 1564 224 adjacent
1594 199 1699 220 concu-

67 234 109 261 καὶ
125 234 181 264 τοῖς
198 233 233 260 ὲκ
257 235 312 268 γῆς
329 233 474 268 φυομένοις
494 233 540 260 τὸν
561 232 639 267 λόγον
663 232 857 268 προσάγοντες,

67 279 112 311 τὰς
128 277 224 313 φύσεις
238 278 295 305 τῶν
313 278 434 314 βοτανῶν
447 277 619 313 ἐξετάζομεν,
634 277 682 304 καὶ⁵
693 276 741 312 τὴν
757 276 805 312 μὲν
821 275 860 311 τῷ

70 323 222 359 τραυματίᾳ
239 324 376 359 σωτήριον
391 323 594 359 ἁποφαίνομεν,
613 323 696 358 ἀλλην
710 321 860 357 ἐπιτήδειον

72 369 135 405 πρὸς
152 367 237 395 ὕπνον
251 368 292 404 τῷ
308 369 347 404 μὴ
365 368 531 402 καθεύδοντι,
552 368 649 405 ἑτέραν
665 369 769 404 ἥπατος
791 367 861 393 ἰατι-

72 415 130 450 κὴν,
147 414 196 441 καὶ
213 414 298 450 ἄλλην
310 414 360 446 τὰς
374 415 572 447 ἐπαναστάσεις
584 413 631 441 τοῦ
645 413 764 450 σπληνὸς
777 421 862 440 κατα-

73 461 244 488 στέλλουσαν.
265 460 319 487 Ἐῶ
332 460 381 492 τὰς
396 461 560 497 ἐπιστήμας,
576 460 677 496 ἀφίημι
697 459 747 491 τὰς
766 459 862 494 τέχνας

73 505 120 537 τὰς
139 505 304 540 ἀναγκαίας,
324 505 373 537 τὰς
392 505 460 542 πρὸς
477 505 580 542 τροφὴν
594 506 695 536 πᾶσαν,
709 503 758 540 τὴν
774 503 863 530 ποικί-

74 552 123 587 λην
148 552 205 579 τῶν
228 551 454 587 ἐπιτηδευμάτων
477 551 609 587 περίοδον.
635 551 672 577 Τδ
692 550 720 577 δὲ
745 549 863 576 τοιοῦτον

76 597 154 632 ζῶον,
173 597 206 625 τὺ
229 598 321 633 σοφὸν,
339 597 371 624 τὸ
389 597 554 633 πρακτικὸν.
578 597 608 623 τὸ
629 596 810 632 δραστήριον,
833 594 864 621 τὸ

77 643 260 679 μνημονικὸν,
284 642 315 669 τὸ
335 642 452 670 ἐνταῦθα
467 642 497 668 ὃν
512 642 559 669 καὶ
573 641 607 668 τὰ
622 640 739 675 ἀλλαχοῦ
756 639 864 674 βλέπον,

75 689 117 716 διὰ
130 691 162 716 το
183 688 320 720 ποικίλαις
335 688 441 723 ἡδοναῖς
457 687 505 714 καὶ
517 686 656 721 διαφόροις
673 685 772 712 πάθεσι
788 692 867 719 περι-

77 734 213 766 έλκεσθαι,
232 733 291 766 ένὺς
304 733 443 768 ὀλιγώρως
458 732 523 767 ἔχει,
536 732 587 768 τῆς
601 731 719 767 ἀληθοῦς
733 729 807 765 ζωῆς
820 729 867 756 καὶ

77 781 124 817 τῆς
149 780 254 812 οἰκείας
280 780 426 815 σωτηρίας.
455 780 510 807 Καὶ
533 780 548 806 ό
573 778 737 814 προὸλέπων
763 775 867 812 τροπὰς

78 827 177 860 ἀέρων,
197 826 247 861 τὴν
274 825 421 853 ἀνάστασιν
441 826 490 861 οὐχ
508 826 593 861 ὁρᾷς·
618 825 632 851 ό
651 824 701 856 τὰς
718 821 868 859 μταὸολάς

79 857 131 899 τῶν
148 857 282 898 ἐνιαυτῶν
298 870 393 903 εἰδὼς,
415 870 465 906 τὴν
474 857 632 906 ’μεταὸολὴν
654 870 684 896 οὑ
700 857 807 904 βλέπεις
821 866 868 894 τοῦ
884 857 906 885 Β

82 917 148 952 βίου·
166 917 182 942 ὁ
192 917 238 944 τὸν
251 917 316 943 Ζδιον
329 915 422 943 δοῦλον
437 914 560 942 ἀπαιτῶν
576 914 626 946 τὰς
637 914 751 945 εὐθύνας
763 910 800 940 ὤν
813 912 871 938 δια-

82 960 246 994 πράττεται,
259 959 307 986 τοῦ
329 959 376 987 σοῦ
391 958 485 994 κριτοῦ
500 958 547 985 καὶ
568 958 670 994 Κυρίου
685 957 735 993 τῆς
748 955 872 989 ἐξουσίας

82 1006 273 1041 καταφρονεῖς,

117 1104 212 1131 Ταῦτα
231 1104 281 1130 οὐκ
303 1103 360 1130 ἐστι
382 1103 428 1130 τοῦ
449 1102 569 1138 λογικοῦ,
587 1102 643 1130 ἀλλ’
657 1102 697 1134 είς
719 1100 823 1137 μωρίαν
843 1099 874 1127 τὸ

83 1150 193 1183 λογικὸν
211 1149 444 1184 παρατρέποντος.
458 1148 636 1183 Δικαιοσύνην
646 1147 696 1174 οὐκ
709 1147 814 1178 ἀσκεῖς,
825 1145 874 1181 τὴν

85 1197 186 1231 ἀρετὴν
212 1196 244 1222 οὺ
272 1195 431 1230 μανθάνεις,
459 1195 542 1230 εὐχῆς
568 1193 688 1230 ἀμελεῖς.
715 1192 771 1219 Καὶ
797 1191 875 1218 τοῦτο

85 1241 222 1277 ἐδήλωσεν
238 1242 255 1276 ὴ
273 1239 352 1275 χθιζὴ
367 1240 468 1275 ἡμέρα.
484 1239 575 1271 Ποίοις
591 1239 644 1274 γὰρ
662 1237 810 1272 ὀφθαλμοῖς
826 1235 875 1271 τὴν

85 1289 232 1325 Κυριακὴν
250 1289 331 1324 ὁρᾷς,
350 1289 364 1315 ὁ
380 1288 516 1324 ἀτιμάσας
538 1287 569 1313 τὺ
589 1285 745 1318 Σάϐϐατηνς
765 1280 804 1309 Ἦ
826 1281 876 1308 οὐκ

85 1332 158 1365 οἶδας
176 1334 216 1364 ὼς
232 1333 345 1368 ἀδελφαὶ
359 1329 439 1359 αὗται
453 1332 482 1358 αἱ
497 1331 598 1367 ἡμέραι
611 1339 618 1362 ;
641 1330 692 1357 κᾶν
705 1329 744 1360 εἰς
756 1327 806 1362 τὴν
817 1326 876 1353 ὲτέ-

88 1389 136 1415 ραν
156 1378 320 1414 ἐξυϐρίσῃς,
336 1379 369 1414 τῇ
386 1378 467 1413 ἑτέρᾳ
485 1375 679 1413 προσκρούεις;
703 1375 793 1409 Ἐχων
815 1371 878 1399 νοῦν

88 1427 135 1453 καὶ
154 1426 247 1460 λόγον.
257 1426 287 1452 οὐ
302 1426 420 1461 προορᾷς
436 1425 466 1451 τὸ
480 1425 583 1460 πρέπον
597 1423 644 1450 καὶ
658 1422 805 1457 συμφέρον,
818 1419 879 1446 οὐδὲ

89 1471 219 1508 ἐμμελῶς
235 1471 299 1506 ποιῇ
312 1472 361 1506 τῆς
375 1469 473 1498 σαυτοῦ
484 1469 632 1499 ἀθανασίας
642 1468 691 1503 τὴν
711 1465 879 1501 ἐπιμέλειαν,

914 235 974 266 tiat,
990 242 1023 262 ex
1044 234 1129 269 signis
1140 234 1294 262 observatis
1305 238 1333 262 et
1348 239 1432 263 aestus
1446 236 1644 271 perspicimus.
1672 243 1699 266 et
1716 247 1721 250 '

914 280 1017 309 imbres
1043 279 1151 308 futuros
1173 280 1358 316 praedicimus.
1375 280 1509 309 Praatcrea
1527 282 1562 310 ad
1587 290 1618 310 ea
1639 291 1700 318 quae

914 329 987 353 terra
997 325 1069 361 parit
1081 325 1214 353 rationem
1228 325 1413 359 admoventes,
1428 331 1540 356 naturas
1553 327 1698 355 herbarum

914 373 1112 408 perquirimns,
1126 376 1153 400 et
1164 371 1236 400 hanc
1247 372 1343 400 saucio
1354 371 1507 400 salutarem‘
1515 373 1698 406 decernimus,

915 418 1030 444 alteram
1045 424 1142 445 somno
1153 425 1208 444 non
1221 417 1367 444 dormienti
1379 417 1553 445 conciliando
1562 418 1698 452 idoneam,

915 464 996 491 aliam
1014 463 1131 498 jecinori
1148 463 1282 495 sanando,
1303 466 1330 490 et
1347 463 1427 490 aliam
1453 463 1533 491 lienis
1548 465 1700 492 tumoribus

915 508 1139 544 comprimendis.
1165 507 1267 535 Omitto
1294 508 1442 541 scientias,
1471 513 1544 537 artes
1564 509 1700 544 relinquo,

917 559 974 582 tum
991 555 1179 586 necessarias,
1202 560 1260 582 tum
1282 562 1343 590 quae
1362 555 1395 582 ad
1413 555 1527 583 delicias
1543 555 1703 590 omnigenas

918 601 1045 633 attinent,
1060 601 1166 628 varium
1185 608 1295 636 quoque
1306 601 1460 628 studiorum
1486 602 1591 629 orbem.
1617 600 1703 627 Cate-

918 653 979 672 rum
995 645 1047 673 tale
1064 645 1176 678 animal,
1200 645 1311 680 sapiens
1323 665 1331 678 ,
1355 645 1390 672 ad
1408 645 1542 680 agendum
1565 645 1704 676 idoneum,

919 692 1096 725 laboriosum,
1114 691 1248 718 memoria
1261 692 1367 724 valens,
1383 692 1510 726 quodque
1523 691 1594 726 quod
1611 691 1654 717 hic
1677 693 1706 716 et

919 746 980 773 qua:
998 738 1062 765 alibi
1082 741 1147 765 sunt
1159 737 1259 770 cernit,
1275 737 1340 772 quia
1359 737 1443 765 variis
1458 737 1644 771 voluptatibus
1673 743 1704 762 ac

920 784 1037 813 diversis
1054 784 1195 811 aﬂectibus
1215 783 1423 826 circumagitur,
1438 782 1519 810 unius
1538 782 1577 809 rei
1594 783 1707 817 penuria

923 831 1038 864 laborat,
1054 837 1125 858 verte
1142 829 1251 857 vivendi
1267 829 1392 862 rationis,
1409 833 1436 856 et
1456 835 1512 856 sua:
1531 828 1618 863 ipsius
1634 828 1708 856 salu-

924 877 970 910 tis;
986 881 1068 911 atque
1081 875 1128 910 qui
1144 875 1216 902 aeris
1227 875 1455 903 commutationes
1470 874 1595 906 intueris,
1614 873 1707 901 re’sur-

924 922 1071 949 rectionem
1089 929 1142 948 non
1161 921 1257 954 vides;
1286 921 1333 956 qui
1361 927 1494 948 annorum
1513 920 1708 949 conversiones

925 966 1007 998 nosti,
1024 966 1085 993 vita:
1101 965 1278 992 mutationem
1293 972 1348 992 non
1374 965 1482 996 cernis;
1498 963 1545 998 qui
1565 971 1580 990 a
1607 963 1715 990 famulo

925 1015 973 1039 tuo
987 1010 1169 1038 administrati
1183 1010 1315 1038 rationem
1330 1009 1428 1045 exigis,
1443 1009 1541 1037 iudicis
1559 1014 1586 1036 et
1602 1008 1710 1036 Domini

926 1061 1088 1092 potestatem
1106 1056 1270 1084 contemnis.

962 1104 1025 1131 llaec
1043 1104 1104 1139 ejus
1117 1110 1171 1131 non
1187 1108 1250 1130 sunt
1262 1102 1309 1138 qui
1324 1101 1428 1130 ratione
1450 1101 1579 1136 praeditus
1593 1104 1646 1131 est,
1663 1100 1710 1127 sed

927 1153 987 1188 ejus
1000 1153 1047 1188 qui
1063 1152 1197 1180 rationem
1210 1152 1237 1178 in
1264 1151 1400 1179 insaniam
1416 1149 1559 1177 convertit.
1573 1145 1710 1175 Justitiam

928 1207 982 1226 non
999 1198 1149 1230 meditaris,
1168 1198 1299 1224 virtutem
1315 1203 1370 1223 non
1382 1195 1513 1227 addiscis,
1532 1194 1711 1229 precationem

928 1245 1061 1280 negligis:
1079 1243 1159 1278 cujus
1174 1242 1214 1271 rei
1229 1242 1375 1271 hesternus
1391 1241 1492 1269 indicio
1508 1241 1566 1268 dies
1578 1245 1629 1268 est.
1646 1238 1714 1271 Qui-

929 1291 981 1318 bus
999 1290 1072 1318 enim
1101 1288 1188 1317 oculis
1219 1288 1290 1316 diem
1318 1287 1489 1315 Dominicum
1518 1286 1645 1317 intueris,
1667 1283 1715 1319 qui

931 1336 1081 1363 Sabbatum
1097 1335 1291 1363 dedecorasti?
1304 1333 1346 1361 An
1363 1334 1412 1366 hos
1429 1333 1523 1360 nescis
1534 1332 1593 1358 dies
1607 1337 1715 1366 germa-

931 1390 982 1411 nos
995 1382 1074 1409 esse?
1090 1381 1130 1409 Ac
1145 1381 1167 1408 si
1181 1381 1209 1408 in
1235 1380 1349 1408 alterum
1366 1379 1484 1414 injurins
1499 1376 1547 1408 s‘is.
1564 1381 1590 1404 te
1604 1377 1630 1403 in
1647 1376 1716 1403 alle-

932 1436 992 1455 rum
1010 1426 1181 1462 impingere?
1195 1425 1236 1453 Tu
1253 1425 1353 1453 mentis
1367 1429 1393 1451 et
1410 1423 1524 1462 rationis
1535 1429 1647 1457 compos
1661 1428 1716 1448 non

933 1472 1060 1509 provides
1072 1472 1137 1507 quid
1165 1472 1261 1499 deceat
1276 1475 1303 1498 et
1330 1461 1477 1502 conducat,
1504 1474 1553 1496 nec
1584 1467 1719 1495 concinne

90 1520 150 1548 οὐδὲ
163 1517 339 1554 διαὶσῙκέπτῃ
352 1516 402 1551 τὴν
410 1514 509 1542 σαυτοῦ
521 1514 601 1550 φύσιν
611 1514 685 1544 ὅστις
698 1511 733 1545 εἴ,
745 1512 791 1538 καὶ
800 1511 826 1537 τί
836 1519 881 1545 γε-

937 1523 987 1546 tum
1001 1525 1096 1545 curam
1116 1517 1189 1552 geris
1203 1516 1429 1547 immortalitatis,
1451 1522 1502 1542 nec
1531 1517 1605 1541 tuam
1631 1513 1717 1540 inter—

91 1563 185 1594 νέσθαι
199 1566 324 1593 δύνασαι·
343 1562 441 1597 γαστρὶ
456 1561 483 1588 δὲ
498 1561 544 1587 καὶ
562 1558 710 1593 λαγνείαις,
726 1557 773 1584 καὶ
787 1555 881 1591 ἀργίᾳ,

93 1612 142 1639 καὶ
161 1612 240 1646 ὕπνῳ
251 1609 298 1637 τοῦ
309 1607 377 1635 Θεοῦ
388 1608 434 1634 καὶ
444 1605 589 1642 εὐεργέτου
602 1602 733 1639 προδίδως
744 1601 775 1628 τδ
788 1600 883 1636 δῶρον,

94 1660 138 1686 ἴνα
155 1667 198 1685 σοι
221 1655 395 1694 ἀχρεῖον.καὶ
411 1652 548 1687 ἀνωφελὲς
566 1650 613 1678 καὶ
633 1649 748 1684 μάταιον
762 1646 884 1681 γένηται.

95 1690 338 1740 Δῐσχιστονττοῦτο,
349 1701 395 1728 καὶ
406 1698 505 1735 νηπίας
518 1695 626 1732 φρενὸς,
637 1694 740 1729 καὶτῆς
751 1690 887 1727 ἐπαχθοῦς

97 1736 267 1786 κατηγορίας
277 1748 362 1781 ἄξιον.
377 1743 476 1772 Ἦττον
487 1744 508 1770 δ’
518 1743 550 1770 ἂν
559 1740 593 1778 ἦν
607 1741 703 1771 κακὸν.
712 1739 736 1765 εἰ
748 1738 786 1774 μὴ
797 1736 887 1785 νοοῦν-

96 1805 143 1828 τες
157 1779 264 1822 (Simiae;
282 1779 330 1819 καὶ
343 1790 408 1826 παρ’
420 1787 523 1816 ἑαυτῶν
532 1787 562 1814 τὸ
573 1784 722 1821 συμφέρον,
734 1782 813 1809 ἄλλου
824 1779 889 1815 γοῦν

98 1825 297 1875 εἰσηγουμένου
317 1837 348 1864 τδ
369 1825 523 1872 χρήσιμον,
541 1830 717 1865 ὲπειθόμεθα.
738 1827 775 1854 Τὸ
790 1826 819 1853 δὲ
841 1825 890 1860 οὐχ

98 1871 187 1918 obsto;
203 1871 272 1920 ἔχει,
288 1883 356 1911 ἀλλά
369 1881 416 1909 καλ.
435 1879 539 1915 σφόδρα
554 1878 610 1908 τοῖς
624 1873 795 1920 διδασκάλοις
810 1871 891 1907 ἀχθόο

101 1917 184 1967 μεθα,
210 1917 258 1957 καὶ
281 1927 406 1964 χαλεπῶς
421 1923 512 1952 αὐτῶν
532 1921 582 1957 τὴν
597 1918 738 1948 νουθεσίαν
760 1917 891 1952 φέρομεν,

102 1961 150 2006 καὶ
160 1961 221 2008 ταῖς
236 1961 400 2010 συμϐουλαῖς
412 1967 595 2007 βαρυνόμεθα.
607 1964 770 2010 Ναυτιῶμεν
782 1963 810 1989 δὲ
825 1961 893 2010 πρδς

102 2025 153 2060 τὴν
168 2022 294 2050 παιδείαν
309 2019 364 2047 τῶν
377 2017 478 2048 καλῶν,
494 2015 531 2047 ὡς
545 2014 570 2040 ot
585 2012 723 2040 κακόσιτοι
735 2009 789 2036 τῶν
805 2007 894 2044 ἀρρώ-

105 2052 176 2098 στων
192 2068 261 2104 πρὸς
274 2066 309 2094 τὰ
319 2065 374 2100 ὄψα
382 2064 417 2091 τὰ
429 2061 505 2098 παρὰ
517 2059 572 2087 τῶν
587 2057 687 2093 ἰατρῶν
697 2055 788 2086 αὐτοῖς
801 2052 894 2089 ὀρεγὸο

106 2125 188 2153 μενα.
214 2099 273 2141 ίςᾶν
296 2110 440 2146 ὲπίπληξις
459 2107 584 2142 γένηται,
609 2101 824 2150 χαλεπαίνομενὶ
845 2099 896 2126 κᾶν

107 2145 277 2197 τραχυτέρου
296 2145 456 2192 ἀκούσιυμεν
473 2153 595 2189 ῥήματος
605 2170 613 2183 ,
628 2145 896 2197 δυσανασχετοῦμεν

935 1563 1019 1599 pellas
1032 1567 1156 1590 naturam
1173 1562 1299 1596 quisnam
1316 1561 1365 1594 sis,
1379 1559 1480 1595 etquid
1497 1559 1530 1587 de
1543 1563 1569 1586 te
1585 1559 1642 1586 ﬁeri
1659 1566 1720 1592 pos-

936 1611 986 1641 sit.
1003 1610 1049 1637 sed
1074 1614 1178 1641 ventre,
1197 1607 1318 1640 libidine,
1338 1607 1405 1638 otio,
1421 1614 1453 1633 ac
1482 1612 1590 1636 somno,
1619 1603 1665 1630 Dei
1692 1607 1722 1630 et

936 1656 1122 1684 benefactoris
1136 1655 1238 1682 donum
1263 1653 1368 1689 prodis,
1384 1656 1412 1679 ut
1428 1652 1464 1680 sit
1478 1651 1575 1679 inutile
1601 1649 1661 1681 tibi.
1679 1649 1722 1675 in-

938 1702 1110 1730 commodum
1122 1705 1150 1729 et
1165 1701 1256 1728 inane.
1278 1699 1449 1734 Turpissima
1465 1696 1524 1724 haec
1552 1703 1595 1723 res
1617 1699 1668 1723 est.
1698 1697 1724 1723 et

936 1748 1076 1784 juvenilis,
1093 1747 1118 1774 id
1134 1750 1176 1774 est
1191 1745 1267 1774 stulti
1281 1744 1376 1776 animi,
1397 1747 1425 1771 et
1451 1742 1527 1778 gravi
1550 1739 1726 1768 accusatione

940 1795 1033 1829 digna.
1048 1793 1136 1820 Minus
1153 1795 1243 1819 autem
1260 1790 1360 1818 malum
1389 1792 1472 1821 eSSct,
1489 1787 1512 1816 si
1527 1794 1578 1814 nos
1597 1785 1726 1813 intrinse-

941 1846 991 1867 cus
1009 1842 1036 1867 et
1050 1845 1065 1865 a
1083 1837 1163 1865 nobis
1176 1836 1244 1871 ipsis
1259 1834 1324 1870 quid
1340 1833 1479 1868 expediret
1496 1835 1556 1860 non’
1568 1830 1727 1864 intelligen-

941 1889 995 1918 tes,
1025 1891 1087 1911 cum
1103 1883 1173 1910 alius
1187 1881 1259 1917 quod
1275 1879 1338 1908 usui
1359 1879 1394 1906 sit
1418 1877 1538 1907 adducit.
1558 1876 1582 1903 ei
1605 1874 1727 1902 credere-

942 1938 1015 1958 mus.
1032 1929 1061 1956 ld
1085 1935 1150 1956 vero
1164 1934 1221 1955 non
1243 1926 1325 1953 habet
1345 1924 1392 1956 ita,
1410 1923 1457 1950 sed
1475 1922 1556 1950 etiam
1587 1921 1663 1947 valde
1680 1925 1729 1946 nos

943 1974 1081 2011 magistris
1095 1977 1123 2001 et
1138 1971 1296 2001 doctoribus
1311 1970 1495 2004 indignamur,
1515 1974 1547 1994 ac
1565 1968 1662 1993 eorum
1683 1964 1716 1990 ad

945 2021 1123 2049 monitionem
1138 2026 1210 2054 aegre
1227 2017 1359 2049 ferimus,
1378 2018 1405 2042 et
1426 2012 1550 2041 consiliis
1576 2017 1731 2046 gravantur.

946 2067 1116 2095 Nauseamus
1128 2071 1193 2092 vero
1207 2063 1240 2091 ad
1252 2069 1344 2090 rerum
1356 2061 1532 2088 honestarum
1547 2056 1731 2091 disciplinam,

947 2112 1060 2150 perinde
1084 2118 1117 2139 ac
1139 2109 1233 2145 aegroti
1257 2108 1348 2136 cibum
1373 2105 1544 2134 fastidientes
1561 2102 1596 2130 ad
1621 2101 1733 2136 opsonia

949 2149 1010 2195 quae
1022 2158 1078 2186 illis
1103 2156 1202 2186 medici
1233 2153 1388 2190 porrigunt.
1416 2151 1456 2179 Ac
1473 2150 1496 2179 si
1512 2149 1575 2185 quis
1602 2149 1734 2182 increpet,

108 2191 393 2234 κέν’-ἀποκλεισθῶσιν
409 2201 474 2236 ἡμῖν
489 2195 634 2233 ἀφορισμῷ
648 2195 676 2222 αἰ
693 2193 773 2229 θύραι
788 2191 838 2226 τῆς
853 2191 883 2237 εκ

950 2205 1147 2235 exacerbamur
1162 2212 1169 2237 ;
1185 2202 1208 2230 si
1223 2201 1350 2237 asperius
1366 2199 1478 2227 verbqu
1495 2196 1649 2226 audiamus,
1665 2193 1737 2220 indi-

109 2251 236 2288 κλησίας,
256 2235 480 2285 βλασφημοῦμεν.
505 2240 589 2274 Οὗτος
610 2241 639 2268 δὲ
654 2240 704 2267 οὐκ
721 2235 900 2288 έστιξμανθα-

104 2281 427 2330 νόντωνήτρόποςίοὺδὲ
446 2287 553 2323 ὑπακοὴ
578 2284 725 2323 μαθητῶν,
747 2281 814 2310 ἀλλὰ
838 2289 902 2307 στα-

111 2340 232 2369 σιαστῶν
243 2326 291 2366 καὶ
302 2336 461 2374 μαχομένων
473 2332 633 2369 φιλονεικία.
646 2329 755 2357 Παιδίου
763 2328 817 2363 γὰρ
827 2326 903 2358 τάξιν

110 2389 125 2415 ὸ
142 2386 267 2423 μαθητὴς
284 2384 392 2419 ἐπέχειν
413 2380 532 2416 ὀφείλει,
546 2380 576 2410 δς
598 2377 694 2413 τέχνης
711 2375 727 2410 ἢ
749 2373 911 2423 ἐπιστήμης»

111 2417 279 2467 ἐπιθυμήσει
294 2417 357 2466 μιάς
369 2428 423 2455 τῶν
440 2425 557 2459 έξωθενί
575 2425 589 2451 ὸ
607 2424 636 2451 δὲ
651 2421 790 2467 εὐσέϐειαν
806 2417 905 2446 ἀσκού-

115 2464 212 2516 μενος..
326 2474 446 2506 πλείονος
468 2473 518 2508 τῆς
537 2469 698 2507 προσθήκης
721 2464 789 2492 εἶναι
807 2464 907 2516 βρέφξς

114 2509 218 2562 δφείλει
230 2509 239 2540 ί
255 2521 349 2557 ἐπειδὴ
363 2521 411 2548 καὶ
422 2521 436 2547 ὁ
449 2518 552 2554 Κύριος
564 2515 672 2550 ὲκείνην
685 2513 734 2548 τὴν
746 2510 855 2546 ἡλικίαν
870 2509 908 2540 ὼς

115 2556 233 2606 εύπειθῆ
244 2570 300 2601 τοῖς
314 2556 380 2604 παρ’
393 2565 490 2593 ἑαυτοῦ
505 2562 627 2593 ἐπαίνοις
643 2559 783 2594 ἐσέμνυνε..
797 2556 835 2583 Τὸ
845 2564 910 2582 παι-

106 2619 172 2646 ηδίον
186 2601 280 2645 τοίνυν
299 2601 492 2648 οὐκνὲμὸαινει
509 2609 574 2641 τοὺς
594 2605 771 2643 χαρακτῆρας
792 2605 841 2630 καὶ
861 2601 910 2632 τὰς

118 2663 254 2701 γραμμὰς
271 2661 361 2695 ἇσπερ
380 2647 413 2686 ἀν
433 2658 449 2684 ὁ
466 2654 624 2685 διδάσκαλος
640 2651 679 2688 τῷ
695 2650 773 2686 κηρῷ
791 2647 910 2699 ἐνσημή-

118 2693 214 2746 (υἷιτᾶιό
230 2693 291 2735 οῦδὲ
303 2693 424 2740 στοιχεῖα
434 2701 600 2736 καινοτομεῖ,
612 2699 658 2725 ὑπ’
673 2696 797 2731 ἐξουσίας
807 2693 913 2729 ἐμπλή-

120 2739 186 2784 κτου
210 2739 378 2789 νεωτερίζον
392 2748 456 2784 περὶ
474 2747 509 2774 τὰ
530 2746 698 2789 γράμματα’
718 2741 786 2789 ἀλλὰ
802 2739 914 2789 πρώτην

123 2801 173 2836 μὲν
191 2800 228 2833 τῇ
241 2784 355 2833 γραφίδι
375 2795 432 2825 τοῖς
454 2791 501 2819 τοῦ
518 2788 678 2818 διδασκάλου
694 2786 790 2816 τύποις
807 2784 916 2811 ἐνασκεί

121 2829 170 2882 τὴν
186 2829 283 2881 1&9;-
302 2829 420 2875 ύνΰματα
433 2838 462 2866 δὲ
477 2837 527 2865 οὐκ
542 2835 608 2864 ἀλλα
624 2835 680 2866 τοῖς
699 2831 840 2864 στοιχείοις
857 2829 916 2855 tm.

952 2259 1091 2289 gnamur;
1112 2250 1191 2285 sique
1220 2248 1301 2276 nobis
1331 2246 1365 2274 ad
1388 2243 1589 2280 separationem
1615 2240 1738 2269 ecclesiae

954 2286 1027 2326 iores
1042 2297 1218 2327 obserantur,
1236 2293 1271 2321 ad
1286 2292 1411 2321 convicia
1428 2289 1553 2322 ferimur,
1569 2294 1602 2315 ac
1613 2286 1739 2320 blasphe-

954 2350 1072 2372 mamus.
1086 2341 1106 2369 li
1122 2349 1176 2369 non
1192 2343 1257 2368 sunt
1275 2337 1441 2366 discentium
1454 2341 1556 2367 mores,
1570 2339 1658 2367 neque
1679 2331 1740 2358 obes

956 2388 1058 2418 dientia
1074 2386 1284 2422 discipulorum.
1305 2383 1353 2411 sed
1378 2380 1572 2410 seditiosorum
1596 2381 1624 2405 et
1638 2382 1742 2412 pugna-

956 2436 1030 2463 cium
1045 2420 1194 2462 contentio.
1204 2429 1291 2458 Puelli
1304 2428 1377 2457 enim
1389 2427 1477 2454 vicem
1489 2423 1639 2458 discipulus
1651 2420 1744 2449 subire

957 2481 1049 2512 debet,
1064 2479 1112 2515 qui
1126 2481 1212 2505 artem
1225 2476 1268 2503 vel
1283 2474 1427 2504 scientiam
1442 2472 1564 2506 aliquam
1575 2469 1608 2496 de
1623 2466 1743 2495 externis

960 2511 1156 2555 desideraverit
1171 2532 1178 2551 :
1193 2522 1240 2558 qui
1255 2528 1321 2549 vero
1335 2520 1463 2554 pietatem
1479 2516 1636 2547 meditatur,
1647 2511 1744 2545 majori

961 2579 1024 2601 cum
1040 2570 1201 2598 accessione
1216 2567 1309 2595 infans
1322 2573 1384 2593 esse
1396 2563 1477 2592 debet
1490 2572 1497 2590 :
1510 2558 1662 2597 praesertim
1679 2563 1743 2584 cum

961 2619 1043 2648 ctiam
1058 2616 1188 2644 Dominus
1202 2614 1275 2641 illam
1286 2615 1392 2640 aztatem
1406 2608 1489 2637 veluti
1510 2606 1543 2633 ad
1565 2601 1745 2632 ohedieudum

964 2668 1086 2701 paratam
1114 2661 1172 2689 suis
1208 2658 1296 2694 ipsius
1329 2655 1456 2683 laudibus
1485 2649 1631 2680 ornaverit.
1662 2645 1746 2680 Atqui

966 2695 1074 2747 puellus
1087 2715 1141 2735 non
1158 2705 1276 2740 insurgit
1299 2703 1327 2730 in
1340 2702 1514 2730 characteres
1542 2700 1569 2724 et
1585 2695 1748 2722 lineamenta

966 2743 1027 2792 qua:
1050 2756 1202 2790 prazceptor
1227 2751 1255 2778 in
1275 2756 1338 2776 cera
1367 2743 1549 2780 inscripserit,
1577 2746 1663 2774 neque
1680 2744 1749 2764 nova

970 2784 1080 2833 molitur
1095 2784 1239 2830 elementa,
1255 2794 1358 2831 aliquid
1380 2792 1444 2821 novi
1468 2791 1495 2818 in
1519 2788 1617 2820 litteris
1643 2784 1750 2812 licenti:l
