1922 3078
178 137 226 164 3H

815 127 844 156 S.
862 125 1028 156 GREGORII
1046 124 1193 154 NYSSENI

1761 118 1813 144 3|!

180 192 279 220 stolida
307 195 456 223 attentans,
481 189 529 218 sed
555 188 671 224 primam
698 186 812 224 graphio
837 187 864 214 in
892 187 965 214 notis
981 190 994 217 Α

1048 193 1101 220 γει,
1118 184 1175 211 ἀλλ’
1190 183 1263 218 ἅπερ
1284 181 1402 217 ἤκουσε·
1421 180 1502 207 παντὶ
1515 179 1545 206 δὲ
1561 177 1657 216 τρόπῳ
1679 176 1814 224 καὶγλόγῳ

181 237 357 273 praeceptoris
368 243 479 264 manum
493 239 614 269 exercet,
631 233 744 262 nomina
762 240 828 261 vero
843 240 897 259 non
913 232 966 259 alia

182 291 214 311 ex
236 282 379 310 elementis
403 281 508 316 colligit
531 287 613 316 quam
639 286 672 306 ea
691 286 752 314 quae
777 277 893 309 audivit,
920 275 968 304 sed

184 328 258 356 omni
275 327 366 360 modo,
386 328 493 354 ratione
508 333 541 353 ac
556 332 638 360 opera
654 323 778 359 magistri
795 322 969 350 traditionem

187 374 318 401 imitatur.
335 373 413 407 Quod
428 373 451 401 si
468 372 578 408 quando
593 370 775 406 negligentius
793 368 858 405 quid
874 367 971 403 egerit,

187 419 260 447 cutis
290 419 351 454 eius
369 418 531 446 verberibus
558 417 702 450 alliciatur,
721 415 809 451 plagis
824 418 972 442 contumax

189 473 244 492 non
261 464 386 496 efﬁcitur,
406 471 494 499 neque
510 462 654 499 perfractis
679 461 788 489 tabellis
813 468 828 487 a
844 460 974 495 magistro

190 511 257 542 abit,
271 509 320 538 sed
338 509 497 545 aliquandiu
511 508 600 536 dolori
613 515 720 536 amaras
735 507 873 535 instillans
889 506 974 541 lacry-

192 565 262 589 mas.
278 557 431 592 disciplinis
447 555 619 588 adhtcrescit,
633 557 814 588 versaturque
829 553 919 580 acrior
948 552 975 578 in

193 602 381 634 meditatione,
396 610 451 629 non
463 605 554 629 autem
569 599 748 636 negligentior
771 598 872 627 evadit.
902 597 977 625 Alias

194 655 304 675 rursum
321 648 343 676 si
361 651 490 683 tanquam
508 646 617 682 juvenis
639 653 672 673 ac
692 652 779 673 novus
807 652 903 680 parum
922 651 979 671 rem

195 696 284 724 curet,
302 699 318 719 a
338 692 408 720 cibis
431 691 571 720 abstinere
593 690 716 726 iubetur,
740 693 767 717 et
795 688 877 715 famis
898 695 979 722 ptena

196 742 307 773 propter
322 737 477 766 socordiam
497 736 663 765 damnatur:
690 739 830 772 permanet
858 742 923 762 vero
951 734 979 761 in

197 782 263 811 ludo
273 783 355 811 etiam
371 783 459 816 solus,
475 783 536 812 aliis
555 783 588 811 ad
614 782 759 819 prandium
776 780 981 809 discedentibus

200 828 303 863 pueris,
319 832 484 864 praeceptum
499 829 626 864 religiose
636 828 796 855 observans.
807 825 984 854 Christianus

1021 231 1068 258 καὶ
1088 230 1162 266 ἔργῳ
1186 230 1308 265 μιμεῖται
1328 226 1376 254 τοῦ
1401 225 1557 262 καθηγητοῦ
1580 224 1629 261 τὴν
1652 223 1813 260 παράδοσιν.

1024 277 1072 303 "Av
1084 276 1113 303 δέ
1130 284 1181 302 που
1196 275 1243 302 καὶ
1263 273 1424 310 ῥᾳθυμῆσαν
1439 270 1670 307 ἁποτυμπανισθῇ
1686 270 1726 305 τῷ
1749 267 1816 295 σκύ-

1023 331 1074 354 τει,
1092 321 1122 348 οὐ
1135 320 1299 356 θρασύνεται
1314 319 1347 354 τῇ
1365 318 1456 353 πληγῇ
1467 338 1474 350 ,
1491 317 1552 344 οὐδὲ
1575 317 1624 348 τὰς
1645 316 1756 347 δέλτους
1776 312 1818 348 τῷ

1024 365 1174 400 διδασκάλῳ
1187 362 1356 400 περιῤῥῆξαν
1370 362 1519 396 ἀποφοιτᾷ·
1537 360 1593 387 ἀλλ’
1615 361 1658 387 ἐπ’
1672 360 1764 393 ὀλίγον
1783 358 1819 392 τῇ

1025 411 1151 447 ἀλγηδόνι
1168 410 1265 446 πικρὸν
1282 407 1429 440 ὲπιστάξαν
1445 407 1475 434 τὸ
1494 407 1628 443 δάκρυον,
1650 405 1742 441 ἔχεται
1764 404 1821 431 τῶν

1029 456 1208 493 μαθημάτων,
1218 455 1265 482 καὶ
1277 453 1474 489 συντονώτερον
1487 453 1551 489 περὶ
1561 452 1610 489 τὴν
1623 451 1749 488 μελέτην,
1761 450 1821 477 ἀλλ’

1028 504 1078 530 οὐκ
1089 502 1271 538 ἀμελέστερον
1287 500 1402 535 γίνεται.
1426 500 1537 527 Ἀλλοτε
1553 498 1634 525 πάλιν
1649 497 1822 533 ὀλιγωρήσας

1028 549 1066 580 ὡς
1079 548 1150 580 νέος.
1167 547 1308 575 κελεύεται
1321 547 1410 583 μένειν
1425 546 1565 577 ἀπόσιτος,
1577 545 1625 572 καὶ
1639 543 1679 579 τῷ
1689 542 1763 578 λιμῷ
1771 542 1823 575 τὴν

1032 594 1168 630 ρᾳθυμίαν
1186 592 1407 625 καταδικάζεται.
1429 591 1586 627 Παραμένει
1599 590 1628 616 δὲ
1642 589 1680 625 τῷ
1693 588 1818 615 διδασκα-

1031 643 1095 678 λείῳ
1113 642 1161 668 καὶ
1179 641 1268 677 μόνος,
1287 640 1341 667 τῶν
1360 639 1449 667 ἄλλων
1465 637 1569 665 παίδων
1585 635 1826 672 ἀναχωρησάντων

1033 688 1076 715 ἐπ’
1101 687 1222 723 ἄριστον,
1245 685 1338 722 τηρῶν
1365 685 1396 712 τὸ
1428 684 1593 720 πρόσταγμα
1621 682 1671 708 σὺν
1695 679 1826 715 εὐλαϐείᾳ

1035 733 1129 769 πολλῇ.
1161 733 1190 759 '0
1216 731 1378 768 Χριστιανὸς
1401 730 1430 756 δὲ
1453 729 1503 764 οὐχ
1529 727 1627 760 οὓτως,
1651 727 1665 754 ὀ
1691 725 1825 757 ἀκούσας,

1038 788 1049 806 s
1069 780 1118 806 ‘Av
1137 779 1173 815 μὴ
1193 778 1329 814 στραφῆτε
1350 777 1396 804 καὶ
1417 774 1533 811 γένησθε
1557 774 1595 806 ὡς
1615 773 1649 800 τὰ
1673 772 1779 804 παιδία,
1794 771 1827 797 οὗ

1039 825 1076 861 μὴ
1089 824 1226 860 εἰσέλθητε
1243 824 1284 855 είς
1297 823 1346 858 τὴν
1360 821 1498 857 βασιλείαν
1512 820 1567 847 τῶν
1578 818 1699 855 οὐρανῶν
1711 827 1719 834 ·
1738 827 1747 844 ι
1769 817 1828 845 ἀλλ’

200 877 292 901 autem
307 863 362 902 non
377 874 429 906 sic,
446 874 492 909 qui
509 863 616 901 audivit
640 877 743 904 tamen,
758 881 768 898 t
788 871 847 900 Nisi
868 879 984 900 conver-

1048 880 1097 898 ταν
1119 869 1317 905 αὐστηρότερον
1334 869 1376 905 ῐδῃ
1390 868 1436 894 τὸν
1459 867 1534 903 ἱερέα
1552 866 1671 901 σχήματι
1686 864 1734 890 καὶ
1749 863 1827 898 φωνῇ

200 918 308 951 tamini,
336 923 364 947 et
388 919 466 955 quasi
492 919 573 955 puelli
601 918 689 950 ﬁalis,
720 926 775 946 non
800 917 938 946 intrabitis
956 917 984 944 in

202 971 316 999 regnum
328 963 460 991 cmlorum
475 963 495 991 ‘.
514 973 523 990 ι
547 963 600 992 Sed
615 965 639 992 sl
658 963 770 999 quando
796 963 921 998 asperius
942 970 986 990 sa-

201 1009 338 1038 cerdotem
355 1010 447 1045 specie
466 1017 500 1038 ac
514 1017 581 1038 voce
596 1009 776 1045 corrigentem
790 1014 910 1037 erratum
926 1016 987 1044 per-

202 1055 316 1090 ceperit,
338 1055 427 1090 palam
448 1055 623 1087 contradicit,
647 1059 676 1084 et
697 1055 769 1083 inter
791 1055 887 1082 dentes
913 1062 988 1081 mur-

206 1104 308 1133 murat,
322 1105 349 1128 et
366 1101 532 1128 circumiens
543 1100 632 1128 forum
642 1108 674 1128 ac
687 1101 792 1136 plateas
808 1099 988 1128 conviciatur.

205 1145 238 1173 Et
250 1146 274 1174 si
289 1146 323 1173 ab
337 1146 456 1174 ecclesia
472 1146 644 1179 excludatur,
659 1146 810 1174 orationem
826 1145 988 1177 contemnit.

206 1199 236 1219 se
252 1199 314 1219 cum
331 1199 345 1218 a
361 1191 472 1227 populo,
486 1194 544 1219 tum
560 1199 576 1219 a
594 1192 731 1227 mysteriis
750 1191 811 1220 sine
834 1192 889 1219 ulla
906 1191 990 1219 dissi-

207 1237 355 1265 mulatione
384 1237 542 1271 abducens;
574 1241 621 1265 aut
639 1237 711 1265 forte
743 1245 777 1265 ne
800 1237 864 1264 huic
881 1237 990 1272 quidem

208 1281 344 1317 supplicio
375 1282 512 1315 addictus,
529 1290 559 1310 se
573 1283 608 1310 ab
632 1282 748 1311 ecclesia
769 1282 922 1315 submovet,
952 1284 992 1310 ira

208 1331 304 1354 contra
319 1330 478 1363 episcopum
490 1332 656 1359 commotus.
668 1335 701 1356 ac
714 1328 798 1356 Deum
810 1332 838 1355 et
848 1328 992 1356 Dominum

209 1377 362 1400 aversatus.
394 1371 448 1400 Sed
478 1372 615 1408 ejusmodi
650 1372 753 1400 homini
780 1372 926 1400 dicendum
952 1378 994 1400 est

209 1416 283 1451 quod
298 1415 395 1449 Paulo,
408 1424 471 1444 cum
482 1416 571 1445 adhuc
588 1416 689 1445 Saulus
703 1421 788 1449 esset.
818 1418 922 1445 dictum
940 1421 993 1451 est,

213 1472 223 1488 ι
239 1461 342 1490 Durum
360 1462 409 1490 tibi
423 1467 475 1497 est,
493 1470 510 1490 o
534 1463 627 1496 homo,
643 1467 741 1491 contra
757 1463 883 1492 stimulos
912 1464 995 1492 calci-

212 1509 308 1536 trare'
324 1518 331 1536 :
353 1517 363 1535 ι
379 1508 438 1536 sive
455 1516 471 1535 a
487 1509 574 1544 teipso
590 1508 674 1537 Deum
691 1509 839 1541 dimiseris,
870 1514 994 1544 reputate

1035 916 1223 953 διορθούμενον
1239 916 1269 943 τδ
1289 914 1490 950 πλημμέλημα,
1515 910 1663 948 προφανῶς
1679 909 1827 943 ἀντιλέγει,

1036 964 1083 992 καὶ
1093 963 1139 989 ὑπ’
1154 963 1249 989 ὀδόντα
1262 961 1401 996 γογγύζει,
1415 960 1461 987 καὶ
1474 957 1641 994 περινοστῶν
1655 956 1705 991 την
1721 955 1830 990 ἀγορὰν

1036 1011 1084 1039 καλ⁸
1097 1010 1131 1037 τὰ
1147 1007 1255 1044 ἄμφηδα
1271 1007 1441 1042 λοιδορεῖται.
1458 1004 1516 1032 Κᾶν
1531 1003 1581 1038 τῆς
1596 1002 1744 1037 ἐκκλησίας
1758 1000 1828 1027 ἀπο-

1037 1055 1161 1091 κλεισθῇ,
1185 1054 1351 1089 καταφρονεῖ
1372 1053 1421 1088 τῆς
1437 1050 1535 1086 εὐχῆς,
1550 1048 1761 1083 ἁπροσποιήτως
1781 1045 1829 1073 τοῦ

1037 1101 1103 1130 λαοῦ
1129 1101 1176 1128 καὶ
1194 1100 1248 1127 τῶν
1273 1097 1429 1135 μυστηρίων
1450 1094 1687 1131 ἀποτεμνόμενον
1706 1093 1724 1129 ἢ
1748 1091 1832 1127 τυχδν

1038 1147 1099 1175 οὐδὲ
1115 1144 1276 1180 ὑποϐληθείς
1291 1143 1376 1179 ταύτῃ
1399 1143 1432 1178 τῇ
1456 1140 1586 1177 τιμωρίᾳ,
1602 1139 1697 1167 ἑαυτὸν
1717 1138 1769 1173 τῆς
1784 1138 1832 1163 ὲκ-

1040 1190 1154 1227 κλησίας
1168 1189 1281 1223 ἀπάγει,
1299 1187 1344 1215 διὰ
1359 1187 1408 1221 τὴν
1423 1186 1507 1222 ὀργὴν
1519 1185 1569 1221 τὴν
1584 1184 1651 1221 πρὸς
1663 1184 1708 1210 τὺν
1720 1182 1833 1209 ἐπίσκο-

1041 1246 1102 1269 πον,
1127 1235 1175 1263 καὶ
1195 1233 1241 1261 τὸν
1262 1233 1328 1259 Θεὸν
1352 1232 1398 1259 καὶ
1424 1231 1562 1266 Δεσπότην
1584 1228 1832 1265 ἀποστρεφόμενος.

1041 1283 1157 1310 Λεκτέον
1172 1281 1201 1308 δὲ
1214 1281 1253 1316 τῷ
1267 1279 1378 1315 τοιούτῳ
1393 1278 1421 1305 to
1435 1278 1503 1314 πρὸς
1517 1276 1622 1304 Παῦλον
1635 1275 1739 1310 λεχθὲν,
1752 1273 1835 1309 ἡνίκα

1042 1329 1082 1356 ἔτι
1098 1327 1199 1359 Σαῦλος
1211 1326 1352 1361 ἐτύγχανε·
1368 1333 1378 1351 ι
1399 1323 1519 1359 Σκληρόν
1539 1330 1590 1353 σοι,
1609 1321 1747 1355 ἄνθρωπε,
1767 1319 1836 1353 προς

1043 1374 1144 1409 κέντρα
1157 1371 1305 1404 λακτίζειν.
1327 1379 1337 1397 ι
1354 1370 1416 1397 Elea
1434 1368 1489 1396 ἀπὸ
1506 1366 1604 1394 σαυτοῦ
1620 1366 1665 1394 τὸν
1678 1365 1746 1392 Θεδν
1765 1364 1837 1398 ἀφῆ-

1043 1428 1104 1451 κας,
1121 1418 1229 1452 λόγισαι
1245 1417 1286 1443 ὅτι
1303 1417 1318 1443 ὀ
1332 1414 1380 1442 τοῦ
1395 1414 1469 1450 ἡλίου
1491 1412 1683 1448 χωριζόμενος,
1697 1411 1728 1436 ὲν
1745 1409 1838 1436 σκότει

1044 1465 1091 1491 καὶ
1105 1462 1180 1498 ζόφῳ
1190 1462 1277 1497 διάγει
1290 1461 1335 1488 τὸν
1357 1460 1414 1496 βίον
1425 1468 1432 1475 ·
1444 1459 1498 1486 εῐτε
1510 1457 1668 1493 ἀπεόλήθης
1681 1455 1737 1482 τῶν
1750 1453 1840 1489 εὐχῶν

1045 1511 1083 1542 ὡς
1105 1509 1224 1542 ἀνάξιος,
1251 1507 1415 1536 ἀνακάλεσαι
1439 1507 1474 1541 τῇ
1501 1503 1630 1540 μετανοίᾳ
1651 1502 1701 1538 τὴν
1726 1500 1841 1536 πρώτην

212 1553 285 1588 quod
301 1553 348 1588 qui
364 1560 379 1580 a
398 1554 456 1582 sole
475 1554 616 1589 seiunctus
628 1559 682 1587 est,
709 1556 737 1581 in
753 1555 875 1583 tenebris
891 1559 918 1581 et
933 1555 994 1582 cali-

1050 1555 1227 1582 κατάστασιν.

214 1598 277 1633 gine
298 1599 381 1626 vitam
408 1599 501 1635 degit;
526 1599 584 1628 sive
610 1600 783 1629 orationibus
814 1605 844 1629 ut
873 1601 1001 1637 indignus
1021 1602 1183 1630 interdictus
1207 1601 1256 1633 sis,
1293 1607 1342 1636 per
1361 1597 1550 1634 pmnitentiam
1587 1593 1706 1630 primum
1735 1594 1842 1619 statum

215 1650 355 1673 revocato.

250 1691 323 1719 Nihil
342 1691 404 1720 falsi
417 1697 464 1720 aut
481 1692 615 1721 mendacii
631 1693 764 1729 scriptum
777 1698 818 1722 est
834 1694 860 1721 in
882 1694 1004 1729 Evange-

216 1738 274 1770 liis,
289 1745 378 1773 neque
391 1737 493 1766 Christi
507 1738 648 1773 praedictio
657 1739 759 1766 exitum
776 1739 900 1767 fallacem
913 1740 1003 1767 habet.

217 1783 271 1810 Per
283 1782 392 1810 Petrum
412 1783 548 1818 episcopis
568 1783 643 1811 dedit
659 1783 762 1812 clavem
779 1785 932 1812 cmlcstium
953 1784 1005 1812 ho-

218 1834 334 1860 norum;
356 1834 474 1862 agnosce
493 1828 567 1863 quod
591 1828 710 1862 solutus,
732 1830 838 1857 solutus
859 1837 899 1860 es.
925 1833 952 1857 et
971 1830 1003 1857 li-

223 1877 303 1906 gatus
322 1872 440 1899 vinculis
452 1872 636 1901 invisibilibus
649 1874 817 1902 constrictus
834 1881 875 1902 es.
892 1874 920 1901 Si
931 1874 1004 1902 oculi

220 1916 270 1943 tibi
288 1919 382 1944 essent
410 1916 511 1951 quibus
542 1923 671 1944 cerneres
697 1918 783 1945 animi
810 1919 1003 1952 substantiam,

221 1962 394 1990 ostenderem
422 1962 471 1990 tibi
489 1962 536 1997 qui
560 1969 576 1990 a
603 1963 797 1991 communione
823 1964 938 1992 abactns
964 1973 1004 1998 es,

223 2007 342 2042 speciem
359 2007 545 2041 condemnati,
566 2009 738 2043 gravissimis
764 2009 882 2037 vinculis
901 2011 1007 2038 cervice

221 2052 355 2088 depressi,
378 2052 483 2080 nullum
501 2054 683 2081 membrorum
698 2053 813 2082 liberum
829 2058 876 2082 aut
889 2056 1007 2083 solutum

222 2098 358 2125 habentis.
372 2098 462 2133 Atque
483 2098 588 2126 utinam
605 2105 668 2126 cum
687 2099 742 2126 vita
765 2100 930 2135 supplicium
953 2107 1009 2129 ter-

224 2144 376 2171 minaretur
389 2144 396 2170 l
414 2143 492 2171 Nunc
506 2151 571 2172 vero
587 2144 610 2171 si
625 2144 691 2179 quid
706 2145 855 2173 humanum
876 2147 1008 2179 evenerit,

1087 1691 1171 1720 Οὐδὲν
1201 1690 1298 1726 ψεῦδος
1326 1691 1355 1716 ὲν
1382 1687 1553 1722 Εὐαγγελιοις
1581 1692 1753 1720 γεγραπται,
1783 1682 1845 1709 om

1054 1737 1206 1774 πρόρρησις
1225 1735 1272 1762 τοῦ
1293 1734 1412 1771 Χριστοῦ
1431 1731 1602 1768 ισφαλμένην
1617 1730 1673 1766 ἔχει
1697 1729 1738 1764 τὴ*
1763 1728 1846 1754 ἐκσα-

1055 1792 1107 1810 σιν.
1132 1783 1181 1809 Διὰ
1205 1781 1309 1817 Πέτρου
1330 1780 1413 1807 ἔδωκε
1435 1779 1491 1810 τοῖς
1507 1776 1665 1807 ἐπισκόποις
1686 1774 1736 1811 τὴν
1754 1774 1846 1800 κλεῖδα

1054 1828 1108 1855 τῶν
1123 1826 1292 1863 ιπουρανίων
1305 1825 1392 1861 τιμῶν
1403 1831 1410 1839 ·
1426 1824 1543 1858 γίνωσκε
1564 1822 1605 1849 ὅτι
1618 1820 1708 1852 λυθεὶς
1723 1819 1845 1848 λέλυσαι,

1058 1874 1105 1900 καὶ
1130 1872 1217 1904 δεθεὶς
1243 1872 1299 1903 τοῖς
1323 1870 1447 1906 ἀοράτοις
1470 1868 1579 1903 δεσμοῖς
1605 1866 1792 1901 κατασφίγγῃ.
1817 1865 1847 1890 Et

1058 1919 1212 1955 ὀφθαλμοὺς
1227 1915 1297 1953 εἶχες
1314 1916 1381 1952 πρὸς
1401 1915 1450 1950 τὴν
1468 1913 1563 1940 οὐσίαν
1580 1913 1630 1948 τῆς
1642 1911 1742 1946 ψυχῆς,
1760 1909 1848 1941 ἔδειξα

1059 1966 1092 1993 ἄν
1104 1973 1144 1991 σοι
1156 1964 1195 1999 τῷ
1209 1961 1391 1998 ἀφωρισμένῳ
1406 1959 1498 1995 σχῆμα
1509 1957 1753 1993 κατακεκριμένον,
1766 1956 1848 1991 βαρυ-

1060 2011 1152 2042 τάτοις
1175 2009 1285 2044 δεσμοῖς
1309 2008 1355 2034 τὸν
1380 2006 1481 2041 αὐχένα
1501 2004 1676 2039 πιεζομένου,
1692 2002 1770 2029 οὐδὲν
1795 2002 1849 2028 τῶν

1063 2056 1152 2092 μελῶν
1166 2054 1306 2089 ἐλεύθερον
1323 2053 1339 2088 ἢ
1353 2053 1446 2080 ἄνετον
1460 2050 1575 2085 ἔχοντος.
1586 2049 1641 2076 Καὶ
1653 2048 1708 2075 εἴθε
1723 2047 1763 2083 τῷ
1775 2048 1849 2083 βίῳή

1062 2102 1181 2138 τιμωρία
1189 2099 1374 2136 περιωρίςετοί
1384 2098 1440 2124 νυνΊ¹
1447 2096 1473 2123 δὲ
1483 2096 1537 2134 [ἂν]
1542 2094 1741 2130 ἀνθρώπινόντι
1747 2101 1780 2120 συ
1784 2093 1851 2129 μὸῇ,

1064 2147 1111 2174 καὶ
1125 2147 1221 2182 ἁθρόον
1234 2146 1359 2181 παραστῇ
1371 2145 1387 2180 ἡ
1401 2145 1523 2180 τελευτὴ,
1536 2145 1573 2175 ὼς
1586 2142 1705 2176 κλέπτης
1719 2141 1748 2166 ὲν
1761 2138 1849 2169 νυκτί.

224 2194 251 2217 et
268 2189 414 2224 derepente
439 2197 514 2218 mors
537 2191 697 2224 accesserit,
720 2195 750 2218 ut
768 2191 839 2218 latro
862 2192 895 2220 de
920 2197 994 2220 nocte

1048 2205 1050 2214 ›
1064 2192 1181 2227 γίνωσκε
1199 2191 1351 2218 κεκλεῖσθαί
1371 2199 1412 2217 σοι
1430 2190 1465 2216 τὰ
1480 2190 1546 2216 ἐκεῖ.
1567 2187 1722 2223 Ἑπιμελεῖς
1737 2187 1791 2211 εἱσι
1807 2184 1851 2210 καὶ

226 2236 297 2262 scito
309 2235 356 2262 tibi
375 2234 488 2263 occlusa
514 2243 575 2270 qua:
599 2235 655 2263 illic
680 2241 745 2263 sunt
769 2244 844 2264 esse.
866 2235 1012 2272 Diligentes

228 2284 293 2308 sunt
310 2283 337 2308 et
350 2280 397 2315 qui
414 2288 469 2307 non
490 2280 587 2308 ludant
607 2280 683 2308 illius
710 2282 786 2317 regni
804 2281 939 2316 janitorcs
951 2290 958 2314 ;
972 2282 1013 2309 vi-

227 2325 291 2354 dent
307 2326 424 2353 animam
449 2326 633 2362 separationis
656 2330 737 2355 notas
757 2326 900 2355 ferentem.
923 2327 1006 2360 Quasi

227 2372 373 2407 quemdam
401 2372 488 2400 fetore
514 2375 542 2400 et
566 2372 693 2401 sordibus
717 2374 838 2402 carceris
868 2379 1013 2407 notatum,

229 2417 342 2452 abigunt
359 2425 418 2446 eam
433 2418 531 2446 semita
542 2426 602 2454 qua:
617 2419 650 2446 ad
665 2419 736 2447 bona
755 2419 840 2447 ducit.
861 2419 919 2447 Non
949 2429 1016 2448 con-

229 2464 329 2491 cedunt
344 2468 374 2491 ut
399 2465 511 2493 ordines
529 2465 668 2500 justorum
687 2470 792 2497 cernat.
813 2471 840 2494 et
863 2467 1013 2502 angelicam

230 2510 369 2543 laetitiam;
383 2511 481 2538 misera
500 2519 566 2538 vero
579 2516 636 2538 tum
654 2519 711 2539 sum
727 2519 757 2540 se
779 2513 941 2539 temeritatis
968 2519 1014 2539 ve-

230 2555 373 2583 hementer
397 2563 533 2583 accusans
546 2575 554 2588 ,
578 2556 730 2592 Ingensque
743 2576 751 2589 ,
773 2565 806 2584 ac
825 2558 956 2592 plorans,
987 2561 1014 2584 et

230 2609 342 2636 gemens
360 2601 387 2628 in
403 2600 493 2628 locum
510 2601 657 2636 quemdam
677 2603 785 2630 tristem
819 2607 948 2638 tanquam
969 2610 1019 2629 an-

231 2647 325 2681 gulum
340 2647 447 2681 abjecta
463 2647 646 2682 permanebit,
659 2648 735 2676 luctu
747 2655 886 2683 nunquam
908 2648 1018 2676 finituro

232 2700 264 2718 ac
290 2692 428 2720 insolabili
453 2693 481 2719 in
496 2696 628 2720 aeternum
649 2701 746 2729 poenas
773 2694 860 2722 luens.
889 2703 898 2720 ι
928 2693 1018 2721 Nolite

233 2734 303 2770 fieri,
318 2746 328 2763 I
346 2737 445 2772 inquit,
461 2747 470 2763 ι
485 2738 556 2766 sicut
569 2746 658 2774 equus
671 2743 698 2766 et
713 2739 815 2771 mulus,
834 2739 936 2775 quibus
960 2748 1014 2767 non

285 2824 293 2840 '
306 2823 400 2887 Μῖιιίι.
416 2834 493 2859 xvm,
510 2827 537 2854 3.
588 2827 666 2854 ’Act.
689 2833 727 2858 ις.
745 2827 773 2855 5.

1067 2236 1105 2272 μὴ
1124 2236 1282 2271 παιζόμενοι
1302 2236 1326 2262 ei
1346 2234 1396 2270 τῆς
1416 2234 1553 2270 βασιλείας
1568 2231 1694 2268 θυρωροί·
1706 2229 1791 2265 ὁρῶσι
1803 2228 1851 2263 τὴν

1065 2282 1154 2317 ψυχὴν
1165 2281 1199 2308 τὰ
1212 2281 1258 2307 τοῦ
1272 2279 1424 2315 ἀφορισμοῦ
1437 2279 1572 2315 φέρουσαν
1583 2277 1714 2312 σύμὼλα.
1729 2275 1780 2306 Ὦς
1793 2282 1851 2301 τινα

1066 2328 1113 2355 τοῦ
1128 2327 1314 2363 δεσμωτηρίου
1333 2327 1365 2362 τῇ
1380 2326 1452 2362 κόμῃ
1469 2325 1517 2352 καὶ
1534 2324 1573 2359 τῷ
1586 2323 1663 2359 ῥύπῳ
1682 2319 1850 2356 κατηγορού-

1068 2384 1159 2411 μενον,
1176 2374 1372 2402 ἁπελαύνουσιν
1390 2372 1473 2408 αὐτὴν
1486 2373 1535 2408 τῆς
1555 2371 1602 2398 ἐπὶ
1615 2370 1650 2396 τὰ
1669 2368 1740 2395 καλὰ
1755 2366 1853 2402 φερού-

1067 2429 1118 2457 σης
1139 2421 1199 2448 ὀδοῦ
1212 2428 1218 2436 '
1236 2420 1268 2448 οὑ
1293 2420 1512 2457 συχχωρήσουσιν
1538 2417 1600 2443 ἰδεῖν
1617 2415 1652 2442 τὰ
1673 2414 1802 2448 τάγματα
1817 2413 1847 2439 δι

1067 2467 1163 2498 καίων,
1176 2466 1223 2493 καὶ
1237 2464 1386 2500 ἀγγελικὴν
1404 2462 1582 2498 εὐφροσύνην.
1606 2460 1639 2487 'H
1651 2459 1679 2486 δὲ
1698 2458 1780 2485 ἀθλία
1795 2457 1853 2483 τότε

1068 2511 1154 2539 πολλὰ
1173 2512 1222 2547 τῆς
1244 2511 1371 2542 ἀϐουλίας
1387 2509 1487 2546 ἑαυτὴν
1501 2504 1736 2542 καταμεμφομένη
1746 2523 1754 2535 ,
1772 2502 1852 2538 οἰμώ-

1068 2558 1152 2591 ζουσα
1167 2557 1195 2584 δὲ
1213 2558 1260 2584 καὶ
1276 2557 1435 2592 ὀδυρομένη,
1451 2555 1498 2582 καὶ
1513 2553 1653 2584 στένουσα,
1670 2551 1718 2578 καὶ
1734 2549 1853 2584 σκυθρω-

1069 2605 1113 2639 πῷ
1126 2612 1179 2631 τινι
1193 2604 1279 2639 τόπῳ,
1294 2601 1350 2630 οἷον
1361 2602 1447 2637 γωνίᾳ
1459 2598 1684 2636 προσιρρψμένη
1698 2594 1853 2623 διατελέσει,

1069 2649 1114 2676 τὸν
1132 2649 1249 2684 ἄληκτον
1267 2647 1382 2683 ὀδυρμὸν
1398 2647 1445 2673 καὶ
1463 2643 1677 2681 ἀπαραμύθητον
1696 2641 1736 2671 είς
1756 2639 1854 2684 αἰῶνας

1070 2682 1223 2721 ἐκτίνουσα.
1240 2703 1249 2720 ι
1332 2682 1457 2728 γίνεσθε,
1478 2700 1487 2717 ι
1502 2690 1598 2726 φησὶν,
1620 2697 1629 2713 t
1650 2687 1688 2733 di;
1711 2682 1854 2733 firme-xu].

1072 2741 1193 2776 ἡμίονος,
1216 2738 1256 2772 οἷς
1271 2740 1321 2767 οὐκ
1340 2739 1398 2766 ἔστι
1414 2737 1522 2768 σύνεσις
1532 2744 1539 2752 ι
1557 2735 1585 2761 ὲν
1600 2731 1680 2769 κημῷ
1693 2731 1739 2758 καὶ
1759 2729 1854 2766 χαλινῷ
