1922 3078
76 146 122 175 διε
729 145 773 173 DE
793 145 1061 174 CASTIGATIONE.

1663 144 1717 172 δη

77 204 122 236 τὰς
139 202 267 237 σιαγόνας
284 203 378 230 αὐτῶν
392 202 494 237 άγξεις.
514 212 522 228 ι
540 202 592 229 Τὸν
607 201 723 238 σκληρδν
737 203 752 229 ὁ
765 201 871 237 ψαλμὺς

939 205 965 229 st
980 201 1155 229 intellectus:
1174 200 1200 227 in
1218 208 1297 228 eamo
1315 203 1342 228 et
1358 200 1437 228 freno
1466 200 1593 229 maxillas
1621 208 1716 229 eorum

78 249 216 277 ἁπαλύνων
232 247 323 275 ταῦτά
340 257 426 284 φησι,
443 248 490 275 καὶ
513 245 568 275 οἷον
587 248 669 283 ἐλαίῳ
692 248 872 283 ὲκμαλάσσων

83 297 135 327 ταῖς
152 295 344 331 παραινέσεσι.
364 294 480 330 Κάμψον
497 291 544 321 οῦν
558 294 603 321 τὸν
618 294 730 329 αὐχένα,
743 292 813 326 εἶξον
834 293 872 325 ὡς

80 340 152 376 ζυγῷ
164 342 224 373 τοῖς
236 341 437 376 πρωτάγμασι
449 349 456 355 ·
473 340 505 367 τὸ
520 340 638 376 σκληρὸν
655 340 872 376 άπορῤήγνυται,

78 387 107 414 τὸ
120 385 195 414 εἶκον
211 387 260 414 καὶ
276 387 470 422 καμπτόμενον
486 386 629 422 ὀρθοῦται·
644 387 691 413 καὶ
703 386 823 413 διδάσκει
844 394 873 412 σε

78 433 156 460 τοῦτο
169 434 187 469 ἡ
202 434 249 460 ἐπὶ
262 435 320 466 τοῖς
341 435 435 468 φυτοῖς
449 435 542 469 πεῖρα.
558 433 604 467 Μὴ
617 432 662 459 τὸν
676 432 785 467 χαλινὸν
796 432 875 460 ἐνδα-

78 479 134 507 κὼν
145 480 273 516 όρμήσῃς
286 480 332 506 ἐπὶ
347 480 393 507 τὸν
407 479 530 515 κρημνὸν
541 498 549 511 ,
563 479 580 514 ἢ
601 477 632 505 τὸ
646 478 791 514 βάραθρον,
807 477 874 505 ἀλλὰ

80 525 241 562 περιαχθεὶς
253 526 300 553 τὸν
311 525 413 561 αὐχένα
424 527 456 561 τῇ
470 525 542 561 χειρὶ
552 523 598 551 τοῦ
610 524 755 556 ἀναϐἀτου,
768 524 813 550 ἐπὶ
825 523 874 558 τὴν

81 573 221 604 σώζουσαν
238 572 297 599 ὁδὸν
315 571 524 607 κατευθῡνθητι·
540 571 605 598 ὃταν
619 570 778 605 ἐπιτίμησιν
798 569 873 605 δέξῃ,

81 618 141 645 εἰπὲ
155 618 211 645 ἀπὸ
227 617 358 649 εὐλαϐοῦς
378 617 466 653 ψυχῆς
481 617 512 643 τὸ
533 615 688 647 Δασιτικὸν,
714 624 724 641 ε
758 614 875 648 ’Δγαθόν

84 672 137 700 μοι,
152 663 195 690 ὅτι
209 662 394 695 ὲταῇίνωσάς
415 671 461 697 με,
472 662 547 692 ὅπως
566 660 601 688 ἂν
618 660 697 696 μάθω
710 659 745 687 τὰ
764 658 876 686 δικαιώ-

84 711 157 745 ματά
179 718 238 737 σου.
261 718 271 735 ι
296 709 343 745 Μὴ
366 708 548 744 ὲπισκοπικῆς
567 706 711 738 αὐθαδείας
738 704 808 733 εἶναι
830 705 876 732 τὸν

82 756 237 792 ἀφορισμδν
253 755 366 791 νομίσῃς
377 762 385 770 ⁸
411 753 536 789 πατρῷος
557 753 571 780 ό
588 752 679 788 νόμος,
698 752 812 784 παλαιὸς
827 753 877 786 τῆς

89 801 256 836 Ἐκκλησίας
265 801 356 828 κανὼν
370 800 424 827 ἀπὸ
437 799 484 826 τοῦ
492 799 575 835 νόμου
584 798 737 835 ἀρξάμενος
747 797 794 825 καὶ
808 806 876 832 κρα-

82 848 192 879 τυνθεὶς
216 848 246 873 ἐν
264 848 298 882 τῇ
318 847 420 882 χάριτι.
441 845 584 880 Θεώρησον
610 844 656 872 τὸν
673 844 749 879 ἆγιον
771 843 877 871 Παῦλον

82 894 115 920 δι’
131 893 284 921 ἐπιστολῶν
294 894 343 925 τὰς
356 892 506 927 ἀποφάσεις
518 891 565 918 τοῦ
578 890 732 926 ἀφορισμοῦ
744 889 815 916 κατὰ
825 889 879 916 τῶν

84 940 245 967 ὑπευθύνων
260 939 446 975 ἐκπέμποντα,
463 938 510 965 καὶ
523 937 568 965 τὸν
580 937 724 972 Κορίνθιον
739 938 880 963 νεανίσκον

83 986 123 1022 τῷ
141 986 258 1022 τοιούτῳ
279 984 435 1022 ἰατρεύοντα
461 984 610 1020 φαρμάκῳ,
635 983 680 1010 τὸν
703 983 736 1018 τῇ
763 982 881 1018 μητρυιᾷ

85 1032 242 1064 σατανικῶς
262 1031 446 1067 ἐπιμανὲντα·
477 1039 486 1056 ι
514 1030 562 1056 Ὃν
583 1029 637 1064 γὰρ
659 1028 754 1063 ἀγαπᾷ
779 1027 882 1063 Κύριος

86 1078 221 1110 παιδεύει,
238 1078 365 1113 μαστιγοῖ
379 1076 408 1103 δὲ
424 1076 480 1103 υίδν
491 1075 520 1102 ὃν
534 1075 729 1111 παραδέχεται.
745 1083 755 1099 ι
775 1073 812 1100 οὐ
827 1072 882 1108 γάρ

85 1125 156 1151 εἰσιν
180 1123 210 1151 αἱ
232 1123 305 1158 ῥίζαι
319 1123 370 1157 τῆς
385 1121 508 1153 παιδείας
524 1121 656 1156 γλυκεῖαι,
675 1119 742 1147 ἀλλὰ
763 1118 861 1155 πικραί
873 1127 881 1134 ”

86 1169 197 1205 καρπὸν
218 1168 247 1195 δὲ
264 1169 305 1200 εἰς
330 1167 443 1202 ὕστερον
471 1166 649 1202 βλαστάνουσι
668 1164 771 1201 κηρίων
790 1163 883 1200 ἡδύτε-

88 1223 146 1251 ρον.
162 1214 219 1241 Καὶ
228 1213 273 1241 διὰ
285 1212 365 1240 τοῦτο
381 1211 461 1248 χρεία
477 1211 516 1247 τῷ
531 1211 580 1246 μὲν
593 1210 755 1245 ἀσκουμένῳ
769 1208 816 1235 τοῦ
835 1216 883 1243 μο-

87 1259 175 1295 χθεῖν,
195 1258 236 1293 τῷ
251 1257 280 1285 δὲ
298 1257 425 1285 ἀσκοῦντι
447 1257 493 1284 καὶ
512 1255 620 1292 πληγῆς
639 1255 688 1282 καὶ
707 1252 883 1290 τραχύτητος.

89 1306 147 1333 Καὶ
160 1305 201 1340 τῷ
218 1304 267 1340 μὲν
281 1303 420 1339 Μωσαῖκῷ
436 1303 510 1339 νόμῳ
524 1303 553 1329 αι
568 1302 700 1336 τέσσαρες
713 1299 823 1331 δεκάδες
841 1298 885 1334 μὲ-

89 1360 136 1387 χρι
149 1351 199 1378 νῦν
210 1351 237 1377 αί
250 1350 361 1385 νομικαὶ
371 1349 425 1376 τῶν
441 1348 553 1384 πληγῶν
567 1346 782 1383 παραμένουσιν,
800 1344 831 1371 οὐ
847 1343 885 1379 τῷ

90 1395 263 1431 εὐαγγελικῷ
274 1395 303 1422 δὲ
319 1395 369 1430 βίῳ
382 1404 389 1411 ·
403 1394 497 1429 ἐπειδὴ
512 1393 621 1420 πάντων
636 1393 651 1419 ὁ
664 1391 742 1426 λόγος
757 1390 825 1422 ἐστὶ,
839 1389 886 1416 καὶ

91 1444 184 1475 ἔλεος,
200 1442 249 1469 καὶ
266 1441 373 1477 ῥάϐδος,
391 1440 440 1468 καὶ
456 1439 639 1475 παράκλησις,
664 1437 711 1464 καὶ
728 1436 829 1471 πληγή.
848 1434 886 1461 Οὐ

91 1490 147 1525 γὰρ
161 1488 302 1524 τὺπτομέν
319 1496 349 1514 σε
363 1486 401 1518 ὼς
414 1485 534 1520 οἰκέτην,
546 1484 614 1511 ἀλλὰ
628 1481 792 1522 παιδεύομέν
806 1489 836 1508 σε
850 1480 887 1512 ὼς

92 1534 249 1570 ὲλεύθερον-
267 1533 308 1560 σοὶ
321 1533 376 1568 γὰρ
392 1532 425 1559 ὲκ
443 1531 492 1567 τῆς
506 1531 614 1566 Σάρῤας
631 1528 682 1564 τῆς
698 1527 842 1562 ἐλευθέρας
857 1525 888 1552 τδ

93 1581 185 1616 γένος,
202 1580 253 1608 οὒκ
270 1581 302 1607 ὲκ
319 1579 369 1615 τῆς
394 1579 485 1613 Ι’Δγαρ
501 1577 550 1612 τῆς
566 1576 673 1611 δούλης.
688 1573 841 1609 Δίδούμεθά
858 1580 888 1599 σε

93 1629 132 1661 ὡς
150 1628 209 1655 υἱὸν
223 1628 273 1663 τῆς
288 1626 433 1662 ἐλευθέρας
443 1645 450 1657 ,
462 1625 513 1652 οὐκ
528 1623 699 1659 άτιμάζομεν
713 1622 751 1654 ὡς
766 1622 890 1657 γέννημα

93 1675 145 1710 τῆς
155 1673 311 1708 παιδίσκης.
324 1672 373 1699 Διὰ
382 1671 462 1699 τοῦτο
473 1672 533 1703 ταῖς
542 1669 705 1705 ἐλευθερίοις
715 1668 890 1703 ὲπιτιμήσεσι

94 1719 238 1756 λυποῦμέν
249 1727 280 1746 σε
290 1717 512 1754 πλημμελοῦντα,
525 1716 555 1743 οὒ
568 1715 649 1750 σῶμα
663 1714 810 1748 ξαίνοντες,
822 1712 890 1739 ἀλλὰ

94 1766 187 1801 ψυχὴν
205 1765 344 1796 ἀνιῶντες.
364 1764 414 1790 “Av
427 1763 456 1789 δὲ
470 1762 518 1789 καὶ
535 1761 629 1787 τούτου
646 1758 814 1794 φειδώμεθα,
832 1757 891 1789 πῶς

96 1821 128 1839 σε
145 1810 343 1846 παιδεύσομενς
359 1807 621 1845 Δυσμεταχείριστός
638 1806 713 1832 ἐστιν
728 1805 743 1831 ό
763 1804 891 1831 διδασκα-

97 1858 173 1890 λικὸς
189 1857 279 1892 λόγος,
293 1856 340 1883 καὶ¹
352 1856 369 1891 ὴ
392 1853 489 1889 ἀγωγὴ
506 1853 556 1888 τῆς
572 1852 683 1887 ἀρετῆς,
699 1851 747 1878 καὶ
766 1849 892 1885 ποικίλην

98 1904 225 1939 ὲπιξητεί
244 1903 294 1938 τὴν
312 1902 364 1937 τῆς
379 1899 540 1931 ἐπιστασίας
557 1896 729 1931 οἰκονομίαν,
749 1897 805 1926 τοῖς
823 1895 892 1922 ὑπο-

99 1950 238 1986 κειμένοις
254 1949 347 1982 ήθεσιν
365 1946 463 1982 ἑαυτὴν
487 1942 726 1981 προσαρμόζουσα.
750 1940 828 1968 Ἔστι
847 1948 892 1972 τις

100 1996 230 2032 εὐπειθὴς
246 1995 293 2022 καὶ
305 1995 355 2030 τὴν
369 1992 482 2028 γνώμην
496 1991 637 2025 εὐάγωγος
649 1997 656 2021 ;
677 1988 764 2023 τούτῳ
775 1988 789 2013 ὸ
807 1987 894 2022 πρᾶος

101 2045 150 2072 καὶ
165 2042 269 2073 ἁπαλὸς
282 2040 397 2076 ἁρμόζει
415 2039 504 2073 λόγος.
521 2037 619 2068 Ἀλλος
633 2035 751 2071 σκληρὸς
767 2034 813 2061 καὶ
830 2032 895 2060 ἀνά-

101 2098 209 2125 γωγος;
229 2087 368 2124 μαστίγων
386 2084 492 2121 χρῄζει.
514 2083 548 2109 Τί
562 2081 609 2109 οὖν
618 2081 786 2116 -ποιήσομεν,
802 2076 895 2125 ἐπειδὴ

104 2122 274 2173 ράθδους-οῦ
299 2129 559 2169 μεταχειριζόμεθα;
583 2126 782 2161 καταλείψομεν
813 2122 896 2151 αὑτὸν

103 2171 290 2219 ἀπρονόητοη
306 2179 362 2213 Οὐχ
377 2177 473 2208 οὕτως.
501 2175 581 2201 Ἀλλὰ
594 2174 640 2206 τὴν
663 2172 745 2200 αὐτὸν
759 2171 832 2207 λόγῳ
847 2178 896 2206 με-

924 247 1097 283 constringes
1111 247 1132 274 ³.
1151 256 1161 273 ι
1192 247 1297 273 Durum
1328 250 1356 274 et
1376 251 1568 274 contumacem
1595 248 1717 282 psalmus

924 293 1068 321 emolliens
1083 294 1141 321 lucc
1157 292 1206 324 ait,
1229 296 1256 319 et
1280 292 1366 319 veluti
1392 292 1453 320 oleo
1481 292 1717 320 adhortationibus

925 339 1064 373 mitigans.
1087 338 1203 366 lneurva
1237 345 1303 372 ergo
1331 338 1478 370 cervicem,
1500 342 1634 373 praecepta
1658 343 1717 365 tan-

925 393 1007 420 quam
1020 385 1115 420 jugum
1132 385 1204 412 subi.
1228 384 1307 417 Quod
1324 383 1424 410 durum
1449 387 1490 411 cst
1513 383 1716 419 confringitur;

926 431 999 467 quod
1016 431 1089 458 cedit
1103 436 1130 459 et
1148 431 1278 461 ﬂectitur.
1297 435 1402 457 rectum
1419 429 1556 463 ellicitur;
1586 429 1660 465 quod
1691 433 1718 456 te

926 479 1008 505 etiam
1027 477 1053 504 in
1071 477 1172 512 plantis
1188 476 1356 511 experientia
1373 476 1463 503 docet.
1482 474 1521 502 Ne
1548 475 1625 503 freno
1651 475 1717 502 den-

929 524 1005 551 tibus
1024 531 1185 559 compresso
1199 522 1318 558 rapiaris
1331 522 1358 549 in
1386 522 1579 557 praecipitium,
1607 525 1654 548 aut
1671 521 1718 548 ba-

927 571 1063 602 rathrmn,
1077 569 1125 597 sed
1139 568 1347 596 accommodata
1363 567 1457 595 manui
1470 567 1589 595 sessoris
1602 567 1717 598 cervice,

927 616 960 643 ad
981 616 1050 643 viam
1065 622 1126 651 qua:
1143 619 1170 642 te
1193 618 1283 642 servet
1300 618 1373 641 recta
1389 613 1500 640 ducaris
1514 621 1522 646 ;
1544 619 1605 639 cum
1628 612 1718 638 incre-

927 662 1013 698 paris,
1029 661 1075 689 dic
1092 660 1186 688 animo
1201 660 1331 695 religioso
1349 659 1507 687 Davidicum
1534 658 1598 686 illud
1617 667 1623 685 :
1639 667 1648 682 ‹
1669 657 1718 683 Βο-

928 716 993 735 num
1009 707 1077 735 mihi
1104 709 1158 740 est,
1176 705 1250 742 quod
1268 705 1459 733 humiliaveris
1483 712 1537 736 me,
1555 707 1584 730 ut
1614 702 1717 730 discam

926 753 1137 789 justiticationes
1156 756 1219 779 tuas
1229 751 1250 779 ⁸.
1267 761 1276 777 ›
1292 750 1331 779 Ne
1341 750 1560 786 segregationem
1577 747 1719 775 arbitreris

927 807 989 827 esse
1008 800 1042 826 ab
1059 799 1254 834 episcoporum
1276 797 1390 824 audacia
1417 795 1579 831 profectam;
1598 798 1714 829 paterna

929 845 973 873 lex
987 849 1040 875 est.
1055 844 1168 878 antiqua
1183 842 1313 871 Ecclesiae
1328 841 1434 877 regula,
1451 848 1511 876 qua:
1525 848 1540 867 a
1558 840 1616 875 lege
1634 839 1718 866 traxit

931 892 1076 927 originem,
1095 894 1122 918 et
1135 890 1162 917 in
1179 890 1268 926 gratia
1292 889 1422 916 obtinuit.
1449 888 1643 922 Contemplare
1658 889 1722 913 san-

931 942 1005 965 ctum
1038 936 1115 963 illum
1146 935 1261 962 Paulum
1286 942 1336 969 per
1362 933 1502 968 Epistolas
1536 930 1721 966 separationis

931 991 1027 1020 parias
1047 983 1074 1010 in
1089 982 1224 1009 obnoxios
1240 979 1459 1016 pronuntiandas
1482 976 1670 1008 mandantem,
1695 980 1723 1002 et

931 1028 1105 1056 Corinthium
1133 1028 1262 1062 juvenem
1295 1024 1431 1060 ejusmodi
1451 1024 1654 1051 medicamento
1679 1029 1723 1049 sa-

932 1078 1054 1104 nantem,
1068 1073 1116 1109 qui
1130 1072 1255 1100 satanica
1280 1071 1356 1099 rabie
1374 1070 1508 1105 percitus,
1538 1075 1665 1096 noverca:
1692 1075 1723 1095 se

933 1119 1163 1147 commiscuerat:
1180 1118 1282 1151 «Quem
1297 1117 1372 1144 enim
1387 1115 1519 1143 Dominus
1528 1112 1719 1149 diligit,casti-

934 1170 995 1203 gat;
1011 1165 1118 1202 ﬂagello
1132 1169 1223 1193 autem
1237 1164 1300 1191 ferit
1310 1170 1390 1198 quem
1401 1161 1519 1196 suscipit
1527 1161 1565 1187 ⁸.»
1582 1158 1643 1187 Non
1652 1163 1717 1187 sunt

934 1213 1007 1240 enirn
1022 1212 1130 1239 radices
1149 1209 1315 1238 eruditionis
1327 1208 1434 1239 dulces,
1453 1207 1501 1235 sed
1517 1208 1637 1238 amarae;
1661 1204 1720 1231 fru-

934 1263 1010 1287 ctum
1030 1261 1121 1285 autem
1138 1257 1166 1284 in
1183 1260 1323 1292 posterum
1338 1254 1494 1290 germinant
1513 1251 1584 1280 favis
1614 1249 1725 1279 suavio-

935 1312 1003 1331 rem.
1027 1302 1061 1330 Et
1085 1302 1190 1330 idcirco
1207 1301 1301 1328 labore
1330 1298 1442 1335 quidem
1462 1298 1488 1326 ei
1513 1297 1560 1333 qui
1583 1299 1727 1324 exercetur

936 1357 1006 1385 opus
1021 1353 1085 1382 est;
1122 1348 1147 1376 ei
1171 1352 1262 1374 autem
1288 1345 1336 1381 qui
1362 1348 1481 1376 exercet,
1496 1348 1524 1372 et
1549 1343 1674 1374 verbere,
1701 1346 1728 1368 et

937 1395 1097 1431 asperitate.
1124 1395 1163 1421 Ac
1193 1393 1221 1420 in
1237 1392 1296 1427 lege
1324 1390 1445 1419 Mosaica
1476 1389 1592 1418 decades
1610 1392 1728 1423 quatnoc

937 1441 1082 1475 hucusque
1094 1439 1236 1474 plagarum
1250 1441 1422 1473 permanent,
1435 1443 1490 1464 non
1502 1440 1594 1463 autem
1607 1434 1634 1461 in
1645 1441 1729 1460 evan-

938 1487 1023 1522 gelica
1041 1486 1096 1514 vita
1112 1494 1119 1513 :
1136 1485 1271 1520 siquidem
1292 1484 1415 1511 omnium
1435 1489 1526 1511 sermo
1541 1484 1594 1513 est,
1620 1476 1729 1508 miseri-

902 1543 924 1572 ο
940 1531 1033 1560 cordia
1047 1535 1073 1560 et
1089 1531 1176 1566 virga,
1195 1530 1352 1557 adhortatio
1369 1533 1396 1557 et
1412 1528 1501 1564 plaga.
1517 1526 1575 1554 Non
1589 1525 1661 1553 enim
1680 1524 1729 1552 tibi

940 1578 1054 1606 verbera
1072 1576 1218 1605 inferimus
1236 1579 1267 1603 ut
1296 1581 1387 1606 servo,
1403 1573 1451 1601 sed
1476 1577 1502 1600 te
1516 1571 1682 1606 castigamus
1699 1572 1730 1596 ut

940 1624 1057 1651 liberum
1072 1632 1079 1650 :
1102 1622 1151 1650 tibi
1173 1621 1245 1649 enim
1266 1628 1300 1648 ex
1316 1619 1384 1647 Sara
1400 1619 1488 1646 libera
1502 1624 1589 1653 genus
1604 1620 1657 1647 est.
1675 1622 1729 1642 non

940 1677 973 1697 ex
993 1668 1066 1704 Agar
1082 1674 1172 1696 serva.
1185 1666 1355 1694 Reveremur
1367 1668 1394 1692 te
1411 1668 1441 1691 ut
1459 1663 1550 1691 libera:
1562 1661 1659 1693 lilium,
1675 1668 1730 1688 non

940 1714 1140 1742 dedecoramus
1161 1718 1189 1740 ut
1208 1712 1314 1739 ancilla:
1334 1709 1512 1745 progeniem:
1535 1708 1571 1736 ob
1590 1707 1617 1735 id
1637 1707 1731 1734 liberis

942 1760 1177 1795 increpationibus
1196 1763 1222 1786 te
1237 1757 1365 1791 angimus
1380 1758 1550 1790 peccantem,
1566 1761 1620 1781 non
1631 1759 1733 1788 corpus

942 1810 1103 1843 pungentes,
1128 1805 1175 1832 sed
1193 1803 1315 1831 animum
1344 1802 1513 1829 cruciantes.
1541 1798 1620 1833 Quod
1639 1799 1663 1826 si
1698 1798 1732 1825 ab

942 1842 994 1877 hac
1008 1857 1038 1877 re
1053 1849 1252 1879 abstineamus.
1280 1854 1336 1882 quo
1356 1850 1383 1873 te
1408 1849 1488 1881 pacto
1510 1843 1708 1878 castigabimus
1721 1842 1734 1869 i‘

943 1894 1065 1922 Doeendi
1087 1893 1158 1921 ratio
1173 1897 1215 1921 est
1244 1896 1363 1920 tractatu
1389 1891 1518 1922 dillicilis,
1542 1889 1734 1924 inslilutioque

942 1940 1066 1971 virtutis,
1085 1946 1118 1966 ac
1130 1939 1233 1966 variam
1247 1938 1362 1973 requirit
1371 1935 1617 1964 administrationis
1626 1934 1735 1970 dispen-

944 1987 1088 2016 sationem.
1100 1992 1162 2020 qua:
1178 1991 1208 2011 se
1229 1983 1351 2011 morilms
1367 1986 1396 2009 ut
1414 1990 1476 2009 sese
1491 1981 1612 2011 otl‘erunt.
1620 1986 1733 2007 accom-

944 2032 1046 2060 modet.
1060 2030 1108 2058 Est
1122 2029 1259 2065 quispiam
1280 2028 1411 2056 obediens
1428 2031 1455 2055 et
1472 2026 1506 2054 ad
1531 2024 1733 2054 instituendum

945 2079 1037 2106 animo
1052 2076 1162 2104 facilis?
1176 2075 1245 2102 Huic
1257 2074 1327 2103 lenis
1338 2078 1366 2101 et
1387 2073 1462 2101 mitis
1481 2072 1608 2107 congruit
1631 2078 1734 2100 sermo.

946 2125 1021 2152 Alius
1040 2125 1126 2151 durus
1150 2126 1178 2151 et
1202 2120 1351 2150 indocilis?
1380 2118 1547 2147 Verberibus
1565 2121 1636 2153 eget.
1664 2116 1739 2151 Quid

947 2172 1032 2208 igitur
1055 2170 1198 2203 faciemus,
1226 2175 1288 2196 cum
1319 2167 1403 2202 virgte
1436 2174 1491 2193 non
1521 2164 1739 2192 conceduntur?

103 2209 328 2265 ταρρυθμίσομεν
346 2209 392 2256 ἐἰς
419 2222 483 2250 ἄλλο
509 2221 601 2256 σχῆμα
621 2217 796 2254 ’ὑποκειμένῃ
819 2216 886 2252 χρείι

952 2218 1055 2245 Eumne
1068 2216 1142 2244 nulla
1156 2223 1235 2248 cura,
1260 2213 1333 2242 trulla
1349 2212 1519 2249 providentia
1536 2210 1711 2246 dignabimur
1725 2209 1738 2238 1

104 2262 290 2307 κατάλληλον·
305 2270 351 2297 καὶ
363 2270 457 2304 ὥσπερ
470 2268 505 2294 τὰ
520 2267 574 2302 δψα
593 2266 626 2301 τῇ
649 2264 734 2300 μικρᾷ
752 2262 897 2299 προσθέσει

104 2319 160 2345 τῶν
176 2316 342 2353 ἀρτυμάτων
364 2314 433 2351 πρὸς
452 2313 502 2345 τὰς
525 2311 648 2342 ἐναντίοις
673 2309 818 2344 ποιότητας
840 2307 896 2333 δια-

108 2364 250 2401 μείϐεται,
263 2362 318 2390 ἀπὸ
336 2361 384 2389 τοῦ
407 2360 552 2395 στύφοντος
567 2359 606 2390 εἱς
623 2357 654 2383 τὸ
668 2355 765 2390 γλυκὺ,
782 2354 828 2381 καὶ
845 2353 899 2380 άπὸ

106 2399 154 2438 τοῦ
166 2408 282 2445 γλυκέος
294 2409 334 2439 είς
345 2407 376 2434 τὸ
388 2406 488 2441 στύφον
505 2402 739 2441 μεταὸαλλόμενα·
755 2400 841 2432 οὕτως
852 2399 898 2426 καὶ

107 2456 122 2482 ό
138 2455 274 2491 ἡμέτερος
289 2453 368 2487 λόγος
381 2453 414 2487 τῇ
432 2451 574 2487 προσθήκῃ
591 2449 645 2476 τῶν
667 2447 815 2484 σχημάτων
832 2446 899 2482 πρὸς

107 2501 254 2537 διαφόρους
266 2499 361 2536 χρείας
373 2495 585 2534 μετατυποῦται,
598 2495 631 2521 ἵν’
642 2493 771 2529 ἐπινοηθῇ
785 2493 900 2520 ἑκάστου

108 2548 139 2574 τὸ
149 2548 293 2583 τρόφιμον.

144 2637 191 2673 Μὴ
205 2634 254 2664 οὖν
264 2636 293 2662 ὲν
303 2636 362 2668 ταῖς
375 2634 489 2669 γωνίαις
504 2642 555 2669 μου
567 2632 724 2663 καταλάλει,
741 2640 829 2667 τραχυ
844 2631 902 2657 ὀνο-

113 2684 206 2720 μάζων
227 2683 258 2710 τὸ
277 2681 480 2713 διδασκαλικὸν,
506 2679 573 2716 μηδὲ
596 2679 659 2710 τοὺς
681 2677 826 2709 κοινωνοὺς
848 2676 903 2703 τῶν

112 2728 321 2764 ἁμαρτημάτων
338 2726 481 2757 κοινωνοὺς
501 2724 555 2751 τῶν
569 2724 629 2751 κατ’
653 2723 721 2759 ἐμοῦ
742 2721 903 2757 ποιούμενος

114 2773 263 2810 μέμψεωνξ,
280 2772 382 2808 καθέζῃ
402 2773 503 2808 κρίνων
525 2771 673 2797 ἐπίσκοπον
691 2768 824 2806 pta-throw?
842 2776 904 2795 συν-

150 2863 246 2892 ‘I‘sal.
265 2864 375 2891 nui).
417 2863 425 2879 ’
438 2862 509 2891 l‘sal.
524 2860 674 2890 cxvnt.7l.

946 2264 1005 2292 Non
1027 2263 1064 2291 ita
1080 2270 1156 2291 sane.
1171 2261 1225 2290 Sed
1240 2269 1302 2289 cum
1316 2259 1408 2288 verbis
1429 2258 1463 2286 ad
1483 2258 1565 2285 aliam
1581 2264 1740 2285 accomm0<

946 2311 1009 2338 dam
1025 2309 1062 2337 rei
1087 2308 1219 2343 subjectae
1230 2307 1346 2334 formam
1377 2304 1513 2332 concinne
1537 2298 1737 2334 traducamus:

946 2364 979 2383 ac
991 2353 1222 2391 quemadmodum
1235 2351 1350 2387 opsonia
1360 2349 1599 2378 condimentorum
1608 2369 1616 2382 ,
1635 2345 1740 2388 Win

947 2402 1133 2430 additamento
1148 2400 1182 2428 ad
1197 2397 1350 2427 contrarias
1364 2396 1511 2431 qualitates
1533 2396 1738 2430 permutantur.

951 2456 985 2477 ex
1000 2447 1057 2476 acri
1071 2447 1099 2475 in
1114 2445 1204 2477 dutce,
1218 2448 1246 2472 et
1260 2452 1293 2472 ex
1308 2442 1383 2471 dulci
1398 2442 1425 2469 in
1441 2448 1504 2468 acre
1522 2447 1656 2468 conversa
1672 2449 1678 2467 :
1702 2439 1740 2466 ita

953 2499 980 2522 et
1004 2497 1098 2521 noster
1125 2498 1218 2520 sermo
1245 2490 1395 2525 ﬁgurarum
1420 2486 1574 2522 adiectione
1594 2485 1627 2513 ad
1650 2485 1743 2512 varios

955 2548 1023 2569 usus
1036 2537 1262 2569 transformatur,
1288 2538 1319 2562 ut
1340 2532 1414 2569 quod
1431 2531 1567 2567 cujusque
1586 2529 1742 2558 educationi

954 2584 1082 2621 congruit
1099 2582 1278 2618 intelligatur.

990 2620 1030 2659 Ne
1047 2630 1130 2666 igitur
1144 2629 1172 2656 in
1188 2626 1296 2662 anguiis
1309 2625 1343 2653 de
1359 2631 1403 2651 me
1423 2620 1594 2657 obloquaris,
1615 2627 1743 2655 asperum

956 2676 1105 2705 nominans
1119 2673 1236 2703 docendi
1249 2679 1348 2708 genus,
1366 2675 1455 2704 neque
1471 2674 1532 2695 cum
1549 2670 1659 2693 tuorum
1682 2672 1744 2693 sce-

956 2724 1043 2751 lerum
1058 2719 1241 2757 participibus
1254 2721 1415 2745 communes
1433 2712 1486 2739 mei
1515 2710 1745 2747 reprehensiones

959 2756 1072 2801 faciens,
1087 2766 1209 2795 assidens
1224 2763 1384 2799 cpisc0pum
1394 2765 1456 2787 cum
1469 2756 1601 2785 vanitatis
1613 2762 1744 2785 consessu

733 2857 743 2874 '
755 2857 839 2886 Hebr.
860 2864 909 2886 xu.
929 2854 956 2884 6.
