1922 3078
184 116 238 147 315

804 120 834 147 S.
852 119 1017 149 GREGORH
1034 120 1182 150 NYSSENI

1769 122 1822 152 διδ

183 173 324 209 judicans.
344 173 485 210 Equidem.
507 182 562 203 non
582 183 653 212 ρει-ε
678 176 766 205 feram
790 179 869 214 quasi
887 180 980 208 animo

1033 181 1119 217 εδρίου
1135 182 1184 217 τῆς
1204 181 1394 217 ματαιότητος.
1419 181 1491 216 Ἐγὼ
1510 181 1539 208 δὲ
1560 181 1592 208 οὗ
1606 181 1822 217 παραθήσομαι

187 227 287 247 novum
303 220 368 255 quid
384 228 494 255 passus,
509 221 533 249 si
551 229 567 250 e
590 222 734 259 discipulis
755 224 822 253 meis
836 229 979 252 contuma-

185 267 279 294 ciores
295 265 486 302 indignentur.
502 266 551 295 Est
563 268 636 295 enim
649 275 681 296 ea
697 269 840 297 hominum
857 271 979 305 peculia-

188 314 228 342 ris
239 313 364 349 quadam
377 313 496 347 affectio,
512 323 574 350 quae
587 315 621 343 ab
636 316 714 344 initio
728 317 761 344 ad
788 317 867 346 finem
893 325 979 353 usque

189 360 273 387 vitam
285 360 453 392 comitatur;
471 367 504 388 ac
517 361 565 396 qui
581 361 643 389 aliis
667 361 796 398 imperat,
820 363 980 398 parentibus

190 405 218 432 iu
235 409 323 433 totum
335 405 360 434 is
371 405 505 434 molestus
517 411 545 434 et
557 407 650 442 gravis
663 413 716 440 est,
733 408 789 436 imo
809 409 894 436 etiam
920 417 980 438 sce-

190 451 284 479 leratis
293 455 321 479 et
335 451 438 488 iniquis
452 452 586 480 odiosus:
600 454 727 490 quisquis
741 455 816 482 enim
835 459 979 490 peccatum

190 496 327 531 prohibet,
341 497 530 532 aegritudinem
548 497 630 533 parit.
657 499 695 527 Ac
712 507 754 527 me
769 499 795 527 id
820 505 919 535 prater
933 507 981 528 cas

191 549 236 568 res
250 549 310 576 qua:
323 542 496 571 extrinsecus
522 547 686 576 occurrunt,
710 545 776 572 satis
806 545 920 573 historia
936 552 981 573 ec—

190 585 346 613 clesiastica
360 586 450 614 docet.
469 586 538 620 Quis
560 587 652 623 Moyse
667 593 760 624 pastor
776 591 952 625 prmstantior
965 591 978 618 ?

191 630 258 663 Quis
273 631 400 667 princeps
413 633 450 660 ita
466 632 625 662 moderatus
638 642 671 662 ac
685 635 775 663 lenis?
787 636 833 671 qui
845 636 938 663 omnia
953 636 980 663 in

192 677 284 711 populi
298 677 413 712 gratiam
429 678 530 713 factus,
552 681 681 713 nutritor,
703 681 863 715 imperator,
884 689 979 709 sacer-

191 723 254 754 dos,
268 731 349 751 verus
363 728 449 760 pater.
468 726 495 753 in
515 726 586 754 bello
601 735 714 755 servans
724 747 731 758 ,
747 727 773 754 in
787 727 896 755 deserto
914 736 981 755 nus-

191 776 272 802 quam
288 773 334 796 aut
350 773 420 801 sata,
441 776 488 798 aut
500 776 592 799 aratro
610 772 681 799 culta
698 772 770 799 bona
785 773 979 808 suppeditans,

188 814 235 848 jus
247 819 310 850 apte
326 815 433 848 dicens,
453 817 514 845 sine
529 825 624 845 errore
649 818 704 845 dux
725 819 795 852 vim;
821 823 849 846 et
870 819 980 847 tandem

1030 228 1078 263 τὴν
1096 227 1184 264 ψυχὴν
1200 229 1293 254 καινόν
1314 236 1341 254 τι
1356 228 1487 263 πάσχων,
1504 228 1528 254 εί
1548 226 1676 262 ἄχθονταί
1698 235 1750 262 μου
1767 227 1822 253 τῶν

1031 273 1159 308 μαθητῶν
1175 273 1199 300 οι
1217 273 1402 309 σκληρότεροι.
1425 272 1512 304 Πάθος
1531 272 1586 308 γάρ
1602 273 1662 298 ἐστι
1675 271 1756 299 τοῦτο
1773 272 1822 298 ἀνο

1031 318 1165 354 θρώπινον
1177 319 1206 352 ἐξ
1223 319 1310 355 ἀρχῆς
1328 319 1368 350 είς
1380 318 1455 350 τέλος
1470 318 1510 353 τῷ
1523 318 1572 352 βίῳ
1593 316 1799 353 παρακόλουθον
1814 325 1821 332 ·

1030 364 1077 390 καὶ
1093 363 1178 399 βαρὺς
1193 363 1244 399 μὲν
1260 363 1275 389 ό
1288 363 1379 398 ἄρχων
1392 362 1430 394 ὡς
1445 363 1491 389 ἐπὶ
1506 363 1561 389 πᾶν
1574 363 1630 394 τοῖς
1645 361 1827 396 ἀρχομένοις·-

1030 409 1086 439 τοῖς
1097 407 1126 434 δὲ
1140 409 1247 443 μιαροῖς
1260 408 1307 435 καὶ
1321 407 1490 444 παρανόμοις
1501 407 1549 434 καὶ
1561 406 1656 442 μίσους
1670 406 1755 439 άξιος.
1767 406 1824 432 Λυ-

1030 454 1077 479 πετ
1091 453 1144 489 γάρ
1165 453 1214 489 τὴν
1229 453 1365 489 ἁμαρτίαν
1385 452 1515 479 κωλύων·
1539 452 1585 479 καί
1605 460 1638 487 με
1656 451 1735 479 τοῦτο
1751 452 1824 487 μετά

1030 499 1085 526 τῶν
1098 499 1196 531 ἔξωθεν
1212 499 1382 534 πραγμάτων
1398 499 1497 530 ἱκανῶς
1510 499 1557 525 καὶ
1573 499 1590 533 ὴ
1605 498 1823 533 ὲκκλησιαστικὴ

1032 545 1138 580 ἱστορία
1149 545 1278 572 διδάσκει.
1294 545 1342 576 Τίς
1356 545 1487 580 κρείττων
1503 545 1605 580 ποιμὴν
1620 544 1758 576 Μωσέως;
1779 544 1823 576 τίς

1031 590 1060 617 δὲ
1074 590 1165 626 ἄρχων
1177 587 1298 626 ἐμμελὴς
1320 590 1392 617 οὓτω
1405 590 1453 617 καὶ
1469 591 1564 626 ἧπιος,
1578 591 1666 618 πάντα
1674 590 1820 625 γινόμενος

1031 636 1070 672 τῷ
1081 636 1148 672 λαῷ,
1161 637 1289 673 τροφεὺς,
1304 637 1469 672 στρατηγὸς,
1487 637 1593 672 ἱερεὺς,
1607 635 1778 671 αὑτοπατὴρ,
1793 636 1824 662 ἐν

1032 682 1161 718 πολέμοις
1183 682 1287 715 σώζων.
1311 683 1340 709 ὲν
1365 683 1460 718 ἐρήμῳ
1481 683 1608 717 ἄσπαρτα
1632 682 1680 709 καὶ
1701 682 1823 716 ἀνήροτα

1031 727 1156 763 χορηγῶν
1167 727 1268 762 ἀγαθὰ,
1282 727 1401 759 δικάζων
1415 728 1549 763 ἐμμελῶς.
1567 727 1694 759 ἀπλανῶς
1704 727 1822 762 όδηγῶν;

1031 773 1120 800 καίτοι
1131 773 1176 800 ἐπὶ
1190 773 1292 800 τούτων
1305 773 1524 809 κατεστασιάσθη
1535 773 1572 805 ὡς
1583 773 1691 804 ἀδικῶν,
1704 773 1823 808 ὑϐρίσθη

1030 818 1069 850 ὡς
1093 818 1236 853 βλάπτων,
1257 818 1463 854 κατεγογγὺσθη
1485 818 1522 850 ὡς
1544 819 1569 845 οἱ
1588 818 1751 850 κλέπτοντες
1775 817 1826 844 καὶ

190 864 280 888 tamen
299 861 481 890 seditionibus
499 868 528 890 ut
550 863 668 898 iujurius
688 863 807 898 agitatus
824 868 877 896 est,
904 872 976 892 con-

1033 863 1219 899 νοσφιζόμενοι
1230 883 1238 894 .
1256 863 1453 899 ὲδλασφημήθη
1471 863 1509 895 ὡς
1524 864 1718 898 ἀνεπιστήμων
1741 870 1827 898 ατρα-

190 906 270 932 viciis
288 911 318 933 ut
329 907 429 935 laedens
447 909 559 943 petitus,
576 913 606 935 ut
620 909 742 936 latrones
756 915 783 937 et
803 909 979 938 fraudatorcs

190 959 330 980 murmure
343 952 480 987 turbatus,
500 954 654 982 maledictis
674 958 705 982 ut
719 955 864 990 imperitus
891 956 978 990 impe-

191 1000 266 1024 rator
281 1004 312 1024 ac
333 998 421 1026 malus
450 998 596 1034 prII'ectus
620 999 781 1032 lacessitus,
807 1000 980 1036 periclitatus

189 1042 270 1068 etiam
286 1045 328 1070 est
346 1043 452 1077 neipso
471 1043 602 1079 fungendi
618 1045 765 1072 sacerdotii
780 1044 872 1073 officio
891 1046 980 1080 priva-

190 1091 275 1120 retur,
295 1088 407 1123 quando
421 1088 527 1116 Datban
541 1093 569 1117 et
585 1090 690 1118 Abirou
707 1090 810 1126 filiique
823 1091 894 1119 Core
907 1091 981 1120 sedi-

189 1133 289 1160 tiosam
306 1140 399 1161 secum
415 1133 523 1169 plebem
540 1142 595 1162 una
609 1139 690 1170 rupto
707 1135 811 1164 foedere
830 1143 862 1164 ex
878 1136 980 1172 populo

190 1178 370 1210 abducentes.
386 1179 496 1215 profani
514 1188 544 1207 se
566 1181 724 1209 sacerdotes
747 1186 904 1209 sanctorum
919 1190 980 1209 ma-

190 1231 244 1256 gno
253 1228 353 1252 conatu
367 1233 430 1253 esse
443 1226 655 1260 contenderunt,
671 1235 704 1255 ac
721 1227 840 1256 feminas
855 1228 903 1263 qui
921 1228 981 1257 suf-

191 1271 272 1299 firent
287 1270 439 1306 elegerunt,
460 1277 487 1300 et
501 1281 558 1301 non
584 1275 671 1302 multo
689 1279 752 1310 post
771 1279 867 1302 sancta
883 1276 981 1311 attigev

191 1320 265 1349 runt,
283 1316 427 1352 ignemque
442 1319 590 1353 mysticum
603 1320 799 1353 accenderunt,
827 1321 899 1356 quod
918 1326 981 1349 ante

191 1361 333 1389 incensum
356 1363 502 1392 sufﬂantes
524 1365 643 1394 exussit.
671 1364 765 1401 Usque
793 1366 860 1393 adeo
887 1367 980 1402 populi

191 1408 352 1442 pumfectnra
372 1408 546 1444 docendique
564 1418 666 1439 munus
688 1418 732 1438 res
746 1415 789 1438 est
807 1410 981 1438 offendiculis

189 1452 319 1484 obnoxia,
337 1457 365 1479 ut
388 1452 455 1480 Mosi
476 1461 510 1481 ne
535 1454 636 1482 fratres
657 1455 767 1490 quidem
786 1456 979 1490 pepercerim:

190 1498 255 1532 quin
269 1503 297 1526 et
307 1498 390 1526 Maria
411 1500 621 1536 obloquebatur.
646 1506 674 1529 et
698 1502 791 1530 Aaron
809 1503 982 1530 conviciaba-

1033 909 1115 946 τηγδς
1133 910 1180 936 καὶ
1195 909 1351 945 προστάτης
1372 909 1422 936 οὐκ
1446 909 1563 943 ἀγαθὸς,
1579 908 1751 936 ἐκινδύνευσε
1775 908 1824 934 καὶ

1033 955 1117 990 αὐτῆς
1136 954 1187 990 τῆς
1209 954 1357 990 ἱερωσύνης
1371 953 1558 989 ἀπελαθῆναι,
1576 954 1657 989 ἡνίκα
1673 953 1764 980 Δαθὰν
1777 952 1828 979 καὶ

1040 1000 1170 1037 Ἀὗειρὼν
1183 1001 1231 1027 καὶ
1244 1001 1297 1027 υἱοὶ
1310 1001 1382 1036 Κορὲ
1395 1001 1479 1035 δῆμον
1494 999 1630 1036 στασιώδη
1643 1000 1703 1036 μεθ’
1717 999 1826 1025 ἑαυτῶν

1034 1047 1080 1074 τοῦ
1102 1046 1167 1074 λαοῦ
1187 1046 1402 1083 ἀπορρήξαντες,
1425 1047 1533 1082 βέϐηλοι
1556 1046 1610 1073 τῶν
1634 1046 1722 1080 ἁγίων
1742 1046 1827 1081 ίερεῖς

1034 1092 1215 1127 ἐφιλονείκουν
1231 1090 1317 1125 εἶναι,
1339 1093 1386 1119 καὶ
1407 1092 1457 1124 τὰς
1474 1092 1653 1127 θυμιατρίδας
1671 1091 1826 1127 μετεχειρί-

1034 1138 1120 1171 ζοντο,
1141 1138 1188 1165 καὶ
1201 1138 1263 1169 ὅσον
1282 1138 1388 1165 οὐδέπω
1407 1138 1461 1164 τῶν
1476 1137 1562 1172 ἀγίων
1581 1138 1711 1172 ἥπτοντο,
1729 1136 1779 1163 καὶ
1796 1136 1828 1162 τὸ

1035 1183 1090 1218 πῦρ
1114 1184 1233 1219 ἀνῆπτον
1254 1183 1284 1210 τὸ
1304 1183 1450 1219 μυστικὸν,
1476 1183 1491 1209 ὃ
1513 1183 1566 1218 πρὸ
1587 1182 1634 1209 τοῦ
1653 1181 1830 1217 θυμιάματος

1034 1230 1097 1261 τοὺς
1117 1229 1270 1264 θυμιῶντας
1292 1228 1450 1264 κατέφλεξε.
1471 1229 1526 1255 Καὶ
1548 1228 1676 1255 τοσοῦτόν
1696 1228 1730 1262 γέ
1752 1228 1829 1255 ἐστιν

1034 1276 1271 1312 εὐπρόσκρουστον
1283 1276 1434 1312 προστασία
1447 1275 1513 1302 λαοῦ
1529 1276 1576 1302 καὶ
1592 1275 1622 1302 τὸ
1633 1275 1828 1302 διδασκαλικὸν

1034 1319 1222 1355 ἐπιτήδευμα,
1245 1319 1316 1346 ὥστε
1341 1320 1402 1346 οὐδὲ
1433 1320 1458 1346 ot
1487 1319 1596 1354 ἀδελφοὶ
1613 1320 1660 1346 τοῦ
1685 1320 1828 1352 Μωῦσέως

1034 1364 1192 1399 ἐφείσαντο·
1211 1365 1279 1392 ἀλλά
1299 1366 1346 1392 καὶ
1360 1366 1454 1401 Μαρία
1473 1359 1625 1398 κατελάλὲι,
1647 1365 1693 1392 καὶ
1719 1365 1830 1400 Ἀαρὼν

1034 1411 1161 1445 ἐλοιδόρει
1173 1430 1181 1443 ,
1198 1410 1245 1437 καὶ
1261 1410 1290 1452 τὸ
1306 1411 1432 1445 φορτικὸν
1447 1411 1496 1446 τῆς
1521 1411 1609 1446 ἀρχῆς
1635 1411 1685 1447 τὴν
1707 1411 1830 1445 φυσικὴν

1035 1457 1192 1492 παρώξυνεν
1207 1457 1311 1485 εὔνοιαν
1322 1477 1330 1489 ,
1348 1457 1395 1483 καὶ
1411 1457 1474 1488 τοὺς
1495 1456 1676 1488 οἰκειοτάτους
1691 1456 1731 1492 τῷ
1745 1457 1829 1482 πολυ-

1037 1503 1129 1539 μόχθῳ
1141 1501 1219 1540 ἀνδρὶ
1232 1503 1426 1538 ὲπανέστησεν.
1451 1503 1520 1529 Ἀλλ’
1535 1502 1611 1529 οὐδὲν
1631 1503 1695 1537 περὶ
1709 1502 1800 1529 τοῦτο·
1814 1504 1831 1529 ό

190 1548 237 1571 ιιιι·
250 1554 258 1572 ;
273 1552 306 1572 ac
322 1545 430 1582 imperii
446 1554 518 1576 onus
538 1547 727 1588 importunum
744 1549 898 1577 naturalem
915 1556 979 1576 con-

1035 1548 1084 1583 μὲν
1095 1548 1149 1583 γὰρ
1159 1546 1193 1583 ἦν
1205 1548 1336 1582 Μωῦσῆς,
1346 1548 1393 1574 καὶ
1402 1548 1477 1574 οὐδὲν
1489 1547 1586 1574 ἑαυτοῦ
1595 1547 1694 1583 χείρων
1706 1546 1828 1581 ἐγένετοδ

193 1592 292 1619 citavit
325 1592 564 1626 benevolentiam,
590 1598 618 1622 et
645 1594 830 1622 amicissimos
857 1602 983 1630 quosque

191 1637 250 1664 viro
267 1637 405 1666 laborioso
418 1643 448 1665 ut
462 1639 638 1675 insurgerent
654 1640 730 1668 fecit.
748 1639 847 1667 Verum
864 1640 932 1668 nihil
949 1640 981 1668 ad

191 1682 244 1710 hoc
260 1683 314 1716 ille,
332 1684 466 1719 siquidem
485 1690 546 1713 erat
567 1689 700 1721 perpetuo
721 1685 840 1722 Moyses,
863 1690 891 1714 et
913 1687 982 1714 nihil

192 1730 284 1764 seipso
297 1729 416 1757 deterior
428 1731 570 1758 evadebat.
585 1732 627 1759 Ab
641 1732 697 1760 illis
723 1740 791 1759 vero
806 1737 981 1767 peccatorum

192 1775 219 1802 in
234 1775 330 1802 ducem
347 1775 419 1804 Deus
436 1784 532 1811 pmnas
547 1777 649 1812 exegit,
672 1779 742 1811 quas
764 1778 885 1805 luerunt.
911 1778 982 1812 Quid

192 1822 238 1857 qui
252 1825 314 1857 post
325 1829 385 1849 eum
396 1822 582 1858 praefuerunt?
592 1823 690 1851 Nonne
703 1823 862 1859 religionem
878 1823 982 1851 docens

192 1867 278 1895 Isaias
291 1875 368 1905 serra
383 1867 520 1896 dissectus
532 1869 595 1896 est?
618 1868 716 1896 Nonne
736 1868 870 1897 Jerelnias
886 1873 982 1897 contra

191 1913 295 1940 cultqu
312 1913 446 1940 idolorum
468 1914 638 1941 conciouans
650 1914 771 1942 clamore
787 1914 917 1950 faligatus
929 1920 981 1949 est,

192 1963 220 1985 et
233 1958 308 1985 lacus
320 1966 383 1985 cum
407 1961 434 1986 et
456 1958 692 1986 catarrhactarum
718 1959 852 1994 supplicia
867 1967 982 1994 excepe-

192 2008 257 2030 runt
267 2003 279 2030 3
290 2003 358 2030 Nmn
378 2003 527 2032 Zacharias
545 2005 616 2032 inter
630 2004 761 2039 templum
776 2009 802 2032 et
816 2005 902 2032 altare
911 2005 982 2033 bello

192 2050 293 2083 petitus
307 2054 350 2077 est
363 2055 390 2077 et
405 2049 581 2077 trucidatus?
596 2050 728 2078 Dominus
751 2058 861 2086 quoque
888 2055 983 2078 noster

191 2095 251 2130 ipse
269 2102 358 2123 nonne
372 2103 422 2130 pro
446 2095 544 2123 ovibus
566 2100 660 2131 pastor
684 2097 794 2124 occisus
816 2097 983 2124 estYnonne

193 2149 242 2176 pro
254 2141 287 2168 iis
301 2149 371 2176 quos
389 2142 544 2174 erudiebat,
558 2143 622 2170 odio
641 2143 754 2170 habitus
771 2143 848 2170 cruci
864 2143 982 2170 sufﬁxus

192 2187 335 2220 est?Quid
349 2187 434 2215 Paulo
457 2192 540 2222 caput
562 2188 705 2216 abscidit?
727 2187 798 2222 Quid
820 2187 930 2215 Petrum
947 2188 980 2214 ad

1034 1595 1059 1621 οἱ
1085 1595 1113 1622 δὲ
1133 1595 1188 1621 τῶν
1208 1596 1248 1627 είς
1271 1594 1317 1621 τὸν
1338 1594 1459 1629 ἡγεμόνα
1483 1593 1728 1629 πλημμελημάτων
1753 1594 1830 1629 παρά

1033 1639 1101 1666 Θεοῦ
1115 1639 1164 1671 τὰς
1176 1639 1252 1672 δίκας
1266 1640 1313 1666 καὶ
1324 1640 1514 1675 ἀπῃτήθησαν,
1532 1640 1579 1666 καὶ
1594 1640 1739 1667 ἀπέτισαν.
1754 1640 1788 1666 Τί
1803 1641 1828 1666 ot

1035 1686 1104 1722 μετὰ
1121 1686 1233 1719 τοῦτον;
1252 1686 1308 1721 Οὐχ
1329 1685 1444 1718 Ἡσαΐας
1459 1685 1509 1721 τὴν
1533 1685 1673 1713 εὐσέϐειαν
1693 1686 1829 1714 διδάσκων

1033 1731 1165 1767 cupidon;
1183 1732 1240 1767 Οὐχ
1267 1732 1402 1767 Ἱερεμίας
1418 1731 1468 1766 τὴν
1484 1731 1708 1768 εἰδωλολατρείαν
1723 1732 1829 1766 ἀποκη-

1034 1778 1138 1815 ρύττων
1157 1777 1321 1812 κατεΰοήθη,
1345 1778 1392 1804 καὶ
1408 1777 1504 1804 λάκκοι
1525 1777 1606 1804 αὑτὸν
1630 1777 1678 1804 καὶ
1696 1778 1830 1813 τιμωρίαι

1033 1824 1233 1859 καταρῤακτῶν
1253 1823 1419 1856 διεδέξαντο;
1443 1823 1480 1850 Οὐ
1501 1823 1639 1859 Ζαχαρίας
1657 1823 1761 1859 μεταξὺ
1781 1823 1830 1850 τοῦ

1033 1868 1098 1896 ναοῦ
1115 1869 1161 1895 καὶ
1175 1868 1222 1895 τοῦ
1240 1868 1432 1904 θυσιαστηρίου
1446 1868 1603 1904 ἐπολεμήθη
1617 1868 1662 1895 καὶ
1673 1868 1806 1903 ὲφονεύθη
1819 1876 1827 1899 ;

1039 1915 1069 1943 '0
1084 1915 1185 1950 Κύριος
1200 1915 1278 1950 ἡμῶν
1292 1914 1326 1951 [ὁ]
1343 1915 1424 1946 αὐτὸς
1438 1915 1468 1941 οὺ
1485 1914 1550 1950 περὶ
1569 1913 1623 1941 τῶν
1643 1913 1798 1949 προϐάτων,
1816 1913 1830 1939 ὁ

1033 1961 1145 1996 ποιμὴν,
1169 1961 1291 1996 sepem;
1313 1961 1344 1987 οὺ
1369 1961 1433 1996 περὶ
1452 1961 1507 1987 τῶν
1522 1960 1722 1996 παιδευομένων
1745 1968 1829 1995 μιση-

1033 2006 1091 2038 θεὶς
1107 2001 1286 2041 ὲσταυρώθτικ
1308 2006 1340 2032 Τί
1361 2005 1467 2032 Παῦλον
1483 2006 1532 2041 τῆς
1552 2005 1674 2041 κεφαλῆς
1688 2005 1827 2040 ἀπέτεμες

1033 2050 1059 2076 τί
1090 2050 1191 2085 Πέτρον
1219 2050 1266 2076 ἐπὶ
1290 2049 1336 2076 τὸν
1362 2050 1478 2086 σταυρὸν
1503 2050 1609 2084 ﬁdem;
1636 2050 1662 2077 τί
1681 2051 1744 2082 τοὺς
1767 2050 1829 2078 καθ’

1032 2095 1147 2122 ἕκαστον
1159 2094 1211 2122 τῶν
1223 2095 1352 2131 μαθητῶν
1370 2097 1431 2128 ταῖς
1451 2096 1587 2128 ποικίλαις
1596 2096 1744 2132 τιμωρίαις
1758 2105 1830 2131 παρ-

1033 2141 1150 2174 έδωκεν;
1168 2142 1206 2168 Οὐ
1223 2141 1253 2168 τὸ
1266 2141 1382 2169 κωλύειν
1397 2141 1446 2177 τὴν
1467 2142 1613 2178 ἁμαρτίαν,
1630 2142 1678 2170 καὶ
1691 2142 1829 2169 παιδεύειν

1033 2186 1221 2222 δικαιοσύνην;
1258 2187 1314 2213 ’Δεὶ
1347 2187 1402 2223 γὰρ
1432 2187 1525 2224 ἐχθροὶ
1555 2188 1610 2215 τῶν
1641 2188 1829 2222 ἐλεγχομένων

193 2240 301 2260 crucetn
323 2233 460 2261 sustulit?
480 2221 551 2266 Quid
575 2234 701 2270 singulos
727 2234 877 2269 discipulos
898 2234 980 2262 variis

1037 2232 1165 2268 μαθητῶν
1183 2221 1207 2259 οἱ
1226 2232 1278 2268 τῆς
1298 2221 1428 2268 ἀληθείας
1446 2221 1525 2268 ipf-let
1545 2242 1574 2260 τε
1596 2233 1643 2260 καὶ
1662 2221 1827 2260 διδάσκαλοι.

193 2279 338 2307 tormentis
349 2279 486 2307 tradidit?
502 2279 599 2307 Nonne
617 2280 693 2315 quod
717 2279 897 2314 prohiberent
918 2287 982 2315 pec-

192 2331 294 2358 catum,
306 2329 334 2353 et
349 2325 478 2354 docerent
488 2325 623 2361 justitiam
636 2326 647 2353 ?
668 2325 783 2361 Semper
800 2325 874 2354 enim
894 2325 981 2353 d.sci-

1041 2278 1137 2313 Ἡμεῖς
1151 2277 1179 2304 δὲ
1193 2277 1301 2304 οὐδέπω
1317 2278 1387 2314 ὑπὲρ
1400 2278 1449 2313 τῆς
1464 2279 1592 2314 ἀληθείας
1609 2279 1827 2314 ὲῤῥαπίσθημεν,

1036 2323 1140 2350 οὐδέπω
1152 2324 1184 2358 τῇ
1196 2323 1278 2358 σαρκὶ
1289 2322 1335 2349 τὸν
1346 2323 1469 2351 κίνδυνον
1483 2323 1641 2359 ἐδεξάμεθα.
1655 2323 1709 2350 Καὶ
1719 2323 1747 2349 τί
1760 2323 1828 2358 μέγα

193 2370 266 2405 pulis
289 2377 359 2405 quos
391 2370 611 2406 reprehendunt,
639 2371 720 2398 invisi
756 2374 822 2398 sunt
852 2371 979 2398 veritatis

1036 2368 1070 2396 ἂν
1083 2368 1291 2403 γοηυσθῶμεν,
1307 2369 1332 2395 οἱ
1347 2369 1395 2396 τοῦ
1408 2369 1609 2405 σταυρωθέντος
1623 2369 1741 2395 διάκονοι
1753 2377 1761 2401 ;
1787 2369 1828 2399 Ὧς

193 2420 329 2444 amatores
342 2420 370 2444 et
387 2417 520 2452 magistri.
535 2416 590 2444 Nos
606 2422 696 2444 autem
709 2416 832 2444 nondum
853 2416 979 2444 veritatis

1033 2414 1124 2450 πατὴρ
1144 2414 1161 2449 ἦ
1183 2414 1275 2450 μήτηρ
1298 2413 1410 2450 δέχομαί
1430 2424 1476 2442 σου
1497 2415 1547 2447 τὰς
1576 2414 1764 2449 σκληρότητας
1784 2414 1828 2440 καὶ

194 2463 306 2491 nomine
328 2463 472 2498 colaphum
487 2463 573 2490 ullum
591 2463 664 2498 passi
680 2471 787 2495 sumus,
813 2469 904 2497 neque
928 2461 979 2488 ad-

1033 2460 1236 2496 παροξυσμοὺς.

195 2507 248 2535 huc
260 2510 386 2544 corporis
400 2509 552 2544 periculum
568 2508 712 2536 subiimus.
737 2507 778 2536 Ac
797 2508 862 2542 quid
882 2506 973 2542 magni
994 2514 1208 2538 murmuremus,
1225 2507 1272 2544 qui
1300 2507 1426 2536 crucifixi
1451 2507 1568 2536 ministri
1592 2506 1711 2535 sumus?
1740 2504 1828 2534 Veluti

195 2559 429 2592 paterautmater
451 2560 513 2583 tuas
536 2555 701 2583 insolentias
725 2554 1007 2590 exacerbationesque
1028 2553 1191 2589 amplector.
