1922 3078
77 127 125 156 517

746 132 791 160 DE
814 133 1046 164 VIRGINITATE.

1666 140 1718 169 5|8

83 209 1702 234 Ἥ

455 271 471 288 “
493 289 608 332 ΤΟΥ
653 290 727 332 ΕΝ
756 288 885 333 AI‘IO

926 292 938 334 ἰ
993 293 1304 339 ΓΡΗΓΟΡΙΟΥ

581 388 759 444 ΠΕΡΙ
789 389 1224 449 ΠΑΡΘΕΝΙΑΣ

426 493 614 521 ΕΠΙΣΤΟΛΗ
624 495 698 522 ΠΡΟ
703 495 885 523 ΤΡΕΠΤΙΚΗ
896 495 958 523 ΕΙΣ
975 498 1045 524 ΤΟΝ
1060 499 1135 524 KAT‘
1143 499 1209 527 APE
1215 500 1284 526 ΤΗΝ
1291 499 1379 527 ΒΙΟΝ.

628 667 676 711 8.
716 669 766 712 Ρ.
802 668 1176 714 N.GBEGOR[I

527 784 624 840 DE
680 784 1273 843 VIRGINITATE.

457 893 639 922 EPISTOLA
664 893 956 922 EXIIORTATORIA
979 894 1029 922 AD
1053 894 1168 922 FRUGI
1200 895 1327 924 VITAM.

687 974 777 1000 (Petro
795 973 922 1000 Galesinio
938 975 1083 1006 interprete.
1098 975 1108 1008 )

119 1156 149 1184 '0
164 1156 215 1192 μὲν
229 1157 334 1188 σκοπὸς
344 1156 390 1183 τοῦ
401 1155 480 1191 λόγου
494 1155 578 1188 ἐστὶν,
589 1156 737 1191 ἐπιθυμίαν
750 1156 801 1192 τῆς
811 1156 872 1183 κατ’

959 1156 1053 1185 Oratio
1079 1156 1137 1184 haec
1159 1156 1249 1184 omnis
1270 1164 1303 1184 co
1319 1161 1434 1192 spectat.
1451 1161 1491 1189 ut,
1511 1156 1559 1193 qui
1583 1157 1644 1193 ejus
1660 1157 1713 1185 \'im

81 1201 178 1237 ἀρετὴν
191 1201 270 1236 ζει-ἧς
286 1203 344 1233 τοῖς
366 1201 574 1236 ἐντυγχάνουσιν
592 1201 751 1237 ἐμποιῆσαι·
767 1201 872 1228 πολλῶν

82 1247 108 1274 δὲ
121 1247 159 1282 τῷ
171 1248 323 1283 κοινοτέρῳ
337 1247 396 1283 βίῳ,
416 1246 507 1278 καθὼς
518 1247 659 1282 ὠνόμασεν
675 1247 690 1273 ὁ
705 1247 775 1279 θεῖος
791 1247 873 1274 ’Λπό-

83 1292 180 1325 στολος,
192 1293 250 1319 τῶν
268 1291 471 1328 περισπασμῶν
485 1292 664 1327 ἐγκειμένων,
682 1292 839 1326 ἀναγκαίως
858 1292 873 1318 ὁ

83 1337 164 1371 λόγος,
180 1338 280 1374 ὥσπερ
293 1338 354 1364 τινὰ
369 1337 453 1373 θύραν
465 1338 512 1364 καὶ
526 1337 627 1364 είσοδον
641 1337 692 1372 τῆς
708 1337 873 1373 σεμνοτέρας

82 1382 232 1418 διαγωγῆς,
254 1383 304 1410 τὸν
326 1383 375 1419 τῆς
396 1383 543 1419 παρθενίας
565 1383 720 1410 ὑποτίθεται
745 1383 812 1418 βίον,
835 1383 874 1415 ὡς

83 1427 139 1453 οὔτε
153 1429 210 1459 τοῖς
220 1428 390 1463 ὲμπλακείσι
404 1430 436 1464 τῇ
450 1428 496 1455 τοῦ
511 1429 567 1464 βίου
579 1428 714 1464 κοινότητι
731 1429 822 1464 ῥᾴδιον
844 1428 874 1455 τὸ

83 1472 140 1498 καθ’
153 1473 274 1508 ἡσυχίαν
297 1474 522 1509 προσφιλοσοφεῖν
542 1475 574 1510 τῇ
599 1474 722 1510 θειοτέρα
734 1474 790 1510 ζωῇ
802 1495 809 1508 ,
827 1474 875 1501 καὶ

83 1521 134 1550 τοῖς
145 1519 368 1555 ἀποταξαμένοις
383 1520 470 1556 πάντη
483 1520 522 1556 τῷ
534 1520 684 1557 ταραχώδει
699 1520 760 1556 βίῳ,
774 1520 875 1556 πολλῆς

84 1564 204 1596 εὐκολίας
227 1564 318 1601 οὔσης
349 1567 410 1598 ταῖς
439 1565 619 1601 ὑψηλοτέραις
642 1566 780 1602 ἀσχολίαις
805 1575 876 1602 παρ-

85 1610 198 1645 εδρεύειν
209 1611 436 1647 ἀπερισπάστως.
450 1612 505 1638 Καὶ
521 1612 613 1647 ἐπειδὴ
630 1612 689 1639 καθ’
707 1612 805 1647 ἑαυτήν
817 1620 875 1644 πως

85 1657 218 1692 ἀργοτέρα
231 1657 307 1692 πρὸς
317 1657 349 1684 τὸ
363 1656 466 1683 πείθειν
483 1657 556 1685 ἐστὶν
569 1658 585 1693 ἡ
600 1657 748 1693 συμϐουλὴ,
765 1657 811 1684 καὶ
825 1657 886 1684 οὐκ

86 1704 115 1730 ἂν
129 1713 168 1735 τις
181 1703 288 1739 ῥαδίως
300 1703 469 1738 ὑπαγάγοιτο
480 1711 540 1729 τινα
551 1702 621 1738 ψιλῷ
633 1703 672 1738 τῷ
682 1702 753 1738 λόγῳ
767 1702 836 1738 πρός
849 1711 876 1729 τι

86 1748 135 1774 τῶν
148 1748 330 1783 ὠφελούντων
342 1748 561 1784 ἐγκελευόμενος,
575 1749 599 1775 εί
613 1747 649 1784 μὴ
664 1748 795 1784 πρότερον
810 1748 877 1775 ἀπο-

87 1792 238 1828 σεμνύνειεν
267 1793 372 1825 ἐκεῖνο,
390 1792 460 1827 πρὸς
477 1792 492 1818 ὃ
512 1792 558 1819 τὸν
580 1793 718 1827 ἀκροατὴν
735 1792 876 1829 παρορμᾷ·

87 1839 176 1865 τούτου
193 1838 280 1874 χάριν
297 1838 351 1864 ἀπὸ
363 1838 418 1864 τῶν
432 1837 578 1873 ἐγκωμίων
595 1837 646 1873 τῆς
662 1837 810 1874 παρθενίας
826 1838 877 1872 ἀρ-

90 1884 210 1919 ξάμενος,
231 1884 324 1915 οὕτως
339 1884 379 1915 είς
388 1883 437 1919 τὴν
453 1883 607 1919 ωμὸουλὴν
624 1883 782 1919 καταλήγει.
799 1883 877 1911 Μᾶλ-

89 1929 130 1956 λον
145 1929 173 1956 δέ
189 1939 249 1962 πως
264 1929 315 1956 τοῦ
329 1930 358 1957 ἐν
373 1929 480 1964 ἑκάστῳ
496 1928 589 1961 καλοῦ,
606 1929 652 1956 καὶ
664 1929 708 1965 διὰ
722 1929 771 1965 τῆς
786 1937 877 1965 παρα-

90 1975 184 2007 θέσεως
200 1975 256 2002 τῶν
269 1974 400 2001 ἐναντίων
417 1974 629 2010 φανερουμένου,
659 1974 814 2009 ἀναγκαίως
827 1974 877 2001 καὶ

89 2022 135 2057 τῆς
149 2022 312 2057 δυσχερείας
325 2021 372 2048 τοῦ
390 2021 542 2057 κοινοτέρου
557 2020 614 2056 βίου
631 2022 725 2057 μνήμη
738 2030 782 2053 τις
800 2022 878 2056 γέγο-

90 2076 140 2094 νεν.
159 2066 226 2095 Εἶτα
239 2067 396 2103 εὐμεθόδως
408 2067 553 2103 ὑπογραφή
575 2076 618 2099 τις
637 2067 809 2103 παρεισήχθη
828 2067 876 2094 τοῦ

90 2114 154 2141 κατά
168 2113 330 2148 φιλοσοφίαν
349 2113 423 2148 βίου,
445 2113 536 2140 καὶτὸ
570 2112 608 2148 μὴ
629 2112 758 2139 δύνασθαι
780 2112 876 2140 τούτου

90 2161 175 2194 τυχεῖν
190 2159 238 2186 τὸν
253 2159 286 2185 ὲν
303 2159 449 2194 κοσμικαῖς
463 2158 527 2185 ὄντα
544 2158 693 2194 φροντίσιν,
712 2158 877 2185 κατεσκευά-

92 2204 147 2239 σθη.
164 2204 218 2240 Τῆς
229 2204 259 2231 δὲ
276 2202 435 2239 σωματικῆς
454 2203 599 2238 ἐπιθυμίας
614 2202 752 2239 ἀργούσης
771 2204 799 2230 ὲν
820 2204 876 2235 τοῖς

91 2249 316 2285 ἀποταξαμένοις,
331 2249 484 2281 ἀκολούθως
502 2249 657 2285 ὲπεζητήθη
675 2249 701 2276 τί
720 2250 750 2276 τὸ
770 2248 876 2285 ἀληθῶς

91 2295 263 2330 ὲπιθυμητόν.
283 2291 321 2322 Οὖ
335 2294 413 2330 χάριν
428 2294 475 2322 καὶ
487 2294 536 2329 τὴν
549 2294 749 2330 ὲπιθυμητικὴν
763 2294 876 2329 δύναμιν

92 2340 163 2375 παρὰ
182 2341 228 2367 τοῦ
241 2339 415 2375 Δημιουργοῦ
435 2339 484 2374 τῆς
503 2339 609 2375 φύσεως
630 2339 708 2375 ὴμῶν
732 2339 874 2374 ἐλάϐομεν.

93 2385 187 2413 Τούτου
199 2386 228 2412 δὲ
239 2386 302 2413 καθ’
313 2386 375 2412 ὅσον
389 2382 444 2413 οἷόν
459 2394 489 2412 τε
502 2383 536 2421 ἦν
546 2385 772 2419 ὲκκαλυφθέντος,
788 2385 874 2420 ἐφάνη

93 2432 240 2465 ἀκολούθως
259 2432 308 2459 καί
323 2440 383 2459 τινα
401 2431 508 2468 μέθοδον
532 2431 600 2467 πρὸς
620 2431 651 2458 τὸ
671 2433 760 2467 τυχεῖν
780 2431 875 2458 τούτου

925 1206 1121 1237 assequuntur,
1136 1200 1170 1229 iis
1183 1200 1306 1236 profecto
1322 1202 1385 1228 vitae
1399 1201 1531 1233 honestae,
1549 1205 1577 1229 et
1589 1209 1650 1237 qua:
1658 1201 1714 1228 vir-

923 1247 974 1275 tuti
999 1247 1117 1275 maxime
1142 1247 1296 1280 conveniat,
1324 1247 1440 1275 allatura
1457 1247 1493 1275 sit
1515 1247 1714 1282 cupiditatem;

923 1292 1064 1329 permultae
1081 1292 1154 1320 enim
1170 1299 1231 1320 cum
1253 1293 1319 1326 sint,
1337 1297 1366 1320 ut
1386 1293 1471 1320 divini
1490 1292 1615 1328 Apostoli
1632 1292 1715 1320 verbo

926 1341 998 1370 utar,
1021 1338 1227 1370 distractiones,
1255 1345 1316 1373 qum
1333 1337 1472 1365 communi
1495 1337 1636 1366 hominum
1654 1338 1715 1365 vitae

924 1383 1102 1419 impendent;
1126 1383 1285 1411 necessario
1306 1383 1363 1410 haec
1379 1382 1490 1418 quidem
1512 1383 1610 1414 oratio,
1637 1382 1715 1417 quasi

925 1430 1059 1465 quosdam
1087 1429 1234 1457 sanctioris
1249 1429 1403 1464 disciplina;
1418 1428 1520 1460 aditus,
1543 1433 1624 1463 atque
1642 1427 1715 1455 fores

924 1475 1066 1510 virginalis
1080 1475 1142 1502 vitae
1158 1474 1278 1503 rationes
1294 1474 1456 1502 constituit:
1476 1478 1608 1509 tanquam
1628 1481 1715 1508 neque

925 1519 970 1552 iis,
981 1520 1026 1555 qui
1042 1521 1068 1547 in
1085 1520 1136 1547 hac
1145 1520 1209 1548 vita:
1219 1520 1343 1555 vulgaris
1357 1520 1488 1547 societate
1502 1518 1627 1554 occupati
1641 1523 1715 1550 sunt,

926 1565 1005 1593 facile
1021 1566 1057 1593 sit
1071 1565 1161 1594 otioso
1182 1565 1275 1593 animo
1292 1573 1322 1594 se
1336 1565 1479 1593 divinioris
1495 1564 1557 1592 vita:
1582 1564 1717 1592 institutis

926 1611 1043 1644 tradere,
1061 1615 1088 1639 et
1108 1611 1171 1643 illis,
1187 1611 1234 1647 qui
1249 1611 1283 1639 ab
1298 1612 1373 1638 omni
1388 1611 1552 1638 turbulenta:
1569 1610 1631 1638 vita:
1647 1618 1714 1637 con-

927 1658 1073 1686 suetudine
1091 1665 1121 1685 se
1146 1661 1332 1690 removerunt,
1350 1657 1428 1685 valde
1452 1661 1608 1692 promptum
1630 1657 1666 1684 sit
1685 1663 1718 1684 ac

927 1702 1016 1734 facile,
1035 1701 1062 1729 in
1078 1701 1250 1737 gravioribus
1268 1709 1359 1729 rerum
1373 1701 1528 1729 divinarum
1544 1700 1645 1729 studiis
1658 1700 1717 1728 siue

928 1750 982 1777 ulla
1006 1748 1226 1784 interpellatione
1241 1755 1273 1776 ac
1293 1748 1378 1776 libere
1398 1747 1514 1775 versari.
1530 1748 1563 1774 Et
1587 1747 1716 1783 quoniam

929 1796 1021 1830 aliquo
1035 1795 1118 1822 modo
1132 1794 1280 1822 consilium
1303 1801 1353 1829 per
1366 1801 1396 1821 se
1412 1800 1466 1821 non
1482 1793 1595 1820 multam
1609 1793 1642 1820 ad
1657 1800 1718 1828 per-

929 1841 1099 1870 suadendum
1125 1841 1180 1868 vim
1198 1840 1292 1872 habet,
1314 1846 1402 1874 neque
1427 1838 1475 1873 qui
1496 1838 1530 1866 ad
1545 1846 1590 1866 res
1612 1839 1718 1874 aliquas

929 1888 1011 1915 utiles
1039 1890 1066 1915 et
1089 1886 1224 1914 salutares
1250 1885 1424 1917 adhortatur,
1453 1883 1534 1912 facile
1561 1885 1717 1920 quempiam

928 1932 1046 1967 simplici
1066 1932 1213 1959 verborum
1232 1930 1339 1958 ratione
1356 1929 1451 1962 ﬂectit,
1469 1929 1522 1957 nisi
1542 1929 1609 1957 illud
1632 1937 1717 1956 unum

928 1981 992 2004 ante
1012 1977 1140 2011 graviter,
1156 1979 1184 2003 et
1198 1975 1288 2010 ample
1304 1974 1489 2008 exornaverit,
1504 1974 1537 2001 ad
1551 1975 1624 2010 quod
1638 1974 1716 2001 audi-

927 2026 1012 2049 torem
1033 2021 1123 2056 ipsum
1151 2020 1292 2055 impellere
1317 2020 1429 2047 studet:
1456 2023 1600 2054 propterea
1629 2019 1717 2046 oratio

926 2067 996 2100 haec,
1010 2074 1072 2102 qua:
1086 2066 1203 2094 consilio
1216 2065 1391 2094 concluditur
1404 2069 1432 2093 et
1446 2065 1618 2097 terminatur,
1634 2072 1649 2091 a
1663 2064 1719 2092 vir-

926 2113 1050 2149 ginitatis
1067 2112 1194 2139 laudibus
1205 2119 1303 2139 exorsa
1315 2115 1368 2140 est.
1382 2110 1448 2144 Qum
1461 2114 1552 2138 autem
1566 2110 1666 2146 cuique
1678 2110 1717 2138 rei

927 2159 988 2186 laus
998 2157 1167 2191 attribuitur,
1182 2164 1214 2185 ea
1228 2157 1292 2192 quia
1303 2164 1394 2184 rerum
1409 2156 1480 2184 inter
1492 2164 1523 2184 se
1537 2156 1716 2192 pugnantium

928 2204 1111 2240 appositione,
1135 2204 1216 2239 quasi
1237 2202 1412 2231 contentione
1428 2203 1557 2238 quadam,
1583 2203 1719 2231 illustrior

927 2250 966 2283 lit,
983 2258 1037 2278 non
1054 2250 1114 2278 sine
1127 2257 1212 2278 causa
1227 2256 1242 2276 a
1252 2248 1333 2277 nobis
1348 2249 1546 2281 molestiarum,
1559 2256 1592 2276 ac
1605 2249 1718 2277 diﬂicul-

927 2300 1024 2328 latum,
1046 2296 1146 2331 quibus
1163 2295 1283 2323 humana
1300 2295 1354 2322 vita
1369 2294 1494 2327 adicitur,
1526 2294 1629 2322 mentio
1646 2294 1717 2322 facta

925 2347 976 2370 est.
992 2341 1095 2369 Deinde
1108 2341 1255 2376 explicatio
1273 2339 1411 2375 quaedam,
1426 2344 1454 2368 et
1468 2340 1513 2367 ilia
1529 2340 1639 2375 quidem
1653 2339 1716 2368 bre-

926 2389 968 2416 vis
984 2393 1027 2416 est
1044 2386 1200 2414 introducta
1212 2387 1275 2414 vitae
1289 2387 1373 2419 illius,
1389 2393 1450 2422 qua:
1468 2386 1646 2422 philosophia:
1655 2394 1718 2414 con-

927 2438 1057 2463 sentauea
1087 2436 1140 2465 est,
1165 2432 1289 2467 illudque
1311 2439 1378 2459 sane
1397 2432 1559 2460 conclusum
1583 2437 1637 2466 est,
1662 2439 1717 2460 non

95 2475 229 2511 ὲπινοῆσαι
245 2476 294 2503 τοῦ
307 2476 420 2511 ἀγαθοῦ.
434 2476 539 2511 Εὑρέθη
551 2475 639 2503 τοίνυν
657 2476 759 2511 ἀληθὴς
773 2475 875 2511 παρθε-

927 2486 1008 2514 posse
1022 2485 1082 2506 eam
1103 2478 1166 2504 vita).
1183 2477 1319 2504 rationem
1336 2484 1500 2511 quemquam
1524 2477 1645 2512 assequi,
1670 2477 1716 2510 qui

95 2521 149 2554 νία,
165 2523 181 2557 ἡ
195 2522 297 2554 παντὸς
311 2522 358 2549 τοῦ
373 2521 403 2555 ἐξ
423 2521 566 2557 ἁμαρτιῶν
586 2521 725 2556 μολυσμοῦ
741 2519 875 2556 καθαρεύ-

95 2575 165 2599 ουσα,
178 2568 245 2603 πρὸς
258 2567 307 2603 τὴν
317 2567 444 2603 τοιαύτην
457 2567 577 2594 ἐπίνοιαν
591 2567 750 2602 ἐπιτηδείως
766 2566 873 2602 ἔχουσα·

96 2613 159 2640 ὥστε
182 2614 272 2641 πάντα
287 2614 333 2640 τὸν
349 2613 393 2640 διὰ
415 2613 497 2648 μέσου
515 2612 609 2647 λόγον,
627 2612 679 2639 κᾶν
703 2612 771 2647 πρὸς
793 2611 875 2645 ἕτερά

95 2667 151 2686 τινα
164 2659 273 2695 βλέπειν
287 2660 363 2695 δοκῇ,
376 2659 444 2695 πρὸς
455 2659 486 2685 τὸ
504 2659 554 2694 τῆς
567 2657 715 2694 παρθενίας
729 2657 875 2685 συντείνειν

96 2705 235 2741 ἐγκώμιον,
251 2705 306 2738 Τὰς
329 2706 358 2732 δὲ
381 2705 496 2741 μερικὰς
518 2705 659 2740 ὑποθήκας
683 2703 731 2731 τοῦ
753 2705 875 2731 τοιούτου

98 2749 161 2784 βίου,
175 2751 234 2777 ὅσαι
246 2752 300 2782 τοῖς
313 2751 434 2786 ἀκριϐῶς
449 2750 570 2785 μετιοῦσι
585 2750 634 2786 τὴν
648 2750 798 2785 σεμνότητα
812 2749 876 2776 ταύ-

97 2804 141 2830 την
159 2796 384 2831 ἑπετηδεύθησαν,
408 2795 517 2830 φεύγων
538 2796 587 2831 τὴν
608 2795 741 2831 ἀμετρίαν
760 2796 774 2822 ὁ
796 2795 874 2829 λόγος

98 2842 257 2878 παρέδραμε,
274 2842 423 2874 καθολικιῂ
442 2850 471 2868 τε
486 2841 529 2868 διὰ
539 2841 592 2868 τῶν
609 2841 795 2877 γενικωτέρων
811 2849 880 2876 παρ-

928 2526 956 2552 in
982 2524 1112 2552 humanis
1139 2523 1257 2559 negotiis
1282 2522 1395 2550 omnino
1419 2528 1555 2551 versatur.
1582 2522 1635 2549 Sed
1654 2530 1716 2549 cum

927 2578 1034 2601 eorum,
1049 2570 1094 2605 qui
1111 2577 1203 2597 rerum
1228 2568 1410 2596 humanarum
1430 2576 1524 2596 curam
1547 2568 1715 2603 abiecerunt,

927 2616 1052 2650 corporis
1063 2615 1200 2649 cupiditas
1214 2613 1355 2642 debilitata
1366 2613 1414 2647 sit,
1427 2617 1454 2641 et
1466 2613 1544 2648 quasi
1556 2613 1716 2647 languescat

929 2661 1070 2697 appetitio,
1098 2660 1164 2687 illud
1186 2660 1250 2687 item
1267 2659 1363 2687 ordine
1384 2659 1528 2694 quaesitum
1550 2661 1604 2689 est,
1623 2665 1684 2691 qua:
1701 2665 1717 2684 τι

928 2707 1008 2734 nobis
1028 2714 1073 2733 res
1093 2705 1129 2733 sit
1150 2712 1215 2733 vere
1234 2704 1395 2739 appetenda.
1418 2704 1503 2738 Cujus
1520 2703 1558 2730 rei
1578 2702 1665 2737 gratia
1682 2702 1717 2729 ab

928 2759 961 2779 eo
974 2751 1021 2787 qui
1035 2755 1140 2778 natura:
1153 2754 1255 2777 nostra:
1268 2748 1380 2776 effector
1393 2752 1446 2779 est,
1463 2748 1549 2782 ipsam
1572 2746 1716 2781 appetilio-

929 2799 972 2826 uis
988 2798 1042 2824 vim
1066 2800 1247 2830 naturamque
1269 2803 1320 2822 nos
1342 2794 1506 2829 accepimus.
1527 2793 1585 2826 Qua
1602 2791 1714 2827 quidem

928 2849 967 2876 re,
981 2841 1068 2878 quoad
1080 2841 1137 2869 ﬁeri
1153 2841 1249 2877 potuit,
1265 2840 1343 2875 plane
1356 2839 1504 2874 explicata,
1525 2846 1612 2874 neque
1628 2836 1712 2864 etiam
