1922 3078
190 111 244 140 519

810 113 839 141 S.
859 112 1024 142 GREGORII
1043 112 1189 142 NYSSENI

1770 111 1823 140 590

191 173 357 205 praepostere
378 169 467 197 visum
488 172 541 204 est,
557 169 692 197 rationem
715 170 873 205 quamdam,
900 175 982 207 atque

1042 172 1213 208 ιγγελμάτων
1242 170 1424 206 προσαγαγὼν
1455 170 1506 206 τὴν
1533 170 1704 206 παραίνεσιν,
1738 171 1828 206 tym-

193 215 264 241 viam
277 215 416 251 indagare,
433 223 487 251 qua
502 216 555 243 hoc
567 223 633 244 sane
644 216 746 244 bonum
761 225 981 252 assequeremur.

196 259 263 288 Vera
279 261 373 296 igitur,
386 265 412 290 et
425 261 513 290 solida
525 261 669 297 virginitas
684 270 746 290 cum
764 263 846 291 nullis
860 267 984 299 peccato-

194 314 256 333 rum
271 307 401 334 sordibus
417 307 583 340 obsolescat,
601 314 634 335 ea
651 308 685 336 ad
704 308 775 336 hanc
792 308 877 344 ipsam
906 309 983 336 inda-

196 352 334 387 gationem
359 352 469 379 inventa
490 356 532 380 est
549 352 628 380 valde
651 353 866 381 accommodata.
881 354 984 388 Quam-

196 397 289 425 obrem
303 405 474 433 quaecunque
484 398 536 426 hac
552 399 677 426 oratione
688 400 812 435 exposita
828 404 903 433 sunt,
932 401 985 429 etsi

198 442 252 470 alio
265 448 389 478 spectare
404 443 541 477 videntur,
556 445 648 472 omnia
662 449 752 472 tamen
768 446 801 473 ad
816 446 887 474 hanc
902 446 984 482 virgi-

198 485 287 512 nalem
300 486 406 514 laudem
422 487 502 521 plane
514 486 681 517 referuntur.
695 487 808 525 Singula
819 490 892 517 enim
904 489 985 524 hujus

198 531 261 559 vita:
277 537 411 568 praecepta
432 536 514 568 atque
527 534 665 566 instituta.
681 542 742 570 quae
761 534 906 571 diligenter
922 540 986 563 sunt

198 580 227 604 et
241 583 368 605 accurate
392 579 500 606 exculta
521 580 556 607 ab
577 580 620 613 iis,
641 580 688 616 qui
706 586 807 608 sancta:
823 582 885 608 vita:
904 581 986 616 hujus

200 623 347 658 participes
356 628 431 656 sunt,
447 624 559 652 nimiam
572 625 716 653 verborum
728 626 834 661 copiam
842 625 985 662 ellugiens,

200 668 259 696 haec
281 670 418 703 percurrit
443 671 548 698 oratio:
567 677 600 698 ac
618 671 769 707 generatim
792 679 841 706 per
863 679 986 699 commu-

201 712 247 740 nia
268 719 401 750 prwcepta
418 715 612 744 adhortatione
628 716 773 752 producta,
800 725 845 746 res
863 718 986 751 singulas

200 759 238 785 ita
251 760 368 794 quodam
387 761 468 788 modo
484 762 701 798 comprehendit,
715 767 745 789 ut
759 769 847 797 neque
863 770 907 790 res
917 763 986 791 ullas

201 806 372 834 necessarias
395 811 549 842 praetereat,
568 815 656 844 neque
673 812 750 836 extra
771 809 880 836 modum
904 817 986 845 vage-

200 855 256 878 tur.
276 851 344 878 Cum
360 857 449 880 autem
467 853 493 880 in
516 861 592 881 more
613 859 694 890 atque
714 854 853 882 hominum
868 862 986 884 consuc-
1002 846 1023 874 Β

201 895 295 924 tudine
315 897 381 924 illud
402 899 520 933 positum
537 899 584 932 sit,
601 904 630 927 ut
653 907 748 928 omnes
765 900 799 928 iis
814 901 987 936 potissimum

201 949 262 970 sese
279 943 378 970 studiis
392 944 468 978 dent,
483 952 600 980 quorum
617 945 698 973 laude
714 947 789 974 viros
803 947 925 975 illustres
941 956 990 976 ex-

200 987 290 1015 titisse
318 988 447 1022 viderint,
476 991 634 1018 necessario
660 991 707 1026 qui
732 992 878 1020 cmlibatus
903 993 990 1028 gloria

200 1033 361 1067 ﬂoruerunt,
382 1043 430 1063 eos
447 1036 489 1070 pic
504 1037 792 1065 commemoravimus.
814 1037 848 1064 Et
859 1037 989 1072 quoniam

200 1087 290 1114 neque
309 1082 390 1108 rebus
420 1082 565 1109 narrandis
592 1083 716 1118 exempla
744 1083 777 1110 ad
798 1084 907 1112 virtutis
927 1091 989 1119 per-

202 1125 347 1154 fectionem
372 1131 476 1155 tantum
492 1128 601 1163 quidem
625 1129 754 1156 momenti
773 1129 885 1164 habent,
902 1138 990 1166 quan-

1035 218 1157 255 ριείληφε
1169 217 1268 254 τρόπον
1278 218 1339 245 τινὰ
1348 218 1381 245 τὰ
1392 217 1568 244 καθέκαττον·
1576 217 1614 248 ὡς
1628 217 1695 252 μήτε
1709 225 1736 242 τι
1753 225 1826 251 παρ-

1036 265 1100 292 ιδεῖν
1122 264 1180 291 τῶν
1203 263 1380 299 ἀναγκαίων,
1406 263 1454 290 καὶ
1478 263 1528 298 τὴν
1550 262 1683 297 ἀμετρίαν
1704 261 1793 300 φυλέῖξ
1802 270 1827 287 ι-

1036 311 1108 339 σθαι.
1121 311 1219 342 Ἔθους
1233 311 1262 337 δὲ
1279 311 1361 338 πᾶσιν
1376 310 1462 343 ὄντος,
1476 309 1678 346 προθυμότερον
1690 309 1828 344 ἀντιλαμ-

1035 356 1164 384 ϐάνεσθαι
1179 355 1280 387 παντὸς
1299 355 1526 391 ἐπιτηδεύματος,
1542 356 1568 382 εί
1588 363 1664 386 τινας
1682 355 1711 382 ἐν
1729 355 1829 390 ἐκείνῳ

1036 401 1320 437 προενδοκιμὴσαντας
1337 402 1385 428 ῐδοι
1394 421 1401 433 ,
1417 401 1575 435 ἀναγκαίως
1588 401 1635 428 καὶ
1648 400 1703 427 τῶν
1718 401 1747 427 ἐν
1760 401 1829 434 ἀγα-

1037 447 1088 483 μίᾳ.
1097 447 1305 483 διαλαμψάντων
1322 447 1407 482 άγίων
1422 447 1534 483 μνήμην
1548 446 1749 481 ἐποιησάμεθα.
1771 446 1829 473 Καὶ

1036 493 1130 529 ἐπειδὴ
1153 494 1190 529 μὴ
1212 492 1338 520 τοσοῦτον
1353 493 1386 520 τὰ
1411 494 1440 520 ἐν
1453 494 1510 524 τοῖς
1528 493 1694 528 διηγήμασιν
1717 491 1829 518 ὑποδείο

1036 548 1130 574 γματα
1155 539 1281 567 δύνανται
1297 539 1366 575 πρὸς
1391 539 1560 575 κατόρθωσιν
1584 538 1704 574 ἀρετῆς,
1731 537 1794 564 ὅσον
1810 538 1828 572 ή

1038 584 1113 616 ζῶσα
1129 584 1223 621 φωνὴ,
1240 585 1286 612 καὶ
1301 585 1334 612 τὰ
1355 583 1538 620 ἐνεργούμενα
1553 583 1608 610 τῶν
1627 582 1737 617 ἀγαθῶν
1756 582 1827 608 ὑπο-

1037 629 1190 666 δείγματα’
1223 630 1380 664 ἀναγκαίως
1398 629 1466 665 πρὸς
1490 628 1529 664 τῷ
1553 629 1625 656 τέλει
1653 627 1701 654 τοῦ
1725 627 1807 661 λόγου
1821 647 1830 658 ,

1036 675 1085 702 τοῦ
1112 675 1320 704 θεοσεῦεστάτου
1352 675 1502 702 ἐπισκόπου
1531 675 1579 702 καὶ
1608 673 1715 709 Πατρός
1747 672 1830 708 ἡμῶν

1038 721 1268 757 ἐπεμνήσθημεν,
1297 722 1335 753 ὡς
1351 722 1431 757 μόνου
1452 721 1573 752 δυνατῶς
1593 720 1699 756 ἔχοντος
1716 719 1752 746 τὰ
1771 727 1830 745 τοι·

1038 767 1108 794 αὕτα
1131 767 1280 795 παιδεύειν.
1317 768 1351 794 Ἦ
1378 767 1406 794 δὲ
1434 768 1528 804 μνήμη
1550 767 1600 794 οὐκ
1627 766 1670 794 ἐπ’
1696 765 1832 799 ὀνόματος

1039 815 1160 849 γέγονεν,
1183 813 1251 841 ἀλλὰ
1273 813 1318 840 διά
1339 822 1420 840 τινων
1441 814 1639 849 γνωρισμάτων
1669 812 1700 839 τὸ
1725 813 1832 838 ἐκεῖνον

1037 857 1106 887 εἶναι
1127 859 1172 887 τὸν
1188 859 1352 895 δηλούμενον
1372 860 1386 886 ό
1405 858 1483 893 λόγος
1498 859 1621 894 ᾐνίξατο·
1649 857 1691 884 ἵνα
1716 857 1756 892 μὴ
1773 857 1832 887 τοῖς

1037 906 1106 941 μετὰ
1131 904 1217 932 ταῦτα
1237 904 1414 940 καθομιλοῦσι
1435 904 1474 939 τῷ
1495 904 1565 940 λόγῳ
1584 903 1742 939 ἀνόνητοςή
1761 910 1832 936 συμ-

1036 950 1118 987 ϐουλὴ
1138 948 1208 978 εἶναι
1222 950 1285 987 δόξῃ
1295 971 1302 983 ,
1318 950 1356 986 τῷ
1373 950 1535 986 παρελθόντι
1558 949 1604 976 τὸν
1624 949 1681 984 βίον
1695 956 1832 984 προσψοι-

1036 997 1085 1031 τᾷν
1102 997 1165 1028 τοὺς
1181 996 1256 1028 νέους
1272 995 1453 1030 ἐγκελεύουτα
1466 1003 1472 1010 ·
1488 995 1556 1022 ἀλλὰ
1579 995 1647 1030 πρὸς
1667 993 1748 1021 τοῦτο
1769 992 1833 1028 βλέ-

1038 1049 1133 1073 ποντες
1147 1041 1235 1077 μόνον,
1251 1038 1307 1068 οἷον
1329 1039 1399 1068 εἶναι
1419 1041 1552 1077 προσήκει
1567 1040 1612 1067 τὸν
1626 1039 1748 1066 τοιούτου
1766 1038 1827 1073 βίου

1041 1086 1211 1122 καθηγητὴν,
1226 1086 1389 1121 ἐκλέγωνται
1404 1086 1509 1117 ἑαυτοῖς
1523 1086 1563 1117 είς
1576 1084 1686 1121 ὁδηγίαν
1701 1084 1767 1115 τοὺς
1782 1082 1829 1110 ἀεὶ

1041 1131 1117 1166 παρὰ
1131 1131 1182 1165 τῆς
1195 1131 1243 1157 τοῦ
1261 1130 1327 1157 Θεοῦ
1344 1130 1455 1166 χάριτος
1469 1131 1509 1162 είς
1525 1128 1693 1165 προστασίαν
1703 1128 1754 1163 τῆς
1773 1127 1835 1153 κατ’

201 1175 260 1199 tum
266 1176 340 1200 certe
353 1172 434 1201 habet
445 1178 501 1200 tum
513 1181 564 1201 vox
575 1174 645 1205 viva.
658 1179 714 1202 tum
727 1175 844 1203 maxime
853 1177 989 1211 exempla,

1042 1177 1143 1213 ἀρετὴν
1157 1177 1295 1209 πολιτείας
1311 1176 1557 1212 ἀναδεικνυμένοις·
1574 1176 1592 1210 ἢ
1613 1174 1669 1211 γὰρ
1683 1174 1836 1210 εὑρήσουσι

202 1223 263 1250 qua:
277 1223 321 1244 res
338 1217 473 1245 salutares
491 1218 606 1253 gignunt
619 1229 626 1247 :
647 1219 751 1247 idcirco
763 1219 827 1254 jure
841 1224 868 1248 et
883 1222 990 1254 merito,

1043 1222 1088 1249 τὸν
1099 1221 1276 1258 ζητούμενον,
1291 1223 1308 1258 ἦ
1320 1219 1376 1250 οἷον
1395 1222 1449 1258 χρὴ
1461 1221 1530 1249 εἶναι
1543 1222 1594 1249 οὐκ
1606 1222 1799 1257 ἁγνοήσουσιν.

202 1260 254 1288 hac
265 1269 349 1297 pr0pe
361 1268 483 1291 extrema
495 1265 631 1297 oratione,
645 1265 843 1301 religiosissimi
854 1266 991 1303 episcopi,
1028 1272 1057 1296 et
1086 1268 1180 1296 Patris
1199 1268 1287 1297 nostri
1310 1269 1496 1301 meminimus,
1515 1267 1594 1302 quasi
1615 1274 1687 1294 unus
1710 1264 1836 1294 omnium

202 1307 321 1336 maxime
361 1309 449 1344 possit
489 1309 546 1338 haec
570 1310 628 1345 ipsa
652 1319 713 1346 quae
738 1312 886 1347 quarrimus
912 1313 1021 1342 docere.
1042 1313 1144 1343 Mentio
1169 1318 1260 1343 autem
1275 1314 1336 1350 ejus
1361 1322 1417 1342 non
1433 1314 1594 1342 nominatim
1615 1313 1686 1341 faeta
1707 1316 1762 1344 est,
1787 1312 1836 1340 sed

202 1363 236 1383 ex
247 1355 410 1391 quibusdam
427 1355 514 1392 signis
528 1358 618 1385 oratio
633 1357 692 1393 ipsa
711 1358 831 1386 ostendit
844 1366 906 1386 eum
919 1366 991 1392 esse,
1011 1368 1091 1395 quem
1117 1368 1169 1389 nos
1193 1361 1380 1397 signiﬁcamus
1397 1370 1403 1388 :
1422 1364 1451 1388 ut
1472 1368 1506 1389 ne
1523 1360 1569 1395 qui
1594 1363 1687 1395 postea
1721 1358 1750 1386 in
1783 1356 1836 1384 hoc

202 1409 329 1430 sermone
348 1407 502 1435 versantur.
530 1403 556 1430 id
574 1404 719 1432 consilium
744 1405 778 1432 iis
799 1404 924 1433 videatur
963 1406 1070 1439 inutile.
1103 1406 1138 1440 si,
1161 1406 1208 1442 qui
1229 1407 1256 1434 in
1285 1407 1355 1435 hanc
1378 1407 1486 1434 vivendi
1523 1407 1593 1433 viam
1617 1404 1824 1440 ingrediuntur.

202 1454 233 1475 se
243 1448 276 1474 ad
289 1447 404 1482 juvenes
417 1448 543 1476 conferre
556 1449 730 1483 juberentur.
754 1451 789 1478 At
803 1458 867 1478 vero
881 1451 934 1478 hoc
949 1452 1038 1480 solum
1061 1451 1089 1479 hi
1104 1452 1246 1486 intuendo,
1261 1460 1358 1488 nempe
1392 1452 1502 1487 qualem
1535 1459 1596 1479 esse
1617 1451 1713 1478 deccat
1752 1447 1836 1482 hujus

201 1493 266 1521 vitae
290 1494 500 1526 moderatorem.
521 1494 641 1530 deligant
665 1503 714 1524 eos
737 1496 790 1524 sibi
817 1496 915 1531 duces,
941 1497 989 1532 qui
1009 1505 1122 1526 munere
1135 1498 1344 1535 acbenignitate
1357 1497 1404 1526 Del
1417 1498 1536 1526 instituti
1548 1501 1623 1530 sunt,
1652 1501 1683 1524 ut
1712 1496 1836 1523 honesta:

202 1541 266 1569 vita:
280 1541 361 1578 hujus
378 1542 532 1571 rationibus
547 1543 678 1578 praesint:
705 1544 743 1572 ita
755 1544 828 1572 enim
844 1549 892 1572 aut
907 1545 1046 1574 invenient
1062 1545 1089 1574 id
1099 1545 1172 1582 quod
1182 1550 1331 1582 quaerunt;
1349 1552 1408 1579 aut,
1437 1546 1519 1582 quale
1551 1545 1605 1572 hoc
1634 1552 1696 1572 esse
1725 1543 1830 1572 debeat

202 1594 259 1617 non
278 1587 452 1623 ignorabunt.

550 1633 626 1662 CAP.
640 1635 662 1662 1.

347 1679 425 1706 Omni
437 1679 515 1706 laude
524 1680 692 1713 prmtuntior
702 1680 849 1715 virginitas.

239 1725 362 1759 Augusta
387 1725 431 1752 illa
454 1725 618 1760 virginitatis
641 1725 765 1760 quaedam
791 1725 871 1761 quasi
897 1725 990 1759 facies,

204 1779 266 1806 quae
288 1778 350 1798 eum
373 1770 400 1797 in
425 1770 512 1805 pretio
535 1774 574 1797 est
595 1770 668 1805 apud
687 1778 783 1798 omnes
802 1771 849 1806 qui
867 1770 901 1799 de
920 1771 992 1799 bono

205 1817 313 1846 sincere
326 1816 462 1851 judicent,
477 1820 533 1843 tum
549 1816 583 1844 iis
597 1816 665 1844 solis
678 1816 822 1852 contingit,
843 1817 944 1852 quibus
958 1817 992 1845 ad

205 1863 367 1899 praclarum
383 1861 435 1889 hoc
453 1861 573 1890 studium
594 1861 640 1889 Dei
657 1862 743 1897 gratia
761 1863 877 1898 benigne
901 1863 993 1898 opitu-

206 1909 288 1941 letur,
310 1907 354 1936 vel
374 1915 408 1935 ex
432 1907 544 1936 nomine
566 1915 621 1943 quo
642 1908 832 1943 compellatur,
858 1909 993 1945 insignem

206 1953 314 1983 laudem
329 1952 429 1980 habet:
448 1959 512 1979 nam
527 1951 727 1986 incorruptum,
744 1959 805 1987 quae
819 1960 872 1980 vox
894 1953 923 1981 in
938 1954 995 1981 vir-

199 1999 321 2037 ,ginitate
343 1998 378 2026 de
403 1997 552 2026 multorum
579 1998 780 2025 consuetudine
804 1998 914 2031 dicitur,
933 1998 994 2033 ejus

206 2045 390 2081 integritatem
409 2043 556 2079 signiﬁcat.
572 2043 665 2079 Itaque
681 2051 715 2071 ex
729 2051 763 2072 eo
790 2045 902 2072 nomine
921 2045 994 2080 quod

206 2091 376 2120 tantumdem
397 2090 497 2122 valeat,
518 2089 672 2125 intelligere
685 2093 728 2118 est
741 2090 822 2125 hujus
836 2089 900 2118 doni
926 2098 994 2126 pra:-

206 2137 336 2166 stantiam
350 2145 357 2164 :
374 2136 521 2171 siquidem,
538 2143 601 2163 cum
615 2135 699 2163 multa
715 2136 772 2163 sint
787 2143 849 2171 quae
863 2143 925 2164 cum
940 2137 995 2164 vir-

206 2187 266 2211 tute
292 2186 433 2217 gerantur,
455 2181 544 2209 solum
567 2181 620 2208 hoc
640 2181 791 2216 incorrupti
815 2182 996 2216 appellatione

206 2234 333 2256 ornatum
346 2231 398 2256 est.
415 2227 463 2256 Sin
478 2231 570 2259 autem
587 2226 751 2254 beneﬁcium
768 2227 820 2254 hoc
836 2226 884 2254 Dei
894 2227 995 2263 Optimi

205 2274 316 2304 Maximi
340 2274 423 2301 etiam
450 2272 655 2308 praedicandum
675 2275 729 2304 est.
753 2272 868 2300 sulliciet
882 2273 915 2300 ad
936 2273 996 2308 ejus

204 2319 471 2350 commendationem
498 2318 610 2346 divinus
638 2318 801 2353 Apostolus,
829 2319 875 2354 qui
901 2320 994 2354 paucis

205 2365 298 2394 verbis
322 2371 432 2392 onmem
455 2363 568 2397 laudum
593 2362 835 2398 ampliﬁcationem
854 2363 993 2395 obscuret,

205 2415 330 2440 sanctam
345 2414 428 2444 atque
445 2409 613 2444 inculpatam
629 2416 688 2436 eam
702 2409 853 2444 appellans,
872 2417 932 2445 quae
944 2409 996 2437 hoc

205 2464 323 2485 munere
348 2461 444 2484 ornata
472 2455 517 2483 sit.
538 2454 617 2488 Quod
639 2455 663 2483 si
682 2455 755 2482 enim
767 2460 890 2490 augustas
914 2455 996 2490 hujus

205 2503 374 2539 virginitatis
389 2510 421 2529 ea
434 2505 478 2529 est
490 2500 658 2536 perfunctio.
673 2504 703 2528 ut
717 2501 873 2536 inculpatus
885 2508 918 2528 ac
933 2508 997 2528 san-

205 2553 268 2577 ctus
286 2548 424 2577 elliciare:
441 2556 480 2575 ea:
504 2551 596 2575 autem
614 2555 696 2575 voces
719 2548 829 2583 proprie
851 2554 884 2574 ac
907 2546 997 2582 primo

205 2593 240 2621 ad
256 2593 408 2628 incorrupti
430 2592 478 2620 Dei
497 2591 613 2628 gloriam
629 2596 814 2627 usurpantur:
838 2597 995 2626 ecquaenam

206 2639 296 2674 major
313 2646 375 2667 esse
395 2642 485 2674 potest
506 2638 568 2666 laus
586 2638 760 2674 virginitatis,
783 2644 866 2673 quam
888 2636 996 2664 ostendi

205 2691 267 2711 eam
287 2684 321 2712 iis
332 2685 416 2712 rebus
436 2689 575 2712 castorum
595 2691 709 2712 suorum
727 2689 892 2711 arcanorum
909 2681 995 2717 parti-

206 2729 282 2764 cipes
295 2730 375 2765 quasi
392 2729 460 2758 deos
474 2729 595 2763 efﬁcere,
609 2734 640 2757 ut
653 2729 720 2758 socii
735 2728 848 2764 quidam
862 2728 918 2757 sint
934 2728 994 2764 glo-

207 2775 256 2802 riae
272 2776 358 2804 solius
371 2784 434 2804 vere
445 2775 534 2804 sancti
547 2779 632 2811 atque
648 2774 778 2809 inculpati
797 2773 856 2806 Dei,
874 2775 996 2802 necessi-

207 2821 304 2850 tudine
327 2829 390 2850 cum
409 2829 442 2850 eo
469 2822 588 2857 puritate
606 2825 689 2858 atque
705 2821 861 2857 intcgrilate
886 2825 994 2848 contra-

1346 1634 1472 1662 ΚΕΦΔΔ.
1491 1635 1531 1663 Δ¹.

1145 1681 1207 1709 ὀτι
1220 1680 1360 1715 κρείττων
1375 1680 1528 1715 ἐγκωμίων
1539 1681 1558 1715 ἠ
1575 1680 1731 1714 παρθενία.

1077 1728 1114 1755 Τὸ
1127 1727 1225 1763 σεμνὸν
1237 1728 1287 1763 τῆς
1300 1725 1448 1762 παρθενίας
1467 1724 1546 1758 εἶδος,
1568 1726 1583 1752 ὃ
1595 1725 1663 1752 πᾶσι
1678 1725 1728 1761 μὲν
1744 1725 1836 1761 τίμιόν

1041 1775 1100 1801 ἐστι
1112 1774 1167 1806 τοῖς
1180 1773 1212 1800 τὸ
1223 1772 1306 1800 καλὸν
1323 1773 1353 1799 ἐν
1370 1771 1536 1807 καθαρότητι
1551 1771 1673 1806 κρίνουσι
1685 1778 1691 1785 ’
1713 1771 1836 1807 παραγί-

1042 1827 1116 1846 νεται
1124 1818 1153 1845 δὲ
1165 1818 1256 1854 μόνοις
1267 1815 1310 1849 οἷς
1320 1817 1354 1845 ἂν
1368 1817 1441 1853 ἢτοῦ
1453 1817 1520 1844 Θεοῦ
1535 1817 1616 1853 χάρις
1631 1817 1756 1852 εὐμενῶς
1769 1817 1836 1853 πρὸς

1041 1863 1092 1898 τὴν
1106 1863 1212 1898 ἀγαθὴν
1221 1863 1323 1899 ταύτην
1335 1862 1483 1898 ἐπιθυμίαν
1500 1863 1730 1898 συναγωνίσηται·
1743 1864 1836 1890 αὐτόθι

1045 1909 1094 1945 μιν
1107 1909 1163 1945 ἔχει
1174 1908 1220 1936 τὸν
1225 1909 1370 1951 πρέποντα
1384 1908 1505 1940 ἔπαινον,
1516 1908 1571 1935 ἀπὸ
1584 1909 1634 1943 τῆς
1645 1909 1835 1945 προσηγορίας

1042 1956 1093 1990 τῆς
1116 1954 1369 1991 συνονομαζομένης
1391 1955 1471 1990 αὐτῇ.
1494 1955 1531 1981 Τὸ
1556 1954 1611 1991 γὰρ
1632 1955 1749 1991 ᾶφθορρν
1765 1955 1836 1982 κατὰ

1043 2001 1092 2037 τὴν
1108 2001 1251 2036 συνήθειαν
1271 2000 1326 2027 τῶν
1340 2000 1445 2027 πολλῶν
1461 2000 1507 2026 ἐπὶ
1521 2001 1571 2036 τῆς
1591 2000 1740 2036 παρθενίας
1755 2001 1835 2035 λεγό-

1046 2054 1136 2080 μενον,
1159 2045 1325 2081 σημαντικόν
1342 2046 1400 2072 ἐστι
1421 2046 1471 2080 τῆς
1489 2046 1519 2072 ἐν
1544 2045 1612 2081 αὐτῇ
1637 2045 1833 2081 καθαρότητος.

1045 2093 1127 2119 Ὥστε
1139 2091 1182 2119 διὰ
1191 2091 1238 2118 τοῦ
1253 2090 1474 2126 ίσοδυναμοῦντος
1489 2091 1620 2126 ὀνόματος
1631 2091 1704 2118 ἐστιν
1716 2092 1834 2126 ἐπιγνῶ-

1045 2147 1090 2166 ναι
1112 2137 1162 2174 τὴν
1180 2137 1332 2174 ὑπερϐολὴν
1354 2135 1402 2163 τοῦ
1419 2136 1541 2163 τοιούτου
1559 2136 1738 2172 χαρίσματος,
1757 2138 1835 2172 εἴπερ

1046 2182 1150 2210 πολλῶν
1161 2182 1246 2210 ὄντων
1254 2182 1308 2209 τῶν
1325 2182 1386 2209 κατ’
1397 2181 1497 2217 ἀρετὴν
1512 2181 1739 2216 ἐπιτελουμένων,
1755 2182 1834 2217 μόνον

1045 2228 1124 2256 τοῦτο
1136 2229 1170 2264 τῇ
1191 2228 1334 2263 ἐπωνυμία
1352 2226 1399 2254 τοῦ
1415 2227 1554 2263 ἀφθάρτου
1576 2227 1731 2262 τετίμηται.
1753 2227 1786 2254 Et
1806 2227 1834 2253 δὲ

1046 2274 1100 2311 χρὴ
1114 2274 1161 2301 καὶ
1177 2274 1212 2301 δι’
1228 2273 1372 2308 ἐγκωμίων
1384 2272 1486 2307 ταύτην
1500 2272 1546 2299 τοῦ
1562 2272 1687 2306 Μεγάλου
1700 2271 1769 2299 Θεοῦ
1783 2272 1835 2299 δω-

1046 2320 1111 2356 ρεὰν
1132 2319 1338 2355 ἀποσεμνύνειν,
1361 2319 1441 2354 ἀρκεῖ
1462 2318 1530 2354 πρὸς
1550 2318 1689 2354 εὐφημίαν
1710 2318 1797 2354 αὐτῆς
1821 2319 1834 2345 ὸ

1043 2366 1114 2398 θεῖος
1135 2364 1296 2397 ’Δπόστολος
1306 2384 1314 2397 ,
1332 2364 1367 2392 δι’
1381 2364 1478 2398 ὀλίγων
1492 2364 1622 2400 ῥημάτων
1637 2365 1728 2391 πᾶσαν
1749 2365 1835 2398 ἐγκω-

1045 2411 1114 2447 μίων
1133 2409 1287 2446 ὑπερϐολὴν
1302 2409 1482 2445 ἀποκρύψας,
1497 2408 1526 2440 ὃς
1543 2409 1625 2443 ἁγίαν
1649 2409 1697 2436 καὶ
1719 2409 1835 2444 ἄμωμον

1043 2457 1092 2492 τὴν
1105 2455 1314 2491 κεκοσμημένην
1327 2455 1372 2482 διὰ
1381 2455 1430 2490 τῆς
1440 2455 1551 2491 χάριτος
1567 2454 1670 2490 ταύτης
1685 2454 1834 2489 ὠνόμασεν.

1045 2502 1075 2528 Et
1090 2501 1144 2536 γὰρ
1158 2501 1188 2527 τὺ
1201 2500 1367 2536 κατόρθωμα
1382 2500 1432 2535 τῆς
1445 2499 1547 2535 σεμνῆς
1564 2499 1665 2534 ταύτης
1689 2499 1835 2533 παρθενίας

1049 2547 1118 2580 ἐστὶ,
1138 2547 1168 2573 τὸ
1189 2546 1303 2582 ᾶμωμόν
1318 2554 1380 2572 τινα
1395 2545 1524 2579 γενέσθαι
1542 2545 1589 2571 καὶ
1605 2545 1698 2579 ἆγιον·
1711 2544 1798 2572 ταῦτα
1808 2544 1835 2571 δὲ

1048 2594 1083 2621 τα
1101 2593 1220 2628 ὀνόματα
1235 2591 1337 2628 κυρίως
1359 2591 1406 2618 καὶ
1417 2591 1533 2627 πρώτως
1546 2591 1586 2622 είς
1599 2591 1677 2623 δόξαν
1692 2591 1835 2626 παραλαμ-

1049 2640 1159 2667 6άνεται
1174 2638 1219 2666 τοῦ
1234 2638 1373 2673 ἀφθάρτου
1386 2636 1465 2664 Θεοῦ·
1477 2636 1519 2669 τίς
1533 2636 1634 2672 μείζων
1646 2637 1755 2668 ἔπαινος
1767 2645 1835 2672 παρ-

1049 2685 1156 2717 θενίας,
1172 2684 1189 2719 ἢ
1205 2684 1235 2710 τδ
1257 2683 1449 2719 ἀποδειχθῆναι
1471 2682 1515 2710 διὰ
1539 2682 1641 2709 τούτων
1662 2681 1835 2709 θεοποιοῦσαν

1048 2731 1146 2766 τρόπον
1167 2728 1228 2755 τινὰ
1253 2729 1316 2760 τοὺς
1338 2729 1391 2755 τῶν
1419 2727 1548 2764 καθαρῶν
1572 2728 1656 2763 αὐτῆς
1680 2727 1835 2763 μυστηρίων

1049 2774 1260 2812 μετεσχηκότας,
1273 2774 1313 2805 εἰς
1331 2773 1362 2800 τὸ
1375 2773 1503 2808 γενέσθαι
1519 2773 1618 2804 αὐτοὺς
1631 2774 1777 2805 κοινωνοὺς
1787 2772 1836 2807 τῆς

1047 2821 1125 2857 δόξης
1139 2819 1184 2847 τοῦ
1197 2819 1279 2855 μόνου
1291 2819 1329 2852 ὡς
1342 2819 1450 2855 άληθῶς
1466 2819 1544 2855 ἁγίου
1564 2821 1610 2847 καὶ
1623 2818 1739 2855 ἀμώμου
1750 2819 1816 2846 Θεοῦ
1825 2838 1833 2851 ,
