1922 3078
88 113 143 141 52!

780 111 825 140 DE
845 111 1080 140 VIRGINITATE.

87 171 135 199 διὰ
149 170 341 206 καθαρότητος
357 169 434 206 αὐτῷ
452 169 499 197 καὶ
511 168 665 204 ἀφθαρσίας
678 168 891 205 οἰκειουμένους.

945 169 1045 196 henda.
1063 168 1226 204 Quicunque
1249 177 1315 197 vero
1333 169 1441 206 longius
1467 170 1601 198 orationis
1626 170 1733 207 dign-tr

88 217 174 244 Ὅσοι
194 216 223 243 δέ
241 216 367 252 μακροὺς
387 215 515 247 ἐπαίνους
536 216 565 242 ἐν
583 214 740 247 διεξοδικοῖς
762 214 889 242 κατατείς

87 271 170 289 νουσι
183 262 284 297 λόγοις,
296 262 334 294 ὼς
345 261 389 289 διά
402 261 504 288 τούτων
517 260 717 297 προσθήσοντές
730 269 756 288 τι
771 260 810 296 τῷ
825 260 890 287 θαύ-

91 317 162 344 ματι
176 307 226 343 τὴς
236 307 401 343 παρθενίας,
416 306 561 342 λελήθασιν
575 307 698 338 ἑαυτοὺς,
716 306 788 334 κατά
798 315 831 341 γε
841 306 891 342 τὴν

90 353 167 388 ἐμὴν
186 352 289 388 κρίσιν,
310 351 511 387 ἐναντιούμενοι
532 351 571 387 τῷ
594 351 652 386 ιδίῳ
675 351 779 386 σκοπιῖν
800 351 835 378 δι’
854 347 892 378 ὧν

87 399 252 434 ἐξαίρουσιν
269 399 309 429 εις
333 396 461 433 μέγεθος,
477 396 598 423 ὕποπτον
621 395 760 427 ποιοῦντες
779 395 824 422 διὰ
838 394 892 422 τῶν

88 444 245 480 ἐγκωμίων
262 443 308 470 τὸν
320 443 442 470 ἔπαινον.
454 442 526 469 Ὅσα
539 441 594 478 γὰρ
611 443 640 468 ἐν
651 443 684 477 τῇ
703 441 783 476 φύσει
796 441 826 468 τὸ
841 450 891 477 με·

88 490 206 524 γαλεῖον
222 489 280 524 ἐχει
292 509 300 523 ,
321 488 426 516 οἴκοθεν
436 488 466 515 τὸ
481 489 573 524 θαῦμα
592 488 737 522 ἐπάγεται,
752 488 829 515 οὐδὲν
842 488 892 524 τῆς

89 535 126 562 ἐκ.
147 534 204 561 τῶν
218 534 307 568 λόγων
325 534 489 569 συνηγορίας
503 533 626 569 δεόμενα·
639 533 766 569 καθάπερ
782 534 796 560 ὁ
814 535 894 570 οὐρα-

89 580 151 612 νδς,
166 580 184 616 ἢ
198 581 213 607 ό
229 580 316 615 ἥλιος,
329 580 346 615 ἢ
367 580 431 607 ἄλλο
443 588 469 606 τι
486 579 540 606 τῶν
554 579 601 606 τοῦ
618 580 721 616 κόσμου
733 579 891 616 θαυμάτων*

90 630 152 660 τοῖς
167 628 197 655 δὲ
213 628 416 662 ταπεινοτέροις
437 626 492 654 τῶν
506 627 731 663 ἐπιτηδευμάτων
747 627 807 654 ἀντὶ
828 628 893 655 ὑπο-

91 674 204 710 ϐάθρας
221 675 236 701 6
252 674 329 708 λόγος
349 673 499 709 γινόμενος,
521 673 654 708 μεγέθους
671 673 731 701 τινὰ
743 674 892 708 φαντασίαν

92 719 141 746 διὰ
159 719 213 754 τῆς
231 718 286 745 τῶν
300 717 419 745 ἐπαίνων
437 718 576 752 περινοίας
595 718 783 754 προστίθησιν.
808 718 892 746 Ὅθεν

92 764 232 796 πολλάκις
254 763 285 790 τὸ
308 764 341 790 ἐκ
364 763 417 790 τῶν
440 764 586 798 ἐγκωμίων
619 763 892 799 κατασκευαζόμενον

93 810 212 845 θαῦμα,
229 809 268 841 ὼς
287 808 481 844 σεσοφισμένον
505 807 741 836 καθυποπτεύεται
765 808 818 836 ὑπὸ
835 809 891 836 τῶν

94 843 264 892 ἀνθρώπων.
281 843 410 886 Ἐπαινος
424 854 452 881 δὲ
473 854 551 890 μόνος
569 854 660 886 ἱκανὸς
674 855 725 890 τῆς
741 854 889 891 παρθενίας
906 843 928 873 Β

94 902 157 929 ἐστὶ
169 922 176 934 ,
195 903 228 928 τὺ
247 901 388 937 κρείττονα
416 900 470 927 τῶν
491 900 608 928 ἐπαίνων
626 898 695 928 εἶναι
720 900 769 936 τὴν
790 900 891 936 ἀρετὴν

94 946 313 982 ἀποφήνασθαι,
334 946 380 973 καὶ
399 945 439 981 τῷ
460 945 509 981 βίῳ
531 945 670 981 θαυμάσαι
696 946 795 980 μᾶλλον
810 946 827 981 ἢ
851 945 891 981 τῷ

93 992 169 1028 λόγῳ
182 993 233 1028 τὴν
252 991 436 1027 καθαρότητα’
453 992 468 1018 ὸ
480 991 508 1018 δέ
524 991 652 1018 ὑπόθεσιν
667 991 812 1026 ἐγκωμίων
824 991 891 1018 ταύ-

94 1047 147 1074 την
161 1038 216 1065 ὑπὸ
237 1037 391 1074 φιλοτιμίας
413 1035 590 1071 ποιούμενος,
610 1036 681 1064 ἔοικε
702 1037 752 1071 τὴν
775 1037 891 1071 σταγόνα

95 1085 153 1111 τῶν
167 1083 278 1112 οἰκείων
292 1080 411 1120 ἱδρώτων
426 1084 564 1118 ἀξιόλογον
585 1084 623 1115 είς
639 1083 798 1119 προσθήκην
816 1082 891 1118 νομί-

97 1129 158 1161 ζειν
171 1130 212 1165 τῷ
223 1130 328 1166 ἀπείρῳ
341 1129 453 1163 πελάγει
468 1128 642 1164 γενήσεσθαι,
655 1128 712 1163 εῐγε
729 1127 892 1164 ἀνθρωπίνῳ

97 1176 174 1212 λόγῳ
185 1176 298 1203 δυνατὸν
311 1174 380 1202 εἶναι
395 1177 443 1212 τὴν
458 1175 593 1210 τοσαύτην
609 1175 690 1210 χάριν
705 1173 891 1209 ἀποσεμνύναι

100 1222 297 1249 πεπίστευκεν.
315 1221 351 1248 Ἣ
370 1221 424 1256 γὰρ
439 1221 487 1258 τὴν
507 1221 604 1249 ἐαυτοῦ
619 1220 732 1256 δύναμιν
755 1220 856 1255 ἀγνοεῖ,
872 1219 890 1256 ἢ

97 1269 113 1296 ὃ
127 1269 236 1295 ἐπαινεῖ
247 1268 297 1294 οὐκ
307 1268 460 1295 ἐπίσταται.

943 215 1068 242 sionibus
1085 214 1168 249 hujus
1183 215 1222 242 rei
1235 215 1317 243 latius
1334 216 1471 251 explicant
1482 217 1587 249 laudes,
1601 217 1682 252 quasi
1698 226 1732 244 ex

942 261 995 288 hoc
1015 261 1118 296 aliquid
1145 261 1300 289 admirabili
1325 262 1389 289 huic
1404 262 1531 297 virginali
1557 264 1649 291 studio
1676 265 1732 291 sint

942 307 1073 339 addituri,
1088 307 1115 335 hi
1135 307 1258 342 profecto
1275 308 1341 334 mihi
1361 308 1468 343 seipsos
1491 309 1618 345 ignorare
1634 309 1731 338 viden-

942 357 999 385 tur,
1011 361 1073 380 cum
1088 361 1145 381 sua:
1156 353 1297 380 sententiae
1314 360 1479 388 magnopere
1496 354 1547 389 ipsi
1561 360 1729 390 repugnent:

942 398 1043 434 quibus
1057 399 1130 425 enim
1144 399 1278 426 encomiis
1296 406 1326 426 se
1343 399 1382 426 rei
1398 400 1612 435 magnitudinem
1634 402 1732 436 ampli-

944 444 1025 471 [lcare
1033 444 1214 476 arbitrantur,
1224 444 1321 472 iisdem
1333 449 1488 480 suspectam
1500 444 1601 473 faciunt
1609 446 1728 474 laudem.

943 489 1010 517 Nam
1031 497 1092 525 quae
1115 494 1212 517 natura
1235 491 1384 522 excellunt,
1406 490 1614 519 admirationem
1637 499 1730 520 secum

943 535 1071 569 aﬂ'erunt,
1103 543 1193 570 neque
1221 535 1376 562 orationum
1407 536 1559 570 patrocinio
1589 537 1729 572 indigent:

943 582 1033 617 qualia
1051 586 1116 609 sunt
1127 582 1238 612 calum.
1256 583 1308 614 sol.
1325 587 1479 619 caeteraque
1492 583 1519 610 id
1536 584 1654 618 generis,
1670 591 1732 619 qua!

943 626 971 654 in
983 627 1057 654 omni
1074 627 1154 658 coelo,
1170 631 1196 654 et
1219 632 1290 654 terra
1311 627 1412 662 aliquid
1435 628 1594 656 admirabile
1608 628 1728 656 habent:

943 672 1136 700 humilioribus
1157 678 1247 701 autem
1269 673 1368 701 studiis
1382 674 1471 701 oratio
1487 682 1535 708 pro
1553 674 1731 703 fundamento

942 719 1082 754 proposita
1099 719 1217 754 aliquam
1232 719 1430 754 magnitudinis
1447 719 1601 754 opinionem
1620 720 1730 748 laudum

943 765 1059 792 artiﬁcio
1073 765 1206 800 adjungit.
1222 765 1314 800 Itaque
1329 766 1358 792 lit
1373 765 1532 800 plerumque
1545 769 1574 793 ut
1586 766 1731 794 admiratio

943 817 1004 844 qua:
1017 810 1152 837 encomiis
1178 804 1364 846 comparatur,
1382 812 1464 839 veluti
1486 812 1671 839 commentitia
1697 812 1731 840 ab

942 856 1099 883 hominibus
1113 861 1239 892 suspecta
1255 857 1399 885 habeatur.
1416 857 1487 893 Ergo
1500 857 1557 884 lucc
1576 858 1634 886 laus
1646 858 1731 892 virgi-

940 901 1036 928 nitatis
1051 901 1160 936 egregia
1173 905 1227 933 est,
1242 905 1272 928 ut
1284 901 1390 929 scilicet
1409 906 1513 929 statuat
1528 903 1589 937 quis
1603 902 1730 929 virtutem

940 945 1028 980 ipsam
1041 945 1115 972 omni
1126 953 1187 974 esse
1198 945 1278 973 laude
1291 946 1519 980 praestantiorem,
1531 951 1612 981 atque
1626 954 1658 974 ex
1673 946 1732 981 ipso

941 991 1035 1026 potius
1051 990 1113 1018 vitae
1132 998 1243 1025 genere.
1256 998 1339 1026 quam
1352 999 1386 1019 ex
1401 990 1491 1026 aliqua
1506 993 1630 1019 oratione
1645 991 1732 1019 casti-

941 1040 1024 1064 tatem
1041 1036 1176 1072 suspiciat
1192 1040 1274 1071 atque
1289 1036 1458 1068 admiretur;
1482 1045 1543 1064 nam
1560 1038 1605 1072 qui
1634 1037 1661 1064 in
1680 1037 1732 1064 hoc

942 1081 1110 1116 virginitatis
1132 1082 1276 1109 laudanda:
1291 1086 1452 1117 argumento
1469 1083 1562 1118 gloria:
1583 1083 1733 1117 cupiditate

944 1127 1079 1155 adductus
1103 1132 1239 1160 versatur,
1265 1135 1320 1155 non
1333 1127 1368 1155 ab
1384 1135 1416 1155 eo
1441 1128 1521 1163 plane
1539 1129 1666 1156 disimilis
1690 1131 1733 1156 est

943 1172 990 1208 qui
1017 1173 1136 1208 aliquam
1163 1173 1272 1201 sudoris
1296 1173 1339 1201 sui
1361 1173 1473 1207 stillam,
1492 1181 1573 1209 quam
1600 1174 1625 1201 is
1641 1173 1731 1209 magni

944 1218 1036 1250 faciat,
1055 1219 1189 1246 immenso
1204 1218 1274 1246 mari
1288 1221 1367 1254 putet
1388 1218 1446 1246 fore
1461 1218 1687 1250 additamentum.
1707 1217 1731 1245 si

944 1265 1026 1293 modo
1041 1264 1181 1292 hominum
1197 1272 1324 1293 sermone
1343 1265 1491 1294 crediderit
1504 1269 1610 1292 tantum
1630 1271 1732 1292 munus

100 1322 184 1349 posse
198 1314 331 1342 illustrari
347 1317 428 1349 atque
447 1313 551 1342 ornari.
571 1313 625 1341 Aut
640 1313 712 1342 enim
735 1313 760 1341 is
781 1319 893 1341 suarum
912 1311 1012 1339 virium
1039 1311 1152 1347 ignarus
1164 1315 1218 1344 est,
1236 1314 1285 1339 aut
1305 1311 1333 1339 id
1349 1311 1422 1347 quod
1437 1310 1530 1339 laudat
1561 1318 1616 1339 non
1649 1310 1731 1339 intel-

98 1361 169 1394 ligit.

419 1433 542 1460 ΚΕΦΔΛ.
561 1433 598 1460 B'.

99 1489 163 1515 Ὀτι
195 1488 275 1516 ἴδιον
291 1487 345 1523 τῆς
369 1489 450 1521 θείας
466 1497 498 1515 τε
519 1487 567 1515 καὶ
588 1487 747 1522 ἀσωμάτου
775 1487 894 1522 φύσεως

257 1523 430 1558 κατόρθωμά
443 1524 528 1550 ἐστιν
544 1524 563 1557 ἡ
579 1523 733 1557 παρθενίη.

137 1588 279 1621 Συνέσεως
293 1588 346 1625 γὰρ
360 1589 425 1624 ήμῖν
439 1589 520 1625 χρεία
534 1588 642 1624 πολλῆς,
657 1588 691 1616 δι’
703 1585 737 1624 ἦς
752 1588 809 1615 ἔστι
823 1588 892 1623 γνῶ-

99 1645 145 1663 ναι
158 1634 208 1671 τὴν
223 1635 372 1672 ὑπερϐολὴν
385 1635 434 1670 τῆς
450 1635 559 1670 χάριτος
575 1634 694 1670 ταύτης,
708 1635 769 1670 ἥτις
784 1643 893 1661 συνεπι-

99 1683 203 1709 νοεῖται
216 1681 267 1716 μέν
278 1680 318 1717 τῷ
329 1681 460 1717 ἀφθάρτῳ
478 1680 565 1717 Πατρί
576 1689 582 1696 ·
598 1681 613 1707 ὅ
626 1681 658 1717 δὴ
671 1681 719 1708 καὶ
731 1680 891 1716 παράδοξον,

100 1729 131 1754 ἐν
147 1727 237 1763 Πατρὶ
248 1727 397 1762 παρθενίαν
412 1727 602 1763 εὑρίσκεσθαι,
615 1726 654 1762 τῷ
664 1735 694 1753 τε
710 1727 774 1753 Υίὺν
787 1726 892 1762 ἔχοντι,

101 1772 222 1808 καὶ·δίχα
234 1772 335 1804 πάθους
348 1773 521 1808 γεννήσαντι·
533 1772 572 1808 τῷ
582 1772 610 1799 δὲ
626 1773 773 1807 Μονογενεῐ
783 1771 843 1807 Θεῷ
854 1771 893 1808 τῷ

100 1818 153 1853 τῆς
164 1817 320 1853 ἀφθαρσίας
330 1818 439 1854 χορηγῷ
453 1816 741 1854 συγιίαταλαμῦάνεται
751 1837 758 1850 ,
771 1817 839 1853 ὁμοῦ
854 1817 893 1853 τῷ

102 1862 218 1898 καθαρῷ
232 1863 278 1889 καὶ
289 1863 390 1890 ἀπαθεῖ
407 1863 458 1898 τῆς
472 1863 625 1899 γεννήσεως
641 1862 723 1890 αὐτοῦ
738 1863 892 1898 συνεκλάμ-

102 1909 190 1943 Quod.
211 1908 295 1935 Πάλιν
309 1907 339 1934 τὸ
350 1906 408 1934 ἴσον
427 1908 588 1944 παράδοξον,
600 1908 665 1941 Υἱὸς
686 1908 730 1935 διά
744 1908 893 1944 παρθενίας

101 1954 260 1989 νοούμενος.
277 1952 465 1988 Ἐνθεωρεῖται
474 1953 501 1980 δὲ
511 1953 641 1984 ὡσαύτως
652 1953 699 1979 καὶ
709 1954 742 1988 τῇ
753 1952 801 1979 τοῦ
815 1952 893 1987 ἀγίου

103 1998 265 2034 Πνεύματος
279 1999 379 2033 φυσικῇ
397 1997 443 2024 καὶ
457 1997 587 2033 ἀφθάρτῳ
599 1997 773 2032 καθαρότητι.
792 1996 829 2023 To
840 1996 894 2032 γὰρ

103 2043 224 2079 καθαρὸν
241 2044 287 2070 καὶ
308 2043 445 2079 ἄφθαρτον
464 2042 611 2078 ὀνομάσας,
629 2042 702 2078 ἄλλῳ
716 2041 829 2077 ὀνόματι
844 2041 895 2078 τὴν

104 2089 255 2126 παρθενίαν
267 2089 415 2125 ἐσήμανας.
436 2089 513 2124 Πάσῃ
528 2088 556 2115 δέ
570 2089 604 2124 τῇ
617 2087 794 2124 ὑπερκοσμίῳ
815 2087 894 2122 φύσει

105 2134 350 2170 συμπολιτεύεται,
365 2133 409 2161 διὰ
427 2133 476 2169 τῆς
488 2132 623 2164 ἀπαθείας
642 2132 823 2169 συμπαροῦσα
835 2133 895 2164 ταῖς

1257 1427 1372 1457 CAPUT
1390 1428 1421 1456 ll.

949 1485 1050 1513 Divina:
1064 1490 1089 1512 et
1102 1485 1261 1522 incorporect'
1275 1490 1378 1522 natum
1390 1486 1534 1522 proprium,
1551 1490 1575 1512 et
1589 1488 1730 1522 perfectum

1188 1521 1347 1554 vtrgiuitatis
1365 1521 1488 1555 oﬂicium.

979 1587 1156 1622 lntelligentia
1170 1593 1225 1613 non
1248 1593 1330 1620 parva
1343 1593 1455 1621 egemus
1466 1605 1474 1619 ,
1499 1590 1529 1614 ut
1547 1587 1730 1622 cognitionem

942 1640 1040 1668 capere
1055 1632 1193 1666 possimus
1206 1631 1288 1667 hujus
1299 1632 1458 1660 excellentis
1471 1632 1577 1668 gratiae,
1590 1641 1651 1668 quae
1666 1641 1729 1661 cum

943 1678 1104 1713 incorrupto
1123 1681 1200 1713 patre
1215 1677 1464 1713 comprehenditur.
1489 1677 1544 1707 Res
1561 1678 1732 1707 admirabilis

942 1727 994 1756 est,
1011 1727 1093 1758 atque
1108 1723 1249 1755 inusitata,
1264 1728 1293 1750 ut
1307 1723 1450 1758 virginitas
1467 1723 1494 1750 in
1508 1723 1588 1751 Patre
1609 1724 1734 1755 invenia-

943 1773 998 1801 tur,
1015 1769 1062 1804 qui
1076 1773 1103 1796 et
1119 1767 1219 1795 Filium
1240 1768 1332 1800 habet,
1352 1773 1379 1796 et
1395 1767 1493 1796 Filium
1515 1769 1620 1807 absque
1632 1770 1733 1801 aIecm

943 1816 1046 1851 gcnuit.
1067 1814 1136 1842 Cum
1150 1813 1290 1850 unigenito
1305 1818 1396 1842 autem.
1411 1814 1476 1846 Deo,
1491 1815 1538 1850 qui
1551 1816 1641 1843 omnis
1653 1815 1734 1851 pudt-

943 1861 1024 1892 cilia,
1039 1864 1066 1888 et
1089 1860 1254 1896 incorrupta:
1270 1860 1434 1897 virginitatis
1453 1864 1549 1888 auctor
1564 1865 1620 1894 est,
1648 1861 1733 1891 simul

948 1905 1134 1941 cognoscitur.
1150 1912 1212 1933 cum
1233 1905 1261 1933 in
1273 1905 1333 1941 ejus
1349 1904 1458 1941 pudica,
1473 1909 1554 1941 atque
1575 1905 1734 1942 incompta

944 1951 1120 1986 generatione
1130 1950 1232 1986 pariter
1242 1950 1368 1979 eluxerit.
1378 1949 1538 1987 Rursusque
1549 1952 1647 1979 mirum
1655 1960 1735 1988 atque

943 1999 986 2023 est
1000 1994 1098 2023 Filium
1121 1995 1149 2023 in
1165 1995 1324 2031 virginitate
1344 1996 1550 2031 comprehendi.
1577 1997 1735 2034 Eademque

945 2041 1053 2069 ratione
1066 2041 1093 2069 in
1111 2040 1232 2077 Spiritus
1244 2041 1331 2070 sancti
1344 2042 1461 2069 naturali
1478 2046 1559 2078 atque
1575 2043 1734 2079 incorrupta

945 2088 1064 2123 purilate
1090 2091 1259 2122 spectantur.
1285 2087 1354 2115 Cum
1371 2087 1444 2115 enim
1470 2095 1568 2123 purum
1595 2091 1734 2123 nominas.

945 2136 1027 2168 atque
1041 2133 1241 2172 incorruptum,
1252 2132 1434 2169 virginitatem
1449 2133 1503 2160 alio
1518 2134 1630 2162 nomine
1646 2135 1733 2171 signi.

104 2179 302 2216 ὑπερεχούσαις
320 2178 474 2214 δυνάμεσιν,
486 2178 549 2206 οὒτε
559 2178 631 2210 τινος
649 2178 703 2205 τῶν
719 2178 798 2205 θείων
816 2186 893 2214 χωρι-

946 2178 1031 2206 ﬁcas:
1049 2186 1110 2214 quae
1124 2178 1152 2206 in
1171 2178 1300 2206 universa
1323 2179 1442 2214 denique
1457 2180 1561 2209 cwlesti
1574 2186 1672 2208 natura
1693 2183 1733 2209 si.

104 2225 225 2261 ζομένη,
246 2225 293 2252 καὶ
313 2225 419 2257 οὐδενὸς
437 2224 491 2252 τῶν
512 2223 640 2252 ἐναντίων
666 2224 888 2260 προσαπτομένη.

106 2271 200 2297 Πάντα
211 2269 265 2305 γὰρ
274 2270 324 2297 ὅσα
332 2270 378 2296 καὶ
388 2269 467 2304 φύσει
476 2268 544 2305 [καὶ]
552 2269 708 2305 προαιρέσει
720 2269 787 2305 πρὸς
795 2269 896 2305 ἀρετὴν

105 2315 244 2347 νένευκεν,
253 2314 291 2350 τῷ
302 2314 415 2351 καθαρῷ
425 2315 533 2347 πάντως
543 2314 720 2351 ἐνωραῒζεται
730 2314 780 2350 τῆς
790 2314 896 2350 ἀφθαρ-

107 2361 183 2393 σίας·
200 2362 248 2388 καὶ
267 2362 317 2388 ὅσα
333 2361 421 2388 πάντα
441 2362 482 2394 είς
500 2362 549 2398 τὴν
568 2362 692 2390 ἐναντίαν
715 2361 895 2398 ἀποκέκριται

106 2406 195 2439 τάξιν,
212 2407 246 2442 τῇ
260 2405 418 2433 ἀποπτώσει
438 2406 488 2442 τῆς
504 2406 690 2442 καθαρότητος
709 2406 822 2434 τοιαῦτά
838 2408 896 2433 ἐστι

108 2452 155 2479 καὶ
171 2452 342 2487 ὀνομάζεται.
360 2452 408 2484 Τίς
421 2450 468 2479 οὖν
484 2452 625 2488 ἐξαρκέσει
635 2452 748 2488 δύναμις
762 2453 849 2487 λόγων
862 2454 895 2488 τῇ

107 2498 227 2534 τοσαύτῃ
243 2498 334 2533 χάριτι
355 2497 561 2534 παρισωθῆναι;
579 2498 615 2525 Ἦ
638 2498 695 2530 πῶς
711 2498 741 2525 οὑ
757 2497 896 2533 φοϐεῖσθαι

108 2543 171 2580 χρὴ,
186 2543 225 2579 μὴ
238 2543 284 2570 διὰ
295 2543 344 2579 τῆς
357 2543 412 2570 τῶν
424 2543 542 2570 ἐπαίνων
556 2543 673 2579 σπουδῆς
687 2543 840 2579 λυμήνηται
854 2552 897 2576 τις

108 2589 139 2617 τὺ
154 2589 297 2624 μεγαλεῖον
309 2589 355 2616 τοῦ
370 2588 535 2625 ἀξιώματος,
553 2589 657 2616 ἐλάττω
670 2589 719 2625 τὴν
732 2590 796 2625 περὶ
814 2588 896 2616 αὑτοῦ

108 2634 187 2666 δόξαν
199 2634 250 2668 τῆς
261 2633 484 2669 προειλημμένης
494 2634 551 2666 τοῖς
561 2634 709 2670 ἀκροαταῖς
724 2634 895 2670 ἐμποιήσαςς

110 2678 214 2705 Οὐκοῦν
228 2678 321 2710 καλῶς
333 2678 398 2714 ἔχει,
415 2679 477 2712 τοὺς
493 2679 541 2714 μὲν
556 2679 791 2714 ἐγκωμιαστικοὺς
803 2679 898 2714 λόγους

109 2723 155 2750 ἐπὶ
174 2723 279 2758 ταύτης
298 2724 354 2758 ἐᾷν,
371 2723 408 2755 ὡς
431 2724 571 2760 ἀμήχανον
590 2724 649 2754 ταῖς
670 2723 832 2759 ὑπερϐολαῖς
848 2724 898 2758 τῆς

110 2766 267 2797 ὑποθέσεως
282 2767 431 2802 ωνεπᾶραι
455 2767 502 2795 τὸν
519 2766 608 2801 λόγον·
629 2766 668 2798 ὡς
683 2766 730 2793 καὶ
745 2765 803 2794 ἐστι
817 2766 897 2795 δυνα-

109 2812 154 2840 τὸν
177 2812 224 2841 ἀεὶ
247 2811 403 2846 μεμνῆσθαι
426 2812 472 2840 τοῦ
487 2812 558 2840 θείου
579 2812 747 2848 χαρίσματος
761 2832 769 2845 ,
784 2812 831 2839 καὶ
852 2812 898 2838 ἐπὶ

946 2224 1003 2251 mul
1025 2227 1162 2256 versatur.
1186 2223 1251 2260 quia
1268 2231 1330 2252 cum
1349 2224 1384 2252 ab
1403 2224 1545 2253 aﬂ'ectibus
1572 2234 1658 2254 vacua
1686 2227 1732 2260 sit,

945 2268 1112 2297 sublimibus
1135 2269 1190 2297 illis
1202 2269 1384 2304 potestatibus
1409 2270 1532 2298 inheret.
1550 2270 1644 2307 Neque
1656 2280 1733 2305 vero,

945 2314 997 2342 etsi
1012 2322 1027 2341 a
1045 2314 1129 2342 nullis
1144 2314 1228 2343 rebus
1251 2314 1353 2342 divinis
1375 2315 1499 2350 sejuncta
1518 2320 1560 2344 est
1579 2318 1732 2353 virginitas,

945 2359 1094 2387 contrariis
1111 2364 1202 2387 tamen
1214 2365 1257 2388 est
1271 2360 1354 2388 rebus
1370 2359 1510 2395 adjuncta.
1522 2360 1628 2390 Cuncta
1648 2362 1733 2396 enim,

947 2414 1008 2441 qua:
1033 2409 1060 2433 et
1087 2409 1186 2433 natura
1204 2409 1232 2433 et
1255 2406 1371 2433 consilio
1397 2405 1431 2433 ad
1453 2405 1580 2434 virtutem
1598 2415 1734 2443 propensa

947 2456 1021 2484 sunt,
1035 2451 1149 2479 omnino
1171 2451 1335 2487 incorrupta:
1352 2452 1530 2486 virginitatis,
1544 2452 1734 2490 pudicitiaeque

947 2498 1092 2531 splendore
1121 2497 1308 2531 decorantur;
1339 2505 1400 2533 qua:
1426 2505 1490 2525 vero
1515 2498 1543 2526 in
1567 2498 1735 2526 contrariam

947 2542 1056 2570 virtutis
1073 2546 1176 2578 partem
1199 2542 1330 2578 proclivia
1345 2542 1481 2573 feruntur.
1501 2543 1637 2571 castitatis
1656 2543 1734 2578 lapsu

947 2595 979 2615 ea
993 2588 1059 2615 talia
1084 2591 1111 2615 et
1127 2591 1203 2618 sunt,
1227 2592 1254 2614 et
1274 2587 1459 2615 nominantur.
1478 2588 1658 2621 Quamobrem
1676 2595 1735 2622 qua:

947 2635 1023 2659 tanta
1035 2631 1087 2659 erit
1098 2631 1206 2660 dicendi
1219 2631 1337 2659 iacultas
1350 2635 1377 2659 et
1392 2632 1481 2666 copia,
1497 2639 1557 2666 qua:
1575 2635 1628 2658 tam
1643 2631 1733 2666 magni

949 2677 1070 2705 muneris
1081 2677 1241 2713 dignitatem
1256 2676 1384 2705 laudibus
1401 2683 1510 2711 wquare
1524 2675 1630 2711 possit?
1641 2675 1734 2709 Quove

948 2726 1029 2758 pacto
1046 2729 1101 2750 non
1131 2722 1388 2757 pertimescendum,
1413 2725 1443 2748 ut
1461 2728 1495 2748 ne
1511 2721 1602 2748 studio
1624 2721 1734 2748 laudum

948 2768 1011 2804 quis
1026 2768 1167 2802 dignitatis
1180 2768 1386 2802 amplitudinem
1401 2766 1492 2798 laedat.
1505 2767 1529 2794 si
1544 2766 1675 2794 minoer
1689 2766 1734 2799 iis,

949 2812 996 2848 qui
1013 2812 1140 2846 audiunt,
1155 2820 1236 2848 quam
1253 2813 1306 2848 ipsi
1321 2816 1401 2840 antea
1415 2814 1610 2847 conceperant,
1628 2811 1734 2845 opinio-
