1922 3078
187 100 240 128 535
809 94 838 121 S.
867 92 946 120 GREt

1061 90 1207 118 NYSSENI
1767 89 1820 115 5'25

188 165 249 186 nem
270 156 298 184 in
323 153 461 183 laudando
475 153 591 181 afferat?
610 152 745 180 Praeclare
764 152 858 187 itaque
877 151 947 186 agite

1063 150 1155 185 ,ὡττης
1174 149 1245 184 ἔχειν
1261 157 1292 174 το
1312 147 1424 182 ἀγαθὸν,
1443 147 1512 182 ὅπερ
1534 146 1600 173 ῐδιον
1618 146 1667 182 μὲν
1683 146 1732 181 τῆς
1750 147 1822 173 ἀσω-

187 205 210 232 si
221 211 282 238 quae
296 202 324 230 in
335 201 454 235 alicujus
469 200 509 228 rei
524 199 654 226 laudibus
666 206 811 226 versamur
829 198 946 226 orationt

1063 196 1118 222 ἱτου
1136 195 1240 229 φύσεώς
1254 195 1311 221 ἐστι
1324 194 1371 220 καὶ
1385 193 1533 228 ἐξαίρετον·
1548 192 1600 218 ὑπὸ
1613 191 1822 235 φιλανθρωπίας

187 249 215 276 in
231 237 290 275 hac
317 250 533 282 praetereantur:
559 244 638 279 quasi
655 243 765 270 diflicile
792 243 828 270 sit
848 242 946 269 oratio:

1073 240 1151 271 Θεοῦ,
1165 241 1211 267 καὶ
1224 241 1280 271 τοῖς
1293 239 1336 265 διὰ
1349 238 1447 273 σαρκὸς
1458 238 1505 264 καὶ
1515 238 1630 272 αἵματος
1642 237 1757 272 λαχοῦσι
1771 238 1824 272 τὴν

187 294 242 321 vim
265 298 295 320 et
310 292 418 326 copiam
445 296 618 325 comparare,
646 296 707 323 quae
730 288 893 324 gravissimo
917 287 945 313 in

1065 287 1104 321 μὴν
1121 285 1268 321 ἐχαρίσθη,
1283 285 1326 311 ἵνα
1341 283 1558 319 καταὸληθεῖσαν
1575 283 1625 318 τὴν
1644 282 1824 317 ἀνθρωπίνην

189 341 354 374 argumento
362 335 543 371 respondeat:
560 334 790 369 quemadmodum
803 337 898 360 contra
915 333 948 359 ill:

1065 332 1112 358 low
1126 331 1178 357 ὑπὸ
1189 332 1238 366 τῆς
1248 329 1387 366 ὲμπαθοῦς
1397 329 1553 360 διαθέσεως,
1564 328 1659 364 ὥσπερ
1669 328 1731 355 τινὰ
1741 329 1824 364 χεῖρα

188 384 271 411 facile
285 387 339 414 est,
354 383 478 410 divinum
505 382 558 408 hoc
580 388 681 407 munus
704 383 835 414 perpetua
851 387 947 406 memm

1063 386 1081 411 ,ν
1093 377 1142 410 τῆς
1156 375 1341 410 καθαρότητος
1363 374 1508 410 μετουσίαν
1528 373 1656 409 ὁρέξασα,
1673 373 1755 400 πάλιν
1771 375 1785 400 ὀ
1791 382 1822 408 ρ-

189 430 293 461 colere,
311 433 393 462 atque
409 427 435 454 id
451 427 550 454 bonum
562 426 589 453 in
604 433 652 453 ore
663 433 770 460 semper
785 425 894 456 habere,
909 433 948 460 qu

1066 431 1107 458 »σῃ
1120 443 1127 453 ,
1146 423 1191 449 καὶ
1215 422 1284 457 πρὸς
1299 421 1335 448 τὰ
1356 422 1412 448 ἄνω
1427 421 1535 456 βλέπειν
1550 421 1755 456 χειραγωγήσῃ.
1773 420 1825 446 Διὲι

189 475 361 509 incorporea
373 473 527 507 divinaeque
544 477 648 499 natura:
665 471 805 506 proprium
821 471 931 506 quidem

1064 469 1109 494 ὖτο
1129 468 1184 503 γὰρ
1197 465 1272 503 οἶμαι
1288 468 1336 494 καὶ
1349 468 1398 502 τὴν
1420 466 1512 501 πηγὴν
1527 465 1577 500 τῆς
1590 465 1755 501 ἀφθαρσίας,
1771 465 1823 491 αὖ-

189 521 358 555 Ρηιοίρυυηι
379 523 440 552 est;
463 518 509 545 Dei
531 522 622 545 tamen
641 517 807 552 benignitate
833 517 867 544 iis
887 517 948 544 etiai

1064 523 1076 540 ν
1087 514 1132 540 τὸν
1147 513 1248 548 Κύριον
1259 512 1338 548 ἡμῶν
1359 511 1463 548 Ἰησοῦν
1476 511 1603 548 Χριστὸν,
1619 511 1655 546 μὴ
1670 511 1714 538 διά
1730 511 1822 546 γάμου

189 565 236 600 qui
255 572 271 592 e
291 572 374 592 carne
391 562 423 592 et
446 564 580 596 sanguine
602 563 690 590 effecti
719 562 802 597 hujus
818 562 881 589 vitae
897 570 947 589 usu

1064 559 1161 585 τελθεῖν
1176 560 1215 590 εἰς
1228 559 1274 585 τὸν
1289 559 1401 594 κόσμον,
1416 560 1460 585 ἴνα
1473 559 1620 593 ἐνδείξηται
1637 558 1681 585 διὰ
1694 557 1742 584 τοῦ
1757 557 1823 592 τρό-

190 610 330 640 fruuntur,
342 609 436 636 datum
447 613 474 635 et
485 608 618 635 trihutum
631 611 684 640 est,
702 612 731 634 ut
744 607 886 642 virginitas
901 615 949 642 qua

1063 614 1082 630 ιυ
1098 605 1146 640 τῆς
1167 604 1399 640 ὲνανθρωπήσεως
1420 605 1450 631 τὸ
1473 605 1547 640 μέγα
1562 603 1641 630 τοῦτο
1659 603 1822 639 μυστήριον,

190 662 300 681 manum
327 652 468 681 munditia:
490 652 726 688 participationem
745 653 898 688 porrigens,
932 652 946 679 Ιι

1064 660 1071 677 ι
1084 651 1150 677 Θεοῦ
1163 651 1313 686 παρουσίαν
1323 651 1370 677 καὶ
1381 651 1483 678 εἴσοδον
1492 652 1559 686 μόνη
1573 651 1727 686 καθαρότης
1739 651 1822 686 ἱκανή

189 699 296 726 minum
310 704 436 726 naturam
454 699 551 726 vitiosa
564 698 707 726 aifectione
731 698 865 732 abjectam
884 706 945 725 rurs

1064 706 1088 723 τι
1107 695 1255 729 δείξασθαι·
1276 697 1310 731 ἢν
1332 696 1419 728 ἀλλως
1437 697 1487 723 οὐκ
1506 696 1564 723 ἔστι
1586 696 1654 732 πρὸς
1677 696 1823 732 ἀκρίϐειαν

136 736 139 739 ’
189 745 287 779 erigat,
301 750 329 770 et
341 744 374 771 ad
388 744 543 771 C(elestium
562 743 818 778 contemplationem
836 751 895 778 pert

1064 742 1122 768 ἱσαν
1132 741 1347 777 κατορθωθῆναι,
1359 743 1383 768 εὶ
1399 742 1436 777 μὴ
1451 742 1589 774 παντελῶς
1603 751 1644 773 τις
1654 742 1753 769 ἑαυτὸν
1767 742 1823 769 τῶν

189 789 232 817 0h
245 798 306 818 eam
330 791 402 818 enim
419 797 530 817 causam
547 790 613 816 mihi
635 789 765 816 Dominus
790 792 883 816 noster
898 787 948 815 JeSl

1064 787 1171 822 picatth
1191 787 1361 822 παθημάτων
1383 787 1597 823 ἀλλατριὼσειεν.
1619 788 1707 824 ὀπερ
1722 787 1778 824 γὰρ
1795 789 1823 815 ὲν

189 835 329 868 Christus,
357 843 371 862 a
390 842 445 870 quo
459 835 541 862 veluti
561 835 635 862 fonte
651 834 767 869 quodam
785 834 875 861 omnis
893 839 948 861 cast

1063 856 1064 865 η
1082 832 1206 867 ἀμιάντῳ
1221 833 1316 868 Μαρίᾳ
1332 832 1428 866 γέγονε
1444 833 1607 868 σωματικῶς
1617 853 1625 864 ,
1645 833 1692 860 τοῦ
1709 833 1822 868 πληρώ-

190 881 282 907 monia
305 885 408 912 manat,
426 889 479 907 non
501 880 656 914 nuptiarum
671 881 713 906 via
728 880 853 915 quaesita,
869 880 895 906 in
911 879 949 906 hat

1062 885 1115 908 ιτος
1128 877 1176 912 τῆς
1194 877 1319 913 θεότητος
1332 878 1361 904 ὲν
1379 877 1418 913 τῷ
1431 877 1540 913 Χριστῷ
1558 877 1602 905 διά
1615 878 1665 913 τῆς
1680 878 1821 914 Παρθένου

189 924 272 952 vitam
287 924 429 960 ingressus
445 925 560 956 videtur.
583 929 612 952 ut
634 932 665 952 ex
683 932 716 952 eo
732 925 824 956 modo,
840 933 896 960 quo
919 933 948 952 ca

1063 922 1229 958 λάμψαντος·
1243 923 1322 949 τοῦτο
1334 923 1381 950 καὶ
1396 923 1442 949 ἐπὶ
1457 923 1547 958 πάσης
1557 923 1644 959 ψυχῆς
1654 924 1727 950 κατὰ
1743 923 1821 957 λόγον

188 977 251 997 nem
265 970 412 997 humanam
430 971 591 1006 assumpsit,
614 971 774 998 admirabile
791 971 854 1003 hoc,
874 975 900 998 et
922 979 947 997 m

1063 967 1251 1003 ιρθενευούσης
1269 968 1383 1003 γίνεται.
1400 964 1498 996 Οὐκέτι
1516 969 1673 1006 σωματικὴν
1692 970 1822 1004 ποιουμέ-

188 1023 272 1050 gnum
295 1016 377 1050 plane
399 1017 559 1051 mysterium
581 1016 739 1050 pateﬁeret:
756 1016 896 1051 quoniam,
920 1024 947 1051 qt

1062 1024 1076 1041 υ
1092 1015 1138 1042 τοῦ
1162 1015 1264 1050 Κυρίου
1278 1014 1327 1050 τὴν
1347 1015 1510 1050 παρουσίαψ
1525 1016 1556 1041 οὐ
1579 1015 1635 1050 γὰρ
1649 1014 1821 1050 γινώσκομεν

188 1059 237 1088 Dei
258 1061 405 1088 adventum
436 1061 647 1093 demonstraret,
670 1061 727 1088 sola
753 1062 867 1088 castitas
882 1061 945 1088 idon

1063 1070 1088 1092 ι,
1104 1061 1188 1096 φησὶ,
1207 1059 1278 1087 κατά
1291 1061 1381 1096 σάρκα
1396 1060 1522 1096 Χριστύνι
1539 1060 1606 1087 ἀλλά
1626 1061 1822 1096 πνευματικῶς

188 1109 250 1133 est:
268 1113 350 1140 quam
372 1106 451 1133 aliter
474 1105 592 1140 perfecte
612 1106 725 1133 omnino
742 1110 872 1140 prrestare
898 1114 947 1133 nen

1063 1104 1260 1140 ῖοικιζομένου.
1278 1105 1384 1132 καὶτὸν
1408 1105 1514 1140 Πατέρα
1535 1105 1630 1132 ἑαυτοῦ
1649 1106 1822 1140 συνεισάγον-

188 1154 290 1185 potest,
319 1151 373 1178 nisi
400 1151 447 1186 qui
467 1151 502 1178 ab
521 1151 595 1178 omni
621 1151 714 1178 carnis
729 1150 827 1178 affectu
845 1159 875 1179 se
897 1152 947 1178 etia

1062 1158 1075 1180 ς
1087 1169 1094 1180 ,
1109 1150 1200 1182 καθώς
1216 1150 1282 1185 φησί
1299 1159 1350 1177 που
1367 1150 1398 1177 τδ
1413 1150 1587 1185 Εὑαγγέλιον.
1609 1151 1688 1178 Ἐπεὶ
1707 1149 1754 1179 οὖν
1776 1161 1821 1178 το-

189 1200 272 1232 atque
286 1197 368 1224 etiam
389 1201 475 1224 totum
500 1197 639 1224 averterit.
655 1197 733 1230 Quod
748 1197 830 1224 enim'
840 1197 868 1224 in
889 1197 946 1224 Mar

1063 1195 1116 1230 ,ύτη
1132 1195 1190 1222 ἐστὶ
1204 1196 1253 1231 τῆς
1267 1196 1415 1232 παρθενίας
1427 1197 1444 1232 ἡ
1459 1196 1583 1231 δύναμις.
1600 1196 1636 1228 ὡς
1651 1197 1698 1223 καὶ
1717 1198 1748 1223 ἐν
1765 1199 1822 1228 τοῖς

187 1240 308 1276 Vitginis
335 1242 472 1270 inviolata:
497 1250 613 1277 corpore
633 1243 758 1270 effectum
783 1247 836 1276 est,
860 1242 946 1278 perfet

1064 1243 1153 1276 ρανοῐς
1174 1242 1248 1277 παρά
1267 1241 1306 1277 τῷ
1334 1242 1420 1278 [lupi
1446 1242 1500 1270 τῶν
1526 1242 1689 1277 πνευμάτων
1717 1243 1820 1278 μένειν,

187 1286 291 1314 Christi
318 1287 470 1320 divinitate,
495 1296 556 1323 qua:
581 1288 608 1315 in
632 1289 691 1323 ipsa
706 1287 818 1323 Virgine
837 1288 946 1316 eluxera

1062 1287 1078 1312 ιὶ
1093 1287 1162 1321 μετά
1182 1286 1236 1312 τῶν
1251 1287 1445 1322 ὑπερκοσμίων
1465 1287 1588 1322 χορεύειν
1605 1288 1758 1322 δυνάμεων,
1773 1289 1821 1314 καὶ

188 1332 239 1359 hoc
252 1333 340 1368 ipsum
352 1333 379 1360 in
393 1334 468 1360 omni
482 1334 574 1361 animo
588 1334 733 1369 contingit,
748 1334 795 1368 qui
808 1334 844 1361 sit
854 1335 947 1362 castita

1062 1340 1080 1366 ις
1094 1331 1267 1367 ἀνθρωπίνης
1282 1332 1418 1368 σωτηρίας
1432 1332 1611 1366 ἐφάπτεσθαι
1628 1332 1673 1359 τὸν
1688 1333 1739 1368 μὲν
1754 1333 1821 1360 Θεὸν

187 1382 312 1411 ornatus,
338 1378 529 1414 rationemque
550 1378 648 1406 ducem
670 1379 697 1405 in
713 1379 838 1414 virginali
857 1379 915 1407 vita
935 1387 946 1406 ε

1063 1379 1064 1384 ‘
1083 1378 1181 1412 ἑαυτῆς
1197 1378 1264 1413 πρὸς
1280 1377 1329 1414 τὴν
1343 1377 1390 1404 τοῦ
1406 1378 1576 1413 ἀνθρωπίνου
1599 1378 1656 1414 βίου
1676 1379 1822 1406 κοινωνίαν

193 1427 304 1458 quatur.
320 1423 454 1456 Quoniam
469 1432 523 1451 non
539 1425 668 1459 amplius,
686 1428 715 1451 ut
731 1424 856 1460 corporis
868 1424 949 1451 huma

1062 1423 1199 1456 ιτάγουσα,
1213 1422 1259 1449 τὸν
1272 1423 1302 1449 δὲ
1317 1423 1459 1458 ἄνθρωπον
1471 1424 1499 1450 ὲν
1515 1424 1598 1459 ἑαυτῇ
1615 1423 1684 1459 πρὸς
1697 1424 1749 1459 τὴν
1765 1424 1821 1450 τῶν

187 1468 305 1497 formam
319 1469 498 1504 habitumque
509 1469 616 1502 induat,
631 1473 763 1498 venturus
775 1474 817 1498 est
829 1469 945 1496 Dominu

1065 1469 1163 1504 ρανίων
1179 1469 1325 1504 ἐπιθυμίαν
1347 1469 1501 1504 πτεροῦσα.
1515 1470 1563 1496 καὶ
1579 1470 1659 1497 οἱονεὶ
1672 1470 1821 1505 σύνδεσμὸς

187 1522 243 1544 non
258 1515 331 1543 enim
341 1515 424 1543 etiam
437 1515 575 1548 novimus,
594 1515 694 1550 inquit,
706 1515 857 1543 secundum
868 1521 946 1542 carne

1062 1523 1072 1546 ;
1090 1515 1218 1550 γινομένη
1231 1515 1281 1549 τῆς
1304 1514 1476 1550 ἀνθρωπίνης
1487 1515 1555 1550 πρὸς
1571 1515 1617 1542 τὸν
1632 1515 1698 1542 Θεὸν
1712 1515 1821 1542 οἰκειώ-

186 1559 344 1592 Christum;
360 1559 408 1588 sed
425 1559 451 1586 in
472 1560 570 1595 spiritu
592 1560 693 1592 veniet,
711 1564 738 1588 et
756 1559 863 1588 Patrem
883 1567 945 1587 secu

1062 1569 1100 1592 ως
1110 1581 1117 1593 ,
1133 1561 1166 1587 τά
1180 1560 1306 1587 τοσοῦτον
1325 1560 1448 1596 ἀλλήλοις
1458 1560 1603 1594 ἀφεστῶτα
1623 1561 1655 1595 τῇ
1671 1559 1768 1595 φύσει,
1784 1562 1819 1595 τῇ

186 1605 277 1638 ducet,
299 1610 329 1633 ut
343 1606 462 1641 quodam
484 1607 545 1632 loco
561 1609 680 1633 testatur
700 1605 887 1641 Evangelium.
903 1604 943 1638 Qu

1061 1606 1094 1641 ιρ¹
1111 1606 1208 1641 ἑαυτῆς
1224 1606 1349 1642 μεσιτείᾳ
1372 1607 1412 1638 εἰς
1429 1606 1589 1641 συμφωνίαν
1603 1606 1758 1640 ἀνάγουσα,
1777 1606 1820 1637 τίς

188 1652 262 1678 niam
279 1651 360 1686 igitur
373 1655 449 1678 tanta
464 1652 506 1678 vis
521 1651 688 1686 virginitatis
703 1655 756 1683 est,
775 1655 802 1678 ut
815 1655 843 1678 et
861 1650 888 1678 in
901 1657 944 1677 ca:

1059 1660 1063 1674 ν
1078 1651 1201 1687 εὑρεθείη
1215 1652 1329 1687 δύναμις
1347 1651 1434 1686 λόγων
1452 1651 1613 1678 συνανιοῦσα
1627 1651 1666 1686 τῷ
1679 1651 1797 1686 θαύματι
1811 1660 1818 1683 ς

187 1696 260 1732 apud
273 1697 420 1732 spirituum
437 1697 546 1724 Patrem
563 1701 683 1728 maneat,
700 1701 727 1724 et
742 1703 805 1724 cum
820 1695 945 1724 coelestib

1060 1698 1105 1724 ιλλ“
1119 1698 1212 1733 ἐπειδὴ
1225 1698 1325 1724 ἄτοπον
1336 1697 1474 1729 παντελῶς
1488 1697 1631 1732 ἀφώνοιςῆ
1644 1697 1819 1732 ἀναισθήτοις

189 1742 246 1769 illis
269 1743 408 1770 mentibus
423 1750 478 1770 una
499 1743 625 1775 exsultet,
649 1746 677 1770 et
699 1742 814 1769 salutem
830 1741 948 1768 humana

1060 1752 1120 1770 ιοιον
1138 1743 1289 1778 φαίνεσθαι,
1305 1744 1352 1770 καὶ
1367 1744 1421 1770 τῶν
1436 1744 1482 1770 δύο
1495 1744 1526 1770 τὸ
1547 1744 1649 1779 ἕτερον,
1671 1743 1687 1778 ἦ
1707 1743 1746 1779 μὴ
1769 1744 1819 1769 ἐπ-

187 1788 323 1823 attingat;
347 1795 464 1823 cumque
479 1787 564 1816 Deum
587 1789 677 1824 ipsum
694 1796 743 1815 sua
759 1788 784 1815 vi
799 1787 833 1814 ad
853 1788 946 1814 humar

1059 1789 1176 1815 νωκέναι
1187 1789 1275 1816 δοκεῖν
1287 1789 1321 1816 τὰ
1330 1789 1379 1825 τῆς
1391 1789 1539 1824 παρθενίας
1550 1789 1630 1820 καλὰ,
1645 1788 1662 1824 ἢ
1678 1787 1818 1823 ἄπληκτον

185 1832 250 1860 vita:
262 1834 483 1861 communionem
499 1834 591 1867 ducat,
616 1834 809 1868 hominemque
826 1840 923 1861 rursus

1058 1835 1076 1861 tl.
1092 1835 1219 1870 ἀκίνητον
1243 1835 1310 1871 πρὸς
1326 1835 1376 1870 τὴν
1397 1835 1450 1861 τῶν
1467 1834 1556 1861 καλῶν
1573 1834 1698 1869 αἴσθησιν
1715 1833 1817 1860 ἐπιδει-

186 1878 341 1906 εωιεειὶιιηι
353 1887 452 1907 rerum
467 1879 646 1914 cupiditatem
662 1880 784 1912 excitet;
806 1882 887 1914 atque
910 1878 943 1904 ad

1058 1881 1134 1916 >ἧναι·
1144 1880 1247 1916 βραχέα
1258 1880 1319 1907 τινὰ
1330 1881 1393 1916 περὶ
1404 1880 1489 1915 αὐτῆς
1501 1881 1598 1911 εἰπεῖν,
1606 1878 1649 1906 διὰ
1661 1879 1692 1906 τὸ
1705 1879 1760 1906 δεῖν
1772 1880 1817 1905 ἐπὶ

188 1924 329 1952 hominum
342 1932 405 1952 cum
417 1924 472 1953 Deo
484 1925 679 1952 familiaritatis
689 1924 828 1953 vinculum
839 1922 947 1958 quodda

1055 1928 1096 1953 Ξσι
1121 1926 1263 1953 πείθεσθαι
1341 1926 1449 1962 ἐξουσίᾳ
1468 1926 1515 1952 τοῦ
1539 1926 1715 1959 ἐπιτάξαντος
1737 1926 1814 1960 ἡμῖν,

188 1969 246 1997 haec
261 1977 324 1997 cum
340 1970 393 2004 sit;
410 1974 438 1999 et
453 1979 496 2004 ea,
512 1978 573 2007 quae
589 1971 712 1998 vicissim
732 1973 830 1997 natura
845 1969 922 1996 valde
934 1968 947 1995 d

1058 1970 1268 2006 ωεθυμήθημεν.
1301 1970 1403 2005 Μηδεὶς
1431 1970 1459 1996 δε
1483 1970 1546 2001 τοὺς
1576 1969 1817 2005 κομπωδεστέρους

187 2018 272 2048 stant,
295 2015 355 2050 ipsa
370 2016 521 2044 concilians
545 2017 572 2043 in
600 2023 765 2043 consensum
787 2014 946 2042 concordiar

1057 2013 1093 2048 19'
1109 2013 1186 2048 ἡμῶν
1201 2013 1363 2049 ἐπιζητείτω
1377 2013 1432 2039 τῶν
1443 2013 1539 2047 λόγων·
1554 2012 1611 2039 ἐστι
1627 2012 1676 2047 μὲν
1689 2013 1744 2048 γὰρ
1756 2013 1816 2039 οὐδὲ

186 2066 240 2094 que
254 2059 378 2095 redigat:
395 2068 456 2095 quae
471 2060 579 2088 dicendi
600 2060 641 2087 vis
660 2059 776 2087 inveniri
796 2063 899 2094 posset,
916 2067 945 2094 qt

1057 2058 1198 2094 ›υλομένοις
1212 2060 1277 2094 ἡμῖν
1295 2058 1361 2090 ἴσως
1383 2059 1493 2085 δυνατὸν
1509 2058 1539 2085 τὸ
1557 2058 1687 2090 τοιοῦτον,
1714 2058 1816 2093 ἀμελε-

187 2104 322 2133 mirabilis
337 2106 419 2140 hujus
432 2105 470 2133 rei
487 2106 700 2141 magnitudinem
721 2105 907 2140 assequatur?
922 2105 946 2132 SI

1057 2112 1118 2138 γτοις
1136 2101 1195 2129 οὖσι
1210 2103 1259 2138 τῆς
1275 2103 1401 2138 τοιαύτης
1424 2103 1532 2136 λέξεως.
1551 2103 1582 2130 El
1602 2103 1631 2130 δὲ
1655 2103 1701 2129 καὶ
1723 2103 1816 2139 παρῆν

186 2149 250 2183 quia
265 2149 414 2177 absurdum
426 2150 505 2185 plane
515 2154 556 2177 est
569 2155 706 2177 mutarum
721 2157 823 2181 rerum,
834 2152 862 2176 et
869 2156 945 2176 earul

1059 2148 1074 2174 ὖ
1089 2148 1239 2183 κομπάζειν
1255 2149 1271 2183 ἠ
1294 2148 1408 2184 δύναμις
1418 2169 1426 2180 ,
1440 2150 1490 2176 οὐκ
1506 2149 1539 2176 ἂν
1553 2149 1601 2176 τοῦ
1621 2150 1697 2184 κοινῇ
1711 2149 1816 2175 λυσιτε-

185 2201 247 2230 qua
261 2202 343 2222 sensu
359 2198 463 2229 carent,
490 2195 607 2222 similem
631 2202 661 2222 se
674 2202 736 2222 esse
755 2194 852 2227 videri,
873 2202 889 2222 e
907 2193 942 2221 du

1055 2193 1137 2225 ιῦντος
1155 2194 1185 2220 τὸ
1204 2194 1232 2220 ἐν
1256 2194 1356 2228 ὀλίγοις
1376 2194 1552 2230 εὐδοκιμῆσαι
1579 2195 1814 2230 προετιμήσαμεν.

186 2238 293 2273 busque
311 2240 427 2267 alterum
443 2243 496 2272 est,
515 2243 544 2266 ut
564 2243 610 2266 aut
629 2240 691 2275 quis
712 2239 858 2274 virginales
879 2239 941 2266 laud

1055 2240 1124 2274 ητείν
1135 2239 1188 2274 γὰρ
1200 2239 1229 2271 ἑξ
1241 2239 1366 2266 ἁπάντων
1375 2237 1452 2275 οἶμαι
1464 2240 1519 2266 δεῖν
1530 2240 1575 2266 τόν
1587 2248 1618 2273 γε
1637 2239 1697 2266 νοῦν
1709 2239 1814 2275 ἔχοπα,

186 2290 243 2310 non
256 2285 401 2320 agnovisse
417 2284 551 2317 videatur,
567 2288 614 2311 aut
631 2285 665 2311 ad
680 2285 776 2311 harum
791 2284 945 2319 cognitione

1054 2292 1078 2310 ιχ
1093 2284 1123 2316 ἐξ
1142 2281 1179 2310 ὧν
1194 2285 1264 2320 ὑπὲρ
1281 2285 1343 2317 τοὺς
1362 2284 1473 2317 λοιποὺς
1496 2285 1736 2321 θαυμασθήσεται,
1757 2285 1813 2312 ἀλλ’

186 2336 240 2355 non
256 2334 423 2357 commotum
441 2337 472 2358 se
490 2337 579 2365 neque
591 2329 718 2357 affectum
732 2330 901 2358 ostenderit:
922 2338 945 2357 nn

1028 2327 1059 2361 ἐξ
1070 2325 1108 2355 ὧν
1123 2329 1156 2356 ἃν
1175 2331 1222 2356 καὶ
1235 2330 1328 2357 ἑαυτὸν
1343 2330 1390 2357 καὶ
1406 2331 1470 2362 τοὺς
1481 2330 1590 2362 λοιποὺς
1603 2331 1779 2366 ὠφελήσειεν.

185 2375 238 2402 hoc
249 2375 308 2410 ipso
326 2375 360 2403 de
374 2383 472 2410 genere
489 2380 548 2404 toto
561 2383 646 2411 pauca
668 2376 792 2411 quaedam
808 2383 1025 2404 commemorare
1061 2377 1265 2411 proposuimus,
1289 2375 1417 2411 quoniam
1448 2376 1531 2410 illius,
1563 2377 1610 2411 qui
1631 2376 1711 2403 nobis
1746 2383 1816 2411 prae-

185 2420 268 2454 cepit,
295 2421 411 2456 imperio
435 2421 563 2449 omnibus
594 2421 621 2448 in
650 2422 732 2449 rebus
756 2421 907 2457 parendum
942 2424 1012 2448 erat.
1033 2419 1125 2455 Neque
1146 2428 1210 2448 vero
1233 2421 1404 2456 magniﬁcam
1433 2422 1578 2449 verborum
1602 2422 1813 2450 ostentationem

184 2465 247 2500 quis
259 2472 274 2492 a
288 2467 367 2494 nobis
384 2466 506 2502 requirat
520 2476 526 2494 :
543 2467 764 2502 quandoquidem
778 2467 861 2495 etiam
876 2467 900 2494 si
921 2473 973 2494 nos
991 2470 1180 2501 expeteremus
1215 2466 1266 2494 hoc
1284 2466 1401 2495 fortasse
1411 2467 1501 2499 nobis,
1519 2467 1546 2495 id
1562 2468 1696 2495 orationis
1728 2476 1814 2504 genus

186 2512 401 2549 negligentibus,
417 2516 549 2547 ptest-are
564 2521 618 2540 non
638 2513 741 2540 liceret.
783 2512 832 2540 Sin
870 2515 962 2539 autem
999 2511 1117 2539 facultas
1142 2512 1220 2539 nobis
1241 2512 1323 2547 hujus
1343 2513 1548 2547 ostentationis,
1572 2521 1634 2548 qua:
1662 2516 1811 2549 generatim

185 2560 276 2586 minus
290 2558 409 2593 expedit,
435 2558 548 2592 inesset,
575 2558 601 2586 in
616 2559 779 2586 concionum
797 2565 896 2593 genere
913 2565 972 2585 eam
993 2557 1148 2592 approbari,
1176 2558 1228 2586 hoc
1248 2566 1298 2586 nos
1320 2559 1459 2595 antiquius
1475 2560 1632 2588 habuimus.
1665 2560 1732 2587 Nam
1766 2559 1810 2594 qui

185 2606 290 2632 ratione
315 2605 444 2640 praeditus
465 2609 518 2638 est,
545 2606 569 2633 ei
597 2607 770 2641 potissimum
796 2604 972 2640 quaerendum
991 2612 1054 2632 esse
1070 2606 1200 2639 arbitror,
1221 2613 1276 2634 non
1297 2607 1398 2642 quibus
1431 2607 1514 2635 rebus
1549 2608 1694 2634 maximam
1717 2613 1812 2642 praucr

183 2656 298 2681 caeteros
314 2652 522 2681 admirationem
545 2654 586 2680 sui
606 2653 779 2688 excitaverit,
803 2653 851 2681 sed
868 2652 969 2688 quibus
989 2659 1051 2680 cum
1066 2653 1129 2687 sibi,
1148 2657 1205 2682 tum
1218 2654 1326 2683 ca-tcris
1342 2654 1530 2691 adjumentum
1545 2655 1581 2682 sit
1596 2654 1741 2682 allaturus.
