1922 3078
71 101 118 130 595

377 158 501 188 ΚΕΦΔΔ.
518 158 556 186 Γ.

74 228 170 263 Μνήμη
185 227 247 255 τῶν
265 227 299 255 ἐκ
331 228 386 255 τοῦ
398 227 495 263 γάμου
518 227 685 262 δυσχερῶν,
704 227 863 263 καὶέν-δει-

103 261 146 298 {fc
164 261 218 291 τοῦ
241 263 295 290 τὸν
324 261 496 298 γεγραφότα
514 263 568 290 τὸν
586 263 680 297 λόγον
691 261 734 297 μὴ
751 262 865 297 ἄγαμον

103 297 185 325 εἶναι.

102 387 160 414 Εἴθε
177 395 237 418 πως
253 383 310 413 οἷόν
329 395 359 413 τε
381 384 415 420 ἦν
437 387 521 422 κάμοί
542 395 570 413 τι
593 387 717 422 γενέσθαι
737 387 817 414 πλέον
831 387 864 414 ὲκ

73 433 114 467 τῆς
135 431 263 467 τοιαύτης
287 432 420 467 σπουδῆς·
449 431 488 464 ὡς
513 432 584 467 μετὰ
606 432 729 465 πλείονος
758 434 791 460 ἂν
812 434 864 469 τῆς

73 478 216 513 προθυμίας
230 477 278 504 τὸν
301 477 367 512 περὶ
390 476 494 504 τούτων
511 477 592 504 πόνον
610 477 813 514 ἁνεστησάμην,
825 479 864 506 εῐ-

74 531 118 558 περ
131 522 200 549 κατὰ
215 522 246 549 τὸ
265 522 459 558 γεγραμμένον
469 542 476 554 ,
491 522 534 549 ἐπ’
550 522 637 550 ἑλπίδι
653 523 700 550 τοῦ
717 525 863 559 μετασχεῖν

73 570 118 596 τῶν
129 571 161 596 ὲκ
173 568 220 596 τοῦ
236 569 354 604 ἀρότρου
376 569 423 595 καὶ
443 568 557 604 ἁλοητοΰ
569 569 756 605 γεννημάτων,
771 569 862 604 ἐφιλο-

74 615 160 642 πόνουν
169 614 216 641 τὸν
232 614 324 648 λόγον.
349 614 417 640 Nuvi.
439 614 468 641 δὲ
492 614 592 650 τρόπον
616 615 676 641 τινὰ
697 615 800 650 ματαία
816 616 863 642 καὶ

73 661 188 695 ἀνόνητος
211 661 229 696 ἡ
246 659 350 694 γνῶσις
373 659 435 694 ἐμοὶ
453 659 509 686 τῶν
526 660 576 695 τῆς
599 660 748 695 παρθενίας
759 660 861 693 καλῶν,

73 706 104 738 ὡς
117 706 153 740 τῷ
167 705 208 740 βοῒ
223 705 260 732 τὰ
276 705 443 740 γεννήματα,
468 705 507 740 τῷ
529 705 598 740 μετὰ
623 706 719 741 κημῶν
736 707 862 741 ἐπιστρε-

74 752 171 787 φομένῳ
188 752 238 787 τὴν
260 750 397 786 ἆλωνα·ἢ
423 751 462 783 ὡς
485 751 524 787 τῷ
548 751 659 787 διψῶντι
676 752 706 779 τὸ
727 752 862 789 ἀπορρέον

72 798 118 824 τῶν
133 797 266 833 κρημνῶν
286 797 369 834 ὕδωρ,
383 799 448 825 ὅταν
472 796 658 834 ἀνέφικτον
675 799 812 835 Μακάριοι
833 799 862 826 δὲ

736 99 781 127 DE
799 99 1020 128 VIRGINITATE

1652 102 1707 131 826

1215 158 1331 188 CAPUT
1355 160 1402 188 111.

917 227 1139 263 Commemoralio
1156 227 1350 261 diﬂicultalum.
1379 236 1409 254 ac
1425 227 1606 256 moiestiarum
1619 249 1627 260 .
1645 237 1705 263 que

950 270 964 288 e
984 262 1083 296 nuptiis
1098 263 1228 289 exsistunt
1243 270 1252 288 :
1274 270 1326 296 qua
1344 263 1370 289 in
1385 271 1412 289 re
1430 263 1629 291 demonstratur
1641 262 1704 292 item

949 298 991 367 ἴδε
1015 297 1060 331 qui
1078 297 1225 324 oralionem
1250 297 1319 324 hanc
1340 299 1514 333 conscripsit,
1541 300 1634 327 cwlebs
1651 309 1703 326 nou

964 340 1043 359 uiue.

964 340 1043 359 uisse.

950 385 1060 413 Utinam
1075 386 1168 422 aliquo
1187 386 1270 414 modo
1285 385 1343 414 ﬁeri
1360 392 1462 422 posset,
1475 392 1506 414 ut
1522 396 1555 416 ex
1572 388 1625 416 hoc
1644 394 1703 417 stu-

914 431 960 459 dio
980 432 1047 459 mihi
1064 439 1175 467 quoque
1199 431 1302 466 aliquid
1322 432 1440 467 amplius
1454 433 1631 468 contingeret.
1647 442 1704 469 quo

914 478 1094 513 propensiore
1121 478 1204 505 animi
1230 481 1381 510 voluntate,
1409 485 1461 514 ego
1486 478 1514 506 in
1540 479 1590 506 hoe
1618 480 1701 507 studii

915 532 1014 559 genere
1055 524 1175 552 laborem
1205 524 1360 559 posuissem
1376 533 1383 551 :
1403 525 1533 560 quoniam
1553 525 1576 552 si
1604 533 1636 552 ea
1653 533 1702 560 spe

913 570 1042 603 ducercr,
1063 575 1102 602 ut,
1118 570 1347 606 quemadmodum
1364 570 1462 599 litteris
1478 571 1614 606 proditum
1640 575 1700 604 est,

913 615 1021 652 frugum
1038 623 1100 652 qua:
1113 624 1147 644 ex
1173 616 1297 643 aratione
1324 616 1459 655 triturave
1494 616 1701 652 percipiuntur,

914 667 1018 698 partem
1045 669 1096 698 ego
1122 669 1232 698 quoque
1275 662 1394 698 aliquam
1427 662 1550 695 ferrem;
1575 667 1703 690 accurate

912 715 979 736 sane
1011 708 1039 736 in
1079 708 1131 736 hac
1152 708 1277 736 oratione
1303 708 1498 735 elaborassem.
1527 706 1606 735 Nune
1638 715 1703 735 vero

912 753 980 781 mihi
1008 753 1182 789 virginalium
1206 753 1318 780 laudum
1347 754 1467 789 cognitio
1486 753 1604 788 quodam
1620 752 1704 780 modo

913 798 1003 827 inanis
1023 804 1065 826 est
1080 806 1113 826 ae
1130 799 1241 826 minime
1256 798 1407 831 fructuosa,
1423 798 1519 833 quales
1534 798 1623 826 solent
1640 805 1704 826 esse

73 840 108 875 οἷς
121 845 147 870 ὲν
166 843 280 880 ἐξουσίᾳ
293 844 348 871 τῶν
370 844 513 880 βελτιόνων
537 844 613 871 ἐστὶν
635 845 652 880 ἡ
673 845 790 880 αἵρεσις,
815 845 862 872 καὶ

916 848 993 872 terrae
1007 844 1100 880 fruges
1132 844 1195 872 bovi
1212 864 1220 877 ,
1254 845 1301 879 qui
1326 852 1375 872 ore
1411 844 1494 871 frenis
1520 843 1651 878 impedito
1667 843 1701 870 ad

74 891 115 916 οὐκ
121 889 350 926 ἀπετειχὶσθησαν
361 890 399 926 τῷ
408 891 489 926 κοινῷ
499 890 700 926 προληφθέντες
710 891 769 926 βίῳ,
778 891 863 918 καθά-

76 945 120 971 περ
131 937 208 971 ἡμεῖς
230 933 288 962 οἷόν
309 945 363 963 τινι
387 928 506 972 χῖὶσματι
527 936 597 972 πρὸς
609 936 640 963 τὸ
653 936 702 972 τῆς
715 937 864 973 παρθενίας

74 982 193 1017 καύχημα
211 982 398 1018 διειργόμεθα,
415 982 483 1019 πρὸς
498 983 531 1018 ἢν
544 983 594 1009 οὐκ
612 982 686 1009 ἔστιν
705 982 863 1010 ἐπανελθεῖν

74 1027 107 1053 ἑτι
128 1027 170 1054 τὸν
191 1027 266 1061 ἅπαξ
294 1028 332 1063 τῷ
349 1026 475 1063 κοσμικῷ
496 1026 546 1063 βίῳ
564 1028 595 1054 τὸ
623 1029 697 1063 ῐχνος
720 1028 863 1063 ἐναπερεί-

75 1082 157 1105 σαντα.
174 1074 223 1100 Διὰ
239 1073 321 1101 τοῦτο
336 1073 429 1101 θεαταὶ
445 1073 526 1109 μόνον
544 1073 599 1100 τῶν
618 1073 765 1109 ἀλλοτρίων
779 1074 863 1109 ἐσμὲν

74 1119 153 1146 καλῶν
173 1119 266 1154 ἡμεῖς,
293 1119 341 1146 καὶ
360 1119 498 1154 μάρτυρες
512 1119 561 1154 τῆς
578 1119 716 1155 ἑκατέρων
730 1119 863 1156 μακαριό-

73 1172 144 1198 τητος
154 1172 161 1179 ·
176 1164 227 1191 κᾶν
244 1173 271 1191 τι
287 1163 372 1196 δεξιὸν
391 1164 455 1200 περὶ
469 1163 618 1200 παρθενίας
632 1165 783 1201 νοήσωμεν,
798 1164 863 1192 ταύ-

73 1212 113 1242 ςὺν
130 1210 270 1245 πάσχομεν
293 1210 348 1241 τοῖς
370 1209 507 1245 ὀψοποιοῖς
530 1219 561 1237 τε
588 1210 635 1238 καὶ
657 1211 818 1247 ὑπηρέταις,
837 1211 862 1238 οἳ

74 1255 117 1290 τὴν
129 1255 322 1291 ἑπιτραπὲζιον
340 1255 394 1282 τῶν
415 1255 548 1283 πλουσίων
571 1257 677 1292 τρυφὴν
693 1256 784 1289 ἄλλοις
797 1257 864 1293 ἡδύ-

74 1309 163 1333 νουσιν,
191 1301 299 1333 οὐδενὸς
322 1301 398 1328 αὐτοὶ
424 1301 480 1328 τῶν
508 1303 772 1338 παρεσκευασμένων
798 1312 864 1339 μετ-

74 1347 186 1382 έχοντες·
201 1347 240 1379 ὡς
265 1347 402 1383 μακάριόν
417 1356 449 1382 γε
475 1347 508 1375 ἃν
527 1345 572 1384 ἦν,
592 1349 616 1375 ει
634 1348 672 1384 μὴ
694 1348 781 1381 οὕτως
793 1348 862 1385 εἷχε,

76 1393 134 1429 μηδὲ
157 1394 189 1429 τῇ
210 1393 406 1430 ὕπεροὸουλίᾳ
420 1394 452 1421 τὸ
473 1394 555 1422 καλὸν
578 1395 778 1431 ἐγνωρίσαμεν.
796 1396 864 1423 Νυνὶ

75 1437 98 1464 δὲ
111 1437 222 1473 ζηλωτοὶ
235 1437 288 1473 μὲν
300 1438 396 1471 ὅντως,
415 1439 464 1466 καὶ
478 1439 570 1475 πάσης
590 1439 674 1475 εὐχῆς
700 1441 747 1467 καὶ
768 1440 864 1468 ἐπιθυ-

77 1483 131 1518 μίας
143 1483 272 1511 ἐπέκεινα
295 1484 470 1520 πράττοντες,
493 1482 534 1517 οἷς
556 1485 574 1521 ὴ
594 1485 708 1521 δύναμις
722 1486 776 1514 τῶν
791 1487 862 1514 ἀπο-

75 1529 186 1557 λαύσεων
218 1530 277 1557 τῶν
299 1530 409 1565 ἀγαθῶν
436 1531 537 1559 τούτων
565 1531 616 1558 οὐκ
641 1532 862 1561 ἅποκέκλεισται.

81 1575 166 1611 Ἡμεῖς
186 1576 214 1603 δὲ
228 1576 357 1612 καθάπερ
376 1576 400 1603 οἱ
412 1578 446 1612 τῇ
460 1577 582 1613 πολιτείᾳ
595 1579 604 1588 “
617 1577 664 1604 τοῦ
690 1578 803 1606 πλούτου
815 1578 865 1615 τὴν

77 1621 171 1648 ἑαυτῶν
184 1621 430 1657 παραθεωροῦντες
442 1622 548 1654 πενίαν.
562 1622 654 1650 πλεῖον
667 1623 795 1651 ἀνιῶνται
808 1625 865 1656 τοῖς

77 1667 182 1699 παροῦσι
206 1667 255 1694 καὶ
276 1666 496 1703 δυσχεραίνουσι”
517 1667 563 1695 τὸν
585 1668 667 1696 αὑτὸν
690 1669 789 1704 τρόπον
810 1670 865 1705 ὅσῳ

78 1712 149 1739 πλέον
169 1712 215 1740 τὸν
237 1713 290 1749 τῆς
312 1713 461 1749 παρθενίας
487 1713 601 1741 πλοῦτον
629 1715 864 1751 ὲπιγινώσκομεν,

77 1758 184 1794 τοσούτῳ
199 1759 303 1795 μᾶλλον
325 1759 496 1795 οίκτείρομεν
515 1759 562 1787 τὸν
579 1759 658 1788 ἄλλον
673 1760 740 1795 βίον,
756 1760 800 1787 διὰ
814 1761 864 1797 τῆς

77 1804 123 1831 τῶν
136 1805 278 1840 βελτιόνων
290 1805 506 1842 παρεξετάσεως,
520 1803 574 1833 οἷον
591 1806 639 1833 καὶ
655 1807 716 1834 ὅσον
730 1807 864 1843 πτωχεύει

78 1850 333 1885 καταμανθάνοντες.
351 1851 389 1878 Οὐ
414 1850 486 1885 λέγω
509 1851 589 1886 μόνον
609 1851 658 1878 ὅσα
681 1851 794 1887 ὕστερον
807 1853 864 1885 τοῖς

79 1897 130 1923 κατ’
146 1896 243 1932 ἀρετὴν
259 1896 419 1932 βεϐιωκόσιν
437 1896 590 1930 ἀπόκειται,
601 1896 669 1924 ἀλλὰ
688 1897 735 1924 καὶ
747 1899 797 1925 ὅσα
813 1898 863 1933 τῆς

80 1942 209 1978 παρούσης
223 1943 284 1969 ἐστὶ
299 1941 383 1977 ζωῆς.
402 1941 434 1969 Et
450 1943 505 1978 γάρ
527 1951 569 1974 τις
583 1942 704 1979 ἀκριὸὣς
727 1943 863 1976 ἐξετάζειν

81 1985 156 2013 ἐθέλοι
171 1987 215 2014 τοῦ
233 1987 292 2022 βίου
307 1987 400 2014 τούτου
419 1987 450 2014 τὸ
472 1988 539 2023 πρὸς
562 1987 611 2023 τὴν
636 1988 784 2024 παρθενίαν
805 1989 863 2016 διά-

80 2039 162 2067 φορον,
187 2033 324 2069 τοσαύτην
347 2032 457 2068 εὑρήσει
479 2032 529 2068 τὴν
549 2033 690 2070 διαφορὰν,
702 2034 751 2070 ὅση
771 2034 864 2070 σχεδὸν

79 2078 140 2112 πρὸς
153 2078 186 2105 τὰ
198 2078 314 2114 οὐράνια
334 2078 388 2105 τῶν
399 2078 527 2113 ἐπιγείων
541 2079 628 2106 ἐστίν·
649 2079 736 2113 ἔξεστι
751 2079 780 2106 δὲ
793 2079 863 2114 γνῶ-

79 2133 117 2150 ναι
127 2124 173 2160 τὴν
186 2124 233 2152 τοῦ
252 2125 332 2159 λόγου
345 2124 482 2160 ἀλήθειαν,
498 2125 566 2151 αὐτὰ
583 2125 815 2160 διασκεψαμένους
828 2126 863 2153 τὰ

913 898 1004 918 aream
1027 890 1219 918 convertitur:
1243 890 1269 918 id
1296 890 1370 924 quod
1397 890 1499 918 accidit
1524 891 1587 918 item
1615 889 1638 917 ei
1654 889 1701 924 qui

913 943 1012 972 aquam
1040 937 1097 964 sitit
1111 944 1127 964 e
1146 935 1292 970 praeruptis
1320 936 1396 964 saxis
1421 935 1597 967 deﬂuentem,
1615 943 1702 970 neque

912 990 973 1010 eam
991 989 1089 1017 capere
1105 985 1206 1018 potest.
1221 981 1357 1010 Praeclare
1382 982 1492 1016 quidem
1517 989 1580 1008 cum
1593 981 1628 1008 iis
1644 981 1701 1016 agi-

914 1033 969 1060 tur.
995 1028 1096 1062 quibus
1124 1029 1259 1064 integrum
1274 1033 1303 1055 et
1322 1028 1438 1055 liberum
1455 1033 1497 1056 est
1521 1027 1635 1055 meliora
1651 1027 1700 1054 de-

914 1075 1016 1110 ligere:
1043 1075 1144 1110 quippe
1172 1082 1235 1102 cum
1259 1075 1399 1102 communi
1425 1082 1455 1102 se
1482 1075 1545 1102 vitae
1563 1074 1701 1107 dederint,

913 1120 992 1156 quasi
1028 1121 1100 1148 vallo
1132 1120 1224 1155 aliquo
1241 1120 1418 1155 circumsepti
1450 1127 1506 1147 non
1549 1123 1699 1148 tenentur:

913 1164 1143 1200 quemadmodum
1168 1171 1229 1197 n05,
1249 1165 1295 1200 qui
1322 1164 1406 1192 veluti
1422 1165 1542 1200 quodam
1565 1169 1700 1192 terrarum

914 1211 988 1238 hiatu
1014 1211 1200 1246 prohibemur,
1230 1211 1379 1246 quominus
1395 1211 1429 1238 ad
1445 1211 1514 1238 hanc
1541 1211 1702 1246 virginalem

913 1257 1028 1293 gloriam
1048 1257 1222 1289 accedamus,
1239 1264 1322 1292 quam
1338 1257 1472 1292 attingere
1499 1257 1554 1285 illis
1584 1257 1702 1292 amplius

913 1310 968 1330 non
998 1302 1072 1335 licet,
1095 1302 1188 1338 quiin
1213 1302 1339 1330 humanae
1364 1303 1427 1330 vitae
1452 1302 1591 1330 curriculo
1617 1303 1702 1330 vesti-

913 1349 987 1383 gium
1015 1348 1099 1376 semel
1122 1348 1322 1383 impresserint.
1351 1348 1442 1381 Quare
1471 1355 1522 1376 nos
1550 1348 1702 1375 alienari-a1

913 1394 1025 1422 laudum
1045 1398 1224 1430 spectatores,
1261 1394 1402 1428 beataeque
1419 1394 1534 1421 aliorum
1559 1394 1622 1422 vitae
1659 1398 1701 1421 Ie-

914 1445 981 1471 sles,
1005 1440 1069 1467 licet
1087 1446 1216 1474 magnum
1232 1438 1346 1474 aliquid,
1373 1442 1400 1466 et
1415 1439 1575 1473 praeclarum
1597 1439 1631 1466 de
1647 1440 1703 1466 vir-

916 1485 1027 1520 ginitate
1041 1485 1209 1520 cogitemus:
1235 1489 1329 1512 tamen
1354 1484 1424 1511 idem
1450 1484 1531 1513 nobis
1557 1485 1702 1520 contingit,

916 1529 988 1565 quod
1016 1530 1206 1558 conditoribus
1241 1529 1468 1564 administrisque
1497 1530 1619 1557 convivii
1648 1538 1701 1558 usu

916 1575 1010 1602 venire
1033 1575 1114 1607 solet,
1140 1575 1187 1610 qui
1216 1574 1460 1610 conquisitissimis
1489 1574 1560 1602 cibis
1577 1575 1612 1602 ad
1635 1574 1703 1602 alio-

916 1628 976 1648 rum
1004 1621 1170 1655 voluptatem
1194 1620 1310 1648 divitum
1329 1627 1440 1648 mensas
1466 1620 1622 1654 condiunt;
1649 1620 1703 1656 ipsi

916 1675 979 1694 vero
1000 1674 1092 1694 carum
1119 1674 1220 1698 rerum.
1237 1673 1298 1701 quae
1326 1670 1464 1701 apparatae
1487 1669 1573 1700 sunt,
1598 1667 1703 1694 nullam

915 1714 1027 1739 omnino
1059 1715 1164 1747 partem
1193 1711 1293 1739 habent
1318 1719 1326 1738 :
1350 1719 1432 1747 quam
1456 1711 1529 1739 beati
1556 1719 1704 1744 essemus.

914 1758 969 1786 nisi
994 1766 1038 1786 res
1062 1759 1099 1786 ita
1126 1765 1156 1786 se
1175 1757 1310 1791 haberet,
1338 1764 1428 1792 neque
1457 1765 1508 1785 nos
1538 1762 1704 1793 praepostero

915 1804 1031 1832 consilio
1068 1810 1186 1838 seroque
1224 1803 1326 1830 malum
1354 1810 1596 1838 cognosceremus.
1624 1803 1705 1831 Certe

915 1848 1030 1884 hujusce
1051 1848 1140 1876 laudis
1157 1848 1183 1875 hi
1200 1847 1401 1875 mutilationem
1417 1855 1512 1875 revera
1530 1847 1703 1883 proﬁtentur,

915 1902 946 1922 ac
968 1896 1030 1930 plus
1053 1902 1131 1927 sane,
1153 1901 1235 1929 quam
1267 1894 1382 1928 cupiunt
1398 1897 1425 1921 et
1448 1900 1562 1929 optant,
1581 1894 1619 1921 illi
1643 1894 1706 1929 qui<

914 1940 975 1968 dem
1001 1945 1109 1976 agunt,
1141 1940 1243 1976 quibus
1278 1939 1311 1967 ad
1347 1940 1419 1967 bona
1452 1939 1510 1967 haec
1538 1939 1704 1976 perfruenda

914 1993 969 2013 non
995 1990 1037 2014 est
1063 1986 1223 2013 obstructus
1254 1985 1356 2013 aditus.
1379 1985 1434 2013 Nos
1450 1993 1516 2013 vero
1535 1986 1591 2021 jam
1618 1986 1644 2012 in
1671 1992 1704 2013 ea

913 2039 996 2067 porro
1020 2032 1177 2060 conditione
1207 2039 1305 2060 sumus
1333 2033 1360 2059 in
1381 2039 1434 2067 qua
1463 2032 1493 2065 ii,
1525 2032 1571 2067 qui
1590 2032 1704 2060 divitia-

914 2086 987 2110 rum,
1013 2081 1095 2113 atque
1133 2085 1215 2113 opum
1242 2077 1421 2112 amplitudine
1447 2085 1525 2104 suam
1553 2085 1615 2105 cum
1651 2078 1702 2113 ipsi

917 2123 1138 2158 contemplemur
1165 2127 1364 2158 paupertatem,
1395 2123 1513 2157 majores
1540 2131 1572 2150 ex
1610 2131 1702 2151 rerqu

80 2169 228 2205 πράγματα.
254 2169 341 2196 Πόθεν
361 2168 390 2196 δέ
398 2177 440 2201 τις
459 2168 611 2205 ἀρξάμενος
627 2169 742 2202 ὲπαξίας
765 2169 799 2197 ἂν
817 2170 862 2196 τὸν

916 2177 1027 2197 suarum
1056 2174 1129 2197 statu
1159 2169 1211 2197 sibi
1246 2173 1357 2197 struunt
1377 2169 1597 2200 sollicitudines,
1624 2170 1704 2197 vehe-

82 2211 158 2249 βαρὺν
178 2213 273 2241 τοῦτον
296 2213 547 2249 ὲκτραγῳδήσειεη
574 2213 611 2239 ’Ἡ
623 2212 680 2245 πῶς
705 2213 738 2241 ἄν
762 2222 804 2245 τις
828 2212 863 2240 τὰ

82 2259 152 2286 κοινὰ
168 2258 214 2286 τοῦ
231 2259 292 2295 βίου
308 2259 353 2286 ὑπ’
366 2258 426 2293 ὄψιν
437 2258 536 2293 ἀγάγοι
557 2258 641 2290 κακὰ,
662 2257 680 2285 ὃ.
694 2258 794 2290 πάντες
814 2258 864 2293 μὲν

82 2305 103 2330 οἱ
117 2305 248 2341 ἄνθρωποι
263 2305 308 2332 διὰ
326 2304 375 2340 τῆς
393 2304 490 2340 πείρας
513 2304 693 2339 γινώσκουσιν
704 2325 711 2337 ,
736 2304 786 2332 οὐκ
806 2302 865 2332 οῖδα

81 2348 105 2375 δὲ
118 2350 187 2382 ὅπως
202 2350 231 2377 ἐν
241 2350 333 2381 αὐτοῖς
346 2350 403 2381 τοῖς
420 2350 519 2376 εἰδόσιν
537 2349 608 2376 αὐτὰ
626 2350 767 2377 λανθάνειν
784 2351 800 2385 ή
815 2350 865 2385 φύ-

83 2403 120 2427 σις
140 2396 340 2432 ἐμηχανήσατο,
369 2396 499 2428 ἑκουσίως
525 2396 580 2422 τῶν
605 2395 755 2431 ἀνθρώπων
774 2397 804 2424 ὲν
824 2395 864 2429 οἷς

82 2441 143 2467 εἰσιν
162 2438 348 2475 ἀγνοούντωνς
363 2441 458 2468 Βούλει
478 2441 532 2468 ἀπὸ
557 2441 612 2468 τῶν
636 2441 752 2477 ἡδίστων
775 2441 864 2477 ἀρξώ-

84 2487 162 2520 μεθα;
178 2487 283 2515 Οὐκοῦν
300 2487 331 2513 τὸ
349 2487 495 2521 κεφάλαιον
510 2487 563 2514 τῶν
582 2488 610 2514 ἐν
631 2487 669 2523 τῷ
683 2487 763 2523 γάμῳ
781 2496 865 2514 σπου-

83 2531 225 2568 δαζομένων
236 2533 268 2560 τὸ
294 2533 494 2569 κεχαρισμένης
517 2533 656 2568 ἐπιτυχεῖν
672 2535 730 2561 ἔστι
745 2533 865 2569 συμδιώ-

85 2584 154 2608 σεως.
179 2578 233 2605 Καὶ
253 2578 286 2614 δὴ
309 2578 384 2605 ταῦθ’
404 2578 491 2610 οὓτως
517 2579 612 2614 ὲχέτω,
629 2579 674 2606 καὶ
694 2579 737 2606 διὰ
757 2579 865 2606 πάντων

85 2625 243 2660 μακαριστὸς
256 2624 455 2660 ὑπογεγράφθαι)
470 2626 484 2652 ό
497 2626 601 2660 γάμος⁹
615 2626 692 2660 γένος
712 2626 863 2661 εὐδόκιμον,

85 2667 187 2701 πλοῦτος
206 2669 308 2705 ἀρκῶν,
324 2669 417 2705 ἡλικία
442 2670 637 2706 συμϐαίνουσα,
651 2671 700 2707 τῆς
714 2671 788 2707 ὦρας
800 2671 866 2698 αὐτὸ

83 2713 110 2738 τὸ
122 2713 207 2746 ἄνθος,
223 2715 333 2751 φίλτρον
355 2715 435 2748 πολὺ,
451 2716 498 2742 καὶ
522 2713 578 2743 οἷόν
601 2717 675 2744 ὲστιν
691 2718 721 2744 ἐν
743 2717 865 2752 ἐκατέρῳ

85 2757 146 2794 ὑπὲρ
160 2759 205 2786 τοῦ
227 2760 308 2787 ἄλλου
331 2761 516 2788 ὑπονοεῖσθαιο
540 2762 653 2796 γλυκεῖα
671 2761 763 2798 ἐκείνη
791 2762 865 2797 φιλο-

84 2803 162 2830 νεικία
175 2804 207 2832 τὸ
231 2805 324 2839 ἑαυτὸν
338 2805 479 2841 βούλεσθαι
503 2807 581 2842 νικᾷν
598 2808 626 2834 ἐν
644 2808 677 2843 τῇ
693 2807 787 2844 ἀγάπῃ
801 2808 866 2835 ἑκά-

915 2216 1090 2250 mentiusque
1109 2219 1271 2250 torquentur
1286 2223 1293 2241 :
1310 2216 1347 2243 ita
1361 2223 1411 2243 nos
1434 2223 1489 2251 quo
1506 2216 1593 2251 magis
1620 2216 1705 2250 virgi-

914 2260 1010 2287 sitatis
1034 2260 1144 2288 divitias
1168 2259 1380 2295 cognoscimus,
1408 2267 1442 2287 eo
1467 2260 1595 2294 gravius,
1622 2260 1705 2287 rebus

915 2306 1075 2334 melioribus
1100 2306 1246 2341 indagatis,
1270 2306 1343 2333 aliud
1365 2307 1427 2333 vitae
1447 2314 1534 2342 genus
1563 2306 1703 2341 legemus;

915 2359 977 2380 eum
998 2352 1250 2380 animadvertamus
1272 2352 1373 2387 quibus
1395 2352 1539 2387 quantisve
1559 2352 1638 2380 bonis
1659 2360 1704 2380 ea-

915 2402 983 2430 reat.
999 2405 1088 2432 neque
1111 2398 1145 2425 iis
1172 2399 1272 2429 solum,
1290 2405 1350 2433 quae
1367 2398 1428 2425 illos
1451 2402 1573 2430 manent,
1590 2397 1636 2433 qui
1654 2398 1704 2425 ho-

915 2449 993 2471 neste
1023 2446 1153 2479 casteque
1182 2443 1333 2476 vixerunt,
1355 2444 1401 2472 sed
1435 2443 1489 2471 illis
1526 2444 1607 2472 etiam
1644 2451 1705 2479 qua:

916 2489 998 2524 hujus
1023 2489 1084 2516 vitae
1116 2490 1224 2524 propria
1242 2493 1317 2517 sunt.
1335 2489 1363 2517 Si
1383 2489 1447 2524 quis
1466 2489 1538 2517 enim
1561 2489 1705 2524 diligenter

915 2535 1059 2568 exquirere
1078 2535 1164 2566 velit.
1189 2543 1250 2570 qua:
1280 2535 1316 2563 sit
1343 2535 1425 2570 hujus
1451 2544 1467 2562 a
1500 2535 1624 2570 virginali
1651 2534 1703 2561 vita

915 2580 1126 2614 dissimilitudo,
1153 2584 1257 2608 tantam
1288 2580 1411 2616 profecto
1440 2581 1573 2613 inveniet,
1601 2585 1703 2616 quanta

917 2626 1002 2654 ferme
1016 2630 1058 2654 est
1080 2631 1252 2653 terrenarum
1275 2634 1366 2654 rerum
1385 2634 1400 2654 a
1415 2627 1575 2655 cmlestibus
1589 2635 1597 2653 :
1614 2627 1704 2660 hujus-

915 2679 969 2706 que
994 2671 1127 2699 orationis
1146 2672 1286 2699 veritatem
1305 2672 1465 2708 cognitam,
1480 2672 1704 2706 exploratamque

916 2717 934 2744 ii
964 2716 1064 2744 habere
1079 2722 1205 2751 possunt,
1226 2717 1273 2750 qui
1300 2725 1345 2745 res
1374 2719 1449 2753 ipsas
1477 2717 1583 2744 ratione
1598 2717 1704 2744 animo-

916 2770 969 2798 que
1001 2762 1190 2790 luslraverint.
1222 2763 1302 2790 Unde
1333 2763 1416 2799 igitur
1443 2764 1505 2798 quis
1527 2762 1633 2790 initium
1662 2763 1704 2790 fa-

916 2808 1026 2841 ciendo,
1050 2808 1175 2836 acerbata
1196 2808 1267 2836 hanc
1295 2809 1379 2836 vitam
1407 2808 1510 2843 tragice
1526 2809 1595 2845 satis
1609 2808 1704 2845 deplo-
