1922 3078
192 107 246 135 w
800 95 830 121 s.
851 93 989 122 unum:

1039 92 1181 120 NYSSENI
1773 93 1827 121 εαε

189 170 263 195 raret
275 165 288 192 ἰ
305 164 359 191 Aut
379 157 517 197 quomodo
527 156 586 184 hac
601 153 759 183 communia
782 153 845 181 vita:
874 153 980 181 incom-

1039 161 1121 189 τερον.
1147 151 1292 188 Προσέστω
1316 151 1422 184 τούτοις
1446 151 1511 183 δόξα
1539 152 1587 178 καὶ
1613 151 1756 180 δυναστεία
1782 154 1830 180 καὶ

190 212 270 241 moda
297 211 333 238 ob
350 196 445 236 oculos
470 207 593 240 poneret.
610 209 673 229 cum
699 208 733 228 ex
755 207 808 228 usu
838 199 907 228 satis
923 199 982 227 hac

1039 197 1206 233 περιφάνεια,
1224 197 1272 224 καὶ
1287 197 1341 223 πᾶν
1355 197 1370 223 ὃ
1392 205 1418 223 τι
1437 196 1537 232 βούλει.
1555 197 1625 224 Ἀλλ’
1639 198 1691 233 ὅρα
1715 198 1764 225 καὶ
1782 199 1831 234 τὴν

191 259 250 294 ipsa
271 264 367 285 omnes
394 250 569 286 intelligant?
597 249 637 276 Ac
663 248 757 276 nescio
773 247 910 294 quomodo
925 254 984 294 pa:

1039 245 1090 275 τοῖς
1108 243 1345 279 ἀπηριθμημένοις
1369 244 1497 279 χρηστοῖς
1525 244 1680 278 ἀναγκαίοις
1705 252 1833 279 συμπαρ-

191 289 253 330 tura
280 301 380 332 etl‘ecit.
405 304 435 326 ut
474 296 532 324 haec
569 294 628 329 ipsa
656 294 747 328 ignota
773 292 830 320 sint
858 292 914 324 iis,
936 290 984 326 qui

1039 289 1120 317 οὖσαν
1137 290 1184 316 καὶ
1198 289 1409 324 ὑποσμύχουσαν
1420 289 1510 324 λύπην
1525 309 1533 316 .

192 356 224 377 ea
251 345 431 383 perspiciunt,
458 349 522 370 cum
539 339 676 371 homines,
698 338 726 366 in
757 337 859 374 quibus
883 337 924 364 hae
940 343 986 364 res
1005 336 1111 369 insunt,
1132 336 1206 363 ultro
1232 336 1369 371 ignorent.
1410 334 1463 362 Sed
1484 335 1595 362 lubelne
1643 339 1672 362 ut
1696 343 1713 362 a
1749 335 1833 383 rebus

196 382 406 431 iucundissimis
437 387 639 418 exordiantur?
661 386 747 422 Igitur
782 393 873 413 rerum
898 384 1021 412 omnium
1040 391 1110 419 quas
1135 384 1162 411 in
1193 383 1296 418 nuptiis
1324 382 1448 410 homines
1470 386 1602 417 expetunt
1617 401 1625 415 ,
1654 386 1737 417 eaput
1766 382 1834 409 illud

193 429 247 474 est,
286 444 316 466 ut
340 437 521 468 convictum,
544 435 663 469 vitaque
705 433 864 461 societatem
894 431 1122 467 iucundissimam
1152 434 1343 465 assequuntur.
1372 430 1462 465 Atque
1510 429 1567 457 haec
1604 429 1714 465 quidem
1736 429 1775 456 ita
1805 437 1835 460 se

194 485 336 516 habeant,
381 481 537 517 nuptiasque
572 478 645 506 omni
670 486 703 506 ex
740 481 817 513 parte
854 484 936 511 quam
959 476 1124 504 beatissima:
1150 475 1362 504 describantur:
1388 475 1497 511 generis
1531 475 1685 507 nobilitas,
1724 474 1835 502 divitia-

195 540 255 560 rum
273 532 350 564 satis,
377 535 439 566 apta
456 528 601 563 utriusque
619 531 696 560 atas,
718 524 931 562 pulchritudinis
956 523 1018 556 llos,
1037 524 1158 552 charitas
1177 531 1294 556 summa,
1324 527 1353 551 et
1373 527 1476 559 quanta
1505 523 1624 551 maxima
1651 522 1768 558 cogitari
1787 527 1835 556 po-

195 582 250 606 test
275 578 418 611 utriusque
456 581 521 610 erga
542 574 657 601 alterum
675 581 682 600 :
698 572 790 600 dulcis
812 571 858 598 illa
894 570 1044 603 contentio,
1067 577 1130 597 cum
1165 571 1235 598 alter
1264 570 1379 598 alterum
1414 570 1440 597 in
1467 577 1560 597 atuore
1600 570 1690 597 studet
1712 570 1834 596 vincere.

195 621 335 650 Accedant
360 621 394 649 ad
423 620 481 648 haec
509 619 605 654 gloria,
628 625 705 654 opes,
732 617 853 653 potentia
871 636 879 649 ,
907 615 1046 650 splendor,
1067 619 1095 643 et
1126 623 1208 644 omne
1226 616 1362 651 denique,
1403 615 1478 650 quod
1510 615 1572 643 addi
1593 615 1677 642 lubet.
1706 614 1835 641 Attamen

198 671 229 696 tu
252 667 332 695 velim
361 666 456 694 videas
474 665 663 702 aegritudinem
678 664 848 700 quamdam,
865 670 926 698 quae
939 662 1042 690 sensim
1080 663 1220 691 hominem
1244 663 1365 695 coniicit,
1393 669 1506 698 unaque
1533 662 1692 690 necessario
1726 661 1762 689 iis
1797 668 1835 688 re

197 715 251 742 bus
277 714 360 747 inest,
389 721 450 749 quae
471 713 500 740 in
527 712 608 740 bonis
632 715 782 739 numerata:
804 714 881 738 sunt.

233 759 370 787 Praetereo
398 758 548 790 invidiam,
582 765 643 793 qua:
661 757 792 784 concitari
821 757 848 783 in
876 762 924 783 eos
946 762 989 782 so-

1078 754 1116 780 Οὐ
1127 753 1198 788 λέγω
1208 753 1254 780 τδν
1265 754 1320 786 τοῖς
1332 752 1518 789 εὐδοκιμοῦσιν
1532 753 1711 789 ἐπιφυόμενον
1726 753 1834 788 φθόνον,

199 804 252 837 let,
279 805 324 839 qui
353 803 447 839 gloriae
469 802 587 830 assecuti
603 805 668 829 sunt
694 800 877 835 splendorem,
901 806 989 834 neque

1043 800 1091 826 καὶ
1103 799 1144 831 τδ,
1159 799 1303 835 πρόχειρον
1319 797 1388 825 εἶναι
1402 798 1469 834 πρὸς
1484 798 1630 834 ἐπιδουλὴν
1653 798 1707 825 τῶν
1727 798 1836 834 ἀνθρὼ-

198 856 394 882 commemoro,
416 855 499 884 quam
531 847 611 874 facile
636 846 777 874 hominum
793 845 903 873 insidiis
921 845 988 873 illud

1043 853 1101 872 πων
1124 845 1156 872 τὸ
1177 844 1271 871 δοκοῦν
1294 844 1438 880 εὐημερεῖν
1464 845 1494 871 ὲν
1516 844 1554 879 τῷ
1572 843 1630 879 βίῳ,
1654 844 1702 871 καὶ
1722 844 1765 871 ὅτι
1780 846 1835 876 πᾶς

198 895 352 931 expositum
377 895 423 928 sit,
441 901 502 922 cum
528 893 591 928 quis
618 893 646 920 in
673 893 728 920 vita
757 892 841 920 rebus
859 892 990 920 secundis

200 940 238 968 uti
258 940 375 972 videtur,
405 945 521 974 quamve
545 941 659 973 paratus
686 937 723 966 sit
737 937 845 969 omnis,
865 937 909 965 cui
940 937 991 965 bo-

199 993 298 1013 norum
322 985 439 1020 aequatio
458 991 512 1012 non
536 984 682 1019 contingit.
708 983 833 1011 naturale
851 982 989 1018 quoddam

199 1031 293 1059 odium
325 1030 425 1058 habere
452 1030 480 1057 in
505 1037 587 1062 eum,
608 1030 655 1064 qui
684 1029 747 1065 plus
777 1029 892 1065 adeptus
925 1033 989 1058 est:

199 1081 282 1112 atque
308 1080 454 1112 propterea
478 1075 532 1108 iis,
555 1075 603 1110 qui
622 1075 724 1110 optima
751 1075 835 1102 animi
855 1075 991 1103 constitu-

199 1121 275 1149 tione
301 1128 362 1148 esse
382 1120 532 1152 videntur,
557 1123 670 1154 propter
686 1119 870 1155 suspicionem
893 1128 991 1154 quam-

199 1168 262 1194 dam
289 1166 475 1194 molestiarum
494 1165 556 1200 plus
577 1166 632 1193 vita
662 1166 737 1198 haec,
758 1172 840 1201 quam
866 1168 991 1201 volupta-

199 1215 258 1240 tum
288 1211 377 1239 aﬂ‘ert.
399 1210 482 1239 Missa
506 1211 565 1238 haec
590 1210 685 1243 facio,
708 1211 788 1246 quasi
813 1215 909 1238 contra
942 1219 991 1239 eos

199 1257 292 1285 omnis
322 1257 482 1292 languescat
509 1256 622 1285 invidia.
656 1258 692 1284 At
725 1263 778 1284 non
809 1256 888 1285 facile
916 1257 990 1285 inve-

200 1302 262 1329 nire
284 1304 440 1337 quempiam
458 1302 531 1335 licet,
547 1303 575 1330 in
600 1309 656 1337 quo
677 1302 734 1330 haec
749 1302 804 1329 duo
824 1303 905 1330 simul
925 1310 990 1330 euu-

201 1347 326 1374 venerint
337 1365 345 1379 ,
363 1351 394 1374 ut
420 1347 630 1375 secundioribus
643 1368 651 1380 ,
665 1355 747 1382 quam
772 1348 851 1375 multi
869 1368 876 1380 ,
907 1349 989 1376 rebus

201 1396 304 1424 utatur,
319 1396 347 1420 et
371 1392 502 1420 invidiam
519 1393 639 1420 declinet
676 1392 729 1420 Sed
747 1397 838 1420 tamen
856 1393 989 1422 faciamus

199 1444 261 1466 esse
285 1441 315 1464 ut
339 1437 374 1465 ab
393 1438 436 1466 his
455 1439 595 1471 omnibus,
626 1438 649 1466 si
678 1438 803 1470 videtur,
824 1446 908 1465 vacua
934 1439 988 1471 sit,

198 1488 227 1511 ct
254 1482 338 1511 libera
356 1483 497 1511 hominum
532 1484 608 1516 vita;
635 1484 831 1518 videamusque
871 1492 905 1512 an
931 1484 988 1512 ﬁeri

200 1530 297 1567 possit,
324 1533 355 1556 ut
371 1529 416 1564 qui
436 1529 487 1556 hoc
511 1529 633 1557 secundo
646 1536 739 1557 rerum
763 1537 846 1557 cursu
863 1534 988 1562 utuntur,

200 1576 348 1611 tranquillo
367 1578 497 1610 rectoque
524 1574 608 1602 animi
629 1578 703 1602 statu
729 1575 794 1602 sint.
814 1575 883 1608 Quid
907 1575 991 1610 igitur

199 1622 264 1655 erit,
282 1622 399 1658 inquies,
415 1621 486 1657 quod
506 1620 661 1648 molestiam
683 1620 789 1652 atterat,
811 1621 866 1648 nisi
891 1621 993 1649 ﬂoren-

199 1668 325 1697 tissimos
357 1667 483 1695 homines
514 1666 636 1701 attigerit
674 1666 798 1694 invidia?
822 1666 880 1694 lloc
901 1668 991 1702 ipsum

199 1715 327 1746 dixerim,
343 1721 405 1741 cum
423 1713 533 1740 illorum
549 1714 606 1740 vita
622 1713 750 1741 omnibus
763 1713 928 1741 circumﬂuit
943 1715 991 1742 bo-

202 1761 257 1791 nis,
272 1759 346 1795 quod
358 1763 400 1786 est
409 1758 512 1786 doloris
524 1758 744 1786 incitamentum.
757 1759 824 1786 Nam
848 1767 930 1794 quam
944 1760 991 1787 diu

202 1805 286 1835 homo
300 1812 344 1831 res
358 1804 481 1831 mortalis
497 1809 550 1834 est,
564 1807 591 1830 et
602 1803 706 1831 caduca
723 1813 731 1838 ;
747 1805 929 1840 sepulcraque
942 1812 992 1832 co-

202 1858 275 1882 rum,
288 1858 302 1877 a
318 1850 417 1885 quibus
429 1853 507 1877 ortus
516 1853 559 1876 est
574 1850 710 1884 intuetur;
729 1851 751 1878 si
764 1851 903 1885 paululum
911 1851 992 1879 modo

202 1896 318 1925 rationis
332 1894 374 1923 est
386 1895 530 1930 particeps.
541 1895 569 1922 in
584 1895 679 1923 dolore
704 1900 762 1928 est.
789 1897 836 1932 qui
853 1904 916 1924 cum
940 1896 992 1924 hac

203 1943 259 1971 vita
274 1942 437 1974 coniunctus
448 1940 568 1977 separari
584 1945 611 1968 et
634 1941 714 1969 avelli
728 1950 781 1969 non
796 1946 895 1977 potest.
922 1941 990 1969 Nam

201 1988 325 2019 assidua,
353 1987 568 2022 quotidianaque
601 1987 697 2015 mortis
715 1987 885 2023 exspectatio
907 1987 992 2015 nullis

202 2034 298 2066 certis,
312 2041 400 2068 neque
425 2033 544 2060 deﬁnitis
560 2032 647 2067 signis
669 2033 790 2069 cognita.
809 2033 858 2061 sed
876 2037 989 2069 propter

204 2081 323 2109 incertos
339 2086 421 2107 casus
434 2086 551 2114 semper,
566 2077 649 2105 veluti
675 2085 809 2112 praesens,
826 2079 991 2114 perterrefa-

203 2126 289 2157 ciens,
301 2125 372 2152 hanc
385 2124 447 2151 vitm
459 2123 658 2158 iucunditatem
673 2128 804 2159 perpetuo
832 2125 934 2156 turbat,
949 2129 991 2152 nt-

202 2179 257 2209 qne
273 2179 376 2204 rerum,
400 2177 462 2205 quae
488 2173 643 2204 sperantur.
659 2174 732 2197 metu
760 2170 868 2198 laetitias
893 2178 989 2199 omnes
1005 2186 1027 2214 υ

203 2217 343 2253 pervertit.
370 2215 400 2243 Si
417 2216 490 2243 enim
507 2215 565 2243 ﬁeri
581 2219 684 2250 posset,
711 2219 741 2243 ut
756 2221 819 2243 ante
837 2217 987 2252 periculum

203 2269 305 2294 rerum,
320 2269 389 2296 quas
403 2264 496 2296 postea
511 2260 573 2294 quis
587 2265 628 2287 est
638 2264 779 2295 expertus,
790 2260 909 2288 disceret
922 2270 929 2295 ;
942 2266 989 2288 aut

203 2308 290 2343 aliqua
306 2307 358 2334 alia
369 2306 527 2339 conjectura
545 2305 579 2337 is,
598 2305 645 2340 qui
669 2305 696 2332 in
713 2305 764 2332 hac
777 2305 831 2332 vita
847 2310 987 2339 versatur,

204 2361 247 2380 res
263 2353 418 2389 perspicere
435 2355 539 2386 posset.
555 2353 676 2383 quantus
693 2350 816 2384 profecto
841 2351 917 2378 licret
928 2351 990 2378 illo-

202 2407 263 2426 rum
281 2404 442 2428 cuncursus.
459 2396 505 2431 qui
525 2396 558 2423 ad
572 2396 758 2430 virginitatem
775 2403 790 2423 a
802 2397 906 2432 nuptiis
922 2404 989 2424 conc

204 2444 327 2478 fugerent
344 2445 355 2471 ?
367 2443 472 2478 Quanta
485 2446 576 2473 cautio
588 2446 760 2482 provisioqus
778 2447 860 2474 animi
874 2446 988 2474 adhibe-

203 2495 290 2521 retur,
307 2494 336 2516 ut
354 2490 592 2524 inexplicabilihus
613 2492 646 2519 iis
671 2492 778 2527 laqueis
796 2499 937 2527 nunquam
959 2499 989 2519 se

203 2535 367 2568 irretissent,
382 2543 499 2570 quorum
512 2536 634 2565 dililciles
647 2537 734 2565 nodos
747 2546 802 2565 non
817 2541 906 2572 potest
918 2537 989 2564 alius

202 2587 330 2610 accurate
340 2589 517 2617 cognoscere.
529 2583 582 2610 nisi
598 2583 644 2618 qui
656 2583 761 2611 retibus
778 2583 845 2617 ipsis
862 2583 989 2618 illaquea-

203 2632 248 2655 lus
260 2628 386 2654 tenetur!
400 2628 532 2656 Cerneres
546 2628 633 2661 enim,
648 2628 672 2655 si
688 2628 739 2656 hoc
754 2632 845 2656 tamen
863 2627 922 2655 sine
940 2635 988 2662 pe-

202 2673 265 2700 culo
275 2673 388 2706 .liceret,
400 2674 514 2700 multam
540 2680 631 2700 rerum
664 2673 735 2700 inter
761 2680 792 2700 se
815 2672 988 2701 dissimilium

203 2717 448 2751 perturbationem,
467 2717 554 2745 risum
572 2718 648 2745 luctu
665 2718 824 2749 admistum,
840 2724 987 2746 mcerorem

201 2770 264 2789 cum
276 2763 368 2790 laetitia
380 2763 538 2794 confusum.
552 2770 714 2798 semperque
729 2763 829 2798 iis,qui
840 2763 896 2791 nati
914 2766 988 2796 sunt,

201 2813 315 2845 propter
326 2816 399 2845 spes,
418 2816 488 2844 quas
502 2808 553 2836 sibi
568 2813 734 2844 proponunt,
751 2809 988 2845 mortem'impen-

1039 891 1054 918 6
1075 890 1113 927 μὴ
1135 890 1282 926 ίσομοιρῶν
1307 891 1336 917 ἐν
1355 889 1395 925 τῷ
1419 889 1562 925 κρείττονι,
1582 889 1696 924 φυσικόν
1716 898 1742 916 τι
1766 889 1835 926 πρὸς

1039 936 1086 963 τὸν
1101 936 1270 972 ὑπερέχοντα
1289 936 1320 963 τὸ
1332 936 1411 972 μῖσος
1427 935 1499 970 εχει·
1512 935 1559 962 καὶ
1571 935 1616 963 διὰ
1633 935 1713 962 τοῦτο
1727 935 1762 962 δι’
1783 935 1835 962 ὑπ-

1038 982 1118 1018 οψίας
1132 983 1189 1014 τοῖς
1201 982 1325 1009 δοκοῦσιν
1340 981 1467 1017 εὐθυμεῖν
1479 982 1494 1008 6
1509 981 1565 1018 βίος
1577 982 1660 1016 ἐστὶν,
1675 981 1761 1008 πλείω
1779 981 1835 1008 τῶν

1040 1029 1126 1064 ἡδέων
1147 1028 1181 1055 τὰ
1200 1028 1310 1064 λυπηρὰ
1331 1028 1525 1063 παρεχόμενος.
1542 1028 1664 1063 Παρίημι
1684 1027 1782 1061 ταῦτα,
1796 1027 1835 1060 ὡς

1040 1074 1089 1102 καὶ
1109 1073 1156 1101 τοῦ
1175 1074 1273 1109 φθόνου
1298 1074 1358 1100 κατ’
1379 1073 1492 1101 ἐκείνων
1512 1073 1670 1110 ἀργοῦντος.
1687 1074 1784 1101 Καίτοι
1803 1081 1835 1108 γε

1039 1120 1071 1147 οὐ
1101 1120 1192 1156 ῥᾴδιόν
1215 1120 1289 1147 ἐστιν
1318 1119 1408 1156 εὑρεῖν
1432 1120 1485 1156 δτῳ
1516 1120 1551 1146 τὰ
1576 1119 1623 1146 δύο
1644 1119 1716 1147 κατὰ
1735 1119 1835 1146 ταύτὸν

1041 1164 1202 1201 συνηνέχθη,
1218 1166 1265 1192 καὶ
1284 1164 1354 1200 ὑπὲρ
1374 1166 1438 1197 τοὺς
1458 1164 1573 1196 πολλοὺς
1591 1164 1771 1200 εὐδαιμονεῖν,
1787 1165 1836 1192 καὶ

1040 1210 1196 1245 διαφεύγειν
1209 1209 1255 1237 τὸν
1269 1209 1375 1245 φθόνον.
1391 1210 1464 1246 Πλὴν
1479 1209 1546 1237 ἀλλὰ
1558 1210 1667 1237 πάντων
1677 1209 1732 1237 τῶν
1746 1209 1835 1236 τοιού.

1040 1264 1095 1283 των
1104 1256 1248 1292 ἐλευθέραν
1261 1256 1352 1283 αὐτῶν
1361 1255 1410 1292 τὴν
1423 1255 1506 1292 ζωὴν,
1519 1256 1544 1282 εἰ
1558 1256 1641 1289 δοκεῖ,
1657 1255 1834 1291 ὐποθώμεθα.

1040 1303 1095 1331 Καὶ
1111 1303 1210 1338 ἴδωμεν
1227 1303 1251 1329 εί
1273 1302 1385 1330 δυνατόν
1404 1303 1477 1329 ἐστιν
1500 1302 1627 1337 εὐθυμεῖν
1645 1302 1709 1334 τοὺς
1727 1302 1757 1329 ἐν
1776 1311 1835 1329 τοι·

1039 1349 1109 1384 αύτῃ
1123 1348 1264 1383 διάγοντας
1279 1348 1423 1384 εὐημερίᾳ.
1449 1348 1482 1375 τί
1505 1346 1552 1375 οὖν
1572 1348 1647 1375 ἔσται
1665 1348 1696 1374 τὺ
1719 1347 1834 1381 λυποῦν,

1040 1395 1123 1430 ἐρεῖς,
1150 1395 1174 1421 εἰ
1199 1393 1270 1429 μηδὲ
1287 1394 1302 1420 6
1323 1393 1420 1429 φθόνος
1438 1393 1494 1420 τῶν
1515 1393 1744 1430 εὐδαιμονούντων
1766 1395 1836 1422 καθ-

1041 1440 1157 1474 ﬂerat;
1173 1439 1258 1466 Τοῦτο
1274 1439 1340 1466 αὐτό
1356 1447 1428 1474 φημι
1450 1438 1481 1465 τδ
1502 1439 1546 1465 διὰ
1561 1439 1668 1466 πάντων
1684 1439 1775 1471 αὐτοῖς
1790 1439 1836 1466 τὸν

1042 1485 1098 1521 βίον
1113 1485 1387 1520 καταγλυκαίνεσθαι,
1403 1482 1482 1512 τοῦτό
1497 1485 1554 1511 ἐστι
1568 1484 1599 1511 τὸ
1616 1485 1665 1521 τῆς
1679 1485 1767 1520 λύπης
1781 1485 1836 1511 ὐπ-

1042 1532 1179 1567 ἐκκαυμα.
1196 1532 1268 1562 Ἕως
1288 1530 1341 1567 γὰρ
1354 1530 1492 1567 ἄνθρωποι
1515 1527 1578 1563 ὦσι,
1595 1531 1626 1557 τὺ
1645 1531 1741 1567 θνητὸν
1754 1531 1835 1558 τοῦτο

1042 1577 1090 1603 καὶ
1103 1575 1234 1612 ἐπίκηρον
1248 1577 1375 1612 πρᾶγμα.
1393 1577 1439 1603 καὶ
1459 1577 1522 1608 τούς
1543 1576 1644 1611 τάφους
1660 1576 1714 1604 τῶν
1734 1577 1783 1612 ἀφ’
1798 1573 1836 1604 ὦν

1042 1621 1169 1656 γεγόνασι
1192 1621 1338 1656 βλέπωσιν,
1359 1621 1509 1658 ἀχώριστον
1531 1621 1622 1657 ἔχουσι
1641 1622 1689 1649 καὶ
1706 1622 1835 1654 συνεζευ-

1042 1669 1147 1704 γμένην
1162 1670 1196 1704 τῇ
1211 1669 1267 1704 ζωῇ
1285 1668 1337 1704 τὴν
1351 1668 1450 1704 λύπην,
1471 1670 1496 1695 εί
1515 1670 1562 1696 καὶ
1585 1669 1682 1705 μικρὸν
1697 1670 1836 1705 μετέχοιεν

1042 1713 1089 1740 τοῦ
1104 1712 1269 1747 λογίζεσθαι.
1288 1713 1321 1740 Ἦ
1335 1713 1390 1750 γὰρ
1404 1713 1529 1750 διηνεκὴς
1544 1713 1591 1741 τοῦ
1610 1714 1726 1742 Θανάτου
1749 1724 1836 1750 προσ-

1041 1757 1128 1791 δοκία,
1145 1758 1196 1785 οὐκ
1211 1758 1258 1785 ἐπὶ
1272 1759 1362 1794 ῥητοῖς
1374 1767 1429 1785 τισι
1446 1759 1570 1795 σημείοις
1584 1760 1833 1796 ἐπιγινωσκομένη,

1042 1804 1110 1832 ἀλλὰ
1129 1805 1173 1832 διὰ
1199 1805 1249 1840 τὴν
1274 1805 1386 1841 ἅδηλίαν
1406 1805 1453 1833 τοῦ
1483 1806 1636 1841 μέλλοντος,
1659 1807 1775 1834 πάντοτε
1796 1807 1835 1838 ὡς

1041 1850 1203 1885 ἐνεστηκυῖα
1218 1850 1352 1885 φοϐοῦσα,
1367 1850 1417 1886 τὴν
1435 1851 1480 1878 ἀεὶ
1503 1851 1642 1887 παροῦσαν
1664 1852 1835 1888 εὐφροσύνην

1042 1897 1146 1931 συγχεῖ,
1160 1895 1198 1931 τῷ
1212 1896 1288 1932 φόϐῳ
1303 1897 1356 1923 τῶν
1368 1896 1552 1933 ἐλπιζομένων
1564 1898 1614 1930 τὰς
1627 1898 1760 1934 εὐθυμίας
1775 1900 1834 1926 ἐπι-

1040 1940 1224 1977 ταράσσουσα.
1242 1941 1273 1969 El
1286 1941 1340 1977 γὰρ
1357 1939 1391 1978 ἦν
1411 1940 1523 1969 δυνατὸν
1539 1943 1592 1979 πρὸ
1610 1944 1660 1979 τῆς
1684 1944 1783 1979 πείρας
1801 1943 1834 1970 τὰ

1041 1986 1096 2014 τῶν
1108 1987 1316 2023 πεπειραμένων
1332 1986 1437 2022 μαθεῖν,
1450 1987 1474 2013 εἰ
1486 1988 1539 2023 γὰρ
1555 1988 1620 2023 ἐξῆν
1636 1987 1669 2014 δι’
1693 1988 1778 2024 ἄλλης
1801 1997 1834 2015 τι-

1041 2031 1086 2063 νος
1107 2032 1228 2064 ἐπινοίας
1253 2033 1328 2065 ἐντὸς
1347 2033 1395 2060 τοῦ
1411 2033 1468 2069 βίου
1489 2034 1643 2069 γενόμενον,
1667 2034 1834 2062 ἐποπτεῦσαι

1041 2076 1076 2106 τὰ
1092 2077 1253 2113 πράγματα’
1268 2077 1350 2110 πόσος
1362 2078 1395 2105 ἂν
1408 2076 1442 2115 ἦν
1453 2079 1467 2105 ό
1479 2078 1578 2116 δρόμος
1587 2078 1642 2107 τῶν
1653 2079 1833 2114 αὐτομολούν-

1040 2129 1096 2148 των
1111 2123 1180 2160 πρὺς
1197 2123 1247 2159 τὴν
1262 2123 1409 2159 παρθενίαν
1424 2124 1480 2152 ἀπὸ
1498 2124 1545 2153 τοῦ
1558 2125 1664 2160 γάμουί
1689 2125 1762 2160 πόση
1781 2134 1833 2161 cpu-

1041 2166 1112 2203 λακὴ
1128 2168 1175 2195 καὶ
1198 2169 1351 2206 προμήθεια
1371 2169 1418 2199 τοῦ
1449 2170 1554 2207 μήποτε
1576 2170 1706 2204 ἀφύκτοις
1730 2171 1833 2206 πάγαις

1042 2214 1253 2250 ἐγκρατηθῆναι,
1265 2212 1303 2241 ὧν
1315 2215 1364 2251 τὴν
1376 2215 1518 2244 δυσκολίαν
1533 2215 1584 2242 οὐκ
1603 2216 1677 2244 ἔστιν
1691 2217 1780 2249 ἄλλως
1798 2217 1832 2245 δι’

1038 2259 1180 2295 ἀκριϐείας
1197 2260 1302 2296 μαθεῖν,
1321 2260 1358 2297 μὴ
1376 2260 1452 2292 ἐντὸς
1467 2260 1522 2288 τῶν
1543 2261 1654 2296 ἀρκύων
1664 2262 1829 2298 γενόμενονί

1039 2303 1115 2337 Εἶδες
1128 2305 1180 2341 γὰρ
1205 2306 1249 2338 ἂν,
1263 2305 1342 2341 εἴπερ
1368 2306 1432 2333 ἰδεῖν
1455 2306 1604 2340 ἀκινδύνως
1627 2307 1703 2343 ἐξῆν,
1731 2309 1830 2347 πολλὴν

1037 2351 1093 2377 τῶν
1112 2351 1240 2379 ἐναντίων
1253 2352 1303 2388 τὴν
1317 2351 1456 2390 σύγχυσιν,
1479 2353 1585 2387 γέλωτα
1602 2353 1731 2389 δακρύοις
1743 2355 1830 2390 ἐμπε-

1039 2396 1187 2432 φυρμένον,
1205 2397 1252 2423 καὶ
1275 2396 1364 2433 λύπην
1386 2399 1566 2435 εὐφροσύναις
1585 2401 1830 2438 συμμεμιγμένην,

1039 2442 1177 2478 πανταχοῦ
1191 2444 1248 2475 τοῖς
1263 2444 1416 2479 γινομένοις
1430 2445 1607 2481 συμπαρόντα
1623 2446 1668 2473 διὰ
1687 2447 1742 2474 τῶν
1756 2448 1831 2474 ἐλπί-

1038 2488 1091 2515 δων
1103 2488 1150 2515 τὸν
1165 2488 1287 2522 θάνατον,
1304 2489 1351 2518 καὶ
1375 2490 1490 2517 ἐκὼστου
1512 2490 1566 2518 τῶν
1588 2491 1649 2518 καθ’
1663 2491 1760 2528 ἡδονὴν
1783 2492 1830 2526 ἐφ-

1038 2534 1200 2569 απτόμενον.
1222 2535 1306 2562 Ὅταν
1337 2535 1379 2571 ἴδῃ
1407 2536 1422 2571 δ
1448 2537 1564 2572 νυμφίος
1589 2538 1619 2564 τὸ
1649 2537 1830 2574 ἀγαπώμενον

1039 2580 1194 2616 πρόσωπον,
1211 2580 1291 2613 εὐθὺς
1305 2581 1413 2613 πάντως
1427 2582 1474 2609 καὶ
1493 2582 1507 2608 6
1529 2582 1610 2617 φόϐος
1626 2583 1673 2610 τοῦ
1690 2583 1828 2620 χωρισμοῦ

1040 2626 1240 2662 συνεισέρχεται
1250 2634 1257 2641 ·
1281 2627 1334 2654 κᾶν
1350 2627 1454 2666 ἀκούσῃ
1467 2628 1517 2664 τῆς
1536 2629 1649 2666 ἡδίστης
1663 2630 1766 2666 φωνῆς,
1784 2632 1830 2658 καὶ

1037 2671 1068 2699 τὸ
1082 2670 1120 2709 μὴ
1135 2671 1300 2699 ἀκούσεσθαί
1323 2680 1388 2699 ποτε
1402 2674 1538 2708 ἐννοήσειυ
1552 2675 1599 2701 καὶ
1610 2674 1673 2701 ὅταν
1691 2675 1828 2712 εὐφρανοῇ

1037 2717 1071 2754 τῇ
1091 2716 1192 2756 θεωρίᾳ
1212 2717 1260 2744 τοῦ
1282 2717 1408 2751 κάλλους,
1429 2719 1489 2745 τότε
1508 2720 1625 2754 μάλιστα
1650 2721 1758 2756 φρίττει
1781 2722 1830 2757 τὴν

1039 2761 1202 2798 προσδοκίαν
1223 2762 1270 2789 τοῦ
1292 2763 1424 2795 πένθους²
1445 2764 1492 2790 ἐὰν
1509 2764 1543 2792 τὰ
1564 2765 1643 2801 τίμια
1662 2767 1696 2801 τῇ
1712 2766 1828 2802 νεότητι,

1039 2807 1086 2834 καὶ
1102 2807 1151 2835 ὅσα
1167 2808 1242 2844 παρὰ
1255 2808 1309 2836 τῶν
1325 2809 1445 2844 ἀνοήτων
1462 2810 1642 2844 σπουδάζεται
1658 2814 1826 2849 κατανοήσῃ·
