1922 3078
73 107 115 140 529

725 104 768 132 DE
783 104 1017 136 VIRGINITATE.

1638 109 1690 137 ΞΟ

73 161 116 190 οίιν
128 161 258 197 ὀφθαλμὸν
281 162 335 193 τοῖς
354 161 497 198 βλεφάροις
519 162 678 198 λάμποντα,
698 163 745 190 καὶ
763 163 847 199 ὀφρὺν

900 165 974 195 dere,
1000 172 1033 192 ac
1050 173 1156 201 smgura
1193 173 1254 200 qum
1282 167 1308 193 in
1336 166 1476 201 voluptatc
1511 167 1597 202 posita
1624 171 1690 195 sunt

74 207 271 244 septxsxupév'qv
289 207 329 242 τῷ
349 207 461 244 ὄμματι.
479 209 527 235 καὶ
552 209 667 244 παρειὰν
688 210 715 235 ὲν
730 209 788 245 ἡδεῖ
799 211 847 237 καὶ

73 252 184 288 γλαφυῴ
209 252 379 288 μειδιάματι,
407 253 453 279 καὶ
480 253 567 287 χεῖλος
594 254 791 290 ἐπηνθισμένον
808 256 847 292 τῷ

74 298 162 334 φυσικῷ
177 298 338 333 ἐρυθήματι.
355 298 443 333 κόμην
456 307 486 324 τε
499 300 654 335 χρυσομιγῆ
672 302 718 327 καί
736 300 846 335 βαθεῖαν

72 346 102 380 τῷ
113 344 216 378 ποικίλῳ
226 344 275 378 τῆς
290 344 429 379 ἐμπλοκῆς
441 345 474 379 τῇ
490 345 595 380 κεφαλῇ
608 347 843 381 περιστίλϐουσαν,

72 391 109 417 καὶ
127 390 209 416 aiam;
231 389 281 425 τὴν
309 390 475 426 πρόσκαιρον
499 391 613 425 ἀγλαΐαν
643 393 760 428 ἐκείνην,
784 393 844 420 τότε

72 437 171 467 πάντως,
188 435 239 462 κᾶν
268 436 367 471 μικρὸν
390 436 464 472 αὑτῷ
487 439 575 472 προσῇ
604 437 650 464 τοῦ
678 439 843 472 λογίζεσθαι.

71 482 163 507 κάκεῖνο
225 481 299 516 ψυχῇ
314 482 408 511 ὲννοεῖ,
420 482 460 508 ὅτι
475 482 554 509 τοῦτο
576 483 606 509 τὸ
626 483 723 515 κάλλος
739 485 845 520 οἰχήσε-

70 528 104 554 ταί
122 536 177 553 ποτε
193 527 331 563 διαρρυὲν,
353 527 399 553 καὶ
423 528 463 558 είς
482 528 512 554 τὸ
529 529 566 563 μὴ
590 528 618 554 ὃν
642 531 845 564 περιστήσεται,

71 573 135 599 ὀστέα
149 572 260 608 βδελυρά
276 581 306 598 τε
327 573 374 598 καὶ
391 573 497 608 εἰδεχθῆ
513 574 574 600 ἀντὶ
592 574 638 600 τοῦ
651 575 698 600 νῦν
717 575 847 610 φαινομέ-

70 627 106 644 νην
119 618 267 653 γενόμενον,
284 619 359 644 οὐδὲν
376 619 458 653 ἴχνος,
474 619 549 645 οὐδὲν
568 621 749 654 μνημόσυνον,
770 622 846 649 οὐδὲν

70 663 175 698 λείψανον
189 663 235 690 τοῦ
249 664 382 699 παρόντος
402 664 498 696 ἄνθους
511 665 720 700 ἐπιφερόμενον.

904 210 1049 245 attingere.
1067 210 1190 245 Sponsus
1209 211 1350 238 honestam
1367 211 1474 244 faciem,
1502 216 1528 238 et
1544 212 1689 239 amabilem

899 263 962 283 eum
978 255 1076 288 cernit,
1092 256 1221 283 continuo
1237 264 1298 283 eum
1326 259 1416 285 metus
1440 258 1556 290 invadit.
1582 267 1616 286 nc.
1630 267 1644 286 ιι
1660 267 1689 286 se

900 300 1074 335 disjungatur
1088 310 1095 334 ;
1110 309 1172 328 cum
1190 302 1383 329 suavissimam
1395 310 1488 330 vocem
1503 304 1616 331 auribus
1627 311 1689 338 per-

899 347 999 382 cipiet,
1016 347 1041 374 ei
1061 347 1088 374 in
1105 352 1223 375 tuentem
1238 349 1330 375 statim
1345 350 1454 382 veniet,
1477 357 1490 376 a
1505 357 1534 377 se
1547 356 1686 383 nunquam

901 393 1019 428 amplius
1035 394 1159 420 auditum
1176 394 1228 424 iri:
1256 394 1377 421 formoso
1398 399 1424 421 et
1450 395 1553 422 liberali
1575 398 1686 430 aspectu

899 446 961 465 cum
994 439 1146 467 delectatus
1171 445 1222 471 est,
1254 445 1311 466 tum
1339 440 1428 467 luctus
1456 441 1686 475 exspectationem

900 484 1006 511 horret:
1024 492 1056 512 ac
1070 485 1189 520 denique
1206 494 1266 520 qua!
1275 486 1464 513 adolescentes
1479 487 1505 513 in
1519 485 1604 520 pretio
1616 489 1642 512 et
1658 485 1685 511 in

898 531 1003 559 honore
1020 532 1132 563 habent,
1148 532 1338 567 qumvelusani
1355 537 1497 566 expetunt,
1515 533 1537 559 si
1553 539 1584 559 ea
1600 531 1688 558 inluu-

898 577 982 608 bitur,
1004 578 1079 606 verbi
1092 586 1186 610 causa,
1202 578 1311 605 oculum
1339 578 1529 613 palpebrarum
1544 580 1687 604 venustate

897 623 1046 657 insignem,
1067 625 1241 658 supercilium
1267 624 1338 651 oculi
1358 626 1456 651 decore
1477 622 1684 651 circumfusum.

898 676 983 703 genas
1000 668 1087 696 forma
1106 673 1134 696 et
1160 671 1252 705 lepore
1264 670 1381 705 eleganti
1411 670 1564 698 alnuentes,
1580 667 1686 694 labrum

72 709 170 736 naturali
187 708 286 737 rubore
311 709 455 741 suffusum.
479 718 584 738 comam
600 718 668 738 auro
696 710 838 743 intextam,
859 714 958 748 capitis
973 715 1103 742 verticem
1121 716 1204 743 rariis
1232 716 1370 743 coloribus
1402 715 1573 750 gemmisque
1602 711 1687 739 reful-

69 760 168 790 gcntcm,
187 761 213 783 rt
233 764 341 783 omnem
358 756 432 783 illum
448 756 567 792 denique
594 759 747 785 venustatis
764 759 937 793 splendorem
950 761 996 795 qui
1014 761 1047 788 ad
1057 766 1165 796 tempus
1197 766 1309 790 manet:
1339 766 1396 788 tum
1432 761 1556 791 omnino,
1590 758 1614 786 si
1644 757 1685 783 vel

70 801 190 835 paululum
210 801 326 828 rationis
340 802 365 828 in
385 809 417 829 eo
432 803 478 834 sit,
498 803 564 830 illud
588 803 671 830 simul
691 808 782 831 tuente
814 805 947 838 intuetur,
981 815 1089 834 omnem
1120 809 1193 836 illam
1223 814 1394 837 venustatem
1425 807 1571 842 aliquando
1607 812 1687 840 pror-

69 847 292 874 ausinterituram
312 856 384 881 esse,
401 849 435 876 ad
461 857 524 876 ossa
555 849 700 882 deformia,
726 854 816 886 turpia
837 859 868 881 aa
907 851 978 880 fmda
1007 855 1154 887 redactam,
1184 855 1285 882 amissa
1307 855 1421 890 pristina
1446 854 1547 888 specie,
1580 852 1684 879 nullum

69 899 144 921 autem
167 895 321 930 vestigium.
358 895 462 922 nullum
501 901 718 928 monumentum,
751 897 842 924 trullas
862 898 944 933 hujus
960 900 1034 927 [loris
1049 901 1179 935 reliquias
1193 900 1358 927 affet-cutem.

98 942 123 967 ΕΞ
136 941 217 968 ταῦτα
235 942 284 968 καὶ
299 942 333 969 τὰ
345 941 457 968 τοιαῦτα
477 943 617 974 διανοοῖτο,
635 941 689 978 ἆρα
702 944 731 969 ὲν
748 943 847 978 εὐφρο-

935 946 962 973 Si
978 947 1059 981 igitur
1074 947 1140 978 ham,
1168 951 1320 980 creteraque
1337 945 1493 979 hujusnmzli
1511 951 1604 971 secum
1621 943 1682 978 quis

69 986 123 1023 σύνῃ
147 987 292 1022 IBalneum;
315 986 370 1023 ἆρα
393 989 533 1014 πιστεύσει
551 991 607 1021 τοῖς
627 989 757 1025 παροῦσιν
774 990 848 1024 αὐτῷ

67 1032 237 1067 χρηστοῖς,ὡς
263 1033 307 1059 ἀεὶ
332 1034 553 1068 παραμένουσινς
567 1032 606 1060 ἿΙ
629 1034 705 1070 δῆλον
731 1037 762 1062 ὲκ
784 1035 847 1062 τού-

70 1086 121 1109 των,
133 1078 169 1104 ὅτι
188 1078 314 1114 καθάπερ
328 1078 356 1105 ὲν
372 1080 432 1110 ταῖς
447 1078 500 1105 τῶν
518 1079 628 1114 ὀνείρων
645 1080 762 1112 ἀπάταις
777 1081 848 1115 ἀμη-

67 1127 173 1162 χανήσει,
193 1126 238 1152 καὶ
263 1125 386 1157 ἀπίστως
408 1127 476 1161 πρῆς
498 1126 542 1152 τὸν
560 1126 616 1161 βίον
638 1126 704 1159 ἕξει,
718 1127 754 1158 ὼς
771 1126 848 1153 ἀλλο-

66 1173 137 1208 τρίοις
157 1172 296 1208 προσέχων
316 1173 371 1204 τοῖς
393 1171 575 1207 φαινομένοις.
602 1173 705 1204 Συνιεῖς
727 1173 846 1205 πάντως,

67 1219 133 1254 εἴπερ
146 1218 213 1253 ἔχεις
229 1218 291 1244 τινὰ
308 1217 361 1244 τῶν
381 1217 464 1244 ὄντων
481 1217 634 1252 ἐπίσκεψιν,
651 1217 692 1244 ὅτι
706 1217 781 1244 οὐδὲν
793 1219 847 1244 τῶν

66 1265 89 1290 ἐν
101 1263 134 1299 τῷ
148 1263 195 1298 βίῳ
210 1263 390 1298 φαινομένων,
404 1262 441 1294 ὡς
463 1263 520 1289 ἔστι
535 1263 670 1297 φαίνεται,
685 1262 752 1289 ἀλλὰ
776 1263 847 1289 κατὰ

65 1311 105 1340 τὰς
123 1309 262 1344 ἁπατηλὶις
291 1308 450 1343 φαντασίας,
474 1308 555 1341 Ξτερα
578 1309 636 1335 ἀνθ’
659 1308 758 1344 ἐτέρων
782 1310 847 1344 ἡμῖν

67 1356 232 1391 προδείκνυσι,
248 1354 398 1386 διαπαίζων
419 1355 480 1385 τοὺς
501 1354 590 1381 ἐλπίσι
613 1355 680 1389 πρὸς
700 1355 781 1382 αὑτὸν
801 1363 846 1381 κε-

65 1401 181 1435 χηνὼας·
199 1401 246 1426 καὶ
266 1399 310 1426 διὰ
333 1399 382 1433 τῆς
402 1399 455 1425 τῶν
476 1400 644 1434 φαινομένων
666 1399 768 1433 πλάνης
782 1407 847 1433 συγ-

65 1447 193 1473 καλύπτων
217 1445 300 1476 eam;
328 1445 442 1476 ἑαυτὸν,
467 1445 520 1477 ἕως
544 1446 577 1471 ἂν
601 1444 706 1480 ἀθρόως
734 1446 764 1470 ἐν
789 1446 847 1476 ταῖς

65 1491 210 1526 μεταϐολαῖς
225 1490 367 1525 ἐλεγχθείη
383 1491 446 1517 ἄλλο
461 1500 487 1516 τι
508 1491 546 1517 ὢν
561 1490 636 1525 παρὰ
648 1491 696 1525 τὴν
711 1491 848 1526 ἀνθρωπί-

65 1547 103 1572 νην
118 1538 218 1568 ἐλπίδα,
237 1538 286 1572 τὴν
300 1537 344 1563 διὰ
358 1538 405 1572 τῆς
422 1537 529 1571 ἀπάτης
551 1539 606 1568 τοῖς
630 1537 752 1572 ἀνοήτοις
771 1537 847 1570 ἐγγι-

64 1584 176 1619 νομένην.
202 1584 286 1616 Ποίας
313 1581 358 1610 οὖν
375 1583 470 1618 ἡδονῆς
496 1583 558 1615 ἄξια
574 1583 613 1618 τῷ
637 1583 722 1610 ταῦτα
743 1583 847 1617 λογιζο-

66 1631 127 1666 μένῳ
143 1632 267 1665 φανεῖται
288 1630 322 1656 τὰ
344 1629 411 1664 ἡδέα
435 1629 481 1655 τοῦ
506 1629 581 1663 βίου;
600 1629 667 1655 Πότε
689 1622 846 1664 αἰσθήσεται
861 1623 882 1652 C

64 1677 124 1703 κατᾶ
144 1676 273 1712 ἀλήθειαν
299 1677 312 1702 ὁ
337 1675 422 1702 ταῦτα
435 1675 551 1710 φρονῶν,
574 1675 622 1701 καὶ
647 1676 702 1707 τοῖς
722 1674 846 1702 δοκοῦσιν

64 1723 128 1758 αὑτῴ
142 1725 268 1759 παρεῖναι
283 1723 409 1757 χρηστοῖς
424 1722 656 1757 εὐφρανθήσεταις
674 1721 731 1748 υὺκ.
751 1722 795 1747 ἀεὶ
809 1721 847 1755 τῷ

64 1768 129 1804 φόϐῳ
153 1770 201 1804 τῆς
228 1768 380 1804 μεταϐολῆς
410 1767 624 1803 ταραττόμενος,
649 1767 847 1802 ἀνεπαίσθητον

64 1814 112 1848 ἔχει
127 1814 174 1848 τὴν
189 1813 244 1840 τῶν
261 1813 400 1848 παρόντων
419 1812 587 1844 ἀπόλαυσιν,
610 1811 661 1837 Ἐὦ
677 1812 785 1846 σημεῖα,
801 1812 847 1837 καὶ

63 1860 182 1895 ὀνείρους,
199 1860 248 1886 καὶ
268 1858 407 1894 κληδόνας,
429 1858 477 1884 καὶ
499 1858 561 1888 τοὺς
579 1856 716 1887 τοιούτους
737 1856 845 1891 λήρους,

65 1907 144 1933 πάντα
166 1906 219 1933 ὑπὸ
245 1904 362 1940 ματαίας
384 1903 527 1938 συνηθείας
545 1902 786 1938 παρατηρούμενα,
801 1901 847 1928 καὶ

65 1952 124 1988 πρὸς
139 1953 168 1978 τὸ
185 1953 276 1988 χεῖρον
300 1950 514 1986 ὑποπτευόμενα.
535 1948 615 1975 Ἀλλὰ
637 1948 730 1983 καιρὸς
747 1947 848 1974 ὠδίνων

63 1999 105 2034 τὴν
121 1998 199 2025 παῖδα
216 1996 434 2031 καταλαμϐάνει·
460 1995 506 2021 καὶ
528 1994 588 2029 οὐχὶ
611 1994 705 2025 παιδὸς
730 1994 847 2027 γένεσις.

63 2045 123 2071 ἀλλὰ
145 2044 260 2071 θανάτου
286 2042 419 2078 παρουσία
439 2043 469 2068 τὸ
496 2042 613 2076 πρᾶγμα
634 2041 784 2076 νομίζεται,
801 2041 848 2067 καὶ

62 2091 167 2122 θάνατος
190 2090 242 2125 τῆς
258 2088 442 2124 κυοφορούσης
459 2087 502 2114 διὰ
526 2086 571 2113 τοῦ
589 2087 667 2114 τόκου
690 2086 845 2118 ὲλπίζεται·

63 2137 182 2168 πολλάκις
207 2136 236 2162 δὲ
265 2135 312 2162 καὶ
331 2135 379 2169 τῆς
402 2134 522 2169 πονηρᾶς
547 2132 648 2167 ταύῑης
670 2133 796 2168 μαντείας
817 2133 846 2159 υύ

61 2182 262 2216 διεψεύσθησαν,
292 2180 359 2207 ἀλλὰ
387 2180 450 2214 πρὶν
481 2180 608 2215 ἑορτάσαι
637 2179 686 2214 τὴν
714 2178 848 2213 γενέθλιον

62 2229 161 2263 ἑορτὴν,
176 2228 243 2263 πρίν
258 2236 330 2258 τινος
346 2226 398 2252 τῶν
416 2227 475 2252 κατ’
493 2225 587 2252 ἐλπίδα
602 2225 712 2259 ἀγαθῶν
731 2225 849 2258 ἀπογεύ-

63 2275 162 2305 σασθαι,
177 2274 258 2305 εὐθὺς
281 2275 319 2304 εἰς
339 2272 437 2308 θρῆνον
460 2272 508 2308 τὴν
523 2271 610 2317 χαρὲιν
630 2270 847 2317 μεθηρμόσαντο.
865 2291 886 2317 D

64 2319 119 2345 Ἔτι
132 2319 169 2353 τῷ
185 2318 290 2353 φίλτρῳ
303 2317 419 2349 ζέοντες,
435 2317 475 2343 ἔτι
489 2318 545 2348 τοῖς
561 2316 652 2347 πόθοις
665 2315 847 2350 ἀκμάζοντες,

61 2362 130 2389 οὕτω
152 2363 206 2389 τῶν
227 2361 298 2389 κατὰ
321 2362 366 2387 τὸν
386 2361 442 2396 βίον
459 2360 572 2395 ἡδίστων
586 2360 713 2390 λαϐόντες
735 2360 784 2393 τὴν
805 2358 848 2384 αἴ-

63 2407 168 2443 σθησιν,
192 2408 288 2442 ὥσπερ
310 2407 381 2439 τινὸς
405 2406 530 2433 ἐνυπνίου
560 2405 710 2440 φαντασίᾳ,
741 2404 850 2430 πάντων

62 2454 158 2486 stitia);
172 2454 230 2480 τῶν
246 2455 275 2480 ὲν
291 2453 388 2488 χερσὶν
397 2452 595 2488 ἐχωρίσθησαν.
612 2452 652 2478 Τὰ
675 2451 703 2477 δὲ
725 2451 771 2476 ἐπὶ
790 2450 850 2476 τού-

61 2509 113 2532 τοις
127 2498 189 2532 οἴα;
206 2499 351 2535 Πορθεῖται
378 2499 426 2534 μὲν
454 2498 506 2524 ὑπὸ
528 2497 582 2524 τῶν
606 2497 712 2523 οἰκείων
740 2496 778 2528 ὡς
798 2496 850 2522 ὑπὸ

62 2546 193 2581 πολεμίων
213 2547 228 2573 ὁ
247 2545 380 2580 θάλαμος·
399 2543 596 2575 καλλωπίζεται
613 2543 639 2569 δὲ
658 2543 718 2569 ἀντὶ
739 2542 786 2569 τοῦ
805 2542 852 2568 θα-

62 2591 142 2626 λάμου
170 2591 216 2618 διὰ
243 2590 290 2617 τοῦ
315 2591 400 2625 τάφου
426 2591 440 2616 ὁ
464 2589 594 2621 θάνατος’
621 2588 783 2623 ἀνακλήσεις
806 2588 852 2615 ἐπὶ

62 2637 157 2664 τούτων
172 2637 307 2672 ἀνόνητοι,
322 2637 368 2662 καλ¹
384 2635 492 2671 μάταιοι
502 2635 600 2671 χειρῶν
614 2635 715 2670 κρότον
729 2635 852 2669 ἀναμνή-

63 2691 114 2714 σεις
128 2683 175 2709 τοῦ
195 2682 330 2718 προτέρου
345 2682 414 2716 βίου,
428 2682 545 2717 κατάραι
563 2681 632 2708 κατὰ
654 2680 708 2707 τῶν
733 2680 851 2715 συμϐου-

63 2717 223 2755 λευσάντων
235 2717 289 2754 τὸν
301 2728 398 2762 γάμον,
419 2717 537 2762 μέμψεις
555 2726 626 2753 κατὰ
639 2725 692 2752 τῶν
709 2725 748 2760 μὴ
770 2725 856 2752 κωλυ-

64 2773 164 2800 σάντων
176 2772 262 2807 φίλων
273 2779 280 2786 ”
296 2773 325 2798 εν
340 2771 414 2807 αἰτίᾳ
428 2771 513 2806 πολλῇ
532 2772 557 2797 οἱ
571 2771 670 2805 γονεῖς,
687 2770 720 2797 ἄν
736 2778 765 2796 τε
781 2778 858 2804 περι-

64 2818 133 2851 όντες
148 2819 278 2853 τύχωσιν,
294 2817 327 2844 ἄν
342 2825 372 2843 τε
390 2818 435 2843 καὶ
453 2819 501 2852 μή·
518 2816 702 2851 ἀγανάκτησις
716 2815 785 2842 κατὰ
804 2815 853 2851 τῆς

165 2866 288 2896 ΙἈΤιιοῐ
299 2887 306 2894 .
331 2864 388 2894 Gtt.
407 2865 514 2894 XLVI.

882 992 991 1032 ⁵ιιηὶιιιο
1008 993 1149 1027 rcputarit,
1175 1000 1239 1019 num
1259 992 1379 1024 jucunde
1395 991 1486 1017 vivet?
1508 990 1577 1016 Nunt
1599 991 1626 1016 in
1649 990 1684 1015 iis

899 1045 959 1072 qua:
976 1038 1034 1072 ipse
1054 1038 1124 1065 bona
1155 1037 1276 1072 possidet
1300 1036 1424 1062 fiduciam
1447 1043 1577 1070 spemque
1591 1038 1682 1068 portet,

899 1084 977 1118 quasi
994 1084 1038 1110 illa
1053 1087 1183 1118 perpetuo
1197 1086 1324 1109 maneant
1337 1081 1448 1108 iNonne
1461 1088 1494 1107 ex
1505 1081 1548 1107 Itis
1558 1080 1684 1114 explora-

900 1134 956 1155 tum
974 1129 1064 1160 habet,
1083 1136 1112 1155 se
1128 1127 1208 1155 veluti
1227 1127 1427 1154 insomniorum
1451 1125 1567 1153 fallaciis
1594 1126 1683 1152 incer-

899 1179 956 1200 tum
971 1174 1037 1205 fore,
1054 1173 1121 1200 nih.l
1134 1173 1160 1200 in
1175 1173 1217 1204 iis,
1230 1181 1291 1207 quae
1305 1172 1338 1199 ad
1354 1172 1424 1198 hanc
1438 1172 1520 1198 vitam
1537 1171 1682 1206 pertinent,

899 1228 928 1247 sc
946 1220 1007 1247 fidei
1024 1220 1191 1250 habiturum,
1210 1227 1272 1246 cum
1292 1220 1318 1245 in
1337 1226 1384 1245 eas
1396 1225 1450 1248 res,
1472 1225 1532 1252 qua:
1558 1217 1685 1243 videntur

898 1274 968 1297 csse,
983 1269 1114 1300 tanquam
1129 1265 1156 1291 in
1182 1265 1285 1292 alienas
1302 1264 1462 1291 incumbat?
1477 1263 1535 1289 Jaut
1554 1263 1635 1298 plane
1648 1263 1685 1288 in-

898 1311 1040 1346 tt-lligis,si
1052 1319 1153 1339 rerum.
1165 1319 1224 1345 qua:
1238 1311 1439 1344 sunt,allquam
1454 1309 1586 1336 rationem
1597 1312 1683 1338 tenes.

898 1357 964 1383 nihil
992 1364 1089 1384 eorum
1112 1364 1173 1391 qua).
1204 1356 1230 1382 in
1261 1356 1310 1382 hac
1332 1355 1388 1381 vita
1415 1354 1533 1388 speciem
1565 1353 1684 1387 aliquam

899 1402 1020 1437 praebent
1032 1403 1080 1433 ita,
1095 1406 1123 1429 ut
1140 1406 1192 1433 est.
1214 1401 1311 1431 videri.
1333 1400 1379 1427 sed
1395 1399 1487 1425 omnia
1500 1406 1532 1426 ex
1546 1397 1685 1433 opinionis

897 1455 990 1475 errore
1004 1448 1110 1474 diversa
1129 1455 1189 1474 sese
1209 1446 1289 1473 nobis
1306 1445 1450 1473 ostendere
1464 1452 1471 1476 ;
1499 1451 1548 1478 spe
1564 1450 1611 1470 eos
1624 1442 1685 1468 illir-

897 1493 996 1525 dendo,
1012 1493 1057 1528 qui
1081 1493 1134 1520 illis
1162 1492 1258 1519 intenti
1287 1495 1362 1521 sunt,
1385 1489 1602 1521 occultaudoque
1624 1495 1686 1515 sese

898 1539 988 1574 specie
999 1538 1115 1573 quadam
1131 1545 1225 1565 eorum
1241 1544 1300 1572 qur
1316 1537 1453 1567 videntur,
1465 1535 1530 1562 dum
1554 1534 1686 1568 erestigio

899 1585 926 1612 in
960 1584 1221 1612 commutationibus
1256 1583 1358 1618 aliquid
1397 1582 1470 1608 aliud
1516 1586 1685 1616 compertum

898 1631 933 1658 sit
949 1637 1044 1665 praeter
1060 1630 1199 1658 hominum
1222 1637 1307 1664 spem.
1332 1636 1391 1662 qum
1405 1628 1497 1655 stultis
1512 1635 1606 1654 errore
1618 1634 1686 1662 quo-

897 1677 959 1704 dam
975 1677 1138 1704 innascitur.
1156 1676 1226 1711 Ergo
1240 1683 1294 1711 qua
1306 1676 1444 1709 voluptate
1458 1675 1493 1705 ei,
1510 1675 1555 1709 qui
1572 1674 1629 1700 haec
1643 1680 1688 1700 ra-

897 1724 973 1750 tione
985 1730 1078 1750 secum
1093 1723 1205 1757 cogitat,
1220 1722 1301 1757 digna
1316 1721 1460 1748 videntur?
1474 1719 1544 1747 Num
1565 1719 1627 1746 vita:
1641 1719 1687 1753 ju-

898 1768 1052 1795 cuuditates
1068 1769 1090 1795 is
1113 1775 1177 1795 vere
1202 1769 1311 1800 sentiet,
1332 1767 1378 1801 qui
1400 1767 1456 1793 lucc
1474 1765 1638 1801 intelligit.ct
1653 1765 1686 1792 iis

898 1814 990 1845 rebus,
1009 1821 1077 1848 quas
1096 1817 1170 1848 putat
1186 1814 1212 1842 iu
1231 1814 1310 1841 bonis
1333 1813 1444 1843 habere,
1460 1811 1572 1840 omnino
1584 1813 1685 1847 gaude-

898 1859 953 1887 bit?
976 1867 1031 1886 non
1069 1859 1268 1886 vicissitudinis
1294 1863 1424 1894 perpetuo
1450 1862 1525 1885 metu
1561 1857 1686 1889 aﬂ'ectus,

897 1910 1019 1940 gustum,
1032 1906 1078 1940 qui
1094 1914 1127 1933 ex
1143 1906 1184 1932 his
1197 1905 1278 1932 rebus
1290 1905 1408 1939 capitur,
1424 1904 1484 1932 sine
1501 1911 1584 1931 sensu
1610 1905 1687 1931 volu-

898 1952 981 1986 ptatis
997 1951 1126 1979 habebit?
1147 1951 1282 1979 Praetereo
1294 1952 1382 1986 signa,
1412 1951 1546 1986 prodigia,
1562 1951 1686 1982 somnia,

899 1998 1119 2029 vaticinationes,
1131 2003 1299 2032 craterasque
1312 1997 1335 2024 id
1352 1997 1460 2031 generis
1477 1997 1593 2031 ineptias
1608 2005 1686 2031 τίμιαι

899 2042 989 2068 omnia
1006 2042 1087 2069 stulta
1105 2042 1242 2068 hominum
1265 2041 1464 2069 consuetudine
1486 2041 1631 2069 observata
1658 2043 1685 2069 in

900 2086 1019 2121 pejot'em
1043 2091 1145 2121 partem
1161 2087 1346 2122 conjecturam
1377 2087 1496 2114 trahunt.
1513 2087 1565 2114 Sed
1580 2093 1687 2123 tempus

900 2134 1022 2167 pariendi
1049 2134 1142 2166 instat,
1168 2134 1272 2161 laborat
1305 2134 1393 2168 puella
1417 2143 1432 2161 e
1460 2134 1570 2167 dolore;
1599 2143 1687 2170 neque

901 2179 976 2213 pueri
996 2183 1085 2210 ortus,
1113 2180 1159 2206 sed
1177 2180 1241 2214 quia
1260 2187 1333 2207 mors
1348 2184 1404 2206 tum
1419 2180 1551 2212 imminet,
1577 2181 1629 2208 hoc
1641 2189 1686 2208 ue-

900 2225 1001 2259 gotium
1019 2230 1128 2259 putatur
1145 2233 1239 2253 :mors
1250 2226 1321 2253 enim
1340 2226 1501 2261 praegnantis
1522 2231 1632 2262 propter
1645 2228 1688 2254 in-

901 2274 1005 2297 certum
1024 2275 1117 2304 partus
1130 2271 1232 2297 exitum
1246 2271 1375 2304 timetur;
1405 2278 1508 2305 eosque
1531 2279 1604 2307 stepe
1631 2272 1688 2299 haec

902 2316 971 2342 mala
988 2315 1121 2342 divinatio
1139 2324 1193 2343 non
1212 2316 1308 2343 fefellit
1328 2325 1334 2343 :
1355 2320 1419 2343 ante
1436 2324 1500 2343 vero
1516 2325 1596 2352 quam
1614 2317 1660 2345 die
1670 2326 1686 2344 τι

901 2360 1020 2387 natalem
1043 2360 1159 2394 egerint.
1186 2361 1343 2396 bonumque
1370 2361 1466 2393 ullum,
1491 2362 1562 2396 quod
1589 2362 1615 2389 in
1640 2370 1688 2397 spe

901 2409 985 2438 esset,
1004 2406 1184 2441 degustarint.
1202 2413 1280 2434 onme
1292 2406 1419 2442 gaudium
1437 2407 1465 2433 in
1481 2415 1625 2435 mearet-em
1643 2415 1687 2436 re-

902 2454 982 2485 pente
995 2455 1209 2478 commutarunt.
1242 2451 1374 2479 Praeterea
1391 2451 1438 2486 qui
1464 2459 1558 2479 amore
1574 2452 1688 2486 ﬂagrant

903 2503 990 2531 neque
1007 2496 1070 2523 dum
1085 2504 1187 2528 rerum,
1203 2505 1263 2531 qua:
1275 2497 1302 2523 in
1317 2497 1372 2525 vita
1387 2497 1594 2531 iucundissimae
1612 2501 1686 2527 sunt.

902 2542 980 2576 quasi
1001 2542 1092 2577 specie
1120 2542 1269 2577 voluptatis
1295 2542 1386 2576 aliqua
1403 2543 1430 2569 in
1462 2543 1568 2569 somnis
1585 2542 1686 2573 oblata,

902 2595 1011 2614 sensum
1027 2591 1159 2622 ceperunt
1178 2597 1183 2614 :
1200 2588 1225 2613 hi
1239 2587 1274 2614 ab
1297 2587 1433 2619 omnibus,
1449 2595 1509 2622 quae
1520 2587 1547 2614 in
1562 2587 1688 2614 manibus

902 2636 1005 2664 tenent,
1017 2633 1108 2660 subito
1119 2632 1295 2660 divelluntur.
1306 2632 1346 2659 Ad
1360 2632 1417 2660 haec
1432 2633 1497 2659 illud
1513 2633 1604 2663 etiam.
1615 2631 1688 2666 quod

901 2687 995 2706 eorum
1012 2679 1168 2706 cubiculum
1186 2686 1200 2705 a
1218 2679 1387 2711 domesticis,
1403 2685 1433 2706 ut
1447 2680 1481 2706 ab
1497 2678 1632 2708 hostibus,
1645 2678 1688 2704 di—

903 2725 1001 2760 ripitur
1022 2734 1028 2751 :
1058 2725 1232 2759 cubiculique
1257 2725 1318 2751 loco
1335 2723 1440 2752 funeris
1456 2725 1594 2759 exsequias
1608 2731 1688 2751 exor-

903 2773 1022 2796 nantur:
1040 2769 1144 2796 insanae
1159 2771 1185 2796 in
1203 2770 1245 2796 his
1264 2769 1472 2796 lamentationes
1490 2777 1522 2797 ac
1533 2770 1686 2805 plangores,

906 2815 1001 2842 inanes
1021 2822 1149 2842 manuum
1176 2811 1368 2842 oercussiones
1395 2819 1525 2843 anteactae
1544 2815 1604 2843 vitae
1615 2820 1689 2840 com-

1451 2863 1485 2892 11
