1922 3078
213 132 261 160 551

865 133 894 160 S.
915 132 1081 161 GREGORII
1101 132 1248 161 NYSSENl
1805 137 1863 164 Γ)Βὲ

214 190 714 223 memorationes,dirmdetestatioues
727 198 820 218 eorum
835 192 881 227 qui
897 193 1007 227 nuptias

1077 193 1232 229 νθρωπίνης
1255 193 1339 228 ζωῆς,
1364 193 1516 228 κατηγορία
1544 193 1634 229 πάσης
1662 194 1713 228 τῆς
1741 193 1862 227 φύσεως,

214 242 363 266 suaserunt
379 248 385 266 :
402 238 520 273 querela:
535 237 707 272 gravissimae
723 237 757 264 de
767 238 875 269 amicis,
891 239 938 273 qui
955 247 1008 266 non

214 285 437 320 prohibuerunt:
454 283 481 310 in
500 290 597 317 magna
609 283 688 317 culpa
703 288 840 318 parentes,
860 284 882 311 si
897 284 1007 317 adsunt,

214 333 256 358 sin
273 331 374 363 minus,
389 329 570 356 atomachalio
588 332 615 355 et
631 328 782 363 deploratio
797 329 923 356 humana:
936 331 1008 360 vitae,

215 382 375 412 naturaeque
388 376 479 403 omnis
491 374 680 410 reprehensio,
701 378 728 401 et
744 379 841 402 contra
858 375 905 402 Dei
923 376 1010 410 ipsius

216 422 414 458 providentiam
429 421 636 448 criminationes
651 425 676 448 et
693 421 884 449 accusationes
899 423 1006 450 multh

215 477 307 497 secum
323 476 429 504 pugnae,
449 467 549 495 bellant
563 475 625 494 cum
645 467 678 494 iis
695 468 740 502 qui
761 467 900 495 adhortati
919 473 984 495 sunt
1001 478 1006 494 :

216 515 300 543 nullis
315 518 362 541 aut
380 514 470 542 verbis
487 517 534 540 aut
549 513 630 541 rebus
641 513 834 541 insulsissimis
858 514 1006 542 abstinent.

217 561 291 594 Quos
307 561 380 588 enim
400 560 572 596 perturbatio
588 560 689 587 mentis
713 559 895 594 superaverit,
909 564 936 586 et
963 561 1010 595 qui

1059 239 1119 265 κατ’
1132 239 1216 272 αὐτῆς
1233 239 1282 273 τῆς
1301 239 1376 270 Θείας
1392 239 1548 273 οἰκονομίας
1564 239 1682 275 μέμψεις
1700 239 1799 266 πολλαὶ
1811 241 1864 266 καὶ

1059 283 1231 318 ἐγκλήματα,
1253 284 1325 318 μάχη
1354 283 1421 318 πρὸς
1446 283 1552 316 ἑαυτὸν,
1567 284 1684 319 πόλεμος
1711 284 1784 310 κατὰ
1805 284 1863 309 τῶν

1059 329 1272 356 νουθετούντων·
1291 329 1378 361 οὐδεὶς
1403 329 1457 356 τῶν
1478 330 1661 357 ἀτοπωτάτων
1680 331 1771 362 δκνος,
1799 330 1865 356 οὕτε

1061 376 1202 411 ῥημάτων,
1213 375 1274 402 οὕτε
1288 376 1468 410 πραγμάτων.
1482 376 1614 408 Πολλάκις
1627 377 1667 408 δὲ,
1679 374 1720 408 οἷς
1730 376 1764 404 ἂν
1778 377 1866 411 ὑπερ-

1062 423 1112 456 σχῇ
1129 421 1159 447 τὸ
1177 421 1272 453 πάθος,
1296 422 1343 448 καὶ
1367 422 1567 458 περισσοτέρως
1592 422 1735 458 καταποθῇ
1753 423 1768 449 ὁ
1789 423 1867 456 λογι-

1063 468 1130 502 σμὸς
1150 468 1203 494 ὑπὸ
1217 468 1267 503 τῆς
1283 468 1382 504 λύπης,
1402 470 1442 500 είς
1464 470 1625 505 πικρότερον
1645 470 1732 504 πέρας
1745 470 1762 503 ἡ
1779 477 1867 504 τραγ-

1062 516 1130 550 ῳδία
1162 516 1320 552 κατέληξεν,
1339 517 1399 544 οὐδὲ
1418 517 1464 544 τοῦ
1479 519 1700 554 περιλειφθέντος
1717 517 1866 545 ὲπιὸιῶναι

1063 563 1095 598 τῇ
1114 564 1241 599 συμφορᾷ
1254 563 1422 598 δυνηθέντος.

217 619 273 646 pne
287 611 380 638 dolore
397 617 469 645 saepe
484 613 576 636 mente
592 608 766 641 deseruntur,
784 609 877 644 pegori
889 609 1008 636 termino
1026 617 1121 638 eorum
1138 611 1270 648 tragozdia
1293 620 1364 648 sazpe
1384 613 1515 640 conclusa
1533 618 1585 642 est.
1606 621 1668 641 cum
1701 611 1794 639 dolori
1821 619 1866 636 re-

217 657 315 684 sistere
332 656 424 683 minus
440 655 590 690 potuerint.

254 703 308 731 Sed
327 704 384 731 haec
404 703 556 734 mittamus,
583 710 717 737 ponamus
737 702 861 732 meliora,
884 702 1009 730 laborum

219 751 246 777 in
276 749 407 784 pariendo
437 749 588 784 periculum
621 749 700 783 fugit,
717 753 798 776 natus
815 752 857 775 est
881 749 906 774 ei
924 749 1011 776 scitus

219 804 296 831 puer,
313 795 401 829 imago
417 795 476 829 ipsa
494 799 639 829 parentum
655 794 759 821 formae.
787 793 869 821 Vides
886 793 1010 827 profecto

218 844 322 876 quanto
335 840 362 866 in
375 840 447 866 bono
464 840 512 865 tibi
530 848 562 866 ex
577 842 738 873 argumento
752 839 860 866 ratione
871 839 1011 874 gratilice-

219 892 262 913 tur
274 886 372 912 oratio.
390 885 481 918 Quid?
494 885 576 912 Estne
591 889 733 919 propterea
748 885 910 919 deplorandi
923 890 1010 912 mate—

219 933 258 959 ria
277 932 432 964 imminuta,
448 938 482 957 an
507 938 560 957 nou
580 931 671 965 potius
693 931 831 957 adaucta?
848 930 916 958 Nam
949 938 1012 957 cum

219 978 374 1012 superiores
404 977 443 1003 illi
471 977 630 1004 lormidines
666 977 816 1007 sustinent,
854 982 911 1003 tum
943 977 1014 1003 hanc

219 1025 300 1051 etiam
318 1023 364 1050 lilii
384 1030 469 1050 causa
491 1027 720 1057 assumpserunt;
737 1026 864 1049 metttunt
883 1023 967 1054 enim,
982 1030 1015 1050 ne

219 1070 283 1104 quid
298 1070 325 1096 in
344 1068 506 1095 educatione
519 1068 558 1095 rei
575 1068 681 1094 acerbae
692 1067 809 1099 accidat,
823 1076 856 1095 nc
869 1076 923 1103 qua
937 1075 1014 1095 com-

220 1123 312 1142 munis
332 1115 404 1140 mala
423 1113 533 1140 fortuna
552 1113 719 1147 impendeat,
739 1121 807 1140 neve
823 1113 952 1140 fortuitus
965 1114 1016 1140 ali-

220 1161 282 1195 quis
296 1167 379 1186 casus
394 1162 441 1184 :tut
456 1158 593 1188 morbum,
610 1164 656 1184 aut
676 1158 786 1189 febrim,
799 1162 845 1185 aut
863 1158 1014 1193 perirulutn

220 1207 244 1232 ei
266 1205 375 1239 aliquod
396 1205 536 1239 importet.
562 1204 653 1238 Atque
668 1205 725 1231 hazc
746 1205 856 1239 quidem
872 1206 1016 1240 utriusque

221 1250 392 1283 communia;
423 1251 468 1276 illa
485 1258 562 1281 vero,
578 1258 647 1284 quae
669 1251 766 1277 uxoris
798 1255 864 1278 sunt
890 1253 1014 1286 propria,

221 1297 283 1332 quis
307 1295 523 1323 commemoret?
545 1300 575 1322 ut
607 1300 802 1330 praetereamus
845 1303 876 1322 ca
903 1304 963 1331 qum
988 1297 1015 1323 in

223 1346 351 1378 promptu
380 1346 453 1373 sunt,
485 1345 567 1376 atque
596 1342 726 1368 omnibus
748 1341 903 1373 notissima,
935 1342 1017 1368 veluti

223 1389 388 1424 pt'teo'nantis
408 1388 557 1419 molestias,
586 1388 708 1422 pariendi
739 1388 902 1422 periculum,
917 1387 1014 1414 educa-

225 1436 308 1463 tionis
323 1436 444 1465 labores,
460 1438 487 1461 ct
504 1434 651 1468 quamdam
680 1434 798 1469 denique
821 1433 913 1461 cordis
930 1434 1017 1468 ipsius

201 1502 206 1506 .
225 1489 280 1516 prae
296 1488 390 1507 amore
402 1479 449 1506 lilii
473 1480 551 1514 quasi
572 1479 792 1506 convulsionetn.
818 1479 846 1506 Si
868 1486 932 1506 vero
943 1486 1018 1505 com-

226 1527 344 1562 plurium
361 1526 508 1553 liberorum
523 1529 611 1553 mater
631 1530 683 1557 est,
701 1526 760 1560 ejus
776 1526 886 1553 animus
899 1526 927 1552 in
954 1525 1019 1552 toti-

225 1575 287 1601 dem
301 1580 382 1600 curas
398 1572 572 1603 distrahitur,
602 1576 669 1606 quot
689 1572 727 1598 illi
742 1579 859 1598 numero
873 1576 948 1603 sunt,
963 1575 1020 1597 tan-

225 1627 390 1655 quam,qu:e
406 1618 460 1645 illis
478 1617 617 1649 accidant,
641 1618 730 1653 ipsius
761 1617 914 1644 visceribus
937 1615 1020 1643 infixa

227 1667 307 1701 plane
323 1666 453 1692 Intereaut.
484 1663 546 1691 Haec
563 1669 665 1694 autem,
688 1671 749 1698 quae
769 1666 910 1697 perspecta
925 1669 1020 1689 omnes

222 1713 338 1744 habent,
362 1711 425 1746 quis
445 1711 569 1737 oratione
596 1709 814 1744 complectatur?
828 1707 882 1735 Sed
910 1707 1021 1742 quando

227 1759 274 1785 illa
289 1766 322 1785 ex
336 1757 430 1784 divino
447 1760 585 1790 pra‘cepto
600 1763 654 1781 non
672 1759 714 1781 est
731 1755 772 1782 sui
786 1754 868 1789 juris,
883 1762 975 1780 verum
987 1753 1022 1779 ab

227 1803 288 1838 ejus
302 1802 485 1833 voluntate,in
497 1801 576 1834 cujus
588 1800 702 1827 arbitrio
715 1805 826 1835 propter
842 1800 950 1834 nuptias
967 1803 1019 1829 est,

225 1848 340 1876 omnino
350 1847 450 1881 pendet
467 1856 474 1874 :
491 1847 622 1880 siexiguo
634 1850 756 1880 tempore
764 1848 806 1872 est
820 1845 854 1871 ab
866 1853 898 1871 eo
915 1845 1020 1875 relicta,

225 1894 307 1928 quasi
321 1893 409 1927 capite
425 1900 439 1918 a
463 1899 493 1919 se
512 1891 647 1918 convulso
681 1889 859 1917 solitudinem
881 1889 952 1916 ferre
967 1897 1020 1915 non

229 1943 330 1975 potest.
343 1944 370 1966 et
384 1943 512 1972 tanquam
524 1938 585 1964 vita:
597 1936 786 1966 solitudinem,
804 1936 1022 1970 viduitatcu-qne

227 1986 353 2020 exiguam
368 1984 417 2012 viri
435 1985 638 2019 separationem
666 1982 874 2016 interpretatur,
890 1982 1022 2008 continuo

228 2036 318 2058 metus
331 2029 453 2063 elﬁcit,ut
463 2031 490 2056 itt
503 2029 577 2056 nulla
587 2030 623 2054 sit
635 2035 727 2055 rerum
742 2028 950 2062 exspectatione
966 2036 1016 2054 met

229 2077 338 2104 liorum.
357 2077 446 2111 Atque
460 2083 520 2103 eam
536 2075 571 2102 ob
587 2081 699 2101 causam
718 2075 815 2101 oculus
839 2073 899 2106 ejus
925 2073 1021 2107 plenus

226 2122 446 2158 perturbationis
471 2129 504 2149 ac
541 2120 697 2148 formidinis
730 2121 758 2146 in
788 2119 888 2146 aedium
917 2119 1021 2145 aditum

229 2170 386 2204 ostiutnque
398 2168 540 2202 conjectus
551 2171 604 2199 est;
617 2175 698 2194 aures
713 2170 803 2193 autem
817 2166 1022 2193 susurrationes

1105 699 1174 726 Ἀλλ’
1191 699 1252 735 οὐχὶ
1271 699 1365 726 τοῦτο·
1392 699 1556 734 ὑποθὼμεθα
1580 699 1607 726 δὲ
1630 699 1665 726 τὰ
1690 700 1800 735 βελτίω,
1825 702 1866 728 ὅτι

1063 746 1110 773 καὶ
1129 746 1239 780 διέφυγε
1262 745 1315 772 τῶν
1341 745 1445 771 ὠδίνων
1462 745 1506 771 τῆν
1524 746 1657 777 κίνδυνον,
1683 748 1731 773 καὶ
1752 748 1866 781 γέγονεν

1063 793 1154 824 αὐτοῖς
1174 794 1249 824 παῖς,
1268 792 1334 818 αὐτὸ
1355 792 1404 827 τῆς
1428 791 1502 827 ὥρας
1523 792 1576 818 τῶν
1599 794 1813 828 γεννησαμένων
1837 795 1867 820 τὸ

1064 838 1257 877 ἀπεικόνισμα.
1283 838 1303 863 T
1308 838 1315 864 ί
1332 835 1395 870 οὗν;
1421 837 1561 873 ἠλαττώθη
1586 838 1630 865 διὰ
1657 839 1762 866 τούτων
1780 841 1796 874 ὴ
1818 839 1864 866 τοῦ

1063 884 1206 910 λυπεῖσθαι
1233 883 1379 915 ὑπόθεσις
1402 883 1417 917 ἢ
1436 883 1496 918 οὐχὶ
1513 884 1559 910 καὶ
1580 884 1740 920 προσθήκας
1764 886 1866 920 μᾶλλον

1065 929 1191 963 “signa;
1219 929 1289 961 Τούς
1305 937 1334 955 τε
1350 929 1404 964 γὰρ
1418 929 1565 964 προτέρους
1582 929 1673 964 έχουσι
1689 930 1801 965 φόϐους,
1819 933 1865 958 καὶ

1063 976 1109 1002 τὸν
1127 976 1197 1011 ὑπὲρ
1211 975 1258 1002 τοῦ
1280 975 1374 1002 τέκνου
1391 975 1567 1010 προσέλαϐον,
1585 978 1621 1011 μή
1638 985 1665 1002 τι
1686 977 1778 1012 συμϐῇ
1801 978 1866 1013 περὶ

1064 1023 1114 1056 τὴν
1122 1021 1277 1057 ἀνατροφὴν
1291 1021 1372 1056 ἀηδές
1384 1030 1389 1035 ·
1403 1022 1439 1056 μή
1453 1030 1494 1052 τις
1504 1022 1609 1057 πονηρὰ
1622 1024 1753 1057 συντυχία
1764 1032 1770 1038 '
1789 1024 1828 1058 μή
1839 1033 1864 1050 τι

1066 1068 1222 1103 σύμπτωμα
1231 1067 1284 1094 τῶν
1300 1067 1493 1102 ἁϐουλήτων,ἦ
1504 1067 1598 1099 πάθος,
1608 1067 1624 1102 ἢ
1635 1069 1770 1102 πήρωσιν,
1784 1068 1798 1103 ἢ
1809 1069 1866 1094 κίν-

1065 1114 1141 1140 δυνον
1151 1114 1278 1148 ἐπαγάγῃ
1292 1113 1358 1140 τινά.
1375 1113 1429 1139 Καὶ
1438 1113 1522 1139 ταῦτα
1533 1113 1580 1147 μὲν
1589 1113 1754 1148 ἀμφοτέρων
1771 1114 1864 1140 κοινά·

1066 1161 1099 1187 τὰ
1119 1160 1146 1186 δὲ
1163 1160 1212 1194 τῆς
1224 1159 1346 1194 γαμετῆς
1363 1159 1425 1189 ἴδια,
1442 1159 1484 1190 τίς
1503 1158 1536 1185 ἄν
1554 1158 1787 1194 ὲξαριθμήσαιτο;
1807 1160 1867 1186 “iv:

1067 1206 1121 1242 γὰρ
1138 1205 1264 1240 ἐάσωμεν
1280 1205 1314 1231 τὰ
1331 1205 1463 1240 πρόχειρα
1477 1204 1562 1230 ταῦτα
1578 1204 1625 1230 καὶ
1642 1205 1710 1231 πᾶσι
1726 1205 1864 1240 γνώριμα,

1067 1253 1096 1279 τὺ
1110 1253 1159 1287 τῆς
1179 1252 1325 1286 κυοφορίας
1344 1251 1435 1285 ἄχθος,
1451 1251 1497 1276 τὸν
1514 1251 1542 1276 ἐν
1557 1252 1615 1282 ταῖς
1635 1251 1711 1277 ὠδῖσι
1730 1251 1865 1282 κίνδυνον,

1067 1299 1114 1325 τὸν
1131 1298 1201 1333 ὑπὲρ
1216 1298 1265 1333 τῆς
1281 1297 1436 1332 ἀνατροφῆς
1450 1297 1539 1327 πόνον,
1557 1296 1586 1322 τὺ
1616 1297 1664 1331 τὴν
1687 1297 1804 1332 καρδίαν
1821 1298 1867 1323 αὑ-

1067 1345 1118 1380 τῆς
1142 1344 1181 1379 τῷ
1207 1343 1328 1379 τεχθέντι
1360 1341 1623 1376 συναποσχίζεοθαι·
1654 1341 1704 1368 κᾶν
1735 1342 1866 1369 πλειόνων

1069 1392 1216 1426 γενήσηται
1234 1391 1336 1425 μήτηρ,
1355 1390 1393 1420 εἰς
1410 1389 1528 1414 τοσαῦτα
1545 1388 1764 1420 κατατέμνεσθαι
1780 1389 1867 1423 αὐτῆς

1069 1437 1117 1473 τὴν
1132 1437 1232 1471 ψυχὴν.
1246 1436 1306 1466 ὅσος
1318 1436 1332 1460 ὁ
1346 1434 1462 1470 ἀριθμὸς
1479 1433 1533 1460 τῶν
1550 1434 1652 1460 τέκνων
1674 1434 1758 1460 ἐστίν·
1773 1435 1804 1460 τὸ
1815 1434 1868 1460 τῶν

1071 1482 1272 1516 συμϐαινόντων
1295 1480 1408 1511 ἐκείνοις
1436 1481 1485 1514 τὴν
1511 1479 1637 1514 αἴσθησιν
1661 1481 1690 1506 ἐν
1713 1483 1768 1511 τοῖς
1793 1480 1869 1511 ἰδίοις

1072 1528 1234 1562 σπλάγχνοις
1256 1527 1382 1562 δέχεσθαι
1395 1535 1401 1542 ”
1429 1527 1476 1553 καὶ
1499 1526 1588 1552 πάντα
1609 1527 1644 1552 τὰ
1665 1526 1776 1553 τοιαῦτα
1800 1527 1869 1560 γνὼ-

1073 1583 1141 1610 ριμα
1156 1575 1238 1600 πᾶσιν
1254 1574 1318 1599 ὄντα
1335 1573 1361 1599 τί
1384 1573 1416 1599 ἄν
1431 1581 1471 1604 τις
1484 1572 1573 1606 λέγοι;
1605 1573 1674 1599 Ἀλλ’
1688 1573 1781 1608 ἐπειδὴ
1799 1575 1868 1600 κατὰ

1071 1621 1100 1646 τὸ
1114 1621 1184 1646 θεῖον
1201 1620 1301 1653 λόγιον,
1318 1620 1367 1654 οὐχ
1383 1619 1484 1653 ἑαυτῆς
1499 1619 1556 1645 ἐστι
1577 1619 1669 1653 κυρία,
1688 1620 1756 1654 πρὸς
1776 1619 1806 1645 δὲ
1826 1620 1869 1645 τὸν

1071 1666 1114 1692 διὰ
1136 1665 1182 1692 τοῦ
1207 1666 1297 1700 γάμου
1323 1665 1505 1701 κυριεύσαντα
1531 1665 1579 1699 τὴν
1604 1665 1782 1700 ἀποστροφὴν
1803 1666 1868 1700 ἔχει,

1072 1711 1124 1738 κᾶν
1153 1711 1220 1747 πρὸς
1238 1711 1328 1745 ὀλίγον
1354 1711 1437 1738 αὐτοῦ
1468 1711 1587 1747 μονωθῇ,
1612 1712 1648 1743 ὼς
1674 1712 1722 1745 τῆς
1747 1712 1870 1746 κεφαλῆς

1072 1757 1260 1793 διεζευγμένη,
1282 1758 1312 1783 οὺ
1338 1758 1415 1792 φέρει
1441 1758 1490 1792 τὴν
1514 1757 1643 1792 μόνωσιν,
1667 1757 1735 1784 ἀλλὰ
1754 1757 1868 1792 μελέτην

1074 1804 1136 1831 τινὰ
1150 1804 1199 1838 τῆς
1214 1805 1242 1830 ὲν
1266 1805 1298 1838 τῇ
1322 1803 1420 1838 χηρείᾳ
1437 1803 1520 1836 ζωῆς,
1542 1803 1589 1829 καὶ
1603 1803 1653 1837 τὴν
1669 1803 1698 1829 ἐν
1721 1803 1806 1837 ὀλίγῳ
1822 1802 1868 1828 τοῦ

1073 1850 1168 1884 ἀνδρὸς
1186 1848 1360 1884 ἀναχώρησιν
1375 1848 1538 1879 οίωνίζεται.
1556 1847 1644 1879 Εὐθὺς
1668 1848 1682 1873 6
1699 1848 1781 1882 φόὸος
1803 1848 1869 1874 ἁπό-

1073 1905 1173 1930 γνωσιν
1189 1897 1298 1930 ἐμποιεῖ
1320 1894 1375 1921 τῶν
1391 1894 1582 1929 χρηστοτέρων
1607 1893 1733 1920 ἐλπίδων.
1755 1895 1810 1920 Καὶ
1827 1894 1869 1920 δῖα

1075 1942 1153 1968 τοῦτο
1166 1943 1180 1968 ὀ
1189 1942 1238 1977 μὲν
1253 1941 1390 1976 ὀφθαλμὸς
1406 1941 1469 1975 περὶ
1477 1940 1528 1975 τὴν
1536 1940 1634 1967 εἴσοδον
1647 1941 1767 1975 πέπηγε,
1776 1941 1868 1975 γέμων

1074 1989 1194 2023 ταραχῆς
1209 1988 1256 2015 καὶ
1263 1988 1403 2022 πτοήσεως
1414 1996 1420 2002 ·
1437 1987 1489 2022 ἡδὲ
1505 1986 1572 2022 ἀκοὴ
1588 1987 1651 2018 τοὺς
1666 1987 1868 2017 ὑπολαλοῦντας

1073 2032 1519 2068 περιεργάζεται·συγκόπτεταιδὲ
1532 2033 1547 2066 ἡ
1566 2032 1663 2067 καρδία
1680 2031 1867 2066 μαστιζομένη

1074 2079 1112 2114 τῷ
1124 2079 1209 2114 φόὸῳ,
1229 2079 1275 2105 καὶ
1292 2078 1356 2113 πρίν
1367 2087 1392 2104 τι
1403 2077 1642 2113 προσαγγελθῆναι
1657 2077 1791 2112 νεώτερον
1802 2087 1808 2093 -
1823 2077 1867 2103 καὶ

1078 2125 1157 2159 μόνον
1181 2123 1266 2157 ψόφος
1286 2123 1340 2157 πρὸ
1362 2123 1416 2149 τῶν
1433 2122 1521 2157 θυρῶν
1538 2123 1553 2158 ἢ
1571 2122 1741 2157 ὑπονοηθεὶς,
1756 2122 1773 2158 ῆ
1795 2123 1868 2156 γενό-

1077 2178 1165 2205 μενος,
1183 2169 1277 2204 ὥσπερ
1299 2178 1340 2200 τις
1362 2169 1476 2203 ἄγγελος
1491 2168 1583 2195 κακῶν
1602 2169 1733 2204 ἐξαίφνης
1754 2169 1805 2203 τὴν
1821 2169 1869 2203 ψυ-

231 2214 437 2249 obloquentium
468 2213 636 2245 observant;
668 2219 815 2246 rerumque
856 2211 1017 2238 terribilium

1076 2215 1125 2250 χὴν
1143 2214 1323 2249 διεκλόνησεν.
1347 2214 1401 2240 Καὶ
1424 2214 1458 2240 τὰ
1485 2214 1533 2248 μὲν
1552 2213 1614 2246 ἔξω,
1637 2214 1712 2246 δεξιὰ
1728 2214 1810 2248 τυχὸν
1825 2214 1867 2240 καὶ

229 2263 305 2287 metu
331 2259 486 2293 perculsum
505 2264 553 2284 cor
568 2258 628 2291 ejus
646 2257 831 2290 disrumpitur
856 2265 862 2282 :
879 2261 941 2282 alite
959 2263 1023 2282 vero

231 2313 313 2339 quant
330 2313 420 2332 rerum
434 2311 567 2330 novarum
584 2303 687 2337 aliquid
708 2303 820 2329 allatum
837 2304 882 2334 sit,
901 2303 963 2329 ostii
983 2303 1023 2329 vel

232 2352 309 2379 solus
335 2350 524 2384 concrepitus,
556 2350 614 2376 sive
639 2349 739 2382 factus,
773 2349 831 2376 sive
857 2349 1024 2383 cogitatione

233 2397 458 2433 comprehensus,
476 2396 554 2430 quasi
573 2396 708 2422 malarum
725 2403 816 2422 rerum
833 2395 947 2421 nuntius
959 2402 1023 2421 eve-

232 2444 313 2478 stigio
334 2443 394 2478 ejus
412 2442 533 2469 animmn
554 2442 703 2468 commovit
723 2450 729 2468 :
758 2441 928 2475 t‘ortasseque
957 2441 1025 2466 nihil

233 2490 340 2518 absenti
357 2489 456 2515 marito
481 2488 590 2515 adversi
608 2488 719 2518 accidit,
743 2493 790 2514 aut
807 2492 879 2514 metu
894 2487 1024 2522 dignum;

233 2535 282 2563 sed
297 2534 381 2561 animi
415 2533 652 2563 consternatione,
686 2533 762 2559 nullo
777 2536 892 2566 arrepto
914 2532 1023 2563 nuntio,

234 2585 379 2608 mentema
403 2579 535 2613 jucundis
557 2579 640 2606 rebus
657 2578 690 2605 ad
718 2578 857 2605 contraria
877 2578 1024 2604 convertit.

234 2627 297 2654 Haec
313 2631 356 2654 est
376 2625 495 2653 felicium
514 2625 655 2652 hominum
673 2625 738 2656 vita,
757 2632 811 2651 non
827 2624 904 2651 valde
920 2624 1026 2651 scilicet

234 2673 315 2708 digna
326 2681 332 2699 :
344 2680 397 2699 non
411 2672 484 2699 enim
493 2679 555 2698 cum
567 2672 691 2706 virginali
702 2671 826 2698 libertate
838 2674 1024 2705 comparatur.

235 2719 319 2754 Atqui
343 2718 439 2750 multa,
456 2725 515 2752 quae
543 2718 669 2752 graviora
686 2721 760 2750 sunt,
778 2724 944 2751 percurrens
956 2723 1025 2750 pra:-

237 2765 303 2792 terit
317 2764 416 2791 oratio.
434 2763 499 2790 Nam
519 2764 648 2798 smpeilla
666 2771 728 2790 cum
752 2762 956 2790 adolescentula
972 2766 1025 2794 est,

239 2815 320 2844 atque
348 2809 375 2836 in
409 2817 517 2844 sponsae
550 2809 697 2844 splendore
719 2808 819 2839 elucet.
856 2807 1027 2841 t‘ortasseque

219 2851 221 2854 ’
239 2856 329 2884 adhuc
340 2856 434 2890 sponsi
447 2856 565 2888 adventu
584 2855 674 2888 rubet,
696 2858 724 2882 et
738 2854 843 2889 pudens
859 2853 932 2885 limis
947 2860 1026 2888 aspc<

1075 2261 1178 2292 οὐδενος
1192 2260 1254 2293 ἄξια
1270 2260 1352 2294 φόϐου
1363 2268 1369 2274 '
1387 2259 1483 2294 φθάνει
1498 2260 1525 2286 δὲ
1541 2261 1556 2294 ἡ
1572 2259 1738 2294 λειποθυμία
1754 2260 1805 2295 τὴν
1819 2260 1867 2293 ἁγ-

1076 2306 1178 2340 γελίαν,
1202 2306 1249 2332 καὶ
1275 2306 1440 2341 ἀναστρέφει
1465 2305 1533 2339 πρὸς
1555 2305 1584 2331 τὸ
1602 2306 1721 2332 ἐναντίον
1740 2306 1795 2332 ἀπὸ
1819 2305 1868 2332 τῶν

1075 2352 1160 2386 ἡδέων
1183 2351 1232 2385 τὴν
1258 2350 1381 2385 γνώμην.
1407 2350 1532 2382 Τοιοῦτος
1558 2350 1612 2376 τῶν
1639 2350 1830 2384 εὐθυμοῦντων
1856 2351 1868 2375 ὁ

1076 2397 1142 2432 βίος,
1169 2397 1198 2422 οὺ
1216 2397 1286 2423 πάνυ
1310 2405 1342 2429 γε
1366 2395 1458 2428 ἅξιος’
1483 2396 1513 2422 οὐ
1536 2395 1591 2431 γὰρ
1611 2397 1642 2430 τῇ
1659 2395 1801 2431 ἐλευθερίᾳ
1824 2396 1868 2430 τῆς

1076 2441 1224 2476 παρθενίας
1252 2440 1468 2474 ἀντεξετάζεται.
1504 2440 1600 2466 Καίτοι
1622 2440 1709 2466 πολλὰ
1729 2440 1785 2466 τῶν
1809 2449 1867 2466 σκυ-

1077 2485 1254 2520 θρωποτέρων
1269 2486 1283 2511 ό
1300 2485 1378 2519 λόγος
1401 2485 1552 2520 ἐπιτρέχων
1577 2485 1718 2512 κατέλιπε.
1738 2484 1868 2514 Πολλάκις

1077 2531 1131 2567 γὰρ
1155 2532 1269 2566 κάκείνη
1293 2531 1332 2557 ἔτι
1358 2531 1404 2557 νέα
1427 2531 1465 2566 τῷ
1491 2531 1608 2565 σώματι,
1630 2531 1670 2557 ἔτι
1692 2531 1725 2565 τῇ
1749 2531 1868 2565 νυμφικῇ

1077 2577 1177 2613 ἀγλαΐᾳ
1195 2577 1355 2608 στίλϐουσα,
1373 2576 1414 2602 ἔτι
1427 2577 1507 2611 τυχὸν
1521 2576 1676 2611 ἐρυθριῶσα
1691 2576 1737 2602 τοῦ
1753 2575 1867 2610 νυμςίου

1077 2626 1127 2658 τὴν
1148 2623 1260 2655 εἴσοδον,
1278 2623 1324 2648 καὶ
1343 2622 1413 2656 μετὰ
1434 2622 1525 2653 αἰδοῦς
1549 2622 1751 2652 ὑποϐλέπουσα,
1767 2622 1811 2647 ὅτε
1827 2619 1867 2646 καὶ

1079 2669 1259 2705 θερμοτέρους
1286 2666 1354 2694 εἶναι
1375 2668 1518 2703 συμϐαίνει
1541 2668 1604 2698 τοὺς
1629 2667 1740 2698 πόθους,
1767 2666 1812 2692 ὑπ’
1831 2665 1877 2691 αί-’

1080 2716 1179 2751 σχύνης
1202 2715 1270 2750 προς
1295 2714 1324 2740 τὸ
1349 2713 1499 2748 ἐκφανῆναι
1524 2713 1726 2747 κωλυομένους,
1744 2712 1866 2745 ἐξαίφνης

1079 2762 1159 2797 χήρα,
1179 2761 1227 2787 καὶ
1242 2760 1333 2792 ἀθλία,
1355 2759 1401 2785 καὶ
1416 2759 1529 2794 ἕρημος,
1547 2759 1592 2785 καὶ
1617 2759 1706 2785 πάντα
1718 2758 1754 2784 τὰ
1767 2756 1866 2792 φευκτὰ

1081 2806 1283 2844 μεταλαμῆάνει
1295 2805 1429 2840 ὀνόματα,
1453 2805 1498 2831 καὶ
1523 2805 1573 2839 τὴν
1587 2804 1656 2835 τέως
1672 2803 1804 2838 λαμπρὰν
1827 2800 1866 2828 καὶ

1080 2853 1240 2888 λευχείμονα
1260 2851 1307 2878 καὶ
1332 2850 1522 2887 περίῦλεπτον,
1548 2849 1655 2886 ἀθρόως
1679 2847 1866 2884 καταμελαίνει
