1922 3078
67 158 106 185 535

710 151 754 178 DE
773 148 1006 178 VIRGINITATE.

1610 151 1663 180 534

68 211 229 250 προσπεσοῦσα
242 212 259 246 ἡ
277 211 416 247 συμφορὰ,
433 210 482 237 καὶ
496 210 653 246 περιϐάλλει
669 209 708 245 τῷ
722 209 826 241 πένθει,

884 211 933 234 :tat
950 216 956 234 :
975 207 1195 242 quandoquidem
1209 214 1270 233 cum
1288 207 1370 234 animi
1382 208 1545 243 cupiditates
1559 211 1663 246 pudore

65 262 99 286 τὸν
112 257 230 293 νυμφικὺν
249 256 352 292 κόσμον
365 256 577 291 ἀποσυλήσασα·
594 254 653 282 εἶτα
668 255 748 290 ζόφος
764 255 825 281 ἀντὶ

66 307 102 341 τῆς
120 306 145 330 ὲν
165 302 276 329 παστάδι
290 303 492 338 λαμπρότητος,
516 302 558 330 κε’
577 302 707 338 θρηνῳδοὶ
721 301 771 333 τὰς
786 302 825 328 οι-

66 351 140 386 μωγὰς
165 349 355 380 ἑπιτείνουσαι,
382 349 428 375 καὶ
449 350 526 383 μῖσος
551 348 621 374 κατὰ
647 348 702 375 τῶν
724 349 827 382 ἐπιχει-

66 396 160 432 pedm-iv
178 394 306 429 πραΰνειν
327 394 361 420 τὰ
382 393 473 429 πάθη,
491 394 623 428 ἀπέχθεια
645 394 755 424 σιτίων,
777 402 826 428 τη-

64 440 130 468 eam
142 439 274 475 σώματος,
294 440 429 474 κατήφεια
439 440 536 474 ψυχῆς,
554 439 686 475 ὲπιθυμία
699 439 824 472 θανάτου,

63 488 99 514 καὶ
115 487 200 522 μέχρις
219 485 303 512 αὐτοῦ
328 486 375 512 τοῦ
392 485 507 513 Θανάτου
529 486 659 518 πολλάκις
679 485 822 520 ἰσχύσασα.

67 533 116 560 Ἐὰν
123 532 147 558 δὲ
160 532 202 558 καὶ
216 532 324 567 παυσθῇ
338 540 395 563 πως
408 531 447 566 τῷ
461 532 549 567 χρόνῳ
562 533 579 567 ὴ
595 531 731 568 συμφορὰ,
744 532 825 558 πάλιν

62 578 113 612 άλλη
139 577 272 612 συμφορὰ,
297 577 352 604 εἴτε
373 577 489 613 ὑπάρχει
507 578 601 609 τέκνα,
626 578 680 604 είτε
703 577 751 604 καὶ
775 578 823 612 μή.

63 623 128 650 Ὄντα
141 623 186 657 μὲν
208 621 274 657 γὰρ,
294 622 398 657 ὀρφανὰ
413 623 521 654 πάντως
538 623 608 654 ἐστὶ,
629 623 676 649 καὶ
692 623 734 650 διὰ
747 623 826 650 τοῦτο

60 669 155 702 ἐλεεινὰ,
168 669 212 695 καὶ
234 669 268 695 δι’
287 668 376 695 αὐτῶν
394 668 425 694 τὸ
441 668 526 700 πάθος
549 668 774 700 ἀνακαινίζονταο
801 670 825 695 εί

60 714 81 740 δὲ
95 713 127 749 μὴ
143 714 193 748 είη,
217 712 367 748 πρόρριζον
391 713 493 748 οἴχεται
513 713 543 739 τὸ
562 713 609 739 τοῦ
630 713 825 748 κατοιχομένου

61 759 221 794 μνημόσυνον,
245 759 292 785 καὶ
313 757 343 785 τὸ
360 758 445 785 κακὸν
463 758 534 794 ὑπὲρ
550 758 726 794 παραμυθίαν
741 759 824 785 ἐστίν.

65 805 105 832 Ὲῶ
117 805 147 832 τὰ
162 805 225 832 ἄλλα
242 805 276 832 τὰ
291 805 341 840 τῆς
354 805 466 841 χηρείας
482 805 544 832 ῐδια.
561 805 608 837 Τίς
621 806 675 841 γὰρ
689 806 722 833 ἂν
738 806 826 832 πάντα

60 850 115 884 μετὰ
129 849 268 884 ἀκριῦείας
287 850 523 885 ἀπαριθμήσαιτο;
542 850 605 881 τοὺς
622 850 746 885 ἐχθροὺς,
765 851 827 882 τοὺς

57 895 170 925 οἰκείους·
185 894 249 926 τοὺς
264 894 313 929 μὲν
331 894 543 929 ἐπεμϐαίνοντας
558 895 590 929 τῇ
611 895 751 929 συμφορᾷ·
764 894 827 924 τοὺς

57 937 79 964 δὲ
97 937 319 972 φαιδρυνομὲνους
345 938 377 972 τῇ
410 936 529 972 ἐρημία,
557 938 603 962 καὶ
635 936 693 970 μεθ’
733 936 828 971 ἡδονῆς

59 982 186 1016 βλέποντας
199 983 227 1009 έν
245 982 336 1017 πικρῷ
352 982 482 1018 ὀφθαλμῷ
496 983 541 1008 τὸν
555 982 730 1008 διαπίπτοντα
744 979 826 1011 οἷκον,

57 1029 95 1055 καὶ
107 1028 163 1060 τοὺς
175 1028 413 1064 καταφρονοῦντας
420 1028 538 1060 οἰκέτας,
550 1028 597 1054 καὶ
616 1028 704 1054 πάντα
719 1027 752 1053 τὰ
763 1027 828 1054 ἄλλα

57 1075 98 1100 ὅσα
111 1075 236 1109 πάρεστιν
250 1074 375 1108 ἀφθόνως
391 1074 436 1101 ἐπὶ
452 1074 506 1100 τῶν
520 1073 647 1100 τοιούτων
660 1074 830 1108 δυστυχημά-

57 1129 100 1147 των
113 1121 188 1156 ὁρᾷνο
201 1119 234 1147 δι’
248 1117 287 1146 ὦν
299 1121 326 1146 αἱ
345 1119 439 1146 πολλαὶ
454 1120 500 1146 καὶ
509 1119 632 1155 δεύτεραι
647 1120 692 1146 ὑπ’
708 1120 830 1154 ἀνάγκης

57 1167 114 1203 πρὸς
136 1167 183 1201 τὴν
202 1166 258 1193 τῶν
280 1167 378 1201 ὁμοίων
394 1165 487 1192 κακῶν
507 1166 705 1202 παρεϐάλλοντο
722 1168 828 1200 πεῖραν,

56 1213 96 1238 οὐκ
119 1212 277 1246 ὲνεγκοῦσαι
304 1212 357 1238 τῶν
391 1212 601 1246 ἐπεγγελώντων
624 1212 674 1248 τὴν
707 1213 829 1248 πικρίαν.

56 1258 137 1294 ὥσπερ
153 1258 322 1293 ἀμυνόμεναι
339 1258 401 1290 τοὺς
424 1258 598 1293 λυπήσαντας
617 1259 674 1289 τοῖς
690 1258 764 1289 ίδίοις
786 1267 832 1285 κα·

56 1305 112 1335 κοῖς·
136 1304 232 1331 πολλαὶ
251 1304 281 1330 δὲ
295 1306 327 1340 τῇ
348 1305 442 1340 μνήμῃ
464 1304 518 1330 τῶν
542 1304 762 1339 συμϐεϐηκότων,
777 1306 831 1330 πᾶν

54 1351 131 1377 ὼιοῦν
146 1351 305 1386 ὑπέστησαν
331 1350 440 1385 μᾶλλον,
465 1351 481 1386 ἢ
505 1351 634 1386 ἐμπεσεῖν
658 1352 690 1377 ἐκ
705 1351 831 1386 δευτέρου

55 1397 80 1430 τῇ
94 1395 143 1421 τῶν
165 1395 316 1430 συμφορῶν
337 1396 485 1430 ὁμοιότητι.
501 1396 556 1422 Καὶ
579 1396 603 1421 εἰ
632 1395 718 1430 βούλει
738 1396 833 1431 μαθεῖν

53 1441 81 1468 τὰ
94 1442 205 1476 δυσχερῆ
227 1441 277 1467 τοῦ
292 1441 444 1478 καινοτέρου
461 1441 528 1476 βίου,
547 1441 661 1468 ἄκουσον
677 1439 720 1467 οἷα
738 1441 832 1475 λέγου-

54 1495 89 1512 σιν
107 1488 133 1513 αἱ
153 1489 185 1522 τῇ
210 1487 297 1522 πείρα
311 1487 355 1513 τὸν
378 1487 434 1521 βίον
455 1487 632 1522 γνωρίσασαι,
652 1488 725 1519 ὅπως
746 1496 833 1523 μακα-

876 253 994 288 quodam
1010 253 1239 287 comprimuntur,
1257 260 1311 286 quo
1324 253 1416 280 minus
1427 262 1486 281 sese
1501 257 1662 289 ostendant,

875 299 998 326 acriores
1016 298 1072 325 ﬁeri
1089 298 1223 333 contingit
1239 307 1245 325 :
1260 302 1315 324 tum
1332 298 1365 325 de
1377 298 1524 334 improviso
1536 302 1662 333 viduitas,

876 352 1009 376 aerumna,
1022 344 1143 372 solitudo
1165 353 1171 370 :
1186 351 1281 378 quaeve
1303 343 1447 371 horribilia
1461 350 1534 379 sunt,
1550 348 1662 374 noluina

876 391 929 418 sibi
945 391 1069 425 imponit,
1087 394 1114 417 et
1131 396 1204 420 ecce.
1220 397 1281 424 qua:
1297 389 1369 417 lauta
1386 391 1466 418 tnodo
1486 397 1545 418 erat
1562 393 1664 419 amictu

876 436 992 463 candido
1020 439 1173 470 ornatuque
1199 436 1318 470 insigni,
1344 441 1454 471 repente
1483 445 1542 472 quae
1568 438 1664 465 incidit

876 481 1017 507 calamitas
1043 488 1102 507 eam
1119 480 1191 515 pulla
1217 485 1302 512 veste,
1321 485 1434 515 atroque
1448 481 1540 508 habitu
1564 482 1662 512 induit,

875 528 1079 562 dilaceratoque
1096 535 1203 561 sponsa:
1233 531 1342 559 ornatu,
1361 527 1386 553 in
1419 527 1521 554 luctum
1549 528 1622 554 illam
1638 531 1665 554 et

876 574 1030 608 squalorem
1051 573 1180 607 conjicit;
1195 573 1293 600 deinde
1308 581 1356 608 pro
1374 573 1434 600 luce
1447 574 1472 600 in
1489 574 1600 608 nuptiali
1614 581 1664 601 cu-

876 620 967 648 biculo
987 620 1073 656 caligo
1084 623 1110 647 ct
1121 621 1253 651 tenebrat,
1283 619 1385 651 luctus,
1402 620 1589 647 lamentabiles
1605 620 1664 654 plo-

876 670 952 692 ratus
981 669 1062 700 atque
1094 664 1186 692 odium
1222 665 1248 692 in
1282 673 1330 692 eos
1355 665 1400 699 qui
1433 665 1553 692 dolorem
1580 666 1665 692 lenire

876 717 1027 745 conantur;
1039 712 1149 746 cibique
1165 712 1341 743 abstinentia,
1357 713 1480 747 corporis
1496 713 1584 743 tabes,
1596 720 1665 740 con-

876 758 973 784 traetio
985 758 1169 792 demissioquc
1191 758 1294 789 animi,
1312 758 1409 785 mortis
1433 757 1579 792 cupiditas,
1605 766 1665 792 quae

876 810 948 836 smpe
964 802 996 829 ad
1015 803 1101 837 ipsam
1118 810 1207 837 usque.
1219 807 1334 830 mortem
1347 803 1487 838 perdurat.
1504 803 1552 830 Sin
1574 807 1664 830 autent

877 847 969 882 aliquo
990 848 1069 875 modo
1093 847 1120 874 fit
1145 852 1175 875 ut
1200 853 1322 882 tempore
1344 849 1486 883 mitigetur
1512 849 1664 880 calamitas,

844 886 863 913 Β
879 901 989 919 rursum
1016 894 1068 920 alia
1092 894 1354 926 exoriturterumna,
1373 895 1430 921 sive
1446 895 1545 921 liberos
1574 894 1664 927 habet,

878 940 935 967 sive
964 945 1048 968 caret.
1072 939 1176 967 Etenim
1205 941 1227 967 si
1258 940 1349 972 habet,
1378 940 1437 967 orbi
1462 941 1574 967 omnino
1587 945 1663 971 sunt,

878 988 1022 1017 propterea
1040 985 1279 1011 commiseratione
1292 985 1378 1019 digni,
1394 989 1477 1019 atque
1493 992 1523 1011 ex
1542 985 1582 1012 his
1595 985 1664 1019 ipsis

879 1029 983 1056 doloris
1002 1029 1114 1057 aﬂ'ectus
1130 1034 1292 1062 renovatur;
1309 1030 1351 1057 sin
1364 1030 1476 1056 omnino
1497 1033 1582 1061 caret,
1592 1038 1666 1056 tuor-

880 1078 919 1105 tui
940 1079 1068 1105 memoria
1085 1079 1209 1106 funditus
1223 1079 1342 1111 tollitur,
1365 1079 1527 1114 graviusque
1540 1084 1581 1106 est
1595 1080 1667 1106 sola-

880 1124 918 1150 tio
932 1124 1040 1152 malum.
1055 1123 1179 1159 Reliqua,
1198 1133 1258 1159 qum
1271 1130 1336 1151 sunt.
1353 1125 1494 1151 viduitatis
1509 1126 1618 1160 propria
1629 1125 1667 1151 in-

880 1169 1033 1200 eommoda,
1045 1169 1151 1195 omitto.
1165 1169 1272 1202 Quotus
1286 1169 1357 1196 enim
1368 1170 1484 1204 quisque
1493 1174 1544 1200 est.
1555 1170 1599 1204 qui
1609 1177 1668 1196 mn-

882 1213 925 1240 nia
953 1218 1080 1241 accurate
1097 1215 1260 1242 cuumcret?
1281 1219 1309 1241 ut
1335 1215 1462 1243 inimicos
1491 1215 1667 1246 domesticos,

881 1264 937 1286 tttm
951 1267 998 1286 eos
1013 1260 1058 1294 qtti
1074 1260 1101 1286 in
1115 1260 1297 1287 calamitatem
1314 1260 1446 1292 incidunt,
1458 1265 1515 1287 tum
1533 1261 1592 1288 illos
1617 1263 1664 1296 qui

881 1313 912 1332 ea
928 1305 1076 1332 solitudine
1089 1306 1217 1340 gaudent,
1241 1313 1381 1340 sensuque
1395 1307 1511 1340 quodam
1525 1307 1669 1334 oculorum

882 1351 988 1383 iniquo,
1004 1356 1028 1378 et
1045 1359 1105 1377 eum
1122 1351 1259 1386 voluptate
1277 1352 1411 1379 labentem
1423 1352 1545 1384 domum,
1560 1360 1670 1380 set-ros-

883 1404 935 1431 (μοι
950 1396 1039 1422 omnia
1056 1397 1222 1431 negligentes
1249 1397 1395 1431 aspiciunt,
1422 1401 1588 1432 cunctasque
1602 1399 1670 1425 alias

884 1451 928 1469 res
945 1443 1084 1474 adversas,
1103 1451 1171 1477 quas
1198 1443 1298 1470 multas
1317 1443 1344 1470 in
1371 1443 1406 1470 iis
1422 1443 1531 1478 quidem
1557 1451 1670 1471 cernere

885 1488 947 1515 licet
962 1497 967 1514 :
982 1496 1099 1522 quarutn
1119 1496 1201 1515 causa
1214 1495 1267 1514 non
1279 1496 1373 1523 paucas
1389 1489 1528 1520 mulieres,
1547 1497 1609 1515 cum
1625 1498 1671 1515 ras

54 1533 146 1569 ρίζουσι
159 1534 208 1569 τὴν
223 1534 299 1568 ζωὴν
311 1533 364 1560 τῶν
382 1533 411 1566 ἐξ
427 1534 514 1569 ἀρχῆς
527 1534 572 1560 τὸν
592 1536 620 1561 ἐν
632 1535 764 1570 παρθενίᾳ
778 1534 829 1570 βίον

885 1533 1068 1560 deridentimn
1082 1534 1252 1568 iniquitatem
1268 1541 1321 1560 non
1339 1533 1450 1565 ferrent,
1463 1542 1494 1561 ex
1508 1535 1672 1562 necessitate

54 1579 241 1614 προελομένων.
270 1579 316 1605 καὶ
340 1579 376 1613 μὴ
398 1578 441 1605 διὰ
459 1579 600 1614 συμφορᾶς
624 1579 833 1614 μεταμαθόντων

52 1625 79 1651 τὸ
92 1625 208 1657 κάλλιον,
226 1625 270 1652 ὃτι
286 1624 394 1651 πάντων
410 1624 462 1650 τῶν
481 1623 609 1650 τοιούτων
627 1625 717 1651 κακῶν
740 1625 834 1651 ἀνεπί-

52 1670 134 1701 sam;
159 1671 233 1697 ἐστιν
252 1671 270 1705 ή
290 1670 421 1705 παρθενία
435 1678 441 1684 ·
459 1670 508 1696 οὐκ
528 1670 658 1704 ὀρφανίαν
678 1670 779 1705 θρηνεῖ,
804 1671 834 1696 οὺ

52 1717 155 1752 χηρείαν
172 1717 318 1751 ὀδύρεταν
336 1716 378 1742 ἀεὶ
395 1716 502 1742 σύνεστι
514 1716 551 1750 τῷ
565 1716 697 1751 ἀφθάρτῳ
712 1716 833 1751 νυμφίῳ·

51 1762 88 1788 ἀεὶ
101 1763 286 1797 ἑπαγὰλλεται
306 1763 360 1794 τοῖς
381 1762 429 1798 τῆς
449 1762 588 1794 εὐσεϐείας
603 1763 770 1798 γεννήμασι·
791 1763 836 1788 τόν

49 1816 75 1834 τε
88 1806 157 1835 οἷκον
171 1809 217 1836 τὸν
230 1807 341 1843 ἀληθῶς
355 1809 419 1835 [διον
432 1810 497 1835 πᾶσι
515 1808 667 1840 καλλίστοις
680 1809 730 1844 ὁρᾷ
747 1808 835 1844 διηνεο

51 1852 99 1882 κῶς
114 1852 327 1888 εὐθηνοὺμιενον,
341 1853 385 1879 διὰ
401 1853 431 1879 τὸ
446 1856 572 1888 παρεῖναι
588 1854 635 1880 καὶ
656 1854 769 1880 ἐνοικεῖν
792 1854 836 1880 ἀεὶ

48 1897 88 1924 τὸν
101 1897 146 1924 τοῦ
163 1899 240 1926 οἱκου
269 1898 405 1934 Δεσπότην
415 1907 422 1914 ·
441 1899 482 1934 ἐφ’
498 1895 531 1934 ἦς
546 1901 560 1926 ὁ
577 1899 690 1931 θάνατος
711 1900 741 1926 οὺ
754 1909 837 1935 χωρι-

51 1944 123 1978 σμὸν,
148 1945 219 1972 ἀλλὰ
244 1945 393 1979 συνάφειαν
410 1945 456 1971 τοῦ
475 1945 640 1980 ποθουμένου
660 1946 746 1971 ποιεῖ·
772 1945 836 1971 ὅταν

50 1989 98 2025 γὰρ
110 1991 245 2026 ἀναλύσῃ,
258 1991 319 2017 τότε
337 1991 384 2017 σὺν
398 1991 506 2026 Χριστῷ
522 1992 636 2025 γίνεται,
650 1990 740 2023 καθώς
754 2000 836 2027 φησιν

47 2036 61 2061 ὸ
78 2036 248 2067 Ἀπόστολος.

885 1580 982 1606 iterum
1009 1587 1038 1606 se
1058 1579 1188 1606 similium
1208 1580 1340 1606 malorum
1366 1580 1488 1614 periculo
1503 1579 1671 1614 ohjcccrunt,

885 1626 962 1660 quasi
979 1625 1057 1652 tnalis
1076 1625 1133 1652 suis
1155 1633 1249 1660 [uacuas
1265 1626 1391 1660 petierint
1414 1627 1448 1653 ab
1468 1626 1512 1656 iis.
1539 1635 1552 1652 a
1571 1627 1672 1661 quibus

885 1672 1005 1700 dolorem
1027 1672 1191 1706 acceperint.
1219 1671 1380 1706 Complures
1406 1680 1471 1700 vero
1499 1673 1672 1708 superiorum

886 1717 1019 1744 malorum
1036 1717 1225 1745 recordatione
1241 1718 1349 1752 quidvis
1363 1718 1511 1751 sustinere,
1528 1727 1558 1745 ac
1570 1720 1673 1754 perpeti

889 1764 1054 1795 maluerunt,
1074 1771 1156 1798 quam
1184 1764 1212 1790 in
1239 1764 1345 1792 similes
1374 1773 1470 1792 rursus
1505 1766 1675 1793 calamitates

889 1808 1041 1837 incurrere.
1057 1809 1106 1836 Sin
1138 1813 1228 1837 autem
1257 1817 1417 1838 communes
1435 1811 1517 1845 hujus
1535 1811 1674 1838 vitaadilli—

887 1855 1002 1882 eultates
1017 1862 1182 1890 cognoscere
1201 1855 1290 1889 cupis,
1308 1855 1386 1882 velim
1414 1855 1510 1883 audias
1527 1863 1587 1890 qua:
1603 1864 1676 1882 cont-

889 1904 1039 1927 memorent
1065 1901 1204 1932 mulieres,
1232 1908 1293 1935 quae
1310 1901 1375 1927 illud
1386 1901 1446 1927 vitae
1459 1909 1545 1936 genus
1559 1906 1676 1936 experta:

888 1950 1068 1981 cognoscunt,
1080 1954 1161 1981 quam
1179 1946 1354 1973 heatissimas
1375 1954 1421 1973 cas
1448 1954 1510 1974 esse
1535 1954 1595 1981 qute
1619 1946 1674 1972 rir-

891 1992 991 2027 ginalis
1018 1992 1079 2019 vitae
1104 1992 1238 2018 rationem
1265 1991 1436 2026 delegerunt,
1465 1999 1552 2026 neque
1572 1999 1604 2019 ex
1622 1992 1675 2018 ulla

892 2037 1057 2068 calamitate,
1070 2037 1134 2072 quid
1148 2037 1245 2064 tnelius
1259 2041 1342 2067 esset.
1357 2037 1523 2068 didicerunt,
1547 2037 1676 2071 quoniam

49 2081 80 2107 ab
92 2082 221 2109 omnibus
239 2081 284 2108 his
303 2081 384 2109 malis
395 2089 480 2108 vacua
494 2085 537 2108 est
550 2082 712 2117 virginitas;
746 2090 799 2108 non
821 2083 965 2110 orbitatem
1000 2083 1084 2117 luget,
1103 2090 1156 2109 non
1178 2082 1335 2109 viduitatem
1363 2082 1537 2114 lamentatur,
1570 2088 1677 2116 unaque

49 2137 149 2165 semper
161 2135 205 2157 est
216 2137 283 2156 cum
299 2130 457 2164 incorrupto
472 2137 584 2164 sponso,
599 2135 625 2157 et
639 2131 773 2157 I'ructibus
785 2130 892 2164 pietatis
901 2133 1031 2165 perpetuo
1043 2129 1153 2165 gaudet,
1164 2137 1195 2156 ac
1205 2129 1317 2156 domum
1334 2136 1396 2156 vere
1407 2129 1541 2164 propriam
1553 2129 1677 2156 omnirc-

51 2182 106 2202 runt
122 2176 296 2210 optimarum
317 2181 414 2208 genere
429 2175 602 2201 continenter
615 2175 769 2202 institutam
791 2175 878 2207 videt,
897 2179 1041 2210 propterea
1055 2175 1129 2210 quod
1148 2175 1243 2201 harum
1255 2175 1353 2201 mdium
1383 2174 1514 2201 Dominus
1531 2183 1584 2202 una
1605 2183 1678 2203 sem-

48 2225 142 2255 perest
170 2225 259 2255 atque
298 2219 403 2250 incolit,
424 2220 468 2246 ubi
494 2227 548 2246 non
567 2221 778 2255 sejunctionem,
798 2222 844 2247 sed
858 2222 1079 2256 conjunctionem
1117 2229 1178 2248 cum
1213 2228 1257 2252 eo,
1294 2221 1374 2255 cujus
1400 2221 1536 2248 desiderio
1561 2227 1679 2254 tenetur,

51 2273 120 2293 mors
137 2266 243 2298 eilicit;
264 2272 328 2291 cum
344 2265 415 2291 enim
434 2264 604 2298 dissolvitur,
639 2266 728 2300 inquit
752 2265 899 2300 Apostolus
925 2266 932 2280 ¹
945 2286 952 2298 ,
982 2270 1038 2292 tum
1067 2269 1109 2292 est
1128 2273 1190 2292 cttm
1209 2265 1329 2292 Christo.

85 2315 165 2342 Ἀλλὰ
181 2314 285 2349 καιρὸς
302 2312 336 2339 ἂν
351 2313 404 2348 εἴη,
420 2313 511 2348 ἐπειδὴ
533 2313 567 2340 τά
583 2313 636 2339 τῶν
653 2313 829 2349 εὐθυμοῦντω·

930 2313 982 2341 Sed
999 2314 1128 2349 quoniam
1152 2322 1212 2349 ιιιια»
1235 2315 1269 2340 ad
1287 2314 1362 2340 lsetos
1385 2314 1508 2342 homines
1525 2316 1680 2350 pertinent,

46 2359 76 2386 ὲκ
98 2360 201 2396 μέρους
219 2358 382 2393 ἐξήτασται,
404 2361 450 2384 καὶ
466 2358 528 2390 τοὺς
544 2359 653 2394 ἐτέρους
675 2359 840 2386 ἐποπτεῦσαι

47 2406 116 2440 βίους
136 2406 175 2441 τῷ
201 2405 291 2439 λόγῳ,
309 2402 348 2435 οἷς
366 2404 413 2430 καὶ
428 2404 528 2436 πενίαι,
544 2405 591 2431 καὶ
607 2405 776 2440 δυσκληρίαι,
796 2407 841 2432 καὶ

46 2451 132 2478 λοιπαὶ
148 2451 206 2478 τῶν
233 2449 415 2485 ἀνθρωπίνων
439 2450 532 2476 παθῶν
554 2451 692 2486 συμφοραὶ
718 2459 844 2486 παραπε-

46 2499 179 2533 πήγασιν·
199 2495 263 2524 οἷον
285 2495 423 2531 πηρώσεις
437 2505 467 2523 τε
496 2498 542 2524 καὶ
559 2497 642 2528 νόσοι,
658 2497 704 2524 καὶ
718 2498 767 2524 ὅσα
789 2506 844 2524 τοι-

47 2544 112 2570 αῦτα
134 2545 168 2580 τῇ
199 2543 368 2578 ἀνθρωπίνῃ
396 2543 451 2578 ζωῇ
482 2543 722 2578 συγκεκλήρωται·
751 2544 779 2569 ὲν
805 2539 845 2574 οἷς

46 2589 143 2615 ᾶπασιν
167 2591 182 2616 ὁ
212 2588 268 2624 μὲν
295 2587 356 2614 καθ’
379 2588 474 2613 ἑαυτὸν
498 2587 562 2618 ζῶν,
589 2587 604 2622 ἢ
630 2587 769 2621 διαφεύγει
798 2588 846 2622 τὴν

46 2637 151 2670 πεῖραν,
165 2635 182 2670 ἢ
201 2635 274 2670 ῥᾷον
285 2633 407 2668 διαφέρει
423 2633 472 2668 τὴν
493 2633 646 2669 συμφορὰν,
662 2641 847 2668 συγκεκροτη-

46 2682 127 2717 μένην
142 2681 216 2716 ἔχων
234 2680 305 2714 περὶ
324 2679 406 2705 αὐτὸν
419 2679 468 2714 τὴν
478 2679 608 2710 διάνοιαν,
626 2678 672 2705 καὶ
689 2679 755 2714 πρὸς
772 2679 847 2704 οὐδὲν

44 2726 105 2752 ἄλλο
114 2728 177 2757 ταῖς
188 2725 322 2761 φροντίσι
336 2724 555 2760 περιελκόμενος,
573 2725 601 2751 'U
612 2725 639 2751 δὲ
652 2725 719 2760 πρὸς
730 2726 847 2759 γυναῖκα

44 2774 88 2798 καὶ
105 2772 190 2798 τέκνα
209 2770 427 2806 μεμερισμένος,
445 2770 505 2797 οὐδὲ
526 2770 622 2807 σχολὴν
638 2771 699 2805 ἄγει
717 2771 846 2802 πολλάκις

80 2865 86 2879 ¹
104 2864 230 2899 Philipp.
251 2870 272 2895 I,
282 2861 338 2906 25..

893 2363 956 2386 sunt
971 2358 1061 2393 aliqua
1075 2366 1107 2385 ex
1124 2363 1200 2392 parte
1217 2365 1230 2384 a
1248 2358 1327 2385 nobis
1341 2358 1469 2393 indagata
1481 2379 1488 2389 ,
1504 2363 1610 2394 tempus
1625 2361 1680 2396 jam

893 2409 945 2437 est,
967 2407 996 2430 ut
1015 2404 1066 2430 hac
1086 2403 1209 2431 oratione
1226 2409 1340 2431 caeteras
1367 2404 1429 2431 vitae
1449 2405 1570 2432 rationes
1589 2414 1682 2440 persc<

894 2457 1020 2485 quamur,
1037 2457 1097 2484 quae
1115 2449 1340 2484 paupertatibus,
1360 2450 1442 2477 rebus
1458 2451 1582 2478 adversis
1593 2471 1600 2483 ,
1617 2452 1681 2478 reli-

895 2496 1012 2530 quisque
1031 2494 1165 2521 tnalorum
1186 2494 1367 2521 humanorum
1387 2500 1451 2522 sunt
1469 2496 1615 2530 implicatae
1633 2505 1682 2531 pe-

897 2541 985 2569 stibus
998 2551 1004 2568 :
1019 2541 1114 2575 quales
1127 2541 1241 2567 omnino
1252 2545 1316 2568 sunt
1330 2540 1432 2573 febres,
1447 2543 1553 2574 morbi,
1568 2547 1594 2569 et
1608 2550 1682 2576 qua:-

895 2594 1002 2622 eunque
1015 2586 1041 2613 id
1052 2586 1160 2621 generis
1172 2586 1297 2613 humana:
1307 2586 1368 2613 vita:
1378 2587 1554 2614 acciderunt:
1565 2595 1681 2621 quorum

895 2633 1016 2659 omniurn
1030 2632 1182 2667 periculum
1198 2638 1245 2658 aut
1258 2632 1387 2664 declinat,
1399 2637 1447 2660 aut
1459 2640 1554 2660 eorutn
1567 2633 1682 2659 calami-

895 2682 979 2706 tatem
1005 2679 1111 2712 aaquius
1128 2678 1181 2705 fert
1199 2678 1239 2710 is,
1257 2678 1304 2713 qui
1323 2678 1375 2706 sibi
1393 2679 1476 2710 vivit,
1503 2681 1597 2712 utpote
1620 2686 1682 2705 cum

897 2724 986 2751 onmis
1003 2723 1063 2757 ejus
1079 2723 1178 2750 mentis
1193 2723 1323 2757 cogitatio
1337 2723 1364 2749 in
1380 2723 1440 2758 ipso
1453 2723 1556 2750 haereat
1569 2741 1576 2753 ,
1593 2731 1682 2758 nequc

899 2771 1049 2797 alienarum
1067 2776 1159 2796 rerum
1177 2769 1252 2797 curis
1268 2768 1518 2801 abstrahatur.Qui
1532 2776 1595 2796 vero
1612 2776 1666 2796 ιικο
