1922 3078
68 89 116 115 557

381 148 505 174 ΚΕΦΑΛ.
523 149 558 176 Δ’.

69 203 127 241 Ὅτι
150 202 258 241 επιὶνῖα
281 203 316 241 τὰ
333 205 408 241 κατὰ
427 205 480 241 τὰν
491 206 563 241 ,βίον
573 205 679 241 ᾶτοπα,
698 206 754 240 τὴν
766 207 864 241 ἀρχὴν

101 236 159 276 dm)
174 238 231 276 to?!
248 238 346 276 γάμου
360 239 422 273 ἔχει
435 248 439 253 ·
451 237 519 276 ἐῂῷ
535 241 583 267 καὶ
599 240 661 273 οἷος
673 236 690 268 ὅ
704 236 864 276 xerit-ciiii-

100 274 182 299 θειαν
199 273 436 307 ἀποταξάμενος
450 274 490 306 τῷ
506 276 565 308 ,ϐίῳ
580 276 675 302 ἐστίν.

100 325 206 353 Μᾶλλον
229 327 260 353 δὲ
286 328 313 354 τί
333 329 384 363 χρὴ
402 329 571 364 μικρολόγως
593 331 640 358 τοῦ
664 333 785 359 τοιούτου
805 333 862 368 βίου

69 373 112 407 τὴν
130 373 251 400 ἀτοπίαν
270 374 403 409 ἐλέγχειν,
415 376 444 401 ὲν
466 376 559 411 μόναις
581 378 713 412 μοιχείαις
724 399 731 410 ,
748 380 794 406 καὶ
807 380 863 406 δια-

70 419 185 450 στάσεσι,
203 419 255 446 καὶ
277 420 433 453 ἐπιϐουλαῖς
445 423 649 457 περιορίζοντας
660 425 708 459 τὴν
721 425 774 452 τῶν
791 435 861 461 συμ-

69 464 153 499 φορῶν
173 464 331 500 ἀρίθμησιν
345 474 353 499 ;
369 466 443 493 δοκεῖ
461 467 515 502 γάρ
533 462 576 503 μοι
591 468 630 503 τῷ
644 469 801 505 ὑψηλοτέρῳ
814 471 862 497 καὶ

68 508 240 545 ἀληθεστέρῳ
258 510 342 545 λόγῳ,
359 512 433 537 πᾶσα
454 512 470 546 ἡ
485 512 531 538 τοῦ
560 512 617 547 βίου
635 515 720 540 κακία
731 536 737 545 ,
752 515 768 549 ή
794 515 861 542 πᾶσι

69 554 210 588 πράγμασι
234 555 286 580 καὶ
303 555 517 590 ἐπιτηδεύμασιν
544 556 758 594 ὲνθεωρουμένη,
780 559 861 594 μηδε-

70 599 128 633 μίαν
141 599 288 634 εὑρίσκειν
301 600 387 636 ἀρχὴν
405 601 475 628 κατὰ
493 602 543 636 τῆς
556 603 602 629 τοῦ
617 603 761 639 ἀνθρώπου
776 605 859 640 ζωῆς,

69 645 140 675 εἴτις
158 645 260 671 ἑαυτὸν
278 646 316 680 μὴ
337 646 474 680 ὑπαγάγοι
488 649 521 683 τῇ
537 648 642 684 ἀνάγκη
661 649 707 676 τοῦ
727 650 783 684 βίου
801 650 860 677 τού-

68 697 120 714 του.
140 689 223 716 Οὖτω
242 690 273 716 δὲ
283 691 349 725 ἡμῖν
363 692 380 725 ἡ
395 691 507 726 ἀλήθεια
517 692 563 718 τοῦ
576 692 654 727 λόγου
667 695 858 731 φανερωθήσε-

68 743 118 761 ut:
138 735 167 762 ὐ
175 736 227 771 τὴν
245 736 295 762 τοῦ
310 737 367 771 βίου
389 737 484 764 τούτου
501 738 608 774 ἀπάτην
626 741 795 776 κατανοήσας
809 750 858 768 κα-

69 780 138 815 θαρῷ
154 780 194 815 τῷ
207 781 261 816 τῆς
284 781 375 817 ψυχῆς
396 783 537 819 ὀφθαλμῷ,
562 785 608 811 καὶ
628 785 790 821 ὑψηλότερος
804 786 858 813 τῶν

751 92 793 118 DE
813 92 1033 120 VIRGINITATE

1655 99 1707 127 37:3

1223 153 1336 180 CAPUT
1357 153 1402 181 IV.

916 205 1086 245 Quaecunque
1112 207 1138 245 in
1155 206 1205 245 [me
1230 210 1281 245 ritu
1304 211 1422 237 eueniunt
1446 211 1578 245 absurda,
1600 215 1707 242 initiati:

951 241 1218 285 ponamus-habent.
1245 244 1347 285 Qualis.
1365 245 1426 285 item
1442 254 1498 273 esse
1514 241 1604 275 debeat
1619 250 1642 276 is
1660 250 1705 285 qui

950 276 1028 310 hujus
1044 285 1070 303 se
1085 277 1143 303 vilic
1159 279 1283 305 societate
1296 279 1446 307 abduxerit.

949 334 983 360 At
1008 342 1072 361 vero
1098 335 1164 368 quid
1194 335 1276 370 hujus
1304 337 1366 364 vita:
1396 338 1597 367 absurditatem
1626 342 1703 368 brevi

913 378 1037 405 oratione
1056 380 1251 415 prmstringere
1268 388 1317 408 nos
1336 386 1461 416 oportet,
1477 384 1523 418 qui
1539 385 1684 413 adulteriis
1695 407 1703 420 ,

912 423 1054 456 dissidiis,
1069 424 1293 454 dissensionibus
1305 447 1312 458 .
1329 431 1412 462 atque
1432 428 1540 456 insidiis
1559 431 1703 458 calamita-

913 473 971 496 tum
985 470 1222 497 enumerationem
1237 471 1440 501 terminemus?
1455 474 1553 501 veriori
1567 476 1640 502 enim
1658 485 1702 503 ra-

912 515 990 542 tione
1008 516 1075 543 mihi
1093 517 1182 544 omnis
1195 517 1257 544 vitae
1274 518 1451 553 improbitas.
1470 528 1532 554 qua:
1549 526 1575 548 et
1592 523 1702 550 cunctis

910 560 939 586 in
959 561 1041 588 rebus
1053 582 1059 591 ,
1075 566 1101 588 et
1118 562 1218 589 studiis
1238 563 1372 595 cernitur,
1391 565 1495 591 nullum
1512 566 1539 592 in
1558 566 1698 594 hominum:

911 605 967 632 vita
995 605 1141 640 imperium
1164 607 1264 634 habere
1288 608 1405 640 videtur,
1427 611 1482 637 nisi
1506 611 1568 645 quis
1599 612 1697 646 hujus-

911 650 984 677 modi
1011 651 1074 678 vitae
1098 653 1288 680 necessitatem
1311 654 1363 681 sibi
1379 656 1437 689 ipse
1454 657 1586 690 imponat.
1613 657 1702 691 Atque

911 695 962 722 hoc
974 696 1081 730 quidem
1097 698 1177 724 modo
1193 698 1273 732 hujus
1287 700 1421 728 orationis
1437 701 1536 728 veritas
1550 702 1629 729 nobis
1642 710 1700 736 apt--

910 741 1005 768 rictur.
1026 741 1077 774 Qui
1091 742 1173 777 hujus
1187 744 1247 771 vita:
1264 744 1374 773 fraudes
1399 754 1468 781 puro
1496 749 1595 775 mentis
1617 757 1700 776 sensu

910 787 1119 820 animadvertit,
1137 794 1164 816 et
1182 790 1265 818 altius
1281 799 1294 818 ιι
1313 792 1409 825 rebus,
1423 800 1484 827 qua:
1502 793 1546 820 hic
1563 799 1699 829 expetun-

70 826 180 853 ἐνταῦθα
191 827 421 863 σπουδαζομένων
431 829 584 864 γενόμενος·
599 830 656 862 καὶ,
673 831 764 864 καθώς
774 841 855 867 φησιν

910 835 960 864 Lur,
985 841 1015 860 se
1031 834 1118 866 tollit,
1138 835 1301 870 omniaque,
1327 840 1355 863 ut
1370 842 1412 864 est
1433 826 1504 872 apud
1527 826 1699 872 Apos'tolum,

69 873 81 898 ὁ
98 872 277 904 Ἀπόστολος,
291 873 416 908 καθάπερ
427 874 487 901 τινὰ
504 874 606 910 δυσώδη
633 876 754 903 σκύϐαλα
771 878 859 904 πάντα

70 918 211 953 περιορῶν,
228 920 278 945 καὶ
299 920 398 954 τρόπον
422 920 482 946 τινὰ
498 921 544 947 τοῦ
561 921 618 956 βίου
635 923 734 954 παντὸς
754 923 798 949 διὰ
810 924 860 958 τῆς

70 963 113 989 τοῦ
129 963 219 998 γάμου
239 957 441 1000 ἀναχωρήσεως
464 966 558 993 ἑαυτὸν
575 967 720 1002 ἐξοικίσας,
732 957 860 1003 οὐδεμίαν

71 1008 122 1043 εχει
141 1009 290 1036 κοινωνίαν
307 1010 374 1045 πρὸς
389 1011 423 1037 τὰ
437 1013 510 1038 κακὰ
526 1011 559 1038 τὰ
577 1012 735 1047 ἀνθρώπινα
752 1023 757 1029 ·
770 1014 860 1041 πλεον-

72 1055 140 1085 εξίαν
151 1054 224 1089 λέγω
233 1056 284 1081 καὶ
298 1055 404 1089 φθόνον,
417 1057 501 1092 ὀργήν
515 1065 544 1083 τε.
560 1058 606 1084 καὶ
621 1059 707 1093 μῖσος,
723 1060 769 1085 καὶ
779 1061 860 1095 κενῆς

70 1099 142 1133 idin;
164 1100 335 1135 ἐπιθυμίαν,
353 1102 400 1128 καὶ
415 1102 449 1128 τὰ
473 1102 541 1128 ἄλλα
556 1103 606 1129 ὅσα
620 1103 740 1130 τοιούτου
766 1105 860 1138 γένους

73 1144 148 1170 ἐστίν.
165 1144 282 1172 Πάντων
302 1146 330 1172 δὲ
353 1145 408 1172 τῶν
422 1146 548 1174 τοιούτων
563 1148 612 1183 τὴν
634 1148 756 1176 ἀτέλειαν
780 1150 858 1184 ἔχων,

72 1190 114 1216 καὶ
127 1190 170 1216 διὰ
188 1191 302 1218 πάντων
317 1191 511 1227 ἐλευθεριάζων
524 1193 570 1219 καὶ
584 1194 731 1229 είρηνεύων
746 1195 784 1230 τῷ
798 1196 858 1232 βίῳ,

72 1237 118 1262 οὐκ
136 1236 209 1263 ἔστιν
233 1238 279 1271 ἐφ’
299 1234 351 1271 ᾧτε
375 1238 555 1274 φιλονεικήσει
580 1241 636 1271 τοῖς
659 1242 795 1274 γειτνιῶσι
815 1243 860 1270 τὸν

73 1280 173 1314 φθόνον,
187 1282 298 1314 οὐδενὸς
313 1282 366 1308 τῶν
378 1282 505 1310 τοιούτων
520 1285 681 1320 ἁπτόμενος,
690 1284 730 1318 οἷς
742 1288 755 1313 ό
765 1287 860 1321 φθόνος

73 1327 98 1351 ὲν
107 1328 137 1361 τῇ
154 1327 210 1362 ζωῇ
232 1328 397 1362 περιφύεται
415 1337 421 1343 ·
440 1329 539 1361 παντὸς
558 1333 611 1366 γὰρ
626 1331 673 1357 τοῦ
696 1333 798 1368 κόσμου
811 1334 860 1369 τὴν

73 1371 164 1398 ἑαυτοῦ
179 1373 255 1407 ζωὴν
270 1373 420 1408 ὑπεράρας,
431 1375 478 1401 καὶ
500 1375 578 1410 μόνον
591 1377 678 1411 τίμιον
689 1377 777 1414 ἑαυτῷ
796 1380 861 1415 κτῆ-

75 1425 109 1450 μα
115 1417 231 1452 νομίζων
244 1418 295 1454 τὴν
307 1419 417 1456 ἀρετὴν,
427 1421 527 1447 ἄλυπόν
540 1430 600 1449 τινα
614 1425 660 1450 καὶ
669 1425 802 1460 εἰρηνικὸν
813 1426 860 1452 καὶ

73 1461 171 1496 ἄμαχον
186 1462 322 1497 βιοτεύσει
340 1464 406 1499 βίον.
416 1465 470 1500 Τῆς
481 1467 534 1501 γὰρ
548 1467 646 1502 ἀρετῆς
661 1470 676 1503 ἡ
688 1468 794 1503 κτῆσις,
809 1470 859 1497 κᾶν

74 1506 167 1538 πάντες
181 1508 333 1543 μετέχωσιν
349 1510 434 1545 αὐτῆς
449 1510 595 1546 ἄνθρωποι,
610 1513 680 1539 κατὰ
693 1514 742 1549 τὴν
761 1515 857 1542 ἑαυτοῦ

73 1551 181 1586 δύναμιν
194 1553 322 1586 ἕκαστος,
339 1555 381 1581 ἀεὶ
396 1556 504 1592 πλήρης
514 1557 568 1590 τοῖς
579 1558 756 1594 ὲπιθυμοῦσίν
766 1561 840 1587 ἐστιν
849 1570 856 1577 ο

75 1597 102 1623 οὐ
115 1598 183 1625 κατὰ
195 1599 247 1635 τὴν
266 1600 311 1626 ἐπὶ
328 1602 378 1635 γῆς
392 1602 497 1636 κτῆσιν,
509 1603 541 1638 ἣν
555 1603 722 1638 διαιροῦντες
733 1606 772 1637 εὶς
786 1606 857 1641 τμήη

76 1651 151 1677 ματα,
160 1645 223 1672 ὅσον
234 1645 270 1672 ἃν
282 1647 418 1681 προτθῶσι
430 1649 462 1684 τῇ
476 1649 527 1684 μιᾷ
539 1650 638 1685 μερίδι,
650 1651 776 1678 τοσοῦτον
785 1652 857 1687 ὑφεί-

74 1687 143 1715 λοντο
154 1690 203 1725 τῆς
215 1691 327 1726 ἑτέρας,
344 1693 391 1719 καὶ
417 1693 583 1729 πλεονασμὸς
597 1695 643 1722 τοῦ
658 1696 728 1729 ἑνὸς,
740 1697 856 1724 ἐλάττω-

75 1734 112 1764 σίς
127 1735 182 1761 ἑστι
197 1736 248 1762 τοῦ
263 1738 485 1773 συμμετέχοντος.
504 1740 583 1767 Ὅθεν
607 1741 653 1768 καὶ
673 1743 700 1768 αἱ
724 1744 787 1778 περὶ
809 1743 856 1770 τοῦ

74 1779 186 1812 πλείονος
196 1782 295 1817 μάχαι,
313 1783 356 1810 διὰ
363 1784 392 1810 τὸ
408 1785 475 1819 πρὸς
484 1785 513 1811 τὸ
521 1785 695 1813 ἐλαττοῦσθαι
712 1789 788 1822 μῖσος
800 1789 856 1818 τοῖς

73 1825 218 1861 ἀνθρώποις
237 1829 424 1857 συνίστανται·
437 1831 540 1858 ἐκείνου
552 1831 579 1858 δὲ
594 1833 769 1867 ἀνεπίφθονός
783 1834 856 1861 ἐστιν

72 1871 87 1905 ἡ
101 1872 241 1907 πλεονεξία
259 1875 307 1901 τοῦ
320 1877 467 1911 κτήματος,
483 1878 528 1904 καὶ
539 1879 553 1904 ὀ
567 1878 597 1904 τὸ
612 1879 702 1906 πλεῖον
716 1881 853 1915 ἀρπάσας,

73 1916 193 1952 οὐδεμίαν
207 1920 307 1955 ἧνεγκε
326 1920 426 1956 ζημίαν
445 1923 484 1958 τῷ
502 1926 644 1959 μετασχεῖν
667 1925 784 1958 ἀξιοῦντι
801 1927 855 1954 τῶν

74 1960 132 1988 ἴσων
144 1969 151 1976 ·
171 1964 231 1991 ἀλλ’
251 1966 312 1992 ὅσον
329 1967 386 1993 ἐστί
410 1976 451 1999 τις
475 1969 637 2004 χωρητικὸς,
649 1971 728 2003 αὐτός
745 1980 773 1998 τε
787 1972 855 2006 πλη-

73 2006 158 2040 ροῦται
173 2009 225 2044 τῆς
248 2011 353 2046 ἀγαθῆς
380 2011 527 2047 ἐπιθυμίας
541 2033 547 2044 ,
565 2015 611 2040 καὶ
630 2016 644 2041 ὸ
659 2015 772 2048 πλοῦτος
800 2017 854 2043 τῶν

73 2050 170 2084 ἀρετῶν
184 2055 213 2080 ὲν
236 2056 292 2086 τοῖς
316 2056 496 2091 προλαϐοῦσιν
515 2059 545 2084 οὐ
568 2059 803 2087 καταναλίσκεται.
826 2062 854 2088 ’0

73 2096 154 2143 τοίνυν
175 2100 246 2134 πρὸς
273 2101 365 2128 τοῦτον
387 2103 548 2130 ἀποϐλέπων
565 2105 610 2131 τὸν
638 2105 705 2140 βίον,
734 2107 780 2132 καὶ
805 2107 854 2143 τὴν

72 2141 165 2178 ἀρετὴν
186 2145 277 2181 ἐαυτῷ
294 2146 463 2183 θησαυρίζων
473 2168 480 2180 ,
497 2149 530 2184 ἢν
546 2149 632 2182 οὐδεὶς
642 2151 702 2186 ὄρος
717 2141 852 2186 ἀνθρώπι-

73 2193 113 2217 νος
137 2191 313 2225 περιγράφει,
335 2189 389 2227 ἆρα
403 2193 577 2225 καταδέξεταί
601 2203 666 2221 ποτε
680 2197 748 2231 πρὸς
757 2205 783 2223 τι
800 2196 854 2223 τῶν

73 2233 200 2261 ταπεινῶν
222 2236 268 2262 καὶ
291 2238 490 2272 πεπατημένων
513 2239 561 2275 τὴν
577 2241 675 2268 ἑαυτοῦ
688 2241 775 2277 ψυχὴν
799 2243 856 2269 ἐπι-

75 2277 180 2313 κλῖναι;
210 2279 266 2318 ἆρα
296 2282 464 2318 θαυμάσεται
494 2286 540 2312 τὸν
564 2287 656 2321 γήϊνον
683 2287 816 2320 πλοῦτον,
837 2288 853 2324 ἢ

73 2323 225 2353 δυναστείαν
248 2327 432 2364 ἀνθρωπίνην,
452 2330 468 2365 ἣ
485 2331 548 2358 ἄλλο
569 2340 596 2358 τι
617 2333 672 2359 τῶν
697 2333 742 2360 ὑπ’
762 2323 854 2366 ἀνοίαξ

75 2370 309 2407 σπουδαζομένων;
327 2374 358 2400 Et
379 2375 427 2409 μὲν
438 2376 491 2411 γάρ
507 2385 548 2408 τις
565 2377 603 2404 ἔτι
620 2377 683 2412 περὶ
698 2379 783 2405 ταῦτα
796 2379 852 2406 διά-

74 2420 154 2441 κειται
171 2417 381 2450 sanati/134,55!»
396 2420 442 2446 τοῦ
456 2421 576 2447 τοιούτου
587 2421 619 2448 ἂν
637 2423 679 2458 εἴη
697 2423 789 2458 χοροῦ,
808 2424 856 2450 καὶ

75 2458 141 2486 οὐδὲν
158 2463 224 2497 πρὸς
243 2463 288 2490 τὸν
309 2464 442 2500 ἡμέτερον
465 2465 520 2498 ἕξει
541 2466 618 2500 λόγον
632 2475 639 2482 ·
660 2468 684 2494 εί
705 2468 733 2494 δὲ
753 2468 786 2495 τὰ
800 2469 856 2495 ἅνω

77 2505 168 2548 φρονεῖ,
185 2507 232 2533 καὶ
258 2511 517 2545 συμμετεωροπορεῖ
541 2510 578 2546 τῷ
598 2511 665 2546 Θεῷ,
692 2512 855 2548 ὑψηλότερος

77 2546 173 2581 πάντως
197 2551 252 2578 τῶν
279 2553 406 2580 τοιούτων
426 2555 510 2587 ἐστὶν,
526 2557 576 2582 οὐκ
597 2557 666 2592 ἔχων
691 2558 741 2593 τὴν
763 2558 855 2593 κοινὴν

79 2592 192 2631 ἀφορμὴν
212 2598 263 2632 τῆς
288 2593 351 2634 περὶ
370 2600 456 2627 ταῦτα
471 2601 584 2637 πλάνης,
600 2603 645 2629 τὸν
659 2592 747 2638 γάμον
761 2592 852 2638 λέγων

77 2638 118 2685 τοᾷ
132 2641 182 2677 γὰρ
205 2644 277 2678 ὑπὲρ
300 2646 362 2677 τοὺς
376 2646 470 2679 ἄλλους
494 2647 579 2674 θέλειν
595 2646 714 2682 εἷναι,τὸ
738 2649 855 2685 χαλεπδν

80 2683 148 2712 τοῦτο
163 2689 256 2721 πάθος,
281 2692 297 2725 ὴ
326 2691 513 2728 ὑπερηφανία,
533 2694 547 2720 ὃ
563 2694 595 2729 δὴ
611 2695 727 2730 μάλιστα
739 2683 855 2732 ’σπέρμα

113 2775 121 2789 ¹
137 2774 248 2812 Philipp.
262 2778 337 2810 ιιι,8.

909 879 989 912 quasi
1019 879 1112 913 putida
1139 884 1263 907 stercora
1283 881 1399 916 despicit
1415 883 1435 913 ',
1460 887 1542 917 atque
1565 884 1599 911 ab
1625 885 1698 911 omni

910 923 971 951 vita:
996 925 1213 958 consuetudine,
1243 927 1393 961 repudiatis
1428 929 1546 962 nuptiis,
1580 929 1698 963 quodam

910 969 991 996 modo
1008 977 1038 996 se
1055 971 1192 1003 removit;
1218 971 1322 998 nullum
1340 972 1452 999 omnino
1468 973 1547 1000 habet
1569 981 1629 1000 cum
1649 974 1700 1000 hu-

910 1015 998 1042 manis
1016 1015 1100 1047 vitiis,
1121 1017 1247 1049 avaritia,
1272 1017 1394 1052 inquam,
1412 1018 1528 1050 invidia,
1543 1019 1622 1051 odio,
1642 1020 1699 1054 glo-

910 1060 1012 1094 rizeque
1038 1060 1190 1095 cupiditate
1213 1063 1426 1094 commercium.
1454 1071 1541 1098 neque
1564 1072 1625 1090 cum
1648 1073 1699 1091 ca:-

910 1106 994 1137 teris,
1012 1114 1072 1141 quae
1087 1106 1113 1133 id
1131 1107 1241 1142 generis
1259 1112 1334 1134 sunt.
1350 1107 1401 1140 Qui
1418 1108 1490 1135 enim
1516 1108 1550 1135 ab
1570 1110 1699 1136 omnibus

910 1151 953 1178 his
970 1160 1074 1179 vacuus
1093 1158 1176 1187 atque
1199 1154 1312 1180 omnino
1339 1154 1408 1180 liber
1429 1157 1489 1185 est,
1507 1158 1534 1181 et
1553 1156 1644 1189 quiete
1659 1156 1698 1182 vi-

910 1197 965 1229 vit,
984 1197 1054 1223 nihil
1071 1205 1138 1225 sane
1149 1201 1208 1228 est,
1224 1197 1251 1224 iu
1265 1205 1321 1232 quo
1337 1198 1399 1232 plus
1415 1198 1516 1226 habere
1529 1200 1677 1227 contendat
1689 1220 1696 1231 ,

910 1245 957 1266 aut
973 1245 1070 1267 contra
1087 1249 1117 1267 se
1134 1241 1253 1275 alicujus
1274 1242 1312 1269 rei
1336 1243 1424 1275 gratia
1450 1243 1604 1271 vicinorum
1628 1244 1698 1271 invi-

909 1285 982 1311 diam
1000 1290 1189 1317 commoveat,
1206 1295 1269 1313 eum
1288 1287 1356 1314 nihil
1374 1294 1469 1314 earum
1489 1289 1525 1315 sit
1544 1296 1634 1316 rerum
1653 1297 1697 1317 as—

909 1334 1021 1357 secutus
1033 1351 1039 1363 ,
1058 1338 1089 1357 ex
1107 1332 1208 1365 quibus
1225 1332 1251 1358 in
1268 1331 1320 1358 hac
1336 1332 1390 1358 vita
1408 1334 1564 1360 concitetur
1578 1335 1696 1367 invidia;

909 1383 972 1401 nam
986 1376 1032 1410 qui
1050 1376 1084 1402 ab
1099 1377 1228 1403 omnibus
1244 1377 1372 1404 humanis
1384 1378 1466 1404 rebus
1480 1378 1599 1405 animum
1616 1387 1696 1406 suum

910 1422 1065 1455 superando
1081 1421 1210 1452 abduxit,
1224 1426 1251 1449 et
1266 1423 1392 1449 virtutem
1409 1423 1494 1450 solam
1506 1444 1512 1454 ,
1524 1432 1584 1458 qua:
1599 1432 1697 1460 magno

913 1474 927 1494 ε
944 1475 973 1495 sc
988 1469 1149 1501 :estimetur,
1167 1469 1372 1503 possessionem
1391 1469 1441 1496 sibi
1461 1470 1556 1496 statuit
1571 1491 1578 1503 ,
1599 1470 1643 1497 hic
1661 1471 1696 1497 ab

912 1514 986 1540 omni
1003 1517 1078 1541 certe
1093 1514 1188 1541 dolore
1211 1521 1342 1546 vacuam,
1361 1515 1497 1549 quietam,
1519 1520 1601 1550 atque
1626 1518 1697 1544 otio-

912 1567 969 1586 sam
996 1559 1079 1586 vitam
1101 1559 1201 1595 deget:
1224 1560 1336 1587 virtutis
1360 1561 1432 1587 enim
1461 1561 1619 1595 possessio.
1645 1563 1695 1589 etsi

911 1603 993 1631 homo
1015 1611 1066 1638 pro
1088 1604 1159 1630 virili
1180 1604 1297 1639 quisque
1315 1604 1435 1638 aliquant
1452 1604 1513 1638 ejus
1530 1609 1635 1639 partem
1655 1609 1696 1632 te-

911 1654 975 1682 net,
1001 1649 1186 1684 appetentium
1213 1654 1304 1676 tamen
1325 1649 1492 1684 cupiditates
1513 1658 1622 1685 semper
1647 1658 1694 1678 ex-

910 1695 983 1728 plet.
1000 1703 1054 1722 non
1072 1700 1102 1722 ut
1118 1694 1209 1730 aliqua
1235 1695 1285 1722 soli
1314 1695 1473 1730 possessio,
1490 1703 1570 1730 quam
1594 1697 1641 1732 qui
1667 1697 1693 1723 in

910 1745 1003 1775 partes
1019 1740 1164 1773 dividunt,
1181 1744 1314 1776 quantum
1331 1742 1377 1768 uni
1395 1742 1465 1776 parti
1490 1742 1610 1774 addunt,
1635 1747 1695 1769 tan-

909 1790 967 1814 tum
983 1787 1017 1814 de
1032 1787 1117 1814 altera
1131 1787 1300 1820 detrahunt,
1320 1790 1402 1822 atque
1423 1788 1460 1814 ita
1482 1788 1556 1823 quod
1580 1789 1626 1815 uni
1650 1796 1694 1816 re-

911 1832 1034 1863 dundat,
1061 1831 1088 1858 id
1114 1832 1194 1866 plane
1221 1832 1299 1859 deest
1323 1832 1419 1864 alteri,
1443 1832 1491 1867 qui
1523 1832 1616 1861 socius
1638 1836 1689 1860 est.

911 1877 988 1905 Unde
1004 1877 1038 1905 de
1053 1878 1150 1912 majori
1166 1878 1398 1913 cumulatiorique
1411 1883 1488 1913 parte
1501 1878 1693 1906 contentiones

907 1924 1044 1952 exsistunt
1057 1933 1064 1956 ;
1082 1931 1114 1950 ex
1129 1932 1162 1951 eo
1177 1924 1249 1951 enim
1261 1943 1268 1956 ,
1285 1923 1358 1958 quod
1376 1924 1530 1951 imminutio
1546 1923 1619 1950 facta
1634 1927 1691 1956 est,

907 1969 1054 1996 conﬂatum
1072 1974 1114 1996 est
1134 1969 1246 2001 odium,
1271 1969 1381 1996 virtutis
1406 1977 1471 1996 vero
1494 1969 1516 1996 si
1543 1969 1606 2002 quis
1631 1976 1690 1995 ma-

905 2014 993 2050 jorem
1013 2019 1117 2048 partem
1137 2014 1303 2049 occupavit,
1327 2015 1361 2041 ab
1384 2015 1486 2041 invidia
1505 2022 1609 2041 vacuus
1627 2019 1690 2046 est,

907 2067 996 2094 neque
1011 2068 1076 2087 vero
1091 2060 1137 2094 qui
1158 2060 1219 2094 plus
1235 2060 1271 2086 ab
1284 2068 1315 2086 ea
1331 2060 1442 2094 rapuit,
1459 2059 1544 2085 ullum
1563 2059 1587 2086 ei
1605 2059 1692 2086 detri-

907 2109 1029 2133 mentum
1054 2105 1232 2140 importavit,
1256 2105 1301 2139 qui
1326 2112 1418 2139 :equas
1443 2108 1536 2139 partes
1560 2104 1632 2134 ferre
1651 2104 1693 2131 di-

907 2158 989 2184 gnum
1005 2157 1034 2177 se
1047 2157 1109 2177 esse
1123 2149 1199 2178 ducit
1215 2158 1222 2181 ;
1238 2150 1284 2176 sed
1295 2168 1303 2181 ,
1328 2154 1358 2175 ut
1382 2149 1498 2184 quisque
1521 2156 1607 2184 capax
1631 2153 1690 2182 est,

906 2195 943 2221 ita
961 2199 987 2222 et
1002 2199 1076 2222 recta
1089 2194 1241 2229 cupiditate
1254 2195 1391 2228 expletur,
1407 2198 1434 2221 et
1453 2194 1535 2222 rebus
1551 2194 1585 2221 iis
1597 2214 1605 2226 ,
1623 2202 1691 2228 quas

905 2247 988 2274 supra
1013 2239 1208 2273 meminimus,
1240 2247 1294 2268 non
1326 2239 1528 2266 exhauriuntur
1556 2240 1690 2266 virtutum

905 2284 1014 2311 divitize.
1038 2284 1132 2318 Itaque
1147 2284 1218 2311 hanc
1232 2283 1315 2311 vitam
1332 2284 1379 2319 qui
1402 2284 1537 2316 intuetur,
1561 2288 1643 2318 atque
1664 2283 1691 2310 in

908 2329 1027 2360 virtute,
1045 2337 1106 2364 qua!
1120 2330 1193 2356 nulla
1209 2329 1351 2356 hominum
1379 2329 1537 2356 deﬁnitione
1561 2329 1688 2357 describi

908 2380 962 2404 tur.
976 2383 1072 2402 omnes
1083 2375 1135 2403 sibi
1149 2376 1293 2402 thesauros
1304 2376 1463 2407 constituit,
1477 2383 1510 2402 an
1522 2383 1643 2410 unquam
1658 2375 1690 2401 ad

906 2429 951 2449 res
964 2421 1035 2448 ullas
1053 2421 1188 2452 humiles,
1205 2425 1232 2448 et
1248 2421 1367 2449 caducas
1383 2422 1505 2448 animum
1529 2429 1610 2448 suum
1625 2427 1691 2455 pro-

906 2468 1002 2495 clivem
1027 2467 1091 2494 ferri
1122 2468 1259 2502 patietur?
1279 2467 1321 2494 An
1351 2472 1476 2494 terrenas
1503 2466 1631 2497 divitias,
1655 2471 1690 2490 an

906 2512 1047 2539 hominum
1067 2520 1133 2547 opes
1147 2531 1154 2543 ,
1169 2516 1196 2539 et
1213 2512 1361 2546 potentiam
1375 2531 1382 2543 ,
1398 2518 1432 2538 an
1455 2511 1529 2538 aliud
1548 2508 1688 2544 quidpiam

905 2567 1018 2589 eorum,
1035 2566 1095 2593 qua:
1110 2566 1166 2593 pra:
1182 2558 1298 2586 stultitia
1313 2560 1490 2591 expetuntur,
1506 2556 1528 2583 is
1543 2553 1689 2582 admirabi-

909 2605 978 2631 tur?
995 2603 1102 2630 Etenim
1120 2604 1142 2630 si
1153 2604 1216 2638 quis
1231 2603 1267 2630 ita
1286 2603 1381 2630 humili
1396 2606 1448 2633 est,
1463 2606 1491 2631 et
1505 2600 1611 2634 abiecto
1628 2598 1689 2623 aui-

905 2657 950 2676 mo
961 2669 968 2681 ,
987 2653 1016 2676 ut
1030 2649 1062 2676 ad
1079 2649 1135 2676 hzec
1151 2648 1210 2683 ipsa
1221 2648 1366 2679 adiciatur,
1380 2648 1403 2674 is
1419 2647 1514 2680 utique
1529 2648 1571 2671 est
1585 2643 1620 2670 ab
1633 2643 1687 2669 hoc.

905 2699 978 2723 coetu
992 2695 1099 2723 alienus
1109 2715 1116 2728 ,
1138 2695 1260 2730 nihilque
1273 2694 1307 2722 ad
1322 2698 1444 2722 nostrum
1459 2697 1610 2720 sermonem
1623 2697 1630 2722 ;
1645 2689 1687 2716 sin
