1922 3078
190 74 242 102 559
829 73 857 100 S.
878 71 1042 101 GRECORII
1059 73 1207 102 NYSSENI
1771 72 1821 98 'JIO

192 137 283 161 autem
300 133 423 160 cmlestia
437 132 560 167 cogitat,
576 133 725 167 divinaque
742 133 823 160 simul
841 141 904 161 curn
924 133 978 161 Deo

1047 144 1070 166 ις
1093 134 1299 170 είπὼνῆρίζαν
1324 134 1413 169 πάσης
1438 133 1488 168 τῆς
1516 132 1587 160 κατὰ
1610 133 1660 167 τὴν
1685 131 1823 166 ἁμαρτίαν

193 180 405 214 contemplatur,
423 179 456 206 ad
474 179 650 207 sulilimiores
667 180 711 207 hic
732 180 845 207 omnino
865 188 908 207 res
934 189 978 207 re-

193 226 268 253 lictis
294 225 444 252 humilibus
468 230 632 256 contuetur,
656 233 718 252 cum
740 226 852 253 minime
874 227 978 261 nuptiis

1032 180 1162 215 ἀκάνθης,
1172 181 1217 207 τοῦ
1227 180 1328 210 εἰκότος
1340 181 1388 215 οὐχ
1399 181 1597 215 ἁμαρτήσεται,
1610 178 1689 204 τοῦτο
1705 177 1826 212 μάλιστα

1032 227 1063 252 ἐκ
1079 227 1127 261 τῆς
1144 226 1232 257 αίτίας
1249 225 1295 252 τοῦ
1308 226 1396 261 γάμου
1412 225 1460 260 τὴν
1474 225 1560 260 ἀρχὴν
1577 224 1642 259 ἔχει.

194 272 303 300 vinctus
321 272 372 303 sit,
389 271 460 298 unde
474 272 630 299 communis
645 272 754 299 exsistit
768 273 878 299 occasio
892 280 942 298 cur
957 273 984 299 in
1000 272 1136 306 ejusmodi
1154 279 1245 298 rerum
1258 279 1352 298 errore
1366 273 1430 306 quis
1444 275 1586 303 versetur;
1602 276 1663 296 nam
1680 276 1744 295 cum
1765 267 1827 302 quis

196 318 252 345 vult
266 325 297 346 se
312 318 374 344 aliis
393 325 550 352 praeponere
560 338 566 349 ,
586 318 766 352 gravissimus
782 321 822 345 est
842 318 884 344 hic
901 318 1035 352 superbia!
1048 317 1165 344 allectus
1178 327 1184 344 :
1198 325 1277 351 quem
1293 317 1316 344 si
1331 317 1393 351 quis
1407 324 1500 344 semen
1514 335 1521 348 ,
1538 315 1580 342 vel
1595 315 1687 349 potius
1706 313 1827 340 radicem

196 366 295 393 dixerit
309 366 399 392 omnis
413 366 516 400 spina},
536 373 597 400 qme
615 374 629 392 e
642 370 756 400 peccato
770 372 812 393 cst
823 386 829 397 ,
853 373 907 392 non
923 374 936 392 a
955 370 1030 392 recto
1049 365 1072 393 is
1087 365 1237 392 aberrabit.
1261 364 1310 392 llic
1326 373 1393 392 sane
1409 364 1523 391 allectus
1538 371 1552 389 a
1567 362 1725 397 nuptiarum
1744 367 1828 387 causa

197 414 305 441 initium
323 414 438 440 maxime
454 413 535 440 habet

233 458 292 486 Non
317 460 390 486 enim
416 463 504 493 potest
523 459 683 492 plerumque
700 465 801 484 avarus
823 457 904 492 hujus
922 457 979 483 vitii

198 505 300 531 liberos
321 512 467 535 accusare,
495 510 583 537 neque
610 503 673 530 item
691 503 731 535 is,
750 503 796 537 qui
819 510 873 537 prae
888 502 981 537 gloriae

199 550 328 577 aviditate
352 550 464 582 insanit,
485 556 571 583 neque
589 549 636 583 qui
662 548 774 576 honoris
795 548 886 575 studio
909 552 983 574 terre-

199 602 253 628 tur,
277 604 311 623 ne
334 596 415 629 hujus
435 595 499 622 mali
527 602 639 622 causam
664 595 697 621 ad
719 594 876 629 progeniem
895 594 982 628 ipsam

200 642 320 674 referat,
347 647 377 668 ut
403 650 435 668 ne
457 642 506 674 iis,
530 642 575 675 qui
600 645 663 668 ante
688 649 718 668 se
742 641 798 668 nati
821 644 902 671 sunt,
929 640 987 674 ipse

201 688 313 715 inl'erior
331 687 471 717 videatur.
489 692 515 715 et
538 691 567 713 ut
585 694 599 713 a
618 687 749 722 posteris.
770 687 890 721 aliquam
908 685 941 712 de
957 692 987 711 se

201 734 488 761 commemorationem
512 733 606 760 liberis
625 733 683 760 suis
704 731 901 767 relinquendo,
930 738 987 756 tua-

201 788 271 814 gnus
289 782 400 806 omnino
422 780 593 807 existimetur
615 789 621 806 :
647 779 797 812 eodemque
820 777 901 805 modo
925 777 988 804 reli-

202 833 357 860 qttaa,qua:
377 830 440 852 sunt
469 825 551 851 animi
584 824 781 859 a-gritudines,
810 823 929 854 invidia.
959 827 987 850 ct

203 871 314 902 odium,
343 871 504 904 injuriarum
529 870 701 900 recordatio,
720 869 742 896 si
756 876 817 904 quae
830 869 890 896 aliae
906 873 988 900 sunt.

203 916 238 942 ab
269 915 320 942 hac
350 923 416 942 sane
447 922 530 941 causa
563 914 784 948 proﬁciscuntur.
824 913 886 941 "rec
916 914 988 941 enim

203 960 296 987 omnia
315 960 341 986 in
359 959 401 986 his
420 967 472 985 una
490 959 601 989 insunt,
620 960 665 992 qui
684 958 755 985 hanc
781 959 864 985 vitam
892 959 989 992 attige-

204 1010 288 1032 runt:
312 1014 326 1032 a
349 1005 451 1040 quibus
475 1005 584 1039 quidem
610 1004 693 1032 rebus
716 1005 763 1039 qui
788 1005 989 1032 remotissimus

203 1054 264 1081 est,
293 1055 422 1085 tanquam
453 1058 485 1077 ex
513 1050 565 1076 alta
595 1050 685 1084 aliqua
711 1050 822 1084 specula
849 1051 989 1077 hominum

205 1096 427 1130 perturbationes
458 1096 536 1130 longe
569 1096 760 1130 prospiciens,
789 1104 885 1124 eorum
917 1096 991 1124 dolet

205 1141 353 1168 caecitatem
366 1160 373 1172 ,
400 1141 447 1175 qui
465 1141 546 1168 rebus
570 1142 611 1169 his
632 1142 777 1170 fallacibus
795 1151 856 1171 sese
883 1143 989 1170 manci-

206 1190 304 1221 parum
316 1206 322 1217 ,
339 1193 484 1220 rerumque
510 1186 690 1215 humanarum
707 1189 917 1224 prosperitatem
935 1198 992 1216 ma-

205 1240 288 1266 gnum
305 1233 407 1266 aliquid
423 1240 485 1260 esse
503 1238 643 1267 putarunt.
661 1234 729 1261 Cum
747 1235 820 1261 enim
837 1235 880 1261 hic
896 1243 992 1270 quem-

206 1277 277 1310 piam
299 1277 435 1304 hominem
457 1278 558 1308 rebus.
579 1286 639 1312 quae
660 1280 686 1305 in
709 1280 763 1305 vita
781 1281 927 1311 cvcniunt,
946 1288 991 1307 se-

207 1322 306 1349 cundis
324 1321 482 1353 ﬂorentem,
500 1323 723 1359 honoribusque,
740 1330 786 1351 aut
808 1326 924 1359 opibus,
945 1330 992 1352 aut

207 1368 327 1402 potentia
343 1372 470 1394 ornatum
486 1368 576 1400 videt,
603 1377 698 1396 eorum
719 1370 849 1404 quidem.
874 1371 920 1406 qui
945 1372 993 1398 ha-

205 1422 266 1441 rum
281 1422 372 1441 rerum
390 1415 481 1442 studio
496 1414 658 1447 eﬂ‘eruntur,
678 1415 749 1442 ridet
768 1416 922 1448 insaniant,
939 1417 991 1443 hu-

206 1466 346 1493 manaeque
368 1460 429 1486 vitae
451 1465 574 1494 tempus,
599 1464 628 1486 ut
648 1469 662 1488 a
686 1460 858 1488 Psalmorum
879 1468 992 1489 auctore

206 1505 341 1532 terminus
364 1506 425 1540 ejus
451 1510 543 1534 certus
567 1506 657 1534 dictus
678 1512 738 1539 est,
761 1516 842 1542 qualn
866 1508 994 1535 brevissi-

207 1558 280 1577 mum
306 1556 450 1578 numerat:
476 1551 574 1580 deinde
594 1552 710 1581 inﬁnitis
733 1554 788 1581 illis
807 1554 915 1582 saeculis
932 1563 993 1582 cum

207 1596 307 1631 exiguo
330 1597 382 1624 hoc
406 1598 468 1625 vitae
492 1599 581 1633 spatio
612 1599 736 1632 collatis,
766 1601 906 1627 mollitiem
934 1602 994 1635 ejus

208 1642 298 1676 luget,
318 1643 364 1677 qui
388 1643 421 1670 ad
446 1651 489 1671 res
511 1644 669 1686 hujusrngii
694 1646 838 1678 sordidas,
857 1647 994 1679 humiles,

207 1695 322 1723 quaeque
339 1688 372 1715 ad
390 1694 497 1724 tempus
510 1695 631 1722 manent,
653 1692 774 1718 animum
790 1693 905 1720 extollit.
923 1693 995 1726 Quid

209 1734 283 1761 enim
305 1742 396 1761 causa;
417 1740 477 1766 est,
501 1743 551 1762 cur
576 1736 603 1763 in
631 1736 666 1764 iis
693 1737 760 1771 ipsis
782 1738 864 1765 rebus
890 1739 995 1771 honos,

209 1789 290 1815 quem
307 1781 429 1815 plerique
451 1786 598 1816 expetunt,
624 1783 659 1809 sit
686 1783 853 1811 beatitudine
876 1785 998 1819 dignus?

209 1825 344 1858 Quoniam
363 1826 428 1860 quid
445 1827 498 1858 iis,
514 1827 560 1862 qui
581 1827 685 1855 honore
705 1828 794 1855 alfccti
819 1835 898 1862 sunt,
922 1831 997 1857 addit

210 1871 321 1898 honor?
346 1872 428 1906 Atqui
446 1880 477 1900 ea
495 1873 654 1900 conditione
677 1878 757 1901 natus
776 1880 818 1901 est
846 1880 874 1901 ut
899 1877 998 1903 moria-

211 1921 268 1950 tur,
285 1918 409 1945 mortalis
424 1918 468 1944 hic
483 1923 594 1950 manet,
610 1919 667 1945 sive
690 1919 777 1946 honos
799 1921 824 1947 ei
849 1921 996 1954 tribuatur,

212 1964 271 1991 sive
287 1971 353 1990 non.
370 1963 425 1990 Aut
442 1964 528 1991 multa
546 1964 644 1999 jugera
661 1969 740 1992 terra!
759 1967 916 2000 possedisse
930 1968 941 1994 ?
957 1969 996 1995 Ad

212 2016 292 2044 quem
311 2009 445 2044 optimum
462 2009 542 2036 linem
565 2009 617 2036 hoc
635 2010 760 2044 perducit
781 2019 847 2044 eos,
870 2013 918 2047 qui
947 2013 1000 2040 ista

212 2055 396 2089 possederunt
408 2075 414 2086 ,
432 2055 484 2083 nisi
499 2055 562 2090 quis
579 2056 692 2084 demens
707 2057 857 2085 arbitretur
872 2066 920 2087 sua
939 2068 1000 2088 esse

213 2109 244 2128 ea
257 2121 265 2133 ,
286 2109 346 2136 qua:
366 2101 442 2128 nullo
462 2105 542 2136 pacto
562 2101 596 2128 ad
617 2109 647 2129 se
666 2103 822 2137 pertinent;
841 2112 897 2139 prae
914 2106 998 2133 multa

1070 458 1106 482 Οὐ
1129 458 1182 492 γὰρ
1205 457 1277 483 ἔστιν
1298 457 1335 488 ὡς
1359 457 1404 482 ἐπὶ
1427 455 1458 481 τὸ
1486 455 1569 486 πολὺ,
1593 454 1639 480 τὸν
1662 452 1829 485 πλεονέκτην

1038 504 1075 539 μὴ
1100 504 1162 535 τοὺς
1186 503 1269 534 πέλας
1297 502 1469 530 ἐπαιτιᾶσθαι
1483 521 1490 533 ,
1517 501 1534 536 ἢ
1555 500 1600 527 τὸν
1622 499 1758 534 δοξομανῆ
1783 498 1830 524 καὶ

1038 549 1176 583 φιλότιμον
1201 549 1238 583 μὴ
1267 549 1307 579 είς
1333 547 1363 574 τὸ
1387 547 1464 581 γένος
1491 546 1646 579 ἀνενεγκεῖν
1671 544 1719 570 τοῦ
1742 543 1830 570 κακοῦ

1038 595 1086 630 τὴν
1101 595 1189 621 αἰτίαν
1200 603 1206 609 ’
1224 594 1262 625 ὡς
1276 593 1309 620 ἂν
1322 593 1359 628 μὴ
1374 593 1491 619 ἐλάττων
1505 592 1596 626 δοκοίη
1608 591 1662 618 τῶν
1677 590 1732 625 πρὸ
1746 588 1831 615 αὐτοῦ

1035 641 1194 674 γεγονότων,
1208 640 1255 666 καὶ
1269 639 1312 666 ἵνα
1327 640 1413 674 μέγας
1429 640 1484 669 τοῖς
1501 638 1569 673 μετὰ
1581 636 1668 664 ταῦτα
1679 636 1830 670 νομίζοιτο,

1036 685 1193 713 καταλιπών
1213 694 1272 711 τινα
1291 686 1346 716 τοῖς
1359 685 1387 717 ἐξ
1407 683 1490 710 αὑτοῦ
1504 683 1661 718 διηγήματα
1676 690 1682 696 “
1698 681 1833 711 ὡσαύτως

1035 732 1063 758 δὲ
1079 732 1126 757 καὶ
1142 732 1177 757 τὰ
1194 731 1273 757 λοιπὰ
1285 731 1334 757 ὅσα
1349 730 1438 765 ψυχῆς
1449 730 1523 756 ἐστιν
1538 729 1755 765 ἀρρωστήματα,
1766 726 1833 760 φθό-

1038 787 1092 809 νος,
1111 778 1158 804 καὶ
1174 777 1352 812 μνησικακία,
1368 777 1416 803 καὶ
1437 777 1531 812 μῖσος,
1547 775 1594 801 καὶ
1609 775 1635 800 εἴ
1659 782 1685 800 τι
1709 771 1834 799 τοιοῦτον

1040 824 1142 860 ἓτερον,
1151 824 1198 858 τῆς
1205 823 1515 858 αὑτῆςαίτίαςῆρτηται.
1524 819 1674 855 Πάνταγὰρ
1681 818 1768 845 ταῦτα
1775 819 1833 848 τοῖς

1039 871 1103 906 περὶ
1121 871 1166 897 τὸν
1185 870 1241 905 βίον
1257 868 1375 905 τοῦτο[ν]
1386 868 1563 903 ἐπτοημένοις
1582 864 1814 900 συμπολιτεύεται
1825 872 1832 878 ·

1037 913 1074 943 ὧν
1094 917 1108 942 ὸ
1123 916 1174 949 ἔξω
1193 916 1348 950 γενόμενος,
1364 914 1489 949 καθάπερ
1501 912 1547 939 ἐπί
1558 920 1633 952 τινος.
1645 910 1751 945 ὑψηλῆς
1767 917 1834 935 σκο-

1039 963 1103 994 πιᾶς
1129 962 1269 997 πόρρωθεν
1295 960 1452 987 ἐποπτεύων
1469 958 1503 985 τὰ
1524 957 1680 993 ἀνθρώπινα
1692 955 1777 990 πάθη,
1791 955 1833 981 ol-

1039 1008 1140 1043 κτείρει
1156 1008 1204 1041 τῆς
1220 1006 1386 1041 τυφλότητος
1407 1006 1468 1036 τοὺς
1491 1005 1523 1039 τῇ
1540 1003 1651 1038 τοιαύτῃ
1670 1001 1833 1037 ματαιότητι

1039 1053 1264 1088 δεδουλωμένους.
1280 1051 1326 1078 καὶ
1343 1051 1414 1085 μέγα
1435 1049 1576 1085 κρίνοντας
1592 1049 1641 1083 τὴν
1662 1047 1712 1082 τῆς
1731 1045 1833 1081 σαρκὸς

1040 1099 1200 1134 εὐπραγίαν.
1217 1098 1301 1124 Ὅταν
1315 1097 1369 1131 γάρ
1390 1104 1450 1122 τινα
1471 1094 1524 1121 τῶν
1548 1093 1698 1129 ἀνθρώπων
1719 1092 1764 1118 ὲπί
1780 1099 1834 1117 τινι

1040 1144 1092 1170 τῶν
1111 1142 1181 1170 κατὰ
1201 1142 1256 1176 βίον
1273 1142 1314 1176 ἴδῃ
1333 1140 1523 1175 περίϐλεπτον,
1536 1138 1698 1172 ἀξιώμασιν,
1715 1136 1732 1171 ἢ
1750 1134 1835 1162 πλού-

1040 1198 1106 1221 τοις.
1122 1188 1138 1223 ἦ
1153 1188 1322 1218 δυναστείαις
1346 1186 1483 1221 κομῶντα.
1497 1184 1637 1218 καταγελᾷ
1661 1182 1714 1217 τῆς
1739 1181 1834 1212 ἀνοίας

1041 1235 1094 1261 τῶν
1106 1235 1149 1262 διὰ
1168 1233 1251 1260 ταῦτα
1266 1231 1475 1266 πεφυσημένων,
1489 1230 1535 1256 καὶ
1557 1228 1668 1264 ἀριθμεῖ
1691 1227 1737 1253 τὸν
1755 1226 1835 1261 μήκι-

1043 1289 1104 1306 στον
1115 1279 1208 1314 χρόνον
1232 1277 1277 1304 τοῦ
1300 1276 1469 1312 ἀνθρωπίνου
1487 1275 1555 1310 βίου,
1569 1273 1640 1300 κατὰ
1656 1273 1704 1308 τὴν
1719 1272 1834 1306 εἰρημέ-

1042 1334 1090 1359 νην
1107 1324 1156 1350 ὑπὸ
1170 1323 1215 1350 τοῦ
1238 1321 1388 1357 Ψαλμῳδοῦ
1415 1319 1584 1355 προθεσμίαν
1599 1327 1606 1334 ’
1625 1315 1683 1345 εἶτα
1708 1324 1836 1352 παραμε-

1042 1371 1114 1406 τρῶν
1126 1371 1180 1400 τοῖς
1195 1370 1211 1395 ἀ
1217 1368 1316 1403 πείροις
1325 1367 1403 1392 αἰῶσι
1413 1365 1444 1391 τὺ
1452 1365 1592 1398 ἀκαριαῖον
1599 1362 1678 1389 τοῦτο
1685 1361 1834 1395 διάστημα,

1043 1418 1112 1443 ἐλεεῖ
1128 1417 1174 1450 τῆς
1184 1414 1346 1450 χαυνότητος
1359 1412 1403 1439 τὸν
1417 1411 1465 1437 ἐπὶ
1480 1412 1535 1441 τοῖς
1548 1410 1617 1436 οὕτω
1633 1408 1771 1443 γλίσχροις
1789 1407 1837 1432 καὶ

1044 1463 1179 1492 ταπεινοῖς
1195 1461 1242 1487 καὶ
1264 1457 1440 1494 προσκαίροις
1464 1457 1511 1491 τὴν
1534 1455 1623 1490 ψυχὴν
1643 1453 1835 1488 ἐπαιρόμενον.

1045 1510 1077 1536 Τί
1089 1510 1142 1543 γὰρ
1161 1507 1235 1539 ἄξιόν
1249 1507 1306 1532 ἐστι
1326 1503 1500 1540 μακαρισμοῦ
1516 1502 1570 1529 τῶν
1589 1500 1705 1527 ἐνταῦθα
1725 1501 1742 1533 ἡ
1758 1498 1837 1532 τιμὴ,

1045 1557 1075 1582 τὸ
1094 1555 1169 1590 παρὰ
1191 1553 1297 1584 πολλοῖς
1317 1551 1552 1584 σπουδαζόμενον;
1573 1547 1648 1574 Ἐπεὶ
1662 1546 1694 1581 δὴ
1714 1545 1740 1571 τί
1757 1544 1838 1570 πλέον

1045 1603 1099 1632 τοῖς
1114 1598 1304 1634 τετιμημένοις
1322 1595 1500 1632 προττίθησις
1527 1593 1649 1629 διαμένει
1671 1591 1726 1626 γὰρ
1742 1589 1838 1624 θνητὸς

1046 1647 1060 1672 ὁ
1072 1646 1176 1681 Θνητος,
1191 1645 1241 1671 κᾶν
1256 1644 1380 1678 τιμᾶται,
1392 1642 1444 1669 κᾶν
1462 1642 1509 1676 μή.
1527 1641 1561 1667 Ἢ
1577 1640 1607 1666 τὸ
1627 1638 1712 1665 πολλὰ
1734 1635 1838 1670 πλέθρα

1047 1690 1194 1725 κεκτῆσθαι
1209 1689 1275 1723 γῆς;
1290 1687 1376 1714 Τοῦτο
1391 1687 1418 1713 δὲ
1433 1687 1473 1718 είς
1485 1686 1510 1712 τί
1521 1686 1606 1720 πέρας
1621 1683 1739 1720 λρηστὸν
1754 1690 1838 1708 κατα-

1046 1739 1124 1772 λήγει
1146 1737 1201 1767 τοῖς
1215 1735 1403 1770 κτησαμένοις,
1418 1733 1493 1764 ἐκτὸς
1510 1731 1556 1758 τοῦ
1576 1730 1678 1757 οἴεσθαι
1700 1729 1746 1755 τὸν
1764 1728 1836 1762 ἀνόη-

1047 1793 1092 1810 τον
1109 1782 1204 1809 ἑαυτοῦ
1222 1780 1291 1807 εἶναι
1311 1781 1343 1806 τὰ
1363 1780 1446 1814 μηδὲν
1460 1778 1648 1815 προσήκοντα;
1661 1776 1754 1810 ἀγνοεῖ
1773 1783 1839 1810 γαρ.

1047 1829 1083 1859 ὼς
1102 1830 1197 1859 ἔοικεν,
1213 1828 1265 1853 ὑπὸ
1291 1826 1391 1860 πολλῆς
1403 1823 1586 1860 λαιμαργίας,
1598 1823 1638 1848 ὃτι
1664 1821 1710 1847 τοῦ
1735 1820 1840 1855 Κυρίου

1051 1876 1100 1910 μέν
1121 1877 1193 1902 ἐστιν
1210 1876 1226 1909 ἡ
1251 1874 1286 1908 γῆ
1302 1872 1408 1907 ἀληοῶς
1421 1892 1428 1905 ,
1443 1871 1490 1898 καὶ¹
1514 1870 1544 1896 τὸ
1577 1869 1713 1904 πλήρωμα
1741 1867 1838 1901 αὐτῆς.

1050 1921 1178 1952 Βασιλεὺς
1192 1921 1246 1956 γὰρ
1264 1919 1353 1954 πάσης
1368 1918 1416 1953 τῆς
1431 1917 1481 1952 γῆς
1494 1917 1507 1942 ὁ
1523 1915 1588 1947 Θεός
1599 1922 1607 1929 ⁸
1624 1915 1679 1945 τοῖς
1693 1913 1720 1939 δὲ
1735 1911 1840 1947 ἀνθρὼ-

1050 1975 1110 1998 ποις
1125 1966 1155 1992 τὸ
1174 1965 1222 2000 τῆς
1246 1963 1401 1995 πλεονεξίας
1424 1962 1510 1993 πάθος
1529 1959 1701 1996 ψευδώνυμον
1721 1959 1771 1993 τῆς
1789 1967 1839 1983 κυ-

1052 2012 1174 2047 ριότητος
1202 2009 1249 2044 τὴν
1268 2007 1452 2044 προσηγορίαν
1468 2006 1559 2033 δίδωσι
1578 2005 1631 2031 τῶν
1657 2003 1733 2030 οὐδὲν
1754 2011 1839 2038 προσ-

1049 2058 1178 2092 ηκόντων.
1202 2056 1235 2081 Ἦ
1253 2054 1302 2089 μὲν
1317 2054 1369 2089 γὰρ
1381 2054 1428 2087 γῆ,
1450 2051 1540 2083 καθώς
1555 2059 1634 2086 φησιν
1651 2050 1664 2076 ὸ
1685 2049 1766 2083 σοφὸς
1779 2049 1839 2074 Ἐκ-

1051 2100 1225 2136 κληαιαστὴς,
1244 2100 1282 2130 είς
1298 2099 1343 2124 τὸν
1362 2097 1448 2124 αίίίινα
1474 2096 1573 2130 ἕστηκε
1585 2115 1591 2126 ,
1608 2095 1708 2125 πάσαις
1735 2094 1840 2128 ὑπηρεσ

211 2147 284 2174 cnim
304 2147 467 2174 inexhausta
485 2147 635 2180 aviditate,
653 2153 683 2174 ut.
701 2149 849 2177 verisimile
865 2155 921 2183 est,
948 2152 992 2179 Ιιο(

1051 2147 1133 2174 τοῦσα
1150 2147 1209 2177 ταῖς
1221 2146 1337 2178 γενεαῖς,
1348 2143 1394 2169 καὶ
1415 2142 1506 2169 ἄλλοτε
1520 2141 1615 2172 ἄλλους
1634 2141 1696 2171 τοὺς
1713 2140 1774 2166 κατ’
1791 2140 1840 2165 αὑ-

212 2193 338 2227 ignorat.
369 2192 441 2226 quod
472 2192 578 2220 Domini
606 2197 648 2221 est
677 2199 772 2226 terra,
802 2199 829 2221 et
858 2196 1001 2230 plcnitmlo

214 2237 275 2271 ejus
292 2236 312 2263 ³.
333 2236 391 2263 llex
413 2237 486 2263 enim
512 2238 603 2265 omnis
630 2241 710 2265 terrae
735 2238 890 2273 Dominus;
920 2241 1003 2268 homi-

214 2282 297 2309 nibus
327 2289 391 2309 vero
420 2287 450 2308 ut
476 2290 584 2315 rermn,
614 2291 682 2317 quas
715 2285 874 2318 possident,
899 2285 1002 2313 domini

212 2327 395 2363 appellentur,
416 2328 485 2355 falso
511 2328 563 2355 hoc
587 2329 642 2356 illis
669 2329 766 2357 tribuit
791 2331 913 2359 avaritiae
937 2333 1002 2359 ame-

213 2377 286 2400 ctus.
308 2373 392 2400 Terra
410 2374 499 2406 enim,
528 2374 617 2408 inquit
641 2376 750 2409 sapiens
766 2375 949 2405 Ecclesiastes
965 2379 998 2409 ³³,

213 2421 241 2447 in
255 2425 390 2447 mternum
404 2420 494 2451 stetit,
512 2420 641 2447 omnibus
657 2420 785 2448 aetatibus
802 2422 981 2456 suppeditans
992 2444 998 2456 ,

214 2467 339 2501 aliosque
353 2466 469 2493 subinde
494 2474 510 2493 e
534 2473 564 2493 se
580 2471 659 2493 natos
673 2468 809 2494 nutriens.
826 2467 919 2502 Neque
936 2477 1000 2496 vero

213 2511 340 2539 homines
356 2512 398 2539 sui
414 2515 577 2546 potestatem
597 2512 715 2545 habent,
728 2512 774 2540 sed
789 2520 822 2539 ex
839 2514 979 2541 voluntate
992 2535 998 2546 ,

215 2562 340 2593 nutuque
353 2558 454 2584 summi
472 2558 588 2585 rectoris
609 2557 749 2593 pendent:
768 2566 829 2585 cum
852 2560 924 2587 enim
949 2569 999 2588 ne-

215 2605 323 2637 sciunt,
350 2605 377 2632 in
401 2605 473 2631 hanc
488 2604 572 2631 vitam
596 2604 800 2639 ingrediuntur,
823 2613 884 2632 cum
910 2611 1000 2634 autem

216 2651 328 2677 minitne
342 2650 456 2682 volunt,
473 2657 506 2676 ex
520 2650 615 2676 eadem
632 2657 730 2677 rursus
746 2656 865 2677 exeunt:
885 2660 1002 2686 cinoque

215 2696 340 2724 vicissim
364 2698 516 2723 nascantur
533 2699 560 2722 et
578 2695 732 2728 intereant,
760 2696 859 2731 insigni
887 2697 1000 2724 stultitia

253 2787 263 2803 '
279 2787 339 2815 Psal
352 2794 430 2821 xxttt,
454 2788 479 2815 l.
518 2787 538 2803 "
551 2786 641 2814 Ecclc.
658 2795 676 2818 ι,
690 2789 715 2814 ἢ.

1052 2193 1100 2228 τὴν
1125 2191 1282 2226 γινομένους
1300 2189 1477 2224 ἐκτρέφουσα.
1507 2187 1538 2213 Οἱ
1564 2186 1591 2212 δὲ
1619 2186 1757 2221 ἄνθρωποι
1781 2184 1840 2211 οὐδὲ

1053 2238 1154 2264 ἑαυτῶν
1169 2237 1242 2268 ὄντες
1264 2236 1362 2270 κύριοι,
1377 2234 1443 2261 ἀλλὰ
1459 2234 1525 2269 πρὸς
1549 2233 1578 2259 τὸ
1592 2232 1637 2258 τοῦ
1653 2232 1766 2265 ἄγοντος
1780 2230 1840 2265 βού-

1052 2285 1136 2319 λημα,
1151 2284 1195 2310 ὅτε
1213 2283 1263 2309 οὐκ
1283 2282 1382 2312 ἴσασιν,
1403 2281 1441 2311 εἰς
1461 2279 1509 2314 τὴν
1529 2279 1600 2313 ζωὴν
1614 2277 1776 2313 περιιόντες,
1795 2276 1840 2302 καὶ

1053 2332 1094 2357 ὅτε
1115 2330 1152 2365 μὴ
1165 2329 1312 2364 βούλονται,
1328 2327 1408 2354 πάλιν
1424 2326 1508 2360 αὐτῆς
1521 2324 1708 2359 χωριζὸμενοι,
1725 2323 1777 2349 ὑπὸ
1793 2322 1840 2356 τῆς

1054 2377 1154 2410 πολλῆς
1169 2375 1344 2410 ματαιότητος
1357 2372 1492 2408 κυριεύειν
1505 2373 1604 2397 οἴονται
1618 2370 1713 2403 αὐτῆς,
1731 2369 1756 2394 οἱ
1772 2368 1841 2394 κατὰ

1054 2423 1162 2458 καιροὺς
1177 2420 1312 2455 γινόμενοι
1323 2427 1352 2445 τε
1365 2419 1411 2444 καὶ
1422 2416 1668 2451 ἀπολλύμενοι.τῆς
1685 2414 1728 2440 ἀεὶ
1747 2412 1840 2449 μενοὺ-

1054 2477 1113 2503 σης.
1136 2468 1165 2493 '0
1182 2465 1228 2493 οὖν
1242 2464 1446 2499 ὲπεσκεμμένος
1471 2462 1566 2494 ταῦτα,
1585 2461 1631 2488 καὶ
1643 2460 1686 2486 διὰ
1701 2458 1780 2485 τοῦτο
1794 2467 1840 2484 πε-

1055 2513 1189 2549 ριφρονῶν
1213 2512 1262 2538 ὅσα.
1278 2510 1356 2545 τίμια
1374 2510 1431 2539 τοῖς
1445 2507 1597 2543 ἀνθρώποις
1616 2505 1770 2540 νομίζεται,
1795 2503 1840 2538 μὸ-

1053 2570 1100 2596 νης
1117 2560 1145 2586 δὲ
1168 2558 1217 2593 τῆς
1242 2557 1316 2588 θείας
1331 2556 1403 2590 ζωῆς
1418 2555 1486 2589 ἔχων
1503 2553 1548 2579 τὸν
1569 2553 1667 2587 ἔρωτα,
1686 2552 1700 2577 ὀ
1714 2549 1790 2596 eieci);
1799 2549 1839 2596 οτι

1053 2594 1127 2633 παῖσα
1141 2604 1209 2640 σὰρξ
1223 2603 1328 2638 χόρτος,
1348 2602 1395 2628 καὶ
1417 2602 1490 2626 πᾶσα
1507 2598 1570 2631 δόξα
1583 2596 1727 2632 ἀνθρώπου
1739 2595 1776 2626 ὡς
1795 2594 1839 2620 ἆν-

1052 2653 1096 2683 ϐος
1115 2651 1222 2685 χόρτου,
1248 2649 1312 2674 πότε
1329 2646 1446 2680 σπουδῆς
1465 2646 1539 2678 ἄξιον
1553 2644 1597 2670 τὸν
1610 2643 1706 2678 χόρτον
1720 2641 1839 2685 οἰήσεται

1052 2699 1096 2725 τὸν
1116 2683 1241 2732 -οῆμερον
1266 2695 1329 2721 ὄντα
1341 2714 1348 2726 ,
1365 2693 1412 2720 καὶ
1441 2691 1535 2727 αὔριον
1551 2690 1600 2716 οὐκ
1616 2688 1744 2715 ὲσὸιιενον
1761 2683 1838 2717 ;0i"}5
