1922 3078
61 97 102 125 Ml

734 103 776 131 DE
806 103 1039 134 VlRGlNITA'l‘E.

1644 117 1696 145 542

62 158 134 192 γὰρὸ
155 158 367 195 ἐπεσκεμμένος
393 161 426 187 τὰ
442 161 500 188 θεῖα
521 158 625 195 καλῶς,
641 163 680 189 ὅτι
706 165 735 190 οὐ
756 165 789 191 τὰ
805 165 847 192 ἀνι

908 174 937 194 se
952 171 1032 195 terra:
1049 168 1184 197 dominari
1201 171 1332 204 credunt,
1361 181 1421 208 qnse
1448 182 1557 209 semper
1577 163 1707 207 maneat.‘

61 202 176 237 Θρὼπινα
192 205 279 238 μόνον
295 207 344 232 οὐκ
357 207 413 242 ἔχει
428 207 459 233 τὸ
473 208 581 240 πάγιον.
602 209 659 235 ἀλλ’
679 209 717 241 ὡς
733 210 793 236 οὐδὲ
807 209 853 236 τοῦ

62 249 155 283 κόσμου
183 251 289 283 παντὸς
318 254 357 283 εἰς
381 253 411 279 τὸ
436 253 558 288 διηνεκὲς
583 256 785 291 ἠρεμήσοντος,
812 256 855 283 διὰ

61 294 132 320 τοῦτο
143 295 180 326 ὡς
197 297 349 333 ἀλλοτρίας
370 299 416 325 καὶ
432 300 599 335 προσκαίρου
615 301 713 336 ταύτης
732 303 854 338 ὑπερορᾷ

63 341 104 375 τῆς
118 341 207 376 ζωῆς·
224 344 322 378 ἐπειδὴ
343 346 356 370 6
377 345 490 380 οὐρανὸς
505 347 551 372 καὶ
565 347 581 381 ἡ
596 347 630 381 γῆ
647 348 854 382 παρελεύσεται,

63 386 124 413 κατὰ
146 387 196 421 τὴν
211 388 260 414 τοῦ
278 390 403 425 Σωτῆρος
419 391 521 425 φωνὴν,
535 392 580 417 καὶ
597 392 685 418 πάντα
704 393 753 427 τὴν
770 402 853 428 μετα-

63 432 223 467 στοιχείωσιν
250 435 408 468 ἀναγκαίως
432 436 581 471 ἐκδέχεται.
604 438 653 464 Διὰ
678 437 779 471 τοῦτο,
803 439 855 471 ἕως

62 479 127 504 ἐστὶν
144 480 172 504 ὲν
195 479 237 515 τῷ
258 482 368 515 σκήνει,
390 481 481 514 καθώς
501 491 582 518 φησιν
599 484 612 509 6
633 484 806 517 ’Λπόστολος,
823 485 854 511 τδ

63 524 221 560 πρόσκαιρον
242 525 457 561 ἐνδεικνύμενος,
473 527 639 563 βαρούμενος
654 529 702 563 τὴν
714 530 852 565 παροῦσαν

63 569 135 602 ζωὴν,
154 568 193 603 τῷ
218 570 408 605 μακρύνεσθαι
425 571 500 607 αὐτῷ
521 573 572 608 τὴν
589 574 735 609 παροικίαν
751 575 852 610 ταύτην

62 614 184 649 ὀδύρεται,
195 614 274 641 ὦσπε
279 625 295 650 ρ
306 618 352 643 καὶ
362 618 375 642 ὀ
385 617 534 653 Ψαλμῳδὸς
545 619 573 645 ἐν
581 618 662 653 ᾠδαῖς
673 619 756 652 estut;
765 620 851 654 λέγων

62 659 210 694 πεποίηται.
229 660 335 692 Ὄντως
351 661 403 696 γὰρ
417 663 446 688 ὲν
461 663 552 689 σκάτει
566 663 731 698 βιοτεύουσιν
744 666 768 692 οἱ
783 666 851 701 μετὰ

61 704 108 730 τῶν
131 706 324 740 σκηνωμάτων
339 708 439 734 τούτων
462 710 493 744 τῇ
517 709 572 745 ζωῇ
591 710 795 744 παροικοῦντες.
813 709 850 738 Ob

61 751 132 785 χάριν
154 751 288 784 στενάξας
304 754 318 779 6
333 753 476 790 Προφήτης
491 755 558 790 πρὸς
572 755 621 790 τὴν
638 757 787 792 παράτασιν
802 758 850 793 τῆς

60 797 209 832 παροικίας,
226 808 236 823 ι
257 798 354 833 οἴμοι,
374 809 382 825 ι
407 801 500 835 φησὶν,
525 811 534 825 ‹
555 801 626 836 ὃτιή
651 803 780 837 παροικία
797 812 848 838 μου

61 843 210 878 ἐμακρύνθη
227 845 233 870 1
256 855 265 870 ι
284 845 377 871 Σκότει
396 845 422 871 δὲ
447 846 496 880 τὴν
524 847 612 872 αἰτίαν
632 848 680 882 τῆς
700 848 848 884 κατηφείας

60 888 149 922 ταύτης
167 888 300 924 ἀνέθηκε.
323 890 359 916 Τὸ
385 891 438 926 γὰρ
461 892 555 923 σκότος
572 894 605 927 τῇ
633 893 751 928 Ἐϐραΐδι
773 897 848 931 φωνῇ

62 935 146 969 κηδὶιρ
155 935 342 970 ὀνομάζεσθαι
360 937 559 973 μεμαθήκαμεν
570 947 575 952 ’
586 936 603 974 ἦ
614 939 668 973 γὰρ
682 940 719 971 ὡς
731 940 847 976 ἀληθῶς,

62 979 175 1015 καθάπερ
203 981 324 1016 ἁορασίᾳ
350 983 402 1008 τινὶ
429 985 572 1019 νυκτερινῇ
598 986 799 1021 κεκρατημένοι
822 988 848 1013 οὶ

62 1023 200 1058 ἂνθρωποι,
227 1024 302 1051 οὕτω
334 1026 402 1061 πρὸς
422 1026 470 1061 τὴν
495 1028 544 1063 τῆς
572 1029 680 1064 ἀπάτης
702 1031 848 1065 ἐπίγνωσιν

62 1068 280 1102 humanitatis-vr
294 1071 343 1097 οὐκ
354 1072 453 1103 εἰδότες
467 1073 507 1099 ὅτι
521 1073 608 1100 πάντα
619 1074 668 1101 ὅσα
680 1075 758 1110 τίμια
775 1077 803 1103 ἐν
815 1078 847 1113 τῇ

62 1113 109 1148 ζωῇ
123 1115 204 1150 ταύτῃ
217 1117 411 1152 νενόμισται,ἢ
427 1119 473 1144 καὶ
485 1119 534 1145 ὅσα
551 1120 618 1154 πρδς
630 1120 659 1146 τὸ
672 1121 792 1149 ἐναντίον
800 1116 848 1149 ὐτυ-

62 1159 187 1194 είληπται,
203 1162 232 1187 ἐν
248 1162 318 1198 μόνῃ
332 1160 364 1198 τῇ
381 1163 513 1199 ὑπολήψει
530 1164 584 1190 τῶν
598 1166 720 1201 ἀνοήτων
733 1167 848 1203 ὑφέστη-

63 1213 118 1231 κεν
136 1206 205 1233 αὐτὰ
233 1207 263 1234 δὲ
281 1208 323 1241 ἐφ’
343 1209 446 1234 ἑαυτῶν
472 1211 546 1237 ἐστιν
573 1211 678 1247 οὐδαμῆ
703 1213 779 1239 οὐδέν
797 1222 803 1229 ·
816 1214 847 1240 οὺ

62 1251 194 1284 δυσγένειὰ
205 1261 248 1284 τις
259 1275 267 1285 ,
283 1255 333 1280 οὐκ
349 1254 523 1290 εὐδοκίμησις
547 1257 657 1290 γένους,
675 1258 705 1284 οὐ
720 1258 799 1292 δόξα,
816 1260 846 1286 οὐ

63 1299 223 1332 περιςάνεια,
241 1299 272 1325 οὺ
287 1299 321 1326 τὰ
334 1300 436 1327 παλαια
459 1301 625 1337 διηγήματα,
639 1304 686 1338 οὑχ
701 1305 714 1330 ὀ
729 1305 776 1330 ἐπὶ
789 1306 847 1337 τοῖς

63 1343 179 1370 ἐνεστῶτι
196 1345 299 1378 τῦφος,
315 1346 345 1373 οὐ
362 1347 392 1373 τὸ
416 1349 525 1382 κρατεῖν
543 1349 646 1384 ἑτέρων
658 1371 665 1383 ,
681 1350 712 1376 οὐ
733 1351 764 1376 τὸ
780 1352 846 1377 ὑπο-

62 1390 152 1424 γείριαν
171 1389 240 1418 εἶναι
260 1400 267 1406 ⁸
287 1393 397 1419 πλοῦτοί
422 1403 451 1420 τε
478 1395 524 1421 καὶ
542 1396 643 1430 τρυφαὶ
658 1416 665 1428 ,
685 1397 731 1423 καὶ
757 1397 846 1424 πενίαι

63 1437 102 1462 καὶ
115 1438 235 1472 ἀπορίαι,
254 1439 300 1465 καὶ
325 1441 410 1466 πᾶσαι
423 1441 451 1466 αἱ
467 1441 514 1467 τοῦ
532 1441 590 1476 βίου
610 1442 773 1477 ἀνωμαλίαι,
791 1445 847 1475 τοῖς

905 211 976 248 Ergo
989 214 1036 248 qui
1052 214 1110 241 haec
1123 221 1214 244 mente
1228 217 1363 250 intuetur,
1378 219 1483 254 hacque
1502 221 1534 247 de
1550 229 1633 250 causa
1648 232 1696 258 pro

906 260 992 287 nihilo
1011 269 1043 288 ea
1064 265 1159 296 putat,
1177 271 1238 298 qum
1258 264 1398 291 hominum
1416 267 1514 301 vulgus
1534 268 1559 295 in
1586 271 1694 303 pretio,

905 309 988 340 atque
1003 307 1030 333 in
1047 307 1151 334 honore
1166 309 1246 336 habet
1259 329 1266 340 ,
1281 311 1383 344 quique
1396 312 1517 340 emlestis
1531 314 1591 341 vitae
1604 317 1693 342 solum

905 359 997 378 amore
1023 352 1142 384 ducitur,
1161 353 1312 389 fenumque
1338 362 1400 382 8550.
1427 364 1534 384 omnem
1563 367 1692 390 Clll'llClll,

905 397 1039 432 quasique
1061 398 1115 425 feni
1137 399 1231 426 florem
1250 408 1357 428 onmem
1378 401 1496 429 hominis
1514 404 1628 438 gloriam
1650 406 1692 432 vi-

904 443 960 474 det.
975 444 1105 471 studione
1119 445 1232 479 dignum
1247 445 1338 473 fenum
1353 455 1472 482 unquam
1488 449 1603 483 putabit,
1619 452 1691 484 quod

904 488 987 515 hodie
1002 492 1060 520 est,
1080 498 1141 517 eras
1158 498 1212 516 non
1231 491 1353 518 l'uturum
1364 493 1375 518 ?
1387 492 1437 525 Qui
1453 493 1526 520 enim
1541 495 1632 521 divina
1649 504 1691 523 re—

903 539 946 561 cte
965 536 1177 569 contemplatur,
1195 537 1239 563 hic
1253 537 1444 565 animadvertit
1462 548 1516 567 non
1539 541 1630 567 solum
1648 549 1690 569 res

903 579 1040 607 humanas
1056 581 1124 607 nihil
1142 581 1212 607 ﬁrmi
1229 582 1367 616 solidique
1386 583 1502 615 habere.
1522 586 1586 618 sed,
1612 587 1689 620 quasi

901 633 992 659 neque
1013 626 1160 653 universus
1178 627 1220 654 hic
1239 628 1358 656 rutundus
1374 629 1400 655 in
1418 636 1579 664 perpetuum
1597 632 1632 659 sit
1649 631 1692 658 fu-

902 675 979 699 turus
991 694 997 704 ,
1016 678 1158 706 propterea
1178 674 1260 699 \itam
1279 674 1349 701 hanc
1366 676 1443 709 quasi
1461 676 1577 703 alienam
1589 696 1596 709 ,
1615 685 1690 704 eam-

901 725 954 751 que
972 717 1104 744 caducam
1127 719 1261 753 negligit:
1284 720 1432 754 quoniam,
1451 725 1479 747 ut
1498 728 1563 749 voce
1581 722 1688 749 Domini

901 762 1087 796 signiﬁcatum
1106 767 1148 790 cst
1165 763 1185 795 ⁸⁵,
1203 764 1264 790 ('(eli
1285 768 1312 791 et
1328 768 1401 790 terra
1423 765 1596 797 transibunt,
1619 773 1690 792 cun—

902 812 1001 842 ctaque
1029 808 1123 835 for-inm
1144 810 1387 837 eonnnutationem
1412 811 1569 837 necessario
1592 819 1690 846 exspe-

901 857 986 881 ctant.
1013 853 1198 886 Quamobrem
1215 857 1336 889 quandiu
1357 857 1474 890 aliquis,
1501 856 1589 891 inquit
1616 857 1688 891 Apo-

901 900 989 927 stolus
1001 900 1010 915 ⁸
1024 920 1031 932 ,
1050 901 1077 926 in
1095 901 1147 927 hoc
1162 900 1320 928 habitacula
1340 907 1396 935 est,
1419 902 1614 929 mortalitatem
1634 910 1689 937 pra:

900 954 930 973 se
946 946 1055 979 ferens,
1080 947 1186 983 hacque
1214 949 1268 974 \‘ita
1294 954 1443 983 gravatus,
1468 949 1608 983 prorogari
1635 949 1688 976 sibi

899 991 972 1019 hunc
988 992 1137 1019 incolatutn
1154 993 1246 1025 dolet,
1264 998 1293 1020 ut
1308 995 1334 1020 in
1350 994 1451 1021 divinis
1466 995 1595 1021 cantibus
1609 993 1686 1021 Psal-

900 1038 997 1065 mistes
1011 1039 1113 1065 cecinit
1128 1047 1136 1072 ;
1151 1047 1215 1066 vere
1228 1040 1300 1066 enim
1315 1040 1341 1066 in
1354 1041 1474 1066 tenebris
1487 1041 1581 1067 Vivunt
1593 1041 1626 1072 ii,
1640 1040 1687 1075 qui

899 1085 926 1110 in
952 1083 996 1111 his
1018 1084 1207 1112 tabernaculis
1229 1085 1314 1111 vitam
1339 1085 1464 1119 degunt:
1489 1086 1581 1120 itaque
1604 1086 1688 1120 hujus

899 1130 1036 1158 ineolatus
1060 1131 1282 1165 prorogatiouem
1296 1130 1433 1165 Propheta
1460 1131 1504 1159 his
1532 1131 1626 1158 verbis
1645 1131 1688 1158 lu-

899 1179 941 1211 get
956 1185 962 1203 :
975 1185 984 1201 ε
1000 1175 1045 1202 Va:
1059 1176 1134 1208 mihi,
1151 1176 1280 1211 quoniam
1299 1177 1435 1204 incolalus
1451 1184 1528 1204 meus
1537 1177 1688 1212 prolonga-

899 1225 942 1248 tus
954 1225 995 1248 est
1009 1221 1035 1247 'i
1056 1230 1065 1247 ι
1077 1220 1210 1249 Tenebris
1232 1230 1315 1256 porro
1328 1222 1483 1254 domicilii,
1496 1227 1523 1249 et
1552 1222 1687 1249 incolatus

898 1267 981 1301 hujus
991 1275 1104 1294 causam
1116 1267 1212 1294 tribuit
1226 1276 1232 1294 :
1247 1268 1422 1295 Hebraeorum
1436 1269 1510 1295 enim
1525 1276 1589 1295 voce
1601 1268 1689 1296 Cedar

899 1313 1026 1340 tenebras
1042 1313 1172 1348 appellari
1191 1321 1206 1340 a
1225 1315 1396 1349 sapientibus
1413 1314 1562 1341 didicimus
1577 1322 1583 1346 ;
1601 1318 1647 1340 aut
1662 1313 1689 1341 id

899 1359 1010 1393 quidem
1036 1366 1154 1386 revera:
1183 1362 1211 1385 ut
1236 1360 1309 1386 enim
1333 1359 1457 1393 quaedam
1484 1359 1574 1386 noctis
1600 1359 1690 1394 caligo

899 1405 1065 1431 mortalibus
1081 1404 1244 1435 otfunditur.
1265 1405 1305 1432 sic
1330 1405 1355 1431 hi
1377 1405 1410 1432 ad
1428 1405 1532 1432 erroris
1554 1404 1687 1439 cognitio~

898 1458 960 1477 nem
975 1451 1162 1482 obcmcautur,
1177 1454 1269 1485 utpote
1283 1459 1345 1478 eum
1361 1451 1474 1478 minime
1487 1450 1615 1482 videant,
1627 1457 1689 1484 qua:

65 1484 104 1518 μὲν
118 1485 291 1518 ἀπαιδεύτοις
316 1487 444 1522 πάμπολυ
469 1489 607 1525 διαφέρειν
626 1490 750 1518 δοκοῦσιν
761 1512 767 1524 ,
782 1492 846 1519 ὅταν

901 1496 925 1523 in
941 1496 993 1523 hac
1010 1496 1065 1522 vita
1082 1504 1190 1524 summa
1204 1496 1406 1531 magniﬁcaque
1424 1496 1581 1523 exi-limata
1605 1499 1687 1526 sunt,

63 1529 148 1565 ἡδονὴν
164 1533 296 1558 ποιῶνται
312 1533 365 1559 τῶν
378 1534 506 1560 τοιούτοιν
527 1537 677 1571 κριτήριον.

901 1549 992 1576 [μιιηνο
1009 1542 1036 1568 in
1052 1534 1202 1568 contrariis
1216 1545 1281 1569 sunt
1298 1542 1380 1568 rebus
1395 1541 1488 1568 habita
1501 1561 1513 1575 ,Ι
1524 1541 1614 1567 nuntia
1633 1540 1689 1566 haec

63 1578 140 1603 solum
166 1577 265 1605 insana
294 1579 411 1612 quatiam
428 1580 570 1607 hominum
600 1582 730 1616 opinione
758 1584 823 1612 talia
844 1586 985 1614 exstitisse
1000 1595 1007 1612 :
1042 1594 1074 1613 ea
1091 1593 1156 1613 vero
1172 1593 1220 1620 per
1235 1594 1264 1613 se
1281 1586 1347 1612 nihil
1365 1586 1478 1612 omnino
1494 1589 1559 1612 sunt
1573 1595 1590 1612 :»
1614 1585 1689 1613 nuila

64 1622 227 1657 ignobilitas,
245 1626 352 1651 nullum
375 1627 482 1654 illustre
506 1636 609 1662 genus,
636 1630 710 1656 nulla
734 1631 840 1666 gloria,
863 1635 955 1661 nullus
972 1633 1113 1669 splendor,
1130 1634 1211 1660 nulla:
1243 1633 1276 1660 tle
1312 1633 1462 1666 majoribus
1489 1640 1689 1659 conunemora-

64 1670 154 1701 tiones,
173 1672 251 1698 nulla
274 1681 367 1700 rerum
392 1676 570 1708 praesentium
585 1677 669 1704 animi
685 1678 784 1711 elatio,
801 1681 925 1717 nihilque
939 1687 980 1710 est
996 1682 1021 1709 in
1039 1682 1108 1709 alios
1140 1681 1294 1713 dominari,
1329 1681 1451 1715 nihilque
1487 1680 1603 1707 aliorum
1639 1680 1689 1706 im-

65 1718 130 1750 perio
154 1720 243 1746 teneri
260 1729 267 1747 :
285 1729 339 1747 non
367 1722 485 1755 divitiae,
512 1731 566 1750 non
595 1730 744 1759 paupertas
757 1748 764 1759 ,
789 1735 844 1755 non
865 1735 990 1765 egestas,
1026 1730 1108 1756 nulla:
1123 1729 1242 1763 denique
1260 1728 1342 1762 hujus
1356 1729 1416 1755 vita:
1449 1727 1627 1761 inaequabiles
1641 1736 1688 1754 va—

65 1764 180 1797 rietates,
198 1774 261 1801 qum
284 1767 420 1802 imperitis
444 1769 554 1802 quidem
578 1770 759 1805 hominibus,
779 1781 842 1800 cum
866 1764 894 1801 hi
929 1776 1098 1810 voluptatem
1130 1775 1188 1802 suis
1218 1775 1348 1802 sensibus
1380 1773 1540 1805 metiantur,
1574 1774 1687 1800 multum

65 1810 174 1838 eminere
190 1812 328 1840 videntur.

95 1858 135 1893 Τῷ
148 1859 174 1885 δὲ
188 1859 284 1895 ὑψηλῷ
303 1861 353 1896 τὴν
370 1861 487 1888 διάνοιαν
507 1864 595 1890 πάντα
611 1865 731 1900 ὁμότιμοι
753 1867 843 1901 φαίνε-

66 1910 113 1934 ut,
137 1905 181 1931 καὶ
202 1905 278 1932 οὐδὲν
293 1907 487 1942 προτιμότερον
505 1909 552 1935 τοῦ
578 1910 672 1945 ἐτέρου
686 1911 716 1937 τὸ
730 1912 835 1947 ἕτερον,

66 1948 99 1983 τῷ
111 1951 204 1984 ὁμοίως
217 1952 262 1978 διὰ
287 1952 340 1978 τῶν
354 1954 483 1980 ἐναντίοιν
506 1955 551 1981 τὸν
574 1956 623 1990 τῆς
648 1956 721 1991 ζωῆς
744 1958 843 1993 δρόμον

68 1995 192 2028 ἀνύεσθαι,
210 1998 257 2024 καὶ
276 1998 336 2032 ἴσην
352 2001 380 2025 ἐν
395 2000 512 2035 ἑκατέρᾳ
529 2001 581 2027 τῶν
594 2001 697 2036 λήξεων
714 2003 763 2038 τὴν
776 2005 844 2039 πρὸς

67 2041 94 2068 τὸ
109 2040 135 2069 εὖ
149 2043 164 2078 ἢ
181 2044 274 2076 κακῶς
289 2045 338 2080 ζῇν
349 2045 463 2081 δύναμιν
485 2048 658 2082 ἐνυπάρχειν,
671 2048 715 2075 διὰ
733 2049 786 2076 τῶν
801 2050 845 2076 δε-

70 2087 124 2119 ξιῶν
138 2089 223 2116 ὃπλων
237 2091 282 2117 καὶ
295 2092 457 2126 ἀριστερῶν,
476 2094 558 2128 φησὶν
579 2095 593 2120 6
610 2095 781 2127 Ἀπόστολος,
802 2096 846 2122 διὰ

69 2133 136 2169 δόξης
159 2136 204 2162 καὶ
231 2137 342 2174 ἀτιμίας
355 2146 361 2152 '
376 2137 408 2163 δι’
420 2135 456 2164 ὧν
471 2140 484 2165 6
501 2140 551 2174 μὲν
572 2141 777 2177 κεκαθαρμένος
802 2143 846 2169 τὸν

69 2179 122 2205 *οὖν
137 2182 180 2207 καὶ
194 2183 398 2218 ὲπεσκεμμένος
416 2183 463 2218 τὴν
479 2185 532 2211 τῶν
553 2186 638 2212 ὄντων
650 2187 789 2222 ἀλήθειαν,
802 2189 845 2222 ὀρ-

71 2223 116 2256 θῶς
133 2226 232 2254 ὁδεύει-ει
247 2228 296 2264 τὴν
316 2230 443 2264 πορείαν,
458 2231 511 2257 ἀπὸ
536 2232 669 2264 γενέσεως
699 2233 780 2268 μέχρι
796 2235 844 2269 τῆς

73 2270 148 2302 ἐξόδου
167 2273 210 2300 τὸν
223 2275 388 2309 τεταγμένον
413 2276 487 2311 αὐτῷ
511 2278 605 2312 χρόνον
629 2278 843 2314 διεξερχόμενος

73 2315 129 2342 ἀλλὰ
148 2319 213 2345 κατὰ
229 2319 278 2354 τὴν
294 2320 349 2346 τῶν
369 2320 516 2356 ὁδοιπόρων
532 2323 674 2358 συνήθειαν
688 2324 734 2350 τοῦ
752 2325 846 2359 πρόσω

72 2362 194 2396 ἐχόμενος,
213 2365 303 2399 ὀλίγον
331 2368 447 2393 ποιεῖται
473 2368 527 2394 τῶν
552 2370 775 2405 προφαινομένων
801 2371 846 2396 τὸν

73 2403 147 2438 λόγον.
172 2408 287 2444 Σύνηθες
315 2409 369 2444 γὰρ
387 2412 442 2442 τοῖς
471 2411 654 2446 ὁδοιποροῦσιν
678 2403 724 2439 ἐπὶ
745 2414 775 2439 τὺ
797 2415 846 2448 τῆς

73 2450 122 2477 ὁδοῦ
148 2454 231 2489 πέρας
253 2455 352 2490 ὁμοίως
365 2457 523 2491 ἐπείγεσθαι
536 2477 543 2488 ,
559 2458 590 2483 ἄν
607 2466 636 2484 τε
652 2459 695 2485 διὰ
709 2458 848 2493 λειμώνων

75 2497 113 2523 καὶ
125 2501 264 2535 συμψύτων
279 2502 396 2537 χωρίων,
407 2503 440 2529 ἄν
452 2512 480 2529 τε
494 2504 527 2530 δι’
538 2504 712 2539 ἐρημοτέρων
723 2505 768 2531 καὶ
779 2513 847 2540 τρει-

75 2544 179 2579 χυτὲρων
194 2547 284 2573 τόπων
312 2548 481 2584 διὲρχωνται.
503 2550 550 2575 καὶ
563 2550 624 2576 οὔτε
638 2551 668 2576 τὸ
689 2550 736 2585 ἡδὺ
760 2559 848 2586 παρα-

76 2589 198 2625 κατέτχεν,
210 2592 273 2619 οὕτε
287 2593 317 2619 τὸ
330 2593 409 2628 ἀηδὲς
427 2595 588 2622 ὲνεπόδισεν.
611 2596 688 2622 Οὖτω
704 2597 751 2623 καὶ
766 2597 847 2628 atro;

76 2634 260 2674 ἀμεταστρεπτὶ
277 2639 345 2672 πρὸς
362 2640 406 2665 τὴν
430 2641 607 2676 προκείμενον
637 2643 736 2668 σκοπὸν
757 2641 846 2676 ἑαυτῷ

77 2679 259 2718 ἔπειχοήσεται,
270 2686 338 2720 πρὸς
351 2685 425 2712 οὐδὲν
436 2686 490 2712 τῶν
503 2686 636 2721 παροδίων
647 2687 846 2722 ἐπιστρεφόμε-

77 2731 113 2755 νος
122 2726 193 2754 ’ἀλλὰ
205 2729 273 2763 πρὸς
287 2729 365 2763 μόνον
381 2730 492 2765 οὐρανὸν
509 2730 614 2764 βλέπων
628 2731 705 2757 διαπε
711 2732 787 2765 ράσει
801 2731 846 2757 τὸν

107 2813 211 2844 ‘Maltb.
224 2825 299 2849 xxtv,
318 2817 361 2844 55.
400 2817 440 2844 ⁵11
451 2818 515 2846 Cor.
529 2827 554 2852 v,
577 2819 603 2847 4.

644 2820 653 2834 ⁸
669 2818 740 2846 Psal.
754 2826 828 2846 om.
840 2818 867 2846 5.

933 1868 965 1895 At
988 1876 1052 1895 vero
1070 1867 1116 1902 qui
1139 1874 1236 1901 magno
1257 1867 1367 1901 altoque
1399 1870 1440 1893 est
1469 1866 1577 1898 animo,
1597 1867 1688 1893 omnia

896 1916 953 1942 haec
977 1914 1052 1947 paria
1068 1921 1140 1945 esse,
1164 1920 1252 1946 neque
1281 1919 1337 1939 rem
1356 1919 1436 1938 unam
1456 1912 1534 1938 alteri
1560 1916 1690 1946 praestare

896 1964 985 1995 putat.
1000 1959 1131 1995 quoniam
1160 1967 1191 1986 er
1208 1959 1291 1985 rebus
1310 1958 1380 1984 inter
1407 1965 1436 1985 se
1457 1957 1604 1985 contrariis
1629 1958 1690 1985 vitae

896 2013 995 2032 cursus
1021 2013 1097 2040 atque
1126 2004 1286 2036 coniicitur,
1318 2004 1488 2037 aequaliSque
1513 2003 1539 2030 in
1573 2008 1689 2038 utraque

897 2050 959 2076 vitae
981 2050 1137 2076 conditione
1154 2053 1180 2076 et
1209 2049 1278 2075 bene
1303 2052 1329 2075 et
1359 2048 1430 2074 male
1468 2048 1575 2075 vivendi
1617 2048 1689 2075 inest

898 2095 1032 2127 facultas;
1063 2098 1118 2121 tam
1146 2101 1180 2121 ex
1209 2094 1291 2120 rebus
1316 2093 1431 2124 dextris,
1452 2093 1543 2128 inquit
1567 2093 1686 2128 Aposto-

898 2142 951 2172 lus,
984 2147 1065 2175 quam
1098 2139 1242 2170 sinistris,
1271 2143 1299 2167 et
1325 2146 1402 2173 aeque
1419 2147 1451 2165 ex
1482 2139 1591 2173 gloria,
1607 2143 1690 2174 atque

898 2195 929 2213 ex
960 2186 1049 2220 aliqua
1080 2184 1254 2219 ignominia:
1284 2185 1311 2210 in
1339 2184 1440 2218 quibus
1465 2184 1575 2217 quidem
1606 2185 1689 2212 rebus

865 2221 940 2259 Dis,
968 2228 1014 2263 qui
1040 2234 1108 2262 pura
1137 2232 1227 2254 mente
1261 2226 1312 2253 fuit
1340 2229 1367 2252 et
1390 2226 1569 2260 incorrupta,
1597 2233 1690 2253 rerum

900 2274 1042 2301 veritatem
1059 2273 1174 2300 intuitus
1198 2277 1256 2304 est,
1285 2273 1318 2299 ab
1334 2276 1395 2299 ortu
1419 2279 1505 2306 usque
1522 2271 1554 2298 ad
1584 2272 1689 2300 obitum

901 2321 1063 2355 p-a-ﬁnitum
1094 2320 1146 2347 sibi
1173 2324 1278 2353 tempus
1294 2318 1495 2353 percurrendo,
1528 2323 1602 2345 recta
1617 2318 1690 2345 hunc

904 2368 993 2400 ipsum
1022 2366 1083 2392 vita:
1098 2373 1208 2392 cursum
1226 2364 1349 2395 conﬁcit,
1368 2371 1429 2391 cunt
1456 2372 1544 2398 neque
1561 2364 1688 2398 volupta-

900 2417 956 2438 tum
987 2411 1126 2438 blanditiis
1147 2411 1306 2440 molliatur,
1333 2417 1422 2444 neque
1449 2409 1529 2436 rebus
1556 2409 1687 2444 gravibus

902 2457 1059 2484 tlnbilitetur
1074 2463 1106 2483 ac
1123 2455 1302 2490 deprimatur,
1322 2455 1368 2482 sed
1386 2455 1519 2482 viatorum
1538 2462 1614 2482 more
1634 2454 1688 2480 lon-

902 2505 962 2538 gius
997 2510 1171 2538 progressus,
1188 2510 1300 2537 parvam
1326 2509 1421 2528 earum
1447 2508 1549 2534 rerum,
1579 2507 1640 2535 qua:
1658 2507 1687 2526 se

902 2550 955 2576 illis
987 2548 1154 2579 ostendunt,
1186 2548 1318 2574 rationem
1346 2547 1438 2573 habet.
1466 2545 1534 2572 lllud
1557 2546 1630 2572 enim
1659 2545 1686 2571 in

901 2594 1102 2621 consuetudine
1132 2601 1225 2621 eorttm
1252 2598 1294 2621 est
1316 2594 1363 2628 qui
1392 2592 1621 2628 peregrinantur,
1657 2594 1687 2616 ut

901 2641 958 2667 sive
979 2640 1074 2674 pratis,
1097 2640 1153 2667 sive
1167 2640 1261 2668 .cultis
1285 2639 1359 2674 agris
1375 2659 1382 2670 ,
1409 2639 1465 2665 sive
1481 2636 1568 2664 vastis
1595 2635 1688 2662 deser-

900 2687 989 2720 tisque
1011 2685 1079 2712 locis
1095 2685 1146 2713 iter
1162 2684 1273 2717 faciant,
1303 2691 1392 2719 neque
1413 2682 1451 2711 rei
1467 2682 1550 2709 ullius
1566 2681 1686 2708 oblecta-

900 2732 984 2764 tione,
1003 2738 1093 2766 neque
1110 2738 1139 2758 re
1165 2731 1256 2764 aliqua
1284 2730 1399 2757 molesta
1417 2725 1551 2762 impediti,
1575 2724 1686 2752 itineris
