1922 3078
208 95 260 120 5H

829 94 856 121 S.
879 92 1041 120 GREGORII
1056 92 1199 119 NYSSENI

1791 93 1842 121 348

205 156 256 187 tit,
274 164 353 190 quas:
371 155 460 190 primo
480 163 553 189 vere,
576 156 657 191 plane
683 156 892 190 demonstravit,
922 165 993 184 sene-

1053 157 1158 191 φύσεως
1179 156 1301 190 ἀνάγκην
1317 154 1521 189 συμόαίνουσαι,
1535 155 1649 180 λυποῦσι
1667 155 1776 184 πάντως
1797 153 1842 179 τὸν

209 202 291 228 ctutis
315 206 407 236 postea
435 202 525 230 hieme
552 202 702 235 exstinxit;
740 203 892 238 eodemque
918 203 999 230 modo

210 247 314 282 reliqua
338 249 441 279 omnia,
466 256 527 283 qnze
547 248 580 275 ad
606 249 743 283 quoddam
768 253 877 284 tempus
907 250 1000 277 carnis

210 300 321 320 sensum
334 293 509 327 dect-perunt,
520 298 697 328 posteaquam
710 302 822 321 cursum
832 302 862 321 ea
877 295 999 329 perfece-

210 343 284 371 runt,
297 339 433 366 oblivione
443 339 522 365 simul
536 341 672 366 occultata
684 345 757 367 sunt.
770 340 904 372 Quoniam
917 341 999 375 igitur

210 384 344 418 ejusmodi
364 385 606 416 commutationes,
623 393 684 420 quia
696 386 813 420 quadam
833 391 937 412 natura:
949 393 997 412 ne-

209 430 336 456 cessitate
352 431 491 461 eveniunt,
508 430 600 456 dolore
611 430 686 457 illum
697 431 872 466 ailiciuntqui
888 431 915 457 in
932 431 998 458 aﬂ‘e-

210 475 300 502 ctione
313 480 450 508 versatur,
467 484 518 502 una
535 481 607 503 certe
626 481 668 504 est
683 476 781 503 hormn
797 477 930 503 malorum
955 477 999 503 de-

209 520 332 551 clinatio.
350 525 425 548 utne
444 521 506 548 ttllis
523 521 617 554 rebus,
633 530 694 556 quae
708 522 830 548 anitnutn
848 522 996 553 concitent,

210 573 271 593 sese
284 566 423 600 adiungat.
441 567 498 599 sed,
515 572 646 602 quantum
661 568 716 595 tieri
726 573 825 602 potest,
839 576 868 595 se
877 568 911 595 ab
924 567 998 594 omni

212 610 272 636 vita:
288 611 486 638 consuetudine
500 616 606 645 avocet,
621 620 681 647 qua:
705 613 737 639 ad
760 613 884 639 vitiosam
915 612 998 638 disci-

211 656 323 689 plinam,
341 657 472 691 caruique
485 657 604 684 deditam
630 657 758 690 adducat,
783 659 825 685 vel
849 658 940 692 potius
963 657 997 684 ab

209 709 241 727 ea
255 703 454 734 convenientia,
472 703 721 738 coniunctioneque
735 708 840 730 natum
867 711 896 730 se
912 710 998 729 remo-

210 750 281 778 veat,
298 755 351 781 qua
367 755 417 774 suo
441 749 560 783 quisque
582 750 690 784 corpori
715 749 846 776 astrictus
875 753 995 780 tenetur,

211 796 240 818 ut.
264 800 298 819 ne
322 793 386 824 vita,
404 801 463 828 qua:
482 802 497 821 e
515 802 598 822 carne
615 801 666 827 est,
688 795 723 822 sit
754 794 846 822 carnis
877 794 994 822 obnoxia

1051 204 1080 229 ὲν
1095 201 1266 237 προσπαθείᾳ
1283 200 1437 235 γενόμενον,
1457 201 1505 234 μία
1527 200 1580 227 τῶν
1599 200 1727 226 τοιούτων
1748 198 1843 226 κακῶν

1050 249 1122 274 ἐστιν
1148 246 1285 281 ἀποφυγὴ,
1300 246 1331 272 τὸ
1356 246 1450 280 μηδενὶ
1473 245 1528 271 τῶν
1552 245 1795 280 μεταϐαλλομένων
1807 246 1842 279 τῇ

1048 291 1120 325 ψυχῇ
1138 290 1330 325 προστεθῆναι,
1346 289 1403 315 ἀλλ’
1416 289 1453 320 ὼς
1465 289 1521 315 ἐστι
1533 289 1655 321 δυνατὸν,
1673 289 1843 325 χωρισθῆναι

1048 336 1097 370 τῆς
1112 335 1179 371 πρὸς
1193 336 1279 362 πάντα
1294 335 1339 362 τὸν
1357 335 1412 370 βίον
1427 335 1472 361 τὸν
1483 335 1593 371 ἐμπαθῆ
1611 344 1640 362 τε
1653 335 1701 362 καὶ
1714 335 1843 370 σάρκινον

1048 381 1169 416 ὁμιλίας·
1187 381 1285 416 μᾶλλον
1300 381 1385 407 δὲκαὶ
1399 381 1447 416 τῆς
1466 381 1533 415 πρὸς
1549 381 1578 408 τὺ
1594 381 1673 416 σῶμα
1691 381 1722 407 τὸ
1742 380 1842 407 ἑαυτοῦ

1050 427 1219 462 συμπαθείας
1238 427 1290 460 ἔξω
1311 426 1450 460 γενέσθαι,
1476 427 1514 458 ὡς
1534 427 1566 453 ἂν
1594 427 1631 462 μὴ
1655 426 1727 453 κατὰ
1750 426 1842 460 σάρκα

1049 473 1132 507 βιοὺς,
1148 472 1296 503 ὑπεύθυνος
1324 473 1436 508 γένηται
1452 474 1512 503 ταῖς
1537 473 1568 498 ὲκ
1583 473 1631 507 τῆς
1647 473 1748 508 σαρκὸς
1770 480 1841 507 συμ-

1049 519 1144 554 φοραῖς
1159 525 1166 533 ⁸
1188 518 1266 544 τοῦτο
1284 518 1312 544 δέ
1339 519 1395 545 ἐστι
1414 519 1443 545 τὸ
1475 519 1541 553 μόνῃ
1566 520 1598 553 τῇ
1616 519 1687 553 ψυχῇ
1716 518 1779 554 ζῇν,
1794 519 1842 544 καὶ

1050 564 1190 600 μιμεῖσθαι
1219 564 1287 590 κατὰ
1321 565 1350 591 τὸ
1379 565 1490 591 δυνατὸν
1515 565 1564 600 τὴν
1592 565 1645 591 τῶν
1682 565 1841 600 ἀσωμάτων

1047 610 1187 644 δυνάμεων
1207 610 1343 636 πολιτείαν
1353 618 1359 624 ·
1379 607 1434 645 ὲνῇ
1452 609 1513 636 οὔτε
1534 609 1668 644 γαμοῦσιν
1680 609 1743 635 οὔτε
1757 609 1839 643 γαμί-

1049 665 1174 682 σκονται·
1188 655 1243 682 ἀλλ’
1263 655 1343 691 ἔργον
1358 655 1449 687 αὐτοῖς
1471 656 1518 682 καὶ
1534 655 1699 690 κατόρθωμα
1719 655 1750 681 τὺ
1771 655 1839 681 θεω-

1050 703 1105 738 ρεῖν
1126 702 1171 728 τὸν
1194 701 1302 735 Πατέρα
1325 701 1375 735 τῆς
1392 701 1546 736 ἀφθαρσίας
1563 701 1631 731 ἐστὶ,
1649 701 1694 727 καὶ
1723 700 1794 734 πρὸς
1809 699 1838 725 τὸ

1048 747 1199 782 ἀρχέτυπον
1216 747 1311 778 κάλλος
1328 747 1376 781 τὴν
1394 746 1461 772 ἰδίαν
1477 746 1657 778 καλλωπίζειν
1672 746 1781 782 μορφὴν
1794 745 1838 772 διὰ

1046 793 1095 827 τῆς
1112 791 1287 826 ἐνδεχομένης
1305 791 1455 826 μιμήσεως.

209 838 437 865 calamitatibus:
468 839 520 866 hoc
546 846 636 867 autent
663 845 714 872 est,
739 841 789 868 soli
815 841 914 868 anima:
931 841 990 868 vive

1061 843 1091 865 ut
1104 838 1178 873 quis,
1202 841 1335 872 quantum
1357 837 1382 863 in
1409 844 1438 863 se
1461 839 1514 868 est,
1536 837 1690 864 institutum
1712 837 1838 864 imitetur

210 885 317 912 illarum
346 890 521 920 potestatum,
546 895 606 922 qua:
623 889 748 923 corporis
765 893 892 923 expertes
910 894 974 916 sum
989 897 997 916 :
1020 888 1072 914 illae
1087 887 1159 914 enim
1176 893 1265 920 neque
1282 885 1398 918 uuhttnt,
1419 892 1508 918 neque
1524 884 1682 917 nubuntur;
1699 884 1747 912 sed
1784 883 1837 911 hoc

208 934 250 956 est
275 931 341 964 ipsis
363 932 531 966 propositum
559 941 669 965 munus,
696 934 828 966 studium,
855 938 938 969 atque
963 933 1112 968 perfectum
1137 931 1267 961 cilicium,
1292 935 1321 957 ut
1345 930 1511 964 incorrupta!
1542 930 1706 964 integritatis
1729 933 1836 965 patrem

208 975 436 1009 contemplemur,
451 982 542 1010 atque,
559 982 692 1011 quantum
708 978 859 1006 imitatione
870 979 981 1014 assequi
1003 977 1169 1014 possunt,ad
1186 976 1273 1011 ipsius
1287 975 1500 1010 pulchritudinis
1512 975 1651 1009 exemplar
1666 974 1835 1006 contuendo,

208 1028 286 1048 suam
306 1020 356 1055 ipsi
371 1026 469 1048 ornent
484 1022 611 1050 formam.

512 1067 625 1094 CAPUT
654 1067 687 1094 V.

212 1109 299 1137 Animi
320 1112 507 1146 integritatem,
531 1113 638 1147 ejusque
658 1113 690 1139 ab
716 1113 836 1140 omnibus
857 1113 993 1147 affectibus

254 1147 420 1178 vacuitatem,
434 1149 551 1181 corporis
568 1148 706 1174 nrunditiis
719 1149 820 1174 anteire
838 1153 948 1182 oportet.

247 1190 333 1226 Hujus
347 1192 430 1227 igitur
441 1193 551 1224 mentis.
565 1201 733 1227 summaeque
748 1193 906 1226 cupiditatis
919 1193 994 1227 adju-

208 1237 361 1268 toriummt
377 1237 403 1264 in
417 1237 520 1266 divinis
531 1238 641 1266 Litteris
656 1239 785 1273 appellari
798 1239 878 1269 solvt,
890 1239 992 1265 homini

212 1281 390 1316 virginitatem
407 1283 534 1310 tributam
548 1292 610 1312 esse
624 1284 762 1311 diximus:
787 1289 815 1311 ut
831 1285 902 1311 enim
930 1285 994 1311 reli-

209 1335 324 1361 quorum
343 1329 494 1356 studiorum
510 1334 584 1357 artes
613 1330 736 1365 quaedam
754 1331 787 1357 ad
814 1331 921 1357 illorqu
946 1330 992 1365 qui

206 1380 300 1400 earum
323 1374 413 1401 studio
428 1378 566 1406 tenentur,
590 1376 739 1411 perfectam
756 1376 926 1411 disciplinam
949 1376 993 1402 in-

206 1423 295 1446 venta;
311 1424 393 1448 sunt:
412 1421 452 1448 sic
467 1422 631 1456 virginitalis
647 1422 767 1449 studium
784 1422 849 1449 mihi
867 1430 912 1449 ars
922 1430 995 1457 quaa-

205 1464 268 1492 dam
283 1470 310 1492 et
325 1466 441 1494 I'acultas
457 1467 600 1495 divinioris
614 1469 676 1495 vita:
703 1469 811 1496 videtur
830 1476 901 1500 esse,
932 1477 994 1504 qua:

206 1510 313 1542 doceat,
329 1513 559 1546 quemadmodum
580 1513 608 1545 ii,
627 1514 672 1549 qui
691 1515 734 1540 his
753 1515 878 1549 corporis
896 1515 992 1542 vincu-

206 1556 240 1583 lis
253 1557 358 1583 astricti
385 1562 523 1589 tenentur.
547 1565 641 1585 earum
667 1567 770 1590 rerum,
795 1567 856 1593 quae
877 1567 993 1594 corpore

205 1606 310 1633 carent,
329 1605 434 1630 natura:
451 1604 555 1631 similes
567 1604 730 1632 ediciantnr.
742 1605 810 1632 Vita:
820 1605 892 1632 enim
911 1605 992 1640 hujus

205 1656 286 1675 omne
302 1649 433 1682 studium,
447 1655 529 1684 atque
539 1651 693 1677 institututn
707 1650 773 1677 illud
785 1655 837 1683 est,
856 1655 883 1678 ut
899 1659 933 1678 nc
944 1659 992 1678 νος

206 1695 340 1729 luptatum
356 1697 457 1730 impetu
478 1696 562 1723 animi
587 1696 757 1731 deprimatur
776 1696 902 1730 altitudo,
925 1705 992 1724 nere

1352 1066 1477 1092 ΚΕΦΛΛ.
1496 1066 1533 1093 Ε’,

1047 1113 1108 1138 ’Ὁτι
1130 1110 1320 1150 προτιγξῖσίζαι
1336 1111 1394 1150 χρὴ
1414 1111 1471 1145 τὴν
1496 1112 1550 1145 τῆς
1567 1113 1673 1150 ’ψυχῆς
1689 1111 1837 1138 ἀπάθειαν

1205 1146 1259 1179 τῆς
1281 1146 1315 1171 ἐν
1329 1146 1441 1180 σώματι
1461 1148 1670 1180 καθαρότητος.

1080 1190 1188 1225 Ταύτης
1198 1188 1243 1216 οὖν
1254 1190 1302 1224 τῆς
1317 1190 1435 1222 διανοίας
1446 1192 1493 1217 καὶ
1508 1192 1557 1226 τῆς
1569 1191 1673 1226 ὑψηλῆς
1687 1190 1834 1226 ἐπιθυμίας

1045 1235 1185 1270 συνεργὸν,
1202 1234 1292 1266 καθὼς
1305 1236 1339 1269 τῇ
1351 1235 1444 1270 Γραφῇ
1462 1235 1550 1267 δοκεῖ,
1566 1236 1612 1262 καὶ
1630 1235 1726 1271 βοηθὸν
1739 1236 1779 1270 τῷ
1793 1237 1836 1262 ἀν-

1044 1280 1145 1315 θρώπῳ
1157 1280 1205 1315 τὴν
1223 1280 1370 1315 παρθενίαν
1385 1278 1454 1306 εἶναί
1474 1289 1572 1315 φαμεν.
1595 1282 1649 1307 Καὶ
1666 1282 1760 1316 ὥσπερ
1780 1281 1834 1307 τῶν

1043 1325 1142 1352 λοιπῶν
1153 1325 1375 1360 ἐπιτηδευμάτων
1388 1325 1480 1360 τέχναι
1494 1325 1565 1357 τινὲς
1578 1326 1645 1361 πρὸς
1660 1327 1708 1360 τὴν
1718 1327 1834 1352 ἑκάστου

1043 1371 1096 1397 τῶν
1118 1371 1342 1405 σπουδαζομένων
1356 1371 1521 1405 ἐπεργασίαν
1544 1371 1728 1406 ἐπενοήθησαν
1739 1380 1745 1386 ·
1763 1371 1834 1397 οὕτω

1045 1425 1089 1452 μοι
1102 1417 1175 1442 δοκεῖ
1187 1416 1234 1442 καὶ
1248 1416 1277 1442 τὸ
1289 1416 1337 1450 τῆς
1352 1416 1499 1450 παρθενίας
1515 1416 1684 1450 ἐπιτήδευμα
1696 1417 1778 1451 τέχνη
1793 1425 1834 1448 τις

1043 1460 1111 1488 εἶναι
1123 1463 1169 1488 καὶ
1181 1461 1293 1497 δύναμις
1306 1462 1355 1496 τῆς
1368 1461 1505 1497 θειοτέρας
1520 1462 1602 1496 ζωῆς,
1618 1461 1684 1497 πρὸς
1699 1463 1748 1497 τὴν
1763 1462 1835 1489 ἀσώ-

1044 1516 1127 1542 ματον
1139 1507 1218 1541 φύσιν
1232 1508 1295 1538 τοὺς
1310 1508 1338 1533 ὲν
1356 1507 1437 1542 σαρκὶ
1450 1507 1553 1540 ζῶντας
1571 1508 1729 1542 ὁμοιοῦσθαι
1743 1517 1834 1544 παρα-

1044 1552 1220 1583 σκευάζουσα.
1233 1553 1310 1578 Πᾶσα
1325 1552 1378 1588 γάρ
1386 1554 1443 1579 ἐστι
1454 1553 1555 1587 σπουδὴ
1568 1553 1616 1579 τοῦ
1629 1553 1749 1580 τοιούτου
1763 1554 1832 1589 βίου,

1042 1597 1115 1629 ὅπως
1135 1597 1172 1632 μὴ
1189 1597 1218 1624 τὺ
1231 1597 1332 1632 ὑψηλὸν
1348 1598 1396 1632 τῆς
1410 1597 1498 1632 ψυχῆς
1508 1598 1552 1624 διὰ
1563 1598 1612 1632 τῆς
1621 1599 1834 1631 ἐπαναστάσεως

1041 1643 1095 1669 τῶν
1113 1643 1214 1678 ἡδονῶν
1229 1644 1396 1678 ταπεινωθῇ,
1412 1644 1458 1669 καὶ
1475 1644 1534 1670 ἀντὶ
1544 1644 1591 1670 τοῦ
1604 1647 1832 1680 μετεωροπορείν,

1042 1689 1089 1714 καὶ
1102 1689 1142 1720 εἰς
1158 1690 1191 1715 τὰ
1205 1688 1260 1715 ἄνω
1278 1689 1386 1724 βλέπειν
1404 1690 1452 1724 τὴν
1476 1689 1595 1716 διάνοιαν
1614 1689 1703 1724 ἡμῶν,
1717 1690 1785 1725 πρὸς
1799 1691 1833 1716 τά

206 1749 256 1767 nos
273 1762 281 1773 ,
306 1742 353 1775 qui
387 1742 509 1769 coelestia
545 1742 749 1776 contemplari,
777 1743 858 1777 quive
897 1743 989 1769 divina

1045 1734 1144 1769 σαρκὸς
1163 1734 1209 1760 καὶ
1222 1734 1337 1768 αἳματος
1349 1734 1557 1768 κατενεχθεῖσαν
1568 1734 1641 1768 πάθη
1658 1736 1759 1760 πεσεῖν.
1771 1735 1833 1765 Πῶς

205 1787 297 1814 animo
311 1788 435 1814 contueri
462 1787 606 1819 debemus,
636 1788 668 1815 ad
691 1789 817 1822 corporis
833 1788 990 1815 at‘l'rctiones

205 1833 310 1867 delapsi
327 1833 467 1860 cedamus.
485 1833 544 1865 Quo
559 1833 632 1861 enim
652 1834 734 1861 modo
748 1834 858 1861 animus
885 1840 990 1866 noster,

205 1880 251 1914 qui
265 1879 388 1906 inferiori
408 1880 471 1906 huic
485 1880 577 1907 carnis
602 1881 735 1915 voluptati
748 1881 920 1916 mancipatus
937 1885 990 1912 est.

205 1928 287 1959 atque
304 1925 331 1951 in
348 1925 531 1952 humanorum
550 1925 695 1953 affectuum
713 1926 908 1960 appetitionem
917 1930 992 1953 totus

205 1971 349 2004 incumbit,
373 1975 462 2006 potest
481 1975 628 2006 cognatum
647 1972 713 1998 illud
738 1972 841 2003 lumen.
865 1973 992 2007 quodque

205 2022 294 2044 mente
309 2017 366 2052 ipsa
385 2017 516 2050 cernitur,
536 2025 622 2044 vacuo
645 2022 671 2044 et
704 2018 790 2045 libero
805 2026 887 2045 sensu
919 2019 991 2053 aspi-

204 2070 277 2093 cere.
289 2071 350 2090 cum
369 2063 391 2090 is
407 2071 488 2098 prava
503 2063 619 2098 quadam
637 2068 718 2098 atque
738 2064 873 2091 inerudita
895 2065 992 2091 antici-

205 2109 315 2144 ratione
328 2110 360 2136 ad
373 2110 490 2136 humiles
507 2110 556 2136 itas
572 2117 625 2141 res,
643 2114 670 2136 et
686 2111 834 2137 lntulentas
851 2110 937 2138 aciem
955 2111 992 2137 in-

203 2155 318 2182 tendat?
342 2155 408 2182 Nam
427 2159 456 2182 ut
472 2163 619 2190 porcorum
633 2156 704 2182 oculi
722 2162 821 2182 natura
837 2157 864 2183 in
889 2161 990 2183 terram

204 2200 342 2231 conversi,
358 2200 535 2227 miriﬁcarum
554 2208 644 2227 rerum
675 2200 828 2227 cmlcstium
851 2205 990 2234 aspectum

204 2253 260 2272 non
278 2245 389 2277 habent,
414 2246 455 2273 sic
481 2246 589 2272 animus
617 2245 743 2280 corporis
772 2245 836 2271 luxu
858 2245 990 2280 perditus,

204 2299 267 2319 cum
284 2291 316 2318 ad
331 2291 455 2322 humilia,
481 2295 508 2318 et
521 2290 554 2317 ad
571 2299 602 2317 ea
620 2299 681 2325 qua:
702 2295 766 2318 sunt
790 2291 924 2325 pecudum
951 2291 992 2318 itt-

204 2337 323 2364 clinatus
340 2337 387 2369 sit,
405 2345 459 2364 non
481 2338 580 2365 cmlum
605 2337 733 2372 amplius,
764 2345 853 2371 neque
872 2337 991 2371 reliqua-

204 2391 264 2410 rum
283 2391 372 2410 rerum
387 2383 621 2414 convenientiam,
639 2389 664 2410 et
678 2383 805 2410 decorem
820 2391 934 2411 cernere
948 2392 991 2418 po-

1043 1781 1096 1815 γὰρ
1119 1780 1158 1806 ἔτι
1183 1780 1294 1806 δύναται
1320 1780 1388 1814 πρὸς
1413 1779 1442 1805 τὸ
1468 1781 1595 1813 συγγενές
1616 1788 1644 1806 τε
1667 1781 1714 1806 καὶ
1738 1781 1833 1815 νοητὸν

1043 1824 1100 1858 φῶς
1114 1825 1247 1860 ἐλευθέρῳ
1256 1825 1417 1851 ἀναϐλέπειν
1428 1824 1466 1859 τῷ
1476 1825 1579 1859 ὄμματι
1591 1826 1607 1860 ἡ
1624 1825 1832 1860 πρεσηλωθεῖια

1043 1871 1117 1897 κάτω
1136 1872 1169 1906 τῇ
1185 1871 1262 1906 ἡδονῇ
1277 1871 1326 1905 τῆς
1343 1871 1453 1906 σαρκὸς,
1469 1871 1515 1896 καὶ
1530 1871 1579 1905 τὴν
1601 1871 1748 1905 ἐπιθυμίαν
1765 1872 1832 1907 πρὸς

1041 1916 1076 1942 τὰ
1103 1915 1259 1951 ἀνθρώπινα
1284 1916 1359 1951 πάθη
1376 1917 1601 1952 άπασχο).ήσασα,
1627 1919 1690 1944 ὅταν
1708 1919 1776 1954 πρὸς
1799 1919 1832 1945 τὰ

1043 1961 1130 1996 ὑλώδη
1146 1963 1196 1996 σχῇ
1212 1963 1261 1996 τὴν
1277 1962 1363 1997 ῥοπὴν
1384 1963 1414 1988 ὲκ
1433 1963 1570 1998 μοχθηρᾶς
1590 1972 1662 1995 τινος
1683 1964 1729 1990 καὶ
1754 1965 1833 1991 ἀπαι-

1042 2007 1134 2033 δεύτου
1165 2008 1368 2042 προσλήψεωςς
1391 2009 1523 2044 Καθάπερ
1548 2009 1601 2042 γὰρ
1623 2011 1647 2035 οἱ
1675 2010 1729 2036 τῶν
1761 2011 1831 2036 συῶν

1043 2052 1177 2087 ὀρθαλμοὶ
1188 2040 1230 2083 εἰς
1243 2040 1272 2078 τὸ
1285 2053 1358 2079 κάτω
1370 2053 1444 2088 παρὰ
1525 2040 1631 2088 φάσεως
1647 2055 1832 2091 ἐστραμμένοι

1042 2099 1096 2125 τῶν
1121 2100 1254 2135 οὐρανίων
1269 2099 1413 2134 θαυμάτων
1440 2100 1561 2135 ἀπείρως
1576 2100 1692 2135 ἔχουσιν,
1714 2099 1831 2136 οὓτωςή

1042 2144 1081 2178 τῷ
1107 2144 1212 2179 σώματι
1247 2144 1519 2178 συγκατασπασθεῑσα
1542 2145 1614 2180 ψυχὴ
1644 2145 1736 2171 οὐκετι
1764 2146 1831 2180 πρὸς

1042 2190 1090 2216 τὸν
1109 2190 1222 2224 οὐρανὸν
1247 2191 1292 2216 καὶ
1318 2190 1352 2216 τὰ
1368 2191 1424 2217 ἅνω
1447 2191 1529 2225 κάλλη
1554 2191 1664 2226 βλέπειν
1678 2191 1830 2226 δυνήσεται,

1044 2235 1112 2270 πρὸς
1125 2235 1154 2261 τὸ
1173 2235 1298 2261 ταπεινὸν
1321 2236 1367 2261 καὶ
1389 2236 1524 2270 κτηνῶδες
1540 2235 1590 2270 τῆς
1618 2235 1724 2269 φύσεως
1736 2235 1830 2262 ἐπικύ-

1043 2289 1158 2308 πτουσα.
1189 2282 1232 2313 Ὠς
1252 2281 1285 2307 ἂν
1315 2280 1361 2308 οὖν
1390 2282 1506 2316 μάλιστα
1534 2283 1600 2316 ἡμῖν
1629 2281 1759 2315 ἐλευθέρα
1785 2282 1828 2308 καὶ

1043 2327 1135 2358 ἄνετος
1147 2328 1163 2362 ἡ
1176 2327 1248 2361 ψυχὴ
1264 2327 1332 2362 πρὸς
1350 2327 1399 2362 τὴν
1420 2327 1495 2354 θείαν
1508 2336 1536 2353 τε
1552 2327 1597 2353 καὶ
1608 2327 1747 2362 μακαρίαν
1770 2327 1827 2361 1380-

1043 2374 1091 2409 γὴν
1103 2374 1260 2405 ἀναϐλέποι.
1282 2374 1348 2409 πρὸς
1365 2374 1440 2400 οὐδὲν
1455 2374 1509 2400 τῶν
1533 2374 1634 2408 γηῖνων
1659 2373 1759 2409 ἑαυτὴν
1772 2375 1829 2399 ὲπι-

204 2426 276 2453 terit.
292 2425 382 2458 Quare
395 2430 423 2452 ut
432 2426 465 2452 ad
476 2426 767 2461 voluptatemdivinam
784 2427 856 2454 illaut
869 2417 988 2462 quidem,

1045 2419 1157 2454 στρὲψη,
1175 2419 1233 2445 οὐδὲ
1250 2419 1304 2445 τῶν
1317 2419 1516 2454 νενομισμένων
1536 2418 1606 2444 κατὰ
1618 2418 1666 2452 τὴν
1678 2417 1726 2443 τοῦ
1741 2417 1829 2444 κοινοῦ

203 2476 232 2498 et
244 2471 350 2498 beatam
365 2471 474 2499 animus
491 2476 585 2499 noster
598 2473 718 2506 quietus,
732 2480 764 2499 ac
780 2473 848 2499 liber
873 2474 991 2500 maxime

205 2516 344 2552 respiciat,
361 2517 394 2545 ad
411 2518 500 2546 nullas
526 2518 638 2545 omnino
663 2527 706 2546 res
732 2518 861 2552 caducas,
887 2523 914 2546 et
936 2523 992 2546 ter-

204 2571 285 2591 renas
301 2571 330 2591 se
343 2564 401 2598 ipse
415 2568 565 2594 convertet,
584 2572 671 2598 neque
698 2572 791 2592 earum
819 2565 989 2599 voluptatum

204 2608 340 2641 particeps
358 2607 412 2639 ﬁet,
429 2616 488 2642 qum
503 2608 535 2634 ad
551 2609 704 2635 communis
718 2609 779 2635 vita:
794 2609 990 2643 indulgentiam

203 2657 368 2686 comparata:
383 2657 455 2684 sunt,
475 2654 520 2679 sed
543 2661 650 2680 omnem
674 2654 765 2688 potius
782 2655 883 2681 amoris
901 2655 954 2680 vim
975 2662 989 2681 a

204 2697 286 2725 rebus
317 2699 458 2732 corporeis
483 2699 516 2725 ad
542 2707 601 2726 eam
621 2699 747 2726 traducet
775 2699 990 2734 pulchritudinis

204 2744 460 2778 contemplationem
475 2753 482 2777 ;
496 2753 555 2778 que
570 2749 595 2772 et
613 2746 738 2779 corporis
760 2753 858 2779 expers
888 2750 940 2775 est,
963 2749 990 2772 ct

205 2792 296 2816 mente
316 2789 454 2818 cernitur:
471 2795 552 2826 atque
571 2791 604 2818 ad
621 2791 691 2818 hanc
702 2789 811 2824 quidem
824 2790 907 2817 animi
925 2790 988 2818 alre-

1044 2466 1102 2500 βίου
1123 2465 1294 2502 συγχώρησιν
1309 2466 1409 2501 ἡδονῶν
1435 2465 1618 2500 μεταλήψεται
1632 2484 1639 2496 ,
1656 2464 1723 2491 ἀλλὰ
1750 2473 1824 2498 μετα-

1044 2511 1121 2546 θήσει
1147 2511 1195 2546 τὴν
1216 2512 1349 2546 ἐρωτικὴν
1373 2511 1486 2545 δύναμιν
1508 2511 1561 2536 ἀπὸ
1586 2510 1639 2536 τῶν
1668 2509 1828 2544 σωματικῶν

1043 2557 1089 2582 ἐπὶ
1105 2557 1154 2592 τὴν
1177 2558 1275 2592 νοητήν
1298 2565 1326 2583 τε
1353 2556 1400 2583 καὶ
1428 2556 1508 2583 ἆῡλον
1531 2556 1578 2582 τοῦ
1604 2555 1685 2582 καλοῦ
1703 2555 1827 2590 θεωρίαν.

1044 2603 1110 2638 πρὸς
1127 2602 1175 2638 τὴν
1190 2602 1318 2637 τοιαύτην
1334 2603 1382 2636 τῆς
1408 2602 1496 2637 ψυχῆς
1519 2602 1638 2628 διάθεσιν
1653 2603 1668 2637 ὴ
1698 2601 1830 2636 παρθενία

1043 2649 1089 2676 τοῦ
1102 2649 1226 2684 σώματος
1249 2650 1314 2684 ἡμῖν
1334 2649 1465 2684 ἐπενοήθη
1482 2657 1488 2664 ·
1506 2648 1543 2679 ὡς
1560 2647 1592 2674 ἂν
1615 2647 1731 2682 μάλιστα
1747 2647 1830 2682 λήθην

1043 2697 1090 2722 κιὶ
1117 2695 1268 2730 ἀμνηστίαν
1297 2696 1455 2730 ὲμποιήσειε
1484 2696 1515 2729 τῇ
1532 2693 1605 2728 ψυχῇ
1629 2693 1682 2719 τῶν
1700 2693 1830 2727 eameam

1042 2742 1092 2773 τῆς
1109 2741 1215 2776 φύσεως
1231 2741 1397 2776 κινημάτων,
1409 2740 1542 2776 μηδεμίαν
1557 2740 1678 2774 ἀνάγκην
1690 2739 1830 2773 ἐπάγουσα

1045 2788 1112 2824 πρὸς
1124 2788 1157 2815 τὰ
1168 2787 1283 2815 ταπεινὰ
1294 2789 1342 2823 τῆς
1355 2787 1454 2823 σαρκὸς
1467 2787 1610 2822 ὀφλήματα
1626 2786 1829 2820 καταγίνεσθαι.
