1922 3078
59 87 102 116 διο
721 83 765 111 DE
786 84 1021 113 \‘lRGlNlTATE.

1628 91 1681 119 550

64 144 282 180 Ἐλευθερωθεῖσα
310 144 363 180 γὰρ
392 144 464 178 ἅπαξ
491 144 545 171 τῶν
578 144 705 171 τοιούτων
731 145 820 181 χρεῶν
834 166 840 176 ,

900 145 1024 178 :tionem,
1043 145 1219 181 studiumque
1240 150 1281 174 est
1295 148 1418 181 corporis
1437 148 1544 176 inventa
1566 149 1680 185 virgini-

59 193 136 219 οὶκέτι
167 190 319 217 κινδυνεύει
347 190 384 226 μὴ
409 190 449 224 τῷ
471 191 531 216 κατ’
554 189 643 224 ὀλίγον
667 190 843 225 προσεθισμῴ

60 240 113 274 περὶ
134 237 166 264 τὰ
191 237 325 263 δοκοῦντα
349 237 424 272 νόμῳ
452 236 504 262 τινὶ
529 236 637 270 φύσεως
667 236 844 270 συγκεχωρῆ-

61 285 123 314 σθαι,
142 285 169 310 ὲν
195 283 357 318 ἀποστροφῇ
385 281 430 308 καὶ
455 281 550 316 ἀγνοίᾳ
567 281 617 315 τῆς
642 281 716 312 θείας
740 289 769 307 τε
797 281 844 307 καὶ

61 329 183 364 ἀκηράτου
205 328 321 363 γένηται
344 327 456 362 ἡδονῆς,
479 327 512 362 ἣν
537 327 604 362 μόνη
625 327 640 361 ἠ
658 326 770 361 καρδίας
794 335 844 351 κα-

62 376 172 409 θαρότης,
192 373 239 399 τοῦ
266 374 296 399 ὲν
323 374 388 408 ἡμῖν
410 371 584 408 ἡγεμονικοῦ,
608 371 732 407 θηρεύειν
755 371 841 406 πέφυ-

61 428 108 446 κεν.

895 195 945 223 las,
958 194 997 223 ut,
1012 199 1073 217 eum
1088 190 1275 224 aﬂ‘ectionum,
1287 200 1348 226 quae
1364 201 1378 218 a
1391 198 1487 220 natura
1502 195 1610 222 tributa!
1638 198 1679 223 vi-

894 235 1006 267 dentur,
1024 236 1188 263 oblivionem
1200 237 1294 263 animo
1303 238 1419 265 maxime
1431 239 1563 271 attulerit,
1577 241 1680 268 nullam

894 281 1006 308 inducat
1040 282 1233 309 necessitatem
1262 283 1380 309 sordidis
1400 285 1491 311 earttis
1512 285 1612 313 debitis
1631 295 1680 313 va-

894 327 985 354 candi.
1007 326 1073 353 Nam
1087 327 1133 354 ubi
1162 328 1245 354 semel
1270 328 1345 356 hisee
1363 329 1474 356 liberata
1501 335 1543 358 est
1563 331 1680 364 debitis,

894 380 948 398 non
967 371 1022 406 jam
1041 373 1158 407 amplius
1185 373 1334 407 perieuluttt
1361 379 1412 406 est,
1442 383 1475 402 ne
1502 377 1681 404 assuetudine

893 417 1001 444 tandem
1019 426 1120 450 rerum,
1139 427 1198 453 quae
1214 425 1319 445 natm-:1-
1335 421 1453 454 quadatn
1478 421 1536 454 lege
1567 422 1681 456 pennis-

61 474 91 493 s.c
107 464 240 495 videntur,
271 470 365 490 veram
399 463 474 490 illam
505 465 586 496 atque
604 462 786 488 immortalem
812 462 980 497 voluptatem
1010 468 1154 490 aversetur
1182 469 1264 499 atque
1281 464 1376 499 fugiat,
1393 473 1475 500 quant
1500 473 1548 492 cor
1579 467 1678 495 solum.

62 519 117 543 pura
128 510 195 546 ejus,
218 509 267 544 qui
293 517 344 536 nos
366 509 446 543 regit,
482 509 566 535 animi
598 508 755 544 integritate
778 508 909 541 adhibita,
926 517 1025 544 capere
1038 510 1116 536 solet.

347 556 474 583 ΚΕΦΑΛ.
494 557 540 589 q'.

62 617 115 643 Ὅτι
133 615 231 647 Ἠλίας
250 614 302 641 καὶ
323 613 463 646 Ἰωάννης
477 612 530 645 τῆς
540 612 690 646 ἀκριϐείας
704 612 757 639 τοῦ
768 612 840 644 βίου

258 649 368 676 τούτου
385 647 627 682 ἐπεμελήθησαν.

89 694 132 722 Διὰ
149 693 228 720 τοῦτό
259 702 306 728 μοι
333 693 406 720 δοκεῖ
422 693 469 718 καὶ
490 692 505 717 ὁ
535 691 622 727 μέγας
642 693 672 718 ὲν
689 692 840 726 προφήταις

66 741 157 772 Ἠλίας,
171 740 218 766 καὶ
231 741 246 766 ὁ
273 741 304 766 ὲν
326 738 461 772 πνεύματι
480 738 527 764 καὶ
541 737 654 771 δυνάμει
671 737 762 763 Ἠλίου
782 737 840 772 μετ’

1197 556 1312 583 CAPUT
1332 556 1374 583 Vl.

892 612 967 639 Elius
990 617 1014 639 et
1037 611 1155 639 Joannes
1187 613 1339 646 diligentem
1360 613 1455 640 harum
1486 621 1579 639 rurant
1603 613 1681 641 adhi-

1225 649 1347 674 buerunt.

927 692 968 720 Ob
983 700 1042 720 eam
1061 701 1171 720 causam
1195 701 1310 728 magnus
1327 694 1353 720 in
1372 693 1510 728 prophetis
1528 693 1593 720 mihi
1609 694 1682 721 vide-

891 741 936 764 tttr
952 738 1037 770 Elias,
1068 743 1096 765 et
1123 739 1146 766 is
1170 739 1215 773 qui
1234 743 1328 773 postea
1346 739 1373 765 in
1403 739 1499 773 spiritu
1530 743 1556 766 et
1582 739 1680 766 virtute

62 788 150 813 ἒκεῖνον
165 785 341 820 ἐπιδημήσας
351 784 389 818 τῷ
408 784 468 819 βίῳ,
481 781 511 810 οὗ
530 783 629 818 μείζων
639 783 726 814 οὐδεὶς
743 783 771 809 ὲν
780 791 841 816 γεν-

900 783 957 810 Elite
971 784 998 810 itt
1018 783 1102 810 vitam
1121 784 1203 815 vettit,
1226 791 1280 818 quo
1297 791 1362 810 sane
1386 784 1413 810 in
1439 783 1508 810 natis
1536 783 1679 811 mulierum

61 833 140 867 νητοίς
153 830 304 865 γυναικῶν.
328 830 412 865 Εἴπερ
432 838 458 855 τι
476 829 522 855 καὶ
535 829 626 864 ἕτερον
642 829 659 863 ὴ
671 829 730 854 κατ’
745 828 842 858 αὐτοὺς

63 877 154 912 ίστορία
171 876 326 912 παραδηλοῖ
344 875 376 901 δι’
391 875 559 910 αίνίγματος,
581 874 660 900 τοῦτο
676 873 793 909 μάλιστα
804 873 843 908 τῷ

65 921 111 956 Ιόίῳ
120 921 294 955 δογματίζειν
310 920 369 955 βίῳ,
381 920 411 946 τὸ
433 919 600 955 χωρισθῆναι
612 919 662 954 τῆς
677 919 723 945 τοῦ
739 919 843 954 ἀνθρω-

63 967 128 992 πίνου
142 966 198 1000 βίου
217 965 382 997 ἀκολουθίας
406 965 451 992 τὸν
476 966 508 1000 τῇ
527 964 628 1000 θεωρίᾳ.
645 964 698 991 τῶν
720 964 843 999 ἀοράτων

64 1011 230 1047 σχολάζοντα·
255 1011 296 1043 ὡς
314 1011 346 1037 ἂν
361 1010 398 1045 μὴ
416 1011 477 1042 ταῖς
498 1010 638 1041 τοιαύταις
655 1009 773 1040 ἀπάταις
784 1009 844 1039 ταῖς

62 1057 98 1083 διὰ
110 1056 160 1082 τῶν
177 1055 333 1091 αἰσθήσεων
348 1055 503 1089 γινομέναις
528 1054 727 1090 προσεθισθεὶς,
744 1053 844 1087 σύγχυ-

64 1103 98 1129 σίν
107 1111 162 1129 τινα
175 1103 222 1129 καὶ
240 1102 347 1136 πλάνην
358 1101 439 1128 πάθοι
448 1101 512 1136 περὶ
523 1101 571 1135 τὴν
581 1100 628 1126 τοῦ
643 1100 726 1131 ὅντως
740 1097 842 1133 ἀγαθοῦ

63 1148 150 1183 κρίσιν.
165 1147 329 1183 Ἀμφότεροι
343 1146 397 1183 γὰρ
413 1147 495 1178 εὐθὺς
504 1147 536 1173 ὲκ
550 1146 618 1173 νέων
635 1144 844 1180 ἀπεξενώθησαν

63 1193 104 1227 τῆς
117 1192 293 1229 ἀνθρωπίνης
311 1191 394 1227 ζωῆς,
412 1191 459 1218 καὶ
471 1191 525 1218 οἷον
542 1191 594 1223 ἔξω
606 1191 654 1226 τῆς
667 1191 773 1225 φύσεως
783 1191 846 1216 ἐαυ-

63 1240 118 1270 τοὺς
132 1239 248 1273 ἔστησαν
259 1240 294 1274 τῇ
303 1238 366 1273 περὶ
380 1237 430 1273 τὴν
446 1237 547 1273 βρῶσιν
558 1237 605 1263 καὶ
622 1237 700 1263 πόσιν
711 1235 846 1271 ὑπεροψίᾳ

64 1285 104 1319 τῆς
124 1284 252 1319 συνήθους
268 1284 316 1310 καὶ
326 1284 522 1319 νενομισμένης
536 1284 649 1318 τροφῆς,
667 1282 714 1309 καὶ
729 1283 762 1317 τῇ
776 1281 846 1309 κατὰ

63 1330 208 1366 τὴνέρημον
225 1330 361 1365 διαγωγῇ,
373 1329 410 1360 ὡς
425 1329 472 1356 καὶ
490 1328 538 1364 τὴν
552 1327 637 1363 ἀκοὴν
652 1328 845 1362 ἀπεριήχητον,

65 1375 104 1400 καὶ
114 1375 267 1410 ἁπλάνητον
286 1375 377 1405 αὐτοῖς
396 1373 564 1408 φυλαχθῆναι
585 1373 633 1407 τὴν
648 1372 718 1406 ὄψιν,
734 1372 779 1397 καὶ
797 1371 846 1406 τὴν

65 1420 147 1454 γεῦσιν
165 1420 255 1455 ἁπλῆν
272 1428 301 1446 τε
324 1419 372 1445 καὶ
401 1419 630 1454 ἀπραγματευτον
648 1418 795 1452 διαμεῖναι,
815 1417 847 1441 ἐκ

893 836 974 855 nemo
996 829 1083 863 major
1108 833 1221 856 exortus
1244 834 1294 856 est.
1311 829 1376 861 Qua:
1399 836 1480 863 porro
1503 829 1535 856 de
1555 829 1596 856 his
1615 829 1683 864 ipsis

894 878 1022 901 narratur
1050 874 1174 905 historia,
1193 875 1243 901 etsi
1272 875 1336 909 qttid
1362 875 1435 900 aliud
1457 875 1585 906 obscure,
1617 874 1682 901 illud

894 924 984 946 tamen
1001 920 1118 946 maxime
1140 919 1253 951 indicat,
1270 919 1414 954 quodvita-
1433 920 1566 946 rationem
1592 919 1682 952 docet,

894 969 934 997 ut,
950 965 996 1000 qui
1011 965 1116 992 scilicet
1133 965 1351 1000 contemplandis
1380 965 1471 996 rebus,
1489 972 1550 999 quae
1573 965 1684 991 minimc

894 1012 945 1038 sub
964 1015 1105 1046 aspectum
1129 1011 1242 1042 cadunt,
1260 1019 1288 1038 se
1303 1011 1388 1041 dedit,
1421 1011 1465 1037 ltic
1494 1012 1528 1038 ab
1559 1011 1685 1037 humana:

895 1056 957 1082 vita:
972 1055 1170 1082 consuetudine
1178 1056 1283 1082 atii-nus
1299 1055 1354 1084 tiat,
1366 1063 1399 1080 ne
1411 1054 1567 1088 huiusmodi
1582 1054 1685 1080 fraudi-

895 1101 958 1131 bus.
977 1109 1037 1136 quae
1051 1102 1177 1129 sensibus
1195 1101 1399 1135 (ottcipittntur,
1419 1101 1554 1133 addictus,
1576 1104 1685 1134 pertur—

895 1147 1007 1174 batione
1027 1152 1109 1182 atque
1124 1147 1223 1175 utentis
1234 1155 1329 1174 errore
1343 1148 1369 1174 iu
1384 1147 1456 1175 illius
1472 1147 1686 1181 jttdicioaﬂieia-

897 1197 950 1225 tur,
968 1194 1040 1227 quod
1056 1200 1084 1220 re
1100 1199 1164 1220 vera
1184 1192 1284 1219 bonum
1309 1198 1360 1219 est.
1395 1191 1427 1218 Hi
1443 1192 1523 1219 ambo
1549 1193 1583 1219 ab
1595 1192 1684 1219 adole-

897 1240 1001 1265 scentia
1021 1246 1082 1266 sese
1098 1238 1188 1265 statim
1208 1238 1241 1264 ab
1260 1238 1385 1264 huntante
1402 1238 1463 1265 vita:
1485 1238 1615 1265 societate
1643 1246 1685 1264 re-

897 1288 1059 1311 moverunt:
1091 1292 1153 1311 cum
1180 1284 1253 1310 ettittt
1284 1285 1412 1318 potionis,
1442 1289 1524 1319 atque
1551 1284 1616 1314 eihi,
1640 1284 1688 1318 qui

897 1330 1003 1357 caeteris
1012 1330 1043 1357 ad
1056 1330 1116 1357 vita:
1123 1330 1352 1357 sustentationem
1372 1334 1415 1356 est
1426 1329 1516 1362 dattts,
1533 1330 1687 1364 despicien-

898 1375 946 1406 tia,
962 1380 1019 1402 tum
1041 1376 1106 1407 vita,
1125 1384 1205 1409 quam
1219 1376 1244 1401 in
1261 1376 1410 1402 solitudine
1422 1380 1547 1410 egerunt,
1561 1383 1590 1402 se
1609 1375 1688 1410 quasi

899 1428 914 1447 a
933 1425 1036 1447 natum
1051 1421 1207 1448 alienarunt
1227 1421 1363 1450 instituto.
1385 1425 1414 1447 ttt
1437 1424 1464 1448 et
1485 1428 1566 1448 aures
1583 1428 1598 1447 a
1619 1425 1689 1448 stre-

64 1465 103 1492 τοῦ
121 1466 318 1502 προστυχόντος
326 1465 469 1500 ἑκατέροις
481 1463 670 1499 πληρουμένης
678 1463 728 1497 τῆς
742 1462 845 1497 χρείας.

900 1466 958 1501 pitu
986 1471 1012 1493 et
1033 1467 1129 1493 oculos
1164 1467 1198 1493 ab
1219 1474 1312 1494 errore
1338 1470 1491 1498 tuerentur,
1516 1471 1543 1493 et
1577 1470 1688 1501 gustatu

71 1511 196 1538 Ἐντεῦθεν
223 1512 266 1542 εἰς
293 1509 392 1545 πολλὴν
413 1509 504 1536 εὐδίαν
526 1509 573 1535 καὶ
593 1508 712 1543 γαλήνην
730 1507 783 1534 ἀπὺ
794 1506 847 1533 τῶν

66 1556 153 1589 ἔξωθεν
168 1556 294 1592 θορύϐων
313 1556 492 1590 κατέστησαν,
515 1555 562 1581 καὶ
579 1554 623 1581 διὰ
643 1553 722 1580 τοῦτο
738 1554 778 1584 εἰς
803 1561 846 1579 το-

67 1603 150 1629 σοῦτον
177 1602 294 1638 μέγεθος
322 1602 377 1629 τῶν
392 1601 470 1628 θείων
484 1600 660 1636 χαρισμάτων
680 1599 848 1634 ἐπήρθησαν,

66 1648 119 1675 ὅσον
136 1649 197 1684 περ).
209 1649 345 1683 ἑκατέρου
356 1648 458 1674 τούτων
470 1646 632 1682 μνημονεύει
641 1645 748 1679 ὁλόγος.
758 1644 850 1675 Ἠλίας

70 1695 110 1729 μὲν
121 1695 171 1729 γὰρ
194 1695 323 1730 καθάπερ
349 1694 448 1729 ταμίας
466 1702 508 1724 τις
523 1692 576 1719 τῶν
596 1691 642 1718 τοῦ
659 1691 726 1718 Θεοῦ
742 1690 850 1725 δωρεῶν

68 1740 204 1772 καταστὰς,
221 1741 272 1772 τὰς
288 1741 320 1767 ὲκ
342 1740 388 1766 τοῦ
406 1738 520 1774 οὐρανοῦ
534 1738 627 1774 χρείας
653 1738 712 1764 κατ’
727 1737 849 1770 ἐξουσίαν

69 1787 110 1812 καὶ
122 1786 274 1813 ἀποκλείειν
303 1788 359 1817 τοῖς
389 1785 586 1821 ἁμαρτάνουσι,
610 1785 657 1811 καὶ
671 1783 773 1810 ἀνιέναι
795 1784 851 1814 τοῖς

71 1831 216 1865 μετανοοῦσι
235 1832 330 1867 κύριος
349 1829 392 1866 ἦν,
412 1831 463 1857 Τὸν
473 1830 502 1857 δὲ
517 1829 644 1864 Ἰωάννην
655 1828 774 1855 τοιοῦτον
789 1827 851 1862 μὲν-

69 1885 106 1903 τοι
128 1877 362 1912 θαυματοποιῆσαι
385 1877 461 1903 οὐδέν
491 1884 570 1910 φησιν
595 1876 611 1910 ἡ
632 1875 691 1901 θεία
716 1873 848 1909 Ἱστορία-

71 1923 251 1958 περισσότερον
270 1923 299 1949 δὲ
315 1923 331 1955 ἢ
348 1922 417 1949 κατὰ
435 1922 523 1948 πάντα
539 1921 681 1956 προφήτην
695 1920 725 1946 τὸ
738 1921 766 1946 ὲν
776 1919 851 1955 αὐτῷ

71 1967 182 2002 χάρισμα
209 1967 288 2002 παρὰ
310 1967 355 1994 τοῦ
372 1967 406 1994 τὰ
427 1966 535 2002 κρυπτὰ
552 1966 693 2000 βλέποντος
710 1964 850 1999 μεμαρτύ-

73 2020 152 2047 ρηται·
164 2013 233 2047 τάχα
246 2013 287 2039 ὅτι
303 2012 425 2047 καθαράν
444 2020 473 2038 τε
487 2011 532 2038 καὶ¹
546 2010 635 2045 ἀμιγῆ
650 2010 740 2045 πάσης
757 2009 852 2043 ὑλικῆς

71 2058 250 2092 προσπαθείας
275 2057 324 2092 τὴν
342 2056 444 2083 ἑαυτῶν
473 2055 618 2090 ἐπιθυμίαν
640 2055 685 2080 ἀπ’
709 2053 796 2089 ἀρχῆς
812 2054 853 2084 εἰς

72 2101 139 2134 τέλος
153 2102 191 2138 τῷ
201 2102 298 2138 Κυρίῳ
315 2101 460 2136 ἀνέθηκαν,
477 2100 538 2127 οὔτε
554 2101 593 2131 εὶς
609 2100 710 2126 τέκνων
723 2098 850 2133 στοργὴν,

899 1511 1015 1546 simplici
1028 1517 1138 1543 essent,
1152 1516 1178 1538 et
1194 1512 1227 1538 ad
1243 1512 1344 1538 nullam
1361 1519 1416 1538 rem
1436 1515 1543 1546 parato.
1557 1511 1686 1538 nimirum

900 1564 962 1583 cum
982 1557 1172 1583 necessitatem
1189 1558 1277 1583 virtus
1299 1565 1330 1583 ex
1354 1556 1497 1590 quibusvis
1515 1557 1607 1587 rebus,
1629 1564 1690 1591 qua:

900 1601 1009 1635 utrique
1035 1601 1142 1628 obviam
1175 1602 1280 1633 tierent,
1315 1609 1381 1628 sane
1408 1602 1559 1636 explerent.
1581 1602 1690 1634 Quam-

899 1648 992 1674 ohrent
1004 1648 1037 1674 alt
1048 1647 1170 1674 externis
1186 1647 1441 1681 perturbationibus
1452 1648 1561 1678 remoti,
1576 1648 1603 1674 itt
1615 1655 1690 1675 sum-

902 1701 943 1720 tna
958 1693 1020 1720 vitae
1035 1693 1234 1727 tranquillitate
1246 1697 1328 1728 atque
1343 1694 1400 1720 otio
1415 1701 1475 1720 sese
1489 1694 1690 1721 constituerunt

901 1739 1017 1774 ittdeqtte
1033 1739 1066 1766 ad
1080 1743 1184 1766 tantam
1195 1739 1349 1766 divittortttn
1362 1747 1505 1766 tnunerutn
1518 1739 1689 1766 altitudinem

904 1786 969 1812 elati
986 1789 1064 1816 Sunt,
1081 1790 1212 1820 quantatn
1228 1785 1284 1812 haec
1300 1785 1333 1812 de
1362 1789 1479 1819 utroque
1495 1781 1691 1812 commemorat

901 1831 999 1858 oratio.
1015 1831 1090 1858 Elias
1116 1831 1189 1858 enim
1208 1831 1288 1865 quasi
1321 1831 1368 1858 Dei
1400 1838 1544 1858 ntutterttm
1571 1835 1691 1865 quaestor

903 1877 1015 1912 aliquis,
1032 1885 1094 1904 cum
1128 1885 1159 1904 ex
1179 1881 1312 1911 potestate
1329 1877 1446 1911 quadam
1479 1877 1542 1904 coeli
1575 1876 1692 1903 admini-

906 1924 1065 1951 strationem
1079 1923 1199 1954 haberet,
1212 1922 1285 1949 illius
1300 1927 1326 1949 et
1341 1921 1532 1957 peccatoribus
1544 1921 1691 1948 obstrui-n-

902 1969 941 2002 di,
959 1962 986 1997 et
1005 1969 1058 2001 iis,
1083 1969 1129 2003 qui
1147 1967 1336 2003 paenitentiam
1358 1968 1462 2002 agendo
1486 1967 1690 2001 resipiscerent.

903 2014 1042 2049 aperiendi
1073 2019 1234 2049 potestatem
1263 2013 1367 2040 habuit.
1385 2013 1518 2040 Joannem
1546 2020 1609 2039 vero
1636 2013 1691 2039 tale

902 2060 1005 2095 aliquid
1027 2060 1188 2086 miraculum
1218 2059 1329 2089 fecisse,
1350 2059 1419 2085 nihil
1448 2058 1547 2085 divinis
1572 2062 1614 2085 est
1636 2058 1692 2084 Lit-

905 2106 972 2133 teris
989 2105 1143 2140 proditum:
1171 2109 1197 2131 at
1215 2104 1248 2136 is,
1266 2105 1312 2139 qtti
1336 2112 1379 2131 res
1406 2104 1528 2130 occultas
1549 2103 1690 2138 perspicit,

71 2146 125 2173 οὔτε
134 2149 172 2179 είς
186 2147 316 2182 γυναικὸς
331 2147 468 2182 φροντίδα,
481 2145 541 2172 οὔτε
559 2146 599 2177 εἰς
612 2145 675 2172 ἄλλο
691 2153 717 2170 τι
733 2144 787 2170 τῶν
805 2144 847 2170 ἀν·

906 2138 1034 2179 testatunt
1051 2150 1172 2184 reliquit,
1190 2138 1281 2184 majus
1297 2150 1333 2176 illi
1351 2157 1452 2176 munus
1464 2157 1526 2176 esse
1546 2149 1690 2180 tributttm,

73 2192 205 2228 θρωπίνων
219 2193 435 2228 ἀσχολήσαντες”
452 2192 478 2217 οἵ
489 2199 521 2225 γε
539 2191 605 2226 μηδὲ
617 2191 665 2225 τῆς
677 2189 851 2224 καθ’ὴμέραν

73 2238 212 2272 ἀναγκαίας
237 2239 340 2274 τροφῆς
355 2238 470 2274 πρέπειν
490 2238 595 2268 ἑαυτοῖς
614 2236 790 2267 ὑπολαὸόντες
803 2235 851 2270 τὴν

76 2285 209 2320 μέριμναν,
224 2285 275 2316 τῆς
290 2292 320 2310 τε
332 2284 386 2310 τῶν
409 2283 563 2318 ἐνδυμάτων
585 2281 747 2318 σεμνότητος
763 2281 853 2317 κρείτ-

73 2338 128 2362 τους
146 2331 343 2366 ὲπιδειχθέντες
352 2351 359 2363 ,
375 2331 407 2356 ἐκ
424 2329 478 2356 τῶν
492 2329 672 2364 ἐπιτυχόντων
686 2329 791 2360 ἑαυτοῖς
803 2328 853 2359 τὰς

75 2375 159 2409 χρείας
182 2376 385 2411 ἀπεσχεδίαζον,
411 2376 425 2401 ὁ
449 2375 498 2410 μὲν
516 2375 645 2409 δέρμασιν
661 2373 782 2408 αἰγείοις,
798 2374 812 2399 ὁ
825 2373 853 2399 δὲ

75 2421 187 2456 καμήλου
215 2421 288 2457 θριξὶ
318 2420 520 2456 σκεπαζόμενος
533 2429 539 2435 ·
554 2421 604 2446 οὐκ
624 2420 656 2447 ἂν
674 2421 713 2451 είς
725 2421 811 2446 ἐκεῖνο
824 2419 854 2445 τὸ

77 2467 189 2501 μέγεθος,
205 2467 243 2499 ὡς
258 2465 346 2502 οἶμαι,
374 2467 536 2502 φθάσαντες,
556 2467 580 2492 εἰ
596 2468 655 2498 ταῖς
667 2466 714 2492 τοῦ
729 2465 853 2500 σώματος

76 2511 244 2547 ἡδυπαθείαις
261 2513 314 2539 ὑπὸ
327 2513 373 2540 τοῦ
384 2513 473 2548 γάμου
486 2512 740 2548 κατεμαλάχθησαν.
760 2511 853 2538 Ταῦτα

76 2557 100 2583 δὲ
109 2558 153 2593 οὺχ
169 2558 271 2591 ἁπλῶς,
290 2558 368 2589 ἀλλὰ,
382 2558 473 2589 καθώς
488 2566 570 2593 φησιν
591 2558 605 2583 6
629 2557 797 2590 Ἀπόστολος,
814 2558 853 2588 εὶς

77 2604 206 2631 νουθεσίαν
221 2604 301 2640 ἡμῶν
317 2604 534 2640 ἀναγέγραπται,
548 2604 591 2630 ἵνα
599 2604 666 2639 πρὸς
681 2604 725 2631 τὸν
742 2603 854 2630 ἐκείνοιν

79 2649 128 2683 βίον
146 2651 191 2677 καὶ
207 2650 253 2678 τὸν
267 2650 371 2677 ἑαυτῶν
393 2650 611 2686 κατευθύνωμεν.
635 2651 655 2676 Τ
659 2651 667 2676 ί
688 2648 734 2676 οὖν
750 2650 781 2676 ὲκ
794 2649 855 2675 τού-

77 2702 124 2720 των
137 2696 322 2730 μανθάνομεν;
340 2695 377 2721 Τὺ
398 2695 458 2721 καθ’
477 2694 622 2730 ὁμοιότητα
639 2695 692 2721 τῶν
708 2695 792 2729 ἁγίων
805 2696 853 2721 ὰν-

78 2739 150 2775 δῷν,
167 2741 260 2776 μηδενὶ
283 2741 337 2767 τῶν
361 2741 492 2776 βιωτικῶν
514 2741 683 2777 πραγμάτων
702 2747 854 2776 προσασχο-

79 2783 127 2812 λεῐν
143 2787 189 2822 τὴν
202 2786 320 2813 διάνοιαν
335 2787 379 2812 τὴν
396 2786 580 2822 ἐπιθυμοῦντα
595 2787 633 2822 τῷ
645 2787 703 2822 Θεῷ
719 2787 855 2823 συναφθῇ-

903 2204 985 2232 quam
1006 2196 1114 2223 caeteris
1126 2195 1253 2223 onmibus
1271 2195 1420 2230 prophetis.
1437 2194 1499 2222 Haec
1514 2194 1632 2222 fortasse
1649 2194 1693 2221 his

903 2242 1011 2270 duobtts
1042 2242 1227 2278 contigerunt,
1256 2242 1386 2276 quoniam
1412 2249 1519 2275 pttram,
1548 2240 1692 2275 omnisque

904 2288 1054 2316 materialis
1069 2292 1207 2320 expertem
1224 2286 1378 2314 affectionis
1396 2294 1473 2314 suam
1496 2287 1523 2313 in
1537 2286 1593 2313 Deo
1616 2286 1693 2320 cupi-

904 2334 1016 2361 ditatem
1047 2336 1210 2368 posuerunt,
1238 2340 1327 2367 neque
1355 2333 1502 2359 liberorum
1539 2333 1691 2364 amoribus,

904 2387 993 2414 neque
1020 2379 1167 2412 eonjugunt
1186 2377 1269 2409 curis,
1295 2385 1383 2411 neque
1399 2377 1504 2404 caeteris
1522 2377 1583 2404 ullis
1610 2376 1693 2404 rebus

905 2423 1034 2450 humanis
1048 2423 1155 2454 intenti.
1170 2430 1203 2449 ne
1223 2421 1375 2456 quotidiani
1399 2422 1519 2456 quidem,
1540 2429 1572 2448 ac
1597 2429 1694 2448 neces-

905 2469 969 2497 sarii
997 2469 1086 2496 victus
1107 2475 1200 2495 curant
1217 2467 1251 2494 ad
1283 2475 1313 2495 se
1341 2468 1478 2502 pertinere
1505 2470 1690 2494 consuerunt:

905 2514 1078 2548 vestiumque
1092 2513 1158 2540 luxu
1174 2512 1294 2547 altjeeto,
1310 2520 1342 2540 ex
1360 2512 1394 2539 iis
1409 2519 1471 2546 quae
1493 2511 1687 2543 offerebantur,

904 2559 986 2586 facile
995 2558 1047 2586 sibi
1065 2557 1220 2586 necessaria
1234 2557 1383 2592 parabant:
1399 2564 1472 2584 unus
1483 2556 1556 2584 enim
1580 2555 1690 2590 quidem

905 2605 1026 2640 caprinis
1043 2604 1172 2640 pellibus,
1198 2604 1267 2630 alter
1282 2603 1344 2638 pilis
1364 2602 1459 2630 canteli
1483 2602 1598 2628 amictus
1611 2603 1688 2626 erat:

906 2659 994 2686 neque
1008 2650 1142 2685 profecto,
1159 2655 1188 2676 ut
1203 2649 1332 2680 arbitror,
1345 2648 1379 2675 ad
1398 2656 1457 2676 eaut
1475 2646 1690 2681 magnitudinem

906 2696 1105 2732 pervenissent,
1121 2695 1143 2722 si
1160 2695 1259 2729 nuptiaa
1274 2702 1322 2721 eos
1345 2694 1469 2729 corporis
1484 2691 1690 2719 oblectamentis

907 2741 1037 2769 delinitos
1055 2740 1248 2768 mollivissettt.
1269 2739 1332 2766 lla-c
1356 2746 1440 2774 porro
1451 2745 1504 2764 non
1523 2737 1582 2764 sine
1593 2741 1688 2766 causa,

908 2787 966 2818 sel,
987 2790 1017 2813 ut
1043 2790 1086 2814 est
1115 2785 1186 2820 apud
1208 2785 1381 2820 Apostolum,
1412 2784 1444 2811 ad
1473 2788 1594 2811 nostram
1620 2788 1688 2808 Sane
