1922 3078
203 103 252 131 831

820 101 848 128 8.
879 100 1043 129 GREGORII
1071 100 1218 129 NYSSENI

1789 99 1837 127 $52

200 161 353 190 doctrinam
369 163 473 196 scripta
486 163 563 191 sunt.
576 166 674 195 nempe
692 162 722 186 ut
738 158 771 186 ad
791 159 903 186 illorum
925 159 989 187 vita:

1055 167 1099 186 αι·
1118 159 1177 186 οὐδὲ
1187 159 1242 194 γάρ
1254 159 1311 184 ἐστι
1332 158 1442 184 δυνατὸν
1453 159 1498 185 τὸν
1512 159 1552 190 εἰς
1576 159 1663 186 πολλοὶ·
1675 158 1710 193 τῇ
1737 158 1839 193 διανοίᾳ

201 208 355 235 institutum
385 215 435 235 nos
464 206 530 233 item
558 206 641 232 vitam
669 210 794 233 nostram
821 205 987 239 dirigamus.

201 252 272 288 Ergo
285 253 351 288 quid
368 260 401 280 ex
418 252 461 279 his
473 252 629 279 documenti
653 251 840 287 percipimus?
855 251 883 278 Id
911 258 987 282 sane.

202 304 242 329 ut.
258 299 400 334 proposito
412 302 573 326 sanctormn
595 298 715 324 virorum
745 297 884 332 exemplo,
919 297 952 324 iis
977 298 1060 324 rebus
1094 304 1155 331 quae
1183 296 1216 323 ad
1246 296 1318 323 hanc
1348 296 1430 322 vitam
1460 296 1610 330 pertinent,

1041 205 1225 240 διαχεόμενον,
1254 204 1319 240 πρὸς
1338 203 1405 231 Θεοῦ
1432 205 1596 240 κατανόησιν
1619 205 1667 232 καὶ
1691 204 1840 239 ὲτειυυμίαν

1043 251 1240 286 εὐθυπορῆσαι.

1653 303 1778 323 all-IIII]!!!
1807 303 1841 323 ne

203 346 315 380 adjiciat
329 346 352 373 is
370 345 418 380 qui
436 353 466 372 se
491 352 553 371 cum
584 343 639 371 Deo
656 344 781 378 junctum
803 351 866 370 esse
882 343 991 370 studet:
1014 343 1072 370 ﬁeri
1088 342 1161 370 enim
1182 350 1236 369 non
1258 345 1357 376 potest,
1374 345 1405 368 ut
1439 344 1520 376 cujus
1542 342 1653 369 animus
1689 342 1840 368 multarum

206 402 298 422 rerum
312 393 387 421 curis
400 393 574 423 distrahitur,
591 392 615 418 is
625 392 651 418 in
664 391 711 418 Dei
721 391 994 426 contemplationem,
1013 389 1247 425 cupiditatemque
1264 389 1344 424 plane
1359 393 1435 417 totus
1451 389 1604 417 incumbat.

501 458 616 487 CAPUT
633 458 690 486 Vll.

208 516 261 549 Qui
281 515 372 542 multis
396 523 483 541 rerum
511 515 582 540 ruris
595 514 747 546 distinetur,
764 514 823 548 fieri
841 520 893 540 non
910 517 995 547 potest

410 555 439 576 ut
451 550 492 576 hic
506 550 596 576 animo
607 550 641 576 sit
657 549 783 583 perfecto.

244 606 307 632 Mihi
324 613 390 632 sane
418 605 535 635 videtur.
555 606 627 640 quod
644 605 678 633 de
703 605 746 632 his
761 609 927 639 prmceptum
944 607 996 636 est,

209 653 335 687 eveiuplo
364 652 499 680 illustrius
533 652 590 679 ﬁeri
623 659 715 687 posse.
752 651 890 678 Ponamus
915 651 998 685 igitur

209 705 318 732 aquarii,
332 705 416 732 quaaa
430 698 505 726 fonte
514 699 606 732 aliquo
617 701 719 728 manat.
731 705 757 723 in
772 697 894 724 diversas
903 695 999 723 ﬂuxio-

210 751 270 776 nes,
285 751 316 771 ac
326 744 411 775 rivos,
426 750 455 770 ut
472 744 510 776 liI,
523 744 641 779 dispergi
661 748 745 778 atque
756 743 896 778 dissipari.
908 742 1000 775 Quan-

212 789 259 816 diu
278 790 402 816 certeita
421 789 519 820 fertur,
533 789 568 816 ad
586 789 675 817 nullas
695 796 742 816 eas
762 795 817 819 res.
841 795 903 822 qua:
928 787 1000 822 agri-

1340 458 1468 486 ΚΕΦΔΛ.
1495 458 1533 487 Ζ’.

1045 518 1106 545 Ὅτι
1120 517 1173 544 τὸν
1187 518 1230 550 εις
1245 517 1344 544 πολλὰ
1359 517 1550 551 μεριζόμενον
1573 516 1767 551 τελειωθῆναι
1784 517 1842 551 τὴν

1302 554 1366 586 ψυχ
1371 552 1408 586 ὴν
1420 552 1578 580 ἀδύνατον.

1083 609 1162 635 Δοκεῖ
1183 608 1212 635 δέ
1245 617 1290 642 μοι
1316 608 1350 635 δι’
1373 608 1571 643 ὑποδείγματος
1590 609 1789 644 ἐναργέστερον
1808 608 1841 635 ἂν

1047 655 1218 689 παραστῆσαι
1230 654 1260 680 τὸ
1278 654 1453 689 περὶτούτων
1464 654 1563 690 δόγμα.
1585 654 1768 689 ’Υποοώμεθα
1787 655 1840 689 γάρ

1047 707 1073 726 τι
1087 699 1158 735 ὕδωρ
1174 701 1206 727 ἐκ
1218 700 1309 736 πηγῆς
1323 700 1516 735 προχεόμενον,
1537 701 1577 731 είς
1592 700 1740 736 διαφόρους
1755 700 1841 735 ἁπορι

1050 745 1114 780 ῥοὰς
1129 745 1199 772 κατὰ
1224 745 1253 772 τὸ
1271 745 1377 779 συμϐὰν
1392 745 1587 779 διασχίξεσοαι.
1614 745 1720 771 Οὐκοῦν
1739 745 1792 776 ἕως
1809 744 1841 770 ἂν

1049 791 1120 817 οὕτω
1136 791 1263 826 φέρηται,
1277 792 1316 822 εἰς
1331 790 1407 816 οὐδὲν
1421 790 1474 816 τῶν
1486 791 1552 826 πρὸς
1565 791 1615 826 τὴν
1629 791 1767 826 γεωργίαν
1778 799 1843 825 χρη-

211 836 326 863 culturaa
341 836 497 870 expediant,
519 837 572 863 erit
593 835 815 868 accommodata;
844 842 907 861 cum
927 835 1000 862 illius

1055 836 1137 871 τίμων
1157 835 1308 871 ἐπιτήδειον
1322 835 1408 868 ἔσται,
1422 838 1469 870 τῆς
1479 837 1517 868 εἰς
1531 837 1615 863 πολλὰ
1627 837 1777 872 διαχύσεως
1789 839 1844 864 ὀλί-

213 890 290 916 τιιιυαε
305 883 332 909 iu
349 883 449 910 multas
471 887 562 917 partes
578 883 724 917 dissipatio
747 882 876 917 exiguum
893 882 919 909 id
941 882 998 909 cili-

211 927 276 958 ciat,
290 927 361 961 quod
382 927 408 953 in
427 927 543 961 singulis
570 927 695 962 partibus
714 931 796 954 tenue
818 930 873 959 est,
898 927 999 961 vixque

213 979 267 1006 prie
285 972 416 999 tenuitate
431 978 573 999 movetur:
593 973 635 1001 sin
647 977 737 1000 autem
753 973 815 1007 quis
829 981 925 1000 omnes
938 974 999 1007 ejus

211 1018 351 1051 dispersos
366 1018 440 1045 rivos
458 1018 580 1053 colligat.
599 1018 706 1053 quodve
719 1019 822 1053 passim
835 1019 998 1054 dissipatum

213 1067 267 1094 est,
289 1063 316 1090 in
347 1071 431 1090 unum
448 1064 555 1090 alveum
575 1064 733 1097 concludat,
765 1065 798 1092 ad
819 1065 920 1092 multas
937 1065 1000 1091 vitze

213 1108 433 1140 commoditates,
451 1113 476 1136 et
491 1117 537 1136 eas
554 1110 665 1144 quidem
681 1111 854 1138 necessarias
874 1111 1000 1138 uberiore

215 1157 338 1180 uteretur
353 1161 434 1189 aqua,
453 1163 514 1189 qua:
541 1155 568 1181 in
594 1163 678 1182 unum
696 1156 732 1183 sit
749 1156 836 1182 locum
866 1155 1000 1183 derivata.

214 1198 252 1225 Ita
272 1199 412 1226 hominum
429 1208 516 1232 mens,
533 1202 554 1227 si
589 1202 690 1235 passim
722 1202 893 1234 ditIunditur,
913 1210 1001 1236 eoque

213 1244 396 1278 potissimum,
415 1253 469 1280 quo
487 1254 617 1273 sensuum
643 1247 780 1275 illecebris
794 1249 910 1282 rapitur,
939 1256 1001 1283 pcr-

214 1295 297 1325 pctuo
316 1290 415 1317 difﬂuit
441 1299 473 1318 ac
500 1292 661 1327 dissipatur,
690 1294 792 1320 nullam
823 1294 901 1329 plane
933 1294 999 1320 mihi

214 1343 339 1371 magnam
354 1337 407 1363 vim
423 1336 523 1364 habere
540 1337 646 1364 videtur
667 1337 702 1364 ad
718 1346 780 1365 eum
805 1346 928 1371 cursum,
954 1339 1000 1373 qui

214 1381 247 1411 ad
264 1389 359 1411 verum
375 1382 476 1411 bonum
504 1383 643 1419 pertinet;
679 1383 725 1411 sed
743 1384 765 1411 si
794 1384 916 1419 undique
941 1392 1002 1412 sese

213 1430 366 1464 collegerit.
383 1434 464 1464 atque
488 1439 515 1457 in
539 1439 568 1457 se
584 1430 729 1465 receperit,
747 1434 858 1464 totaque
877 1429 910 1457 ad
927 1438 1000 1463 eam,

212 1483 275 1510 quae
294 1475 345 1504 sibi
372 1476 482 1510 propria
510 1481 562 1508 est,
587 1483 618 1503 ac
635 1476 769 1503 naturalis
787 1476 908 1503 numeris
940 1476 1001 1502 fun-

1052 891 1099 917 γον
1114 883 1144 909 τὺ
1161 883 1191 909 ὲν
1207 883 1324 918 ἑκάστῳ,
1348 883 1395 909 καὶ
1413 883 1539 918 ἀδρανὲς,
1557 884 1604 909 καὶ
1620 883 1781 918 δυσκίνητον
1792 874 1845 911 ex"

1052 929 1158 960 ἀτονίας
1168 928 1307 964 ποιούσηςσ
1322 929 1346 955 εί
1359 928 1387 955 δέ
1401 937 1442 957 τις
1455 928 1545 960 πάσας
1555 929 1637 955 αὑτοῦ
1650 928 1699 960 τὰς
1709 929 1845 961 avdit-tau;

1052 975 1190 1011 ἀπορροὰς
1208 975 1368 1009 συναγάγοι,
1385 975 1432 1001 καὶ
1449 975 1488 1006 εἰς
1505 975 1533 1001 ἓν
1552 975 1658 1010 ῥεῖθρον
1674 975 1704 1001 τὸ
1720 975 1844 1010 πολλαχῆ

1052 1021 1120 1052 τέως
1135 1021 1334 1055 ἐσκεδασμένον
1346 1020 1508 1056 ἀθροίσειεν,
1524 1022 1564 1053 si;
1579 1021 1661 1048 πολλὰ
1676 1021 1768 1048 ἂντῶν
1781 1022 1844 1056 βιω-

1053 1067 1141 1100 φελῶν
1154 1067 1200 1093 καὶ
1225 1067 1368 1102 χρησίμων
1391 1066 1480 1102 ἀθρόῳ
1500 1067 1546 1093 καὶ
1576 1068 1787 1102 συντεταγμένῳ
1806 1067 1845 1102 τῷ

1054 1113 1275 1148 ὖδατιχρήσαιτο.
1291 1113 1368 1139 Οὕτω
1389 1122 1433 1148 μοι
1447 1114 1520 1140 δοκεῖ
1546 1114 1592 1139 καὶ
1607 1114 1620 1140 ό
1635 1113 1698 1144 νοῦς
1712 1114 1726 1139 ό
1744 1113 1847 1148 ἀνθρὼ-

1054 1167 1140 1190 πινος,
1161 1160 1185 1185 εί
1212 1160 1261 1194 μὲν
1284 1159 1420 1194 πανταχοῦ
1436 1159 1576 1194 διηέοιτο,
1595 1159 1662 1194 πρὸς
1681 1159 1712 1185 τδ
1729 1158 1845 1194 ἀρέσκον

1054 1206 1097 1232 ἀεὶ
1111 1206 1168 1237 τοῖς
1188 1205 1374 1240 αἰσθητηρίοις
1395 1205 1464 1240 ῥέων
1488 1205 1534 1231 καὶ
1560 1204 1782 1239 σκεδαννύμενος,
1799 1214 1846 1239 μη·

1054 1250 1148 1285 δεμίαν
1164 1249 1302 1284 ἀξιόλογον
1321 1250 1434 1285 δύναμιν
1450 1250 1534 1284 ἴσχειν
1551 1250 1619 1285 πρὸς
1637 1250 1685 1284 τὴν
1698 1250 1744 1276 ἐπὶ
1761 1250 1791 1275 τὸ
1803 1250 1845 1275 6v—

1055 1304 1106 1327 τως
1120 1296 1222 1330 ἀγαθὸν
1239 1297 1370 1332 πορείαν·
1393 1297 1416 1322 εἰ
1436 1297 1464 1322 δὲ
1488 1296 1654 1330 πανταχόθεν
1672 1295 1844 1330 ἀνακληθεὶς,

1055 1342 1176 1377 καὶπερὶ
1187 1342 1282 1368 ἑαυτὸν
1294 1342 1456 1377 ἀθροισθεὶς,
1471 1342 1638 1376 συνηγμένος
1648 1342 1695 1367 καὶ
1704 1341 1845 1375 ἀδιαχυτος

1055 1388 1122 1423 πρὸς
1131 1388 1180 1422 τὴν
1194 1389 1297 1414 οἰκείαν
1314 1388 1401 1423 ἐαυτῷ
1413 1389 1458 1414 καὶ
1475 1388 1546 1414 κατὰ
1557 1388 1637 1421 φύσιν
1653 1387 1796 1422 ἐνέργειαν
1806 1396 1847 1413 κι-

1055 1435 1135 1466 νοῖτο,
1148 1434 1223 1460 οὐδὲν
1234 1434 1265 1460 τὸ
1280 1434 1383 1460 κωλύον
1400 1434 1480 1460 αὐτὸν
1490 1434 1565 1460 ἔσται
1581 1433 1647 1466 πρὸς
1659 1433 1692 1459 τὰ
1703 1433 1760 1460 ἄνω
1771 1433 1847 1467 φέρε-

1056 1479 1129 1510 σθαι,
1141 1478 1187 1505 καὶ
1203 1480 1251 1514 τῆς
1266 1478 1391 1514 ἀληθείας
1406 1478 1460 1505 τῶν
1468 1479 1551 1504 ὄντων
1561 1478 1741 1512 ἐφάπτεσθαι.
1756 1477 1847 1503 Καθά-

213 1519 331 1546 ctionem
348 1519 514 1554 impellatur,
526 1520 595 1547 nihil
608 1520 718 1555 quidem
731 1520 926 1555 impedin'iento
939 1521 1001 1553 erit,

1056 1531 1108 1557 περ
1121 1522 1175 1557 γὰρ
1189 1522 1219 1548 τὸ
1240 1523 1502 1558 περιεστεγασμένον
1525 1522 1568 1548 διὰ
1584 1523 1701 1558 σωλῆνος
1716 1522 1788 1557 ὕδωρ
1801 1522 1847 1557 δρ-

213 1567 363 1601 quominus
395 1566 428 1593 ad
459 1566 601 1600 superiora
638 1566 753 1596 feratur.
785 1570 867 1600 atque
896 1574 999 1598 rerum,

213 1620 274 1648 quae
284 1620 347 1640 vere
363 1616 438 1644 sunt,
452 1612 594 1639 veritatem
612 1612 738 1647 attingat.
755 1610 788 1638 Ut
807 1611 879 1638 enim
904 1619 1001 1646 magna

214 1666 292 1693 aqua).
303 1659 346 1686 vis
361 1666 439 1692 aqua:
452 1658 582 1685 ductibus
599 1658 706 1684 obtecta
720 1661 746 1684 et
760 1658 901 1689 conclusa,
919 1665 1000 1692 saepe,

214 1712 276 1733 cum
289 1704 330 1731 vis
358 1704 404 1730 illa
432 1706 569 1736 erumpat,
600 1703 627 1730 in
655 1703 772 1730 sublime
807 1703 904 1735 fertur.
934 1711 1003 1738 quo-

214 1750 289 1778 niam
319 1756 375 1776 non
401 1749 484 1776 habet
513 1755 566 1782 qua
601 1747 780 1780 diffundatur,
820 1747 903 1782 idque
939 1756 1002 1775 cum

216 1799 307 1823 motus
319 1794 379 1828 ejus
394 1794 528 1821 naturalis
550 1794 595 1820 ille
617 1793 663 1826 sit,
694 1797 724 1820 ut
738 1793 866 1820 deorsum
883 1793 1001 1821 feratur:

216 1840 259 1868 sic
273 1840 392 1866 humana
407 1846 484 1866 mens
501 1839 579 1872 quasi
597 1842 715 1873 augusto
729 1839 847 1873 quodam
863 1846 940 1873 aquae
950 1838 1003 1865 du-

217 1892 275 1916 ctu,
291 1892 352 1912 cum
370 1884 492 1919 undique
514 1884 684 1911 continentia
708 1884 767 1918 ipsa
794 1884 1002 1918 comprimatur,

216 1938 305 1966 neque
319 1930 416 1957 habeat
431 1929 503 1956 unde
521 1931 664 1963 erumpat,
687 1928 836 1963 agitatione
851 1929 910 1963 ipsa
925 1934 1004 1956 uatu-

217 1977 268 2004 rali
283 1975 316 2003 ad
330 1982 421 2002 rerum
437 1974 590 2002 caelestium
605 1974 723 2008 quodam
742 1974 822 2001 modo
839 1973 1004 2001 excitabitur

217 2022 425 2057 appetitionem.
443 2020 510 2047 Nam
531 2027 618 2054 neque
633 2019 754 2052 animus,
766 2020 811 2055 qui
825 2021 936 2055 perenni
948 2022 1005 2055 agi-

217 2069 323 2096 tatione
335 2073 471 2098 movetur,
490 2067 644 2094 consistere
660 2070 760 2101 potest.
772 2074 834 2093 cum
850 2067 884 2093 ab
902 2074 945 2098 eo,
957 2067 1004 2100 qui

217 2115 295 2142 illum
319 2113 418 2144 etfacit.
444 2112 600 2147 huiusmodi
631 2117 721 2140 motus
744 2119 870 2140 naturam
891 2114 1005 2140 sortitus

219 2162 255 2188 sit
269 2169 274 2186 :
290 2167 388 2194 neque,
405 2159 428 2186 si
446 2159 617 2194 prohibetur.
635 2159 782 2192 quominus
803 2158 836 2185 ad
852 2167 896 2185 res
911 2158 1005 2186 inanes

1055 1568 1111 1594 οιον
1124 1568 1254 1599 πολλάκις
1270 1568 1320 1594 ὑπὸ
1336 1569 1385 1602 τῆς
1397 1568 1594 1603 hamum-Jan;
1608 1568 1668 1603 βίας
1679 1569 1726 1594 ἐπὶ
1743 1568 1778 1595 τὰ
1794 1569 1848 1595 ἄνω

1055 1614 1178 1648 φέρεται,
1195 1614 1246 1640 οὐκ
1266 1614 1391 1648 ἔχονκδπη
1407 1613 1529 1649 διαχυθῇ,
1552 1615 1599 1640 καὶ
1617 1614 1713 1642 ταῦτα.
1731 1622 1847 1648 καταφε-

1056 1659 1119 1694 ροῦς
1132 1659 1206 1694 αὐτῷ
1219 1659 1269 1694 τῆς
1283 1659 1353 1686 κατὰ
1368 1659 1448 1693 φύσιν
1467 1659 1548 1694 οὔσης
1560 1660 1694 1694 κινήσεως
1705 1668 1711 1673 ³
1720 1658 1793 1685 οὕτω
1803 1666 1848 1686 aut

1054 1704 1068 1730 ὁ
1092 1703 1155 1736 νοῦς
1173 1705 1187 1730 ό
1205 1704 1385 1740 ἀνορώπινος,
1408 1701 1464 1730 οἶόν
1480 1713 1552 1735 τινος
1569 1704 1687 1739 σωλῆνος
1718 1704 1847 1738 στεγαναὲ

1054 1750 1104 1784 τῆς
1116 1750 1277 1784 ἐγκρατείας
1300 1750 1380 1776 αὑτὸν
1396 1750 1584 1784 ἁπανταχόθεν
1602 1750 1847 1785 περισφιγγούσης.

1055 1794 1276 1829 ἀναληφθήσεταί
1301 1803 1359 1826 πως
1376 1794 1428 1820 ὑπὸ
1452 1794 1502 1828 τῆς
1520 1794 1566 1820 τοῦ
1591 1793 1725 1820 κινεῖσθαι
1743 1794 1848 1828 φύσεως

1057 1839 1124 1875 πρὸς
1140 1838 1189 1874 τὴν
1200 1839 1254 1865 τῶν
1265 1839 1437 1873 ὐέιηλοτέρων
1453 1839 1609 1874 ἐπιθυμίαν,
1627 1839 1676 1864 οὐκ
1692 1838 1764 1873 ἔχων
1783 1839 1848 1865 ὅπου

1056 1886 1213 1920 παραρρυῇ.
1224 1885 1292 1911 Uir-.3
1303 1885 1356 1920 γὰρ
1369 1885 1463 1920 στῆναί
1473 1893 1536 1911 ποτε
1545 1885 1654 1911 δυνατόν
1669 1886 1728 1910 ἐστι
1739 1885 1790 1920 τὴν
1797 1885 1851 1911 ἀει-

1057 1931 1166 1965 κίνητον
1181 1930 1234 1956 ὑπὸ
1247 1929 1292 1956 τοῦ
1304 1930 1484 1964 πεποιηκότος
1498 1930 1626 1964 εἰληφότα
1637 1929 1685 1964 τὴν
1697 1930 1790 1963 φύσιν,
1806 1930 1850 1956 καὶ

1058 1976 1097 2006 εἰς
1108 1975 1142 2001 τὰ
1155 1975 1256 2010 μάταια
1268 1974 1385 2010 χρῆσθαι
1400 1976 1432 2009 τῇ
1448 1975 1553 2009 κινήσει
1576 1975 1760 2009 κωλυόμενον,
1776 1975 1849 2009 ἀμή-

1057 2029 1137 2056 χανον
1159 2021 1195 2056 μὴ
1227 2021 1293 2056 πρὸς
1308 2021 1356 2056 τὴν
1379 2021 1508 2055 ἀλήθειαν
1521 2021 1629 2051 πάντως
1650 2020 1848 2055 εὐθυπορῆσαι.

1058 2065 1097 2100 τῷ
1127 2065 1294 2100 πανταχόθεν
1317 2065 1371 2092 ἀπὸ
1390 2065 1444 2091 τῶν
1460 2065 1568 2092 ἀτόπων
1588 2065 1784 2099 ἀπείργεσθαισ
1804 2066 1850 2092 καὶ

1058 2112 1112 2146 γαρ
1126 2111 1154 2136 ἐν
1165 2112 1223 2142 ταῖς
1239 2110 1389 2142 πολυοδίαις
1403 2110 1474 2136 οὕτω
1491 2111 1605 2145 μάλιστα
1616 2110 1678 2141 τοὺς
1693 2111 1849 2145 ὁδοιπόρους

1059 2157 1166 2191 ὁρῶμεν
1181 2156 1230 2191 τῆς
1245 2156 1351 2187 εὐθείας
1374 2157 1423 2192 οὐχ
1440 2157 1655 2192 ἁμαρτάνοντας,
1680 2157 1746 2182 ὅταν
1760 2155 1809 2191 τὴν
1823 2157 1850 2182 ἐν

218 2215 252 2241 eo
266 2209 341 2233 motu
356 2210 461 2237 utatur,
477 2205 591 2232 dubium
607 2209 659 2237 est,
680 2206 746 2239 quin
763 2213 826 2232 cum
845 2205 966 2240 undique
992 2213 1001 2231 ε

1060 2204 1119 2234 ταῖς
1138 2202 1231 2233 ἄλλαις
1244 2202 1313 2234 ὁδοῖς
1332 2202 1435 2237 πλάνην
1463 2203 1658 2237 προμαθόντες,
1676 2202 1848 2228 ἐκκλίνωσιν.

219 2254 301 2281 rebus
341 2251 470 2279 absurdis
500 2251 659 2285 repellatur,
689 2250 723 2277 ad
754 2250 897 2277 veritatem
931 2255 1006 2277 recta

220 2299 333 2325 omnino
347 2297 512 2324 contendat:
529 2296 556 2322 in
574 2296 669 2323 multis
685 2296 757 2322 enim
783 2295 930 2322 itineribus
948 2296 1007 2322 via-

221 2348 295 2371 tores
310 2343 428 2369 maxime
443 2341 565 2368 videmus
582 2345 655 2367 recta
669 2340 711 2366 via
728 2348 780 2367 non
795 2340 933 2372 aberrare,
944 2347 1007 2366 cum

221 2390 388 2424 reliquorum
402 2389 529 2415 itinerum
546 2395 640 2415 errore
668 2391 732 2414 ante
756 2387 881 2414 instructi
896 2386 1008 2414 omnino

218 2439 344 2466 caveant,
366 2442 401 2462 ne
415 2434 553 2465 aberrent,
573 2433 654 2461 veluti
672 2433 708 2464 is,
724 2432 770 2468 qui
792 2432 818 2459 in
845 2432 944 2459 itinere
966 2431 1007 2457 ia-

219 2480 318 2508 ciendo
328 2487 391 2507 cum
418 2487 448 2507 se
461 2479 496 2506 ab
513 2479 637 2512 incertis,
656 2478 877 2512 transversisque
901 2477 1006 2504 semitis

221 2526 376 2558 abduxerit,
390 2525 477 2561 magis
493 2525 521 2552 in
539 2529 613 2552 recta
637 2533 667 2552 se
690 2525 732 2551 via
748 2523 941 2550 conservabit:
969 2522 1006 2549 ita

221 2573 330 2601 animus
344 2576 437 2600 noster
454 2579 469 2598 a
483 2572 567 2600 rebus
583 2571 712 2598 inanibus
726 2577 849 2600 aversus,
873 2569 900 2595 in
925 2568 1008 2595 rebus

221 2625 283 2652 qua:
297 2620 371 2650 sunt,
384 2617 527 2644 veritatem
542 2616 623 2651 plane
633 2619 771 2651 agnoscet.
786 2613 878 2648 Itaque
889 2613 922 2639 de
933 2620 1007 2639 sum-

1063 2248 1106 2279 Ὠς
1121 2249 1135 2274 ὁ
1149 2247 1202 2274 τῶν
1221 2247 1435 2282 πεπλανημένων
1455 2247 1556 2283 τρίϐων
1570 2248 1599 2273 ἐν
1612 2247 1651 2281 τῷ
1670 2246 1775 2273 ὁδεύειν
1792 2248 1851 2273 ἀνα-

1058 2294 1196 2328 χωρήσας,
1210 2293 1255 2318 ὲπὶ
1271 2293 1320 2327 τῆς
1345 2292 1452 2323 εὐθείας
1482 2293 1582 2327 μᾶλλον
1606 2292 1701 2318 ἑαυτὸν
1716 2293 1848 2326 φυλάξειε

1058 2339 1144 2369 οὕτως
1169 2337 1247 2372 ὴμῶν
1261 2339 1277 2372 ἡ
1295 2338 1397 2364 διάνοια
1413 2339 1449 2373 τῇ
1467 2339 1626 2373 ἀποστροφῇ
1645 2337 1700 2364 τῶν
1728 2339 1849 2373 ματαίων

1058 2385 1108 2420 τὴν
1123 2386 1150 2410 ἐν
1165 2386 1218 2415 τοῖς
1233 2382 1307 2410 οὖσιν
1324 2384 1453 2419 ἀλήθειαν
1467 2383 1658 2418 ἐπιγνώσεται.
1681 2384 1793 2411 Ἔοικεν
1807 2383 1851 2410 οὖν

1059 2430 1144 2456 ταῦτα
1163 2429 1300 2455 παιδεύειν
1316 2430 1387 2463 ἡμᾶς
1408 2431 1440 2465 τῇ
1456 2431 1548 2465 μνήμῃ
1571 2429 1626 2455 τῶν
1638 2429 1766 2464 μεγάλων
1787 2437 1850 2463 προ-

1060 2475 1152 2509 φητῶν
1167 2475 1288 2506 ἐκείνων,
1300 2474 1330 2500 τὸ
1348 2475 1442 2509 μηδενὶ
1455 2475 1507 2501 τῶν
1521 2476 1549 2501 ἐν
1569 2474 1608 2509 τῷ
1622 2474 1717 2509 κόσμῳ
1736 2474 1850 2500 σπονδα-

1060 2521 1180 2555 ζομένων
1203 2521 1403 2556 ὲμπλέκεσθαι·
1424 2521 1453 2547 ἓν
1475 2521 1504 2547 δὲ
1527 2521 1582 2547 τῶν
1598 2521 1850 2555 σπουδαζομένων-ιο

1060 2567 1147 2601 γάμος
1160 2567 1232 2593 ἐστίν
1246 2575 1252 2582 ·
1275 2567 1373 2602 μᾶλλον
1388 2567 1417 2594 δὲ
1431 2566 1502 2602 ἁρχὴ
1520 2566 1566 2593 καὶ
1587 2566 1649 2601 ῥίζα
1664 2565 1715 2600 τῆς
1727 2565 1784 2592 τῶν
1801 2574 1850 2600 μα-

1060 2612 1142 2638 ταίων
1157 2612 1286 2646 σπουδῆς.

223 2663 275 2690 mis
289 2663 343 2690 illis
357 2662 497 2698 prophetis
513 2661 738 2689 commemoratio
752 2667 802 2687 nos
827 2659 861 2686 ad
874 2659 926 2686 hoc
939 2658 1048 2685 erudire
1061 2658 1178 2689 videtur,
1195 2663 1224 2685 nt
1259 2658 1293 2686 iis
1325 2659 1419 2690 rebus.
1445 2666 1508 2694 qua:
1543 2658 1570 2686 in
1601 2658 1652 2686 har.
1678 2657 1735 2684 vita
1769 2663 1847 2690 expc.

221 2713 327 2742 tuntur,
340 2717 375 2736 ne
388 2709 575 2744 implicentur:
600 2708 627 2736 in
641 2713 757 2741 quarum
778 2714 869 2735 rerum
895 2713 1009 2734 numero
1027 2710 1092 2733 sunt
1109 2706 1220 2742 nuptiae,
1236 2714 1296 2742 qua:
1310 2707 1462 2735 studiorum
1499 2706 1620 2734 inanium
1632 2712 1726 2733 semen
1761 2703 1846 2739 potius

223 2760 298 2788 sunt,
317 2760 398 2792 atque
416 2755 593 2792 principium.
