1922 3078
117 117 135 124 ι’

115 128 136 143 ,Ι

397 178 522 205 ΚΕΦΛΛ.
533 179 574 205 Il’.

123 244 181 268 Ὅτι
194 242 269 269 οὐδὲ
283 244 300 269 d
309 243 402 278 γάμος
415 243 474 270 τῶν
484 243 739 279 κατεγνωσμένων
749 243 845 270 ἐστίν.

122 309 225 344 Μηδεὶς
237 310 265 337 δὲ
279 311 324 338 διὰ
331 311 432 338 τούτων
445 312 518 346 ἡμᾶς
528 311 633 338 ἀθετεῖν
645 311 741 338 οίέσοω
751 312 800 348 τὴν
812 313 882 338 οἱκο-

81 355 182 389 νομίαν
201 355 251 382 τοῦ
282 356 370 392 γάμου
380 366 386 372 ·
401 357 431 383 οὐ
449 357 504 392 γὰρ
530 356 681 392 ἀγνοοῦμεν
693 357 733 384 ὅτι
748 357 794 384 καὶ
806 354 882 390 οὗτος

80 401 134 436 τῆς
148 401 195 428 τοῦ
209 401 279 428 Θεοῦ
297 402 421 437 εὐλογίας
437 403 487 429 οὐκ
510 403 702 439 ἠλλοτρίωται·
717 403 774 429 ἀλλ’
790 404 882 439 ἐπειδὴ

81 446 182 472 τούτου
199 447 249 480 μὲν
267 447 407 482 αὐτάρκης
419 449 566 483 συνήγορος
583 448 630 474 καὶ
649 449 664 483 ἡ
679 447 755 483 κοινὴ
770 449 824 474 τῶν
835 448 882 474 ἀν-

82 490 206 526 Ορὼπων
221 491 303 526 φύσις
318 493 402 524 ἐστὶν,
420 493 571 528 αὐτόματον
587 493 635 527 τὴν
650 493 716 529 πρὸς
727 493 761 519 τὰ
774 493 884 521 τοιαῦτα

85 539 175 574 ῥοπὴν
198 540 336 567 ὲντιθείσα
357 542 422 567 πᾶσι
445 542 502 573 τοίς
518 540 561 568 διὰ
584 541 674 576 γάμου
690 540 830 576 προϊοῦσιν
844 543 883 573 εἷς

82 585 215 620 γέννησιν
228 595 234 600 -
262 586 410 612 ἀντιϐαίνει
423 586 451 612 δέ
471 595 528 618 πως
548 587 564 621 ἡ
587 587 720 621 παρθενία
741 588 773 622 τῇ
792 587 881 622 φύσεν

84 630 216 665 περιττὸν
232 630 266 656 ἂν
286 631 328 664 εἴη
349 631 413 666 περὶ
430 630 520 666 γάμου
537 623 694 667 προτροπὴν
720 632 766 658 καὶ
782 632 882 667 παραί-

83 683 160 700 νεσιν
175 675 330 709 φιλοπόνως
359 675 538 710 συγγράφειν,
561 676 609 710 τὴν
635 675 883 709 δυσανταγώνιστον

84 720 172 747 αὑτοῦ
197 720 434 756 προϐαλλομένους
458 722 607 757 συνήγορον
628 721 677 756 τὴν
691 721 797 757 ἡδονὴν,
815 722 884 756 πλὴν

84 768 110 793 εί
127 767 165 802 μὴ
189 768 262 802 τάχα
291 767 336 793 διὰ
356 767 418 798 τοὺς
443 767 477 793 τὰ
499 767 624 803 δόγματα
652 768 700 802 τῆς
721 768 884 803 Ἐκκλησίας

84 813 355 848 παραχαράσσοντας
369 812 423 838 τῶν
440 812 567 838 τοιούτων
581 811 659 848 χρεία
671 812 757 845 λόγων
772 812 804 838 ἂν
821 812 864 847 εἴη
874 820 881 827 ·

83 857 131 888 οὓς
142 858 431 893 κεκαυτηριασμένους
444 858 493 894 τὴν
509 858 576 885 ἰδίαν
598 858 748 893 συνείδησιν
763 859 776 884 ὁ
800 858 881 884 Ἀπό-

86 903 181 934 στολος
194 903 322 938 ὀνομάζει
335 912 343 918 ·
358 905 403 930 καὶ
415 903 503 936 καλῶς
517 904 652 939 ὀνομάζει·
667 904 707 930 ὅτι
723 904 884 930 καταλιπὸν-

84 957 134 980 es;
152 949 203 984 τὴν
228 949 340 983 δδηγίαν
365 948 413 975 τοῦ
439 949 516 983 ἁγίου
530 949 696 985 Πνεύματος,
709 949 753 976 διὰ
764 949 813 984 τῆς
832 949 886 975 τῶν

85 995 226 1031 δαιμόνων
234 995 408 1027 διδασκαλίας
423 996 503 1028 οὐλάς
511 1005 588 1028 τινας
599 996 646 1022 καὶ
656 995 817 1030 ἐκκαύματα
826 997 884 1027 ταῖς

86 1041 216 1077 καρδίαις
230 1041 319 1068 αὐτῶν
335 1041 588 1077 ὲγχαράσσουσι,τὰ
603 1041 650 1068 τοῦ
664 1041 731 1068 Θεοῦ
749 1041 885 1076 κτίσματα

86 1088 298 1123 βδελυσσόμενοι
312 1088 349 1120 ὡς
360 1088 511 1124 μιάσματα,
525 1089 571 1115 καὶ
594 1089 632 1120 εἰς
651 1088 735 1114 κακὸν
757 1088 884 1123 φέροντα,

87 1133 138 1160 καὶ
156 1133 251 1160 κακῶν
274 1134 359 1165 αἴτια,
376 1134 470 1160 καὶτὰ
491 1134 604 1160 τοιαῦτα
626 1134 883 1169 προσαγορεύοντες.

93 1180 176 1206 Ἀλλὰ
191 1179 217 1205 τί
239 1189 283 1214 μοι
300 1180 362 1212 τοὺς
382 1180 433 1212 ἔξω
445 1180 558 1216 κρίνειν,
578 1181 659 1216 φησὶν
674 1181 688 1206 ὁ
704 1180 864 1211 ’Λπόστολος
877 1188 884 1213 ;

86 1224 141 1257 ἔξω
151 1225 206 1260 γάρ
219 1226 288 1251 εἰσιν
303 1226 340 1258 ὡς
364 1226 471 1261 ἀληθῶς
488 1227 585 1253 ἐκεῖνοι
607 1228 655 1262 τῆς
674 1225 721 1252 τοῦ
737 1226 816 1261 λόγου
831 1225 884 1252 τῶν

88 1271 250 1306 μυστηρίων
265 1271 359 1306 αὐλῆς,
372 1272 421 1298 οὐκ
440 1273 469 1298 ἐν
484 1274 516 1307 τῇ
531 1273 620 1308 σκέπῃ
636 1273 681 1298 τοῦ
696 1272 774 1304 Θεοῦ,
785 1272 842 1299 ἀλλ’
856 1273 885 1298 ἐν

86 1317 121 1351 τῇ
138 1317 246 1352 μάνδρξι
257 1317 303 1343 τοῦ
318 1317 437 1353 Πονηροῦ
453 1318 623 1353 αὐλιζόμενοι
637 1327 643 1332 ·
657 1319 680 1344 οἱ
698 1318 884 1353 ἐζωγρημένοι

87 1363 128 1394 εἰς
142 1363 173 1388 τὸ
187 1364 292 1389 ἐκείνου
311 1364 425 1399 Οέλημα,
440 1364 511 1390 κατὰ
526 1364 576 1399 τὴν
592 1363 637 1390 τοῦ
651 1364 812 1391 Ἀποστόλου
829 1373 885 1398 φω-

87 1409 147 1443 νὴν,
164 1410 212 1435 καὶ
222 1409 266 1435 διὰ
280 1409 357 1436 τοῦτο
372 1410 408 1444 μὴ
422 1410 569 1442 συνιέντες,
585 1410 624 1436 ὅτι
636 1410 724 1445 πάσης
736 1409 836 1446 ἀρετῆς
852 1411 881 1436 ὲν

89 1455 223 1489 μεσότητι
238 1454 437 1490 θεωρουμένης.
454 1456 470 1490 ἡ
484 1456 530 1482 ἐπὶ
547 1456 579 1481 τὰ
597 1455 787 1490 παρακείμενα
797 1463 885 1491 παρα-

86 1502 177 1536 τροπὴ
188 1502 273 1528 κακία
287 1501 360 1527 ἐστίν
369 1511 375 1517 ·
391 1501 511 1535 ὺφέσεως
522 1501 575 1536 γὰρ
594 1501 639 1528 καὶ
653 1501 803 1532 ὲπιτάσεως
818 1510 885 1528 παν-

86 1548 172 1582 ταχοῦ
189 1556 231 1578 τις
241 1548 271 1574 τὸ
287 1547 367 1582 μέσον
381 1546 528 1577 ἐπιλαϐὼν,
548 1548 596 1582 τὴν
613 1546 712 1582 ἀρετὴν
729 1547 760 1573 ἐκ
776 1548 824 1583 τῆς
836 1556 885 1574 και

88 1593 152 1625 κίίις
163 1593 292 1628 διέκρινε.
309 1593 477 1628 Σαφέστερος
490 1592 558 1623 δ’,ἂν
574 1594 638 1628 ἡμῖν
656 1593 670 1619 ὀ
689 1592 767 1627 λόγος
783 1593 886 1627 γένοιτο

87 1639 133 1665 ἐπ’
150 1638 242 1665 αὐτῶν
255 1638 309 1665 τῶν
331 1638 502 1674 πραγμάτων
524 1637 698 1672 δεικνύμενος
710 1646 716 1653 ’
735 1637 824 1664 Δειλία
839 1638 886 1664 καὶ

88 1683 192 1720 θράσος
206 1684 252 1710 δύο
268 1684 361 1710 κακίαι
376 1684 445 1710 κατὰ
458 1684 487 1710 τὸ
499 1683 619 1710 ἐναντίον
639 1684 793 1718 νοούμεναι,
809 1684 825 1719 ἡ
838 1684 886 1718 μὲν

89 1730 163 1756 κατᾶ
183 1729 311 1764 ἔλλειψιν,
330 1730 346 1765 ὴ
370 1729 398 1755 δὲ
416 1729 485 1756 κατὰ
504 1729 672 1764 πλεονασμὸν
687 1728 885 1764 πεποιθήσεως,

92 1776 180 1811 μέσην
198 1776 372 1811 περιέχουσιν
387 1775 477 1802 αὐτῶν
493 1775 542 1810 τὴν
566 1774 700 1810 ἀνδρείαν.
717 1774 801 1801 Πάλιν
816 1775 829 1800 ὸ
840 1775 885 1800 εὑ-

92 1821 178 1856 σεὸὴς
195 1820 257 1847 οὔτε
276 1820 365 1853 ἄθεος,
383 1820 444 1847 οὔτε
462 1821 636 1857 δεισιδαίμων
649 1822 722 1849 ἐστίν
733 1830 739 1837 ·
765 1823 821 1849 ἴσον
833 1822 886 1856 γὰρ

91 1867 136 1894 ἔπ’
153 1867 256 1901 ἀμζοῐν
271 1865 302 1892 τὸ
319 1865 457 1902 ἀσέϐημα,
473 1866 520 1893 καὶ
535 1866 566 1893 τὸ
581 1867 683 1902 μηδένα
704 1867 779 1898 Θεὸν,
797 1868 843 1894 καὶ
857 1867 887 1894 τὸ

91 1913 209 1944 πολλοὺς
229 1910 296 1938 εἶναι
308 1911 422 1939 οἴεσθαι.
442 1912 535 1939 Βούλει
548 1913 594 1939 καὶ
605 1913 638 1939 δι’
657 1914 758 1949 ἐτέρων
770 1913 887 1948 ἐπιγνῶ-

92 1967 138 1984 ναι
157 1957 187 1984 τὸ
202 1957 307 1992 δόγμα;
329 1957 357 1983 '0
369 1957 463 1991 φυγὼν
477 1957 508 1984 τὸ
523 1957 650 1992 φειδωλὸς
665 1955 734 1984 εἶναι
749 1958 795 1985 καὶ
814 1960 887 1986 ἄσω-

91 2012 150 2035 τος,
171 2004 199 2030 ὲν
209 2003 243 2038 τῇ
249 2002 303 2029 τῶν
314 2003 443 2030 ἐναντίων
454 2003 547 2030 παθῶν
564 2004 738 2039 ἀναχωρήσει
748 2005 796 2040 τὴν
812 2006 888 2031 ἐλευ-

93 2050 189 2085 θερίαν
206 2049 245 2084 τῷ
256 2049 317 2084 ἦθει
332 2049 497 2084 κατώρθωσε
512 2059 518 2065 ·
536 2049 656 2076 τοιοῦτον
673 2051 727 2086 γάρ
741 2060 767 2077 τι
780 2052 795 2087 ἡ
813 2052 887 2078 ἐλευ-

93 2097 174 2132 Θερία
190 2096 273 2127 ἐστὶν,
287 2095 318 2122 τὸ
338 2096 406 2131 μήτε
425 2095 491 2130 πρὸς
502 2095 551 2127 τὰς
567 2096 703 2131 ἀμέτρους
717 2097 764 2123 καὶ
784 2098 889 2132 ἀνωφε-

93 2143 150 2174 λεῖς
169 2142 292 2173 δαπάνας
304 2142 365 2177 είκῆ
375 2141 534 2177 διαχεῖσθαι,
550 2143 617 2178 μήτε
631 2143 699 2178 πρὸς
708 2143 742 2169 τὰ
754 2143 888 2178 ἀναγκαῖα

96 2189 267 2224 μικρολόγως
279 2189 360 2223 ἔχειν.
378 2188 456 2215 υῦτω
467 2189 513 2215 καὶ
526 2189 572 2215 ἐπὶ
586 2189 638 2216 τῶν
656 2189 756 2216 λοιπῶν
769 2191 886 2223 πάντων.

95 2235 140 2261 ἳνα
162 2233 199 2269 μὴ
225 2235 282 2265 τοῖς
307 2233 474 2260 καοέκαστον
495 2234 658 2269 ἐπεξίωμεν,
679 2234 728 2270 τὴν
755 2236 890 2272 μεσότητα

93 2279 149 2305 τῶν
164 2278 293 2305 ἐναντίων
307 2278 407 2313 ἀρετὴν
426 2279 439 2304 ὁ
454 2279 532 2312 λόγος
552 2279 708 2315 ἐγνώρισεν.
727 2281 832 2308 Οὐκοῦν
844 2283 890 2309 καὶ

95 2325 112 2360 ἡ
130 2323 292 2359 σωφροσύνη
317 2324 432 2359 μεσότης
455 2325 538 2357 ἐστὶν,
558 2325 605 2351 καὶ
623 2325 743 2361 φανερὰς
762 2326 818 2362 ἔχει
840 2328 890 2360 τὰς

96 2370 138 2404 ἐφ’
159 2370 277 2405 ἑκάτερα
291 2369 358 2405 πρὸς
385 2370 483 2396 κακίαν
503 2370 692 2406 παρατροπάς.
715 2371 743 2398 '0
768 2372 818 2407 μὲν
835 2373 889 2408 γὰρ

97 2415 228 2442 ἐλλείπων
245 2415 316 2441 κατὰ
344 2414 389 2441 τὸν
414 2415 464 2446 τῆς
483 2415 571 2451 ψυχῆς
584 2416 669 2448 τόνον,
684 2417 729 2444 καὶ
753 2417 795 2444 διὰ
811 2419 889 2445 τοῦτο

97 2460 335 2495 εὐκαταγώνιστος
349 2460 388 2495 τῷ
406 2461 456 2495 τῆς
469 2461 563 2496 ἡδονῆς
582 2461 664 2488 πάθει
676 2462 825 2497 γινόμενος,
843 2465 890 2491 καὶ

99 2507 165 2542 μηδὲ
180 2505 367 2542 προσεγγίσας
384 2507 416 2541 τῇ
437 2505 489 2540 ὁδῷ
509 2506 556 2532 τοῦ
575 2506 636 2532 κατ’
654 2507 753 2543 ἀρετὴν
770 2507 827 2543 βίου
844 2509 890 2535 καὶ

97 2553 248 2588 σώφρονος,
275 2553 314 2584 εἰς
339 2551 411 2587 πάθη
434 2553 483 2587 τῆς
506 2552 619 2587 ἀτιμίας
636 2553 802 2580 κατώλισοεν
816 2563 822 2569 ·
837 2555 890 2581 ὁδὲ

98 2597 243 2634 παρελθὼν
251 2598 301 2632 τῆς
311 2597 485 2632 σωφροσύνης
493 2598 523 2624 τὸ
531 2598 655 2632 βάσιμον,
670 2600 717 2626 καὶ
728 2600 832 2635 ὑπερπε
837 2600 890 2626 σὼν

97 2645 143 2671 τοῦ
155 2644 240 2679 μέσου
252 2643 300 2677 τῆς
313 2643 422 2678 ἀρετῆς,
435 2640 490 2669 οἷον
499 2643 614 2678 κρημνῷ
621 2652 674 2670 τινι
686 2645 718 2679 τῇ
733 2644 890 2680 διδασκαλίᾳ

97 2689 150 2716 τῶν
162 2687 301 2723 δαιμόνων
315 2687 509 2722 ὲγκατηνὲχῦη,
519 2689 718 2723 καυτηριάζων,
733 2689 822 2721 καθώς
839 2698 890 2724 φη-

100 2743 140 2761 σιν
155 2735 169 2760 ὁ
191 2733 364 2764 Ἀπόστολος,
393 2733 441 2768 τὴν
457 2733 524 2760 ἰδίαν
543 2734 701 2769 συνείδησιν.
728 2735 771 2761 Ἐν
793 2732 814 2769 ᾧ
836 2735 890 2771 γὰρ

134 2837 145 2853 ’
160 2835 170 2864 1
183 2834 308 2863 Timoth.
326 2842 361 2867 Iv,
373 2835 399 2862 2.
440 2835 460 2850 "
475 2833 484 2861 l
506 2835 568 2861 Cor.
588 2842 612 2866 ν,
631 2835 672 2860 12.

760 119 802 146 DE
824 117 1057 148 VlRGlNlTATE.

897 181 920 209 Α
1229 179 1344 206 CAPUT
1362 179 1427 206 VIII.

1010 246 1066 274 Nec
1078 247 1277 274 matrimonium
1290 255 1346 274 esse
1364 248 1390 274 in
1410 247 1487 274 rebus
1503 247 1646 275 damnatis.

967 311 1051 339 Nemo
1066 319 1130 340 vero
1145 320 1177 339 ex
1201 312 1245 343 iis,
1262 320 1323 347 quae
1351 313 1481 345 diximus,
1504 313 1531 341 in
1560 314 1717 349 opinionem

932 358 1033 390 veniat,
1053 366 1103 386 nos
1119 359 1286 386 matrimonii
1318 359 1474 394 improbare
1501 360 1721 388 institutionem:

932 411 987 431 non
1001 404 1073 430 enim
1091 404 1263 438 ignoramus,
1289 413 1377 440 neque
1399 405 1466 432 illud
1492 413 1506 432 a
1534 405 1724 433 benedictione

933 450 979 478 Dei
1001 450 1086 478 fuisse
1107 451 1236 477 alienum.
1256 449 1309 478 Sed
1325 451 1454 485 quoniam
1480 450 1532 478 hoc
1548 451 1635 485 ipsum
1655 451 1723 478 satis

933 501 1063 524 accurate
1094 496 1217 524 defendit
1247 497 1403 524 communis
1443 496 1584 523 hominum
1613 501 1721 529 natura,

933 549 993 577 quae
1006 549 1055 569 sua
1071 547 1170 576 sponte
1195 541 1228 569 ad
1244 542 1404 576 hujusmodi
1419 549 1464 569 res
1481 542 1536 568 vim
1562 542 1659 568 inserit
1688 542 1723 568 iis

933 589 980 623 qui
992 589 1158 616 matrimonii
1178 589 1222 616 via
1244 589 1359 623 quaesita
1380 588 1413 615 ad
1432 587 1578 615 liberorum
1596 594 1725 622 procrea-

934 635 1035 662 tionem
1049 635 1197 662 accedunt:
1227 641 1332 662 natum
1349 634 1420 661 enim
1437 634 1555 668 quodam
1584 633 1665 659 modo
1682 640 1724 658 re—

934 682 1005 709 sistit
1019 681 1174 716 virginitas;
1191 688 1422 715 supervacaneum
1447 680 1540 714 utique
1560 682 1643 709 esset,
1673 677 1724 704 ad-

934 727 1098 755 monitiones
1118 732 1199 761 atque
1215 727 1386 753 hortationes
1407 725 1440 752 de
1468 724 1643 752 matrimonio
1660 723 1723 749 dili-

934 776 1029 809 genter
1055 773 1241 803 conscriberc,
1271 780 1334 799 cum
1351 771 1479 805 voluptas
1507 770 1566 805 ipsa
1584 767 1721 798 ostendat,

935 826 965 846 se
981 818 1145 846 acerrimum
1174 818 1247 845 illius
1279 817 1459 852 patrocinium
1491 815 1643 848 suscipere,
1671 812 1722 839 nisi

899 852 920 882 Β
937 864 1054 893 fortasse
1072 868 1162 891 tamen
1176 863 1219 891 his
1233 863 1405 890 sermonibus
1429 869 1500 896 opus
1517 863 1590 887 esset
1612 861 1724 893 propter

937 918 996 942 eos,
1027 911 1074 946 qui
1100 909 1225 937 Ecclesia
1252 914 1386 944 prmi-epla
1411 912 1493 941 atque
1513 905 1636 933 instituta
1660 910 1723 930 cor-

937 957 1092 989 rumpunt:
1112 961 1182 989 quos
1206 953 1384 981 cauteriatam
1415 959 1492 979 suam
1525 948 1723 977 conscientiam

938 1000 1069 1028 habentes
1088 1004 1166 1026 vocat
1182 999 1330 1034 Apostolus
1343 999 1364 1030 θ,
1387 1001 1415 1025 et
1437 1000 1512 1024 recte
1530 998 1619 1026 vocat.
1658 1001 1723 1028 pro-

937 1050 1029 1081 pterea
1052 1045 1135 1080 quod,
1154 1045 1280 1080 spiritum
1305 1043 1401 1070 ducem
1416 1039 1607 1075 relinquendo,
1623 1038 1725 1065 daemo-

938 1091 1044 1117 niorttm
1060 1089 1194 1116 doctrinis
1212 1088 1356 1115 cicatrices
1379 1084 1524 1121 quasdam,
1554 1088 1635 1117 atque
1664 1083 1724 1108 inn-

937 1138 1040 1165 stiones
1054 1136 1185 1163 cordibus
1201 1135 1259 1162 suis
1276 1133 1446 1168 imprimunt.
1464 1137 1508 1157 res
1526 1137 1540 1156 a
1556 1129 1609 1156 Deo
1618 1133 1723 1155 creatas

937 1183 1113 1213 detestantes,
1130 1182 1210 1216 quasi
1229 1181 1342 1215 impurae
1360 1178 1412 1205 illae
1427 1178 1492 1207 sint.
1509 1175 1541 1202 ad
1566 1175 1724 1208 malumque

938 1230 1057 1261 trahant,
1075 1233 1157 1264 atque
1174 1229 1201 1255 in
1217 1234 1300 1254 causa
1316 1225 1371 1253 sint
1393 1224 1540 1253 malorum,
1559 1225 1585 1248 et
1598 1220 1655 1247 lucc
1684 1223 1725 1245 at-

938 1283 991 1310 que
1004 1275 1056 1302 alia
1072 1273 1209 1309 ejusmodi
1227 1273 1360 1300 dicentes.
1388 1270 1422 1297 At
1436 1269 1502 1304 quid
1519 1267 1551 1294 ad
1565 1275 1608 1294 me
1632 1269 1724 1293 extra-

936 1329 1003 1349 neos
1018 1321 1152 1356 judicare,
1170 1319 1259 1354 inquit
1272 1316 1473 1353 Apostolus”?
1495 1313 1622 1342 Extranei
1640 1312 1724 1344 enim,

938 1373 964 1396 et
981 1368 1060 1394 alieni
1077 1375 1107 1394 re
1123 1374 1187 1393 vera
1203 1370 1267 1393 sunt
1282 1364 1321 1391 illi
1339 1371 1353 1390 a
1381 1370 1441 1390 sese
1461 1360 1666 1394 domicilioque,
1698 1358 1726 1385 iu
1756 1381 1760 1385 .

938 1421 992 1448 quo
1021 1411 1215 1447 mysteriorum
1245 1416 1335 1437 sermo
1353 1408 1458 1442 positus
1475 1409 1528 1436 est,
1545 1404 1593 1439 qui
1614 1411 1669 1430 non
1697 1402 1725 1429 in

940 1458 985 1486 Dei
1000 1457 1139 1493 prasidio,
1157 1455 1205 1483 sed
1222 1455 1249 1481 in
1263 1453 1394 1488 spelunca
1411 1450 1512 1478 diaboli
1537 1449 1571 1476 ad
1595 1448 1655 1483 ejus
1677 1454 1726 1474 vo-

941 1492 1071 1529 luntatem
1087 1502 1304 1531 commorantur,
1315 1496 1466 1525 secundum
1478 1502 1572 1522 vocem
1585 1492 1724 1528 Apostoli:

938 1553 1137 1584 proptereaque
1153 1552 1206 1572 non
1223 1543 1387 1578 intelligunt,
1401 1549 1463 1568 cum
1478 1540 1567 1567 virtus
1583 1538 1673 1566 omnis
1698 1537 1725 1564 in

937 1593 1127 1621 mediocritate
1141 1590 1286 1621 consistat,
1300 1589 1338 1619 id.
1352 1586 1424 1621 quod
1434 1587 1461 1612 in
1472 1585 1624 1612 contrarias
1635 1585 1726 1617 partes

938 1639 1117 1669 convertitur,
1133 1644 1194 1664 cSSe
1209 1636 1315 1662 vitium.
1339 1633 1390 1666 Qui
1408 1632 1480 1660 enim
1497 1631 1524 1658 in
1540 1629 1667 1657 omnibus
1685 1635 1728 1654 re-

936 1685 988 1712 bus
1003 1689 1030 1711 et
1047 1684 1119 1718 ejus,
1143 1681 1215 1717 quod
1231 1687 1340 1716 parum,
1359 1683 1386 1706 et
1403 1678 1488 1709 illius,
1512 1675 1584 1711 quod
1609 1673 1724 1701 nimium

937 1734 989 1762 est,
1003 1728 1219 1757 mediocritatem
1234 1726 1319 1761 capit,
1337 1725 1382 1752 hic
1398 1724 1494 1752 vitium
1515 1730 1530 1749 a
1556 1723 1656 1748 virtute
1670 1719 1726 1746 dis-

938 1775 1030 1803 tinxit.
1056 1773 1175 1807 Quaestio
1200 1773 1256 1800 haec
1274 1771 1406 1798 illustrior
1421 1769 1484 1802 erit,
1507 1768 1530 1795 si
1552 1767 1634 1794 rebus
1660 1766 1725 1802 ipsis

940 1821 1156 1849 demonstretur.
1190 1818 1278 1845 Metus
1295 1821 1321 1844 et
1344 1815 1469 1846 audacia,
1485 1814 1540 1841 duo
1570 1820 1585 1839 e
1615 1813 1725 1847 regione

937 1867 1026 1904 posita
1042 1866 1106 1893 vitia
1122 1868 1265 1900 putantur.
1282 1863 1325 1890 hic
1345 1861 1466 1896 quidem,
1491 1859 1620 1894 quoniam
1640 1857 1725 1884 couti-

937 1915 1036 1943 dcntite
1052 1912 1163 1940 modutn
1182 1910 1295 1941 deserit,
1313 1909 1359 1935 illa
1380 1907 1444 1942 quia
1475 1910 1597 1940 superat,
1623 1904 1726 1930 medio-

938 1960 1062 1987 critatem
1079 1958 1232 1989 continent,
1256 1962 1316 1990 quae
1345 1953 1371 1980 in
1405 1951 1565 1980 fortitudine
1591 1949 1724 1977 cernitur.

939 2005 1057 2037 Rursus,
1075 2003 1120 2039 qui
1139 2003 1268 2038 pietatem
1296 2000 1373 2030 colit,
1391 1999 1414 2026 is
1431 2004 1520 2032 neque
1542 1996 1642 2030 impius
1673 2000 1724 2025 est,

938 2059 1028 2087 neque
1043 2048 1271 2085 superstitiosus;
1291 2047 1317 2073 in
1334 2049 1451 2079 utroque
1464 2043 1536 2070 enim
1560 2048 1638 2076 aeque
1655 2040 1726 2067 inest

939 2086 1064 2132 impietas
1082 2105 1088 2123 :
1106 2095 1187 2125 alter,
1207 2093 1270 2127 quia
1285 2091 1368 2118 Deum
1390 2093 1489 2124 negat;
1510 2088 1578 2115 alter
1596 2086 1724 2122 quoniam

938 2143 1039 2170 multos
1062 2148 1123 2168 esse
1146 2139 1285 2174 opinatur.
1312 2136 1396 2164 Visne
1414 2136 1465 2163 hoc
1492 2135 1582 2169 ipsum
1612 2140 1645 2160 ex
1664 2132 1727 2159 aliis

903 2200 925 2227 ι)
940 2186 1125 2223 cognoscere?
1151 2185 1203 2218 Qui
1220 2184 1246 2211 in
1263 2183 1353 2210 avaris
1381 2188 1413 2208 ac
1431 2174 1551 2215 prodigis
1568 2186 1630 2207 esse
1648 2185 1727 2206 recuo

941 2236 993 2264 sat,
1015 2230 1161 2259 contrariis
1176 2230 1248 2256 inter
1260 2235 1290 2256 se
1307 2226 1449 2254 affectibus
1475 2224 1599 2255 remotis,
1627 2223 1730 2250 libera-

940 2278 1045 2305 litatem
1064 2276 1158 2303 habitu
1190 2273 1308 2309 quodam
1329 2276 1406 2300 recte
1431 2270 1537 2303 coluit;
1576 2268 1728 2296 liberalitas

939 2324 1012 2352 enim
1043 2323 1070 2349 in
1098 2329 1132 2349 eo
1158 2321 1258 2352 elucet,
1289 2323 1318 2346 ut
1339 2326 1372 2346 ne
1397 2318 1460 2353 quis
1479 2317 1506 2344 in
1526 2319 1655 2353 sumptus
1678 2314 1726 2341 im-

941 2369 1101 2397 moderatos
1135 2367 1303 2400 minimeque
1329 2364 1410 2391 utilcs
1437 2367 1539 2390 temere
1561 2361 1728 2398 profuseque

939 2420 1045 2450 eroget.
1062 2421 1130 2441 neve
1161 2413 1189 2440 in
1217 2412 1298 2440 rebus
1328 2409 1494 2437 necessariis
1512 2416 1612 2443 parcus
1641 2408 1676 2434 sit
1696 2414 1727 2433 ac

939 2462 1084 2489 remissus.
1103 2460 1193 2493 Atque
1209 2458 1245 2485 ita
1261 2458 1288 2484 in
1303 2456 1410 2484 czcteris
1422 2455 1562 2485 omnibus,
1576 2461 1611 2481 ne
1620 2452 1727 2487 singula

939 2515 990 2535 nos
1003 2512 1210 2542 persequamur,
1227 2510 1319 2530 rerum
1334 2502 1406 2528 inter
1421 2508 1451 2528 se
1462 2499 1643 2535 pugnantium
1671 2504 1728 2523 me-

939 2553 1111 2580 diocritatem
1128 2551 1155 2577 in
1168 2550 1269 2577 virtute
1285 2548 1403 2583 positam
1421 2554 1483 2573 esse
1496 2546 1565 2572 ratio
1582 2543 1704 2570 definivit
1719 2550 1726 2569 :

938 2599 1031 2634 itaque
1054 2589 1232 2631 temperantia
1248 2595 1312 2621 item
1328 2593 1505 2620 mediocritas
1520 2593 1573 2621 est,
1595 2592 1676 2622 atque
1701 2588 1728 2614 iu

942 2649 1057 2679 utraque
1073 2646 1151 2678 parte
1167 2639 1362 2668 conversiones
1379 2637 1413 2665 ad
1439 2637 1534 2664 vitium
1561 2634 1641 2661 habet
1664 2640 1729 2667 per-

942 2691 1062 2726 spicuas.
1077 2688 1129 2721 Qui
1142 2687 1214 2715 enim
1229 2684 1312 2712 animi
1329 2684 1458 2711 firmitate
1470 2679 1624 2713 ‘deseritur,
1654 2679 1730 2705 volu-

944 2725 1082 2764 otatisoue
1091 2733 1187 2762 affectu
1198 2731 1278 2758 facile
1291 2730 1420 2758 vincitur.
1436 2733 1550 2755 eamoue
1565 2725 1599 2753 ob
1616 2731 1728 2751 causan:
