1922 3078
189 107 242 136 555

811 104 840 132 S.
862 105 1025 133 GBEGORH
1043 105 1190 133 NYSSENI

1768 103 1828 131 556

191 168 224 195 ad
239 168 403 202 ineorruptm
433 170 644 201 temperataque
659 165 720 192 vitaz
735 166 805 192 riam
821 174 906 201 prope
926 174 979 194 non

1041 166 1176 193 ιδελυκτδν
1191 164 1259 193 εἶναι
1279 165 1325 192 τὸν
1354 165 1442 200 γάμον
1462 163 1594 200 ὁρίζεται.
1617 163 1712 190 ἑαυτὸν
1736 163 1828 196 στίζει

192 213 319 245 accessit,
342 213 368 239 in
384 213 581 247 ignominiosus
597 211 639 238 ltic
664 211 822 239 aﬂectiones
849 212 978 246 delapsus

194 259 304 287 incidit:
327 258 373 292 qui
398 265 462 284 vero
481 257 669 292 tetnperantite
686 257 753 284 ﬁnes
776 258 886 289 transit,
914 263 938 284 et
965 266 979 284 a

193 303 304 330 virtu-is
333 303 521 330 mediocritate
554 302 675 334 moedit.
707 303 750 329 bic
781 303 979 330 conscientiam

195 357 283 380 suam,
301 350 390 384 inquit
404 349 560 383 Apostolus,
577 349 754 376 cauteriatam
768 349 880 380 habens.
893 349 918 376 in
933 349 982 375 ali-

195 402 264 428 quas
286 395 483 422 damuniorum
513 395 646 421 doctrina)
673 395 793 421 salebras
822 395 982 429 compulsus

1027 215 1083 245 τοῖς
1097 212 1143 239 τοῦ
1156 212 1245 247 γάμου
1261 211 1436 246 ὀνειδισμοῖς·
1452 212 1476 238 εἰ
1490 210 1544 246 γὰρ
1560 211 1591 237 τὸ
1602 210 1710 246 δένδρον
1725 209 1826 240 κακον,

1030 258 1121 289 καθώς
1136 258 1202 293 φησί
1217 266 1267 284 που
1285 257 1315 284 τὸ
1336 257 1513 291 Εὑαγγέλιον.
1534 257 1581 283 καὶ
1598 256 1612 282 6
1628 256 1736 290 καρπὸς
1751 255 1808 282 πάν
1820 271 1831 275 -

1029 313 1082 336 τως
1092 304 1138 331 τοῦ
1153 304 1260 339 δένδρου
1277 303 1362 336 ἄξιος.
1373 304 1404 329 Εἰ
1421 303 1453 338 δὴ
1469 303 1516 330 τοῦ
1530 302 1613 337 φυτοῦ
1625 301 1671 328 τοῦ
1688 301 1761 328 κατὰ
1779 301 1829 327 τὸν

1031 350 1119 384 γάμον
1145 349 1288 384 βλάστημα
1312 350 1360 376 καὶ
1377 349 1484 384 καρπός
1497 349 1570 374 ἐστιν
1586 349 1600 374 6
1615 347 1771 382 ἄνθρωπος,
1791 346 1828 371 si:

1031 395 1078 422 τοῦ
1094 395 1183 430 γάμου
1199 395 1287 430 ὀνείδη
1311 395 1420 425 πάντως
1434 393 1482 420 τοῦ
1506 394 1690 428 προφέροντος
1706 391 1825 425 γίνεται.

196 440 321 466 incurrit.
339 439 404 466 Nam
425 439 497 474 quod
513 439 714 466 matrimonium
735 440 897 466 detestabile
923 448 985 467 esse
1005 441 1112 472 statuit,
1149 440 1354 467 matrimonium
1389 439 1478 473 ipsum
1498 437 1689 473 vituperando,
1714 444 1746 463 sc
1767 437 1828 469 ip‘e

196 485 365 512 conscindit:
381 486 403 512 si
417 485 489 513 enim
506 486 588 511 arbor
599 486 679 516 mala,
696 489 776 512 utest
788 486 904 519 quodam
935 486 994 512 loco
1014 486 1041 512 in
1061 485 1212 520 Evangelio
1229 485 1260 518 ιι,
1279 484 1385 512 fructus
1400 484 1460 519 ejus
1478 484 1542 511 item
1555 487 1598 510 est
1618 483 1717 509 arbore
1745 482 1798 516 plat
1810 487 1828 507 θ

197 531 306 566 dignus,
323 531 487 558 matrimonii
504 532 580 566 quasi
602 532 718 564 alicujus
749 531 847 566 plantat:
871 539 980 566 germen
1003 537 1056 564 est,
1073 536 1156 566 atque
1168 531 1276 558 fructus
1291 531 1383 558 homo.
1419 529 1484 563 Quae
1507 530 1591 565 igitur
1622 528 1680 563 ipse
1705 528 1735 554 in
1767 535 1827 554 ma-

197 578 356 604 trimonium
373 577 495 603 convicia
511 576 631 610 conjicit,
657 577 682 603 in
696 585 757 604 eum
787 577 831 603 illa
857 577 915 611 ipsa
938 576 1074 603 recidunt.

233 626 266 652 At
291 625 329 652 illi
349 624 469 659 quidem,
485 624 530 659 qui
547 625 742 652 conscientiam
770 625 842 652 notis
859 625 977 651 inustam

197 671 308 703 habent,
337 675 418 705 atque
438 679 470 697 ex
497 671 637 697 sententia:
667 670 836 697 absurditate
863 673 927 696 sunt
941 670 982 696 ci-

198 717 300 743 ca'rice
328 716 444 750 quadam
475 716 575 748 allecti,
599 715 731 750 ejusmodi
760 715 841 742 rebus
867 716 983 742 convin-

198 766 307 787 cuntur.
340 760 393 788 Nos
421 769 484 788 Vt‘l'o
514 761 547 787 de
571 761 745 787 matrimonio
774 760 810 787 ita
838 761 982 793 sentimus,

1073 623 1141 650 Ἀλλ’
1156 624 1253 650 ἐκεῖνοι
1279 623 1327 658 μὲν
1350 621 1506 657 στιγματίαι
1529 620 1577 655 τὴν
1602 619 1755 654 συνείδησιν
1779 618 1828 645 καὶ

1032 669 1348 705 καταμεμωλωπισμένοι
1375 670 1407 704 τῇ
1431 667 1530 703 ἀτοπίᾳ
1553 667 1600 694 τοῦ
1623 667 1760 702 δόγματος
1783 666 1828 693 διὰ

1032 715 1085 741 τῶν
1102 714 1230 741 τοιούτων
1247 715 1411 748 ἐλέγχονται.
1432 713 1528 748 Ἡμεῖς
1546 713 1574 739 δὲ
1587 712 1673 739 ταῦτα
1695 711 1744 738 καὶ
1761 711 1827 746 περὶ

1034 761 1079 786 τοῦ
1102 760 1192 795 γάμου
1217 759 1396 794 γινώσκομεν,
1425 759 1462 790 ὡς
1484 758 1525 784 δεῖ
1547 758 1757 793 προηγουμένην
1777 757 1828 791 μὲν

198 812 326 841 oportere
353 814 402 834 nos
420 815 511 834 rerum
541 807 693 833 divinarum
724 806 846 834 studium
875 815 985 834 curam-

1041 803 1104 831 ῑῖναι
1119 804 1167 840 τὴν
1182 804 1246 839 περὶ
1259 804 1292 830 τὰ
1315 804 1374 830 θεῖα
1393 803 1510 838 σπουδήν
1524 812 1553 829 τε
1576 802 1623 829 καὶ
1643 802 1807 837 ἐπιμέλειαν
1820 823 1827 834 ,

199 860 251 886 que
267 852 329 878 huic
343 852 508 878 matrimonii
522 852 609 878 ollicio
624 851 770 883 anteferre,
790 859 878 886 neque
894 857 984 879 tamen

199 904 260 923 eum
278 897 429 930 despicere,
454 897 499 931 qui
524 901 674 932 temperate
703 897 760 930 illo,
791 904 822 924 ac
847 897 985 924 moderate

201 943 238 968 uti
265 947 351 976 polesl
370 952 376 969 :
401 943 490 977 qualis
514 943 668 977 patriarcha
689 941 764 970 Isaac
784 943 843 975 fuit,
868 943 913 977 qni
931 952 984 970 non

200 988 361 1015 ﬂoresccnle
374 993 461 1019 astate.
484 993 513 1015 ut
531 988 668 1016 affectioni
686 990 843 1024 conjugium
859 990 984 1021 serviret,

201 1033 248 1060 sed
266 1034 398 1061 exhausta
417 1035 471 1068 jam
488 1035 683 1068 adolescentia,
706 1035 740 1062 ob
764 1035 809 1062 Dei
834 1036 860 1062 in
883 1036 987 1063 semine

201 1079 429 1111 bencdictionem,
458 1079 606 1106 Heln-ccam
626 1080 652 1106 in
672 1081 874 1108 matrimonimn
889 1082 984 1109 duxit:

201 1126 245 1153 cui
268 1133 330 1152 cum
352 1133 439 1160 usque
455 1126 486 1152 ad
505 1134 588 1153 unum
607 1131 714 1161 partum
728 1135 837 1161 operam
854 1128 985 1161 dedisset,

202 1179 299 1198 rursus
317 1171 343 1198 in
368 1172 459 1204 rebus,
476 1180 535 1206 qua:
558 1173 645 1200 oculis
665 1181 717 1199 non
740 1180 900 1205 eet-nuntur,
914 1179 987 1203 totus

203 1216 266 1247 l‘uit.
288 1217 390 1244 clausis
405 1219 529 1251 corporis
547 1218 683 1245 sensibus.
707 1218 732 1245 Id
751 1219 823 1246 enim
835 1220 988 1255 signiﬁcare

203 1262 268 1288 Inibi
295 1262 401 1289 videtur
424 1263 551 1294 historia,
574 1272 633 1297 quae
654 1272 762 1299 gravem
788 1265 859 1292 illitis
876 1267 989 1301 patriar-

203 1308 261 1334 chae
287 1307 429 1334 oculornnt
447 1308 572 1334 obtutum
589 1314 794 1337 conunemorat.
818 1311 906 1346 Atque
931 1312 988 1339 bzcc

203 1353 312 1388 quidem
336 1353 371 1380 ita
396 1361 425 1380 se
445 1354 572 1385 habeant.
595 1355 823 1388 quemadmodum
842 1357 875 1384 iis
900 1357 936 1384 ita
959 1366 989 1385 se

204 1399 305 1426 habere
321 1398 461 1430 vitientur,
477 1400 523 1434 qui
538 1400 672 1434 ejusmodi
687 1409 730 1429 res
741 1404 894 1437 perspicere
911 1404 989 1438 plane

204 1444 304 1471 sciunt.
322 1444 378 1472 Nos
401 1453 477 1477 vero,
494 1454 554 1480 quae
576 1447 608 1472 ad
628 1447 760 1474 orationis
781 1449 988 1483 perpetuitatem

1036 850 1084 885 τῆς
1099 850 1127 876 δὲ
1141 850 1188 877 τοῦ
1203 849 1292 885 γάμου
1309 849 1478 885 λειτουργίας
1496 849 1533 884 μὴ
1554 849 1691 884 ὑπερορᾷν
1712 847 1759 874 τὸν
1772 856 1827 873 σω-

1036 896 1140 932 φρόνως
1155 905 1185 922 τε
1196 897 1242 922 καὶ
1257 896 1471 931 μεμετρημένως
1489 895 1638 930 κεχρῆσθαι
1652 894 1805 929 δυνάμενον
1818 902 1826 909 ·

1036 941 1091 974 οἷος
1102 941 1136 978 ἦν
1150 943 1163 968 ὁ
1183 942 1353 978 πατριάρχης
1380 941 1490 972 Ἰσαὰκ,
1517 941 1546 972 ὃς
1568 941 1618 967 οὐκ
1635 941 1663 967 ὲν
1677 941 1755 976 ἀκμῇ
1778 940 1828 974 τῆς

1036 988 1143 1022 ἡλικίας
1155 1008 1162 1019 ,
1175 987 1219 1014 ἴνα
1237 988 1275 1022 μὴ
1289 987 1390 1018 πάθους
1406 986 1485 1021 ἔργον
1498 987 1511 1013 6
1526 986 1613 1021 γάμος
1628 986 1751 1020 γένηται,
1768 985 1827 1011 ἀλλ’

1036 1033 1087 1067 ἤδη
1106 1032 1154 1066 τῆς
1173 1031 1298 1067 νεότητος
1320 1031 1541 1066 ὕπαναλωθείσης
1559 1031 1632 1066 αὐτῷ
1650 1031 1758 1065 δέχεται
1778 1030 1828 1065 τὴν

1036 1078 1086 1113 τῆς
1101 1078 1244 1109 Ῥεϐέκκας
1260 1078 1422 1113 συνοίκησιν,
1437 1078 1485 1113 τῆς
1498 1078 1542 1104 διά
1560 1078 1608 1113 τὴν
1627 1077 1672 1104 ἐπὶ
1692 1077 1730 1112 τῷ
1744 1077 1829 1110 σπέρ-

1040 1131 1103 1158 ματι
1119 1122 1166 1148 τοῦ
1184 1122 1251 1148 Θεοῦ
1265 1123 1405 1156 εὐλογίαν·
1428 1123 1474 1148 καὶ
1495 1122 1576 1157 μέχρι
1590 1123 1653 1156 μιᾶς
1672 1121 1766 1153 ὠδῖνος
1781 1122 1831 1147 ὑπ-

1039 1171 1174 1205 ηρετήσας
1187 1168 1225 1203 τῷ
1238 1169 1328 1203 γάμῳ,
1347 1168 1426 1194 πάλιν
1440 1168 1492 1194 τῶν
1507 1168 1629 1203 ἀοράτων
1642 1167 1702 1198 ὅλος
1717 1165 1763 1201 ἦν,
1779 1166 1831 1201 μὺο

1040 1224 1088 1247 σας
1104 1215 1139 1242 τὰ
1156 1216 1299 1250 σωματικὰ.
1319 1214 1481 1249 αἰσθητήριι
1496 1222 1501 1228 ⁸
1521 1214 1598 1240 τοῦτο
1614 1214 1668 1248 γὰρ
1682 1214 1699 1248 ἡ
1723 1213 1830 1247 ίστορῖα

1038 1262 1112 1288 δοκεῖ
1133 1261 1291 1296 σημαίνειν,
1314 1261 1361 1295 τὴν
1381 1260 1518 1295 βαρύτητα
1540 1260 1594 1285 τῶν
1613 1258 1760 1294 ὀφθαλμῶν
1782 1257 1831 1284 τοῦ

1040 1309 1209 1344 πατριάρχου
1232 1306 1406 1342 διηγουμένη.
1434 1306 1511 1332 Ἀλλὰ
1538 1306 1622 1332 mir:
1653 1305 1703 1340 μὲν
1733 1304 1830 1340 ἐχέτω,

1039 1356 1112 1387 ὅπως
1126 1355 1157 1381 ἂν
1173 1354 1244 1390 ἔχειν
1255 1354 1319 1389 δοκῇ
1338 1355 1393 1384 τοῖς
1416 1353 1449 1380 τὰ
1463 1353 1573 1379 τοιαῦτα
1586 1352 1704 1387 καθορᾷν
1719 1353 1833 1386 ἐπιστή-

1043 1410 1129 1436 μοσιν.
1155 1401 1249 1435 Ἡμεῖς
1264 1401 1292 1426 δὲ
1306 1400 1374 1435 πρὸς
1394 1399 1428 1425 τὰ
1446 1399 1543 1434 συνεχῆ
1566 1399 1613 1425 τοῦ
1630 1398 1709 1432 λόγου
1727 1398 1832 1432 προΐω-

1043 1456 1101 1481 μεν.
1118 1447 1151 1473 Τί
1167 1444 1212 1473 οὖν
1224 1444 1257 1481 ἦν
1270 1445 1299 1472 τὸ
1313 1445 1474 1480 λεγόμενον;
1488 1445 1548 1470 ’Ὁτι
1563 1444 1595 1471 ἂν
1610 1444 1656 1479 ἐξῇ
1670 1463 1677 1475 ,
1696 1444 1765 1479 μήτε
1783 1443 1833 1478 τῆς

203 1488 351 1522 pertinent,
379 1496 585 1523 persequamur.
605 1490 674 1522 Quid
691 1499 756 1526 ergo
774 1491 840 1518 illud
857 1497 897 1520 est
916 1493 987 1527 quod

1041 1493 1178 1528 θειοτέρας
1199 1491 1345 1526 ἐπιθυμίας
1369 1490 1533 1525 ἀφίστασθαι
1547 1511 1554 1522 ,
1571 1491 1640 1526 μήτε
1663 1489 1833 1524 ἀποφεύγειν

204 1533 315 1565 dicitur,
329 1534 351 1560 si
365 1534 484 1566 licuerit,
497 1543 584 1569 neque
596 1543 610 1562 a
627 1535 719 1563 divina
739 1537 878 1564 voluntate
898 1538 988 1566 disce-

204 1578 259 1609 dat,
287 1587 374 1614 ncque
396 1580 505 1615 nuptias
532 1581 636 1617 fugiat?
659 1590 719 1617 qua!
735 1590 817 1617 porro
834 1586 990 1611 naturtein-

204 1626 375 1653 stitulionem
394 1632 562 1660 aspernetur,
580 1629 774 1657 crimineturve
791 1630 828 1662 id,
845 1631 888 1657 cui
904 1632 990 1659 honos

203 1672 315 1698 attribui
336 1672 415 1703 solet,
435 1673 508 1699 nulla
531 1678 573 1701 est
598 1675 686 1702 oratio
714 1685 720 1702 :
752 1684 813 1702 nam
840 1681 868 1703 ut
893 1677 919 1704 in
946 1686 989 1710 co,

204 1717 275 1751 quod
288 1725 300 1743 a
312 1718 390 1745 nobis
405 1720 559 1753 expositum
569 1725 621 1751 est,
638 1728 715 1755 aqua:
733 1727 758 1748 et
770 1721 852 1750 fontis
866 1725 991 1758 exemplo

205 1768 277 1797 palct
291 1772 297 1790 :
314 1772 376 1790 cum
392 1765 417 1790 in
432 1765 568 1799 regionem
584 1766 703 1800 aliquam
715 1768 832 1802 agricola
849 1769 991 1798 canalibus

205 1817 303 1843 aquam
332 1810 446 1841 derivat,
470 1811 495 1837 iu
526 1812 670 1846 medioque
691 1821 772 1840 cursu
797 1815 940 1846 contingit.
964 1821 993 1843 ut

208 1855 305 1888 exiguo
325 1854 413 1881 rivulo
429 1862 497 1889 opus
514 1856 548 1882 sit
567 1866 574 1883 :
592 1860 696 1883 tantum
719 1858 763 1884 ille
778 1866 855 1893 aqua:
872 1859 992 1886 dillluere

206 1900 347 1929 concedet.
370 1905 501 1934 quantum
521 1909 588 1928 usus
606 1902 651 1928 ille
672 1903 810 1930 moderate
825 1905 934 1939 exigere
952 1905 992 1931 ri-

206 1945 295 1975 detur,
315 1954 462 1980 rursusque
479 1951 590 1981 paratus
613 1952 664 1979 est,
698 1953 726 1974 ut
752 1949 777 1975 id
804 1956 866 1976 cum
888 1950 992 1984 reliquo

207 1991 305 2018 iterum
319 2000 395 2025 aqua:
406 2000 487 2018 cursu
501 1995 721 2020 eommisccatur.
739 1995 786 2021 Sin
799 2001 898 2029 autem,
917 2005 993 2031 aqua:

206 2035 274 2062 nihil
296 2037 469 2067 reservando,
495 2037 596 2064 aditum
617 2038 653 2069 illi
671 2039 779 2066 incaute
793 2041 906 2074 aperiet,
920 2042 992 2076 peri-

207 2082 297 2108 ιιιιυιιι
315 2082 378 2114 erit,
400 2090 434 2109 ne
462 2087 516 2109 tota
534 2092 610 2119 aqua:
627 2085 678 2116 vis,
696 2090 801 2113 rectum
820 2094 930 2114 cursum
951 2096 993 2115 re-

208 2127 368 2162 linquendo,
383 2129 526 2162 paludibus
538 2137 569 2156 ex
584 2135 743 2158 transverso
760 2132 852 2159 omnia
865 2139 990 2168 occupet.

1041 1539 1086 1564 τὸν
1101 1538 1199 1572 γάμον.
1223 1537 1316 1568 Οὐδείς
1332 1537 1389 1563 ἐστι
1411 1536 1489 1570 λόγος
1504 1537 1518 1562 6
1535 1536 1636 1563 ἀθετῶν
1653 1535 1702 1570 τὴν
1729 1536 1834 1561 οἰκονο-

1042 1584 1106 1619 μίαν
1131 1585 1179 1618 τῆς
1202 1583 1327 1616 φύσεως,
1351 1583 1396 1609 καὶ
1422 1583 1459 1614 ὡς
1479 1582 1619 1617 βδελυκτον
1637 1581 1787 1608 διαϐάλλων
1804 1581 1834 1607 τὸ

1041 1629 1139 1663 τίμιον.
1153 1627 1284 1662 Καθάπερ
1302 1626 1355 1662 γὰρ
1371 1628 1416 1653 ἐπὶ
1426 1627 1472 1654 τοῦ
1486 1626 1686 1662 προρῤηθέντος
1704 1627 1770 1661 ἡμῖν
1786 1625 1834 1652 τοῦ

1042 1675 1113 1700 κατὰ
1132 1674 1161 1700 τὸ
1186 1673 1258 1708 ὕδωρ
1285 1674 1332 1700 καὶ
1347 1674 1397 1709 τὴν
1419 1673 1510 1708 πηγὴν
1533 1672 1732 1707 ὑποδείγματος
1746 1693 1753 1703 ,
1769 1673 1834 1698 ὅταν

1042 1721 1088 1746 ἐπί
1110 1729 1135 1746 τι
1151 1720 1250 1755 χωρίον
1265 1719 1423 1754 διοχετεύων
1441 1721 1454 1746 6
1474 1719 1594 1753 γεωργὸς
1612 1718 1642 1744 τὸ
1668 1717 1739 1753 ὕδωρ
1755 1717 1835 1751 ἐφέλ-

1043 1775 1119 1792 κεται
1130 1787 1137 1798 ,
1151 1767 1262 1800 γένηται
1279 1766 1306 1792 δέ
1327 1774 1367 1796 τις
1388 1765 1434 1791 καὶ
1450 1765 1493 1791 διὰ
1509 1765 1589 1799 μέσου
1608 1764 1686 1799 χρεία
1703 1764 1834 1799 βραχείας

1043 1813 1194 1847 ἀπορροῆς,
1218 1811 1341 1838 τοσοῦτον
1365 1811 1444 1846 μόνον
1461 1810 1539 1837 δώσει
1551 1811 1755 1846 παραρρυῆναι,
1772 1811 1834 1836 ὅσον

1043 1860 1075 1894 τῇ
1091 1858 1256 1894 ὲπιξητούσῃ
1279 1857 1358 1893 χρείᾳ
1386 1857 1541 1892 σύμμετρον
1563 1859 1707 1891 γενόμενον
1722 1877 1729 1888 ,
1753 1856 1834 1882 πάλιν

1044 1903 1159 1934 εὐκόλως
1180 1902 1408 1938 συναναμιχθῆναι
1429 1902 1467 1936 τῷ
1482 1902 1544 1937 ὄλῳ-
1568 1903 1592 1927 εἰ
1607 1902 1634 1927 δὲ
1651 1902 1773 1936 ἀπείρως
1787 1901 1834 1928 καὶ

1044 1949 1227 1984 εὺταμιεὺτως
1249 1948 1361 1980 ἀνοίξειε
1376 1948 1414 1983 τῷ
1441 1948 1515 1974 ὕδατι
1531 1948 1580 1982 τὴν
1595 1947 1761 1983 ἀπόρροιαν,
1777 1956 1834 1973 κιν-

1044 1994 1164 2021 δυνεύσει
1181 1995 1229 2029 τῆς
1251 1994 1357 2025 εὐθείας
1376 1993 1510 2028 ἀφέμενον
1535 1993 1607 2020 ἅπαν
1622 1993 1834 2028 ἑκχαραδρωθῆ-

1044 2050 1087 2068 ναι
1114 2040 1184 2067 κατὰ
1212 2040 1242 2066 τὸ
1266 2039 1388 2073 πλάγιον·
1423 2039 1467 2065 τὸν
1496 2039 1577 2064 αὑτὸν
1603 2038 1712 2073 τρόπον,
1740 2038 1833 2072 ἐπειδὴ

1046 2087 1122 2122 χρεία
1137 2086 1174 2119 τῷ
1191 2085 1240 2120 βίῳ
1261 2086 1307 2111 καὶ
1326 2085 1375 2119 τῆς
1396 2085 1424 2118 ἐξ
1443 2084 1564 2118 ἀλλήλων
1586 2083 1726 2118 δεαδεχῆς.
1743 2084 1767 2108 εὶ
1784 2083 1833 2117 μέν

1045 2141 1087 2164 τις
1101 2132 1172 2158 οὕτω
1192 2132 1321 2166 χρήσαιτο
1341 2130 1379 2165 τῷ
1401 2130 1553 2165 γινομένῳ,
1569 2130 1605 2161 ὡς
1623 2131 1832 2165 προηγουμένων

207 2171 269 2199 Pari
286 2173 401 2204 ratione.
416 2175 544 2208 quoniam
563 2175 589 2201 in
606 2176 658 2202 \ita
677 2184 745 2210 opus
763 2182 805 2204 est
820 2183 913 2204 mutua
931 2186 988 2205 suc-

1046 2177 1099 2203 τῶν
1114 2177 1316 2211 πνευματικῶν,
1335 2175 1450 2211 φειδωλῇ
1466 2176 1512 2202 καὶ
1526 2176 1715 2211 ὑπεσταλμένῃ
1732 2177 1832 2211 κεχρῆ-

207 2219 342 2251 eessione,
362 2219 384 2245 si
409 2221 472 2254 quis
497 2220 559 2254 hoc,
583 2221 653 2256 quod
670 2222 726 2256 jam
751 2227 922 2250 contractum
943 2229 994 2257 est,

207 2265 384 2291 matrimonio
404 2266 440 2292 ita
468 2270 568 2299 utetur,
586 2271 614 2293 ut
633 2268 715 2295 rebus
734 2269 902 2303 spiritalibus
925 2278 994 2304 pra:-

208 2310 316 2344 pr.sitis,
331 2311 405 2337 tenui
425 2311 458 2338 ad
485 2312 622 2345 ejusmodi
639 2321 683 2340 res
709 2321 741 2341 ac
760 2316 875 2342 remissa
889 2317 996 2351 cupidi-

208 2359 266 2382 tate
290 2364 357 2383 usus
388 2357 423 2384 sit
449 2362 559 2392 propter
591 2360 722 2394 temporis
750 2360 924 2394 brevitatem.
952 2363 996 2390 bie

208 2406 363 2437 temperans
376 2408 428 2434 est,
443 2412 473 2430 ex
493 2404 614 2438 Apostoli
630 2411 775 2440 pracepto,
801 2408 930 2441 agricola,
950 2409 995 2442 qui

209 2449 331 2484 seipsum
354 2450 496 2484 sapientite
511 2452 655 2486 prmceptis
675 2452 785 2483 excolit,
812 2461 862 2480 nec
876 2454 904 2480 in
919 2455 998 2480 retri-

209 2495 324 2522 buendis
348 2496 402 2523 illis
428 2495 534 2530 frigidis
554 2496 654 2524 debilis
673 2498 782 2526 sordide
804 2507 922 2534 semper,
947 2500 996 2527 ab-

207 2540 333 2574 jccteqne
353 2544 503 2574 occupatus
517 2545 568 2571 est.
593 2541 638 2568 sed
664 2550 697 2569 ex
722 2544 911 2570 convenientia
928 2553 996 2578 qua-

210 2585 269 2612 iam
295 2586 457 2613 munditiam
479 2587 562 2614 animi
588 2588 614 2614 in
635 2588 789 2615 orationum
813 2590 904 2616 studio
923 2598 991 2616 cott-

209 2631 298 2658 stituit
319 2641 324 2658 ι
352 2632 429 2659 titnet
449 2632 534 2663 enim,
564 2641 597 2659 nc.
621 2641 653 2660 ex
682 2634 732 2660 bac.
753 2634 895 2661 all‘ectionc.
919 2639 992 2663 totus

207 2677 341 2704 elliciatur
356 2685 431 2709 caro,
446 2682 472 2705 et
495 2679 617 2713 sanguis,
639 2680 664 2706 in
697 2681 797 2715 quibus
813 2689 867 2707 non
887 2689 992 2715 perma-

208 2725 254 2748 net
282 2721 403 2756 Spiritus
422 2722 479 2750 Dei.
509 2723 559 2756 Qui
585 2732 649 2752 vero
676 2726 712 2752 ila
736 2726 861 2753 inﬁrmus
888 2731 939 2758 est,
965 2731 993 2753 ut

244 2812 266 2827 “
283 2811 376 2838 Matth.
394 2821 429 2838 vn
460 2813 500 2839 18.

1046 2223 1107 2249 σθαι
1121 2224 1153 2258 τῇ
1172 2223 1234 2258 περὶ
1246 2222 1278 2248 τὰ
1292 2222 1404 2248 τοιαῦτα
1419 2222 1550 2256 ἐπιθυμίᾳ
1561 2243 1568 2253 ,
1584 2221 1627 2248 διὰ
1640 2222 1687 2256 τὴν
1709 2221 1755 2248 τοῦ
1771 2231 1831 2247 και-

1047 2269 1093 2303 ροῦ
1109 2268 1249 2303 συστολὴν,
1266 2265 1342 2298 οὗτος
1355 2269 1368 2294 6
1382 2267 1496 2302 σώφρων
1511 2267 1543 2293 ἂν
1556 2268 1598 2302 εἴη
1610 2268 1731 2302 γεωργὸς
1742 2288 1748 2298 ,
1764 2268 1832 2293 κατὰ

1045 2314 1075 2340 το
1090 2314 1271 2349 παράγγελμα
1294 2313 1340 2339 τοῦ
1364 2313 1524 2340 Ἀποστόλου
1538 2333 1545 2344 ,
1563 2313 1612 2339 οὐκ
1639 2314 1681 2339 ἀεὶ
1699 2314 1762 2348 περὶ
1785 2313 1832 2344 τὰς

1045 2360 1187 2391 ἀποδόσεις
1199 2359 1252 2385 τῶν
1265 2359 1375 2394 ψυχρῶν
1393 2359 1503 2385 ἐκείνων
1523 2359 1688 2394 ὀφληματων
1707 2360 1831 2394 μικρολο-

1045 2405 1196 2440 γούμενος,
1219 2404 1286 2431 ἀλλὰ
1309 2404 1357 2439 τὴν
1379 2405 1411 2430 ὲκ
1437 2403 1581 2439 συμφώνου
1606 2403 1779 2439 καθαρότητα
1800 2406 1830 2439 τῇ

1047 2451 1127 2486 σχολῇ
1144 2450 1196 2476 τῶν
1220 2449 1377 2486 προσευχῶν
1391 2450 1537 2485 ἀφορίζων,
1555 2451 1568 2476 6
1589 2450 1714 2481 δεδοικὼς
1731 2450 1768 2485 μὴ
1791 2451 1831 2477 διὰ

1045 2497 1095 2531 τῆς
1118 2495 1245 2530 τοιαύτης
1272 2495 1458 2531 προσπαθείας
1481 2496 1538 2528 ὅλος
1563 2497 1674 2530 γένηται
1697 2497 1765 2532 σὰρξ
1787 2497 1832 2523 καὶ

1046 2541 1114 2577 αἷμα
1127 2561 1133 2573 ,
1148 2543 1177 2567 ὲν
1193 2539 1232 2572 οἷς
1247 2542 1276 2567 οὺ
1293 2542 1441 2576 καταμένει
1457 2541 1504 2568 τοῦ
1525 2542 1593 2568 Θεοῦ
1609 2542 1639 2568 τὸ
1657 2543 1778 2577 Πνεῦμα.
1804 2543 1831 2569 Ὀ

1046 2589 1074 2616 δὲ
1093 2588 1211 2620 ἀσθενῶς
1226 2588 1396 2622 διακείμενος
1409 2608 1416 2619 ,
1440 2588 1477 2620 ὡς
1494 2589 1530 2624 μὴ
1547 2589 1675 2616 δύνασθαι
1703 2590 1770 2624 πρὸς
1786 2590 1832 2624 τὴν

1047 2635 1096 2669 τῆς
1110 2634 1216 2668 φύσεως
1230 2634 1316 2668 φορὰν
1330 2634 1463 2669 ἀνδρικῶς
1480 2636 1583 2670 στῆναι,
1600 2635 1730 2671 κρείττων
1744 2636 1777 2662 ἂν
1791 2636 1830 2671 εἴη

1048 2681 1142 2716 πόρρω
1160 2680 1214 2706 τῶν
1229 2679 1357 2706 τοιούτοιν
1374 2681 1468 2707 ἑαυτὸν
1492 2681 1590 2716 μᾶλλον
1607 2682 1711 2717 ἀνέχων
1723 2702 1730 2714 ,
1757 2683 1773 2717 ἦ
1795 2683 1831 2713 εἰς

1048 2728 1140 2761 ἀγῶνα
1154 2726 1255 2753 κατιὼν
1279 2725 1391 2761 μείζονα
1408 2727 1456 2763 τῆς
1470 2727 1618 2762 δυνάμεως.
1637 2728 1764 2760 Κίνόυνος
1780 2727 1832 2764 γὰρ
