1922 3078
77 111 125 137 357

736 109 778 136 1)ῑέ
799 109 1031 136 ιἰιιοικιτλτη.

1649 115 1700 142 SER

77 172 102 198 ad
117 170 212 204 mm;
230 168 474 203 παρακρουσθέντα
491 168 536 194 τὸν
555 168 674 194 τοιοῦτον
691 168 719 193 ὲν
733 168 766 202 τῇ
782 167 858 201 πείρᾳ

916 171 1020 192 uaturzc
1036 174 1104 193 onus
1130 167 1267 194 sustinere
1289 172 1416 203 nequeat,
1444 170 1540 197 melius
1555 175 1660 206 agetur,
1677 173 1700 200 si

74 216 119 250 τῆς
129 213 228 249 ἡδονῆς
243 233 250 243 ,
269 213 351 248 μηδὲν
362 213 455 247 ἕτερον
468 212 568 246 ἀγαθὸν
585 212 722 247 οἰηθῆναι,
739 211 756 246 ἢ
777 210 808 236 τὸ
820 210 865 236 διὰ

76 260 169 296 σαρκὸς
186 258 260 294 μετὰ
280 258 467 294 προσπαθείας
488 257 559 289 τινὸς
574 257 792 292 λαμϐανόμενον,
816 257 864 283 καὶ

74 303 283 339 ἀποστρέψαντα
305 302 445 334 παντελῶς
472 303 517 328 τὸν
538 302 635 328 ἑαυτοῦ
660 302 722 329 νοῦν
741 301 794 328 ἀπὸ
815 302 864 337 τῆς

75 351 122 377 τῶν
137 349 297 384 ἀσωμάτων
323 347 434 382 ἀγαθῶν
454 348 617 383 ἐπιθυμίας,
645 349 704 374 ὅλον
733 347 863 383 σαρκικὺν

72 396 214 430 γενέσθαι,
240 395 273 420 τὸ
290 395 319 420 ἐν
343 394 447 425 τούτοις
469 394 518 428 ἡδὺ
535 394 679 425 διαπαντὸς
700 393 800 428 τρόπου
816 393 863 427 θη-

76 441 198 477 ρεύοντα·
219 442 260 473 ὠς
282 442 422 477 φιλήδονον
441 438 510 467 εἶναι
532 440 629 475 μᾶλλον
654 439 766 474 αὺτὺνῆ
790 438 864 472 φιλὸ-

75 488 136 513 θεον.
160 487 273 522 Ἐπειδὴ
289 487 377 513 τοίνυν
390 486 433 512 διὰ
453 486 483 512 τὸ
498 485 547 520 τῆς
560 485 665 520 φύσεως
687 485 797 516 ἀσθενὲς
809 504 815 513 ,
831 484 861 510 οὺ

76 533 167 563 παντός
193 533 255 558 ἐστι
278 533 328 567 τῆς
355 533 395 564 είς
416 531 449 558 τὰ
475 531 587 558 τοιαῦτα
613 530 781 565 συμμετρίας
804 530 863 555 ὲπι-

75 578 226 612 τυγχάνειν,
250 578 420 604 ἐπικίνδυνον
437 578 465 604 δὲ
483 577 513 603 τὺ
526 576 578 609 ἔξω
597 576 642 603 τοῦ
664 577 763 611 μέτρου
793 583 863 610 παρ-

76 623 211 659 ενεχθὲν-τα
228 624 270 655 εἰς
286 624 342 650 ἰλὺν
354 623 445 658 βυθοῦ,
461 623 532 649 κατὰ
543 622 587 648 τὸν
599 621 761 656 Ψαλμῳδον,
772 621 862 655 ἐμπα-

75 671 164 704 γῆναι·
180 669 321 700 Λυσιτελὲς
336 669 368 695 ἂν
382 669 424 703 εἴη
437 690 444 700 ,
464 667 553 698 καθὼς
573 668 717 701 ὑφηγεῖται
732 667 745 692 ὁ
763 666 840 699 λόγος
854 685 860 696 ,

75 715 216 749 ἀπείρατον
241 714 297 740 τῶν
320 715 446 740 τοιούτων
471 712 626 739 διαϐιῶναι·
644 712 682 743 ὼς
709 712 742 738 ἂν
768 711 804 746 μὴ
828 711 860 746 τῇ

76 762 201 796 προφάσει
222 761 279 788 τῶν
304 760 555 796 συγκεχωρημένων
571 759 672 786 εἴσοδον
695 758 771 784 λάϐοι
791 757 861 784 κατὰ

73 807 116 840 τῆς
130 806 220 841 ψυχῆς
234 807 269 833 τὰ
285 806 369 841 πάθη.

916 212 950 238 ab
968 211 1001 238 iis
1026 212 1118 246 procul
1137 219 1166 239 se
1191 212 1318 244 abducat,
1341 221 1421 247 quam
1451 214 1478 240 in
1499 220 1636 243 certamen
1651 217 1700 245 de-

916 257 1029 284 scendat
1051 258 1138 292 impar
1157 258 1273 285 viribus.
1293 258 1448 285 Periculum
1469 261 1540 287 enim
1560 269 1614 288 non
1642 262 1700 289 leve

914 307 966 330 est.
984 309 1018 328 ne
1039 301 1082 328 hic
1096 302 1265 336 voluptatum
1281 310 1344 334 usu,
1361 305 1438 337 quasi
1461 313 1534 337 esca,
1557 306 1697 342 deceptus,

914 347 981 374 nihil
1002 347 1075 374 aliud
1101 348 1126 374 in
1154 348 1233 375 bonis
1256 356 1318 376 esse
1339 354 1425 383 putet,
1446 360 1526 384 quam
1544 353 1610 380 illud
1625 354 1698 386 quod

913 400 974 419 cum
1000 393 1133 420 suavitate
1148 393 1266 427 quadam
1281 395 1375 421 carnis
1392 396 1540 430 percipitur
1560 398 1697 430 sensibus.

914 445 991 468 neve.
1014 445 1076 464 cum
1097 446 1110 464 a
1131 446 1222 465 rerum
1240 446 1354 473 corpore
1376 441 1530 466 vacantium
1549 443 1699 476 cupiditate

913 490 990 509 suam
1010 487 1126 509 tuentem
1148 484 1226 518 plane
1253 485 1392 516 averterit,
1410 485 1436 511 in
1455 485 1534 512 rebus
1552 495 1616 514 sane
1635 495 1697 514 cor-

914 529 1003 563 poreis
1030 533 1102 555 totus
1127 530 1237 556 omnino
1260 530 1306 562 sit,
1329 537 1476 565 rerumque
1499 531 1594 559 harum
1622 534 1698 559 volu-

915 578 1015 607 ptatem
1043 574 1116 599 omni
1135 579 1256 608 tempore
1282 575 1400 609 indaget,
1420 576 1496 610 quasi
1519 577 1608 611 potius
1621 577 1698 603 volu-

913 619 995 653 ptatis
1019 619 1067 650 sit,
1095 627 1176 654 quam
1207 620 1251 646 Dei
1283 625 1398 647 amator.
1427 621 1457 648 Et
1480 623 1609 656 quoniam
1643 631 1698 657 pra:

912 670 1017 691 nalnrzc
1044 665 1229 692 imbecillitate
1261 674 1314 692 non
1348 667 1470 701 cujusvis
1492 667 1611 694 hominis
1645 673 1695 698 est,

914 711 1009 737 harum
1026 719 1115 738 rerum
1131 711 1344 738 modi-rationem
1362 713 1482 747 assequi,
1501 715 1697 748 periculosum-

913 764 966 790 que
984 760 1037 788 est,
1053 757 1099 791 qui
1120 761 1196 784 extra
1216 758 1326 784 modum
1355 759 1436 792 positi
1464 763 1540 791 stitit,
1559 767 1592 785 ne
1611 758 1649 789 hi,
1668 763 1696 784 ut

912 807 953 829 est
968 803 995 829 in
1013 802 1180 830 Psalmorum
1204 809 1315 832 auclore
1333 805 1364 836 ”,
1379 805 1406 831 in
1421 805 1487 832 limo
1508 804 1636 838 profundi
1656 804 1697 831 in-

75 851 208 886 ﬁgantur:
237 852 306 879 illud
330 852 446 878 maxime
468 850 588 885 expedit,
607 849 766 883 hujnsmodi
794 849 856 876 vitae
876 856 974 883 genus.
998 849 1037 874 uti
1055 848 1111 875 lucc
1126 850 1213 875 oratio
1241 855 1344 882 monet,
1371 851 1461 878 minus
1497 851 1626 885 experiri,
1663 858 1696 876 ne

73 907 167 931 rerum,
185 906 248 934 quae
262 899 405 934 permissa:
432 902 498 925 sunt
520 896 699 924 excusatione
721 895 853 926 adhibita,
875 894 959 921 animi
976 895 1166 922 aﬂ'ectionibus
1183 895 1274 922 aditus
1292 897 1412 930 pateliat.

372 963 496 990 ΚΕΦΑΛ.
511 963 549 990 Θ’.

121 1021 178 1047 ’Ὁτι
190 1020 416 1055 δυσμετάθετον
430 1021 478 1047 ἐπὶ
491 1023 603 1053 παντὸς
616 1021 635 1054 ἡ
649 1019 802 1053 συνήθεια.

107 1079 227 1113 ’Λμαχον
241 1076 298 1114 γάρ
310 1079 382 1104 ἐστιν
397 1079 444 1105 ἐπὶ
461 1078 586 1113 παντὸςὴ
602 1077 728 1112 συνήθεια
738 1097 745 1108 ,
758 1076 857 1111 πολλὴν

76 1124 164 1158 ἔχουσα
180 1123 297 1159 δύναμιν
315 1124 382 1159 πρὸς
403 1124 501 1159 ἑαυτὴν
520 1123 630 1150 ἑλκύσαι
647 1124 694 1149 καὶ
707 1123 858 1149 ἐπισπάσα-

77 1170 130 1196 σθαι
147 1169 196 1204 τὴν
213 1170 305 1205 ψυχὴν
319 1190 324 1201 ,
350 1170 395 1196 καί
410 1179 469 1196 τινα
483 1169 566 1196 καλοῦ
591 1170 741 1204 παρασχεῖν
755 1177 857 1202 eam-tm

77 1215 145 1248 οἷαν,
159 1215 186 1241 ὲν
212 1212 233 1249 ᾦ
260 1216 292 1242 ἄν
320 1224 361 1247 τις
380 1215 472 1251 σχέσιν
495 1216 542 1242 καὶ
556 1214 741 1250 προσπὰθειαν
755 1214 798 1241 διὰ
810 1214 856 1240 τοῦ

77 1260 251 1295 προσεθισμοῦ
267 1269 328 1287 τινα
344 1262 492 1296 κτήσηται·
508 1261 554 1286 καὶ
572 1261 648 1286 οὐδὲν
665 1259 734 1286 οὕτω
750 1261 781 1295 τῇ
806 1260 857 1294 φύ-

78 1315 111 1332 σει
124 1307 235 1340 φευκτόν
249 1308 323 1333 ἐστιν
333 1327 340 1338 ,
358 1307 395 1338 ὡς
414 1307 443 1333 ὲν
457 1306 585 1342 συνηθείᾳ
598 1307 743 1341 γενόμενον
761 1307 797 1342 μὴ
812 1306 858 1332 καὶ

78 1353 186 1388 σπουδῆς
211 1352 288 1386 ἄξιον
315 1354 360 1379 καὶ
385 1353 491 1389 αἱρετὸν
517 1354 685 1388 νομισθῆναι.
710 1353 858 1385 Ἀπόδειξις

76 1396 116 1423 τοῦ
136 1397 212 1432 λόγου
228 1399 243 1424 ὁ
260 1397 428 1433 ἀνθρώπινος
448 1397 521 1432 βίος,
539 1399 567 1423 ἑν
587 1395 609 1431 ᾦ
627 1397 760 1424 τοσούτων
774 1397 858 1423 ὅντων

78 1442 163 1474 ἐθνῶν,
178 1443 208 1469 οὐ
225 1443 260 1470 τὰ
276 1443 344 1470 αὐτὰ
358 1444 424 1470 πᾶσι
439 1443 617 1470 σπουδάζεται
627 1463 634 1474 ,
661 1443 728 1470 ἄλλα
743 1442 770 1468 δὲ
792 1443 857 1477 παρ’

78 1488 171 1524 ἑτέροις
196 1490 256 1515 ἐστὶ
280 1489 350 1516 καλά
365 1498 394 1516 τε
412 1489 460 1515 καὶ
477 1489 555 1524 τίμια
568 1509 575 1521 ,
598 1489 648 1523 τῆς
663 1490 727 1524 παρ’
742 1488 857 1514 ἑκάστου

80 1534 212 1570 συνηθείας
234 1535 285 1570 τὴν
310 1536 373 1571 περί
397 1544 423 1562 τι
448 1535 564 1570 σπουδήν
590 1544 618 1561 τε
644 1535 691 1562 καὶ
712 1534 858 1569 ἐπιθυμίαν

79 1578 207 1614 ποιούσης.
222 1580 278 1606 Καὶ
299 1580 328 1606 οὐ
344 1580 423 1614 μόνον
437 1580 506 1606 κατὰ
522 1580 556 1606 τὰ
580 1580 641 1615 ἔθνη
658 1579 708 1615 τὴν
731 1579 858 1614 τοιαύτην

81 1625 246 1661 παραλλαγὴν
261 1625 335 1652 ἐστιν
357 1626 419 1652 ἰδεῖν
431 1646 438 1657 ,
459 1626 512 1652 τῶν
527 1625 615 1652 αὐτῶν
635 1626 856 1660 ἐπιτηδευμάτων

81 1671 147 1705 πειρά
170 1679 224 1697 τισι
250 1672 301 1706 μὲν
327 1672 558 1706 θαυμαζομένων,
584 1672 800 1706 διαϐαλλομένων
829 1672 856 1697 δὲ

82 1716 137 1750 παρ’
155 1717 255 1752 ἑτέροις
269 1726 275 1732 ·
295 1717 362 1743 ἀλλὰ
386 1718 432 1744 καὶ
451 1718 498 1744 ἐπὶ
521 1718 567 1744 τοῦ
590 1718 672 1744 αὐτοῦ
696 1717 790 1749 ἔθνους
811 1719 857 1744 καὶ

81 1762 123 1796 τῆς
138 1763 218 1798 αὐτῆς
239 1764 343 1795 πόλεως
365 1764 412 1790 καὶ
432 1764 545 1798 γένους,
561 1765 589 1790 ἐν
613 1761 653 1795 οἷς
679 1763 778 1799 πολλὴν
800 1764 857 1790 ἐστι

82 1809 199 1845 διαφορὰν
217 1810 281 1836 ἰδεῖν
297 1811 328 1837 ἐκ
351 1810 399 1845 τῆς
414 1810 557 1846 συνηθείας
577 1811 700 1841 ἑκάστοις
716 1810 857 1845 ἐγγινομέ-

83 1862 132 1890 νην.
148 1855 237 1887 Οὕτως
253 1857 286 1882 ἐκ
309 1857 373 1891 μιᾶς
389 1857 481 1888 ὠδῖνος
505 1856 613 1891 ἀδελφοὶ
628 1857 802 1892 προελθόντες
817 1858 856 1889 εἰς

83 1900 179 1933 γένεσιν
193 1904 247 1934 τοῖς
265 1902 462 1938 ἐπιτηδεύμασι
480 1902 517 1938 τῷ
543 1903 593 1938 βίῳ
609 1903 733 1929 πλεῖστον
750 1904 796 1929 ἀπ’
814 1903 858 1929 ἀλ-

83 1944 160 1980 λήλων
172 1947 334 1982 ἐσχίσθησαν
344 1957 351 1963 ⁸
367 1948 413 1974 καὶ
429 1947 505 1974 οὔπω
519 1948 597 1974 τοῦτο
611 1948 781 1983 θαυμαστόν
796 1948 857 1974 ἐπεὶ

84 1991 123 2016 καὶ
139 1993 151 2018 δ
169 1993 334 2019 καθέκαστον
352 1993 493 2028 ἄνθρωπος
509 1994 539 2020 οὐ
555 1994 604 2029 τὴν
618 1994 703 2029 αὐτὴν
717 1994 753 2025 ὡς
771 1995 816 2020 ἐπὶ
828 1994 857 2020 τὸ

85 2036 141 2063 πολὺ
154 2039 214 2073 περὶ
227 2039 275 2066 τοῦ
289 2039 371 2066 αὑτοῦ
387 2039 547 2075 πράγματος
560 2040 649 2076 κρίσιν
664 2040 719 2075 ἔχει
728 2061 735 2072 ,
751 2040 808 2066 ἀλλ’
820 2040 858 2071 ὡς

86 2080 113 2107 ἂν
124 2084 182 2118 περὶ
194 2084 307 2110 ἕκαστον
325 2085 377 2111 ἀπὸ
390 2086 438 2120 τῆς
452 2085 593 2119 συνηθείας
607 2085 727 2120 διατεθῇ.
742 2086 796 2113 Καὶ
816 2086 857 2112 ἵνα

86 2127 117 2162 μὴ
127 2128 158 2154 τὰ.
172 2129 265 2165 πόρρω
285 2131 329 2157 τοῦ
344 2131 503 2166 πράγματος
521 2131 653 2166 λέγωμεν,
670 2131 781 2163 πολλοὺς
793 2133 857 2166 ἡμῖν

85 2173 257 2210 ἐγνωρίσαμεν
277 2177 393 2212 ἐραστὰς
420 2177 535 2211 μάλιστα
559 2177 606 2212 τῆς
621 2178 796 2212 σωφροσύνης
812 2179 857 2204 εὑ-

86 2217 127 2249 θϋς
140 2222 208 2256 παρὰ
228 2222 277 2257 τὴν
303 2222 414 2257 πρώτην
432 2223 537 2258 ἡλικίαν
564 2224 707 2256 φανέντας,
731 2224 817 2258 ἀρχὴν
830 2224 856 2250 δὲ

1213 963 1327 992 CAPUT
1348 965 1393 993 ΙΧ.

910 1016 942 1044 In
959 1019 1030 1045 omni
1044 1027 1070 1046 re
1084 1028 1134 1046 non
1152 1021 1230 1054 facile
1249 1024 1406 1049 commutari
1421 1028 1505 1058 potest
1521 1024 1693 1051 consuetu/Ia.

946 1073 974 1100 In
990 1075 1063 1101 omni
1079 1083 1108 1102 re
1123 1076 1240 1104 dillicilis
1261 1082 1313 1108 est,
1344 1085 1404 1112 qua:
1426 1084 1608 1113 expugnetur,
1629 1087 1694 1106 con-

909 1121 1026 1148 suetudo
1042 1130 1048 1148 :
1063 1122 1192 1155 quoniam
1206 1129 1268 1148 cum
1282 1123 1393 1150 multam
1412 1123 1444 1150 ad
1462 1124 1652 1151 attrahendum
1668 1126 1694 1151 in

909 1173 938 1192 se
952 1167 1084 1197 animum.
1101 1166 1327 1202 adiciendumque
1353 1168 1406 1194 vim
1432 1169 1564 1201 obtineat,
1593 1173 1649 1196 tum
1667 1171 1693 1197 in

908 1219 942 1238 eo
960 1212 1040 1244 valet,
1066 1216 1095 1239 ut
1120 1213 1239 1248 aliquam
1267 1215 1373 1241 honesti
1400 1215 1556 1249 opinionem
1584 1216 1692 1248 aﬂ‘erat;

909 1266 972 1285 nam
989 1259 1010 1285 si
1031 1258 1093 1293 quis
1119 1267 1151 1286 ex
1172 1260 1378 1292 consuetudine,
1405 1269 1511 1296 usuque
1525 1261 1694 1294 habitume

910 1304 1029 1338 aliquam
1042 1305 1126 1331 animi
1142 1304 1313 1331 affectionem
1332 1306 1383 1332 sibi
1400 1307 1611 1340 comparaverit,
1627 1307 1694 1332 nihil

909 1350 950 1376 vel
964 1350 1022 1384 ipsa
1035 1353 1132 1377 natura
1149 1351 1189 1377 sic
1207 1351 1363 1385 fugiendum
1375 1355 1417 1378 est
1432 1361 1439 1378 :
1455 1351 1527 1386 quod
1545 1351 1567 1378 si
1584 1352 1611 1378 in
1627 1359 1695 1378 con-

909 1395 1081 1422 suetudinem
1104 1396 1213 1427 ahierit,
1228 1405 1282 1422 non
1297 1397 1369 1423 muni
1388 1397 1479 1424 studio
1489 1398 1599 1432 dignum
1613 1406 1696 1433 expe~

909 1441 1076 1476 lendumquc
1091 1442 1225 1469 videatur.
1241 1443 1328 1476 Atque
1346 1443 1428 1477 hujus
1455 1444 1596 1470 scutentim
1616 1445 1695 1471 testis

909 1492 950 1514 cst
972 1488 1112 1514 hominum
1138 1488 1202 1519 vita,
1217 1488 1242 1515 in
1271 1496 1322 1523 qua
1347 1496 1407 1514 cum
1427 1489 1539 1516 infinitae
1561 1489 1695 1516 exsistant

909 1534 1112 1564 nationes.uon
1139 1542 1233 1561 omnes
1264 1538 1353 1561 tamen
1385 1543 1439 1561 uno
1455 1535 1603 1569 eodemque
1636 1540 1695 1562 stu-

910 1581 955 1607 dio
971 1580 1119 1611 ducuntur,
1137 1581 1184 1608 sed
1203 1581 1272 1615 apud
1290 1581 1424 1614 diversas,
1436 1590 1469 1609 ex
1488 1589 1582 1609 earum
1597 1583 1693 1616 cujus~

910 1634 963 1661 que
989 1627 1198 1658 consuetudine,
1220 1636 1279 1661 qlicu
1310 1628 1430 1654 studium
1454 1628 1480 1654 in
1499 1628 1588 1662 aliqua
1620 1637 1648 1655 re
1668 1633 1695 1656 et

909 1672 1084 1707 cupiditatem
1097 1673 1192 1707 gignit,
1213 1681 1255 1700 res
1267 1674 1293 1699 in
1306 1673 1409 1700 honore
1421 1678 1503 1708 atque
1518 1675 1604 1709 pretio
1619 1679 1692 1702 sunt.

908 1717 1001 1751 Neque
1017 1718 1088 1752 apud
1108 1718 1230 1745 diversas
1246 1718 1332 1745 solum
1354 1719 1480 1746 nationes
1493 1719 1626 1754 ejusmodi
1647 1720 1694 1747 ho-

909 1771 969 1790 rum
1001 1763 1153 1790 studiorum
1186 1765 1286 1790 variam
1316 1765 1555 1792 commutationem
1582 1773 1694 1793 cernere

909 1810 982 1841 licet,
1000 1813 1028 1836 ut
1046 1809 1115 1843 apud
1130 1809 1261 1844 quasdam
1281 1813 1375 1844 gentes
1397 1810 1424 1836 in
1452 1811 1540 1845 pretio
1560 1811 1606 1838 illa
1629 1812 1693 1842 sint,

909 1855 978 1890 apud
1001 1856 1068 1882 alias
1095 1855 1294 1889 improbentur,
1325 1855 1371 1882 sed
1395 1855 1422 1882 in
1451 1856 1546 1883 eadem
1572 1857 1693 1889 natione,

908 1903 1058 1936 eademque
1073 1901 1193 1932 civitate,
1207 1907 1233 1927 et
1259 1901 1360 1928 familia
1389 1902 1469 1933 hanc,
1487 1909 1547 1937 qua:
1567 1910 1582 1929 ο
1600 1903 1693 1938 εἰιιςιι-

909 1948 996 1974 lorqu
1027 1946 1225 1974 consuetudine
1263 1947 1404 1980 nascitur,
1441 1947 1691 1976 dissimilitudinem

909 1993 988 2027 plane
1004 1999 1171 2026 cognoscere
1183 1998 1342 2025 possumus.
1360 1991 1515 2026 Eodemque
1530 1992 1609 2019 modo
1624 2000 1694 2026 saepe

909 2039 1013 2073 gemelli
1035 2038 1135 2063 fratres
1157 2038 1272 2063 diversis
1292 2037 1354 2063 vita:
1372 2036 1471 2063 studiis
1493 2044 1523 2063 ex
1552 2045 1601 2064 usu
1624 2046 1692 2064 con-

909 2083 1108 2118 suetudineque
1124 2082 1211 2109 affecti
1228 2086 1302 2112 sunt,
1322 2089 1410 2116 neque
1422 2082 1474 2109 hoc
1488 2090 1553 2109 sane
1567 2083 1692 2111 mirabile

909 2135 950 2158 est
970 2139 976 2158 :
992 2130 1118 2165 quoniam
1137 2128 1236 2162 singuli
1252 2128 1377 2155 homines
1397 2135 1452 2154 non
1471 2136 1542 2163 stepe
1566 2129 1636 2156 idem
1661 2130 1693 2156 de

910 2185 962 2205 una
976 2177 1125 2211 eademque
1143 2183 1170 2202 re
1186 2175 1320 2206 sentiunt,
1339 2174 1385 2201 sed
1403 2175 1439 2200 ita
1464 2178 1493 2200 ut
1519 2175 1636 2210 quisque
1651 2181 1692 2202 est

909 2222 1108 2251 consuetudine
1125 2220 1248 2247 affectus.
1269 2220 1299 2246 Et
1323 2227 1367 2250 ne,
1383 2226 1443 2253 quae
1463 2227 1476 2246 a
1493 2227 1520 2245 re.
1541 2219 1598 2253 ipsa
1617 2220 1694 2246 valde

87 2265 194 2300 ῥυπαροῦ
211 2267 268 2302 βίου
284 2269 481 2303 ποιησαμένους
497 2270 544 2303 τὴν
558 2269 688 2296 δοκοῦσαν
701 2269 810 2304 ἔννομον
827 2278 855 2296 τε

912 2273 1014 2296 ΓΟΙΙὶυΙῖΙ
1030 2271 1106 2298 sunt,
1122 2273 1379 2296 commemoremus,
1401 2265 1501 2292 multos
1517 2273 1567 2292 nos
1583 2266 1692 2300 quidem

87 2311 126 2336 καὶ
142 2314 382 2348 συγκεχωρημένην
406 2314 458 2340 τῶν
482 2314 582 2348 ἡδονῶν
608 2315 761 2349 μετουσίαν.
782 2316 857 2343 Ἐπεὶ

87 2356 132 2391 γὰρ
146 2358 214 2391 ἅπαξ
229 2360 278 2394 τὴν
296 2360 421 2394 τοιαύτην
434 2360 610 2393 παρεδέξαντο
622 2362 730 2395 πεῖραν,
744 2361 813 2387 κατὰ
828 2361 858 2387 τὸ

90 2403 158 2437 ῥηθὲν
182 2406 245 2440 ἡμῖν
263 2406 308 2431 ἐπὶ
329 2405 375 2432 τοῦ
399 2406 506 2441 ῥείθρου
531 2407 698 2441 ὑπόδειγμα,
716 2407 775 2433 ὅλον
792 2407 859 2442 πρὸς

88 2447 160 2475 ταῦτα
173 2451 202 2477 τὸ
212 2452 406 2487 ἐπιθυμητικὸν
423 2453 655 2488 μεταστρέψαντες
666 2474 672 2485 ,
687 2453 733 2479 καὶ
750 2453 798 2488 τὴν
815 2454 859 2488 δρ-

90 2493 134 2527 μὴν
152 2495 201 2522 ἀπὺ
215 2498 268 2524 τῶν
283 2498 425 2533 θειοτέρων
442 2497 509 2533 πρὸς
527 2499 560 2525 τὰ
570 2499 683 2525 ταπεινὰ
702 2499 749 2525 καὶ
771 2498 858 2533 ὑλώδη

91 2542 314 2574 μετοχετεύσαντες
326 2565 333 2575 ,
350 2544 447 2579 πολλὴν
466 2546 494 2571 ὲν
508 2545 613 2575 ἑαυτοῖς
626 2544 674 2579 τὴν
689 2545 857 2579 εὐρυχωρίαν

90 2585 136 2615 τοῖς
151 2587 256 2614 πάθεσιν
273 2589 381 2624 ἤνοιξαν
391 2597 397 2604 ·
421 2590 457 2620 ὡς
483 2590 620 2621 παντελῶς
634 2590 683 2625 τῆς
698 2590 743 2616 ἐπὶ
757 2591 787 2616 τὸ
803 2590 858 2617 ἂνω

91 2632 163 2665 φορᾶς
175 2632 249 2668 λῆξαι
269 2635 316 2661 καὶ
330 2634 548 2670 ἀποξηρανθῆναι
563 2635 611 2670 τὴν
628 2635 782 2670 ἐπιθυμίαν,
795 2635 858 2670 ὅλην

93 2674 149 2708 πρὸς
170 2678 200 2704 τὰ
225 2679 297 2714 πάθη
316 2681 523 2716 μεταρῤυεῖσαν.
549 2681 597 2707 Διὰ
622 2680 700 2706 τοῦτο
723 2681 858 2712 λυσιτελὲς

92 2716 150 2747 εἶναι
164 2722 302 2760 νομίζομεν
316 2726 371 2757 τοῖς
386 2725 587 2761 ἀσθενεστέροις
601 2727 639 2758 εἰς
653 2726 701 2761 τὴν
712 2726 858 2762 παρθενίαν

124 2810 142 2826 ¹¹
158 2811 222 2840 l‘sal.
233 2821 308 2847 Lvm,
320 2815 344 2841 5.

907 2321 1041 2343 amatores
1081 2312 1280 2347 cognovimus,
1319 2311 1364 2345 qui
1395 2311 1429 2338 ab
1465 2311 1576 2338 ineunte
1611 2319 1693 2346 prope

907 2365 985 2389 aetate
1009 2367 1038 2386 se
1064 2358 1153 2385 omnis
1187 2356 1375 2390 temperantiae
1407 2356 1523 2382 maxime
1555 2355 1692 2382 studiosos

907 2404 1104 2434 ostenderunt;
1121 2403 1234 2437 impurm
1249 2409 1314 2428 vero
1341 2401 1402 2428 vita
1421 2401 1528 2427 initium
1556 2400 1691 2434 quoddam

907 2452 1045 2487 jeccrunt,
1061 2449 1134 2484 quod
1150 2449 1254 2483 justum
1271 2447 1433 2482 permissum
1448 2446 1556 2473 videtur
1569 2453 1630 2473 esse
1644 2453 1692 2471 vo—

909 2498 1045 2532 luptatum
1062 2494 1242 2525 consortium,
1256 2496 1350 2527 postea
1364 2499 1429 2519 vero
1448 2499 1529 2526 quam
1549 2491 1598 2517 hoc
1610 2489 1691 2516 senwl

907 2542 1009 2577 experti
1035 2544 1110 2570 sunt.
1140 2546 1261 2570 omnem,
1293 2543 1321 2564 ut
1346 2537 1372 2563 in
1399 2537 1467 2563 alvei
1493 2544 1543 2563 nos
1570 2535 1691 2568 eXeinplo

907 2588 1036 2618 diximus,
1047 2585 1224 2620 appetitionis
1238 2584 1290 2610 vim
1305 2591 1366 2610 cum
1383 2583 1414 2608 ad
1434 2582 1490 2608 haec
1503 2582 1560 2615 ipsa
1577 2587 1691 2606 conver-

908 2633 1001 2662 terint,
1019 2635 1071 2658 eta
1092 2631 1174 2657 rebus
1192 2629 1294 2656 divinis
1308 2629 1340 2655 ad
1371 2628 1498 2657 humiles.
1520 2625 1691 2658 caducasque

907 2682 1036 2708 mentem,
1050 2681 1077 2705 et
1097 2675 1272 2711 cupiditatem
1283 2674 1475 2704 traduxerim;
1493 2673 1529 2698 ita
1550 2669 1627 2697 valde
1639 2669 1690 2696 sibi

912 2727 1048 2758 patentem
1083 2722 1115 2749 ad
1147 2721 1230 2748 animi
1249 2719 1405 2747 allectioncs
1434 2718 1538 2745 aditum
1559 2721 1688 2750 apparue-
