1922 3078
188 125 243 150 ὃὸὲ)

848 106 877 134 S.
896 102 1062 133 ϐιιΕῦοιιιι
1082 100 1229 129 NYSSENI

1778 93 1833 121 560

194 183 268 212 mut.
287 182 316 205 ut
333 174 455 204 cmlestia
473 177 566 208 petere
581 169 694 197 omnino
705 166 852 200 desierint;
865 171 988 200 peneque
1003 188 1005 193 λ

1063 170 1076 193 ς
1098 161 1138 192 είς
1164 159 1283 194 ἀσφαλές
1301 166 1325 185 τι
1351 156 1478 193 φρούριον
1495 154 1697 189 καταφεύγειν,
1719 152 1767 178 καὶ
1796 150 1835 186 μὴ

1081 207 1087 212 ι
1138 206 1144 212 .
1184 206 1190 212 .
1231 205 1238 212 ι
1280 204 1304 212 ιιι
1394 211 1399 212 ,
1424 203 1429 210 ι
1449 210 1496 212 -μμ
1511 200 1554 212 -.ε
1575 201 1631 212 Dr...
1667 198 1818 212 ----....ἿΑ2

195 228 303 254 illarum
323 223 421 251 ardore
438 218 550 247 arefacti
566 217 631 248 sint,
647 223 708 242 cum
721 213 811 240 omnis
822 220 854 239 eo
870 210 989 238 confluat

194 271 335 308 appetitio.
351 267 534 302 Quamobrem
558 263 592 290 iis
621 261 667 296 qui
702 260 793 287 minus
816 256 886 285 ﬁrmi
913 259 987 287 sunt.

196 305 350 346 conducere
365 314 541 342 arbitrantur,
559 313 589 336 ut
600 308 632 335 ad
655 305 842 342 virginitatem
857 308 988 338 tanquam

199 365 233 391 ad
252 361 421 390 tutissimum
435 356 572 394 quoddam
586 353 742 390 prtesidiuin
758 349 926 384 confugiant.
941 356 990 374 ne-

198 417 252 445 que
271 408 303 435 ad
330 407 412 441 hujus
438 404 500 430 vitae
530 399 756 428 consuetudinem
781 394 989 423 descendentes,

200 444 296 483 contra
309 462 338 481 se
354 450 520 479 tentationes
536 449 699 482 provocent.
715 450 804 477 neque
826 445 856 468 ut.
880 444 992 475 propter

202 501 252 527 hos
268 497 360 525 carnis
377 495 500 526 affectus,
519 493 573 519 illis
592 498 621 519 se
646 488 765 516 maxime
791 486 873 513 rebus
902 483 992 518 impli-

201 549 275 575 cent.
298 551 359 578 (pun
389 546 563 574 summopere
590 536 691 564 mentis
709 537 811 561 nosti-te
841 533 993 566 repugnant

202 576 313 619 rationi.
349 587 592 623 periclitenturque
623 590 678 608 non
706 579 739 607 de
766 577 860 613 praxdii
881 576 991 607 ﬁnibus,

204 645 258 664 non
273 636 306 662 de
319 635 496 670 pecuniarum
521 630 641 665 jactura,
666 634 719 654 non
745 625 778 652 de
793 623 854 650 ullis
876 622 994 655 denique

204 682 313 709 cateris
332 680 425 709 rebus.
438 685 496 712 quae
511 677 538 703 in
551 675 601 701 hac
622 674 676 700 vita
691 674 867 706 expetuntur,
897 668 943 695 sed
963 667 996 694 de

205 735 237 754 ea
252 734 310 761 spe.
325 733 386 760 qua:
403 723 541 759 prazlucet.
556 719 614 746 Non
629 719 701 746 enim
717 716 763 751 qui
780 715 813 742 ad
831 722 877 741 res
898 713 995 740 huma-

207 780 256 799 nas
281 774 380 800 mente.
399 769 544 801 animoque
569 773 598 792 se
614 762 768 792 convertit.
788 763 871 794 atque
885 765 995 786 onmem

208 818 272 844 illuc
286 823 380 842 curam
398 813 500 846 reiicit,
518 811 694 844 animumque
714 814 794 834 suum
819 805 846 832 in
861 811 893 832 eo
919 810 997 830 occu-

208 867 265 897 pat,
281 865 311 887 ut
322 859 480 888 hominibus
503 858 619 892 placeat,
644 855 667 881 is
682 856 771 888 potest
783 851 900 886 primum
919 848 995 879 illud,

208 912 235 934 et
249 906 396 932 maximum
412 903 458 930 Dei
476 906 639 937 prmceptum
652 899 771 932 explere.
781 903 835 931 quo
845 901 996 926 monemur,

209 957 236 978 ut
255 955 312 978 toto
323 949 417 980 corde,
430 948 494 975 totis
519 946 623 973 viribus
651 943 735 971 Deum
756 943 913 976 diligamus.
938 940 997 972 Quo

209 998 281 1025 enim
298 1000 378 1031 pacto
397 995 451 1026 ﬁet.
470 998 500 1021 ut
517 996 574 1020 toto
596 991 657 1026 quis
676 990 768 1017 animo
794 988 877 1015 Deum
892 986 996 1021 diligat,

211 1050 272 1070 cum
300 1049 381 1069 suum
398 1040 442 1067 hic
460 1039 581 1066 animum
602 1037 682 1064 modo
700 1035 726 1062 in
749 1035 846 1065 Deum.
864 1033 946 1060 modo
972 1034 997 1058 in

211 1097 256 1116 res
272 1089 406 1114 humanas
423 1085 554 1120 impellat.
578 1083 751 1116 debitamque
778 1080 816 1106 illi
831 1079 882 1106 soli
913 1079 999 1113 pieta-

211 1143 277 1164 tem.
293 1140 324 1159 ac
340 1130 552 1159 benevolentiam
573 1128 690 1163 quodam
710 1126 789 1153 modo
817 1124 947 1159 eripiens.
969 1124 996 1150 in

213 1179 339 1205 humanis
370 1176 511 1202 affectibus
539 1171 702 1200 exhauriat?
730 1171 832 1197 t-(elelis
861 1169 932 1196 enim
956 1176 1000 1199 ea,

213 1232 273 1259 qum
290 1223 336 1250 Dei
355 1227 429 1252 sunt,
446 1225 525 1248 curat
546 1229 552 1246 :
572 1219 618 1254 qui
641 1225 706 1243 vero
737 1216 914 1243 matrimonio
943 1214 1001 1240 viu-

213 1274 277 1296 ctus
292 1273 342 1300 est,
356 1268 382 1294 in
400 1267 452 1296 bis.
470 1273 530 1300 qum
543 1269 569 1291 et
595 1263 687 1290 mundi
713 1266 740 1289 et
769 1261 910 1288 hominum
927 1263 1002 1292 sunt.

214 1322 309 1342 curam
328 1312 504 1346 studiumque
529 1309 649 1336 adhibet.
678 1307 727 1334 Sin
752 1311 841 1333 autem
868 1306 1003 1333 laboriosa

214 1364 310 1387 contra
339 1359 492 1392 voluptates
518 1363 549 1382 ac
577 1354 698 1381 dillicilis
722 1353 830 1380 videtur
850 1359 957 1386 pugna;
975 1351 1005 1378 li-

215 1405 289 1433 denti
305 1406 395 1431 animo
411 1403 527 1438 quisque
550 1403 585 1428 sit
606 1405 629 1427 et
652 1399 731 1431 forti;
750 1406 804 1425 non
819 1398 891 1425 enim
910 1405 1005 1432 parum

1040 207 1107 242 πρὸς
1119 206 1168 241 τὴν
1179 204 1338 232 ἀκολουθίαν
1355 203 1496 233 κατιόντας
1509 200 1555 227 τοῦ
1575 201 1632 236 βίου
1645 221 1651 232 ,
1667 198 1837 235 προσκαλεέ-

1042 252 1102 279 σθαι
1121 252 1181 278 καθ’
1198 250 1300 278 ἑαυτῶν
1323 248 1510 285 πειρασμοῦς,
1535 247 1582 273 καὶ
1606 247 1661 277 τοῖς
1684 245 1838 278 ἀντιστρα-

1039 298 1195 333 τευομένοις
1211 297 1249 331 τῷ
1264 296 1338 331 νόμῳ
1357 294 1404 321 τοῦ
1417 294 1475 325 νοὸς
1493 293 1571 330 ἡμῶν
1584 292 1626 318 διὰ
1637 291 1689 317 τῶν
1702 291 1754 325 τῆς
1770 298 1840 325 σαρο

1041 345 1088 376 κδς
1104 343 1273 378 παθημάτων
1291 340 1513 377 συμπλέκεσθαι,
1537 339 1582 366 καὶ
1610 337 1776 365 κινδυνεύειν
1805 336 1839 362 οὗ

1042 392 1105 426 περὶ
1120 391 1171 424 γῆς
1188 390 1269 424 ὅρων,
1283 388 1299 423 ἢ
1311 387 1459 423 χρημάτων
1474 385 1624 420 ἀποϐολῆς,
1640 384 1657 419 ἦ
1672 383 1752 410 ἄλλον
1763 381 1839 412 τινὸς

1042 438 1096 463 τῶν
1115 436 1185 462 κατὰ
1211 435 1260 470 τὴν
1287 434 1360 469 ζωὴν
1386 433 1486 467 ταύτην
1513 430 1754 465 σπουδαζομένων,
1770 428 1840 454 ἀλλὰ

1045 481 1108 517 περὶ
1129 480 1179 515 τῆς
1195 478 1402 514 προηγουμένης
1416 476 1531 507 ἐλπίδος.
1547 476 1604 501 Οὔκ
1631 475 1687 500 ἐστι
1711 475 1766 508 γὰρ
1792 472 1840 498 τὸν

1044 528 1083 555 εἰς
1097 525 1142 552 τὸν
1157 526 1258 560 κόσμον
1272 523 1365 550 τοῦτον
1377 523 1582 557 ἀποστρέφοντα
1595 521 1644 555 τὴν
1656 520 1776 546 διάνοιαν
1791 520 1839 546 καὶ

1043 572 1093 606 τὴν
1109 571 1202 598 ἐνθάδε
1229 571 1364 605 μέριμναν
1379 568 1564 597 ἀναλαϐόντα,
1582 568 1627 593 καὶ
1643 568 1682 597 εἰς
1700 565 1841 600 ἀνθρωπί-

1045 627 1094 654 νην
1108 617 1254 653 ἀρέσκειαν
1268 615 1431 651 ἀσχολοῦνται
1450 613 1546 640 ἑαυτοῦ
1565 614 1613 648 τὴν
1630 612 1755 648 καρδῖαν,
1770 611 1841 645 πλη-

1048 664 1134 698 ρωτὴν
1146 662 1272 697 γενέσθαι
1286 663 1334 696 τῆς
1351 661 1461 696 πρώτης
1475 660 1521 686 καὶ
1533 659 1653 694 μεγάλης
1667 658 1778 690 ἐντολῆς
1794 658 1841 684 τοῦ

1049 708 1152 744 Κυρίου
1164 728 1170 740 ,
1187 708 1204 742 ἦ
1223 716 1304 742 φησιν
1319 706 1347 739 ἐξ
1370 706 1432 740 ὅλης
1449 705 1560 740 καρδίας
1575 705 1621 731 καὶ
1637 704 1780 738 δυνάμεως
1797 703 1843 729 τὸν

1047 755 1112 781 Θεὸν
1125 755 1244 789 ἀγαπᾷν.
1259 753 1321 785 Πῶς
1335 753 1389 788 γὰρ
1401 753 1538 787 ἀγαπήσει
1552 760 1592 783 τις
1607 752 1635 784 ἐξ
1647 751 1710 786 ὅλης
1728 749 1845 784 καρδίας

1048 802 1095 827 καὶ
1110 800 1248 835 δυνάμεως
1265 800 1311 826 τδν
1334 799 1400 825 Θεὸν
1413 819 1419 829 ,
1441 799 1504 824 ὅταν
1522 796 1692 832 καταμερίσῃ
1709 795 1759 830 τὴν
1774 803 1845 829 καρ-

1013 834 1032 861 Β
1047 847 1106 873 δίαν
1122 846 1218 873 ἑαυτοῦ
1235 846 1302 882 πρὸς
1313 846 1378 872 Θεὸν
1390 846 1435 872 καὶ
1449 845 1560 880 κόσμον,
1579 844 1625 870 καὶ
1641 843 1768 870 κλέπτων
1785 842 1846 877 τρό-

1047 901 1096 919 πον
1111 892 1171 919 τινὰ
1189 891 1238 927 τὴν
1266 891 1361 926 ἐκείνῳ
1385 890 1457 926 μόνῳ
1476 890 1702 926 χρεωστουμένην
1718 889 1844 922 ἀγάπην,

1046 937 1225 973 ἀνθρωπίνοις
1250 938 1333 972 αὐτὴν
1364 937 1463 964 πάθεσι
1499 936 1723 972 προσαναλίσκῃς
1745 936 1759 961 ὁ
1788 937 1844 969 γὰρ

1047 985 1152 1020 ἄγαμος
1171 984 1290 1018 μεριμνᾷ
1304 984 1337 1010 τὰ
1350 983 1396 1010 τοῦ
1409 983 1523 1018 Κυρίου,
1546 984 1560 1010 ὁ
1580 982 1608 1009 δὲ
1621 982 1751 1017 γαμήσας
1767 989 1847 1016 μερι-

1050 1031 1103 1065 μνᾷ
1116 1029 1149 1055 τὰ
1165 1028 1211 1054 τοῦ
1234 1028 1348 1064 κόσμου.
1367 1029 1397 1055 El
1408 1028 1435 1055 δὲ
1449 1029 1575 1059 ἐπίπονος
1593 1029 1609 1063 ἡ
1632 1027 1700 1062 πρὶς
1716 1027 1766 1057 τὰς
1782 1026 1847 1061 ἡδο-

1050 1077 1098 1108 νὰς
1111 1077 1184 1112 μάχη
1197 1077 1280 1107 δοκεῖ,
1299 1075 1437 1110 θαρρείτω
1451 1075 1519 1106 πᾶς·
1533 1074 1592 1101 οὐδὲ
1611 1074 1665 1108 γὰρ
1679 1071 1748 1108 πρὸς
1767 1071 1848 1097 τοῦτο

1053 1122 1138 1158 μικρὰ
1163 1123 1178 1158 ή
1195 1121 1322 1156 συνήθεια
1341 1121 1386 1147 καὶ
1409 1121 1464 1152 τοῖς
1481 1119 1693 1150 δυσκολωτάτοις
1711 1115 1779 1144 εἶναι
1804 1117 1850 1143 δι)-

1051 1168 1155 1199 κοῦσιν,
1175 1168 1271 1202 ἡδονήν
1286 1175 1345 1200 τινα
1362 1166 1405 1192 διὰ
1418 1165 1466 1200 τῆς
1481 1164 1613 1199 ἐπιμονῆς
1633 1162 1847 1199 ἑνεργάτασθαιυ

1054 1215 1100 1240 καὶ
1115 1214 1210 1249 ἡδονὴν
1223 1213 1271 1248 τὴν
1287 1213 1434 1247 καλλίστην
1449 1211 1495 1238 καὶ
1508 1210 1713 1245 καθαρωτάτην,
1728 1207 1762 1244 ἧς
1774 1207 1849 1240 ᾶξιᾶν

1054 1263 1111 1288 ἐστι
1131 1261 1175 1287 τόν
1192 1269 1223 1294 γε
1246 1259 1308 1287 νοῦν
1324 1260 1418 1295 ἔχοντα
1443 1258 1614 1294 περιέχεσθαι
1633 1257 1752 1292 μᾶλλον,
1776 1255 1793 1290 ἦ
1814 1256 1849 1288 τῇ

1054 1308 1117 1343 περὶ
1138 1306 1172 1333 τὰ
1197 1306 1311 1333 ταπεινᾶ
1329 1304 1541 1340 μικροπρεπείᾳ,
1569 1303 1622 1330 τῶν
1642 1302 1768 1338 μεγάλων
1786 1302 1850 1327 κατ’

1055 1353 1182 1388 ἀλήθειαν
1206 1352 1254 1379 κα)⁸
1283 1352 1372 1378 πάντα
1392 1350 1453 1377 νοῦν
1477 1350 1664 1385 ὑπερεχόντων
1687 1345 1851 1382 ἀλλοτριοῦ-

1059 1398 1130 1425 σθαι.

216 1454 245 1480 in
259 1460 291 1480 eo
306 1451 479 1479 consuetudo
495 1449 578 1480 valet,
600 1451 628 1473 ut
650 1447 689 1474 vel
705 1447 738 1474 iis
762 1453 823 1480 quae
835 1444 999 1472 difﬁcillima
1019 1452 1080 1471 esse
1101 1445 1239 1478 videnlur,
1264 1445 1430 1479 voluptatem
1460 1442 1619 1478 quamdam,
1651 1449 1771 1475 eamque
1804 1439 1854 1465 hu-

218 1499 405 1528 nestissimam
423 1502 450 1525 et
463 1497 580 1524 maxime
596 1502 691 1530 paraui
711 1502 743 1521 ex
760 1493 851 1528 aliqua
881 1493 1084 1527 perseverantia
1115 1493 1213 1527 pariat,
1247 1492 1328 1526 cujus
1367 1491 1478 1526 quidem
1506 1489 1656 1523 voluptatis
1691 1495 1787 1514 amore
1815 1483 1848 1514 is.

217 1549 264 1584 qui
293 1552 382 1574 tuente
403 1545 531 1581 praeditus
565 1547 624 1574 est.
645 1542 736 1577 potius
758 1545 800 1568 est
829 1539 1004 1571 delinendus.
1025 1548 1106 1574 quam
1124 1548 1138 1566 a
1157 1541 1238 1567 rebus
1252 1547 1315 1566 vere
1327 1538 1442 1573 magnis.
1460 1545 1554 1572 quinve
1587 1543 1698 1562 onmem
1735 1537 1853 1561 mentem

218 1594 364 1624 excedunt,
383 1591 545 1619 alienati-lus
561 1597 592 1616 ex
611 1587 779 1615 demissione
808 1586 923 1621 quadam
947 1585 1042 1618 animi,
1057 1594 1117 1621 qum
1131 1587 1157 1613 in
1170 1587 1251 1613 rebus
1265 1585 1416 1612 humilibus
1429 1583 1561 1611 cernitur.

535 1658 648 1688 CAPUT
669 1657 702 1684 Χ.

424 1719 496 1752 Quid
514 1725 541 1744 re
554 1725 613 1744 vera
626 1715 808 1747 expetendum.

257 1778 364 1811 Quanta
379 1776 451 1802 enim
471 1773 580 1808 jactura
597 1771 654 1802 ﬁat.
672 1779 733 1798 cum
749 1769 810 1804 quis
827 1769 882 1795 veri
905 1768 1011 1795 honesti

223 1822 400 1860 possessione
416 1820 501 1851 cadit,
525 1826 586 1853 qnze
601 1817 735 1843 orationis
756 1816 797 1842 vis
824 1815 875 1841 hoc
891 1814 1013 1848 explica-

224 1859 281 1896 ret?
297 1869 435 1902 quantave
456 1863 557 1890 mentis
576 1866 650 1889 esset
665 1860 819 1887 adhibenda
838 1859 1013 1894 praestantia?

225 1916 287 1948 Quo
302 1913 374 1940 enim
394 1910 474 1937 modo
492 1909 556 1944 quis
573 1908 606 1943 id
629 1906 792 1941 explicando
809 1911 1012 1940 assequeretur.

225 1957 298 1994 quod
317 1964 406 1991 neque
429 1955 555 1982 oratione
577 1952 705 1987 exprimi,
730 1958 818 1986 neque
834 1954 925 1977 mente
944 1957 1015 1976 coui-

226 2003 357 2040 prehendi
387 2000 495 2036 potest?
518 2000 586 2025 Nam
614 1998 636 2025 si
660 1998 722 2032 quis
750 1997 787 2023 ita
809 1995 908 2023 mentis
928 1995 1013 2022 aciem

226 2039 396 2084 purgaverit,
414 2049 443 2072 ut
459 2045 551 2078 aliquo
570 2047 648 2078 pacto
664 2042 763 2069 intueri
780 2041 879 2076 possit.
898 2039 969 2075 quod
987 2039 1014 2066 in

227 2091 445 2122 beatitudinibus
471 2090 572 2117 factum
601 2096 643 2116 est
669 2088 750 2116 nobis
775 2095 790 2114 τι
817 2086 871 2114 Deo
896 2085 1015 2121 promis-

228 2146 301 2168 sum.
315 2137 338 2164 is
351 2143 460 2163 onmem
475 2134 615 2162 horniuum
631 2141 723 2160 vocem
736 2131 926 2167 reprehendet.
936 2130 1015 2164 quasi

228 2183 331 2210 nullam
361 2181 416 2208 vim
444 2180 542 2207 habeat
566 2179 598 2206 ad
625 2179 664 2205 rei
690 2178 836 2205 intellecta‘.
857 2176 1017 2211 explicatio-

230 2237 310 2261 nem;
328 2228 350 2255 si
368 2227 430 2262 quis
451 2231 540 2253 autem
559 2225 684 2260 corporis
704 2225 740 2250 ita
756 2228 798 2251 est
816 2223 938 2250 irretitus
953 2221 1017 2248 affe-

229 2274 332 2306 ctibus.
354 2278 383 2299 ut
396 2272 497 2299 mentis
512 2279 568 2298 suae
581 2271 654 2297 acies
674 2270 817 2297 affectione
838 2268 918 2300 mala,
939 2267 1017 2302 quasi

1022 1636 1043 1664 C

1379 1653 1506 1679 ΚΕΦΑΛ.
1525 1653 1553 1678 l’.

1241 1711 1272 1738 TI
1294 1711 1326 1737 τὸ
1343 1709 1461 1743 ἀληθῶς
1482 1708 1674 1743 ἐπιθυμητίν.

1100 1769 1171 1803 ’Ότη
1188 1769 1241 1802 γάρ
1260 1769 1332 1794 ἐστιν
1353 1767 1369 1802 ἡ
1387 1766 1472 1802 ζημία
1498 1767 1527 1792 ὲν
1551 1765 1708 1792 ἀπο-πτώσει
1730 1763 1859 1799 γενέσθαι

1064 1815 1112 1849 τῆς
1127 1814 1173 1841 τοῦ
1198 1815 1281 1846 ὅντως
1295 1813 1382 1853 καλοῦ
1399 1813 1520 1847 κτήσεως
1533 1832 1539 1844 ,
1559 1811 1599 1843 τίς
1615 1811 1647 1838 ἂν
1671 1811 1858 1846 παραστήσειε

1064 1860 1160 1894 λῦγοςς
1178 1860 1241 1895 ποίᾳ
1262 1859 1284 1886 δ’
1300 1859 1332 1886 ἄν
1349 1868 1390 1890 τις
1409 1858 1540 1894 χρήσαιτο
1562 1857 1679 1888 διανοίας
1696 1851 1836 1892 ὑπερϐολῇ
1850 1864 1858 1884 ς

1066 1907 1124 1938 πῶς
1140 1905 1172 1933 ἂν
1187 1905 1331 1938 ἐνδείξαιτο
1347 1906 1393 1932 καὶ
1413 1906 1452 1936 είς
1469 1904 1630 1939 ὑπογραφὴν
1643 1903 1742 1937 ἀγάγοι
1761 1902 1792 1928 τὸ
1813 1901 1860 1928 καὶ

1065 1954 1136 1988 λόγῳ
1152 1953 1269 1988 ἇρρητον
1285 1953 1331 1979 καὶ
1345 1952 1458 1987 νοήματι
1469 1950 1675 1984 ἀκατάληπτονς
1692 1949 1724 1976 Et
1742 1949 1791 1984 μὲν
1806 1948 1859 1983 γάρ

1065 2008 1107 2030 τις
1119 1999 1176 2030 (ἐπὶ
1192 1998 1318 2024 τοσοῦτον
1338 1997 1368 2023 τδ
1384 1997 1433 2032 τῆς
1449 1996 1562 2032 καρδίας
1580 1995 1656 2030 ὅμμα
1679 1994 1858 2029 κεκάθαρταῑ,

1066 2045 1103 2076 ὡς
1126 2043 1272 2079 δυνηθῆναί
1289 2052 1347 2075 πως
1366 2043 1428 2069 ἰδεῖν
1443 2043 1473 2068 τὸ
1488 2042 1516 2068 ὲν
1535 2043 1590 2072 τοῖς
1607 2041 1792 2076 μακαρισμοῖς
1808 2039 1861 2065 ὑπὸ

1067 2089 1113 2117 τοῦ
1128 2090 1231 2125 Κυρίου
1249 2088 1452 2123 ἐπηγγελμένον
1465 2108 1471 2120 ,
1489 2087 1578 2121 πάσης
1593 2085 1798 2120 καταγνώσεται
1811 2085 1859 2110 ἀν-

1067 2136 1206 2171 θρωπίνης
1227 2135 1336 2170 φωνῆς,
1352 2133 1390 2165 ὡς
1406 2132 1534 2168 οὐδεμίαν
1554 2132 1668 2167 ἐχούσης
1681 2130 1797 2165 δύναμιν
1820 2129 1861 2160 είς

1066 2182 1116 2217 τὴν
1129 2181 1175 2208 τοῦ
1203 2181 1343 2216 νοηθέντος
1360 2180 1550 2214 παράστασιν·
1573 2179 1597 2205 εἰ
1619 2177 1647 2204 δέ
1673 2185 1714 2208 τις
1740 2176 1781 2202 ἔτι
1805 2176 1860 2206 τοῖς

1069 2229 1168 2260 ὑλικοῖς
1190 2227 1377 2262 ἐγκαθήμενος
1402 2225 1521 2257 πάθεσι,
1545 2224 1670 2258 καθάπερ
1695 2222 1747 2248 ὑπὸ
1771 2221 1860 2255 λήμης

1071 2274 1141 2305 τινὸς
1155 2275 1205 2309 τῆς
1217 2271 1354 2307 ὲμπαθοῦς
1366 2271 1510 2301 διαθέσεως
1532 2270 1562 2296 τὸ
1578 2268 1729 2304 διορατικδν
1748 2267 1798 2302 τῆς
1813 2266 1862 2300 ψυ-

231 2319 394 2354 lippitudine
416 2317 534 2352 quadam
550 2317 698 2344 obscurata
723 2315 770 2347 sit,
787 2315 878 2341 inanis
892 2314 956 2340 huic
977 2322 1005 2341 es

1071 2320 1122 2356 χῆς
1136 2319 1334 2346 ἐπιπέπλασται
1348 2340 1355 2351 ,
1383 2318 1484 2353 ματαία
1508 2316 1554 2342 καὶ
1573 2315 1659 2350 τούτῳ
1684 2314 1760 2340 πᾶσα
1776 2313 1861 2346 λόγων

229 2369 258 2393 et
280 2365 393 2399 minime
415 2363 556 2390 fructuosa
571 2362 661 2389 omnis
677 2362 718 2388 vis
732 2366 758 2388 ct
774 2361 909 2387 orationis
927 2361 1018 2395 copia,

231 2411 362 2446 quoniam
381 2411 408 2437 in
423 2410 477 2437 illis
494 2409 540 2444 qui
557 2409 616 2436 sine
636 2416 719 2435 sensu
737 2412 811 2438 sunt.
836 2407 948 2442 perinde
966 2411 1018 2438 est,

230 2459 324 2486 eleves
345 2456 437 2484 verbis
453 2464 486 2483 an
507 2455 659 2489 ainpliﬁces
680 2454 812 2480 miracula
830 2462 837 2479 :
853 2457 882 2479 ut
905 2453 931 2479 in
954 2453 1021 2479 solis

233 2503 328 2535 radiis,
349 2503 439 2529 inanis
456 2506 508 2534 est,
527 2505 609 2536 atque
631 2501 744 2527 minime
763 2500 837 2526 utilis
851 2499 884 2526 de
906 2499 950 2526 his
967 2505 1023 2525 ser-

233 2551 323 2577 monis
337 2547 484 2583 explieatio
497 2547 532 2577 ei,
547 2547 593 2580 qui
608 2546 697 2572 lumen
714 2545 748 2572 ab
763 2549 824 2571 ortu
838 2552 891 2571 non
906 2543 1021 2579 aspexit.

232 2596 363 2630 quoniam
393 2593 504 2620 luminis
529 2592 621 2619 radios
651 2591 766 2618 auribus
791 2590 932 2624 percipere
969 2596 1024 2615 non

234 2644 324 2676 potest
344 2648 349 2666 :
368 2639 404 2665 ita
428 2639 455 2664 in
475 2644 539 2664 vero
556 2636 670 2668 lumine,
688 2636 760 2670 quod
784 2639 876 2662 mente
890 2634 1024 2664 cernitur,

234 2686 294 2713 suis
307 2686 406 2719 cuique
424 2682 513 2710 oculis
535 2689 604 2716 opus
619 2685 672 2713 est.
698 2685 727 2708 ut
744 2681 818 2707 illam
840 2679 1025 2715 pulchritudi-

235 2739 296 2758 nem
313 2730 439 2765 aSpiciat,
455 2736 536 2764 quam
553 2727 599 2762 qui
621 2734 735 2754 munere
751 2726 810 2758 Dei,
828 2734 860 2752 ae
876 2724 1023 2760 providen-

235 2777 271 2803 tla
288 2777 386 2806 cernit.
403 2773 556 2802 incredibili
576 2773 675 2800 mentis
692 2776 804 2807 stupore
818 2775 926 2798 tenetur
948 2771 974 2797 in
990 2776 1024 2797 eo

235 2822 306 2857 quod
324 2821 440 2855 evprimi
457 2828 510 2848 non
526 2823 634 2855 potest;
651 2819 697 2854 qui
713 2825 776 2846 vero
793 2825 847 2845 non
863 2816 983 2852 aspexit,
1001 2816 1024 2844 is

1070 2365 1166 2401 ἰσχύς·
1191 2365 1236 2391 ἐπὶ
1262 2365 1315 2399 γὰρ
1342 2363 1396 2389 τῶν
1415 2362 1586 2396 ἀναισθήτως
1611 2360 1748 2395 ἐχόντων,
1775 2359 1804 2384 ὲν
1821 2357 1858 2392 τῷ

1069 2411 1153 2446 ὁμοίῳ
1174 2410 1325 2443 καθέστηκε
1343 2409 1372 2435 τό
1392 2417 1420 2434 τε
1436 2407 1562 2434 ἐλαττοῦν
1585 2406 1628 2432 διὰ
1648 2405 1695 2432 τοῦ
1710 2405 1790 2438 λόγου
1815 2403 1860 2429 καὶ

1069 2456 1100 2482 τὸ
1120 2454 1278 2490 ὑπεραίρειν
1295 2453 1329 2480 τὰ
1349 2453 1490 2488 θαύματα·
1505 2452 1542 2483 ὼς
1557 2451 1603 2477 καὶ
1624 2450 1670 2476 ἐπὶ
1685 2449 1734 2483 τῆς
1748 2447 1862 2483 ἡλιακῆς

1071 2500 1178 2530 ἀκτῖνος
1189 2519 1195 2530 ,
1210 2498 1248 2532 τῷ
1263 2497 1301 2533 μὴ
1316 2497 1472 2532 τεθεαμένῳ
1491 2496 1520 2523 τὸ
1543 2495 1600 2530 φῶς
1617 2494 1669 2521 ἀπὺ
1693 2493 1805 2528 πρώτης
1818 2500 1860 2525 γε·

1072 2545 1171 2576 νέσεως
1185 2543 1257 2580 ἀργὴ
1276 2543 1322 2570 καὶ
1346 2543 1472 2577 ἀνόνητος
1491 2541 1593 2576 γίνεται
1608 2542 1624 2575 ἡ
1648 2539 1692 2566 διὰ
1710 2539 1765 2565 τῶν
1777 2537 1860 2570 λόγων

1072 2590 1119 2617 τοῦ
1135 2590 1221 2624 φωτὸς
1249 2590 1379 2625 ἑρμηνεία
1391 2598 1398 2604 '
1413 2589 1443 2615 οὐ
1461 2588 1515 2623 γάρ
1542 2588 1599 2614 ἐστι
1615 2585 1726 2612 δυνατὸν
1751 2584 1800 2619 τὴν
1815 2582 1861 2616 τῆς

1074 2637 1180 2667 ἀκτῖνος
1207 2636 1366 2671 λαμπηδόνα
1393 2635 1425 2661 δι’
1444 2634 1526 2668 ἀκοῆς
1545 2632 1704 2666 ὲναυγάσαι.
1723 2629 1802 2656 Οὕτω
1818 2628 1861 2655 καὶ

1075 2682 1121 2708 ἐπὶ
1133 2681 1181 2708 τοῦ
1197 2681 1324 2716 ἀληθινοῦ
1343 2681 1390 2707 καὶ
1401 2680 1496 2714 νοητοῦ
1511 2679 1599 2714 φωτὸς
1611 2698 1618 2709 ,
1634 2678 1708 2704 ἰδίων
1717 2674 1861 2711 ὀφθαλμῶν

1077 2727 1183 2761 ὲκάςτῳ
1205 2727 1283 2762 χρεία
1296 2748 1303 2759 ,
1317 2727 1360 2753 ἵνα
1383 2726 1414 2752 τὸ
1429 2725 1525 2756 κάλλος
1540 2725 1626 2751 ἐκεῖνο
1640 2723 1781 2757 θεάσηται,
1799 2721 1860 2755 ὅπερ

1077 2773 1090 2797 ὁ
1107 2771 1155 2806 μὲν
1170 2771 1230 2799 ἰδὼν
1247 2771 1317 2798 κατά
1328 2780 1387 2798 τινα
1402 2770 1475 2797 θείαν
1491 2769 1594 2805 δωρεάν
1607 2777 1635 2794 τε
1652 2768 1698 2794 καὶ
1713 2766 1856 2793 ἐπίπνοιαν.

1077 2817 1277 2854 ἀνερμήνεντον
1293 2818 1321 2845 ὲν
1334 2817 1372 2852 τῷ
1384 2817 1532 2852 ἀπορρήτῳ
1547 2816 1596 2848 τῆς
1615 2813 1795 2848 συνειδήσεως
1810 2812 1860 2847 ἔχει
