1922 3078
88 96 133 124 551
759 93 803 121 DE
811 93 1048 122 VlRGlNlTATE.

1664 94 1716 122 562

87 153 132 188 τὴν
151 152 281 188 ἔκπληξιν
294 160 301 167 ⁸
318 153 332 179 ό
352 153 380 179 δὲ
402 153 438 188 μὴ
456 152 618 188 τεθεαμένος
629 173 637 185 ,
655 153 716 180 οὐδὲ
740 152 874 188 γνώσεται

927 161 1016 188 neque
1025 161 1118 181 earum
1138 161 1229 181 rerum
1242 154 1372 181 damnum
1391 153 1500 185 sentiet,
1517 153 1619 187 quibus
1633 154 1717 180 orba-

87 200 132 234 τὴν
144 199 248 234 ζημίαν
267 196 304 225 ὧν
319 200 514 234 ἀπεστέρηται.
531 200 594 232 Πῶς
609 200 663 236 γὰρ
686 200 719 226 ἄν
741 208 782 231 τις
799 200 873 235 αὐτῷ

87 245 260 279 διαπεφευγὸς
288 245 368 271 αὐτὸν
391 245 493 279 ἀγαθὸν
508 247 692 282 παραστήσειε
705 255 712 278 ;
727 246 785 277 πῶς
803 246 825 272 δ’
841 246 874 273 ἄν

87 300 125 323 τις
137 292 181 317 ὑπ’
197 291 259 326 δψιν
280 291 379 325 ἀγάγοι
395 291 426 318 τὺ
445 291 583 326 ἄφραστον
597 300 604 323 ;
623 292 702 324 Ὶδίας
719 292 810 326 φωνὰς
826 300 874 327 ση-

89 337 216 373 μαντικὰς
243 338 348 364 ἐκείνου
375 338 422 364 τοῦ
449 338 564 370 κάλλους
588 338 619 364 οὐ
650 338 848 374 μεμαθήκαμεν
865 345 872 352 ”

87 384 233 419 ὑπόδειγμα
257 384 303 411 τοῦ
329 384 495 420 ζητουμένου
524 385 622 415 ἐντοῖς
646 382 721 411 οὖσιν
735 385 786 411 οὐκ
800 384 873 410 ἐστιν

189 430 223 456 ὲκ
245 430 415 466 συγκρίσεώς
433 438 464 464 γε
483 429 535 465 μὴν
548 430 614 456 αὺτδ
628 430 779 465 δηλωθῆναιι
803 431 873 465 θηλὴ·

86 485 169 510 χανον.
190 476 240 507 Τίς
269 475 322 511 γὰρ
352 475 435 511 ὀλίγῳ
467 475 596 511 σπινθῆρι
623 474 799 512 προσεικάζει
827 476 873 502 τὸν

86 522 163 556 ἣλιον,
183 522 199 556 ἢ
218 521 315 557 ρανίδα
339 521 468 557 βραχεῖαν
493 522 559 557 πρὸς,
589 521 638 556 τὴν
667 521 721 548 τῶν
747 520 873 547 ἀϐύσσων

85 567 207 603 ἀπειρίαν
223 567 403 602 ἁνθίστησιν;
427 568 475 594 "Ov
499 567 554 602 γὰρ
567 567 623 602 ἔχει
638 567 715 601 λόγον
738 567 806 603 πρὸς
824 567 872 599 τὰς

86 614 214 645 ἀϐύσσους
237 614 255 648 ἡ
286 613 363 648 ὀλίγη
389 612 496 647 σταγὼν
511 631 519 645 ,
548 613 565 648 ἦ
589 613 657 648 πρὸς
684 613 732 649 τὴν
753 613 873 648 μεγάλην

85 660 174 686 ἀκτῖνα
187 658 237 686 τοῦ
253 659 329 695 ἡλίου
344 659 374 686 τὸ
388 659 486 694 μικρὸν
503 658 712 694 σπινθηράκιον·
728 658 800 686 οὕτω
817 659 874 685 διά-

86 714 166 732 κειται
187 706 236 732 καὶ
253 706 342 732 πάντα
357 705 391 732 τὰ
414 705 488 741 παρά
509 705 563 732 τῶν
577 705 727 740 ἀνθρώπων
747 705 784 736 ὡς
804 705 874 732 καλὰ

85 751 276 787 θαυμαζόμενα
291 751 359 787 πρὸς
375 752 463 778 ἐκεῖνο
475 751 505 778 τὸ
517 751 615 783 κάλλος
626 771 634 782 ,
651 751 665 778 ὃ
680 751 744 787 περὶ
757 751 786 777 τὸ
799 751 874 786 πρῶ-

84 806 125 824 τον
145 797 248 832 ἀγαθὸν
269 798 318 824 καὶ
332 798 363 824 τὸ
378 797 505 824 ἐπέκεινα
525 797 626 828 παντὸς
640 797 743 831 ἀγαθοῦ
761 797 872 833 θεωρεῖ-

929 205 973 227 tus
999 204 1053 226 est.
1083 199 1228 232 Quomodo
1264 199 1336 227 enim
1370 199 1406 226 illi
1429 199 1575 235 quisquam
1613 200 1716 227 bonum

927 250 1085 281 exponeret,
1109 245 1184 280 quod
1211 247 1246 272 ab
1271 245 1332 279 ejus
1354 252 1436 272 sensu
1462 245 1580 281 refugit?
1597 254 1651 281 qua
1676 253 1717 272 ra-

928 293 1002 320 tione
1024 300 1080 320 rem
1106 292 1141 320 ob
1157 292 1252 319 oculos
1275 296 1399 327 poneret,
1422 301 1483 327 quae
1505 293 1556 320 sub
1574 296 1715 327 aSpectum

927 347 981 366 non
997 339 1088 366 cadit?
1110 346 1160 366 nos
1174 338 1285 373 propria
1310 338 1404 369 verba,
1422 346 1482 373 qum
1502 338 1577 366 illius
1593 338 1714 373 pulchri-

927 385 1031 413 tudinis
1045 385 1163 420 speciem
1179 384 1376 419 signiiicarent,
1394 392 1450 411 non
1473 384 1620 412 didicimus
1634 392 1641 416 ;
1660 391 1715 410 non

927 431 1013 458 ullum
1032 431 1103 465 ejus,
1120 431 1153 458 de
1171 439 1226 466 quo
1251 431 1395 465 quaeritur,
1422 435 1513 458 exstat
1535 430 1689 465 exemplum
1705 439 1712 457 :

927 477 1132 512 comparatione
1145 485 1211 504 vero
1225 477 1316 512 aliqua
1335 478 1388 504 hoc
1406 477 1496 511 ipsum
1515 475 1647 503 illustrari
1664 475 1716 503 dif-

928 523 999 549 licile
1013 530 1079 550 sane
1096 527 1148 550 est.
1168 522 1237 555 Quis
1260 522 1332 549 enim
1352 530 1444 557 parva:
1459 521 1616 549 scintillulae
1629 521 1715 549 solem

927 571 1079 602 comparat,
1095 571 1142 594 aut
1157 575 1270 602 parvam
1285 567 1386 594 stillam
1402 575 1465 594 cum
1481 567 1616 594 immensa
1630 573 1717 601 aqua-

926 621 986 640 rum
1007 613 1137 647 voragine
1159 613 1286 641 confert?
1301 614 1407 640 nullam
1431 613 1505 640 enim
1533 613 1716 648 comparatio-

927 667 988 685 nem
1012 659 1092 686 habet
1106 667 1196 695 iieque
1210 666 1272 686 cum
1294 659 1426 694 voragine
1441 662 1526 693 gutta,
1546 665 1635 692 neque
1652 665 1716 684 cum

926 705 994 732 solis
1013 704 1099 732 radiis
1117 705 1231 732 minima
1252 705 1384 732 scintilla.
1400 704 1501 732 Eodem
1523 704 1604 730 modo
1623 711 1653 730 se
1667 703 1718 729 ba-

927 749 992 776 bent
1006 750 1109 781 omnia,
1126 756 1298 784 quascunque
1312 749 1437 776 homines
1451 753 1583 784 tanquam
1601 747 1716 782 pulchra

926 794 1110 827 admirantur,
1121 795 1325 830 comparatione
1338 794 1411 822 facta
1424 802 1487 822 cum
1503 802 1535 822 eo
1546 793 1619 829 quod
1634 801 1717 821 omne

84 851 134 869 ται.
153 843 202 874 Τίς
216 840 264 869 οὖν
282 843 388 870 ἐπίνοια
409 843 439 869 τὸ
455 842 570 878 μέγεθος
585 842 636 877 τῆς
650 841 751 878 ζημίας
763 842 802 878 τῷ
820 852 873 870 πα-

926 840 1071 875 pulchrum
1087 845 1171 875 atque
1194 841 1296 867 bonqu
1317 840 1437 868 excedit.
1454 839 1548 875 Itaque
1565 847 1625 875 quae
1641 847 1703 867 men

85 888 152 915 θόντι
172 888 223 924 τὴν
253 888 356 924 ζημίαν
379 889 481 924 ταύτην
511 889 678 922 ἐνδείξεταις
702 888 800 920 Καλῶς
829 897 874 923 μοι

83 935 151 962 δοκεῖ
163 936 178 962 ὁ
196 934 286 970 μέγας
305 935 386 961 Δασὶδ
399 935 449 971 τὴν
462 935 617 971 ἀμηχανίαν
632 935 795 970 ἐνδεδεῖχθαι
808 935 874 962 ταύ-

83 990 128 1017 την
139 990 147 997 ν
160 981 189 1012 ὃς
203 981 300 1017 ἐπειδή
315 990 380 1008 ποτε
391 981 504 1016 δυνάμει
520 981 567 1008 τοῦ
585 981 742 1016 Πνεὺματος
758 980 874 1016 ὑψωθεὶς

84 1027 129 1058 τὴν
147 1026 270 1053 διάνοιαν
284 1045 291 1058 ,
317 1026 365 1052 καὶ
387 1023 443 1053 οἷον
467 1025 551 1057 ὲκὸἀς
575 1025 656 1057 αὐτὸς
673 1025 768 1052 ἑαυτὸν
779 1045 787 1058 ,
805 1022 874 1051 εἶδεν

84 1074 166 1099 besz
185 1072 216 1099 τδ
231 1072 374 1108 ἀμήχανον
389 1072 438 1099 καὶ¹
462 1071 641 1108 ἀπερινόητον
667 1071 765 1103 κάλλος
789 1072 817 1098 ὲν
839 1072 873 1107 τῇ

86 1118 203 1154 μακαρίᾳ
220 1118 350 1145 ἐκστάσει
366 1115 431 1153 (εἶδε
447 1117 476 1144 δὲ
498 1117 608 1149 πάντως
626 1117 664 1149 ὡς
683 1117 819 1153 ἀνθρώπῳ
842 1126 874 1152 γε

82 1164 188 1191 δυνατὺν
211 1164 293 1194 ίδεῐν.
307 1163 359 1196 ἔξω
378 1163 432 1190 τῶν
446 1164 496 1199 τῆς
511 1163 613 1200 σαρκὸς
634 1163 874 1200 προκαλυμμάτων

83 1210 223 1246 γενόμενος
238 1230 246 1242 ,
261 1210 310 1236 καὶ
328 1209 455 1236 εἰσελθὼν
468 1209 513 1236 διὰ
533 1210 618 1245 μόνης
630 1209 749 1240 διανοίας
764 1211 805 1240 είς
824 1209 874 1245 τὴν

82 1257 132 1283 τῶν
153 1257 309 1291 ἀσωμάτων
325 1256 373 1283 καὶ
395 1255 498 1291 νοητῶν
514 1255 642 1290 θεωρίαν)
653 1263 661 1271 ·
676 1256 770 1291 ἐπειδή
784 1264 811 1282 τι
827 1255 875 1283 καὶ

84 1304 166 1331 εἰπεῖν
177 1303 254 1335 ἄξιον
269 1302 316 1330 τοῦ
336 1303 464 1337 ὀφθέντος
491 1302 661 1338 ὲπεπόθησεν
673 1322 681 1336 ,
696 1301 805 1338 ἐκείνην
832 1302 875 1336 ἐξ·

83 1349 173 1384 :ﬂé‘qd’s
189 1349 242 1385 τὴν
256 1349 348 1384 φωνὴν
357 1368 365 1380 .
379 1349 413 1384 ἢν
431 1348 531 1380 πάντες
553 1348 670 1386 ᾅδουσιν,
690 1348 731 1376 ὅτι
743 1347 806 1382 Πᾶς
820 1347 874 1376 άν-

83 1396 194 1430 θρωπος
208 1395 364 1429 ψεύστης·
378 1394 458 1421 τοῦτο
468 1393 496 1421 δέ
508 1394 592 1425 ἐστιν,
606 1393 645 1425 ὥς
663 1401 695 1428 γε
716 1393 731 1420 ὸ
750 1393 816 1428 ὲμὸς
829 1393 873 1420 λό-

82 1449 145 1475 γος,
161 1441 203 1467 ὃτι
227 1441 284 1472 πᾶς
307 1439 449 1476 ἅνθρωπος
477 1440 552 1475 φωνῇ
576 1439 735 1475 ἐπιτρέπων
754 1438 803 1474 τὴν
826 1437 873 1465 τοῦ

82 1486 219 1522 ἀφράστου
235 1486 326 1520 φωτὸς
348 1485 496 1522 ἑρμηνείαν
508 1506 515 1518 ,
530 1485 615 1517 ὅντως
640 1484 761 1520 ψεύστης
775 1485 850 1511 ἐστίν
864 1492 873 1500 ⁸

83 1534 139 1568 οὐχὶ
165 1533 204 1568 τῷ
226 1534 316 1568 μισεῖν
330 1532 414 1568 αὐτὴν
426 1551 433 1564 ,
460 1531 528 1559 ἀλλά
540 1531 579 1567 τῷ
596 1531 719 1559 ἀσθενεῖν
739 1531 804 1567 περὶ
825 1531 874 1566 τὴν
887 1527 909 1556 C

82 1579 126 1606 τοῦ
138 1578 282 1614 νοηθέντος
294 1578 476 1614 παράστασιν.
492 1577 529 1606 Τὸ
541 1578 590 1614 μὲν
604 1577 659 1614 γὰρ
671 1577 798 1612 αίσθητὸν
809 1576 874 1605 κάλ⁴

83 1625 124 1656 λος
133 1647 141 1659 ,
153 1625 216 1651 ὅσον
227 1624 305 1652 κάτω
318 1625 383 1660 περὶ
394 1624 439 1650 τὸν
452 1623 586 1659 ἡμέτερον
597 1623 795 1659 ἀναστρέφεται
806 1622 873 1658 βίον,

83 1670 135 1698 εἴτε
150 1671 179 1696 ὲν
192 1670 310 1705 ἀψύχοις
323 1669 401 1701 ὕλαις
410 1689 418 1701 ,
436 1669 490 1695 εῐτε
507 1668 554 1696 καὶ
564 1669 594 1696 ὲν
608 1668 731 1704 σώμασιν
743 1668 875 1704 ἐμψύχοις

83 1716 124 1744 διά
136 1725 209 1748 τινος
229 1715 358 1752 εὐχροίας
372 1715 623 1750 ἑμφανταζόμενον,
641 1714 780 1750 αὐτάρκης
795 1714 874 1750 ἡμῶν

84 1762 179 1796 ἡκατά
197 1761 250 1798 τὴν
260 1761 386 1796 αἴσθησιν
401 1760 515 1796 δύναμις
529 1761 576 1787 καὶ
588 1760 738 1796 θαυμάσαι,
754 1760 801 1786 καὶ
811 1760 875 1787 ἀπορ

83 1807 221 1840 δέξασθαι,
234 1808 284 1834 καὶ
296 1808 432 1843 γνώριμον
449 1807 534 1842 ἑτέρῳ
549 1807 672 1842 ποιῆσαι,
686 1806 732 1833 διὰ
752 1807 801 1841 τῆς
821 1806 875 1833 τῶν

83 1854 168 1888 λόγων
190 1854 302 1890 γραφῆς
323 1853 417 1889 ὥσπερ
433 1854 462 1880 ὲν
487 1852 571 1880 εικόνι
591 1852 644 1879 τινὶ
670 1851 708 1888 τῷ
729 1852 802 1887 λόγῳ
827 1852 874 1880 τοῦ

84 1900 200 1928 τοιούτου
212 1900 330 1932 κάλλους
346 1899 553 1936 ἐγγραφομένου
563 1907 571 1915 ο
588 1895 618 1928 οὖ
632 1898 661 1925 δὲ
677 1899 706 1925 τὸ
721 1899 875 1934 ἀρχέτυπον

85 1946 178 1979 κάλλος
205 1946 347 1981 διαφεύγει
373 1946 422 1982 τὴν
445 1945 626 1981 κατανόησιν,
643 1946 702 1978 πῶς
721 1946 754 1973 ἂν
767 1946 782 1972 ὸ
796 1945 875 1980 λόγος

85 1993 128 2020 ὑπ’
143 1993 205 2028 δψιν
219 1993 330 2027 ἀγάγοι,
346 1992 474 2028 οὐδεμίαν
493 1991 617 2028 μηχανὴν
630 1992 794 2027 ἐξευρίσκων
809 1992 876 2020 ὐπο-

85 2039 190 2074 γραφῆς
201 2059 208 2070 ,
223 2039 254 2066 οὐ
268 2037 361 2075 χροιὰν
377 2037 446 2072 ἔχων
466 2038 562 2070 εἰπεῖν,
577 2038 608 2063 οὐ
622 2038 715 2073 σχῆμα
725 2058 732 2069 ,
747 2037 777 2064 οὐ
794 2037 874 2072 μέγε-

85 2084 144 2116 θος,
159 2085 190 2111 οὐ
209 2085 318 2120 μορφῆς
337 2083 477 2119 εὐμοιρίαν
487 2102 495 2115 ,
509 2082 570 2111 οὐδέ
584 2091 646 2109 τινα
662 2083 729 2114 ὅλως
742 2082 875 2118 φλυαρίαν

85 2129 226 2164 ⁴τοιαύτηνς
244 2128 282 2156 re
299 2128 354 2166 γὰρ
367 2128 454 2160 ἀειδὲς
471 2127 558 2163 πάντη
570 2148 577 2160 ,
596 2128 643 2155 καὶ
661 2127 874 2164 ἀσχημάτιστον,

85 2174 131 2202 καὶ
157 2174 340 2209 πηλικότητος
356 2174 447 2209 πάσης
467 2173 624 2209 ἀλλότριον,
641 2174 687 2200 καὶ
702 2174 810 2200 πάντων
824 2174 874 2202 ὅσα

926 889 962 916 lis
983 889 1023 916 vis
1046 893 1100 920 est.
1117 894 1148 916 ut
1173 889 1210 921 ei,
1227 889 1274 924 qui
1299 888 1351 916 hoc
1375 889 1476 916 damno
1501 888 1628 920 abicitur,
1647 887 1716 915 i!lud

925 935 1013 970 ipsum
1037 935 1229 963 demonstret?
1246 935 1330 963 Recte
1352 935 1419 963 mihi
1430 934 1541 969 quidem
1558 935 1629 962 hanc
1647 933 1717 961 diﬂi-

925 981 1053 1008 cultatem
1076 989 1201 1009 summus
1225 982 1272 1009 ille
1297 981 1382 1009 David
1410 981 1617 1009 demonstrasse
1638 981 1716 1008 vidc~

925 1032 969 1054 tur
990 1035 998 1054 :
1013 1027 1060 1062 qui
1080 1026 1201 1063 Spiritus
1216 1028 1241 1054 vi
1259 1027 1407 1062 aliquando
1424 1032 1516 1055 mente
1528 1027 1628 1059 elatus,
1643 1034 1715 1061 qua-

925 1073 1004 1108 sique
1028 1077 1106 1100 extra
1139 1080 1170 1101 se
1195 1073 1320 1109 positus,
1350 1080 1469 1108 cumque
1497 1072 1525 1100 in
1556 1072 1636 1100 beata
1670 1071 1715 1098 illa

926 1119 1025 1147 mentis
1043 1119 1161 1147 elatione
1185 1123 1270 1152 esset,
1290 1119 1523 1155 pulchritudinem
1549 1118 1623 1146 illam
1646 1118 1716 1145 dilli-

924 1166 1015 1199 cilem,
1031 1174 1093 1201 qum
1110 1174 1166 1194 non
1181 1171 1271 1194 mente
1292 1165 1544 1201 comprehenditur,
1563 1165 1622 1200 ipse
1637 1164 1714 1197 vidit.

924 1216 955 1238 ut
973 1212 1077 1239 homini
1095 1212 1192 1239 saltem
1207 1216 1298 1247 potest
1311 1212 1482 1247 contingere,
1500 1211 1626 1247 corporis
1642 1211 1716 1239 velut

925 1262 1024 1286 exutus
1049 1258 1212 1289 involucris,
1234 1258 1293 1286 sola
1314 1262 1405 1286 mente
1419 1259 1567 1293 animoque
1591 1265 1655 1286 cum
1681 1257 1716 1286 ad
1753 1284 1755 1287 .

925 1310 1029 1336 rerum,
1052 1311 1113 1339 qua:
1137 1311 1254 1339 corpore
1275 1308 1386 1335 vacant.
1405 1307 1551 1339 menteque
1568 1304 1656 1331 solum
1675 1302 1718 1330 in-

925 1349 1104 1385 telliguntur.
1128 1349 1388 1385 contemplationem
1415 1357 1446 1377 se
1470 1349 1622 1382 conferret,
1650 1357 1718 1384 quo-

924 1396 1000 1423 niam
1021 1396 1125 1431 aliquid
1147 1396 1242 1424 dicere
1264 1396 1391 1432 cupierat
1409 1403 1443 1424 eo
1463 1395 1589 1431 dignum.
1603 1396 1677 1431 quod
1701 1403 1718 1424 a

925 1449 956 1470 se
969 1448 1147 1477 conspectum
1156 1446 1225 1475 erat,
1238 1442 1372 1477 ejusmodi
1381 1442 1492 1470 verbum
1507 1441 1631 1477 protulit,
1643 1441 1718 1476 quod

925 1489 1008 1525 vulgo
1027 1489 1081 1516 dici
1100 1489 1171 1517 solet
1186 1497 1192 1515 :
1210 1499 1219 1514 ε
1234 1488 1331 1516 Omnis
1343 1489 1423 1516 homo
1442 1487 1556 1515 mendax
1568 1487 1616 1515 “‘:
1637 1496 1646 1512 ι
1665 1487 1718 1514 hoc

925 1540 980 1569 est,
996 1539 1026 1563 ut
1039 1543 1098 1563 mea
1115 1535 1168 1562 fert
1180 1535 1286 1570 opinio,
1301 1535 1384 1562 homo
1394 1534 1495 1566 omnis.
1508 1533 1554 1569 qui
1569 1532 1717 1560 inelfabilis

926 1580 1039 1608 luminis
1064 1579 1318 1615 interpretationem
1345 1579 1468 1607 sermoni
1493 1578 1644 1614 permittit.
1672 1577 1718 1605 hic

925 1631 968 1655 est
983 1635 1013 1655 re
1029 1634 1094 1655 vera
1118 1626 1206 1654 falsus
1223 1635 1230 1653 :
1248 1634 1304 1653 non
1321 1625 1385 1661 quia
1405 1625 1549 1652 veritatem
1573 1624 1642 1656 odit,
1668 1623 1718 1652 sed

925 1673 1055 1708 quaniam
1080 1671 1115 1699 ad
1148 1672 1209 1707 ejus
1235 1671 1309 1706 quod
1337 1674 1428 1698 mente
1461 1670 1716 1706 comprehenditur,

925 1719 1137 1755 explicationem
1156 1718 1282 1746 infirmus
1302 1721 1356 1745 est.
1376 1717 1614 1745 Pulcliritudinem
1631 1716 1716 1748 enim.

925 1773 987 1802 qua:
1000 1765 1129 1793 sensibus
1144 1765 1307 1801 percipitur,
1325 1771 1420 1800 quaeve
1438 1765 1466 1791 in
1482 1764 1563 1791 terris
1577 1764 1604 1791 in
1620 1769 1717 1791 nostra

925 1812 979 1839 hac
1000 1811 1054 1838 vita
1074 1811 1208 1842 cernitur.
1227 1810 1285 1838 sive
1303 1810 1348 1837 illa
1369 1810 1405 1838 sit
1422 1809 1450 1837 in
1476 1809 1559 1837 rebus
1575 1808 1716 1841 inanimis,

926 1858 984 1886 sive
1004 1857 1030 1884 in
1055 1856 1220 1892 corporibus
1237 1855 1379 1887 animatis.
1405 1856 1479 1883 bono
1507 1856 1601 1891 aliquo
1624 1856 1719 1883 colore

925 1904 1091 1939 excogitata,
1114 1903 1157 1931 vis
1183 1910 1314 1930 sensuum
1340 1905 1499 1929 nostrorum
1516 1910 1565 1938 per
1591 1910 1622 1930 se
1649 1903 1718 1930 salis

926 1954 979 1982 est.
993 1955 1022 1977 ιιι
1038 1949 1112 1976 illam
1132 1956 1182 1977 nos
1204 1949 1382 1983 aspiciamus,
1404 1948 1584 1980 admiremur.
1599 1948 1717 1976 demon-

927 2000 1046 2023 stremus
1068 1995 1142 2028 aliis,
1161 1992 1193 2022 ac
1218 2002 1356 2026 sermone.
1377 1994 1456 2029 quasi
1484 1995 1511 2022 in
1534 1995 1633 2022 tabella
1648 2002 1717 2030 qua-

926 2041 988 2068 dam
1004 2040 1041 2069 sit
1055 2039 1138 2074 hujus
1155 2039 1371 2076 pulchritudinis
1386 2046 1516 2075 expressa
1533 2040 1650 2074 species,
1666 2047 1718 2066 no-

926 2090 983 2114 lam
1016 2086 1090 2113 illam
1119 2085 1227 2113 caeteris
1253 2085 1407 2118 faciamus;
1444 2092 1533 2120 neque
1556 2086 1629 2113 enim
1656 2086 1717 2121 ejus

926 2132 1066 2166 exemplar
1089 2130 1296 2165 intelligentiam
1316 2130 1386 2165 fugit
1404 2139 1411 2157 :
1428 2137 1483 2165 quo
1505 2130 1586 2158 modo
1608 2131 1663 2163 (iet,
1688 2135 1718 2158 ut

926 2177 962 2204 ob
984 2176 1080 2204 oculos
1105 2184 1163 2204 rem
1188 2181 1271 2211 ponat
1287 2176 1389 2208 oratio.
1415 2184 1476 2211 quae
1491 2177 1595 2204 nullam
1611 2176 1717 2205 descri-

87 2219 148 2254 περὶ
162 2207 245 2254 σῶμα
266 2207 312 2246 καὶ
328 2207 454 2254 αἴσθησιν
472 2207 626 2255 θεωρεῖται,
642 2219 784 2255 πόρρωθεν
799 2220 874 2254 ἰδρύ-

927 2223 1009 2251 bcndi
1026 2227 1112 2250 artem
1132 2222 1277 2258 comperit.
1301 2230 1356 2250 non
1376 2222 1486 2250 dicendi
1506 2223 1640 2256 colorem,
1661 2232 1718 2253 non

88 2273 180 2300 μενον,
195 2265 256 2296 πῶς
279 2264 312 2293 ἄν
328 2273 370 2296 τις
388 2265 432 2291 διὰ
441 2264 495 2291 τῶν
518 2265 586 2303 μόνῃ
603 2266 636 2301 τῇ
654 2265 778 2300 αἰσθήσει
791 2274 876 2294 κατα-

84 2311 298 2346 λαμϐανομένων
323 2311 498 2346 γνωρίσειεν;
523 2311 560 2337 Οὐ
590 2311 643 2347 μὴν
671 2312 715 2339 διὰ
738 2312 819 2338 τοῦτό
843 2321 875 2342 γε

84 2356 273 2391 ἀπογνωστέον
296 2358 363 2392 ἡμῖν
376 2358 427 2393 τῆς
448 2356 594 2392 ἐπιθυμίας
607 2355 727 2391 ταύτης,
746 2357 787 2383 ὅτι
807 2356 876 2392 ὑψη-

84 2402 179 2438 λοτέρα
197 2402 322 2437 φαίνεται
338 2402 387 2438 τῆς
402 2402 578 2438 καταλήψεως
588 2412 594 2417 ·
613 2402 669 2429 ἀλλ’
684 2403 739 2437 ὅσῳ
762 2402 833 2437 μέγα
844 2402 875 2428 τὸ

84 2449 249 2484 ζητούμενον
263 2449 277 2475 ὁ
295 2448 373 2483 λόγος
388 2448 538 2481 ἀπέδειξεν,
549 2448 667 2484 τοσούτῳ
682 2448 780 2483 μᾶλλον
793 2449 874 2483 ὑψοῦ-

87 2494 145 2520 σθαι
158 2493 214 2529 χρὴ
230 2494 279 2529 τὴν
292 2494 412 2521 διάνοιαν
424 2495 471 2521 καὶ
491 2495 699 2530 συνεπαίρεσθαι
708 2494 751 2530 τῷ
765 2495 874 2530 μεγέοει

83 2538 127 2564 τοῦ
145 2539 325 2574 ζητουμένου,
343 2539 380 2575 μὴ
393 2540 531 2572 παντελῶς
549 2540 601 2573 ἔξω
617 2540 742 2574 γενέσθαι
766 2541 815 2575 τῆς
826 2541 874 2567 τοῦ

36 2598 37 2601 η
84 2582 184 2616 ἀγαθοῦ
215 2585 360 2619 μετουσίας
373 2594 380 2600 ·
397 2585 518 2618 κίνδυνος
541 2586 594 2620 γὰρ
608 2586 637 2612 οὐ
659 2586 766 2622 μικρὸς,
778 2586 816 2621 μὴ
836 2585 874 2621 τῷ

84 2628 141 2654 λίαν
156 2629 253 2665 ὑψηλῷ
270 2639 299 2656 τε
314 2631 361 2657 καὶ
375 2632 497 2670 ἀρρήτῳ,
516 2633 672 2659 παντάπασι
688 2633 737 2668 τῆς
750 2633 813 2668 περὶ
827 2633 876 2659 αὺ-

85 2673 129 2700 τοῦ
146 2675 252 2707 ἑννοίας
281 2676 507 2712 ἀπολισθὴσωμεν
522 2698 529 2710 ,
550 2677 643 2712 μηδενὶ
666 2677 797 2712 γνωρίμῳ
826 2677 875 2713 τὴν

86 2719 248 2754 κατανόησιν
262 2721 351 2748 αὐτῶν
362 2723 556 2759 ἐπερείδοντες.
574 2724 619 2749 Δεῖ
634 2723 722 2749 τοίνυν
737 2723 786 2758 τῆς
800 2723 876 2750 ἀσθε-

123 2812 153 2829 ¹⁸⁴
165 2812 239 2841 l’sal.
253 2821 316 2844 ειν,
332 2813 375 2841 Η.

245 2861 384 2893 Parnm.
405 2861 461 2892 Gn.
486 2860 586 2891 XLVI

924 2269 1049 2305 ﬁguram,
1065 2276 1120 2295 non
1137 2268 1364 2303 magnitudinem,
1385 2275 1440 2295 non
1458 2269 1642 2304 integritatem
1659 2270 1716 2298 for-

924 2324 985 2348 inae,
1010 2323 1099 2350 neque
1124 2315 1194 2342 ullas
1215 2316 1294 2350 plane
1311 2315 1337 2342 id
1361 2316 1470 2350 generis
1500 2324 1588 2351 nugas
1614 2316 1718 2345 habet?

925 2361 998 2396 quod
1025 2361 1099 2388 enim
1124 2361 1159 2387 ab
1184 2361 1258 2388 omni
1275 2364 1353 2396 parte
1377 2361 1527 2388 obscurum
1551 2367 1605 2394 est,
1627 2370 1717 2398 neque

925 2408 981 2434 ulla
1002 2407 1089 2434 forma
1114 2414 1287 2442 expressum,
1300 2407 1408 2441 quodve
1427 2407 1462 2434 ab
1479 2408 1554 2434 omni
1578 2409 1717 2444 magnitu-

928 2454 991 2481 dine
1013 2454 1143 2485 alienum,
1174 2453 1309 2488 longeque
1327 2453 1361 2480 ab
1386 2453 1429 2481 his
1446 2455 1576 2482 omnibus
1598 2456 1716 2490 positum

928 2503 987 2532 est,
1016 2507 1077 2534 quae
1111 2500 1237 2534 corporis
1261 2500 1390 2527 sensibus
1418 2505 1579 2532 cernuntur.
1610 2500 1636 2527 id
1663 2509 1717 2535 quo

929 2548 1008 2573 modo
1026 2546 1126 2581 aliquis
1143 2546 1281 2581 cognitum
1298 2553 1331 2572 cx
1354 2546 1387 2573 iis
1411 2546 1494 2573 rebus
1515 2546 1638 2576 haberet.
1657 2554 1717 2580 quw

928 2592 988 2617 solo
1010 2598 1093 2617 sensu
1117 2591 1411 2625 comprehenduntur?
1427 2590 1484 2617 Non
1508 2594 1652 2625 propterea
1675 2593 1716 2616 ta-

928 2644 990 2664 men
1015 2636 1097 2671 hujus
1120 2636 1297 2671 cognitionis.
1324 2636 1541 2672 cupiditatisque
1563 2643 1615 2663 nos
1640 2643 1714 2670 spem

927 2683 1065 2717 deponere
1090 2683 1232 2714 debemus,
1259 2683 1390 2717 quoniam
1418 2683 1499 2709 altior
1534 2691 1566 2710 ea
1589 2686 1714 2718 apparet,

930 2736 1010 2764 quam
1027 2733 1056 2756 ut
1073 2733 1163 2756 mente
1174 2728 1368 2762 comprehendi
1387 2728 1494 2764 possit;
1510 2729 1569 2762 sed,
1587 2736 1642 2764 quo
1656 2735 1715 2756 ma-

1519 2863 1557 2894 12
