  <div class='ocr_page' id='page_1' title='image "/cluster/home/n/w/nwhite01/storage/ocr_20150623/46/njp.32101077772604/201.png"; bbox 0 0 1912 3080; ppageno 0'>
   <div class='ocr_carea' id='block_1_1' title="bbox 216 79 269 107">
    <p class='ocr_par' dir='ltr' id='par_1_1' title="bbox 216 79 269 107">
     <span class='ocr_line' id='line_1_1' title="bbox 216 79 269 107; baseline 0 -1"><span class='ocrx_word' id='word_1_1' title='bbox 216 79 269 107; x_wconf 73' lang='lat'><strong>353</strong></span> 
     </span>
    </p>
   </div>
   <div class='ocr_carea' id='block_1_2' title="bbox 843 78 1212 108">
    <p class='ocr_par' dir='ltr' id='par_1_2' title="bbox 843 78 1212 108">
     <span class='ocr_line' id='line_1_2' title="bbox 843 78 1212 108; baseline 0.008 -3"><span class='ocrx_word' id='word_1_2' title='bbox 843 79 871 106; x_wconf 90' lang='lat' dir='ltr'><strong>S.</strong></span> <span class='ocrx_word' id='word_1_3' title='bbox 893 78 1057 107; x_wconf 77' lang='lat' dir='ltr'><strong>GBEGORII</strong></span> <span class='ocrx_word' id='word_1_4' title='bbox 1068 79 1212 108; x_wconf 77' lang='lat' dir='ltr'><strong>NYSSENI</strong></span> 
     </span>
    </p>
   </div>
   <div class='ocr_carea' id='block_1_3' title="bbox 1792 85 1840 112">
    <p class='ocr_par' dir='ltr' id='par_1_3' title="bbox 1792 85 1840 112">
     <span class='ocr_line' id='line_1_3' title="bbox 1792 85 1840 112; baseline 0.021 -1"><span class='ocrx_word' id='word_1_5' title='bbox 1792 85 1840 112; x_wconf 62' lang='grc' dir='ltr'>ὖίιδ</span> 
     </span>
    </p>
   </div>
   <div class='ocr_carea' id='block_1_4' title="bbox 217 135 998 178">
    <p class='ocr_par' dir='ltr' id='par_1_4' title="bbox 217 135 998 171">
     <span class='ocr_line' id='line_1_4' title="bbox 217 135 998 171; baseline -0.003 -8"><span class='ocrx_word' id='word_1_6' title='bbox 217 136 260 170; x_wconf 84' lang='lat' dir='ltr'><strong>ius</strong></span> <span class='ocrx_word' id='word_1_7' title='bbox 279 140 321 163; x_wconf 86' lang='lat' dir='ltr'><strong>est</strong></span> <span class='ocrx_word' id='word_1_8' title='bbox 339 135 376 167; x_wconf 88' lang='lat' dir='ltr'><strong>id.</strong></span> <span class='ocrx_word' id='word_1_9' title='bbox 392 136 464 171; x_wconf 89' lang='lat' dir='ltr'><strong>qttod</strong></span> <span class='ocrx_word' id='word_1_10' title='bbox 479 136 622 171; x_wconf 79' lang='lat' dir='ltr'><strong>quzeritur,</strong></span> <span class='ocrx_word' id='word_1_11' title='bbox 641 143 673 163; x_wconf 84' lang='lat' dir='ltr'><strong>eo</strong></span> <span class='ocrx_word' id='word_1_12' title='bbox 694 136 777 162; x_wconf 86' lang='lat' dir='ltr'><strong>altius</strong></span> <span class='ocrx_word' id='word_1_13' title='bbox 792 136 884 162; x_wconf 88' lang='lat' dir='ltr'><strong>animo</strong></span> <span class='ocrx_word' id='word_1_14' title='bbox 899 140 998 162; x_wconf 81' lang='lat' dir='ltr'><strong>tuente-</strong></span> 
     </span>
    </p>
   </div>
   <div class='ocr_carea' id='block_1_5' title="bbox 1051 135 1840 178">
    <p class='ocr_par' dir='ltr' id='par_1_5' title="bbox 1055 136 1840 178">
     <span class='ocr_line' id='line_1_5' title="bbox 1055 136 1840 178; baseline 0.008 -16"><span class='ocrx_word' id='word_1_15' title='bbox 1055 136 1129 168; x_wconf 85' lang='grc' dir='ltr'>νείας</span> <span class='ocrx_word' id='word_1_16' title='bbox 1148 137 1241 163; x_wconf 69' lang='grc' dir='ltr'>ἕνεκεν</span> <span class='ocrx_word' id='word_1_17' title='bbox 1261 139 1361 173; x_wconf 72' lang='grc' dir='ltr'>ταύτης</span> <span class='ocrx_word' id='word_1_18' title='bbox 1375 139 1419 165; x_wconf 79' lang='grc' dir='ltr'><strong>διὰ</strong></span> <span class='ocrx_word' id='word_1_19' title='bbox 1432 140 1485 166; x_wconf 82' lang='grc' dir='ltr'>τῶν</span> <span class='ocrx_word' id='word_1_20' title='bbox 1511 142 1543 176; x_wconf 80' lang='grc' dir='ltr'>τῇ</span> <span class='ocrx_word' id='word_1_21' title='bbox 1558 141 1683 176; x_wconf 81' lang='grc' dir='ltr'>αἰσθήσει</span> <span class='ocrx_word' id='word_1_22' title='bbox 1701 143 1840 178; x_wconf 75' lang='grc' dir='ltr'><strong>γνωρίμων</strong></span> 
     </span>
    </p>
   </div>
   <div class='ocr_carea' id='block_1_6' title="bbox 217 181 1004 218">
    <p class='ocr_par' dir='ltr' id='par_1_6' title="bbox 217 181 1004 218">
     <span class='ocr_line' id='line_1_6' title="bbox 217 181 1004 218; baseline -0.003 -10"><span class='ocrx_word' id='word_1_23' title='bbox 217 190 270 217; x_wconf 87' lang='lat' dir='ltr'><strong>que</strong></span> <span class='ocrx_word' id='word_1_24' title='bbox 285 182 386 214; x_wconf 79' lang='lat' dir='ltr'><strong>etlerri,</strong></span> <span class='ocrx_word' id='word_1_25' title='bbox 404 183 497 218; x_wconf 84' lang='lat' dir='ltr'><strong>reique</strong></span> <span class='ocrx_word' id='word_1_26' title='bbox 512 183 599 217; x_wconf 87' lang='lat' dir='ltr'><strong>ipsius</strong></span> <span class='ocrx_word' id='word_1_27' title='bbox 619 182 806 217; x_wconf 76' lang='lat' dir='ltr'><strong>magnitudine</strong></span> <span class='ocrx_word' id='word_1_28' title='bbox 822 181 909 216; x_wconf 77' lang='lat' dir='ltr'><strong>magis</strong></span> <span class='ocrx_word' id='word_1_29' title='bbox 922 185 1004 215; x_wconf 87' lang='lat' dir='ltr'><strong>atque</strong></span> 
     </span>
    </p>
   </div>
   <div class='ocr_carea' id='block_1_7' title="bbox 218 225 998 262">
    <p class='ocr_par' dir='ltr' id='par_1_7' title="bbox 218 225 998 262">
     <span class='ocr_line' id='line_1_7' title="bbox 218 225 998 262; baseline -0.001 -10"><span class='ocrx_word' id='word_1_30' title='bbox 218 229 306 259; x_wconf 64' lang='lat' dir='ltr'><strong>magis</strong></span> <span class='ocrx_word' id='word_1_31' title='bbox 328 235 378 254; x_wconf 90' lang='lat' dir='ltr'><strong>nos</strong></span> <span class='ocrx_word' id='word_1_32' title='bbox 395 227 509 254; x_wconf 80' lang='lat' dir='ltr'><strong>excitari</strong></span> <span class='ocrx_word' id='word_1_33' title='bbox 527 232 646 262; x_wconf 82' lang='lat' dir='ltr'><strong>oportet,</strong></span> <span class='ocrx_word' id='word_1_34' title='bbox 663 231 692 253; x_wconf 91' lang='lat' dir='ltr'><strong>ut</strong></span> <span class='ocrx_word' id='word_1_35' title='bbox 714 234 748 253; x_wconf 85' lang='lat' dir='ltr'><strong>ne</strong></span> <span class='ocrx_word' id='word_1_36' title='bbox 771 227 806 252; x_wconf 89' lang='lat' dir='ltr'><strong>ab</strong></span> <span class='ocrx_word' id='word_1_37' title='bbox 833 226 920 260; x_wconf 83' lang='lat' dir='ltr'><strong>ipsius</strong></span> <span class='ocrx_word' id='word_1_38' title='bbox 935 225 998 252; x_wconf 79' lang='lat' dir='ltr'><strong>lmtti</strong></span> 
     </span>
    </p>
   </div>
   <div class='ocr_carea' id='block_1_8' title="bbox 1058 184 1841 222">
    <p class='ocr_par' dir='ltr' id='par_1_8' title="bbox 1058 184 1841 222">
     <span class='ocr_line' id='line_1_8' title="bbox 1058 184 1841 222; baseline 0.009 -14"><span class='ocrx_word' id='word_1_39' title='bbox 1058 184 1234 217; x_wconf 81' lang='grc' dir='ltr'><strong>χειραγωγεῖν</strong></span> <span class='ocrx_word' id='word_1_40' title='bbox 1260 184 1328 218; x_wconf 75' lang='grc' dir='ltr'>πρὸς</span> <span class='ocrx_word' id='word_1_41' title='bbox 1352 185 1382 210; x_wconf 86' lang='grc' dir='ltr'>τὸ</span> <span class='ocrx_word' id='word_1_42' title='bbox 1403 185 1517 220; x_wconf 80' lang='grc' dir='ltr'>ἀόρατον</span> <span class='ocrx_word' id='word_1_43' title='bbox 1540 186 1588 222; x_wconf 82' lang='grc' dir='ltr'>τὴν</span> <span class='ocrx_word' id='word_1_44' title='bbox 1611 187 1740 215; x_wconf 80' lang='grc' dir='ltr'>διάνοιαν.</span> <span class='ocrx_word' id='word_1_45' title='bbox 1762 189 1794 214; x_wconf 84' lang='lat' dir='ltr'><strong>&#39;H</strong></span> <span class='ocrx_word' id='word_1_46' title='bbox 1815 189 1841 215; x_wconf 75' lang='grc' dir='ltr'><strong>δὲ</strong></span> 
     </span>
    </p>
   </div>
   <div class='ocr_carea' id='block_1_9' title="bbox 1053 228 1549 267">
    <p class='ocr_par' dir='ltr' id='par_1_9' title="bbox 1053 228 1549 267">
     <span class='ocr_line' id='line_1_9' title="bbox 1053 228 1549 267; baseline 0.01 -14"><span class='ocrx_word' id='word_1_47' title='bbox 1053 228 1158 254; x_wconf 74' lang='grc' dir='ltr'>ἐπίνοια</span> <span class='ocrx_word' id='word_1_48' title='bbox 1170 229 1279 262; x_wconf 82' lang='grc' dir='ltr'>γένοιτο</span> <span class='ocrx_word' id='word_1_49' title='bbox 1293 230 1326 257; x_wconf 83' lang='grc' dir='ltr'>ἂν</span> <span class='ocrx_word' id='word_1_50' title='bbox 1340 231 1406 266; x_wconf 82' lang='grc' dir='ltr'>ἡμῖν</span> <span class='ocrx_word' id='word_1_51' title='bbox 1419 232 1530 267; x_wconf 76' lang='grc' dir='ltr'><strong>τοιαύτη</strong></span> <span class='ocrx_word' id='word_1_52' title='bbox 1544 241 1549 248; x_wconf 94' lang='grc'><strong><em>-</em></strong></span> 
     </span>
    </p>
   </div>
   <div class='ocr_carea' id='block_1_10' title="bbox 218 270 1843 313">
    <p class='ocr_par' dir='ltr' id='par_1_10' title="bbox 218 270 1843 313">
     <span class='ocr_line' id='line_1_10' title="bbox 218 270 1843 313; baseline 0.006 -15"><span class='ocrx_word' id='word_1_53' title='bbox 218 273 348 299; x_wconf 84' lang='lat' dir='ltr'><strong>societate</strong></span> <span class='ocrx_word' id='word_1_54' title='bbox 373 273 455 299; x_wconf 89' lang='lat' dir='ltr'><strong>alieni</strong></span> <span class='ocrx_word' id='word_1_55' title='bbox 482 279 531 298; x_wconf 87' lang='lat' dir='ltr'><strong>nos</strong></span> <span class='ocrx_word' id='word_1_56' title='bbox 555 272 634 306; x_wconf 91' lang='lat' dir='ltr'><strong>plane</strong></span> <span class='ocrx_word' id='word_1_57' title='bbox 660 271 821 298; x_wconf 83' lang='lat' dir='ltr'><strong>clliciamur.</strong></span> <span class='ocrx_word' id='word_1_58' title='bbox 848 270 1002 297; x_wconf 79' lang='lat' dir='ltr'><strong>Periculum</strong></span> <span class='ocrx_word' id='word_1_59' title='bbox 1022 272 1095 299; x_wconf 86' lang='lat' dir='ltr'><strong>enim</strong></span> <span class='ocrx_word' id='word_1_60' title='bbox 1116 282 1170 300; x_wconf 93' lang='lat' dir='ltr'><strong>non</strong></span> <span class='ocrx_word' id='word_1_61' title='bbox 1211 282 1325 309; x_wconf 88' lang='lat' dir='ltr'><strong>parvum</strong></span> <span class='ocrx_word' id='word_1_62' title='bbox 1358 281 1411 309; x_wconf 88' lang='lat' dir='ltr'><strong>est,</strong></span> <span class='ocrx_word' id='word_1_63' title='bbox 1430 285 1475 309; x_wconf 87' lang='lat' dir='ltr'><strong>ne,</strong></span> <span class='ocrx_word' id='word_1_64' title='bbox 1495 286 1557 304; x_wconf 91' lang='lat' dir='ltr'><strong>cum</strong></span> <span class='ocrx_word' id='word_1_65' title='bbox 1573 279 1676 308; x_wconf 89' lang='lat' dir='ltr'><strong>nullius</strong></span> <span class='ocrx_word' id='word_1_66' title='bbox 1693 281 1732 308; x_wconf 87' lang='lat' dir='ltr'><strong>rei</strong></span> <span class='ocrx_word' id='word_1_67' title='bbox 1751 281 1843 313; x_wconf 71' lang='lat' dir='ltr'><strong>cogni-</strong></span> 
     </span>
    </p>
   </div>
   <div class='ocr_carea' id='block_1_11' title="bbox 217 318 1841 362">
    <p class='ocr_par' dir='ltr' id='par_1_11' title="bbox 217 318 1841 362">
     <span class='ocr_line' id='line_1_11' title="bbox 217 318 1841 362; baseline 0.004 -16"><span class='ocrx_word' id='word_1_68' title='bbox 217 321 292 346; x_wconf 83' lang='lat' dir='ltr'><strong>tione</strong></span> <span class='ocrx_word' id='word_1_69' title='bbox 311 319 394 354; x_wconf 81' lang='lat' dir='ltr'><strong>hujus</strong></span> <span class='ocrx_word' id='word_1_70' title='bbox 416 320 627 354; x_wconf 74' lang='lat' dir='ltr'><strong>intelligentiam</strong></span> <span class='ocrx_word' id='word_1_71' title='bbox 649 319 710 352; x_wconf 87' lang='lat' dir='ltr'><strong>capi</strong></span> <span class='ocrx_word' id='word_1_72' title='bbox 728 326 809 353; x_wconf 78' lang='lat' dir='ltr'><strong>posse</strong></span> <span class='ocrx_word' id='word_1_73' title='bbox 847 318 1085 351; x_wconf 75' lang='lat' dir='ltr'><strong>allirmarcrimus,</strong></span> <span class='ocrx_word' id='word_1_74' title='bbox 1125 327 1236 356; x_wconf 87' lang='lat' dir='ltr'><strong>propter</strong></span> <span class='ocrx_word' id='word_1_75' title='bbox 1262 331 1389 357; x_wconf 78' lang='lat' dir='ltr'><strong>magnam</strong></span> <span class='ocrx_word' id='word_1_76' title='bbox 1425 325 1571 359; x_wconf 84' lang='lat' dir='ltr'><strong>quamdam</strong></span> <span class='ocrx_word' id='word_1_77' title='bbox 1605 331 1632 354; x_wconf 88' lang='lat' dir='ltr'><strong>et</strong></span> <span class='ocrx_word' id='word_1_78' title='bbox 1666 327 1841 362; x_wconf 62' lang='lat' dir='ltr'><strong>inexplicabi-</strong></span> 
     </span>
    </p>
   </div>
   <div class='ocr_carea' id='block_1_12' title="bbox 218 366 1843 408">
    <p class='ocr_par' dir='ltr' id='par_1_12' title="bbox 218 366 1843 408">
     <span class='ocr_line' id='line_1_12' title="bbox 218 366 1843 408; baseline 0.004 -13"><span class='ocrx_word' id='word_1_79' title='bbox 218 370 269 395; x_wconf 90' lang='lat' dir='ltr'><strong>lem</strong></span> <span class='ocrx_word' id='word_1_80' title='bbox 291 366 505 401; x_wconf 80' lang='lat' dir='ltr'><strong>magnitudinem</strong></span> <span class='ocrx_word' id='word_1_81' title='bbox 529 374 580 394; x_wconf 87' lang='lat' dir='ltr'><strong>nos</strong></span> <span class='ocrx_word' id='word_1_82' title='bbox 600 366 660 400; x_wconf 83' lang='lat' dir='ltr'><strong>ejus</strong></span> <span class='ocrx_word' id='word_1_83' title='bbox 683 366 796 393; x_wconf 89' lang='lat' dir='ltr'><strong>omnino</strong></span> <span class='ocrx_word' id='word_1_84' title='bbox 818 366 1000 401; x_wconf 72' lang='lat' dir='ltr'><strong>cognitionem</strong></span> <span class='ocrx_word' id='word_1_85' title='bbox 1020 369 1189 397; x_wconf 82' lang='lat' dir='ltr'><strong>amittamus.</strong></span> <span class='ocrx_word' id='word_1_86' title='bbox 1211 370 1305 405; x_wconf 88' lang='lat' dir='ltr'><strong>ltaqtte</strong></span> <span class='ocrx_word' id='word_1_87' title='bbox 1323 376 1436 406; x_wconf 88' lang='lat' dir='ltr'><strong>propter</strong></span> <span class='ocrx_word' id='word_1_88' title='bbox 1449 373 1520 401; x_wconf 87' lang='lat' dir='ltr'><strong>hanc</strong></span> <span class='ocrx_word' id='word_1_89' title='bbox 1554 373 1641 408; x_wconf 81' lang='lat' dir='ltr'><strong>ipsam</strong></span> <span class='ocrx_word' id='word_1_90' title='bbox 1675 375 1843 403; x_wconf 86' lang='lat' dir='ltr'><strong>imbecillita—</strong></span> 
     </span>
    </p>
   </div>
   <div class='ocr_carea' id='block_1_13' title="bbox 217 411 1843 456">
    <p class='ocr_par' dir='ltr' id='par_1_13' title="bbox 217 411 1843 456">
     <span class='ocr_line' id='line_1_13' title="bbox 217 411 1843 456; baseline 0.002 -16"><span class='ocrx_word' id='word_1_91' title='bbox 217 422 281 444; x_wconf 77' lang='lat' dir='ltr'><strong>tem.</strong></span> <span class='ocrx_word' id='word_1_92' title='bbox 302 421 335 440; x_wconf 75' lang='lat' dir='ltr'><strong>ex</strong></span> <span class='ocrx_word' id='word_1_93' title='bbox 356 413 437 440; x_wconf 82' lang='lat' dir='ltr'><strong>rebus</strong></span> <span class='ocrx_word' id='word_1_94' title='bbox 452 420 534 440; x_wconf 88' lang='lat' dir='ltr'><strong>sensu</strong></span> <span class='ocrx_word' id='word_1_95' title='bbox 548 411 666 447; x_wconf 78' lang='lat' dir='ltr'><strong>cognitis</strong></span> <span class='ocrx_word' id='word_1_96' title='bbox 681 412 780 439; x_wconf 86' lang='lat' dir='ltr'><strong>mentis</strong></span> <span class='ocrx_word' id='word_1_97' title='bbox 799 412 852 439; x_wconf 90' lang='lat' dir='ltr'><strong>vim</strong></span> <span class='ocrx_word' id='word_1_98' title='bbox 866 420 917 440; x_wconf 88' lang='lat' dir='ltr'><strong>nos</strong></span> <span class='ocrx_word' id='word_1_99' title='bbox 932 412 1134 447; x_wconf 87' lang='lat' dir='ltr'><strong>quodammodo</strong></span> <span class='ocrx_word' id='word_1_100' title='bbox 1149 417 1183 443; x_wconf 84' lang='lat' dir='ltr'><strong>ad</strong></span> <span class='ocrx_word' id='word_1_101' title='bbox 1205 417 1230 444; x_wconf 91' lang='lat' dir='ltr'><strong>id</strong></span> <span class='ocrx_word' id='word_1_102' title='bbox 1256 418 1400 446; x_wconf 85' lang='lat' dir='ltr'><strong>traducere</strong></span> <span class='ocrx_word' id='word_1_103' title='bbox 1431 424 1549 454; x_wconf 84' lang='lat' dir='ltr'><strong>oportet,</strong></span> <span class='ocrx_word' id='word_1_104' title='bbox 1587 421 1660 456; x_wconf 88' lang='lat' dir='ltr'><strong>quod</strong></span> <span class='ocrx_word' id='word_1_105' title='bbox 1694 421 1747 448; x_wconf 81' lang='lat' dir='ltr'><strong>sub</strong></span> <span class='ocrx_word' id='word_1_106' title='bbox 1780 430 1843 449; x_wconf 72' lang='grc' dir='ltr'>οειι-</span> 
     </span>
    </p>
   </div>
   <div class='ocr_carea' id='block_1_14' title="bbox 218 456 1356 492">
    <p class='ocr_par' dir='ltr' id='par_1_14' title="bbox 218 456 1356 492">
     <span class='ocr_line' id='line_1_14' title="bbox 218 456 1356 492; baseline 0.006 -8"><span class='ocrx_word' id='word_1_107' title='bbox 218 458 259 486; x_wconf 91' lang='lat' dir='ltr'><strong>los</strong></span> <span class='ocrx_word' id='word_1_108' title='bbox 280 465 332 485; x_wconf 88' lang='lat' dir='ltr'><strong>nou</strong></span> <span class='ocrx_word' id='word_1_109' title='bbox 360 459 443 484; x_wconf 85' lang='lat' dir='ltr'><strong>cadit.</strong></span> <span class='ocrx_word' id='word_1_110' title='bbox 467 459 556 492; x_wconf 81' lang='lat' dir='ltr'><strong>Atque</strong></span> <span class='ocrx_word' id='word_1_111' title='bbox 583 457 611 484; x_wconf 90' lang='lat' dir='ltr'><strong>in</strong></span> <span class='ocrx_word' id='word_1_112' title='bbox 630 457 682 484; x_wconf 86' lang='lat' dir='ltr'><strong>hac</strong></span> <span class='ocrx_word' id='word_1_113' title='bbox 703 456 812 491; x_wconf 83' lang='lat' dir='ltr'><strong>quidem</strong></span> <span class='ocrx_word' id='word_1_114' title='bbox 833 458 1066 492; x_wconf 83' lang='lat' dir='ltr'><strong>contemplatione</strong></span> <span class='ocrx_word' id='word_1_115' title='bbox 1081 467 1131 488; x_wconf 91' lang='lat' dir='ltr'><strong>nos</strong></span> <span class='ocrx_word' id='word_1_116' title='bbox 1152 462 1188 488; x_wconf 90' lang='lat' dir='ltr'><strong>ita</strong></span> <span class='ocrx_word' id='word_1_117' title='bbox 1204 470 1356 490; x_wconf 85' lang='lat' dir='ltr'><strong>versemur.</strong></span> 
     </span>
    </p>
   </div>
   <div class='ocr_carea' id='block_1_15' title="bbox 522 513 700 541">
    <p class='ocr_par' dir='ltr' id='par_1_15' title="bbox 522 513 700 541">
     <span class='ocr_line' id='line_1_15' title="bbox 522 513 700 541; baseline 0 0"><span class='ocrx_word' id='word_1_118' title='bbox 522 513 637 541; x_wconf 79' lang='lat' dir='ltr'><strong>CAPUT</strong></span> <span class='ocrx_word' id='word_1_119' title='bbox 654 513 700 541; x_wconf 79' lang='lat' dir='ltr'><strong>XI.</strong></span> 
     </span>
    </p>
   </div>
   <div class='ocr_carea' id='block_1_16' title="bbox 222 560 1006 596">
    <p class='ocr_par' dir='ltr' id='par_1_16' title="bbox 222 560 1006 596">
     <span class='ocr_line' id='line_1_16' title="bbox 222 560 1006 596; baseline -0.003 -8"><span class='ocrx_word' id='word_1_120' title='bbox 222 561 452 595; x_wconf 80' lang='lat' dir='ltr'><strong>Quemadmodum</strong></span> <span class='ocrx_word' id='word_1_121' title='bbox 471 561 529 596; x_wconf 70' lang='lat' dir='ltr'><strong>quis</strong></span> <span class='ocrx_word' id='word_1_122' title='bbox 554 561 579 586; x_wconf 87' lang='lat' dir='ltr'><strong>iu</strong></span> <span class='ocrx_word' id='word_1_123' title='bbox 597 560 807 586; x_wconf 67' lang='lat' dir='ltr'><strong>consideratione</strong></span> <span class='ocrx_word' id='word_1_124' title='bbox 824 569 881 588; x_wconf 73' lang='lat' dir='ltr'><strong>vere</strong></span> <span class='ocrx_word' id='word_1_125' title='bbox 903 561 1006 587; x_wconf 80' lang='lat' dir='ltr'><strong>honesti</strong></span> 
     </span>
    </p>
   </div>
   <div class='ocr_carea' id='block_1_17' title="bbox 510 595 706 622">
    <p class='ocr_par' dir='ltr' id='par_1_17' title="bbox 510 595 706 622">
     <span class='ocr_line' id='line_1_17' title="bbox 510 595 706 622; baseline 0 0"><span class='ocrx_word' id='word_1_126' title='bbox 510 596 610 622; x_wconf 76' lang='lat' dir='ltr'><strong>versari</strong></span> <span class='ocrx_word' id='word_1_127' title='bbox 623 595 706 622; x_wconf 76' lang='lat' dir='ltr'><strong>debet.</strong></span> 
     </span>
    </p>
   </div>
   <div class='ocr_carea' id='block_1_18' title="bbox 252 641 1003 676">
    <p class='ocr_par' dir='ltr' id='par_1_18' title="bbox 252 641 1003 676">
     <span class='ocr_line' id='line_1_18' title="bbox 252 641 1003 676; baseline -0.003 -7"><span class='ocrx_word' id='word_1_128' title='bbox 252 643 303 676; x_wconf 86' lang='lat' dir='ltr'><strong>Qui</strong></span> <span class='ocrx_word' id='word_1_129' title='bbox 319 642 470 669; x_wconf 75' lang='lat' dir='ltr'><strong>exteriores</strong></span> <span class='ocrx_word' id='word_1_130' title='bbox 495 645 600 668; x_wconf 90' lang='lat' dir='ltr'><strong>tantum</strong></span> <span class='ocrx_word' id='word_1_131' title='bbox 622 648 667 667; x_wconf 81' lang='lat' dir='ltr'><strong>res</strong></span> <span class='ocrx_word' id='word_1_132' title='bbox 689 641 762 667; x_wconf 80' lang='lat' dir='ltr'><strong>nulla</strong></span> <span class='ocrx_word' id='word_1_133' title='bbox 783 641 910 675; x_wconf 88' lang='lat' dir='ltr'><strong>penitiori</strong></span> <span class='ocrx_word' id='word_1_134' title='bbox 935 648 1003 668; x_wconf 88' lang='lat' dir='ltr'><strong>con-</strong></span> 
     </span>
    </p>
   </div>
   <div class='ocr_carea' id='block_1_19' title="bbox 217 688 1003 724">
    <p class='ocr_par' dir='ltr' id='par_1_19' title="bbox 217 688 1003 724">
     <span class='ocr_line' id='line_1_19' title="bbox 217 688 1003 724; baseline -0.001 -9"><span class='ocrx_word' id='word_1_135' title='bbox 217 689 394 724; x_wconf 89' lang='lat' dir='ltr'><strong>templatione</strong></span> <span class='ocrx_word' id='word_1_136' title='bbox 416 689 567 720; x_wconf 77' lang='lat' dir='ltr'><strong>intuentur,</strong></span> <span class='ocrx_word' id='word_1_137' title='bbox 597 696 660 715; x_wconf 91' lang='lat' dir='ltr'><strong>cum</strong></span> <span class='ocrx_word' id='word_1_138' title='bbox 692 688 841 719; x_wconf 82' lang='lat' dir='ltr'><strong>hominem.</strong></span> <span class='ocrx_word' id='word_1_139' title='bbox 868 692 915 714; x_wconf 84' lang='lat' dir='ltr'><strong>aut</strong></span> <span class='ocrx_word' id='word_1_140' title='bbox 946 695 1003 715; x_wconf 89' lang='lat' dir='ltr'><strong>rem</strong></span> 
     </span>
    </p>
   </div>
   <div class='ocr_carea' id='block_1_20' title="bbox 217 734 1006 770">
    <p class='ocr_par' dir='ltr' id='par_1_20' title="bbox 217 734 1006 770">
     <span class='ocr_line' id='line_1_20' title="bbox 217 734 1006 770; baseline -0.003 -9"><span class='ocrx_word' id='word_1_141' title='bbox 217 735 336 770; x_wconf 82' lang='lat' dir='ltr'><strong>aliquam</strong></span> <span class='ocrx_word' id='word_1_142' title='bbox 357 735 507 769; x_wconf 76' lang='lat' dir='ltr'><strong>aSpiciuut,</strong></span> <span class='ocrx_word' id='word_1_143' title='bbox 531 742 592 768; x_wconf 65' lang='lat' dir='ltr'><strong>qua:</strong></span> <span class='ocrx_word' id='word_1_144' title='bbox 617 734 736 768; x_wconf 87' lang='lat' dir='ltr'><strong>spccietu</strong></span> <span class='ocrx_word' id='word_1_145' title='bbox 753 734 872 768; x_wconf 77' lang='lat' dir='ltr'><strong>aliquanti</strong></span> <span class='ocrx_word' id='word_1_146' title='bbox 899 741 953 768; x_wconf 65' lang='lat' dir='ltr'><strong>pra:</strong></span> <span class='ocrx_word' id='word_1_147' title='bbox 975 741 1006 760; x_wconf 84' lang='lat' dir='ltr'><strong>se</strong></span> 
     </span>
    </p>
   </div>
   <div class='ocr_carea' id='block_1_21' title="bbox 1356 521 1551 549">
    <p class='ocr_par' dir='ltr' id='par_1_21' title="bbox 1356 521 1551 549">
     <span class='ocr_line' id='line_1_21' title="bbox 1356 521 1551 549; baseline 0.01 -2"><span class='ocrx_word' id='word_1_148' title='bbox 1356 521 1481 549; x_wconf 78' lang='grc' dir='ltr'><strong>ΚΕΦᾹΛ.</strong></span> <span class='ocrx_word' id='word_1_149' title='bbox 1500 523 1551 549; x_wconf 84' lang='lat' dir='ltr'><strong>IA&#39;.</strong></span> 
     </span>
    </p>
   </div>
   <div class='ocr_carea' id='block_1_22' title="bbox 1058 564 1840 603">
    <p class='ocr_par' dir='ltr' id='par_1_22' title="bbox 1058 564 1840 603">
     <span class='ocr_line' id='line_1_22' title="bbox 1058 564 1840 603; baseline 0.01 -13"><span class='ocrx_word' id='word_1_150' title='bbox 1058 564 1122 597; x_wconf 82' lang='grc' dir='ltr'><strong>Πὼς</strong></span> <span class='ocrx_word' id='word_1_151' title='bbox 1137 565 1176 591; x_wconf 69' lang='grc' dir='ltr'><strong>ἄν·</strong></span> <span class='ocrx_word' id='word_1_152' title='bbox 1187 574 1232 598; x_wconf 79' lang='grc' dir='ltr'><strong>τις</strong></span> <span class='ocrx_word' id='word_1_153' title='bbox 1241 566 1276 592; x_wconf 83' lang='grc' dir='ltr'>ἐν</span> <span class='ocrx_word' id='word_1_154' title='bbox 1286 568 1420 602; x_wconf 73' lang='grc' dir='ltr'><strong>περινοίᾳ</strong></span> <span class='ocrx_word' id='word_1_155' title='bbox 1439 568 1555 602; x_wconf 75' lang='grc' dir='ltr'>γένοιτο</span> <span class='ocrx_word' id='word_1_156' title='bbox 1563 569 1616 596; x_wconf 70' lang='grc' dir='ltr'>τοῦ</span> <span class='ocrx_word' id='word_1_157' title='bbox 1628 569 1721 603; x_wconf 71' lang='grc' dir='ltr'>ὅπως</span> <span class='ocrx_word' id='word_1_158' title='bbox 1736 571 1840 599; x_wconf 71' lang='grc' dir='ltr'>καλοῦ.</span> 
     </span>
    </p>
   </div>
   <div class='ocr_carea' id='block_1_23' title="bbox 1090 642 1842 684">
    <p class='ocr_par' dir='ltr' id='par_1_23' title="bbox 1090 642 1842 684">
     <span class='ocr_line' id='line_1_23' title="bbox 1090 642 1842 684; baseline 0.013 -17"><span class='ocrx_word' id='word_1_159' title='bbox 1090 642 1195 678; x_wconf 81' lang='grc' dir='ltr'>Ὥσπερ</span> <span class='ocrx_word' id='word_1_160' title='bbox 1208 644 1296 670; x_wconf 63' lang='grc' dir='ltr'>τοίνυν</span> <span class='ocrx_word' id='word_1_161' title='bbox 1310 646 1335 671; x_wconf 75' lang='grc' dir='ltr'>οἱ</span> <span class='ocrx_word' id='word_1_162' title='bbox 1351 646 1401 681; x_wconf 83' lang='grc' dir='ltr'>μὲν</span> <span class='ocrx_word' id='word_1_163' title='bbox 1416 648 1636 683; x_wconf 70' lang='grc' dir='ltr'><strong>ἐπιπολαιότερον</strong></span> <span class='ocrx_word' id='word_1_164' title='bbox 1649 649 1711 684; x_wconf 82' lang='grc' dir='ltr'>δίχα</span> <span class='ocrx_word' id='word_1_165' title='bbox 1725 650 1842 682; x_wconf 82' lang='grc' dir='ltr'><strong>διανοίας</strong></span> 
     </span>
    </p>
   </div>
   <div class='ocr_carea' id='block_1_24' title="bbox 1053 686 1842 729">
    <p class='ocr_par' dir='ltr' id='par_1_24' title="bbox 1053 686 1842 729">
     <span class='ocr_line' id='line_1_24' title="bbox 1053 686 1842 729; baseline 0.013 -18"><span class='ocrx_word' id='word_1_166' title='bbox 1053 686 1087 712; x_wconf 75' lang='grc' dir='ltr'>τὰ</span> <span class='ocrx_word' id='word_1_167' title='bbox 1111 687 1259 722; x_wconf 80' lang='grc' dir='ltr'>πράγματα</span> <span class='ocrx_word' id='word_1_168' title='bbox 1281 689 1441 723; x_wconf 80' lang='grc' dir='ltr'>βλέποντες,</span> <span class='ocrx_word' id='word_1_169' title='bbox 1457 692 1565 718; x_wconf 67' lang='grc' dir='ltr'>ἐπειδὰν</span> <span class='ocrx_word' id='word_1_170' title='bbox 1578 693 1685 720; x_wconf 78' lang='grc' dir='ltr'>εἴδωσιν</span> <span class='ocrx_word' id='word_1_171' title='bbox 1700 693 1842 729; x_wconf 75' lang='grc' dir='ltr'>ἄνθρωπον</span> 
     </span>
    </p>
   </div>
   <div class='ocr_carea' id='block_1_25' title="bbox 1054 732 1843 776">
    <p class='ocr_par' dir='ltr' id='par_1_25' title="bbox 1054 732 1843 776">
     <span class='ocr_line' id='line_1_25' title="bbox 1054 732 1843 776; baseline 0.013 -18"><span class='ocrx_word' id='word_1_172' title='bbox 1054 732 1070 767; x_wconf 86' lang='grc' dir='ltr'><strong>ἢ</strong></span> <span class='ocrx_word' id='word_1_173' title='bbox 1082 733 1148 769; x_wconf 77' lang='grc' dir='ltr'>ὅπερ</span> <span class='ocrx_word' id='word_1_174' title='bbox 1159 733 1192 760; x_wconf 85' lang='grc' dir='ltr'>ἂν</span> <span class='ocrx_word' id='word_1_175' title='bbox 1202 734 1271 770; x_wconf 79' lang='grc' dir='ltr'>τύχῃ</span> <span class='ocrx_word' id='word_1_176' title='bbox 1281 735 1335 761; x_wconf 83' lang='grc' dir='ltr'>τῶν</span> <span class='ocrx_word' id='word_1_177' title='bbox 1349 738 1526 772; x_wconf 76' lang='grc' dir='ltr'><strong>φαινομένων,</strong></span> <span class='ocrx_word' id='word_1_178' title='bbox 1540 739 1619 766; x_wconf 83' lang='grc' dir='ltr'>πλέον</span> <span class='ocrx_word' id='word_1_179' title='bbox 1630 740 1706 766; x_wconf 75' lang='grc' dir='ltr'>οὐδὲν</span> <span class='ocrx_word' id='word_1_180' title='bbox 1716 740 1764 766; x_wconf 73' lang='grc' dir='ltr'>τοῦ</span> <span class='ocrx_word' id='word_1_181' title='bbox 1776 742 1843 776; x_wconf 79' lang='grc' dir='ltr'>ὁρω-</span> 
     </span>
    </p>
   </div>
   <div class='ocr_carea' id='block_1_26' title="bbox 217 779 998 830">
    <p class='ocr_par' dir='ltr' id='par_1_26' title="bbox 217 779 998 814">
     <span class='ocr_line' id='line_1_26' title="bbox 217 779 998 814; baseline 0.001 -8"><span class='ocrx_word' id='word_1_182' title='bbox 217 780 296 812; x_wconf 84' lang='lat' dir='ltr'><strong>lerat,</strong></span> <span class='ocrx_word' id='word_1_183' title='bbox 313 780 379 807; x_wconf 86' lang='lat' dir='ltr'><strong>nihil</strong></span> <span class='ocrx_word' id='word_1_184' title='bbox 396 787 462 807; x_wconf 81' lang='lat' dir='ltr'><strong>sane</strong></span> <span class='ocrx_word' id='word_1_185' title='bbox 477 780 595 814; x_wconf 85' lang='lat' dir='ltr'><strong>amplius</strong></span> <span class='ocrx_word' id='word_1_186' title='bbox 608 781 769 814; x_wconf 82' lang='lat' dir='ltr'><strong>exquirunt,</strong></span> <span class='ocrx_word' id='word_1_187' title='bbox 782 787 864 814; x_wconf 87' lang='lat' dir='ltr'><strong>quam</strong></span> <span class='ocrx_word' id='word_1_188' title='bbox 886 780 913 807; x_wconf 88' lang='lat' dir='ltr'><strong>id</strong></span> <span class='ocrx_word' id='word_1_189' title='bbox 927 779 998 814; x_wconf 92' lang='lat' dir='ltr'><strong>quod</strong></span> 
     </span>
    </p>
   </div>
   <div class='ocr_carea' id='block_1_27' title="bbox 1051 779 1842 830">
    <p class='ocr_par' dir='ltr' id='par_1_27' title="bbox 1057 779 1842 820">
     <span class='ocr_line' id='line_1_27' title="bbox 1057 779 1842 820; baseline 0.011 -16"><span class='ocrx_word' id='word_1_190' title='bbox 1057 779 1137 814; x_wconf 83' lang='grc' dir='ltr'>μένου</span> <span class='ocrx_word' id='word_1_191' title='bbox 1158 781 1399 815; x_wconf 75' lang='grc' dir='ltr'>περιεργάζονται·</span> <span class='ocrx_word' id='word_1_192' title='bbox 1424 784 1504 818; x_wconf 71' lang='grc' dir='ltr'>ἀρκεῖ</span> <span class='ocrx_word' id='word_1_193' title='bbox 1525 785 1579 819; x_wconf 76' lang='grc' dir='ltr'>γὰρ</span> <span class='ocrx_word' id='word_1_194' title='bbox 1597 786 1687 816; x_wconf 72' lang='grc' dir='ltr'>αὐτοῖς</span> <span class='ocrx_word' id='word_1_195' title='bbox 1707 785 1842 820; x_wconf 83' lang='grc' dir='ltr'>θεασαμέ-</span> 
     </span>
    </p>
   </div>
   <div class='ocr_carea' id='block_1_28' title="bbox 216 825 1001 858">
    <p class='ocr_par' dir='ltr' id='par_1_28' title="bbox 216 825 1001 858">
     <span class='ocr_line' id='line_1_28' title="bbox 216 825 1001 858; baseline 0 -6"><span class='ocrx_word' id='word_1_196' title='bbox 216 827 267 853; x_wconf 80' lang='lat' dir='ltr'><strong>suh</strong></span> <span class='ocrx_word' id='word_1_197' title='bbox 285 826 379 853; x_wconf 90' lang='lat' dir='ltr'><strong>oculos</strong></span> <span class='ocrx_word' id='word_1_198' title='bbox 401 826 484 852; x_wconf 89' lang='lat' dir='ltr'><strong>cadit.</strong></span> <span class='ocrx_word' id='word_1_199' title='bbox 503 825 569 852; x_wconf 82' lang='lat' dir='ltr'><strong>Nam</strong></span> <span class='ocrx_word' id='word_1_200' title='bbox 585 825 650 851; x_wconf 87' lang='lat' dir='ltr'><strong>dtttn</strong></span> <span class='ocrx_word' id='word_1_201' title='bbox 667 825 793 858; x_wconf 89' lang='lat' dir='ltr'><strong>corporis</strong></span> <span class='ocrx_word' id='word_1_202' title='bbox 812 825 909 852; x_wconf 89' lang='lat' dir='ltr'><strong>moletn</strong></span> <span class='ocrx_word' id='word_1_203' title='bbox 935 833 1001 852; x_wconf 89' lang='lat' dir='ltr'><strong>con-</strong></span> 
     </span>
    </p>
   </div>
   <div class='ocr_carea' id='block_1_29' title="bbox 216 870 1003 906">
    <p class='ocr_par' dir='ltr' id='par_1_29' title="bbox 216 870 1003 906">
     <span class='ocr_line' id='line_1_29' title="bbox 216 870 1003 906; baseline 0 -9"><span class='ocrx_word' id='word_1_204' title='bbox 216 872 392 906; x_wconf 83' lang='lat' dir='ltr'><strong>templantur,</strong></span> <span class='ocrx_word' id='word_1_205' title='bbox 415 871 448 898; x_wconf 83' lang='lat' dir='ltr'><strong>iis</strong></span> <span class='ocrx_word' id='word_1_206' title='bbox 472 871 539 897; x_wconf 83' lang='lat' dir='ltr'><strong>satis</strong></span> <span class='ocrx_word' id='word_1_207' title='bbox 562 874 616 898; x_wconf 82' lang='lat' dir='ltr'><strong>est.</strong></span> <span class='ocrx_word' id='word_1_208' title='bbox 645 870 667 896; x_wconf 87' lang='lat' dir='ltr'><strong>si</strong></span> <span class='ocrx_word' id='word_1_209' title='bbox 690 875 774 896; x_wconf 86' lang='lat' dir='ltr'><strong>totam</strong></span> <span class='ocrx_word' id='word_1_210' title='bbox 790 870 913 904; x_wconf 86' lang='lat' dir='ltr'><strong>corporis</strong></span> <span class='ocrx_word' id='word_1_211' title='bbox 937 878 1003 897; x_wconf 78' lang='lat' dir='ltr'><strong>con-</strong></span> 
     </span>
    </p>
   </div>
   <div class='ocr_carea' id='block_1_30' title="bbox 215 915 1003 951">
    <p class='ocr_par' dir='ltr' id='par_1_30' title="bbox 215 915 1003 951">
     <span class='ocr_line' id='line_1_30' title="bbox 215 915 1003 951; baseline -0.001 -7"><span class='ocrx_word' id='word_1_212' title='bbox 215 917 383 944; x_wconf 77' lang='lat' dir='ltr'><strong>stitutionem</strong></span> <span class='ocrx_word' id='word_1_213' title='bbox 415 915 657 951; x_wconf 79' lang='lat' dir='ltr'><strong>comprehetulisse</strong></span> <span class='ocrx_word' id='word_1_214' title='bbox 680 924 710 943; x_wconf 88' lang='lat' dir='ltr'><strong>se</strong></span> <span class='ocrx_word' id='word_1_215' title='bbox 739 921 845 951; x_wconf 86' lang='lat' dir='ltr'><strong>putent.</strong></span> <span class='ocrx_word' id='word_1_216' title='bbox 871 916 905 942; x_wconf 77' lang='lat' dir='ltr'><strong>At</strong></span> <span class='ocrx_word' id='word_1_217' title='bbox 937 924 1003 943; x_wconf 86' lang='lat' dir='ltr'><strong>vero</strong></span> 
     </span>
    </p>
   </div>
   <div class='ocr_carea' id='block_1_31' title="bbox 214 961 1003 998">
    <p class='ocr_par' dir='ltr' id='par_1_31' title="bbox 214 961 1003 998">
     <span class='ocr_line' id='line_1_31' title="bbox 214 961 1003 998; baseline -0.003 -8"><span class='ocrx_word' id='word_1_218' title='bbox 214 964 260 998; x_wconf 90' lang='lat' dir='ltr'><strong>qui</strong></span> <span class='ocrx_word' id='word_1_219' title='bbox 276 968 365 990; x_wconf 75' lang='lat' dir='ltr'><strong>mente</strong></span> <span class='ocrx_word' id='word_1_220' title='bbox 380 966 422 990; x_wconf 73' lang='lat' dir='ltr'><strong>est</strong></span> <span class='ocrx_word' id='word_1_221' title='bbox 437 966 516 989; x_wconf 80' lang='lat' dir='ltr'><strong>acuta</strong></span> <span class='ocrx_word' id='word_1_222' title='bbox 533 966 561 988; x_wconf 87' lang='lat' dir='ltr'><strong>el.</strong></span> <span class='ocrx_word' id='word_1_223' title='bbox 580 961 745 996; x_wconf 79' lang='lat' dir='ltr'><strong>perspicaci,</strong></span> <span class='ocrx_word' id='word_1_224' title='bbox 767 962 1003 996; x_wconf 88' lang='lat' dir='ltr'><strong>scicntiarumque</strong></span> 
     </span>
    </p>
   </div>
   <div class='ocr_carea' id='block_1_32' title="bbox 214 1007 1002 1042">
    <p class='ocr_par' dir='ltr' id='par_1_32' title="bbox 214 1007 1002 1042">
     <span class='ocr_line' id='line_1_32' title="bbox 214 1007 1002 1042; baseline -0.001 -7"><span class='ocrx_word' id='word_1_225' title='bbox 214 1008 367 1042; x_wconf 72' lang='lat' dir='ltr'><strong>disciplinis</strong></span> <span class='ocrx_word' id='word_1_226' title='bbox 382 1009 544 1037; x_wconf 84' lang='lat' dir='ltr'><strong>instructus,</strong></span> <span class='ocrx_word' id='word_1_227' title='bbox 570 1014 624 1033; x_wconf 90' lang='lat' dir='ltr'><strong>non</strong></span> <span class='ocrx_word' id='word_1_228' title='bbox 643 1007 729 1033; x_wconf 89' lang='lat' dir='ltr'><strong>solum</strong></span> <span class='ocrx_word' id='word_1_229' title='bbox 747 1007 816 1034; x_wconf 78' lang='lat' dir='ltr'><strong>satis</strong></span> <span class='ocrx_word' id='word_1_230' title='bbox 838 1008 920 1034; x_wconf 81' lang='lat' dir='ltr'><strong>habet</strong></span> <span class='ocrx_word' id='word_1_231' title='bbox 936 1015 1002 1035; x_wconf 91' lang='lat' dir='ltr'><strong>ocu-</strong></span> 
     </span>
    </p>
   </div>
   <div class='ocr_carea' id='block_1_33' title="bbox 215 1053 1000 1087">
    <p class='ocr_par' dir='ltr' id='par_1_33' title="bbox 215 1053 1000 1087">
     <span class='ocr_line' id='line_1_33' title="bbox 215 1053 1000 1087; baseline 0.001 -8"><span class='ocrx_word' id='word_1_232' title='bbox 215 1055 302 1080; x_wconf 77' lang='lat' dir='ltr'><strong>lorum</strong></span> <span class='ocrx_word' id='word_1_233' title='bbox 318 1061 401 1080; x_wconf 78' lang='lat' dir='ltr'><strong>sensu</strong></span> <span class='ocrx_word' id='word_1_234' title='bbox 418 1060 471 1083; x_wconf 86' lang='lat' dir='ltr'><strong>rcs.</strong></span> <span class='ocrx_word' id='word_1_235' title='bbox 490 1060 551 1086; x_wconf 72' lang='lat' dir='ltr'><strong>quae</strong></span> <span class='ocrx_word' id='word_1_236' title='bbox 572 1057 647 1082; x_wconf 88' lang='lat' dir='ltr'><strong>sunt,</strong></span> <span class='ocrx_word' id='word_1_237' title='bbox 664 1053 784 1085; x_wconf 87' lang='lat' dir='ltr'><strong>intueri;</strong></span> <span class='ocrx_word' id='word_1_238' title='bbox 804 1060 892 1087; x_wconf 82' lang='lat' dir='ltr'><strong>neque</strong></span> <span class='ocrx_word' id='word_1_239' title='bbox 907 1053 1000 1084; x_wconf 86' lang='lat' dir='ltr'><strong>rebus,</strong></span> 
     </span>
    </p>
   </div>
   <div class='ocr_carea' id='block_1_34' title="bbox 213 1097 1002 1134">
    <p class='ocr_par' dir='ltr' id='par_1_34' title="bbox 213 1097 1002 1134">
     <span class='ocr_line' id='line_1_34' title="bbox 213 1097 1002 1134; baseline -0.001 -8"><span class='ocrx_word' id='word_1_240' title='bbox 213 1107 274 1134; x_wconf 79' lang='lat' dir='ltr'><strong>quae</strong></span> <span class='ocrx_word' id='word_1_241' title='bbox 302 1098 440 1128; x_wconf 80' lang='lat' dir='ltr'><strong>videntur,</strong></span> <span class='ocrx_word' id='word_1_242' title='bbox 467 1097 631 1131; x_wconf 79' lang='lat' dir='ltr'><strong>simpliciter</strong></span> <span class='ocrx_word' id='word_1_243' title='bbox 657 1098 824 1132; x_wconf 80' lang='lat' dir='ltr'><strong>acquiescit;</strong></span> <span class='ocrx_word' id='word_1_244' title='bbox 857 1105 945 1132; x_wconf 83' lang='lat' dir='ltr'><strong>neque</strong></span> <span class='ocrx_word' id='word_1_245' title='bbox 975 1099 1002 1125; x_wconf 85' lang='lat' dir='ltr'><strong>id</strong></span> 
     </span>
    </p>
   </div>
   <div class='ocr_carea' id='block_1_35' title="bbox 213 1144 1001 1180">
    <p class='ocr_par' dir='ltr' id='par_1_35' title="bbox 213 1144 1001 1180">
     <span class='ocr_line' id='line_1_35' title="bbox 213 1144 1001 1180; baseline -0.001 -8"><span class='ocrx_word' id='word_1_246' title='bbox 213 1145 286 1180; x_wconf 87' lang='lat' dir='ltr'><strong>qttml</strong></span> <span class='ocrx_word' id='word_1_247' title='bbox 303 1153 357 1172; x_wconf 91' lang='lat' dir='ltr'><strong>non</strong></span> <span class='ocrx_word' id='word_1_248' title='bbox 376 1145 508 1175; x_wconf 81' lang='lat' dir='ltr'><strong>cernitur,</strong></span> <span class='ocrx_word' id='word_1_249' title='bbox 538 1144 565 1171; x_wconf 91' lang='lat' dir='ltr'><strong>in</strong></span> <span class='ocrx_word' id='word_1_250' title='bbox 584 1145 618 1171; x_wconf 82' lang='lat' dir='ltr'><strong>iis</strong></span> <span class='ocrx_word' id='word_1_251' title='bbox 636 1144 728 1174; x_wconf 86' lang='lat' dir='ltr'><strong>rebus,</strong></span> <span class='ocrx_word' id='word_1_252' title='bbox 746 1152 807 1178; x_wconf 72' lang='lat' dir='ltr'><strong>qua:</strong></span> <span class='ocrx_word' id='word_1_253' title='bbox 824 1145 905 1171; x_wconf 77' lang='lat' dir='ltr'><strong>nulla:</strong></span> <span class='ocrx_word' id='word_1_254' title='bbox 926 1149 1001 1177; x_wconf 80' lang='lat' dir='ltr'><strong>sunt,</strong></span> 
     </span>
    </p>
   </div>
   <div class='ocr_carea' id='block_1_36' title="bbox 214 1189 1002 1224">
    <p class='ocr_par' dir='ltr' id='par_1_36' title="bbox 214 1189 1002 1224">
     <span class='ocr_line' id='line_1_36' title="bbox 214 1189 1002 1224; baseline -0.003 -5"><span class='ocrx_word' id='word_1_255' title='bbox 214 1196 360 1224; x_wconf 83' lang='lat' dir='ltr'><strong>numerat;</strong></span> <span class='ocrx_word' id='word_1_256' title='bbox 380 1190 428 1217; x_wconf 86' lang='lat' dir='ltr'><strong>scd</strong></span> <span class='ocrx_word' id='word_1_257' title='bbox 452 1197 559 1216; x_wconf 88' lang='lat' dir='ltr'><strong>ontnem</strong></span> <span class='ocrx_word' id='word_1_258' title='bbox 581 1189 662 1216; x_wconf 86' lang='lat' dir='ltr'><strong>etiam</strong></span> <span class='ocrx_word' id='word_1_259' title='bbox 687 1190 770 1216; x_wconf 83' lang='lat' dir='ltr'><strong>animi</strong></span> <span class='ocrx_word' id='word_1_260' title='bbox 793 1194 919 1217; x_wconf 87' lang='lat' dir='ltr'><strong>naturam</strong></span> <span class='ocrx_word' id='word_1_261' title='bbox 941 1190 1002 1217; x_wconf 91' lang='lat' dir='ltr'><strong>dili-</strong></span> 
     </span>
    </p>
   </div>
   <div class='ocr_carea' id='block_1_37' title="bbox 215 1235 1002 1272">
    <p class='ocr_par' dir='ltr' id='par_1_37' title="bbox 215 1235 1002 1272">
     <span class='ocr_line' id='line_1_37' title="bbox 215 1235 1002 1272; baseline -0.003 -7"><span class='ocrx_word' id='word_1_262' title='bbox 215 1242 309 1272; x_wconf 75' lang='lat' dir='ltr'><strong>genter</strong></span> <span class='ocrx_word' id='word_1_263' title='bbox 336 1236 493 1270; x_wconf 76' lang='lat' dir='ltr'><strong>investigat,</strong></span> <span class='ocrx_word' id='word_1_264' title='bbox 522 1243 726 1271; x_wconf 86' lang='lat' dir='ltr'><strong>corporumque</strong></span> <span class='ocrx_word' id='word_1_265' title='bbox 756 1235 915 1270; x_wconf 80' lang='lat' dir='ltr'><strong>qualitates,</strong></span> <span class='ocrx_word' id='word_1_266' title='bbox 942 1244 1002 1271; x_wconf 69' lang='lat' dir='ltr'><strong>quae</strong></span> 
     </span>
    </p>
   </div>
   <div class='ocr_carea' id='block_1_38' title="bbox 213 1281 1002 1319">
    <p class='ocr_par' dir='ltr' id='par_1_38' title="bbox 213 1281 1002 1319">
     <span class='ocr_line' id='line_1_38' title="bbox 213 1281 1002 1319; baseline -0.004 -8"><span class='ocrx_word' id='word_1_267' title='bbox 213 1287 358 1319; x_wconf 81' lang='lat' dir='ltr'><strong>apparent,</strong></span> <span class='ocrx_word' id='word_1_268' title='bbox 373 1287 401 1310; x_wconf 91' lang='lat' dir='ltr'><strong>et</strong></span> <span class='ocrx_word' id='word_1_269' title='bbox 418 1282 557 1313; x_wconf 83' lang='lat' dir='ltr'><strong>universe,</strong></span> <span class='ocrx_word' id='word_1_270' title='bbox 575 1286 602 1309; x_wconf 86' lang='lat' dir='ltr'><strong>et</strong></span> <span class='ocrx_word' id='word_1_271' title='bbox 622 1282 760 1316; x_wconf 79' lang='lat' dir='ltr'><strong>sigillatim</strong></span> <span class='ocrx_word' id='word_1_272' title='bbox 779 1281 936 1309; x_wconf 84' lang='lat' dir='ltr'><strong>considerat</strong></span> <span class='ocrx_word' id='word_1_273' title='bbox 951 1291 958 1308; x_wconf 91' lang='lat'><strong>:</strong></span> <span class='ocrx_word' id='word_1_274' title='bbox 975 1286 1002 1308; x_wconf 84' lang='lat' dir='ltr'><strong>ct</strong></span> 
     </span>
    </p>
   </div>
   <div class='ocr_carea' id='block_1_39' title="bbox 214 1327 1001 1362">
    <p class='ocr_par' dir='ltr' id='par_1_39' title="bbox 214 1327 1001 1362">
     <span class='ocr_line' id='line_1_39' title="bbox 214 1327 1001 1362; baseline -0.001 -7"><span class='ocrx_word' id='word_1_275' title='bbox 214 1330 309 1356; x_wconf 85' lang='lat' dir='ltr'><strong>harum</strong></span> <span class='ocrx_word' id='word_1_276' title='bbox 336 1335 418 1354; x_wconf 86' lang='lat' dir='ltr'><strong>unam</strong></span> <span class='ocrx_word' id='word_1_277' title='bbox 435 1328 470 1354; x_wconf 81' lang='lat' dir='ltr'><strong>ab</strong></span> <span class='ocrx_word' id='word_1_278' title='bbox 495 1328 579 1354; x_wconf 86' lang='lat' dir='ltr'><strong>altera</strong></span> <span class='ocrx_word' id='word_1_279' title='bbox 606 1327 743 1362; x_wconf 63' lang='lat' dir='ltr'><strong>prtccipue</strong></span> <span class='ocrx_word' id='word_1_280' title='bbox 768 1327 875 1354; x_wconf 84' lang='lat' dir='ltr'><strong>ratione</strong></span> <span class='ocrx_word' id='word_1_281' title='bbox 900 1327 1001 1354; x_wconf 82' lang='lat' dir='ltr'><strong>distill—</strong></span> 
     </span>
    </p>
   </div>
   <div class='ocr_carea' id='block_1_40' title="bbox 213 1373 1001 1408">
    <p class='ocr_par' dir='ltr' id='par_1_40' title="bbox 213 1373 1001 1408">
     <span class='ocr_line' id='line_1_40' title="bbox 213 1373 1001 1408; baseline -0.001 -8"><span class='ocrx_word' id='word_1_282' title='bbox 213 1374 272 1408; x_wconf 64' lang='lat' dir='ltr'><strong>ltuit</strong></span> <span class='ocrx_word' id='word_1_283' title='bbox 290 1383 295 1400; x_wconf 88' lang='lat'>:</span> <span class='ocrx_word' id='word_1_284' title='bbox 315 1380 467 1408; x_wconf 84' lang='lat' dir='ltr'><strong>rursusque</strong></span> <span class='ocrx_word' id='word_1_285' title='bbox 481 1373 589 1399; x_wconf 80' lang='lat' dir='ltr'><strong>illarum</strong></span> <span class='ocrx_word' id='word_1_286' title='bbox 604 1380 777 1399; x_wconf 81' lang='lat' dir='ltr'><strong>communem</strong></span> <span class='ocrx_word' id='word_1_287' title='bbox 792 1380 957 1400; x_wconf 80' lang='lat' dir='ltr'><strong>concursum</strong></span> <span class='ocrx_word' id='word_1_288' title='bbox 974 1377 1001 1399; x_wconf 91' lang='lat' dir='ltr'><strong>et</strong></span> 
     </span>
    </p>
   </div>
   <div class='ocr_carea' id='block_1_41' title="bbox 212 1418 1000 1454">
    <p class='ocr_par' dir='ltr' id='par_1_41' title="bbox 212 1418 1000 1454">
     <span class='ocr_line' id='line_1_41' title="bbox 212 1418 1000 1454; baseline 0.001 -8"><span class='ocrx_word' id='word_1_289' title='bbox 212 1419 418 1453; x_wconf 73' lang='lat' dir='ltr'><strong>conspirantem</strong></span> <span class='ocrx_word' id='word_1_290' title='bbox 450 1418 595 1453; x_wconf 86' lang='lat' dir='ltr'><strong>quemdam</strong></span> <span class='ocrx_word' id='word_1_291' title='bbox 619 1426 786 1445; x_wconf 77' lang='lat' dir='ltr'><strong>consensum</strong></span> <span class='ocrx_word' id='word_1_292' title='bbox 815 1419 841 1446; x_wconf 88' lang='lat' dir='ltr'><strong>in</strong></span> <span class='ocrx_word' id='word_1_293' title='bbox 876 1420 1000 1454; x_wconf 87' lang='lat' dir='ltr'><strong>corporis</strong></span> 
     </span>
    </p>
   </div>
   <div class='ocr_carea' id='block_1_42' title="bbox 1055 825 1842 865">
    <p class='ocr_par' dir='ltr' id='par_1_42' title="bbox 1055 825 1842 865">
     <span class='ocr_line' id='line_1_42' title="bbox 1055 825 1842 865; baseline 0.009 -15"><span class='ocrx_word' id='word_1_294' title='bbox 1055 833 1110 856; x_wconf 77' lang='grc' dir='ltr'>νοις</span> <span class='ocrx_word' id='word_1_295' title='bbox 1124 825 1169 851; x_wconf 78' lang='grc' dir='ltr'><strong>τὸν</strong></span> <span class='ocrx_word' id='word_1_296' title='bbox 1193 825 1274 860; x_wconf 80' lang='grc' dir='ltr'><strong>ὄγκον</strong></span> <span class='ocrx_word' id='word_1_297' title='bbox 1290 827 1336 853; x_wconf 78' lang='grc' dir='ltr'><strong>τοῦ</strong></span> <span class='ocrx_word' id='word_1_298' title='bbox 1363 827 1488 863; x_wconf 85' lang='grc' dir='ltr'>σώματος</span> <span class='ocrx_word' id='word_1_299' title='bbox 1500 849 1507 861; x_wconf 88' lang='grc'><strong>,</strong></span> <span class='ocrx_word' id='word_1_300' title='bbox 1523 830 1582 856; x_wconf 81' lang='grc' dir='ltr'>ὅλον</span> <span class='ocrx_word' id='word_1_301' title='bbox 1606 831 1715 865; x_wconf 82' lang='grc' dir='ltr'>νομίσαι</span> <span class='ocrx_word' id='word_1_302' title='bbox 1732 831 1778 857; x_wconf 79' lang='grc' dir='ltr'>τὸν</span> <span class='ocrx_word' id='word_1_303' title='bbox 1796 831 1842 857; x_wconf 68' lang='grc' dir='ltr'>τοῦ</span> 
     </span>
    </p>
   </div>
   <div class='ocr_carea' id='block_1_43' title="bbox 1053 871 1843 911">
    <p class='ocr_par' dir='ltr' id='par_1_43' title="bbox 1053 871 1843 911">
     <span class='ocr_line' id='line_1_43' title="bbox 1053 871 1843 911; baseline 0.006 -14"><span class='ocrx_word' id='word_1_304' title='bbox 1053 871 1196 907; x_wconf 82' lang='grc' dir='ltr'>ἀνθρώπου</span> <span class='ocrx_word' id='word_1_305' title='bbox 1222 872 1299 906; x_wconf 84' lang='grc' dir='ltr'>λόγον</span> <span class='ocrx_word' id='word_1_306' title='bbox 1320 874 1527 910; x_wconf 85' lang='grc' dir='ltr'>κατειληφέναι·</span> <span class='ocrx_word' id='word_1_307' title='bbox 1550 876 1564 901; x_wconf 82' lang='grc' dir='ltr'>ὁ</span> <span class='ocrx_word' id='word_1_308' title='bbox 1581 876 1609 902; x_wconf 79' lang='grc' dir='ltr'><strong>δὲ</strong></span> <span class='ocrx_word' id='word_1_309' title='bbox 1627 875 1779 911; x_wconf 80' lang='grc' dir='ltr'>διορατικὺς</span> <span class='ocrx_word' id='word_1_310' title='bbox 1794 877 1843 910; x_wconf 67' lang='grc' dir='ltr'>τὴν</span> 
     </span>
    </p>
   </div>
   <div class='ocr_carea' id='block_1_44' title="bbox 1052 916 1842 956">
    <p class='ocr_par' dir='ltr' id='par_1_44' title="bbox 1052 916 1842 956">
     <span class='ocr_line' id='line_1_44' title="bbox 1052 916 1842 956; baseline 0.008 -15"><span class='ocrx_word' id='word_1_311' title='bbox 1052 916 1150 951; x_wconf 72' lang='grc' dir='ltr'>ψυχὴν,</span> <span class='ocrx_word' id='word_1_312' title='bbox 1167 916 1212 942; x_wconf 84' lang='grc' dir='ltr'>καὶ</span> <span class='ocrx_word' id='word_1_313' title='bbox 1232 917 1445 953; x_wconf 79' lang='grc' dir='ltr'><strong>πεπαιδευμένος</strong></span> <span class='ocrx_word' id='word_1_314' title='bbox 1471 920 1508 954; x_wconf 83' lang='grc' dir='ltr'>μὴ</span> <span class='ocrx_word' id='word_1_315' title='bbox 1523 920 1612 955; x_wconf 79' lang='grc' dir='ltr'>μόνοις</span> <span class='ocrx_word' id='word_1_316' title='bbox 1625 921 1774 956; x_wconf 66' lang='grc' dir='ltr'>ὀφθαλμοῖς</span> <span class='ocrx_word' id='word_1_317' title='bbox 1786 923 1842 948; x_wconf 63' lang='grc' dir='ltr'>ἑπι-</span> 
     </span>
    </p>
   </div>
   <div class='ocr_carea' id='block_1_45' title="bbox 1052 961 1843 1002">
    <p class='ocr_par' dir='ltr' id='par_1_45' title="bbox 1052 961 1843 1002">
     <span class='ocr_line' id='line_1_45' title="bbox 1052 961 1843 1002; baseline 0.008 -15"><span class='ocrx_word' id='word_1_318' title='bbox 1052 961 1186 998; x_wconf 74' lang='grc' dir='ltr'>τρέπει[ν]</span> <span class='ocrx_word' id='word_1_319' title='bbox 1196 962 1244 997; x_wconf 80' lang='grc' dir='ltr'>τὴν</span> <span class='ocrx_word' id='word_1_320' title='bbox 1259 963 1313 989; x_wconf 81' lang='grc' dir='ltr'>τῶν</span> <span class='ocrx_word' id='word_1_321' title='bbox 1323 963 1406 990; x_wconf 70' lang='grc' dir='ltr'>ὄντων</span> <span class='ocrx_word' id='word_1_322' title='bbox 1420 965 1572 1000; x_wconf 71' lang='grc' dir='ltr'>ἐπίσκεψιν,</span> <span class='ocrx_word' id='word_1_323' title='bbox 1583 966 1612 991; x_wconf 75' lang='grc' dir='ltr'>οὐ</span> <span class='ocrx_word' id='word_1_324' title='bbox 1626 966 1706 1001; x_wconf 83' lang='grc' dir='ltr'>μέχρι</span> <span class='ocrx_word' id='word_1_325' title='bbox 1716 967 1770 993; x_wconf 84' lang='grc' dir='ltr'>τῶν</span> <span class='ocrx_word' id='word_1_326' title='bbox 1784 977 1843 1002; x_wconf 74' lang='grc' dir='ltr'>φαι-</span> 
     </span>
    </p>
   </div>
   <div class='ocr_carea' id='block_1_46' title="bbox 1052 1007 1841 1046">
    <p class='ocr_par' dir='ltr' id='par_1_46' title="bbox 1052 1007 1841 1046">
     <span class='ocr_line' id='line_1_46' title="bbox 1052 1007 1841 1046; baseline 0.008 -13"><span class='ocrx_word' id='word_1_327' title='bbox 1052 1007 1173 1042; x_wconf 82' lang='grc' dir='ltr'>νομένων</span> <span class='ocrx_word' id='word_1_328' title='bbox 1199 1009 1324 1043; x_wconf 81' lang='grc' dir='ltr'>στήσεται</span> <span class='ocrx_word' id='word_1_329' title='bbox 1337 1029 1344 1039; x_wconf 82' lang='grc'><strong>,</strong></span> <span class='ocrx_word' id='word_1_330' title='bbox 1366 1009 1425 1035; x_wconf 71' lang='grc' dir='ltr'>οὐδὲ</span> <span class='ocrx_word' id='word_1_331' title='bbox 1445 1010 1474 1036; x_wconf 73' lang='grc' dir='ltr'>τὶ</span> <span class='ocrx_word' id='word_1_332' title='bbox 1495 1011 1532 1046; x_wconf 86' lang='grc' dir='ltr'>μὴ</span> <span class='ocrx_word' id='word_1_333' title='bbox 1554 1011 1719 1046; x_wconf 81' lang='grc' dir='ltr'>βλεπόμενον</span> <span class='ocrx_word' id='word_1_334' title='bbox 1738 1014 1767 1038; x_wconf 85' lang='grc' dir='ltr'>ὲν</span> <span class='ocrx_word' id='word_1_335' title='bbox 1786 1015 1841 1044; x_wconf 82' lang='grc' dir='ltr'>τοῖς</span> 
     </span>
    </p>
   </div>
   <div class='ocr_carea' id='block_1_47' title="bbox 1054 1050 1840 1092">
    <p class='ocr_par' dir='ltr' id='par_1_47' title="bbox 1054 1050 1840 1092">
     <span class='ocr_line' id='line_1_47' title="bbox 1054 1050 1840 1092; baseline 0.006 -14"><span class='ocrx_word' id='word_1_336' title='bbox 1054 1053 1092 1088; x_wconf 85' lang='grc' dir='ltr'>μὴ</span> <span class='ocrx_word' id='word_1_337' title='bbox 1103 1050 1162 1079; x_wconf 75' lang='grc' dir='ltr'>οὖσι</span> <span class='ocrx_word' id='word_1_338' title='bbox 1177 1053 1324 1087; x_wconf 80' lang='grc' dir='ltr'>λογίζεται,</span> <span class='ocrx_word' id='word_1_339' title='bbox 1347 1054 1415 1081; x_wconf 77' lang='grc' dir='ltr'>ἀλλὰ</span> <span class='ocrx_word' id='word_1_340' title='bbox 1428 1055 1475 1081; x_wconf 72' lang='grc' dir='ltr'>καὶ</span> <span class='ocrx_word' id='word_1_341' title='bbox 1496 1055 1584 1090; x_wconf 82' lang='grc' dir='ltr'>ψυχῆς</span> <span class='ocrx_word' id='word_1_342' title='bbox 1605 1056 1686 1090; x_wconf 77' lang='grc' dir='ltr'>φύσιν</span> <span class='ocrx_word' id='word_1_343' title='bbox 1703 1059 1840 1092; x_wconf 72' lang='grc' dir='ltr'>περινοεῐ.</span> 
     </span>
    </p>
   </div>
   <div class='ocr_carea' id='block_1_48' title="bbox 1053 1098 1841 1138">
    <p class='ocr_par' dir='ltr' id='par_1_48' title="bbox 1053 1098 1841 1138">
     <span class='ocr_line' id='line_1_48' title="bbox 1053 1098 1841 1138; baseline 0.006 -14"><span class='ocrx_word' id='word_1_344' title='bbox 1053 1099 1100 1125; x_wconf 74' lang='grc' dir='ltr'>καὶ</span> <span class='ocrx_word' id='word_1_345' title='bbox 1115 1098 1164 1130; x_wconf 76' lang='grc' dir='ltr'><strong>τὰς</strong></span> <span class='ocrx_word' id='word_1_346' title='bbox 1178 1098 1217 1134; x_wconf 84' lang='grc' dir='ltr'><strong>τῷ</strong></span> <span class='ocrx_word' id='word_1_347' title='bbox 1228 1099 1335 1134; x_wconf 83' lang='grc' dir='ltr'>σώματι</span> <span class='ocrx_word' id='word_1_348' title='bbox 1349 1100 1521 1135; x_wconf 79' lang='grc' dir='ltr'>ἑμφυομένας</span> <span class='ocrx_word' id='word_1_349' title='bbox 1536 1102 1692 1137; x_wconf 75' lang='grc' dir='ltr'><strong>ποιότητας,</strong></span> <span class='ocrx_word' id='word_1_350' title='bbox 1709 1103 1841 1138; x_wconf 77' lang='grc' dir='ltr'>καὶκοινῇ</span> 
     </span>
    </p>
   </div>
   <div class='ocr_carea' id='block_1_49' title="bbox 1053 1145 1842 1184">
    <p class='ocr_par' dir='ltr' id='par_1_49' title="bbox 1053 1145 1842 1184">
     <span class='ocr_line' id='line_1_49' title="bbox 1053 1145 1842 1184; baseline 0.005 -13"><span class='ocrx_word' id='word_1_351' title='bbox 1053 1145 1101 1171; x_wconf 76' lang='grc' dir='ltr'><strong>καὶ</strong></span> <span class='ocrx_word' id='word_1_352' title='bbox 1123 1145 1184 1172; x_wconf 82' lang='grc' dir='ltr'>καθ’</span> <span class='ocrx_word' id='word_1_353' title='bbox 1201 1146 1301 1177; x_wconf 84' lang='grc' dir='ltr'>ἑαυτὰς</span> <span class='ocrx_word' id='word_1_354' title='bbox 1324 1146 1535 1174; x_wconf 81' lang='grc' dir='ltr'>ἐπισκέπτεται·</span> <span class='ocrx_word' id='word_1_355' title='bbox 1563 1147 1616 1182; x_wconf 75' lang='grc' dir='ltr'>ἰδίᾳ</span> <span class='ocrx_word' id='word_1_356' title='bbox 1637 1157 1666 1174; x_wconf 85' lang='grc' dir='ltr'><strong>τε</strong></span> <span class='ocrx_word' id='word_1_357' title='bbox 1683 1149 1737 1184; x_wconf 67' lang='grc' dir='ltr'>γὰρ</span> <span class='ocrx_word' id='word_1_358' title='bbox 1754 1150 1842 1175; x_wconf 77' lang='grc' dir='ltr'>αὐτῶν</span> 
     </span>
    </p>
   </div>
   <div class='ocr_carea' id='block_1_50' title="bbox 1053 1191 1841 1230">
    <p class='ocr_par' dir='ltr' id='par_1_50' title="bbox 1053 1191 1841 1230">
     <span class='ocr_line' id='line_1_50' title="bbox 1053 1191 1841 1230; baseline 0.006 -14"><span class='ocrx_word' id='word_1_359' title='bbox 1053 1191 1169 1225; x_wconf 79' lang='grc' dir='ltr'>ἑκάστην</span> <span class='ocrx_word' id='word_1_360' title='bbox 1186 1191 1296 1226; x_wconf 75' lang='grc' dir='ltr'>χωρίζει</span> <span class='ocrx_word' id='word_1_361' title='bbox 1310 1191 1349 1226; x_wconf 80' lang='grc' dir='ltr'>τῷ</span> <span class='ocrx_word' id='word_1_362' title='bbox 1366 1192 1447 1227; x_wconf 80' lang='grc' dir='ltr'>λόγῳ,</span> <span class='ocrx_word' id='word_1_363' title='bbox 1464 1193 1511 1219; x_wconf 76' lang='grc' dir='ltr'>καὶ</span> <span class='ocrx_word' id='word_1_364' title='bbox 1526 1193 1605 1219; x_wconf 85' lang='grc' dir='ltr'>πάλιν</span> <span class='ocrx_word' id='word_1_365' title='bbox 1621 1194 1670 1230; x_wconf 78' lang='grc' dir='ltr'>τὴν</span> <span class='ocrx_word' id='word_1_366' title='bbox 1686 1195 1779 1230; x_wconf 77' lang='grc' dir='ltr'>κοινὴν</span> <span class='ocrx_word' id='word_1_367' title='bbox 1795 1196 1841 1221; x_wconf 75' lang='grc' dir='ltr'><strong>αὑ-</strong></span> 
     </span>
    </p>
   </div>
   <div class='ocr_carea' id='block_1_51' title="bbox 1052 1236 1840 1274">
    <p class='ocr_par' dir='ltr' id='par_1_51' title="bbox 1052 1236 1840 1274">
     <span class='ocr_line' id='line_1_51' title="bbox 1052 1236 1840 1274; baseline 0.006 -12"><span class='ocrx_word' id='word_1_368' title='bbox 1052 1236 1106 1262; x_wconf 86' lang='grc' dir='ltr'>τῶν</span> <span class='ocrx_word' id='word_1_369' title='bbox 1122 1236 1274 1272; x_wconf 83' lang='grc' dir='ltr'>συνδρομήν</span> <span class='ocrx_word' id='word_1_370' title='bbox 1292 1246 1321 1263; x_wconf 77' lang='grc' dir='ltr'><strong>τε</strong></span> <span class='ocrx_word' id='word_1_371' title='bbox 1340 1238 1386 1264; x_wconf 75' lang='grc' dir='ltr'>καὶ</span> <span class='ocrx_word' id='word_1_372' title='bbox 1402 1238 1553 1273; x_wconf 80' lang='grc' dir='ltr'>σύμπνοιαν</span> <span class='ocrx_word' id='word_1_373' title='bbox 1568 1240 1630 1274; x_wconf 80' lang='grc' dir='ltr'>περὶ</span> <span class='ocrx_word' id='word_1_374' title='bbox 1645 1240 1695 1274; x_wconf 85' lang='grc' dir='ltr'>τὴν</span> <span class='ocrx_word' id='word_1_375' title='bbox 1711 1241 1757 1267; x_wconf 74' lang='grc' dir='ltr'>τοῦ</span> <span class='ocrx_word' id='word_1_376' title='bbox 1775 1241 1840 1267; x_wconf 77' lang='grc' dir='ltr'>ὐπο-</span> 
     </span>
    </p>
   </div>
   <div class='ocr_carea' id='block_1_52' title="bbox 1053 1282 1841 1321">
    <p class='ocr_par' dir='ltr' id='par_1_52' title="bbox 1053 1282 1841 1321">
     <span class='ocr_line' id='line_1_52' title="bbox 1053 1282 1841 1321; baseline 0.006 -14"><span class='ocrx_word' id='word_1_377' title='bbox 1053 1282 1177 1316; x_wconf 81' lang='grc' dir='ltr'>κειμένου</span> <span class='ocrx_word' id='word_1_378' title='bbox 1190 1282 1319 1309; x_wconf 81' lang='grc' dir='ltr'>σύστασιν</span> <span class='ocrx_word' id='word_1_379' title='bbox 1333 1283 1445 1318; x_wconf 79' lang='grc' dir='ltr'>θεωρεῖ·</span> <span class='ocrx_word' id='word_1_380' title='bbox 1472 1284 1557 1314; x_wconf 70' lang='grc' dir='ltr'>οὕτως</span> <span class='ocrx_word' id='word_1_381' title='bbox 1573 1282 1619 1311; x_wconf 76' lang='grc' dir='ltr'><strong>οὖν</strong></span> <span class='ocrx_word' id='word_1_382' title='bbox 1638 1286 1686 1312; x_wconf 79' lang='grc' dir='ltr'>καὶ</span> <span class='ocrx_word' id='word_1_383' title='bbox 1700 1286 1729 1312; x_wconf 82' lang='grc' dir='ltr'>ἐν</span> <span class='ocrx_word' id='word_1_384' title='bbox 1743 1287 1777 1321; x_wconf 85' lang='grc' dir='ltr'>τῇ</span> <span class='ocrx_word' id='word_1_385' title='bbox 1794 1286 1841 1312; x_wconf 71' lang='grc' dir='ltr'>τοῦ</span> 
     </span>
    </p>
   </div>
   <div class='ocr_carea' id='block_1_53' title="bbox 1053 1327 1841 1365">
    <p class='ocr_par' dir='ltr' id='par_1_53' title="bbox 1053 1327 1841 1365">
     <span class='ocr_line' id='line_1_53' title="bbox 1053 1327 1841 1365; baseline 0.005 -11"><span class='ocrx_word' id='word_1_386' title='bbox 1053 1327 1136 1354; x_wconf 78' lang='grc' dir='ltr'>καλοῦ</span> <span class='ocrx_word' id='word_1_387' title='bbox 1156 1328 1283 1364; x_wconf 80' lang='grc' dir='ltr'><strong>ζητήσει,</strong></span> <span class='ocrx_word' id='word_1_388' title='bbox 1308 1330 1322 1355; x_wconf 82' lang='grc' dir='ltr'><strong>ό</strong></span> <span class='ocrx_word' id='word_1_389' title='bbox 1339 1329 1387 1363; x_wconf 77' lang='grc' dir='ltr'>μὲν</span> <span class='ocrx_word' id='word_1_390' title='bbox 1403 1329 1501 1365; x_wconf 80' lang='grc' dir='ltr'>ἀτελὴς</span> <span class='ocrx_word' id='word_1_391' title='bbox 1518 1330 1566 1365; x_wconf 82' lang='grc' dir='ltr'>τὴν</span> <span class='ocrx_word' id='word_1_392' title='bbox 1582 1330 1713 1362; x_wconf 74' lang='grc' dir='ltr'>διάνοιαν,</span> <span class='ocrx_word' id='word_1_393' title='bbox 1731 1332 1841 1358; x_wconf 69' lang='grc' dir='ltr'>ἐπειδᾶν</span> 
     </span>
    </p>
   </div>
   <div class='ocr_carea' id='block_1_54' title="bbox 1053 1371 1840 1412">
    <p class='ocr_par' dir='ltr' id='par_1_54' title="bbox 1053 1371 1840 1412">
     <span class='ocr_line' id='line_1_54' title="bbox 1053 1371 1840 1412; baseline 0.006 -13"><span class='ocrx_word' id='word_1_394' title='bbox 1053 1373 1095 1410; x_wconf 77' lang='grc' dir='ltr'><strong>ἴδῃ</strong></span> <span class='ocrx_word' id='word_1_395' title='bbox 1114 1382 1140 1400; x_wconf 86' lang='grc' dir='ltr'><strong>τι</strong></span> <span class='ocrx_word' id='word_1_396' title='bbox 1162 1375 1277 1408; x_wconf 80' lang='grc' dir='ltr'>πρᾶγμα</span> <span class='ocrx_word' id='word_1_397' title='bbox 1300 1371 1321 1408; x_wconf 79' lang='grc' dir='ltr'>ᾧ</span> <span class='ocrx_word' id='word_1_398' title='bbox 1346 1374 1459 1406; x_wconf 76' lang='grc' dir='ltr'><strong>κάλλους</strong></span> <span class='ocrx_word' id='word_1_399' title='bbox 1481 1374 1751 1412; x_wconf 74' lang='grc' dir='ltr'>τινὸς-περικέχυται</span> <span class='ocrx_word' id='word_1_400' title='bbox 1774 1387 1840 1411; x_wconf 79' lang='grc' dir='ltr'>φαν-</span> 
     </span>
    </p>
   </div>
   <div class='ocr_carea' id='block_1_55' title="bbox 1051 1419 1840 1458">
    <p class='ocr_par' dir='ltr' id='par_1_55' title="bbox 1051 1419 1840 1458">
     <span class='ocr_line' id='line_1_55' title="bbox 1051 1419 1840 1458; baseline 0.006 -13"><span class='ocrx_word' id='word_1_401' title='bbox 1051 1419 1142 1451; x_wconf 80' lang='grc' dir='ltr'>τασία,</span> <span class='ocrx_word' id='word_1_402' title='bbox 1159 1419 1225 1445; x_wconf 77' lang='grc' dir='ltr'>αὐτὸ</span> <span class='ocrx_word' id='word_1_403' title='bbox 1238 1420 1324 1446; x_wconf 76' lang='grc' dir='ltr'>ἐκεῖνο</span> <span class='ocrx_word' id='word_1_404' title='bbox 1344 1421 1424 1446; x_wconf 64' lang='grc' dir='ltr'>καλὸν</span> <span class='ocrx_word' id='word_1_405' title='bbox 1441 1419 1509 1447; x_wconf 78' lang='grc' dir='ltr'>εἶναι</span> <span class='ocrx_word' id='word_1_406' title='bbox 1529 1423 1562 1456; x_wconf 83' lang='grc' dir='ltr'><strong>τῇ</strong></span> <span class='ocrx_word' id='word_1_407' title='bbox 1577 1422 1674 1449; x_wconf 76' lang='grc' dir='ltr'>ἑαυτοῦ</span> <span class='ocrx_word' id='word_1_408' title='bbox 1691 1423 1772 1457; x_wconf 75' lang='grc' dir='ltr'>φύσει</span> <span class='ocrx_word' id='word_1_409' title='bbox 1785 1425 1840 1458; x_wconf 72' lang='grc' dir='ltr'>οἰή-</span> 
     </span>
    </p>
   </div>
   <div class='ocr_carea' id='block_1_56' title="bbox 211 1463 998 1504">
    <p class='ocr_par' dir='ltr' id='par_1_56' title="bbox 211 1463 998 1499">
     <span class='ocr_line' id='line_1_56' title="bbox 211 1463 998 1499; baseline 0 -7"><span class='ocrx_word' id='word_1_410' title='bbox 211 1464 409 1492; x_wconf 86' lang='lat' dir='ltr'><strong>constitutione</strong></span> <span class='ocrx_word' id='word_1_411' title='bbox 424 1464 634 1498; x_wconf 86' lang='lat' dir='ltr'><strong>contemplatur.</strong></span> <span class='ocrx_word' id='word_1_412' title='bbox 650 1463 750 1490; x_wconf 86' lang='lat' dir='ltr'><strong>Eadem</strong></span> <span class='ocrx_word' id='word_1_413' title='bbox 771 1464 854 1499; x_wconf 74' lang='lat' dir='ltr'><strong>igitur</strong></span> <span class='ocrx_word' id='word_1_414' title='bbox 872 1466 942 1492; x_wconf 85' lang='lat' dir='ltr'><strong>ratio</strong></span> <span class='ocrx_word' id='word_1_415' title='bbox 957 1469 998 1492; x_wconf 87' lang='lat' dir='ltr'><strong>est</strong></span> 
     </span>
    </p>
   </div>
   <div class='ocr_carea' id='block_1_57' title="bbox 1051 1463 1843 1504">
    <p class='ocr_par' dir='ltr' id='par_1_57' title="bbox 1054 1465 1843 1503">
     <span class='ocr_line' id='line_1_57' title="bbox 1054 1465 1843 1503; baseline 0.006 -13"><span class='ocrx_word' id='word_1_416' title='bbox 1054 1473 1142 1496; x_wconf 77' lang='grc' dir='ltr'>σεται,</span> <span class='ocrx_word' id='word_1_417' title='bbox 1156 1465 1225 1500; x_wconf 80' lang='grc' dir='ltr'>ὅπερ</span> <span class='ocrx_word' id='word_1_418' title='bbox 1234 1465 1267 1491; x_wconf 77' lang='grc' dir='ltr'>ἂν</span> <span class='ocrx_word' id='word_1_419' title='bbox 1279 1466 1328 1500; x_wconf 83' lang='grc' dir='ltr'>τὴν</span> <span class='ocrx_word' id='word_1_420' title='bbox 1341 1465 1465 1501; x_wconf 74' lang='grc' dir='ltr'>αἴσθησιν</span> <span class='ocrx_word' id='word_1_421' title='bbox 1476 1467 1558 1494; x_wconf 75' lang='grc' dir='ltr'>αὑτοῦ</span> <span class='ocrx_word' id='word_1_422' title='bbox 1572 1467 1606 1494; x_wconf 76' lang='grc' dir='ltr'><strong>δι’</strong></span> <span class='ocrx_word' id='word_1_423' title='bbox 1617 1468 1714 1503; x_wconf 77' lang='grc' dir='ltr'>ἡδονῆς</span> <span class='ocrx_word' id='word_1_424' title='bbox 1727 1470 1843 1496; x_wconf 60' lang='lat' dir='ltr'><strong>smund-</strong></span> 
     </span>
    </p>
   </div>
   <div class='ocr_carea' id='block_1_58' title="bbox 212 1511 997 1546">
    <p class='ocr_par' dir='ltr' id='par_1_58' title="bbox 212 1511 997 1546">
     <span class='ocr_line' id='line_1_58' title="bbox 212 1511 997 1546; baseline -0.001 -7"><span class='ocrx_word' id='word_1_425' title='bbox 212 1512 240 1539; x_wconf 93' lang='lat' dir='ltr'><strong>in</strong></span> <span class='ocrx_word' id='word_1_426' title='bbox 257 1512 340 1546; x_wconf 85' lang='lat' dir='ltr'><strong>hujus</strong></span> <span class='ocrx_word' id='word_1_427' title='bbox 357 1511 464 1539; x_wconf 84' lang='lat' dir='ltr'><strong>honesti</strong></span> <span class='ocrx_word' id='word_1_428' title='bbox 478 1512 641 1546; x_wconf 76' lang='lat' dir='ltr'><strong>pulchrique</strong></span> <span class='ocrx_word' id='word_1_429' title='bbox 657 1511 841 1546; x_wconf 73' lang='lat' dir='ltr'><strong>indagationc.</strong></span> <span class='ocrx_word' id='word_1_430' title='bbox 858 1511 909 1544; x_wconf 89' lang='lat' dir='ltr'><strong>Qui</strong></span> <span class='ocrx_word' id='word_1_431' title='bbox 925 1512 997 1539; x_wconf 87' lang='lat' dir='ltr'><strong>enim</strong></span> 
     </span>
    </p>
   </div>
   <div class='ocr_carea' id='block_1_59' title="bbox 211 1557 996 1592">
    <p class='ocr_par' dir='ltr' id='par_1_59' title="bbox 211 1557 996 1592">
     <span class='ocr_line' id='line_1_59' title="bbox 211 1557 996 1592; baseline -0.001 -8"><span class='ocrx_word' id='word_1_432' title='bbox 211 1562 303 1585; x_wconf 80' lang='lat' dir='ltr'><strong>mente</strong></span> <span class='ocrx_word' id='word_1_433' title='bbox 331 1559 421 1585; x_wconf 90' lang='lat' dir='ltr'><strong>minus</strong></span> <span class='ocrx_word' id='word_1_434' title='bbox 449 1558 571 1592; x_wconf 80' lang='lat' dir='ltr'><strong>perlecta</strong></span> <span class='ocrx_word' id='word_1_435' title='bbox 598 1561 650 1588; x_wconf 82' lang='lat' dir='ltr'><strong>est,</strong></span> <span class='ocrx_word' id='word_1_436' title='bbox 680 1565 743 1583; x_wconf 90' lang='lat' dir='ltr'><strong>cum</strong></span> <span class='ocrx_word' id='word_1_437' title='bbox 767 1557 870 1592; x_wconf 88' lang='lat' dir='ltr'><strong>aliqttid</strong></span> <span class='ocrx_word' id='word_1_438' title='bbox 899 1558 996 1589; x_wconf 88' lang='lat' dir='ltr'><strong>cernit,</strong></span> 
     </span>
    </p>
   </div>
   <div class='ocr_carea' id='block_1_60' title="bbox 210 1603 996 1639">
    <p class='ocr_par' dir='ltr' id='par_1_60' title="bbox 210 1603 996 1639">
     <span class='ocr_line' id='line_1_60' title="bbox 210 1603 996 1639; baseline -0.003 -8"><span class='ocrx_word' id='word_1_439' title='bbox 210 1604 284 1639; x_wconf 89' lang='lat' dir='ltr'><strong>quod</strong></span> <span class='ocrx_word' id='word_1_440' title='bbox 298 1604 416 1638; x_wconf 83' lang='lat' dir='ltr'><strong>speciem</strong></span> <span class='ocrx_word' id='word_1_441' title='bbox 435 1603 649 1638; x_wconf 76' lang='lat' dir='ltr'><strong>pulchritudinis</strong></span> <span class='ocrx_word' id='word_1_442' title='bbox 672 1603 791 1638; x_wconf 86' lang='lat' dir='ltr'><strong>aliquam</strong></span> <span class='ocrx_word' id='word_1_443' title='bbox 811 1611 866 1638; x_wconf 68' lang='lat' dir='ltr'><strong>pra:</strong></span> <span class='ocrx_word' id='word_1_444' title='bbox 885 1612 914 1631; x_wconf 89' lang='lat' dir='ltr'><strong>se</strong></span> <span class='ocrx_word' id='word_1_445' title='bbox 932 1603 996 1635; x_wconf 80' lang='lat' dir='ltr'><strong>fert.</strong></span> 
     </span>
    </p>
   </div>
   <div class='ocr_carea' id='block_1_61' title="bbox 211 1647 997 1682">
    <p class='ocr_par' dir='ltr' id='par_1_61' title="bbox 211 1647 997 1682">
     <span class='ocr_line' id='line_1_61' title="bbox 211 1647 997 1682; baseline -0.001 -8"><span class='ocrx_word' id='word_1_446' title='bbox 211 1648 277 1674; x_wconf 92' lang='lat' dir='ltr'><strong>illud</strong></span> <span class='ocrx_word' id='word_1_447' title='bbox 293 1648 381 1682; x_wconf 90' lang='lat' dir='ltr'><strong>ipsun:</strong></span> <span class='ocrx_word' id='word_1_448' title='bbox 398 1648 543 1682; x_wconf 88' lang='lat' dir='ltr'><strong>pulchrum</strong></span> <span class='ocrx_word' id='word_1_449' title='bbox 565 1655 614 1674; x_wconf 84' lang='lat' dir='ltr'><strong>sua</strong></span> <span class='ocrx_word' id='word_1_450' title='bbox 634 1653 730 1674; x_wconf 84' lang='lat' dir='ltr'><strong>natura</strong></span> <span class='ocrx_word' id='word_1_451' title='bbox 752 1655 814 1674; x_wconf 85' lang='lat' dir='ltr'><strong>esse</strong></span> <span class='ocrx_word' id='word_1_452' title='bbox 830 1647 997 1682; x_wconf 85' lang='lat' dir='ltr'><strong>opinabitur,</strong></span> 
     </span>
    </p>
   </div>
   <div class='ocr_carea' id='block_1_62' title="bbox 210 1692 998 1729">
    <p class='ocr_par' dir='ltr' id='par_1_62' title="bbox 210 1692 998 1729">
     <span class='ocr_line' id='line_1_62' title="bbox 210 1692 998 1729; baseline -0.003 -8"><span class='ocrx_word' id='word_1_453' title='bbox 210 1695 282 1729; x_wconf 90' lang='lat' dir='ltr'><strong>quod</strong></span> <span class='ocrx_word' id='word_1_454' title='bbox 303 1695 440 1727; x_wconf 79' lang='lat' dir='ltr'><strong>\oluptate</strong></span> <span class='ocrx_word' id='word_1_455' title='bbox 463 1693 581 1728; x_wconf 87' lang='lat' dir='ltr'><strong>quadam</strong></span> <span class='ocrx_word' id='word_1_456' title='bbox 605 1693 666 1727; x_wconf 89' lang='lat' dir='ltr'><strong>ejus</strong></span> <span class='ocrx_word' id='word_1_457' title='bbox 681 1701 778 1720; x_wconf 85' lang='lat' dir='ltr'><strong>sensus</strong></span> <span class='ocrx_word' id='word_1_458' title='bbox 795 1692 914 1720; x_wconf 75' lang='lat' dir='ltr'><strong>affecerit</strong></span> <span class='ocrx_word' id='word_1_459' title='bbox 931 1702 937 1719; x_wconf 89' lang='lat'><strong>:</strong></span> <span class='ocrx_word' id='word_1_460' title='bbox 953 1693 998 1719; x_wconf 84' lang='lat' dir='ltr'><strong>iii--</strong></span> 
     </span>
    </p>
   </div>
   <div class='ocr_carea' id='block_1_63' title="bbox 211 1738 998 1774">
    <p class='ocr_par' dir='ltr' id='par_1_63' title="bbox 211 1738 998 1774">
     <span class='ocr_line' id='line_1_63' title="bbox 211 1738 998 1774; baseline -0.003 -8"><span class='ocrx_word' id='word_1_461' title='bbox 211 1741 303 1774; x_wconf 86' lang='lat' dir='ltr'><strong>hilque</strong></span> <span class='ocrx_word' id='word_1_462' title='bbox 327 1745 425 1774; x_wconf 74' lang='lat' dir='ltr'><strong>prwtor</strong></span> <span class='ocrx_word' id='word_1_463' title='bbox 445 1746 505 1766; x_wconf 88' lang='lat' dir='ltr'><strong>eam</strong></span> <span class='ocrx_word' id='word_1_464' title='bbox 525 1738 650 1773; x_wconf 85' lang='lat' dir='ltr'><strong>requirit.</strong></span> <span class='ocrx_word' id='word_1_465' title='bbox 679 1739 731 1766; x_wconf 84' lang='lat' dir='ltr'><strong>Sed</strong></span> <span class='ocrx_word' id='word_1_466' title='bbox 755 1739 800 1773; x_wconf 93' lang='lat' dir='ltr'><strong>qui</strong></span> <span class='ocrx_word' id='word_1_467' title='bbox 822 1739 998 1774; x_wconf 74' lang='lat' dir='ltr'><strong>integerrimo</strong></span> 
     </span>
    </p>
   </div>
   <div class='ocr_carea' id='block_1_64' title="bbox 209 1784 996 1820">
    <p class='ocr_par' dir='ltr' id='par_1_64' title="bbox 209 1784 996 1820">
     <span class='ocr_line' id='line_1_64' title="bbox 209 1784 996 1820; baseline 0 -9"><span class='ocrx_word' id='word_1_468' title='bbox 209 1791 251 1812; x_wconf 89' lang='lat' dir='ltr'><strong>est</strong></span> <span class='ocrx_word' id='word_1_469' title='bbox 265 1785 348 1812; x_wconf 87' lang='lat' dir='ltr'><strong>anitni</strong></span> <span class='ocrx_word' id='word_1_470' title='bbox 368 1793 450 1812; x_wconf 86' lang='lat' dir='ltr'><strong>sensu</strong></span> <span class='ocrx_word' id='word_1_471' title='bbox 470 1785 661 1820; x_wconf 86' lang='lat' dir='ltr'><strong>cjusmodique</strong></span> <span class='ocrx_word' id='word_1_472' title='bbox 675 1793 721 1812; x_wconf 91' lang='lat' dir='ltr'><strong>res</strong></span> <span class='ocrx_word' id='word_1_473' title='bbox 739 1784 874 1819; x_wconf 87' lang='lat' dir='ltr'><strong>inspicere</strong></span> <span class='ocrx_word' id='word_1_474' title='bbox 895 1789 996 1819; x_wconf 84' lang='lat' dir='ltr'><strong>potest,</strong></span> 
     </span>
    </p>
   </div>
   <div class='ocr_carea' id='block_1_65' title="bbox 211 1830 997 1866">
    <p class='ocr_par' dir='ltr' id='par_1_65' title="bbox 211 1830 997 1866">
     <span class='ocr_line' id='line_1_65' title="bbox 211 1830 997 1866; baseline -0.003 -8"><span class='ocrx_word' id='word_1_475' title='bbox 211 1832 235 1858; x_wconf 69' lang='lat' dir='ltr'><strong>is</strong></span> <span class='ocrx_word' id='word_1_476' title='bbox 257 1831 398 1858; x_wconf 87' lang='lat' dir='ltr'><strong>materiam</strong></span> <span class='ocrx_word' id='word_1_477' title='bbox 423 1831 580 1866; x_wconf 86' lang='lat' dir='ltr'><strong>relinquens</strong></span> <span class='ocrx_word' id='word_1_478' title='bbox 597 1831 703 1866; x_wconf 84' lang='lat' dir='ltr'><strong>pulchri</strong></span> <span class='ocrx_word' id='word_1_479' title='bbox 724 1831 817 1857; x_wconf 71' lang='lat' dir='ltr'><strong>forma:</strong></span> <span class='ocrx_word' id='word_1_480' title='bbox 833 1830 997 1865; x_wconf 82' lang='lat' dir='ltr'><strong>subjectam,</strong></span> 
     </span>
    </p>
   </div>
   <div class='ocr_carea' id='block_1_66' title="bbox 211 1869 996 1913">
    <p class='ocr_par' dir='ltr' id='par_1_66' title="bbox 211 1869 996 1913">
     <span class='ocr_line' id='line_1_66' title="bbox 211 1869 996 1913; baseline -0.003 -8"><span class='ocrx_word' id='word_1_481' title='bbox 211 1886 254 1908; x_wconf 84' lang='lat' dir='ltr'><strong>eo,</strong></span> <span class='ocrx_word' id='word_1_482' title='bbox 269 1869 343 1913; x_wconf 87' lang='lat' dir='ltr'><strong>quod</strong></span> <span class='ocrx_word' id='word_1_483' title='bbox 361 1879 449 1905; x_wconf 85' lang='lat' dir='ltr'><strong>oculis</strong></span> <span class='ocrx_word' id='word_1_484' title='bbox 461 1878 593 1909; x_wconf 82' lang='lat' dir='ltr'><strong>cernitur,</strong></span> <span class='ocrx_word' id='word_1_485' title='bbox 606 1877 684 1912; x_wconf 89' lang='lat' dir='ltr'><strong>quasi</strong></span> <span class='ocrx_word' id='word_1_486' title='bbox 699 1877 878 1904; x_wconf 82' lang='lat' dir='ltr'><strong>fundamento</strong></span> <span class='ocrx_word' id='word_1_487' title='bbox 894 1877 996 1912; x_wconf 86' lang='lat' dir='ltr'><strong>aliquo,</strong></span> 
     </span>
    </p>
   </div>
   <div class='ocr_carea' id='block_1_67' title="bbox 212 1923 997 1958">
    <p class='ocr_par' dir='ltr' id='par_1_67' title="bbox 212 1923 997 1958">
     <span class='ocr_line' id='line_1_67' title="bbox 212 1923 997 1958; baseline -0.003 -8"><span class='ocrx_word' id='word_1_488' title='bbox 212 1928 302 1951; x_wconf 88' lang='lat' dir='ltr'><strong>utetttr</strong></span> <span class='ocrx_word' id='word_1_489' title='bbox 330 1924 363 1951; x_wconf 88' lang='lat' dir='ltr'><strong>ad</strong></span> <span class='ocrx_word' id='word_1_490' title='bbox 395 1924 469 1950; x_wconf 83' lang='lat' dir='ltr'><strong>illius</strong></span> <span class='ocrx_word' id='word_1_491' title='bbox 490 1923 702 1958; x_wconf 87' lang='lat' dir='ltr'><strong>pulchritudinis</strong></span> <span class='ocrx_word' id='word_1_492' title='bbox 727 1923 997 1957; x_wconf 83' lang='lat' dir='ltr'><strong>contemplationem,</strong></span> 
     </span>
    </p>
   </div>
   <div class='ocr_carea' id='block_1_68' title="bbox 210 1968 998 2004">
    <p class='ocr_par' dir='ltr' id='par_1_68' title="bbox 210 1968 998 2004">
     <span class='ocr_line' id='line_1_68' title="bbox 210 1968 998 2004; baseline -0.001 -8"><span class='ocrx_word' id='word_1_493' title='bbox 210 1970 283 2004; x_wconf 90' lang='lat' dir='ltr'><strong>quod</strong></span> <span class='ocrx_word' id='word_1_494' title='bbox 310 1973 400 1997; x_wconf 88' lang='lat' dir='ltr'><strong>mente</strong></span> <span class='ocrx_word' id='word_1_495' title='bbox 422 1969 673 2004; x_wconf 79' lang='lat' dir='ltr'><strong>comprehenditur,</strong></span> <span class='ocrx_word' id='word_1_496' title='bbox 698 1969 779 2003; x_wconf 89' lang='lat' dir='ltr'><strong>cujus</strong></span> <span class='ocrx_word' id='word_1_497' title='bbox 806 1968 998 1995; x_wconf 89' lang='lat' dir='ltr'><strong>communione</strong></span> 
     </span>
    </p>
   </div>
   <div class='ocr_carea' id='block_1_69' title="bbox 210 2015 997 2051">
    <p class='ocr_par' dir='ltr' id='par_1_69' title="bbox 210 2015 997 2051">
     <span class='ocr_line' id='line_1_69' title="bbox 210 2015 997 2051; baseline -0.004 -8"><span class='ocrx_word' id='word_1_498' title='bbox 210 2025 273 2044; x_wconf 83' lang='lat' dir='ltr'><strong>cum</strong></span> <span class='ocrx_word' id='word_1_499' title='bbox 293 2017 394 2051; x_wconf 82' lang='lat' dir='ltr'><strong>reliqua</strong></span> <span class='ocrx_word' id='word_1_500' title='bbox 416 2016 529 2043; x_wconf 85' lang='lat' dir='ltr'><strong>honesta</strong></span> <span class='ocrx_word' id='word_1_501' title='bbox 546 2015 716 2050; x_wconf 80' lang='lat' dir='ltr'><strong>pulchraque</strong></span> <span class='ocrx_word' id='word_1_502' title='bbox 742 2020 817 2046; x_wconf 89' lang='lat' dir='ltr'><strong>sunt,</strong></span> <span class='ocrx_word' id='word_1_503' title='bbox 836 2019 893 2041; x_wconf 84' lang='lat' dir='ltr'><strong>tulit</strong></span> <span class='ocrx_word' id='word_1_504' title='bbox 915 2015 997 2041; x_wconf 86' lang='lat' dir='ltr'><strong>etiam</strong></span> 
     </span>
    </p>
   </div>
   <div class='ocr_carea' id='block_1_70' title="bbox 211 2059 998 2095">
    <p class='ocr_par' dir='ltr' id='par_1_70' title="bbox 211 2059 998 2095">
     <span class='ocr_line' id='line_1_70' title="bbox 211 2059 998 2095; baseline -0.001 -7"><span class='ocrx_word' id='word_1_505' title='bbox 211 2062 355 2089; x_wconf 75' lang='lat' dir='ltr'><strong>habentur.</strong></span> <span class='ocrx_word' id='word_1_506' title='bbox 370 2061 435 2088; x_wconf 84' lang='lat' dir='ltr'><strong>Mihi</strong></span> <span class='ocrx_word' id='word_1_507' title='bbox 453 2069 516 2089; x_wconf 78' lang='lat' dir='ltr'><strong>vero</strong></span> <span class='ocrx_word' id='word_1_508' title='bbox 536 2060 645 2088; x_wconf 83' lang='lat' dir='ltr'><strong>diliicile</strong></span> <span class='ocrx_word' id='word_1_509' title='bbox 659 2061 778 2091; x_wconf 84' lang='lat' dir='ltr'><strong>videtur,</strong></span> <span class='ocrx_word' id='word_1_510' title='bbox 796 2068 858 2087; x_wconf 91' lang='lat' dir='ltr'><strong>cum</strong></span> <span class='ocrx_word' id='word_1_511' title='bbox 873 2059 998 2095; x_wconf 81' lang='lat' dir='ltr'><strong>plerique</strong></span> 
     </span>
    </p>
   </div>
   <div class='ocr_carea' id='block_1_71' title="bbox 209 2107 997 2141">
    <p class='ocr_par' dir='ltr' id='par_1_71' title="bbox 209 2107 997 2141">
     <span class='ocr_line' id='line_1_71' title="bbox 209 2107 997 2141; baseline -0.003 -7"><span class='ocrx_word' id='word_1_512' title='bbox 209 2108 307 2135; x_wconf 78' lang='lat' dir='ltr'><strong>obtusa</strong></span> <span class='ocrx_word' id='word_1_513' title='bbox 323 2109 423 2134; x_wconf 84' lang='lat' dir='ltr'><strong>mentis</strong></span> <span class='ocrx_word' id='word_1_514' title='bbox 448 2108 506 2134; x_wconf 83' lang='lat' dir='ltr'><strong>acie</strong></span> <span class='ocrx_word' id='word_1_515' title='bbox 526 2107 592 2138; x_wconf 85' lang='lat' dir='ltr'><strong>sint,</strong></span> <span class='ocrx_word' id='word_1_516' title='bbox 619 2115 679 2138; x_wconf 84' lang='lat' dir='ltr'><strong>cos,</strong></span> <span class='ocrx_word' id='word_1_517' title='bbox 701 2107 747 2141; x_wconf 92' lang='lat' dir='ltr'><strong>qui</strong></span> <span class='ocrx_word' id='word_1_518' title='bbox 764 2114 890 2134; x_wconf 79' lang='lat' dir='ltr'><strong>sermone</strong></span> <span class='ocrx_word' id='word_1_519' title='bbox 912 2110 997 2133; x_wconf 81' lang='lat' dir='ltr'><strong>mate-</strong></span> 
     </span>
    </p>
   </div>
   <div class='ocr_carea' id='block_1_72' title="bbox 1051 1511 1842 1550">
    <p class='ocr_par' dir='ltr' id='par_1_72' title="bbox 1051 1511 1842 1550">
     <span class='ocr_line' id='line_1_72' title="bbox 1051 1511 1842 1550; baseline 0.005 -13"><span class='ocrx_word' id='word_1_520' title='bbox 1051 1520 1142 1546; x_wconf 79' lang='grc' dir='ltr'>σηται,</span> <span class='ocrx_word' id='word_1_521' title='bbox 1158 1512 1205 1538; x_wconf 83' lang='grc' dir='ltr'><strong>καί</strong></span> <span class='ocrx_word' id='word_1_522' title='bbox 1218 1512 1293 1538; x_wconf 78' lang='grc' dir='ltr'>οὐδὲν</span> <span class='ocrx_word' id='word_1_523' title='bbox 1307 1513 1376 1547; x_wconf 84' lang='grc' dir='ltr'>ὑπὲρ</span> <span class='ocrx_word' id='word_1_524' title='bbox 1389 1511 1466 1539; x_wconf 77' lang='grc' dir='ltr'>τοῦτο</span> <span class='ocrx_word' id='word_1_525' title='bbox 1477 1514 1557 1540; x_wconf 78' lang='grc' dir='ltr'>πλέον</span> <span class='ocrx_word' id='word_1_526' title='bbox 1570 1515 1791 1550; x_wconf 77' lang='grc' dir='ltr'>περιεργάζεται.</span> <span class='ocrx_word' id='word_1_527' title='bbox 1815 1517 1842 1541; x_wconf 84' lang='grc' dir='ltr'><strong>Ὶ)</strong></span> 
     </span>
    </p>
   </div>
   <div class='ocr_carea' id='block_1_73' title="bbox 1050 1556 1842 1595">
    <p class='ocr_par' dir='ltr' id='par_1_73' title="bbox 1050 1556 1842 1595">
     <span class='ocr_line' id='line_1_73' title="bbox 1050 1556 1842 1595; baseline 0.008 -13"><span class='ocrx_word' id='word_1_528' title='bbox 1050 1556 1077 1582; x_wconf 78' lang='grc' dir='ltr'><strong>δὲ</strong></span> <span class='ocrx_word' id='word_1_529' title='bbox 1095 1557 1297 1592; x_wconf 75' lang='grc' dir='ltr'>κεκαθαρμένος</span> <span class='ocrx_word' id='word_1_530' title='bbox 1311 1558 1356 1584; x_wconf 76' lang='grc' dir='ltr'>τὸν</span> <span class='ocrx_word' id='word_1_531' title='bbox 1368 1558 1417 1593; x_wconf 85' lang='grc' dir='ltr'>τῆς</span> <span class='ocrx_word' id='word_1_532' title='bbox 1432 1559 1521 1594; x_wconf 77' lang='grc' dir='ltr'>ψυχῆς</span> <span class='ocrx_word' id='word_1_533' title='bbox 1535 1560 1684 1595; x_wconf 78' lang='grc' dir='ltr'>ὀφθαλμὸν,</span> <span class='ocrx_word' id='word_1_534' title='bbox 1699 1563 1747 1587; x_wconf 73' lang='grc' dir='ltr'><strong>καὶ</strong></span> <span class='ocrx_word' id='word_1_535' title='bbox 1763 1562 1842 1588; x_wconf 71' lang='grc' dir='ltr'>δυνα-</span> 
     </span>
    </p>
   </div>
   <div class='ocr_carea' id='block_1_74' title="bbox 1049 1602 1843 1641">
    <p class='ocr_par' dir='ltr' id='par_1_74' title="bbox 1049 1602 1843 1641">
     <span class='ocr_line' id='line_1_74' title="bbox 1049 1602 1843 1641; baseline 0.008 -14"><span class='ocrx_word' id='word_1_536' title='bbox 1049 1602 1094 1633; x_wconf 72' lang='grc' dir='ltr'>τὸς</span> <span class='ocrx_word' id='word_1_537' title='bbox 1112 1602 1145 1628; x_wconf 69' lang='grc' dir='ltr'><strong>τὰ</strong></span> <span class='ocrx_word' id='word_1_538' title='bbox 1160 1603 1271 1629; x_wconf 81' lang='grc' dir='ltr'>τοιαῦτα</span> <span class='ocrx_word' id='word_1_539' title='bbox 1287 1603 1405 1638; x_wconf 78' lang='grc' dir='ltr'>βλέπειν,</span> <span class='ocrx_word' id='word_1_540' title='bbox 1419 1605 1525 1639; x_wconf 81' lang='grc' dir='ltr'>χαίρειν</span> <span class='ocrx_word' id='word_1_541' title='bbox 1545 1605 1628 1637; x_wconf 74' lang='grc' dir='ltr'>ἐάσας</span> <span class='ocrx_word' id='word_1_542' title='bbox 1642 1606 1692 1641; x_wconf 78' lang='grc' dir='ltr'>τὴν</span> <span class='ocrx_word' id='word_1_543' title='bbox 1709 1606 1776 1641; x_wconf 81' lang='grc' dir='ltr'>ὕλην</span> <span class='ocrx_word' id='word_1_544' title='bbox 1793 1608 1843 1641; x_wconf 73' lang='grc' dir='ltr'>τὴν</span> 
     </span>
    </p>
   </div>
   <div class='ocr_carea' id='block_1_75' title="bbox 1050 1646 1844 1685">
    <p class='ocr_par' dir='ltr' id='par_1_75' title="bbox 1050 1646 1844 1685">
     <span class='ocr_line' id='line_1_75' title="bbox 1050 1646 1844 1685; baseline 0.004 -12"><span class='ocrx_word' id='word_1_545' title='bbox 1050 1647 1273 1682; x_wconf 76' lang='grc' dir='ltr'>ὑποϐεϐλημένην</span> <span class='ocrx_word' id='word_1_546' title='bbox 1295 1650 1328 1682; x_wconf 85' lang='grc' dir='ltr'>τῇ</span> <span class='ocrx_word' id='word_1_547' title='bbox 1351 1648 1397 1674; x_wconf 79' lang='grc' dir='ltr'>τοῦ</span> <span class='ocrx_word' id='word_1_548' title='bbox 1419 1648 1501 1674; x_wconf 78' lang='grc' dir='ltr'>καλοῦ</span> <span class='ocrx_word' id='word_1_549' title='bbox 1524 1649 1595 1684; x_wconf 81' lang='grc' dir='ltr'>ἰδέᾳ,</span> <span class='ocrx_word' id='word_1_550' title='bbox 1619 1646 1675 1675; x_wconf 79' lang='grc' dir='ltr'>οἷον</span> <span class='ocrx_word' id='word_1_551' title='bbox 1698 1649 1844 1685; x_wconf 71' lang='grc' dir='ltr'>ὑποϐάθρᾳ.</span> 
     </span>
    </p>
   </div>
   <div class='ocr_carea' id='block_1_76' title="bbox 1049 1692 1843 1730">
    <p class='ocr_par' dir='ltr' id='par_1_76' title="bbox 1049 1692 1843 1730">
     <span class='ocr_line' id='line_1_76' title="bbox 1049 1692 1843 1730; baseline 0.003 -12"><span class='ocrx_word' id='word_1_552' title='bbox 1049 1693 1101 1718; x_wconf 82' lang='grc' dir='ltr'>τινὶ</span> <span class='ocrx_word' id='word_1_553' title='bbox 1114 1692 1151 1727; x_wconf 82' lang='grc' dir='ltr'>τῷ</span> <span class='ocrx_word' id='word_1_554' title='bbox 1162 1693 1294 1728; x_wconf 71' lang='grc' dir='ltr'>ὁρωμένῳ</span> <span class='ocrx_word' id='word_1_555' title='bbox 1305 1695 1445 1728; x_wconf 77' lang='grc' dir='ltr'>χρήσεται.</span> <span class='ocrx_word' id='word_1_556' title='bbox 1461 1695 1530 1729; x_wconf 65' lang='grc' dir='ltr'>προς</span> <span class='ocrx_word' id='word_1_557' title='bbox 1545 1694 1593 1730; x_wconf 85' lang='grc' dir='ltr'>τὴν</span> <span class='ocrx_word' id='word_1_558' title='bbox 1607 1695 1654 1721; x_wconf 74' lang='grc' dir='ltr'>τοῦ</span> <span class='ocrx_word' id='word_1_559' title='bbox 1666 1695 1763 1730; x_wconf 74' lang='grc' dir='ltr'>νοητοῦ</span> <span class='ocrx_word' id='word_1_560' title='bbox 1777 1696 1843 1722; x_wconf 75' lang='grc' dir='ltr'><strong>κάλ-</strong></span> 
     </span>
    </p>
   </div>
   <div class='ocr_carea' id='block_1_77' title="bbox 1049 1736 1842 1775">
    <p class='ocr_par' dir='ltr' id='par_1_77' title="bbox 1049 1736 1842 1775">
     <span class='ocr_line' id='line_1_77' title="bbox 1049 1736 1842 1775; baseline 0.006 -12"><span class='ocrx_word' id='word_1_561' title='bbox 1049 1738 1111 1769; x_wconf 71' lang='grc' dir='ltr'>λους</span> <span class='ocrx_word' id='word_1_562' title='bbox 1128 1738 1253 1774; x_wconf 79' lang='grc' dir='ltr'>θεωρίαν,</span> <span class='ocrx_word' id='word_1_563' title='bbox 1272 1736 1302 1764; x_wconf 72' lang='grc' dir='ltr'><strong>οὗ</strong></span> <span class='ocrx_word' id='word_1_564' title='bbox 1321 1740 1389 1766; x_wconf 79' lang='grc' dir='ltr'>κατὰ</span> <span class='ocrx_word' id='word_1_565' title='bbox 1409 1741 1553 1775; x_wconf 73' lang='grc' dir='ltr'>μετουσίαν</span> <span class='ocrx_word' id='word_1_566' title='bbox 1570 1741 1603 1767; x_wconf 71' lang='grc' dir='ltr'><strong>τὰ</strong></span> <span class='ocrx_word' id='word_1_567' title='bbox 1620 1741 1688 1768; x_wconf 73' lang='grc' dir='ltr'>ἄλλα</span> <span class='ocrx_word' id='word_1_568' title='bbox 1705 1741 1777 1768; x_wconf 75' lang='grc' dir='ltr'>καλὰ</span> <span class='ocrx_word' id='word_1_569' title='bbox 1797 1742 1842 1775; x_wconf 84' lang='grc' dir='ltr'><strong>γί-</strong></span> 
     </span>
    </p>
   </div>
   <div class='ocr_carea' id='block_1_78' title="bbox 1053 1784 1842 1821">
    <p class='ocr_par' dir='ltr' id='par_1_78' title="bbox 1053 1784 1842 1821">
     <span class='ocr_line' id='line_1_78' title="bbox 1053 1784 1842 1821; baseline 0.005 -12"><span class='ocrx_word' id='word_1_570' title='bbox 1053 1784 1126 1810; x_wconf 81' lang='grc' dir='ltr'>νεταί</span> <span class='ocrx_word' id='word_1_571' title='bbox 1141 1793 1170 1810; x_wconf 81' lang='grc' dir='ltr'><strong>τε</strong></span> <span class='ocrx_word' id='word_1_572' title='bbox 1186 1785 1232 1811; x_wconf 84' lang='grc' dir='ltr'>καὶ</span> <span class='ocrx_word' id='word_1_573' title='bbox 1244 1785 1415 1819; x_wconf 76' lang='grc' dir='ltr'>ὀνομάζεται.</span> <span class='ocrx_word' id='word_1_574' title='bbox 1432 1787 1509 1812; x_wconf 82' lang='grc' dir='ltr'>Δοκεῖ</span> <span class='ocrx_word' id='word_1_575' title='bbox 1523 1786 1552 1812; x_wconf 79' lang='grc' dir='ltr'><strong>δέ</strong></span> <span class='ocrx_word' id='word_1_576' title='bbox 1569 1795 1614 1821; x_wconf 85' lang='grc' dir='ltr'><strong>μοι</strong></span> <span class='ocrx_word' id='word_1_577' title='bbox 1628 1786 1745 1821; x_wconf 79' lang='grc' dir='ltr'>χαλεπὸν</span> <span class='ocrx_word' id='word_1_578' title='bbox 1761 1785 1842 1819; x_wconf 83' lang='grc' dir='ltr'>εἶναι,</span> 
     </span>
    </p>
   </div>
   <div class='ocr_carea' id='block_1_79' title="bbox 1049 1829 1842 1867">
    <p class='ocr_par' dir='ltr' id='par_1_79' title="bbox 1049 1829 1842 1867">
     <span class='ocr_line' id='line_1_79' title="bbox 1049 1829 1842 1867; baseline 0.006 -13"><span class='ocrx_word' id='word_1_579' title='bbox 1049 1829 1103 1855; x_wconf 80' lang='grc' dir='ltr'>τῶν</span> <span class='ocrx_word' id='word_1_580' title='bbox 1116 1829 1249 1856; x_wconf 79' lang='grc' dir='ltr'>πλείστων</span> <span class='ocrx_word' id='word_1_581' title='bbox 1264 1831 1297 1865; x_wconf 83' lang='grc' dir='ltr'><strong>τῇ</strong></span> <span class='ocrx_word' id='word_1_582' title='bbox 1313 1830 1425 1867; x_wconf 79' lang='grc' dir='ltr'>τοιαύτῃ</span> <span class='ocrx_word' id='word_1_583' title='bbox 1441 1831 1576 1867; x_wconf 79' lang='grc' dir='ltr'><strong>παχύτητι</strong></span> <span class='ocrx_word' id='word_1_584' title='bbox 1594 1832 1644 1866; x_wconf 80' lang='grc' dir='ltr'>τῆς</span> <span class='ocrx_word' id='word_1_585' title='bbox 1658 1832 1782 1864; x_wconf 77' lang='grc' dir='ltr'>διανοίας</span> <span class='ocrx_word' id='word_1_586' title='bbox 1800 1841 1842 1858; x_wconf 66' lang='grc' dir='ltr'><strong>συθ</strong></span> 
     </span>
    </p>
   </div>
   <div class='ocr_carea' id='block_1_80' title="bbox 1050 1876 1842 1912">
    <p class='ocr_par' dir='ltr' id='par_1_80' title="bbox 1050 1876 1842 1912">
     <span class='ocr_line' id='line_1_80' title="bbox 1050 1876 1842 1912; baseline 0.004 -11"><span class='ocrx_word' id='word_1_587' title='bbox 1050 1876 1167 1908; x_wconf 79' lang='grc' dir='ltr'>ζώντων,</span> <span class='ocrx_word' id='word_1_588' title='bbox 1180 1876 1210 1902; x_wconf 81' lang='grc' dir='ltr'><strong>τὸ</strong></span> <span class='ocrx_word' id='word_1_589' title='bbox 1225 1876 1401 1910; x_wconf 82' lang='grc' dir='ltr'>διατεμόντας</span> <span class='ocrx_word' id='word_1_590' title='bbox 1412 1876 1451 1911; x_wconf 85' lang='grc' dir='ltr'>τῷ</span> <span class='ocrx_word' id='word_1_591' title='bbox 1462 1877 1534 1911; x_wconf 71' lang='grc' dir='ltr'>λόγῳ</span> <span class='ocrx_word' id='word_1_592' title='bbox 1551 1878 1597 1903; x_wconf 83' lang='grc' dir='ltr'>καὶ</span> <span class='ocrx_word' id='word_1_593' title='bbox 1611 1878 1782 1912; x_wconf 86' lang='grc' dir='ltr'>χωρίσαντας</span> <span class='ocrx_word' id='word_1_594' title='bbox 1793 1878 1842 1912; x_wconf 78' lang='grc' dir='ltr'>τὴν</span> 
     </span>
    </p>
   </div>
   <div class='ocr_carea' id='block_1_81' title="bbox 1051 1916 1841 1958">
    <p class='ocr_par' dir='ltr' id='par_1_81' title="bbox 1051 1916 1841 1958">
     <span class='ocr_line' id='line_1_81' title="bbox 1051 1916 1841 1958; baseline 0.005 -12"><span class='ocrx_word' id='word_1_595' title='bbox 1051 1921 1116 1955; x_wconf 73' lang='grc' dir='ltr'>ὕλην</span> <span class='ocrx_word' id='word_1_596' title='bbox 1139 1921 1194 1947; x_wconf 81' lang='grc' dir='ltr'><strong>ἀπὸ</strong></span> <span class='ocrx_word' id='word_1_597' title='bbox 1210 1920 1258 1947; x_wconf 82' lang='grc' dir='ltr'>τοῦ</span> <span class='ocrx_word' id='word_1_598' title='bbox 1281 1921 1513 1957; x_wconf 80' lang='grc' dir='ltr'>ὲπιθεωρουμένου</span> <span class='ocrx_word' id='word_1_599' title='bbox 1533 1923 1664 1955; x_wconf 77' lang='grc' dir='ltr'>κάλλους,</span> <span class='ocrx_word' id='word_1_600' title='bbox 1690 1924 1776 1958; x_wconf 81' lang='grc' dir='ltr'>αὐτὴν</span> <span class='ocrx_word' id='word_1_601' title='bbox 1799 1916 1841 1958; x_wconf 65' lang='grc' dir='ltr'><strong>ἐφ’</strong></span> 
     </span>
    </p>
   </div>
   <div class='ocr_carea' id='block_1_82' title="bbox 1049 1966 1841 2003">
    <p class='ocr_par' dir='ltr' id='par_1_82' title="bbox 1049 1966 1841 2003">
     <span class='ocr_line' id='line_1_82' title="bbox 1049 1966 1841 2003; baseline 0.004 -10"><span class='ocrx_word' id='word_1_602' title='bbox 1049 1967 1149 2001; x_wconf 74' lang='grc' dir='ltr'>ἑαυτῆς</span> <span class='ocrx_word' id='word_1_603' title='bbox 1169 1967 1214 1993; x_wconf 81' lang='grc' dir='ltr'>τοῦ</span> <span class='ocrx_word' id='word_1_604' title='bbox 1231 1966 1313 1993; x_wconf 83' lang='grc' dir='ltr'>καλοῦ</span> <span class='ocrx_word' id='word_1_605' title='bbox 1328 1967 1377 2003; x_wconf 81' lang='grc' dir='ltr'>τὴν</span> <span class='ocrx_word' id='word_1_606' title='bbox 1393 1967 1472 2002; x_wconf 81' lang='grc' dir='ltr'>φύσιν</span> <span class='ocrx_word' id='word_1_607' title='bbox 1488 1968 1662 2003; x_wconf 79' lang='grc' dir='ltr'>κατανοῆσαι.</span> <span class='ocrx_word' id='word_1_608' title='bbox 1682 1969 1738 1996; x_wconf 76' lang='grc' dir='ltr'><strong>Καὶ</strong></span> <span class='ocrx_word' id='word_1_609' title='bbox 1758 1971 1841 2002; x_wconf 80' lang='grc' dir='ltr'>εἴτις</span> 
     </span>
    </p>
   </div>
   <div class='ocr_carea' id='block_1_83' title="bbox 1050 2012 1847 2051">
    <p class='ocr_par' dir='ltr' id='par_1_83' title="bbox 1050 2012 1847 2051">
     <span class='ocr_line' id='line_1_83' title="bbox 1050 2012 1847 2051; baseline 0.003 -11"><span class='ocrx_word' id='word_1_610' title='bbox 1050 2014 1170 2048; x_wconf 77' lang='grc' dir='ltr'>ἁκριῢῶς</span> <span class='ocrx_word' id='word_1_611' title='bbox 1187 2013 1273 2039; x_wconf 79' lang='grc' dir='ltr'>ἐθέλοι</span> <span class='ocrx_word' id='word_1_612' title='bbox 1291 2012 1340 2048; x_wconf 81' lang='grc' dir='ltr'>τὴν</span> <span class='ocrx_word' id='word_1_613' title='bbox 1357 2014 1446 2040; x_wconf 76' lang='grc' dir='ltr'>αἰτίαν</span> <span class='ocrx_word' id='word_1_614' title='bbox 1461 2016 1571 2041; x_wconf 83' lang='grc' dir='ltr'>σκοπεῖν</span> <span class='ocrx_word' id='word_1_615' title='bbox 1590 2015 1643 2041; x_wconf 82' lang='grc' dir='ltr'>τῶν</span> <span class='ocrx_word' id='word_1_616' title='bbox 1661 2015 1847 2051; x_wconf 71' lang='grc' dir='ltr'>πεπλανημέιι</span> 
     </span>
    </p>
   </div>
   <div class='ocr_carea' id='block_1_84' title="bbox 1050 2059 1840 2096">
    <p class='ocr_par' dir='ltr' id='par_1_84' title="bbox 1050 2059 1840 2096">
     <span class='ocr_line' id='line_1_84' title="bbox 1050 2059 1840 2096; baseline 0.005 -11"><span class='ocrx_word' id='word_1_617' title='bbox 1050 2068 1101 2085; x_wconf 87' lang='grc' dir='ltr'><strong>νων</strong></span> <span class='ocrx_word' id='word_1_618' title='bbox 1114 2059 1161 2085; x_wconf 78' lang='grc' dir='ltr'>καὶ</span> <span class='ocrx_word' id='word_1_619' title='bbox 1173 2059 1318 2094; x_wconf 82' lang='grc' dir='ltr'>μοχθηρῶν</span> <span class='ocrx_word' id='word_1_620' title='bbox 1327 2059 1499 2095; x_wconf 75' lang='grc' dir='ltr'>ὐπολήψεων,</span> <span class='ocrx_word' id='word_1_621' title='bbox 1511 2060 1561 2086; x_wconf 77' lang='grc' dir='ltr'><strong>οὐκ</strong></span> <span class='ocrx_word' id='word_1_622' title='bbox 1573 2061 1604 2087; x_wconf 84' lang='grc' dir='ltr'>ἄν</span> <span class='ocrx_word' id='word_1_623' title='bbox 1617 2069 1661 2096; x_wconf 85' lang='grc' dir='ltr'><strong>μοι</strong></span> <span class='ocrx_word' id='word_1_624' title='bbox 1671 2061 1747 2088; x_wconf 84' lang='grc' dir='ltr'>δοκεῖ</span> <span class='ocrx_word' id='word_1_625' title='bbox 1757 2063 1840 2096; x_wconf 76' lang='grc' dir='ltr'>ἄλλην</span> 
     </span>
    </p>
   </div>
   <div class='ocr_carea' id='block_1_85' title="bbox 1050 2104 1841 2142">
    <p class='ocr_par' dir='ltr' id='par_1_85' title="bbox 1050 2104 1841 2142">
     <span class='ocr_line' id='line_1_85' title="bbox 1050 2104 1841 2142; baseline 0.005 -12"><span class='ocrx_word' id='word_1_626' title='bbox 1050 2105 1148 2140; x_wconf 77' lang='grc' dir='ltr'>εὑρεῖν,</span> <span class='ocrx_word' id='word_1_627' title='bbox 1164 2104 1180 2140; x_wconf 84' lang='grc' dir='ltr'>ἦ</span> <span class='ocrx_word' id='word_1_628' title='bbox 1197 2104 1228 2130; x_wconf 80' lang='grc' dir='ltr'>τὸ</span> <span class='ocrx_word' id='word_1_629' title='bbox 1246 2104 1284 2139; x_wconf 87' lang='grc' dir='ltr'>μὴ</span> <span class='ocrx_word' id='word_1_630' title='bbox 1303 2104 1424 2140; x_wconf 74' lang='grc' dir='ltr'>ἀκριϐῶς</span> <span class='ocrx_word' id='word_1_631' title='bbox 1440 2105 1518 2139; x_wconf 78' lang='grc' dir='ltr'>ήμῶν</span> <span class='ocrx_word' id='word_1_632' title='bbox 1537 2106 1724 2140; x_wconf 79' lang='grc' dir='ltr'>γεγυμνάσθαι</span> <span class='ocrx_word' id='word_1_633' title='bbox 1745 2107 1780 2134; x_wconf 79' lang='grc' dir='ltr'><strong>τὰ</strong></span> <span class='ocrx_word' id='word_1_634' title='bbox 1792 2108 1841 2142; x_wconf 76' lang='grc' dir='ltr'>τῆς</span> 
     </span>
    </p>
   </div>
   <div class='ocr_carea' id='block_1_86' title="bbox 211 2147 998 2188">
    <p class='ocr_par' dir='ltr' id='par_1_86' title="bbox 211 2152 995 2187">
     <span class='ocr_line' id='line_1_86' title="bbox 211 2152 995 2187; baseline -0.001 -7"><span class='ocrx_word' id='word_1_635' title='bbox 211 2154 279 2180; x_wconf 84' lang='lat' dir='ltr'><strong>riam</strong></span> <span class='ocrx_word' id='word_1_636' title='bbox 293 2154 466 2187; x_wconf 81' lang='lat' dir='ltr'><strong>disjungunt,</strong></span> <span class='ocrx_word' id='word_1_637' title='bbox 483 2156 509 2180; x_wconf 85' lang='lat' dir='ltr'><strong>et</strong></span> <span class='ocrx_word' id='word_1_638' title='bbox 526 2161 540 2178; x_wconf 80' lang='lat' dir='ltr'><strong>a</strong></span> <span class='ocrx_word' id='word_1_639' title='bbox 557 2152 764 2187; x_wconf 84' lang='lat' dir='ltr'><strong>pulchritudine</strong></span> <span class='ocrx_word' id='word_1_640' title='bbox 778 2153 823 2180; x_wconf 91' lang='lat' dir='ltr'><strong>illa</strong></span> <span class='ocrx_word' id='word_1_641' title='bbox 837 2157 995 2184; x_wconf 84' lang='lat' dir='ltr'><strong>secernunt,</strong></span> 
     </span>
    </p>
   </div>
   <div class='ocr_carea' id='block_1_87' title="bbox 1051 2147 1839 2188">
    <p class='ocr_par' dir='ltr' id='par_1_87' title="bbox 1051 2151 1839 2188">
     <span class='ocr_line' id='line_1_87' title="bbox 1051 2151 1839 2188; baseline 0.004 -11"><span class='ocrx_word' id='word_1_642' title='bbox 1051 2151 1137 2186; x_wconf 68' lang='grc' dir='ltr'>ψυχῆς</span> <span class='ocrx_word' id='word_1_643' title='bbox 1152 2151 1320 2186; x_wconf 81' lang='grc' dir='ltr'>αἰσθητήρια</span> <span class='ocrx_word' id='word_1_644' title='bbox 1335 2151 1403 2186; x_wconf 68' lang='grc' dir='ltr'>πρὸς</span> <span class='ocrx_word' id='word_1_645' title='bbox 1418 2151 1467 2186; x_wconf 81' lang='grc' dir='ltr'>τὴν</span> <span class='ocrx_word' id='word_1_646' title='bbox 1480 2151 1527 2177; x_wconf 78' lang='grc' dir='ltr'><strong>τοῦ</strong></span> <span class='ocrx_word' id='word_1_647' title='bbox 1539 2152 1621 2178; x_wconf 83' lang='grc' dir='ltr'>καλοῦ</span> <span class='ocrx_word' id='word_1_648' title='bbox 1637 2153 1683 2179; x_wconf 68' lang='grc' dir='ltr'><strong>καὶ</strong></span> <span class='ocrx_word' id='word_1_649' title='bbox 1701 2153 1740 2188; x_wconf 81' lang='grc' dir='ltr'>μὴ</span> <span class='ocrx_word' id='word_1_650' title='bbox 1751 2154 1839 2180; x_wconf 76' lang='grc' dir='ltr'>τοιού-</span> 
     </span>
    </p>
   </div>
   <div class='ocr_carea' id='block_1_88' title="bbox 209 2198 998 2234">
    <p class='ocr_par' dir='ltr' id='par_1_88' title="bbox 209 2198 998 2234">
     <span class='ocr_line' id='line_1_88' title="bbox 209 2198 998 2234; baseline -0.001 -8"><span class='ocrx_word' id='word_1_651' title='bbox 209 2207 272 2234; x_wconf 78' lang='lat' dir='ltr'><strong>qua:</strong></span> <span class='ocrx_word' id='word_1_652' title='bbox 290 2199 433 2233; x_wconf 85' lang='lat' dir='ltr'><strong>aspicitur,</strong></span> <span class='ocrx_word' id='word_1_653' title='bbox 455 2206 534 2233; x_wconf 77' lang='lat' dir='ltr'><strong>posse</strong></span> <span class='ocrx_word' id='word_1_654' title='bbox 558 2198 645 2233; x_wconf 85' lang='lat' dir='ltr'><strong>ipsam</strong></span> <span class='ocrx_word' id='word_1_655' title='bbox 662 2206 710 2233; x_wconf 89' lang='lat' dir='ltr'><strong>per</strong></span> <span class='ocrx_word' id='word_1_656' title='bbox 731 2206 760 2226; x_wconf 84' lang='lat' dir='ltr'><strong>se</strong></span> <span class='ocrx_word' id='word_1_657' title='bbox 784 2199 998 2233; x_wconf 89' lang='lat' dir='ltr'><strong>pulchritudinis</strong></span> 
     </span>
    </p>
   </div>
   <div class='ocr_carea' id='block_1_89' title="bbox 210 2244 996 2279">
    <p class='ocr_par' dir='ltr' id='par_1_89' title="bbox 210 2244 996 2279">
     <span class='ocr_line' id='line_1_89' title="bbox 210 2244 996 2279; baseline -0.003 -7"><span class='ocrx_word' id='word_1_658' title='bbox 210 2249 335 2272; x_wconf 84' lang='lat' dir='ltr'><strong>naturam</strong></span> <span class='ocrx_word' id='word_1_659' title='bbox 360 2245 498 2279; x_wconf 80' lang='lat' dir='ltr'><strong>cognitam</strong></span> <span class='ocrx_word' id='word_1_660' title='bbox 524 2245 632 2271; x_wconf 82' lang='lat' dir='ltr'><strong>habere.</strong></span> <span class='ocrx_word' id='word_1_661' title='bbox 660 2245 700 2271; x_wconf 83' lang='lat' dir='ltr'><strong>Ac</strong></span> <span class='ocrx_word' id='word_1_662' title='bbox 726 2244 749 2271; x_wconf 92' lang='lat' dir='ltr'><strong>si</strong></span> <span class='ocrx_word' id='word_1_663' title='bbox 775 2245 837 2279; x_wconf 90' lang='lat' dir='ltr'><strong>quis</strong></span> <span class='ocrx_word' id='word_1_664' title='bbox 862 2244 996 2272; x_wconf 88' lang='lat' dir='ltr'><strong>malarum</strong></span> 
     </span>
    </p>
   </div>
   <div class='ocr_carea' id='block_1_90' title="bbox 209 2292 998 2326">
    <p class='ocr_par' dir='ltr' id='par_1_90' title="bbox 209 2292 998 2326">
     <span class='ocr_line' id='line_1_90' title="bbox 209 2292 998 2326; baseline 0.001 -8"><span class='ocrx_word' id='word_1_665' title='bbox 209 2292 369 2326; x_wconf 91' lang='lat' dir='ltr'><strong>opinionum</strong></span> <span class='ocrx_word' id='word_1_666' title='bbox 391 2293 417 2318; x_wconf 92' lang='lat' dir='ltr'><strong>in</strong></span> <span class='ocrx_word' id='word_1_667' title='bbox 441 2299 589 2325; x_wconf 83' lang='lat' dir='ltr'><strong>crroreque</strong></span> <span class='ocrx_word' id='word_1_668' title='bbox 604 2292 772 2318; x_wconf 86' lang='lat' dir='ltr'><strong>versantium</strong></span> <span class='ocrx_word' id='word_1_669' title='bbox 788 2299 901 2319; x_wconf 85' lang='lat' dir='ltr'><strong>causam</strong></span> <span class='ocrx_word' id='word_1_670' title='bbox 918 2299 998 2319; x_wconf 83' lang='lat' dir='ltr'><strong>accu-</strong></span> 
     </span>
    </p>
   </div>
   <div class='ocr_carea' id='block_1_91' title="bbox 210 2337 996 2373">
    <p class='ocr_par' dir='ltr' id='par_1_91' title="bbox 210 2337 996 2373">
     <span class='ocr_line' id='line_1_91' title="bbox 210 2337 996 2373; baseline 0.003 -9"><span class='ocrx_word' id='word_1_671' title='bbox 210 2343 268 2365; x_wconf 85' lang='lat' dir='ltr'><strong>rate</strong></span> <span class='ocrx_word' id='word_1_672' title='bbox 288 2338 445 2373; x_wconf 79' lang='lat' dir='ltr'><strong>pcrspieere</strong></span> <span class='ocrx_word' id='word_1_673' title='bbox 463 2337 538 2368; x_wconf 84' lang='lat' dir='ltr'><strong>velit,</strong></span> <span class='ocrx_word' id='word_1_674' title='bbox 561 2345 617 2364; x_wconf 92' lang='lat' dir='ltr'><strong>non</strong></span> <span class='ocrx_word' id='word_1_675' title='bbox 646 2338 727 2365; x_wconf 81' lang='lat' dir='ltr'><strong>aliam</strong></span> <span class='ocrx_word' id='word_1_676' title='bbox 751 2345 818 2365; x_wconf 83' lang='lat' dir='ltr'><strong>sane</strong></span> <span class='ocrx_word' id='word_1_677' title='bbox 834 2346 896 2365; x_wconf 87' lang='lat' dir='ltr'><strong>eum</strong></span> <span class='ocrx_word' id='word_1_678' title='bbox 917 2339 996 2366; x_wconf 74' lang='lat' dir='ltr'><strong>inve-</strong></span> 
     </span>
    </p>
   </div>
   <div class='ocr_carea' id='block_1_92' title="bbox 211 2383 997 2417">
    <p class='ocr_par' dir='ltr' id='par_1_92' title="bbox 211 2383 997 2417">
     <span class='ocr_line' id='line_1_92' title="bbox 211 2383 997 2417; baseline 0.003 -7"><span class='ocrx_word' id='word_1_679' title='bbox 211 2384 270 2410; x_wconf 89' lang='lat' dir='ltr'><strong>nire</strong></span> <span class='ocrx_word' id='word_1_680' title='bbox 295 2384 424 2414; x_wconf 78' lang='lat' dir='ltr'><strong>arbitror.</strong></span> <span class='ocrx_word' id='word_1_681' title='bbox 457 2383 510 2410; x_wconf 84' lang='lat' dir='ltr'><strong>nisi</strong></span> <span class='ocrx_word' id='word_1_682' title='bbox 535 2383 607 2417; x_wconf 91' lang='lat' dir='ltr'><strong>quod</strong></span> <span class='ocrx_word' id='word_1_683' title='bbox 636 2391 690 2410; x_wconf 86' lang='lat' dir='ltr'><strong>non</strong></span> <span class='ocrx_word' id='word_1_684' title='bbox 718 2389 846 2412; x_wconf 86' lang='lat' dir='ltr'><strong>accurate</strong></span> <span class='ocrx_word' id='word_1_685' title='bbox 871 2392 922 2412; x_wconf 88' lang='lat' dir='ltr'><strong>nos</strong></span> <span class='ocrx_word' id='word_1_686' title='bbox 946 2385 997 2412; x_wconf 76' lang='lat' dir='ltr'><strong>hos</strong></span> 
     </span>
    </p>
   </div>
   <div class='ocr_carea' id='block_1_93' title="bbox 211 2427 997 2459">
    <p class='ocr_par' dir='ltr' id='par_1_93' title="bbox 211 2427 997 2459">
     <span class='ocr_line' id='line_1_93' title="bbox 211 2427 997 2459; baseline 0.001 -4"><span class='ocrx_word' id='word_1_687' title='bbox 211 2428 300 2455; x_wconf 85' lang='lat' dir='ltr'><strong>nostri</strong></span> <span class='ocrx_word' id='word_1_688' title='bbox 316 2428 398 2454; x_wconf 89' lang='lat' dir='ltr'><strong>animi</strong></span> <span class='ocrx_word' id='word_1_689' title='bbox 418 2435 518 2454; x_wconf 81' lang='lat' dir='ltr'><strong>sensus</strong></span> <span class='ocrx_word' id='word_1_690' title='bbox 535 2427 561 2454; x_wconf 93' lang='lat' dir='ltr'><strong>in</strong></span> <span class='ocrx_word' id='word_1_691' title='bbox 582 2427 634 2454; x_wconf 86' lang='lat' dir='ltr'><strong>hoc</strong></span> <span class='ocrx_word' id='word_1_692' title='bbox 654 2428 841 2459; x_wconf 82' lang='lat' dir='ltr'><strong>exercuimus.</strong></span> <span class='ocrx_word' id='word_1_693' title='bbox 860 2433 890 2455; x_wconf 92' lang='lat' dir='ltr'><strong>ut</strong></span> <span class='ocrx_word' id='word_1_694' title='bbox 913 2429 997 2456; x_wconf 88' lang='lat' dir='ltr'><strong>hone—</strong></span> 
     </span>
    </p>
   </div>
   <div class='ocr_carea' id='block_1_94' title="bbox 210 2473 996 2509">
    <p class='ocr_par' dir='ltr' id='par_1_94' title="bbox 210 2473 996 2509">
     <span class='ocr_line' id='line_1_94' title="bbox 210 2473 996 2509; baseline 0 -8"><span class='ocrx_word' id='word_1_695' title='bbox 210 2479 283 2501; x_wconf 86' lang='lat' dir='ltr'><strong>stum</strong></span> <span class='ocrx_word' id='word_1_696' title='bbox 311 2473 489 2508; x_wconf 73' lang='lat' dir='ltr'><strong>pulchrumve</strong></span> <span class='ocrx_word' id='word_1_697' title='bbox 514 2473 548 2499; x_wconf 87' lang='lat' dir='ltr'><strong>ab</strong></span> <span class='ocrx_word' id='word_1_698' title='bbox 579 2481 612 2500; x_wconf 91' lang='lat' dir='ltr'><strong>eo</strong></span> <span class='ocrx_word' id='word_1_699' title='bbox 640 2474 900 2504; x_wconf 84' lang='lat' dir='ltr'><strong>intcrnoscercmus,</strong></span> <span class='ocrx_word' id='word_1_700' title='bbox 923 2475 996 2509; x_wconf 88' lang='lat' dir='ltr'><strong>quod</strong></span> 
     </span>
    </p>
   </div>
   <div class='ocr_carea' id='block_1_95' title="bbox 211 2518 998 2553">
    <p class='ocr_par' dir='ltr' id='par_1_95' title="bbox 211 2518 998 2553">
     <span class='ocr_line' id='line_1_95' title="bbox 211 2518 998 2553; baseline 0 -7"><span class='ocrx_word' id='word_1_701' title='bbox 211 2527 298 2553; x_wconf 79' lang='lat' dir='ltr'><strong>neque</strong></span> <span class='ocrx_word' id='word_1_702' title='bbox 312 2519 468 2549; x_wconf 84' lang='lat' dir='ltr'><strong>honcstum,</strong></span> <span class='ocrx_word' id='word_1_703' title='bbox 485 2526 571 2552; x_wconf 83' lang='lat' dir='ltr'><strong>neque</strong></span> <span class='ocrx_word' id='word_1_704' title='bbox 589 2525 654 2545; x_wconf 88' lang='lat' dir='ltr'><strong>sane</strong></span> <span class='ocrx_word' id='word_1_705' title='bbox 669 2519 812 2553; x_wconf 83' lang='lat' dir='ltr'><strong>pulchrum</strong></span> <span class='ocrx_word' id='word_1_706' title='bbox 828 2523 879 2546; x_wconf 85' lang='lat' dir='ltr'><strong>est.</strong></span> <span class='ocrx_word' id='word_1_707' title='bbox 897 2518 998 2552; x_wconf 81' lang='lat' dir='ltr'><strong>Quam-</strong></span> 
     </span>
    </p>
   </div>
   <div class='ocr_carea' id='block_1_96' title="bbox 209 2563 997 2598">
    <p class='ocr_par' dir='ltr' id='par_1_96' title="bbox 209 2563 997 2598">
     <span class='ocr_line' id='line_1_96' title="bbox 209 2563 997 2598; baseline 0 -7"><span class='ocrx_word' id='word_1_708' title='bbox 209 2565 303 2591; x_wconf 82' lang='lat' dir='ltr'><strong>obrem</strong></span> <span class='ocrx_word' id='word_1_709' title='bbox 329 2572 390 2591; x_wconf 90' lang='lat' dir='ltr'><strong>cum</strong></span> <span class='ocrx_word' id='word_1_710' title='bbox 418 2564 452 2590; x_wconf 86' lang='lat' dir='ltr'><strong>ab</strong></span> <span class='ocrx_word' id='word_1_711' title='bbox 477 2563 528 2590; x_wconf 86' lang='lat' dir='ltr'><strong>hoc</strong></span> <span class='ocrx_word' id='word_1_712' title='bbox 557 2565 659 2595; x_wconf 74' lang='lat' dir='ltr'><strong>studio,</strong></span> <span class='ocrx_word' id='word_1_713' title='bbox 684 2563 757 2598; x_wconf 85' lang='lat' dir='ltr'><strong>quod</strong></span> <span class='ocrx_word' id='word_1_714' title='bbox 783 2564 808 2590; x_wconf 89' lang='lat' dir='ltr'><strong>in</strong></span> <span class='ocrx_word' id='word_1_715' title='bbox 831 2571 895 2591; x_wconf 64' lang='lat' dir='ltr'><strong>vero</strong></span> <span class='ocrx_word' id='word_1_716' title='bbox 925 2565 997 2591; x_wconf 82' lang='lat' dir='ltr'><strong>bono</strong></span> 
     </span>
    </p>
   </div>
   <div class='ocr_carea' id='block_1_97' title="bbox 210 2609 996 2644">
    <p class='ocr_par' dir='ltr' id='par_1_97' title="bbox 210 2609 996 2644">
     <span class='ocr_line' id='line_1_97' title="bbox 210 2609 996 2644; baseline 0 -6"><span class='ocrx_word' id='word_1_717' title='bbox 210 2610 351 2641; x_wconf 82' lang='lat' dir='ltr'><strong>consistit,</strong></span> <span class='ocrx_word' id='word_1_718' title='bbox 366 2617 395 2637; x_wconf 83' lang='lat' dir='ltr'><strong>se</strong></span> <span class='ocrx_word' id='word_1_719' title='bbox 415 2610 579 2636; x_wconf 74' lang='lat' dir='ltr'><strong>abduxerint</strong></span> <span class='ocrx_word' id='word_1_720' title='bbox 598 2610 733 2639; x_wconf 75' lang='lat' dir='ltr'><strong>homines.</strong></span> <span class='ocrx_word' id='word_1_721' title='bbox 747 2609 845 2644; x_wconf 88' lang='lat' dir='ltr'><strong>partim</strong></span> <span class='ocrx_word' id='word_1_722' title='bbox 863 2611 889 2636; x_wconf 91' lang='lat' dir='ltr'><strong>in</strong></span> <span class='ocrx_word' id='word_1_723' title='bbox 905 2612 996 2638; x_wconf 87' lang='lat' dir='ltr'><strong>carnis</strong></span> 
     </span>
    </p>
   </div>
   <div class='ocr_carea' id='block_1_98' title="bbox 211 2655 995 2691">
    <p class='ocr_par' dir='ltr' id='par_1_98' title="bbox 211 2655 995 2691">
     <span class='ocr_line' id='line_1_98' title="bbox 211 2655 995 2691; baseline 0 -8"><span class='ocrx_word' id='word_1_724' title='bbox 211 2664 331 2683; x_wconf 87' lang='lat' dir='ltr'><strong>amorem</strong></span> <span class='ocrx_word' id='word_1_725' title='bbox 356 2655 458 2690; x_wconf 79' lang='lat' dir='ltr'><strong>delapsi</strong></span> <span class='ocrx_word' id='word_1_726' title='bbox 476 2659 551 2687; x_wconf 85' lang='lat' dir='ltr'><strong>sunt,</strong></span> <span class='ocrx_word' id='word_1_727' title='bbox 574 2655 673 2690; x_wconf 83' lang='lat' dir='ltr'><strong>partim</strong></span> <span class='ocrx_word' id='word_1_728' title='bbox 699 2656 725 2680; x_wconf 93' lang='lat' dir='ltr'><strong>in</strong></span> <span class='ocrx_word' id='word_1_729' title='bbox 747 2655 922 2682; x_wconf 77' lang='lat' dir='ltr'><strong>inanimatam</strong></span> <span class='ocrx_word' id='word_1_730' title='bbox 946 2662 995 2691; x_wconf 81' lang='lat' dir='ltr'><strong>pe-</strong></span> 
     </span>
    </p>
   </div>
   <div class='ocr_carea' id='block_1_99' title="bbox 210 2699 993 2733">
    <p class='ocr_par' dir='ltr' id='par_1_99' title="bbox 210 2699 993 2733">
     <span class='ocr_line' id='line_1_99' title="bbox 210 2699 993 2733; baseline 0.001 -6"><span class='ocrx_word' id='word_1_731' title='bbox 210 2701 353 2727; x_wconf 81' lang='lat' dir='ltr'><strong>cuniarum</strong></span> <span class='ocrx_word' id='word_1_732' title='bbox 381 2699 435 2726; x_wconf 84' lang='lat' dir='ltr'><strong>vim</strong></span> <span class='ocrx_word' id='word_1_733' title='bbox 455 2699 651 2733; x_wconf 87' lang='lat' dir='ltr'><strong>cupiditatibus</strong></span> <span class='ocrx_word' id='word_1_734' title='bbox 668 2700 787 2733; x_wconf 86' lang='lat' dir='ltr'><strong>prolapsi</strong></span> <span class='ocrx_word' id='word_1_735' title='bbox 816 2700 993 2728; x_wconf 86' lang='lat' dir='ltr'><strong>inciderunt:</strong></span> 
     </span>
    </p>
   </div>
   <div class='ocr_carea' id='block_1_100' title="bbox 210 2744 993 2779">
    <p class='ocr_par' dir='ltr' id='par_1_100' title="bbox 210 2744 993 2779">
     <span class='ocr_line' id='line_1_100' title="bbox 210 2744 993 2779; baseline 0 -8"><span class='ocrx_word' id='word_1_736' title='bbox 210 2745 334 2779; x_wconf 81' lang='lat' dir='ltr'><strong>plerique</strong></span> <span class='ocrx_word' id='word_1_737' title='bbox 348 2752 412 2772; x_wconf 84' lang='lat' dir='ltr'><strong>vero</strong></span> <span class='ocrx_word' id='word_1_738' title='bbox 432 2745 460 2772; x_wconf 90' lang='lat' dir='ltr'><strong>in</strong></span> <span class='ocrx_word' id='word_1_739' title='bbox 483 2744 647 2775; x_wconf 84' lang='lat' dir='ltr'><strong>honoribus,</strong></span> <span class='ocrx_word' id='word_1_740' title='bbox 677 2745 703 2770; x_wconf 92' lang='lat' dir='ltr'><strong>in</strong></span> <span class='ocrx_word' id='word_1_741' title='bbox 721 2745 814 2779; x_wconf 69' lang='lat' dir='ltr'><strong>gloriae</strong></span> <span class='ocrx_word' id='word_1_742' title='bbox 839 2745 993 2778; x_wconf 69' lang='lat' dir='ltr'><strong>sulendcm,</strong></span> 
     </span>
    </p>
   </div>
   <div class='ocr_carea' id='block_1_101' title="bbox 211 2790 992 2826">
    <p class='ocr_par' dir='ltr' id='par_1_101' title="bbox 211 2790 992 2826">
     <span class='ocr_line' id='line_1_101' title="bbox 211 2790 992 2826; baseline 0 -7"><span class='ocrx_word' id='word_1_743' title='bbox 211 2791 238 2819; x_wconf 88' lang='lat' dir='ltr'><strong>in</strong></span> <span class='ocrx_word' id='word_1_744' title='bbox 253 2791 350 2826; x_wconf 86' lang='lat' dir='ltr'><strong>opibus</strong></span> <span class='ocrx_word' id='word_1_745' title='bbox 368 2795 395 2818; x_wconf 85' lang='lat' dir='ltr'><strong>ct</strong></span> <span class='ocrx_word' id='word_1_746' title='bbox 412 2791 535 2825; x_wconf 81' lang='lat' dir='ltr'><strong>potentia</strong></span> <span class='ocrx_word' id='word_1_747' title='bbox 554 2790 699 2818; x_wconf 83' lang='lat' dir='ltr'><strong>honestum</strong></span> <span class='ocrx_word' id='word_1_748' title='bbox 717 2798 850 2826; x_wconf 78' lang='lat' dir='ltr'><strong>posuere;</strong></span> <span class='ocrx_word' id='word_1_749' title='bbox 869 2792 992 2819; x_wconf 86' lang='lat' dir='ltr'><strong>nonnulli</strong></span> 
     </span>
    </p>
   </div>
   <div class='ocr_carea' id='block_1_102' title="bbox 1047 2196 1839 2234">
    <p class='ocr_par' dir='ltr' id='par_1_102' title="bbox 1047 2196 1839 2234">
     <span class='ocr_line' id='line_1_102' title="bbox 1047 2196 1839 2234; baseline 0.003 -11"><span class='ocrx_word' id='word_1_750' title='bbox 1047 2205 1094 2223; x_wconf 83' lang='grc' dir='ltr'>του</span> <span class='ocrx_word' id='word_1_751' title='bbox 1113 2196 1256 2232; x_wconf 83' lang='grc' dir='ltr'>διάκρισιν.</span> <span class='ocrx_word' id='word_1_752' title='bbox 1270 2197 1320 2224; x_wconf 77' lang='grc' dir='ltr'>Διὰ</span> <span class='ocrx_word' id='word_1_753' title='bbox 1329 2197 1408 2223; x_wconf 77' lang='grc' dir='ltr'>τοῦτο</span> <span class='ocrx_word' id='word_1_754' title='bbox 1420 2197 1586 2229; x_wconf 78' lang='grc' dir='ltr'>ἀποστάντες</span> <span class='ocrx_word' id='word_1_755' title='bbox 1599 2198 1623 2223; x_wconf 87' lang='lat' dir='ltr'><strong>ol</strong></span> <span class='ocrx_word' id='word_1_756' title='bbox 1635 2198 1776 2234; x_wconf 79' lang='grc' dir='ltr'>ἄνθρωποι</span> <span class='ocrx_word' id='word_1_757' title='bbox 1788 2199 1839 2233; x_wconf 75' lang='grc' dir='ltr'>τῆς</span> 
     </span>
    </p>
   </div>
   <div class='ocr_carea' id='block_1_103' title="bbox 1049 2242 1839 2280">
    <p class='ocr_par' dir='ltr' id='par_1_103' title="bbox 1049 2242 1839 2280">
     <span class='ocr_line' id='line_1_103' title="bbox 1049 2242 1839 2280; baseline 0.004 -12"><span class='ocrx_word' id='word_1_758' title='bbox 1049 2243 1113 2278; x_wconf 72' lang='grc' dir='ltr'>περὶ</span> <span class='ocrx_word' id='word_1_759' title='bbox 1129 2242 1159 2269; x_wconf 81' lang='grc' dir='ltr'>τὸ</span> <span class='ocrx_word' id='word_1_760' title='bbox 1173 2243 1258 2274; x_wconf 63' lang='grc' dir='ltr'><strong>³ἄντως</strong></span> <span class='ocrx_word' id='word_1_761' title='bbox 1280 2243 1382 2277; x_wconf 81' lang='grc' dir='ltr'>ἀγαθὸν</span> <span class='ocrx_word' id='word_1_762' title='bbox 1406 2243 1538 2277; x_wconf 81' lang='grc' dir='ltr'>σπουδῆς,</span> <span class='ocrx_word' id='word_1_763' title='bbox 1563 2244 1586 2269; x_wconf 83' lang='grc' dir='ltr'>οἱ</span> <span class='ocrx_word' id='word_1_764' title='bbox 1613 2243 1661 2277; x_wconf 78' lang='grc' dir='ltr'>μὲν</span> <span class='ocrx_word' id='word_1_765' title='bbox 1683 2245 1724 2275; x_wconf 77' lang='grc' dir='ltr'>εἰς</span> <span class='ocrx_word' id='word_1_766' title='bbox 1749 2245 1839 2280; x_wconf 80' lang='grc' dir='ltr'>ἔρωτα</span> 
     </span>
    </p>
   </div>
   <div class='ocr_carea' id='block_1_104' title="bbox 1049 2287 1840 2324">
    <p class='ocr_par' dir='ltr' id='par_1_104' title="bbox 1049 2287 1840 2324">
     <span class='ocr_line' id='line_1_104' title="bbox 1049 2287 1840 2324; baseline 0.003 -10"><span class='ocrx_word' id='word_1_767' title='bbox 1049 2288 1158 2323; x_wconf 83' lang='grc' dir='ltr'>σαρκῶν</span> <span class='ocrx_word' id='word_1_768' title='bbox 1184 2287 1401 2323; x_wconf 79' lang='grc' dir='ltr'>κατωλίσθησαν,</span> <span class='ocrx_word' id='word_1_769' title='bbox 1425 2289 1450 2315; x_wconf 85' lang='lat' dir='ltr'><strong>ol</strong></span> <span class='ocrx_word' id='word_1_770' title='bbox 1471 2288 1498 2315; x_wconf 85' lang='grc' dir='ltr'><strong>δὲ</strong></span> <span class='ocrx_word' id='word_1_771' title='bbox 1520 2289 1567 2315; x_wconf 75' lang='grc' dir='ltr'><strong>ἐπὶ</strong></span> <span class='ocrx_word' id='word_1_772' title='bbox 1588 2289 1637 2324; x_wconf 84' lang='grc' dir='ltr'>τὴν</span> <span class='ocrx_word' id='word_1_773' title='bbox 1657 2289 1763 2324; x_wconf 67' lang='grc' dir='ltr'>ἄψυχον</span> <span class='ocrx_word' id='word_1_774' title='bbox 1786 2291 1840 2316; x_wconf 82' lang='grc' dir='ltr'>τῶν</span> 
     </span>
    </p>
   </div>
   <div class='ocr_carea' id='block_1_105' title="bbox 1047 2333 1839 2370">
    <p class='ocr_par' dir='ltr' id='par_1_105' title="bbox 1047 2333 1839 2370">
     <span class='ocr_line' id='line_1_105' title="bbox 1047 2333 1839 2370; baseline 0.001 -10"><span class='ocrx_word' id='word_1_775' title='bbox 1047 2334 1195 2369; x_wconf 82' lang='grc' dir='ltr'>χρημάτων</span> <span class='ocrx_word' id='word_1_776' title='bbox 1215 2333 1280 2369; x_wconf 82' lang='grc' dir='ltr'>ὓλην</span> <span class='ocrx_word' id='word_1_777' title='bbox 1294 2335 1354 2365; x_wconf 82' lang='grc' dir='ltr'>ταῖς</span> <span class='ocrx_word' id='word_1_778' title='bbox 1365 2333 1521 2369; x_wconf 76' lang='grc' dir='ltr'>ἐπιθυμίαις</span> <span class='ocrx_word' id='word_1_779' title='bbox 1535 2333 1644 2370; x_wconf 70' lang='grc' dir='ltr'>ἔρεψαν·</span> <span class='ocrx_word' id='word_1_780' title='bbox 1659 2334 1735 2360; x_wconf 81' lang='grc' dir='ltr'>ἄλλοι</span> <span class='ocrx_word' id='word_1_781' title='bbox 1753 2336 1783 2361; x_wconf 82' lang='grc' dir='ltr'>ὲν</span> <span class='ocrx_word' id='word_1_782' title='bbox 1799 2344 1839 2361; x_wconf 87' lang='grc' dir='ltr'>τι-</span> 
     </span>
    </p>
   </div>
   <div class='ocr_carea' id='block_1_106' title="bbox 1049 2379 1836 2415">
    <p class='ocr_par' dir='ltr' id='par_1_106' title="bbox 1049 2379 1836 2415">
     <span class='ocr_line' id='line_1_106' title="bbox 1049 2379 1836 2415; baseline 0.003 -10"><span class='ocrx_word' id='word_1_783' title='bbox 1049 2381 1115 2415; x_wconf 81' lang='grc' dir='ltr'>μαῖς</span> <span class='ocrx_word' id='word_1_784' title='bbox 1137 2381 1183 2406; x_wconf 79' lang='grc' dir='ltr'>καὶ</span> <span class='ocrx_word' id='word_1_785' title='bbox 1199 2380 1287 2413; x_wconf 72' lang='grc' dir='ltr'>δόξαις</span> <span class='ocrx_word' id='word_1_786' title='bbox 1305 2380 1352 2407; x_wconf 74' lang='grc' dir='ltr'>καὶ</span> <span class='ocrx_word' id='word_1_787' title='bbox 1364 2380 1533 2411; x_wconf 81' lang='grc' dir='ltr'>δυναστείαις</span> <span class='ocrx_word' id='word_1_788' title='bbox 1547 2380 1578 2406; x_wconf 82' lang='grc' dir='ltr'>τὸ</span> <span class='ocrx_word' id='word_1_789' title='bbox 1592 2379 1674 2406; x_wconf 79' lang='grc' dir='ltr'>καλὸν</span> <span class='ocrx_word' id='word_1_790' title='bbox 1690 2380 1836 2414; x_wconf 83' lang='grc' dir='ltr'>ὡρίσαντο·</span> 
     </span>
    </p>
   </div>
   <div class='ocr_carea' id='block_1_107' title="bbox 1046 2425 1839 2462">
    <p class='ocr_par' dir='ltr' id='par_1_107' title="bbox 1046 2425 1839 2462">
     <span class='ocr_line' id='line_1_107' title="bbox 1046 2425 1839 2462; baseline 0.001 -11"><span class='ocrx_word' id='word_1_791' title='bbox 1046 2426 1098 2451; x_wconf 71' lang='grc' dir='ltr'>εἰσὶ</span> <span class='ocrx_word' id='word_1_792' title='bbox 1113 2426 1142 2452; x_wconf 78' lang='grc' dir='ltr'><strong>δέ</strong></span> <span class='ocrx_word' id='word_1_793' title='bbox 1157 2435 1228 2457; x_wconf 85' lang='grc' dir='ltr'>τινες</span> <span class='ocrx_word' id='word_1_794' title='bbox 1238 2426 1264 2452; x_wconf 80' lang='grc' dir='ltr'>οἳ</span> <span class='ocrx_word' id='word_1_795' title='bbox 1280 2426 1344 2461; x_wconf 77' lang='grc' dir='ltr'>περὶ</span> <span class='ocrx_word' id='word_1_796' title='bbox 1358 2426 1454 2460; x_wconf 81' lang='grc' dir='ltr'>τέχνας</span> <span class='ocrx_word' id='word_1_797' title='bbox 1467 2425 1514 2452; x_wconf 75' lang='grc' dir='ltr'>καὶ</span> <span class='ocrx_word' id='word_1_798' title='bbox 1533 2426 1687 2461; x_wconf 73' lang='grc' dir='ltr'>ἐπιστήμας</span> <span class='ocrx_word' id='word_1_799' title='bbox 1701 2427 1839 2462; x_wconf 78' lang='grc' dir='ltr'>ἐπτοήθη-</span> 
     </span>
    </p>
   </div>
   <div class='ocr_carea' id='block_1_108' title="bbox 1047 2471 1838 2507">
    <p class='ocr_par' dir='ltr' id='par_1_108' title="bbox 1047 2471 1838 2507">
     <span class='ocr_line' id='line_1_108' title="bbox 1047 2471 1838 2507; baseline -0.001 -9"><span class='ocrx_word' id='word_1_800' title='bbox 1047 2480 1106 2498; x_wconf 72' lang='grc' dir='ltr'>σαν⁴</span> <span class='ocrx_word' id='word_1_801' title='bbox 1130 2473 1154 2498; x_wconf 86' lang='grc' dir='ltr'>οἱ</span> <span class='ocrx_word' id='word_1_802' title='bbox 1176 2472 1204 2498; x_wconf 80' lang='grc' dir='ltr'>δὲ</span> <span class='ocrx_word' id='word_1_803' title='bbox 1226 2471 1504 2507; x_wconf 75' lang='grc' dir='ltr'>ἀνδραποδωδέστεροι</span> <span class='ocrx_word' id='word_1_804' title='bbox 1528 2472 1640 2503; x_wconf 81' lang='grc' dir='ltr'>τούτων,</span> <span class='ocrx_word' id='word_1_805' title='bbox 1665 2471 1764 2506; x_wconf 80' lang='grc' dir='ltr'>λαιμὸν</span> <span class='ocrx_word' id='word_1_806' title='bbox 1792 2473 1838 2498; x_wconf 77' lang='grc' dir='ltr'>καὶ</span> 
     </span>
    </p>
   </div>
   <div class='ocr_carea' id='block_1_109' title="bbox 1045 2516 1838 2552">
    <p class='ocr_par' dir='ltr' id='par_1_109' title="bbox 1045 2516 1838 2552">
     <span class='ocr_line' id='line_1_109' title="bbox 1045 2516 1838 2552; baseline -0.001 -8"><span class='ocrx_word' id='word_1_807' title='bbox 1045 2517 1165 2552; x_wconf 78' lang='grc' dir='ltr'>γαστέρα</span> <span class='ocrx_word' id='word_1_808' title='bbox 1180 2518 1226 2544; x_wconf 74' lang='grc' dir='ltr'>τοῦ</span> <span class='ocrx_word' id='word_1_809' title='bbox 1242 2517 1344 2551; x_wconf 76' lang='grc' dir='ltr'>ἀγαθοῦ</span> <span class='ocrx_word' id='word_1_810' title='bbox 1362 2516 1500 2543; x_wconf 79' lang='grc' dir='ltr'>ποιοῦνται</span> <span class='ocrx_word' id='word_1_811' title='bbox 1515 2517 1654 2552; x_wconf 82' lang='grc' dir='ltr'>κριτήρια.</span> <span class='ocrx_word' id='word_1_812' title='bbox 1676 2518 1707 2544; x_wconf 82' lang='lat' dir='ltr'><strong>0i</strong></span> <span class='ocrx_word' id='word_1_813' title='bbox 1726 2517 1755 2544; x_wconf 78' lang='grc' dir='ltr'><strong>δὲ</strong></span> <span class='ocrx_word' id='word_1_814' title='bbox 1771 2517 1838 2543; x_wconf 81' lang='grc' dir='ltr'>ἀπο-</span> 
     </span>
    </p>
   </div>
   <div class='ocr_carea' id='block_1_110' title="bbox 1048 2561 1836 2596">
    <p class='ocr_par' dir='ltr' id='par_1_110' title="bbox 1048 2561 1836 2596">
     <span class='ocr_line' id='line_1_110' title="bbox 1048 2561 1836 2596; baseline -0.003 -7"><span class='ocrx_word' id='word_1_815' title='bbox 1048 2563 1159 2594; x_wconf 79' lang='grc' dir='ltr'>στάντες</span> <span class='ocrx_word' id='word_1_816' title='bbox 1173 2562 1227 2588; x_wconf 84' lang='grc' dir='ltr'>τῶν</span> <span class='ocrx_word' id='word_1_817' title='bbox 1240 2562 1340 2588; x_wconf 79' lang='grc' dir='ltr'>ὑλικὼν</span> <span class='ocrx_word' id='word_1_818' title='bbox 1353 2562 1505 2596; x_wconf 79' lang='grc' dir='ltr'>νοημάτων,</span> <span class='ocrx_word' id='word_1_819' title='bbox 1521 2562 1566 2588; x_wconf 83' lang='grc' dir='ltr'>καὶ</span> <span class='ocrx_word' id='word_1_820' title='bbox 1581 2561 1634 2588; x_wconf 86' lang='grc' dir='ltr'>τῶν</span> <span class='ocrx_word' id='word_1_821' title='bbox 1646 2562 1709 2596; x_wconf 79' lang='grc' dir='ltr'>περὶ</span> <span class='ocrx_word' id='word_1_822' title='bbox 1724 2561 1759 2588; x_wconf 77' lang='grc' dir='ltr'><strong>τὰ</strong></span> <span class='ocrx_word' id='word_1_823' title='bbox 1774 2571 1836 2595; x_wconf 77' lang='grc' dir='ltr'>φαι-</span> 
     </span>
    </p>
   </div>
   <div class='ocr_carea' id='block_1_111' title="bbox 1047 2607 1837 2644">
    <p class='ocr_par' dir='ltr' id='par_1_111' title="bbox 1047 2607 1837 2644">
     <span class='ocr_line' id='line_1_111' title="bbox 1047 2607 1837 2644; baseline 0 -10"><span class='ocrx_word' id='word_1_824' title='bbox 1047 2609 1146 2644; x_wconf 79' lang='grc' dir='ltr'>νόμενα</span> <span class='ocrx_word' id='word_1_825' title='bbox 1170 2608 1371 2644; x_wconf 84' lang='grc' dir='ltr'>προσπαθειῶν.</span> <span class='ocrx_word' id='word_1_826' title='bbox 1398 2607 1545 2643; x_wconf 79' lang='grc' dir='ltr'>ἀνεζήτουν</span> <span class='ocrx_word' id='word_1_827' title='bbox 1565 2608 1615 2642; x_wconf 79' lang='grc' dir='ltr'>τὴν</span> <span class='ocrx_word' id='word_1_828' title='bbox 1637 2608 1726 2643; x_wconf 81' lang='grc' dir='ltr'>ἁπλῆν</span> <span class='ocrx_word' id='word_1_829' title='bbox 1743 2617 1774 2634; x_wconf 87' lang='grc' dir='ltr'><strong>τε</strong></span> <span class='ocrx_word' id='word_1_830' title='bbox 1792 2608 1837 2634; x_wconf 68' lang='grc' dir='ltr'>καὶ</span> 
     </span>
    </p>
   </div>
   <div class='ocr_carea' id='block_1_112' title="bbox 1047 2653 1836 2689">
    <p class='ocr_par' dir='ltr' id='par_1_112' title="bbox 1047 2653 1836 2689">
     <span class='ocr_line' id='line_1_112' title="bbox 1047 2653 1836 2689; baseline -0.003 -9"><span class='ocrx_word' id='word_1_831' title='bbox 1047 2655 1127 2681; x_wconf 77' lang='grc' dir='ltr'>ᾰῦλον</span> <span class='ocrx_word' id='word_1_832' title='bbox 1148 2655 1195 2680; x_wconf 69' lang='grc' dir='ltr'>καὶ</span> <span class='ocrx_word' id='word_1_833' title='bbox 1217 2655 1421 2689; x_wconf 78' lang='grc' dir='ltr'>ἀσχημάτιστον</span> <span class='ocrx_word' id='word_1_834' title='bbox 1444 2653 1490 2679; x_wconf 84' lang='grc' dir='ltr'>τοῦ</span> <span class='ocrx_word' id='word_1_835' title='bbox 1520 2653 1602 2679; x_wconf 78' lang='grc' dir='ltr'>καλοῦ</span> <span class='ocrx_word' id='word_1_836' title='bbox 1623 2654 1716 2688; x_wconf 85' lang='grc' dir='ltr'>φύσιν,</span> <span class='ocrx_word' id='word_1_837' title='bbox 1734 2655 1786 2680; x_wconf 71' lang='grc' dir='ltr'><strong>οὐκ</strong></span> <span class='ocrx_word' id='word_1_838' title='bbox 1805 2654 1836 2680; x_wconf 83' lang='grc' dir='ltr'>ἂν</span> 
     </span>
    </p>
   </div>
   <div class='ocr_carea' id='block_1_113' title="bbox 1048 2699 1835 2735">
    <p class='ocr_par' dir='ltr' id='par_1_113' title="bbox 1048 2699 1835 2735">
     <span class='ocr_line' id='line_1_113' title="bbox 1048 2699 1835 2735; baseline 0 -9"><span class='ocrx_word' id='word_1_839' title='bbox 1048 2703 1111 2735; x_wconf 79' lang='grc' dir='ltr'>περὶ</span> <span class='ocrx_word' id='word_1_840' title='bbox 1125 2700 1173 2735; x_wconf 81' lang='grc' dir='ltr'>τὴν</span> <span class='ocrx_word' id='word_1_841' title='bbox 1188 2701 1293 2735; x_wconf 81' lang='grc' dir='ltr'>αἵρεσιν</span> <span class='ocrx_word' id='word_1_842' title='bbox 1307 2699 1360 2726; x_wconf 85' lang='grc' dir='ltr'>τῶν</span> <span class='ocrx_word' id='word_1_843' title='bbox 1375 2699 1552 2734; x_wconf 80' lang='grc' dir='ltr'>ὲπιθυμητῶν</span> <span class='ocrx_word' id='word_1_844' title='bbox 1565 2699 1769 2735; x_wconf 76' lang='grc' dir='ltr'>ἐπλανήθησαν,</span> <span class='ocrx_word' id='word_1_845' title='bbox 1784 2699 1835 2726; x_wconf 76' lang='grc' dir='ltr'><strong>οὐδ’</strong></span> 
     </span>
    </p>
   </div>
   <div class='ocr_carea' id='block_1_114' title="bbox 1048 2745 1831 2781">
    <p class='ocr_par' dir='ltr' id='par_1_114' title="bbox 1048 2745 1831 2781">
     <span class='ocr_line' id='line_1_114' title="bbox 1048 2745 1831 2781; baseline -0.003 -9"><span class='ocrx_word' id='word_1_846' title='bbox 1048 2746 1081 2772; x_wconf 85' lang='grc' dir='ltr'>ἂν</span> <span class='ocrx_word' id='word_1_847' title='bbox 1094 2746 1218 2772; x_wconf 85' lang='grc' dir='ltr'>τοσοῦτον</span> <span class='ocrx_word' id='word_1_848' title='bbox 1231 2745 1283 2772; x_wconf 69' lang='grc' dir='ltr'><strong>ὑπὸ</strong></span> <span class='ocrx_word' id='word_1_849' title='bbox 1295 2746 1345 2780; x_wconf 80' lang='grc' dir='ltr'>τῆς</span> <span class='ocrx_word' id='word_1_850' title='bbox 1357 2745 1482 2780; x_wconf 73' lang='grc' dir='ltr'>τοιαύτης</span> <span class='ocrx_word' id='word_1_851' title='bbox 1496 2745 1602 2778; x_wconf 78' lang='grc' dir='ltr'>ἀπάτης</span> <span class='ocrx_word' id='word_1_852' title='bbox 1613 2745 1831 2781; x_wconf 74' lang='grc' dir='ltr'>παρηνέχθησαν,</span> 
     </span>
    </p>
   </div>
   <div class='ocr_carea' id='block_1_115' title="bbox 1049 2791 1820 2826">
    <p class='ocr_par' dir='ltr' id='par_1_115' title="bbox 1049 2791 1820 2826">
     <span class='ocr_line' id='line_1_115' title="bbox 1049 2791 1820 2826; baseline -0.003 -8"><span class='ocrx_word' id='word_1_853' title='bbox 1049 2793 1086 2824; x_wconf 77' lang='grc' dir='ltr'>ὡς</span> <span class='ocrx_word' id='word_1_854' title='bbox 1103 2791 1168 2826; x_wconf 70' lang='grc' dir='ltr'>μηδὲ</span> <span class='ocrx_word' id='word_1_855' title='bbox 1183 2792 1212 2818; x_wconf 66' lang='grc' dir='ltr'><strong>τὺ</strong></span> <span class='ocrx_word' id='word_1_856' title='bbox 1227 2792 1394 2826; x_wconf 64' lang='grc' dir='ltr'>πρόσκαιρον</span> <span class='ocrx_word' id='word_1_857' title='bbox 1411 2792 1460 2826; x_wconf 79' lang='grc' dir='ltr'>τῆς</span> <span class='ocrx_word' id='word_1_858' title='bbox 1476 2793 1505 2819; x_wconf 80' lang='grc' dir='ltr'>ἐν</span> <span class='ocrx_word' id='word_1_859' title='bbox 1521 2791 1626 2823; x_wconf 77' lang='grc' dir='ltr'>τούτοις</span> <span class='ocrx_word' id='word_1_860' title='bbox 1649 2792 1749 2824; x_wconf 79' lang='grc' dir='ltr'>ἡδονῆς</span> <span class='ocrx_word' id='word_1_861' title='bbox 1777 2791 1820 2817; x_wconf 71' lang='grc' dir='ltr'><strong>8λέ</strong></span> 
     </span>
    </p>
   </div>
  </div>
