1912 3080
108 77 160 106 555$
780 80 823 107 DE
838 79 1075 108 VlRGINlTATE.
1400 80 1402 83 ’
1680 83 1733 111 368

107 143 225 166 κοντας.
243 136 311 172 πρὸς
334 137 384 172 τὴν
400 138 551 173 ὑπεροψίαν
575 139 628 166 τῶν
647 139 776 166 τοιούτων
799 139 899 174 ὁδηγη-

962 143 1041 166 ιυιθιη
1064 143 1139 172 sunt,
1153 140 1200 175 qui
1220 140 1248 167 in
1272 141 1374 168 artium
1395 143 1628 177 screntiarnmque
1650 142 1734 170 disci—

109 181 198 215 θῆναι.
951 184 1034 218 plinis
1053 191 1166 219 stupore
1188 185 1307 220 quodam
1329 186 1417 214 aﬂ'ecti
1432 191 1562 216 tenentur
1577 198 1583 215 :
1600 188 1648 223 qui
1671 197 1735 215 vcio

109 232 173 254 sunt
196 228 241 255 his
270 228 436 263 abiectiores
460 230 638 264 vilioresque,
667 230 694 257 hi
718 230 745 257 in
770 230 842 265 gula,
884 237 916 258 ac
934 234 1029 257 ventre
1043 231 1135 258 sedem
1149 231 1258 258 honesti
1269 231 1418 259 collocant.
1433 232 1531 261 Verum
1544 233 1591 268 qui
1605 241 1621 260 a
1654 233 1736 260 rebus

108 274 160 301 sub
174 281 288 302 sensum
306 274 480 307 cadentibus,
492 280 520 304 et
542 276 576 303 ab
600 276 685 303 animi
704 276 897 304 all‘ectionibus
917 277 951 303 ad
963 284 1011 304 eas
1034 284 1080 304 res
1100 277 1255 312 propensis,
1290 286 1350 312 qua:
1370 279 1490 313 speciem
1524 279 1643 314 aliquam
1668 287 1736 314 pra:-

108 318 185 350 bent,
203 326 268 347 sese
282 320 459 354 abduxerim,
475 321 503 348 hi
519 321 672 356 simplicem
707 322 794 357 ipsius
824 322 932 349 honesti
954 323 1118 358 indagarunt
1142 326 1286 355 naturam,
1315 331 1376 359 qua!
1403 324 1526 352 mater-im
1550 333 1649 360 expers
1677 330 1733 356 est,

109 364 240 399 nullaque
266 364 352 400 ﬁgura
377 366 557 400 exprimitur;
585 374 674 401 neque
701 367 728 393 in
767 367 917 402 deligendis
941 368 975 395 iis
986 367 1160 399 aberrarunt,
1175 375 1237 402 qua:
1250 369 1369 396 maxime
1388 369 1519 403 optabilia
1537 374 1616 403 sunt;
1648 379 1735 406 neque

107 413 247 447 ejusmodi
262 418 328 441 sunt
343 414 485 441 erroribus
501 415 539 442 ita
557 415 750 447 circumventi,
768 419 799 442 ut
813 422 901 450 neque
920 419 1065 451 perspecta
1085 415 1244 450 voluptatis,
1259 423 1321 450 qua:
1338 416 1367 443 in
1389 416 1424 444 iis
1446 423 1499 450 est,
1527 417 1670 452 brevitate,
1701 419 1734 445 ad

107 459 247 495 ejusmodi
264 467 356 487 rerum
375 459 583 495 despicientiain
597 460 708 498 deducti
729 461 864 488 venerint.

146 505 253 532 οὐκοῦν
268 505 338 540 αὕτη
352 505 385 533 ἂν
396 506 499 540 γένοιτο
517 508 582 543 ἡμῖν
598 507 656 539 ὁδὸς
669 508 709 538 εἰς
721 508 772 543 τὴν
787 507 833 533 τοῦ
851 516 899 534 κα-

110 551 158 577 λοῦ
172 551 282 586 εὕρεσιν
295 551 409 586 ἄγουσα,
424 552 455 578 τὸ
468 552 556 579 πάντα
567 553 602 579 τὰ
616 553 693 585 ἀλλα,
711 553 760 579 ὅσα
774 553 824 584 τὰς
838 554 898 579 ἐπι-

111 597 211 632 θυμίας
224 597 280 623 τῶν
293 596 443 633 ἀνθρώπων
458 598 611 632 ἐφέλκεται,
629 598 699 625 καλά
710 597 780 626 εῐναι
792 597 900 634 νομιζό-

112 652 198 678 μενα,
224 643 272 669 καὶ
293 642 338 669 διά
357 642 437 669 τοῦτο
458 644 577 679 σπουδῆς
602 652 674 676 τινος
697 645 744 671 καὶ
767 644 901 680 ἀποδοχῆς

112 689 272 724 ἀξιούμενα,
288 689 375 716 ταῦτα
388 689 602 725 ὑπερϐαίνοντας
618 690 656 721 ὼς
669 690 785 717 ταπεινά
805 699 835 717 τε
855 691 902 717 καὶ

113 733 282 770 πρόσκαιρα,
299 734 392 770 μηδενὶ
409 735 510 762 τούτων
530 735 757 770 προσαναλίσκειν
771 735 819 770 τὴν
838 736 901 762 ἐπι-

112 781 270 816 θυμητικὴν
284 780 361 816 ἡμῶν
377 780 501 816 δύναμιν,
517 782 585 817 μήτε
600 781 653 816 μὴν
671 782 758 817 ἀργὴν
776 782 822 808 καὶ
837 782 899 808 ἀκί-

989 504 1051 532 llzcc
1071 504 1155 539 igitur
1171 505 1251 533 nobis
1264 505 1375 541 quidem
1393 507 1436 533 via
1456 511 1509 539 est,
1526 515 1579 542 qua
1601 509 1634 535 ad
1648 509 1736 544 ipsius

953 551 1059 578 honesti
1083 551 1268 579 inventionem
1296 552 1433 586 ducimur,
1459 558 1489 580 ut
1512 558 1609 582 caatera
1633 556 1735 588 omnia,

951 597 1052 632 quibus
1079 597 1221 624 hominum
1247 598 1395 626 trahuntur
1422 599 1607 634 cupiditates,
1642 610 1736 636 quzcve

952 642 1066 670 honesta
1084 646 1226 677 putantur,
1251 651 1282 671 ea
1307 651 1370 671 cum
1398 652 1448 680 pro
1463 645 1548 672 nihilo
1575 646 1735 680 habeamus,

953 688 1031 722 quasi
1057 687 1171 714 humilia
1193 688 1260 718 sint,
1276 688 1310 715 ad
1332 693 1495 724 tempusque
1518 695 1655 723 maneant,
1678 692 1737 718 nul-

956 734 1009 760 lam
1031 733 1058 760 in
1083 733 1126 760 his
1142 740 1209 760 sane
1227 734 1402 769 appetitionis
1418 739 1520 762 nostra:
1536 737 1590 762 vim
1606 744 1656 764 nos
1671 744 1738 764 con--

953 785 1112 810 sumamus;
1135 786 1224 813 neque
1245 783 1348 811 tamen,
1364 784 1405 812 ut,
1424 788 1486 807 cum
1513 781 1540 807 in
1567 781 1645 808 nobis
1669 782 1737 816 ipsis

114 836 193 862 νητον
203 827 233 853 ὲν
250 827 356 858 ἑαυτοῖς
370 827 599 858 κατακλείσαντας
613 827 695 862 ἔχειν,
715 827 771 854 ἀλλ’
783 827 903 854 ἐκκαθά-

962 831 1014 851 zam
1039 823 1270 856 concluserimus,
1295 825 1424 857 otiosam,
1445 826 1479 853 ab
1498 827 1627 861 Omnique
1652 828 1738 862 agita-

116 882 217 909 ραντας
231 873 317 908 αὐτὴν
333 873 386 900 ἀπὸ
410 874 459 908 τῆς
481 873 536 900 τῶν
550 874 686 900 ταπεινῶν
705 874 902 909 προσπαθείας,

115 921 173 946 ἐκεῖ
182 919 303 953 ἀνάγειν,
316 919 381 946 ὅπου
388 920 437 946 οὐκ
448 920 595 954 ἐφικνεῖται
606 921 623 955 ἡ
635 919 768 955 αἴσθησις·
781 919 818 951 ὡς
836 921 904 956 μήτε

115 965 232 1001 οὐρανοῦ
244 964 410 1001 [ἀνθρώπου]
423 965 518 996 κάλλος
527 965 674 1001 θαυμάσαι,
686 967 753 1001 μήτε
764 967 904 1002 φωστῆρος

116 1012 214 1046 αὐγὰς,
237 1012 304 1047 μήτε
320 1011 384 1038 ἄλλο
405 1020 431 1038 τι
452 1011 506 1038 τῶν
531 1011 699 1048 φαινομένων
715 1012 819 1039 καλῶν·
839 1012 906 1039 ἀλλά

117 1058 162 1084 διὰ
174 1057 224 1084 τοῦ
240 1058 307 1084 πᾶσι
323 1057 426 1088 τούτοις
439 1057 674 1093 ἐπιθεωρουμένου
695 1058 811 1090 κάλλους
831 1067 906 1094 χειρ-

117 1103 285 1138 αγωγεῖσθαι
305 1103 372 1137 πρὸς
385 1102 433 1137 τὴν
444 1103 546 1129 ἐκείνου
560 1103 607 1129 τοῦ
620 1102 733 1134 κάλλους
748 1103 904 1138 ἐπιθυμίαν,

117 1147 153 1185 ἦς
165 1149 213 1175 καὶ
229 1150 253 1174 οἱ
268 1148 376 1184 οὐρανοὶ
390 1147 545 1182 διηγοῦνται
558 1147 607 1182 τὴν
624 1147 713 1180 δόξαν,
730 1148 776 1175 καὶ
792 1148 907 1183 στερέω-

120 1202 169 1229 μα,
188 1193 236 1220 καὶ
248 1194 323 1220 πᾶσα
340 1194 356 1227 ὴ
371 1192 458 1224 κτίσις
469 1192 629 1226 ἀναγγέλλει
644 1192 693 1228 τὴν
707 1193 816 1226 γνῶσιν.
829 1192 907 1219 Οὕτω

119 1239 173 1274 γὰρ
188 1238 300 1265 ἀνιοῦσα
315 1239 331 1274 ἡ
348 1238 431 1273 ψυχὴ,
447 1238 495 1264 καὶ
510 1238 564 1264 πᾶν
585 1237 615 1264 τὺ
631 1238 907 1273 καταλαμβανόμενον

119 1287 158 1318 ὡς
173 1286 334 1321 μικρότερον
347 1285 394 1311 τοῦ
409 1284 575 1320 ζητουμένου
598 1285 847 1320 καταλιμπάνουσα,
863 1285 908 1319 γέ-

120 1340 192 1358 νοιτο
207 1331 241 1358 ἂν
256 1332 285 1357 ἐν
308 1330 433 1366 περινοίᾳ
457 1330 506 1365 τῆς
526 1329 762 1365 μεγαλοπρεπείας
783 1330 907 1365 ἐκείνης,

120 1379 171 1413 τῆς
195 1377 323 1413 ὑπεράνω
342 1377 396 1403 τῶν
418 1377 540 1412 οὐρανῶν
560 1376 726 1411 ἐπηρμένης·
751 1376 830 1403 Ἀλλὰ
851 1376 909 1408 πῶς

121 1423 154 1450 ἄν
170 1432 213 1454 τις
233 1422 287 1449 τῶν
311 1422 419 1457 ὑψηλῶν
441 1422 574 1455 ἐφίκοιτο.
590 1422 654 1457 περὶ
672 1421 707 1448 τὰ
730 1421 848 1448 ταπεινά
860 1421 909 1458 τὴν

123 1467 241 1503 σπουδὴν
252 1467 339 1502 Exim;
356 1466 413 1497 πῶς
429 1467 451 1492 δ’
466 1466 498 1492 ἄν
513 1475 553 1497 τις
570 1466 638 1501 πρὸς
652 1466 698 1493 τὸν
713 1466 826 1501 οὐρανὸν
841 1466 908 1492 ἁνα-
921 1485 944 1514 c

122 1514 216 1548 πτείη,
234 1513 272 1548 μὴ
287 1512 435 1547 πτερωθεὶς
451 1512 490 1547 τῷ
503 1511 620 1546 οὺρανίῳ
642 1511 734 1546 πτερῷ
745 1530 753 1541 ,
770 1511 816 1537 καὶ
841 1511 910 1538 ἀνω-

123 1559 210 1595 φερὴς
224 1559 271 1585 καὶ
289 1558 424 1593 μετέωρος
441 1557 483 1584 διὰ
500 1558 550 1592 τῆς
566 1557 671 1592 ὑψηλῆς
686 1557 822 1588 πολιτείας
835 1556 911 1590 γενό-

122 1613 224 1638 μενος;
242 1604 290 1636 Τίς
306 1604 335 1630 δὲ
355 1604 441 1634 οὓτως
462 1603 514 1634 ἔξω
530 1603 583 1629 τῶν
600 1602 785 1636 εὑαγγελικῶν
810 1610 912 1637 μυστη-

124 1650 192 1686 ρίων
213 1650 297 1680 ἐστὶν,
313 1649 351 1681 ὼς
374 1650 481 1683 ἀγνοεῖν
500 1649 541 1674 ὅτι
557 1648 586 1674 ἓν
599 1648 690 1683 δχημα
705 1650 738 1684 τῇ
755 1647 912 1684 ἀνθρωπίνῃ

122 1695 197 1730 ψυχῇ
210 1695 318 1730 τῆς¹ὲπὶ
333 1695 394 1725 τοὺς
405 1694 534 1729 οὐρανοὺς
545 1694 657 1728 πορείας
667 1694 736 1726 ἐστὶ,
750 1694 780 1720 τὸ
791 1693 831 1729 τῷ
844 1693 911 1719 εῖδει

123 1741 175 1776 τῆς
193 1740 369 1775 καταπτάσης
382 1741 544 1775 περιστερᾶς
559 1740 653 1766 ἑαυτὸν
663 1739 806 1774 ὁμοιῶσαι,
817 1737 850 1775 ἧς
864 1739 912 1770 τὰς

125 1786 264 1821 πτέρυγας
274 1784 399 1819 γενέσθαι
414 1784 488 1819 αὐτῷ
502 1784 549 1811 καὶ
566 1783 647 1810 Δα6“ιδ
663 1785 677 1810 ὁ
692 1785 835 1819 προφήτης
849 1784 912 1809 ἐπόο

126 1832 228 1867 θησεν;
247 1831 323 1858 Οὕτω
343 1830 396 1865 γὰρ
413 1832 441 1857 ἐν
461 1830 600 1865 αἰνίγματι
623 1830 673 1866 τὴν
695 1830 742 1857 τοῦ
756 1830 912 1865 Πνεύματος

124 1877 241 1912 δύναμιν
251 1878 284 1912 τῇ
300 1877 394 1912 Γραφῇ
411 1876 524 1912 σύνηθες
538 1876 690 1912 ὀνομάζειν·
712 1876 767 1902 εἴτε
783 1876 850 1903 διότι
869 1885 915 1911 χο-

126 1923 177 1958 λῆς
190 1924 265 1949 ἐστιν
281 1922 393 1957 ἄμοιρον
417 1921 495 1948 τοῦτο
512 1922 542 1948 τὸ
558 1921 661 1957 ὄρνεον,
684 1922 701 1957 ἦ
724 1922 765 1948 ὃτι
781 1922 913 1954 δυσωδίας

127 1969 236 2004 ἐχθρον,
249 1968 339 1999 καθώς
351 1977 431 2002 φασιν
442 1969 466 1995 οἱ
481 1969 516 1994 τὰ
528 1967 641 1995 τοιαῦτα
656 1968 913 2004 παρατηρήσαντες.

127 2014 233 2041 Οὐκοῦν
247 2015 261 2041 ὁ
276 2014 366 2049 πάσης
381 2014 493 2049 πικρίας
508 2015 555 2040 καὶ
566 2015 699 2049 σαρκικῆς
711 2014 840 2045 δυσωδίας
854 2015 915 2040 ἑαυ-

127 2061 173 2087 τὸν
188 2061 355 2095 ἀποστήσας,
372 2060 421 2086 καὶ
433 2060 541 2086 πάντων
550 2060 603 2086 τῶν
617 2060 752 2087 ταπεινῶν
766 2068 796 2086 τε
809 2060 855 2086 καὶ
866 2068 913 2094 χα-

131 2105 269 2141 μαιζήλων
284 2106 458 2141 ὑπεραρθεὶς,
478 2106 577 2141 μᾶλλον
592 2106 620 2132 δὲ
635 2105 734 2137 παντὸς
748 2105 794 2132 τοῦ
810 2106 912 2140 κόσμου

957 869 1031 895 tione
1050 875 1166 895 vacuam
1186 868 1344 900 habeamus.
1363 871 1410 897 sed
1425 878 1486 897 cum
1502 871 1537 898 ab
1552 872 1625 898 omni
1642 881 1735 900 rerum

955 914 1050 940 vilium
1065 914 1289 949 abjectarumque
1306 916 1453 950 cupiditate
1477 924 1527 944 nos
1542 917 1614 943 illam
1634 917 1733 945 libera—

955 958 1087 991 verimus,
1107 966 1140 985 eo
1158 959 1234 993 plane
1258 960 1407 987 referamus
1426 966 1542 996 oportet,
1561 969 1615 996 quo
1639 970 1737 990 sensus

956 1004 1015 1038 ipse
1027 1004 1174 1038 pervenire
1192 1011 1247 1031 non
1262 1009 1361 1039 potest,
1388 1006 1424 1031 ita
1442 1010 1469 1031 ut
1490 1014 1576 1041 neque
1597 1008 1658 1034 coeli
1676 1009 1737 1042 pul-

956 1048 1154 1080 chritudinem,
1182 1057 1271 1084 neque
1293 1049 1426 1076 luminum
1451 1049 1554 1083 radios,
1576 1059 1665 1086 neque
1695 1060 1739 1080 res

959 1099 1074 1122 caeteras
1088 1095 1241 1122 admiretur
1256 1103 1287 1122 ac
1300 1096 1442 1130 suspiciat,
1456 1104 1517 1131 quae
1534 1097 1652 1132 aliquam
1669 1105 1739 1132 prae-

958 1141 1041 1168 bcant
1073 1142 1180 1176 pulchri
1203 1142 1333 1176 speciem.
1345 1143 1379 1168 At
1400 1150 1433 1170 ex
1463 1143 1532 1178 ipsa,
1555 1151 1616 1179 qua:
1640 1145 1667 1172 in
1697 1146 1740 1172 his

958 1185 1085 1213 omnibus
1098 1190 1247 1221 spectatur.
1260 1187 1463 1221 pulchritudine
1480 1188 1588 1216 animus
1602 1193 1697 1216 noster
1706 1190 1739 1216 ad

958 1231 1064 1266 pulchri
1089 1233 1162 1259 illius
1189 1232 1367 1266 cupiditatem
1389 1233 1506 1260 ducatur
1521 1238 1640 1269 oportet,
1662 1235 1740 1269 cujus

959 1278 1073 1312 gloriam
1090 1282 1117 1305 et
1131 1278 1194 1305 cmli
1220 1283 1246 1305 et
1264 1278 1463 1306 ﬁrmamentum
1480 1285 1620 1314 cnarrant,
1638 1283 1740 1309 omnis-

958 1330 1013 1357 que
1036 1327 1163 1350 creatura
1194 1323 1378 1358 cognitionem
1406 1324 1466 1358 ejus
1493 1327 1648 1353 annuntiat.
1676 1326 1742 1353 Cum

959 1369 1033 1396 enim
1055 1370 1164 1397 animus
1178 1370 1219 1396 sic
1242 1370 1409 1402 ascenderit,
1422 1374 1449 1397 et
1468 1372 1601 1406 quidquid
1619 1380 1741 1407 compre-

961 1415 1076 1442 hensum
1094 1415 1140 1446 sit,
1167 1415 1241 1441 velut
1262 1415 1377 1442 inferius
1403 1424 1436 1443 eo
1451 1417 1523 1451 quod
1547 1417 1662 1452 inquirit
1679 1419 1741 1446 reli-

961 1459 1063 1492 querit,
1078 1464 1135 1486 tum
1153 1459 1180 1486 in
1201 1459 1275 1488 illius
1296 1461 1459 1495 majestatis,
1475 1470 1536 1497 qua:
1554 1471 1637 1499 supra
1659 1466 1741 1493 cmlos

961 1512 990 1531 se
1001 1504 1109 1536 extulit,
1128 1506 1359 1540 contemplatione
1375 1509 1540 1536 versabitur.
1565 1509 1617 1537 Sed
1634 1518 1687 1545 qua
1706 1520 1736 1538 ra

961 1548 1035 1575 tione
1049 1550 1104 1579 lict.
1122 1553 1151 1575 ut
1171 1549 1217 1584 qui
1235 1557 1326 1577 rerum
1348 1551 1492 1579 humilium
1519 1554 1611 1581 studio
1627 1559 1742 1583 tenetur.

961 1602 1005 1621 res
1025 1594 1157 1622 sublimes
1184 1595 1346 1631 divinasque
1361 1601 1522 1632 assequatur
1534 1599 1545 1625 ’ἒ
1557 1607 1646 1634 quove
1665 1603 1742 1628 modo

961 1641 1035 1668 circa
1050 1641 1150 1668 cmlum
1162 1642 1316 1676 pervolaret
1328 1643 1362 1676 is,
1382 1644 1428 1678 qui
1449 1652 1504 1672 nou
1518 1645 1570 1673 alis
1586 1648 1742 1675 ccelestilius

962 1686 1099 1719 sublatus,
1116 1695 1206 1722 neque
1221 1688 1350 1715 sublimia
1370 1690 1447 1724 petit,
1468 1698 1558 1725 neque
1584 1700 1617 1719 ex
1635 1694 1746 1720 sublimi

961 1731 1078 1766 quodam
1097 1732 1223 1759 instituto
1243 1734 1365 1761 caelestia
1385 1737 1610 1771 contemplatur?
1626 1738 1693 1771 Quis
1709 1739 1747 1766 ita

962 1778 996 1805 ab
1018 1777 1155 1813 Evangelii
1184 1780 1322 1814 mysteriis
1347 1788 1460 1809 aversus
1486 1786 1539 1814 est,
1557 1784 1603 1818 qui
1641 1785 1748 1818 ignoret

963 1823 1030 1850 illud
1046 1831 1129 1851 unum
1143 1831 1205 1851 esse
1227 1825 1335 1852 itineris
1354 1827 1520 1861 vehiculum,
1536 1836 1591 1863 quo
1607 1829 1747 1857 hominum

963 1870 1072 1898 animus
1083 1870 1116 1897 ad
1128 1871 1213 1898 cados
1227 1871 1345 1904 vehitur,
1360 1880 1422 1898 cum
1434 1873 1497 1908 quis
1513 1875 1617 1902 scilicet
1627 1876 1747 1910 seipsum

963 1914 1044 1942 ellicit
1065 1916 1182 1943 similem
1202 1917 1334 1945 columba:
1348 1917 1513 1950 devolantis,
1535 1921 1615 1954 cujus
1638 1922 1747 1956 quidem

963 1961 1022 1989 alas
1036 1961 1087 1988 sibi
1106 1961 1175 1989 ellici
1195 1971 1321 1990 summus
1334 1963 1414 1990 etiam
1430 1965 1562 1999 propheta
1573 1965 1659 1994 David
1670 1968 1749 1994 valde

963 2007 1103 2041 expetivit.
1130 2007 1169 2033 lta
1187 2008 1260 2035 enim
1287 2009 1407 2043 Spiritus
1427 2011 1512 2038 sancti
1538 2012 1593 2039 vim
1620 2021 1680 2040 mos
1707 2017 1750 2040 est

964 2052 992 2079 in
1007 2053 1108 2080 divinis
1122 2053 1232 2081 Litteris
1250 2055 1421 2083 subobscure
1439 2058 1588 2092 appellari;
1610 2059 1667 2086 sive
1684 2067 1749 2094 quo-

965 2099 1037 2126 niam
1061 2099 1118 2126 avis
1142 2100 1200 2126 ha‘c
1222 2099 1283 2127 felle
1304 2106 1390 2133 caret,
1417 2103 1475 2130 sive
1491 2104 1554 2138 quia
1570 2109 1613 2131 est
1637 2105 1749 2132 inimica

129 2151 250 2187 γεγονὼς
263 2152 425 2188 ὑψηλότερος
437 2153 465 2178 ὲν
477 2151 516 2187 τῷ
527 2152 717 2187 προειρημένῳ
730 2151 831 2186 πτερῷ,
847 2153 909 2178 ἐκεῖ·

967 2145 1056 2176 l‘etori,
1077 2149 1106 2171 ut
1125 2145 1238 2172 tradunt
1262 2146 1305 2178 hi,
1323 2148 1368 2182 qui
1385 2148 1443 2176 haec
1459 2149 1516 2184 ipsa
1538 2150 1748 2186 investigarunt.

129 2207 174 2230 νος
192 2198 302 2233 εὑρήσει
317 2197 362 2223 τὸν
380 2197 460 2232 μόνον
480 2197 627 2232 ἐπιθυμίας
641 2197 725 2229 ἄξιον,
741 2198 788 2223 καὶ
800 2198 914 2232 γενήσε-

130 2252 174 2270 ται
186 2243 233 2270 καὶ
247 2242 327 2274 αὐτὸς
345 2243 436 2275 καλὸς,
451 2243 490 2278 τῷ
507 2243 582 2278 καλῷ
597 2242 789 2278 προσπελάσας
800 2251 808 2258 ·
825 2243 871 2269 καὶ
887 2245 915 2269 ὲν

130 2289 205 2324 αὐτῷ
221 2288 349 2323 γεγονὼς,
360 2289 485 2324 λαμπρός
496 2297 525 2315 τε
545 2289 592 2316 καὶ
604 2288 750 2324 φωτοειδὴς
765 2289 793 2315 ὲν
803 2289 835 2324 τῇ
850 2297 914 2323 μετ-

130 2335 208 2370 ουσίᾳ
223 2333 270 2361 τοῦ
283 2333 410 2370 ἀληθινοῦ
422 2334 510 2368 φωτὸς
522 2335 731 2369 καταστήσεται.
746 2334 850 2369 Ὥσπερ
862 2333 916 2369 γὰρ

131 2381 160 2407 ἐν
176 2381 254 2407 νυκτὶ
267 2381 317 2412 τὰς
331 2379 433 2414 ἀθρόας
447 2380 494 2406 τοῦ
509 2380 589 2416 ἀέρος
603 2379 767 2415 ὲκλὰμψεις,
779 2379 826 2411 οὖς
845 2388 917 2411 τινες

129 2426 287 2461 διᾴττοντας
304 2425 431 2452 καλοῦσιν
445 2424 580 2460 ἀστέρας,
604 2424 680 2451 οὐδὲν
702 2424 766 2451 ἄλλο
786 2425 867 2458 φασιν
891 2425 916 2451 οἱ

130 2470 217 2497 ταῦτα
229 2469 474 2504 φιλοσοφήσαντες,
489 2470 505 2504 ἢ
521 2469 590 2505 ἀέρα
607 2468 675 2496 εἶναι
693 2470 746 2496 ὑπὸ
761 2469 821 2504 βίας
834 2478 916 2495 πνευ-

132 2517 225 2551 μάτων
245 2515 326 2541 τινῶν
343 2517 383 2547 εὶς
396 2515 442 2542 τὸν
464 2515 582 2550 αἰθέριον
605 2515 686 2541 τόπον
707 2515 914 2551 ὑπερχεόμενον-

129 2562 239 2596 λέγουσι
254 2561 309 2596 γὰρ
323 2561 368 2587 τὸν
381 2561 508 2596 πυροειδῆ
524 2560 616 2587 τοῦτον
630 2560 717 2593 ὁλκὸν,
734 2560 918 2595 ὲκφλογωθέν-

130 2616 176 2638 τος
193 2608 223 2633 ὲν
239 2606 279 2641 τῷ
296 2606 384 2640 αἰθέρι
405 2606 452 2632 τοῦ
469 2606 622 2640 πνεύματος
633 2627 640 2638 ,
663 2606 702 2641 τῷ
716 2605 821 2641 οὐρανῷ
835 2607 916 2641 ἔγχα-

131 2651 300 2686 ράσσεπθαι·
330 2650 423 2686 ὥσπερ
445 2650 492 2677 οὖν
518 2653 532 2678 ὸ
555 2651 674 2685 ἐπίγειος
698 2647 775 2683 οὗτος
796 2652 849 2687 ἀὴρ
872 2652 917 2678 ἀν-

129 2696 229 2728 ωσθεὶς
238 2696 344 2731 ὐπὺζτῆς
355 2696 414 2731 βίας
422 2696 469 2722 τοῦ
483 2696 643 2731 πνεύματος,
651 2697 796 2733 φωτοειδὴς
805 2698 916 2731 γίνεται,

130 2742 170 2777 τῷ
185 2741 300 2777 καθαρῷ
312 2742 358 2768 τοῦ
376 2742 481 2778 αἰθέρος
494 2742 722 2777 ἐναλλοιούμενος·
739 2743 826 2779 ταύτῃ
843 2753 872 2770 τε
887 2744 918 2779 δὴ

132 2786 179 2813 καὶ
190 2787 205 2812 ὁ
217 2786 280 2818 νοῦς
292 2787 306 2813 ό
320 2786 497 2823 ἀνθρώπινος,
511 2787 665 2814 καταλιπὼν
677 2787 721 2815 τὸν
738 2787 795 2815 θολε
801 2789 844 2824 ρδν
856 2789 918 2815 τοῦ-

966 2190 991 2217 ls
1006 2190 1088 2226 igitur
1105 2191 1151 2225 qui
1172 2192 1206 2218 ab
1225 2193 1299 2218 omni
1319 2194 1480 2226 acerbitate,
1499 2200 1526 2222 et
1549 2197 1641 2224 carnis
1662 2197 1750 2225 fetore

967 2236 1045 2271 longe
1059 2236 1170 2271 refugit,
1183 2237 1265 2271 quive
1280 2245 1294 2263 a
1309 2238 1390 2265 rebus
1406 2238 1557 2268 humilibus
1581 2242 1751 2277 terrenisque

966 2283 1048 2310 altius
1070 2283 1173 2316 fertur;
1193 2284 1234 2311 vel
1254 2284 1287 2310 ah
1308 2285 1437 2313 omnibus
1453 2287 1545 2321 potius
1565 2289 1647 2316 rebus
1670 2297 1751 2316 mun-

949 2329 1045 2370 'danis
1068 2337 1098 2356 se
1121 2330 1174 2357 illis
1196 2330 1273 2364 ipsis,
1294 2339 1363 2365 quas
1380 2332 1509 2364 diximus,
1530 2334 1581 2362 alis
1607 2335 1751 2363 sublimius

967 2375 1046 2406 tollit,
1063 2375 1087 2402 is
1103 2376 1227 2410 profecto
1244 2377 1374 2409 inveniet,
1390 2378 1463 2412 quod
1479 2383 1523 2406 est
1539 2380 1627 2406 solum
1647 2382 1752 2416 appeti—

967 2421 1042 2447 tione
1065 2421 1188 2456 dignum,
1213 2429 1330 2456 cumque
1355 2423 1388 2449 ad
1408 2423 1638 2457 pulchritudinem
1665 2427 1751 2461 ipsam

967 2472 1053 2500 prope
1081 2468 1240 2499 accesserit,
1272 2468 1385 2501 pulcher
1407 2469 1491 2495 etiam
1521 2470 1580 2505 ipse
1605 2471 1749 2503 ellicietur,

968 2511 1185 2546 splendidusque
1201 2513 1227 2538 in
1253 2520 1296 2544 ea,
1314 2521 1346 2540 ac
1361 2514 1516 2542 luminosus
1537 2516 1625 2543 factus
1644 2516 1671 2543 in
1692 2518 1750 2544 veri

969 2556 1082 2584 luminis
1099 2558 1231 2585 societate
1245 2559 1439 2586 constituetur.
1463 2560 1498 2588 Ut
1512 2561 1585 2588 enim
1601 2567 1679 2588 nocte
1695 2562 1750 2589 irc-

969 2607 1084 2638 quentes
1099 2604 1161 2630 cudi
1182 2604 1269 2638 ignes.
1295 2612 1364 2638 quos
1380 2607 1512 2634 micantes
1535 2607 1627 2634 stellas
1641 2612 1750 2641 vocant,

970 2651 1037 2677 nihil
1054 2651 1128 2677 aliud
1149 2658 1210 2678 esse
1231 2651 1326 2677 dicunt
1342 2651 1380 2682 hi,
1395 2652 1442 2686 qui
1465 2652 1492 2678 in
1510 2652 1562 2679 hoc
1582 2653 1673 2680 studio
1693 2661 1751 2680 ver-

970 2695 1022 2722 sati
1045 2700 1119 2727 sunt,
1136 2703 1217 2730 quam
1238 2703 1327 2722 aerem
1347 2697 1394 2730 qui
1409 2697 1554 2732 spirituum
1567 2697 1750 2732 quorumdam

970 2741 996 2767 vi
1018 2741 1044 2767 in
1061 2740 1208 2768 acthcreum
1223 2740 1418 2775 caelestemque
1433 2742 1508 2768 illum
1528 2744 1564 2769 sit
1578 2744 1667 2770 locum
1681 2744 1752 2769 ell'u-

981 2793 1028 2813 sus
1044 2795 1050 2813 :
1066 2786 1160 2818 dicunt
1183 2786 1255 2813 enim
1281 2784 1449 2814 inﬂammato
1473 2788 1501 2815 in
1519 2789 1619 2817 adhere
1644 2788 1752 2822 spiritu,
