1912 3080
809 89 837 116 S.
857 87 1023 116 GREGORII
1054 86 1201 115 NYSSENI

1750 87 1801 113 Ριξξι

172 150 283 183 igneum
300 147 372 173 hunc
390 149 506 173 tracttnu
527 145 597 172 curio
617 146 751 179 imprimi:
771 150 799 172 ut
817 146 900 180 igitur
914 151 962 171 aer

1029 152 1057 170 ον
1072 144 1118 170 xui.
1135 143 1230 178 ἰλυώδη
1249 143 1317 178 βίον,
1339 142 1449 169 ἐπειδᾶν
1463 141 1584 177 καθαρὺς
1607 141 1754 176 γενόμενος
1775 141 1802 166 ἐν

173 194 229 223 hic;
247 192 294 227 qui
308 199 417 218 otnnctn
435 195 535 218 terram
555 191 758 225 complectitur,
776 192 800 217 vi
824 190 960 225 spirituali

173 241 200 266 in
218 239 335 267 sublime
351 238 458 272 pulsus,
476 245 537 264 cum
552 237 719 272 aetherisque
735 245 803 272 puro
816 237 962 271 splendore

173 287 378 314 commutatus,
408 282 562 309 luminosus
593 282 700 309 exsistit
730 283 795 308 :ita
820 282 961 308 hominum

175 339 263 361 tuens,
281 338 343 358 cum
363 329 547 355 turbulentant:
567 328 637 354 hanc
657 329 752 358 \itam,
776 335 808 354 ac
821 334 961 354 ccenosam

174 378 307 407 deseruit.
327 375 458 410 quoniam
476 375 590 409 spiritus
604 375 628 400 vi
642 374 699 407 jam
717 381 785 408 pura
800 373 895 400 effecta
908 377 962 403 est,

174 432 237 451 cum
257 422 367 450 sublimi
384 422 432 448 illo
450 428 569 454 veroque
583 424 610 447 et
632 428 700 454 puro
724 419 869 454 splendore
888 426 964 445 coni-

175 469 269 500 tnista,
291 468 317 494 in
334 467 380 494 illo
395 466 598 501 quodammodo
618 466 748 500 perlucet,
766 465 964 499 radiorumque

175 514 366 543 cornscatione
396 513 506 547 impleta
533 515 587 543 est,
616 516 699 546 atque
723 520 756 538 ex
773 511 880 538 Domini
901 519 964 546 pro-

177 561 261 587 titisso
288 559 378 585 lumen
408 557 612 592 quodaminodo
639 557 756 583 eflicitur
777 556 965 591 :promiserat

175 606 248 633 enitn
270 606 292 632 is
308 604 401 639 justos
417 604 489 630 viros
507 600 628 635 adisolis
645 603 852 630 similitudinem
878 602 964 629 reful-

177 656 271 686 gentes
292 650 359 677 fore.
376 650 464 684 Atque
482 648 508 676 id
521 649 611 684 ipsum
626 648 737 683 quidem
762 648 789 675 in
804 648 887 675 terris
902 648 961 674 ficri

178 698 312 728 videmus,
328 696 371 723 vel
392 697 420 723 in
434 696 556 731 speculo,
571 695 614 722 vel
636 695 665 723 in
680 702 764 730 aqua,
781 695 822 722 vel
844 695 871 722 in
887 699 966 722 caete-

178 743 217 770 ris
231 743 322 773 rebus.
336 749 397 777 quae
415 749 469 776 prae
481 743 614 768 tenuitate
626 741 768 777 relucendj
783 741 837 767 vim
853 741 964 767 habent.

178 789 246 816 Cum
258 789 330 816 enim
346 770 392 815 res
408 770 499 822 aliqua
513 787 650 821 ejusmodi
663 770 761 814 radio!
769 787 835 813 solis
851 786 964 821 excipit,

179 835 248 862 alios
264 842 360 861 rursus
374 834 401 860 in
420 841 449 860 se
463 832 558 860 radios
577 833 636 866 ipsa
655 832 739 859 efﬁcit
755 841 761 858 ε
776 832 849 867 quod
871 833 966 866 titique

179 888 233 907 non
257 880 357 906 factum
379 883 464 909 esset,
485 878 508 906 si
525 885 593 912 pura
615 878 689 905 illius
708 879 747 905 rei
770 878 967 913 splendidaque

178 925 338 960 superficies
358 924 486 952 sordibus
507 923 673 959 quibusdam
700 930 774 952 esset
795 925 901 952 inutilis
925 926 966 952 fa-

178 977 231 998 eta.
250 971 320 1006 Ergo
333 978 384 998 nos
397 971 455 998 sive
472 968 590 998 terrenis
608 970 713 998 relictis
734 971 915 998 his'tcnebris
939 972 966 999 in

179 1018 288 1045 sublimi
314 1024 465 1047 versemur,
489 1016 526 1042 ibi
548 1015 605 1050 jam
627 1015 708 1042 lucidi
731 1015 878 1043 efliciemur
894 1024 964 1044 verte

180 1063 282 1090 Christi
314 1062 367 1089 luci
394 1060 658 1096 appropinquantes;
685 1069 731 1088 seu
757 1062 802 1088 lux
823 1062 867 1088 illa
892 1070 966 1096 vera,

1012 191 1045 224 τῇ
1060 189 1175 224 δυνάμει
1197 189 1244 216 τοῦ
1264 189 1421 224 πνεύματος
1433 209 1440 220 ,
1454 188 1602 222 φωτοειδὴς
1619 188 1735 222 γένηται
1757 187 1803 212 καὶ

1013 236 1160 271 ἐμμιχθείη
1171 237 1204 271 τῇ
1218 236 1331 271 ἀληθινῇ
1346 236 1393 261 καὶ
1408 235 1496 269 ὑψηλῇ
1510 234 1687 268 καθαρότητι,
1699 233 1803 266 διαφαί‹

1013 281 1087 308 νεταί
1104 290 1162 313 πως
1181 282 1226 308 καὶ
1248 281 1328 312 αὐτὸς
1346 282 1374 306 ἐν
1394 281 1504 315 ἐκείνῃ,
1520 280 1568 306 καὶ
1583 278 1701 305 ἀκτίνων
1723 276 1804 312 ἐμπί-

1014 328 1123 360 πλαται,
1138 329 1183 353 καὶ
1195 328 1253 362 φῶς
1268 327 1390 361 γίνεται,
1405 326 1476 353 κατὰ
1496 325 1546 361 τὴν
1557 324 1603 351 τοῦ
1618 324 1722 358 Κυρίου
1739 323 1805 349 ὑπό.

1015 382 1116 409 σχίσιν,
1146 374 1174 404 ὃς
1199 374 1260 404 τοὺς
1285 372 1405 404 δικαίους
1423 372 1540 406 λάμψειν
1568 370 1630 397 καθ’
1656 370 1805 404 ὁμοιότητα

1013 420 1060 446 τοῦ
1091 419 1167 454 ἡλίου
1201 418 1447 453 κατεπηγγείλατο.
1479 417 1565 443 Τοῦτο
1598 416 1645 442 καὶ
1683 415 1730 441 ἐπὶ
1755 414 1805 448 τῆς

1014 466 1065 500 γῆς
1084 465 1190 500 ὁρῶμεν
1208 465 1349 499 γινόμενον
1369 464 1415 490 ἐπὶ
1429 463 1594 498 κατόπτρου,
1615 461 1632 496 ἦ
1651 461 1764 491 ὓδατος.
1788 459 1805 494 ἢ

1015 512 1095 539 ἄλλου
1118 512 1189 542 τινος
1214 511 1268 537 τὼν
1288 510 1460 538 ὰποστῧιϐειν
1475 509 1518 536 διὰ
1542 509 1670 543 λειότητα
1690 507 1807 542 δυναμέη

1015 566 1078 584 νων.
1107 558 1192 583 Ὅταν
1216 557 1270 593 γὰρ
1287 566 1313 583 τι
1337 557 1440 583 τούτων
1463 556 1572 591 δέξηται
1594 554 1642 590 τὴν
1659 553 1707 580 τοῦ
1731 553 1807 587 ἡλίου

1015 605 1128 636 ἀκτῖνα,
1156 604 1203 630 καὶ
1225 604 1308 638 ἄλλην
1333 603 1379 637 ἀφ’
1403 602 1507 629 ἑαυτῶν
1526 602 1621 627 ἀκτῖνα
1655 598 1809 626 ποιεί·οὺκ

1016 650 1053 677 ἂν
1066 650 1236 684 ποιήσαντα,
1265 650 1289 675 εί
1313 648 1391 684 ῥύπῳ
1415 648 1468 673 τινὶ
1496 647 1528 673 τὸ
1559 646 1677 681 καθαρόν
1701 653 1731 671 τε
1761 645 1809 671 καὶ

1017 695 1142 722 στιλπνὸν
1157 695 1208 730 τῆς
1221 694 1382 730 ἐπιφανείας
1396 692 1571 728 ἀχρειωθείη.
1590 692 1651 719 Εῖτε
1665 689 1711 718 οὖν
1728 691 1810 726 ἡμεῖς

1016 743 1072 770 ἄνω
1097 741 1251 777 γενοίμεθα,
1273 740 1466 771 καταλιπόντες
1487 739 1518 765 το
1541 738 1680 774 περίγειον
1700 737 1812 769 σκότος,

1017 789 1076 815 ἐκεῖ
1094 787 1247 822 φωτοειδεῖς
1269 785 1440 821 γενησόμεθα
1452 805 1459 816 ,
1484 785 1523 820 τῷ
1539 783 1658 820 ἀληθινῷ
1675 783 1747 818 φωτὶ
1762 781 1811 808 τοῦ

982 822 1002 850 Β
1017 834 1136 869 Χριστοῦ
1158 833 1376 868 ἐμπελάσαντες·
1391 833 1446 858 εἴτε
1461 831 1492 858 τὸ
1511 831 1569 866 φῶς
1583 830 1613 857 τὺ
1636 829 1766 864 ἀληθινὸν
1781 828 1813 855 τὸ

1016 881 1062 907 καὶ
1076 881 1106 906 ὲν
1119 881 1152 915 τῇ
1168 879 1263 915 σκοτίᾳ
1279 879 1388 914 λάμπον
1400 879 1446 906 καὶ
1460 878 1556 913 μέχρις
1567 877 1646 913 ἡμῶν
1659 875 1811 910 καταϐαίη,

1015 927 1062 954 καὶ
1080 927 1161 962 ἡμεῖς
1177 925 1235 959 φῶς
1244 925 1378 960 ἐσόμεθα,
1395 924 1485 955 καθώς
1500 923 1566 958 φησι
1582 931 1633 949 που
1647 923 1704 953 τοῖς
1721 921 1811 956 μαθη-

1016 973 1076 1003 ταῖς
1091 972 1105 998 6
1123 971 1240 1006 Κύριοςο
1265 966 1301 998 Εἴ
1316 971 1353 1006 μή
1376 979 1419 1002 τις
1434 969 1532 1001 κακίας
1548 969 1632 1005 ῥύπος
1653 969 1687 1003 τῇ
1711 966 1814 1002 καρδία

1017 1016 1278 1052 προσπεπλασμένος
1309 1016 1359 1052 τὴν
1385 1016 1464 1051 χάριν
1489 1014 1536 1041 τοῦ
1561 1013 1694 1050 ἡμετέρου
1722 1012 1814 1047 φωτὸς

1021 1062 1206 1098 ἁμαυρώσειε.

181 1118 240 1145 qua:
253 1109 294 1136 vel
309 1109 336 1136 in
351 1107 472 1135 tenebris
494 1107 577 1139 lucet,
592 1107 624 1133 ad
643 1114 694 1134 nos
713 1106 871 1137 descendat.
889 1109 970 1135 etiam
991 1116 1040 1136 nos
1055 1108 1099 1136 lux
1114 1107 1275 1140 eritnns,'ut
1290 1107 1422 1134 Dominus
1451 1105 1568 1141 quodam
1590 1105 1650 1132 loco
1669 1103 1816 1139 discipulis

182 1157 218 1183 ait
238 1156 277 1182 ":
297 1154 349 1182 nisi
371 1153 534 1189 quibusdam
558 1153 669 1180 malitia:
693 1153 911 1188 impuritatisque
929 1154 1056 1182 sordibus
1076 1154 1188 1190 propius
1215 1154 1291 1181 cordi
1314 1153 1442 1185 admotis,
1467 1152 1579 1180 luminis
1600 1151 1687 1179 nostri
1709 1153 1816 1178 obscu-

183 1202 285 1230 rabiiur
295 1201 393 1236 gratia.

217 1249 308 1281 Atque
334 1246 451 1273 fortasse
479 1245 590 1280 quidem
613 1251 671 1272 (nec
696 1253 757 1279 qua:
786 1253 814 1272 tn
840 1247 973 1281 exemplis

183 1293 311 1321 consistit
325 1292 414 1318 oratio
424 1290 528 1317 sensim
544 1297 578 1317 eo
594 1297 645 1318 nos
661 1290 786 1322 adduxit,
800 1296 829 1317 nt
846 1297 974 1326 putemus

185 1348 235 1366 nos
251 1338 278 1365 in
299 1337 325 1364 id
349 1340 548 1364 commutatum
571 1335 615 1368 iri,
636 1335 709 1370 quod
730 1337 828 1364 melius
843 1343 885 1364 est
902 1347 909 1365 :
925 1337 975 1366 de-

187 1388 428 1417 monstratumqne
446 1386 499 1414 est,
518 1388 573 1408 non
588 1381 669 1409 aliter
685 1382 743 1409 fleri
762 1390 851 1416 posse.
867 1387 897 1410 ut
915 1383 974 1410 ani-

186 1438 247 1457 mus
262 1437 325 1456 cum
339 1427 483 1455 immortali
501 1427 715 1462 incorruptoque
732 1427 786 1455 Deo
796 1428 912 1462 junctus
926 1429 973 1459 sit,

188 1475 240 1503 nisi
255 1475 323 1509 ipse,
346 1477 480 1508 quantum
498 1473 556 1500 fieri
572 1477 674 1508 potest,
692 1473 871 1508 integritatis,
895 1475 976 1501 casti-

187 1521 308 1555 tatisque
324 1519 451 1555 prtesidio
467 1526 566 1554 purus,
583 1522 666 1553 atque
680 1519 859 1553 incorruptus
876 1520 932 1550 fiat,
948 1525 978 1547 nt

189 1567 240 1594 hac
255 1565 436 1593 similitudine
450 1564 488 1596 id,
503 1565 577 1600 quod
600 1565 690 1592 simile
706 1569 760 1597 est,
775 1566 977 1600 apprehendat;

188 1617 318 1647 tanquam
339 1612 433 1646 aliquo
459 1611 572 1646 speculo
596 1611 721 1638 adhibito
741 1611 787 1639 Dei
810 1613 921 1646 puritati
948 1621 978 1640 se

189 1659 248 1693 ipse
267 1658 432 1692 subjiciens,
451 1664 513 1692 quae
537 1657 750 1692 pulchritudinis
774 1658 862 1692 ipsius
886 1667 979 1685 exent-

191 1705 259 1739 plari
286 1704 338 1731 sibi
364 1706 565 1734 demonstrato,
592 1704 626 1730 ad
657 1704 730 1731 illius
757 1705 978 1737 similitudinem,

191 1751 307 1778 formam
327 1757 405 1777 suam
423 1750 570 1784 exprimat.
592 1749 640 1776 Sin
659 1756 750 1778 autem
764 1751 900 1787 quispiam
917 1752 980 1779 talis

189 1801 242 1828 est,
261 1797 307 1831 qui
334 1797 441 1823 noverit
458 1796 515 1823 haec
541 1797 659 1823 humana
681 1796 822 1830 deserere,
848 1803 895 1825 aut
916 1807 980 1826 cor-

190 1851 269 1878 pora,
292 1847 341 1870 aut
364 1843 506 1878 pecunias,
534 1847 582 1869 aut
607 1843 800 1876 scientiarum.
825 1847 981 1881 artiumque

190 1889 293 1921 studia,
319 1894 366 1916 aut
381 1896 552 1924 quaecunque
576 1889 700 1917 moribus
722 1890 885 1926 legibusque
909 1900 980 1927 prie-

191 1935 266 1962 clara
296 1939 439 1970 putantur,
467 1933 597 1969 quoniam
628 1935 654 1962 in
681 1935 724 1962 his
746 1936 839 1967 rebus,
863 1945 981 1972 quarum

192 1989 290 2009 sensus
309 1981 391 2016 judex
413 1984 465 2014 est,
481 1981 516 2008 de
536 1981 654 2009 honesto
669 1983 808 2018 opinionis
829 1991 907 2010 error
921 1992 983 2011 ver-

192 2031 288 2060 satur;
306 2027 351 2054 hic
367 2027 491 2061 profecto
514 2032 541 2054 et
557 2035 662 2060 amore,
682 2033 710 2056 et
727 2030 877 2064 cupiditate
897 2030 930 2057 ad
954 2031 983 2058 il-

194 2073 242 2100 lud
257 2073 345 2108 ipsum
361 2073 450 2101 solum
471 2073 627 2105 honestum,
645 2075 824 2110 pulchrumve
847 2076 981 2110 trahetur,

1056 1247 1133 1282 Τάχα
1145 1246 1236 1273 τοίνυν
1255 1246 1330 1281 ἡμᾶς
1346 1245 1439 1281 ἡρέμα
1459 1244 1502 1271 διὰ
1526 1243 1581 1270 τῶν
1607 1243 1818 1278 ὑποδειγμάτων

1021 1294 1036 1320 ὁ
1054 1292 1133 1327 λόγος
1150 1293 1309 1328 προσήγαγε
1329 1292 1362 1326 τῇ
1377 1290 1484 1326 ἐπινοίᾳ
1496 1290 1546 1325 τῆς
1560 1289 1629 1325 πρὸς
1645 1289 1676 1315 τὸ
1691 1290 1821 1324 κρεῖττον

1022 1340 1100 1375 ἡμῶν
1119 1339 1305 1370 ἀλλοιώσεως·
1321 1338 1368 1364 καὶ
1396 1336 1504 1372 ἐδείχθη
1530 1336 1568 1372 μὴ
1583 1335 1695 1362 δυνατὸν
1717 1335 1818 1370 ἑτέρως

1022 1383 1092 1413 εἶναι
1110 1385 1279 1420 συναφθῆναι
1300 1383 1349 1419 τὴν
1369 1383 1460 1418 ψυχὴν
1479 1382 1518 1417 τῷ
1535 1381 1668 1416 ἀφθάρτῳ
1682 1380 1760 1416 Θεῷ,
1782 1380 1819 1415 μὴ

1026 1432 1074 1458 καὶ
1098 1431 1183 1466 αὐτὴν
1204 1431 1242 1462 ὡς
1262 1427 1319 1456 οἷόν
1338 1437 1367 1456 τε
1386 1429 1511 1464 καθαρὰν
1535 1427 1685 1462 γενομένην
1708 1427 1755 1454 διὰ
1770 1426 1819 1462 τῆς

1004 1477 1013 1488 ¹
1028 1477 1192 1513 ἀφθαρσίας⁸
1205 1477 1243 1508 ὡς
1254 1476 1287 1503 ἂν
1298 1476 1342 1502 διὰ
1354 1475 1400 1502 τοῦ
1410 1475 1503 1510 ὁμοίου
1525 1474 1666 1511 καταλάϐῃ
1675 1474 1706 1500 τὸ
1716 1474 1820 1509 ὅμοιον,

1028 1525 1110 1551 οἱονεὶ
1123 1524 1273 1558 κάτοπτρον
1284 1524 1317 1558 τῇ
1333 1522 1497 1557 καθαρότητι
1508 1521 1556 1548 τοῦ
1567 1521 1634 1548 Θεοῦ
1647 1521 1747 1556 ἑαυτὴν
1758 1521 1820 1547 ὑπο-

1029 1569 1133 1597 θεῖσαν·
1150 1569 1220 1596 ὥστε
1241 1569 1312 1596 κατὰ
1325 1569 1441 1604 μετοχὴν
1457 1568 1503 1594 καὶ
1516 1567 1666 1602 ἐμφάνειαν
1685 1567 1734 1593 τοῦ
1746 1575 1821 1602 πρω-

1029 1617 1147 1643 τοτύπου
1164 1615 1278 1646 κάλλους
1293 1615 1340 1641 καὶ
1359 1614 1389 1640 τὸ
1402 1615 1430 1640 ὲν
1450 1614 1519 1649 αὐτῇ
1539 1613 1724 1649 μορφωθῆναι.
1740 1613 1773 1640 Et
1792 1612 1821 1639 δέ

1029 1671 1072 1693 τις
1082 1661 1204 1692 τοιοῦτός
1222 1662 1308 1691 ἐστιν,
1318 1657 1374 1703 οἶος
1387 1659 1436 1695 ἤδη
1454 1659 1543 1686 πάντα
1556 1659 1714 1686 καταλιπεῖν
1727 1658 1761 1685 τὰ
1773 1658 1822 1685 ἁνο

1031 1706 1172 1742 θρὼπινα,
1196 1706 1251 1732 εἴτε
1267 1705 1397 1740 σώματα,
1416 1704 1471 1730 εἴτε
1490 1704 1620 1739 χρήματα
1632 1723 1640 1736 ,
1657 1703 1713 1729 εῑτε
1737 1703 1771 1730 τὰ
1793 1703 1823 1729 ἐν

1031 1752 1195 1788 ἐπιστήμαις
1211 1751 1227 1786 ἢ
1251 1751 1357 1786 τέχναις
1373 1749 1578 1785 ἐπιτηδεύματα
1590 1769 1598 1781 ,
1613 1748 1631 1785 ἢ
1652 1749 1700 1776 καὶ
1718 1749 1770 1776 ὅσα
1793 1749 1822 1775 ἐν

1031 1798 1104 1825 ἔθεσι
1119 1798 1166 1824 καὶ
1185 1798 1278 1833 νόμοις
1297 1796 1371 1829 δεξιὰ
1391 1796 1534 1832 θεωρεῖται
1557 1796 1634 1832 (περὶ
1653 1795 1689 1822 τὰ
1710 1795 1824 1822 τοιαῦτα

1031 1846 1086 1882 γὰρ
1099 1847 1116 1881 ὴ
1135 1845 1224 1881 πλάνη
1246 1845 1295 1880 τῆς
1307 1844 1355 1872 τοῦ
1372 1844 1456 1871 καλοῦ
1476 1845 1680 1879 κατανοήσεως,
1701 1843 1732 1870 ὲν
1749 1841 1790 1874 οἷς
1805 1843 1823 1878 ή

1032 1892 1158 1927 αἴσθησις
1174 1891 1316 1927 κριτήριον
1336 1891 1463 1925 γίνεται),
1479 1891 1494 1917 ὁ
1510 1889 1630 1921 τοιοῦτος
1644 1889 1714 1925 πρὸς
1734 1889 1825 1916 ἐκεῖνο

1034 1939 1113 1974 μόνον
1128 1937 1266 1973 ἐρωτικῶς
1279 1945 1309 1964 τε
1321 1936 1368 1963 καὶ
1380 1936 1586 1971 ἐπιθυμητικῶς
1602 1936 1668 1968 ἕξει,
1683 1935 1697 1962 ὃ
1708 1935 1759 1971 οὺχ
1769 1935 1824 1962 ἐτέ-

1034 1984 1121 2020 ρωθεν
1136 1983 1193 2019 ἔχει
1203 1983 1233 2010 τὸ
1243 1983 1324 2010 καλὸν
1335 1980 1415 2014 εἶναι,
1431 1983 1492 2009 οὐδὲ
1507 1983 1581 2013 ποτὲ,
1595 1982 1611 2017 ἢ
1625 1982 1693 2017 πρός
1703 1991 1731 2008 τι
1741 1981 1824 2009 τοιοῦ-

1032 2029 1078 2055 τόν
1095 2029 1167 2054 ἔστιν
1177 2036 1183 2042 ⁸
1201 2027 1270 2054 ἀλλὰ
1289 2027 1319 2060 ἐξ
1331 2027 1428 2054 ἑαυτοῦ
1442 2027 1489 2053 καὶ
1504 2027 1537 2053 δι’
1552 2027 1649 2054 ἑαυτοῦ
1668 2027 1762 2059 καλὸν,
1778 2027 1826 2054 καὶ

1033 2075 1063 2100 ὲν
1084 2073 1173 2109 ἐαυτῷ
1195 2073 1315 2100 τοιοῦτον
1339 2073 1420 2099 καλὸν
1443 2072 1484 2104 ὃν.
1503 2073 1550 2099 καὶ
1572 2072 1633 2100 οὐδὲ
1656 2073 1723 2099 ποτὲ
1744 2073 1826 2099 καλὸν

193 2120 265 2155 quod
299 2128 353 2146 non
383 2120 494 2147 aliunde
519 2120 654 2147 exsistere
685 2126 783 2156 potest,
816 2131 906 2157 neque
935 2123 970 2150 ali

1033 2121 1187 2155 γενόμενον,
1203 2119 1220 2154 ἢ
1233 2119 1296 2146 ποτὲ
1309 2120 1359 2145 οὐκ
1371 2119 1511 2153 ἐσόμενον.
1526 2118 1594 2145 ἀλλὰ
1607 2119 1722 2146 πάντοτε
1737 2119 1825 2146 ὡσαύ-

194 2166 315 2201 qnando,
330 2174 419 2200 neque
442 2166 476 2193 ad
502 2166 604 2202 aliquid
626 2167 761 2202 ejusmodi
780 2169 909 2200 refertur,
933 2169 980 2196 sed

194 2212 267 2248 quod
285 2220 316 2239 ex
339 2219 381 2242 se.
399 2217 426 2238 et
441 2219 488 2246 per
504 2220 544 2245 se,
561 2217 588 2240 ct
604 2214 630 2240 in
651 2221 682 2241 se
698 2215 841 2241 honestum
856 2219 908 2247 est,
929 2215 981 2242 hoc

195 2266 262 2286 sane
282 2262 326 2285 est
344 2265 452 2293 semper
475 2258 631 2292 honestum,
655 2268 742 2295 neque
759 2261 905 2295 aliquando
927 2270 981 2288 non

197 2304 259 2334 fuit.
274 2308 321 2330 aut
337 2303 486 2338 aliquando
510 2312 565 2331 non
581 2304 714 2337 futurum,
741 2305 788 2333 sed
805 2311 935 2341 perpetuo
953 2315 983 2335 se

197 2358 253 2376 uno
269 2349 420 2382 eodemque
437 2349 519 2376 modo
535 2349 627 2379 habet.
644 2358 733 2385 neque
749 2353 863 2379 omnino
878 2353 983 2385 augeri,

197 2398 286 2425 neque
305 2391 480 2425 amplificari,
496 2399 583 2426 neque
599 2392 653 2418 ulla
670 2393 868 2427 permutatione
884 2394 983 2421 mutari

198 2439 298 2472 potest.
316 2436 398 2470 Atqui
414 2440 529 2463 cunctas
541 2437 623 2475 animi
641 2438 682 2464 sui
701 2442 849 2472 potestates
861 2440 985 2467 omniunt

198 2482 326 2509 vitiorum
348 2481 477 2508 sordibus
497 2483 544 2517 qui
561 2483 733 2515 absterserit,
752 2484 816 2511 illud
840 2486 928 2513 ausim
943 2486 986 2512 di-

187 2535 270 2572 ιαιϊε,
283 2527 512 2562 alitrmaremque,
529 2529 704 2563 perspicuum
720 2530 744 2556 ei
761 2530 873 2557 omnino
883 2538 944 2558 eSse
960 2531 986 2558 id

189 2573 271 2607 {quod
287 2577 384 2599 natura
403 2576 446 2599 est
463 2573 552 2599 solum
571 2575 725 2606 honestum,
754 2583 768 2602 a
784 2582 839 2610 quo
857 2584 919 2603 eum
937 2577 987 2603 ho-

200 2619 269 2646 ncsli
293 2617 394 2648 omnis,
423 2621 480 2644 tum
508 2619 571 2646 boni
598 2621 774 2655 principium,
803 2626 885 2656 atque
904 2629 988 2648 causa

199 2664 328 2691 exsistit:
344 2669 374 2689 nt
399 2663 472 2690 enim
497 2664 605 2695 oculus,
624 2666 669 2699 qui
694 2666 868 2700 lippitudinis
892 2668 988 2694 morbo

192 2703 332 2736 'iiberatus
345 2714 398 2741 est,
415 2715 507 2743 aperte
522 2719 553 2738 ea
578 2712 676 2744 cernit,
692 2721 752 2747 quae
771 2713 797 2740 in
821 2714 892 2740 nmio
905 2722 989 2737 -ιιιιιιι-

238 2809 260 2826 “
271 2810 364 2839 Manli.
380 2821 404 2844 v,
424 2813 466 2842 t4.

1034 2174 1088 2196 τως
1101 2165 1173 2200 ἔχον,
1187 2164 1345 2200 προσθήκης
1359 2172 1388 2190 τε
1403 2164 1450 2190 καὶ
1465 2163 1604 2199 αὐξήσεως
1619 2163 1763 2199 ὑπεράνω,
1780 2165 1827 2191 καὶ

1035 2211 1209 2238 ἀνεπίδεκτον
1228 2212 1319 2245 πάσης
1335 2210 1440 2245 τροπῆς
1455 2218 1486 2236 τε
1509 2211 1556 2237 καὶ
1575 2210 1756 2243 ἀλλοιώσεως.
1782 2210 1826 2246 Τῷ

1035 2257 1123 2284 τοίνυν
1135 2258 1225 2289 πάσας
1239 2256 1335 2283 ἑαυτοῦ
1347 2256 1395 2288 τὰς
1407 2256 1457 2291 τῆς
1471 2256 1560 2291 ψυχῆς
1575 2256 1707 2292 δυνάμεις
1717 2257 1751 2282 ὲκ
1763 2265 1826 2283 mv-

1036 2303 1082 2335 τὸς
1094 2303 1180 2334 εἴδους
1191 2302 1289 2334 κακίας
1299 2301 1515 2336 ἀποκαθάραντι,
1525 2301 1617 2337 τολμῶ
1631 2303 1678 2328 καὶ
1690 2302 1773 2336 λέγω,
1786 2303 1826 2330 ὅτι

1038 2349 1159 2384 ἐμφανὲς
1173 2350 1278 2383 γίνεται
1291 2347 1322 2374 τὸ
1337 2347 1415 2383 μόνον
1429 2349 1462 2383 τῇ
1478 2347 1557 2382 φύσει
1574 2348 1666 2380 καλὸν,
1684 2348 1753 2385 ὅπερ
1770 2350 1828 2376 ἐστὶ

1038 2395 1069 2421 τὸ
1085 2395 1185 2426 παντὸς
1201 2394 1284 2420 καλοῦ
1297 2402 1327 2419 τε
1342 2394 1389 2420 καὶ
1401 2393 1503 2426 ἀγαθοῦ
1516 2393 1612 2420 αἴτιον.
1625 2394 1761 2430 Καθάπερ
1775 2395 1828 2430 γὰρ

1039 2440 1169 2476 ὀφθαλμῷ
1178 2441 1227 2476 τὴν
1242 2441 1333 2476 λήμην
1349 2441 1552 2477 απορυψαμένῳ
1573 2440 1608 2467 τὰ
1627 2441 1656 2467 ἐν
1668 2440 1706 2475 τῷ
1723 2442 1828 2477 οὐρανῷ

1040 2485 1183 2521 τηλαυγῶς
1204 2485 1371 2521 καθορᾶται·
1396 2485 1480 2517 οὕτως
1504 2486 1550 2511 καὶ
1570 2486 1604 2520 τῇ
1625 2485 1696 2521 ψυχῇ
1716 2485 1761 2512 διὰ
1782 2487 1828 2521 τῆς

1041 2531 1195 2566 ἀυθαρσίας
1215 2531 1396 2567 παραγίνεται
1420 2531 1437 2566 ἡ
1462 2530 1576 2565 δύναμις
1598 2530 1648 2565 τῆς
1672 2530 1719 2557 τοῦ
1743 2531 1828 2565 φωτὸς

1042 2578 1144 2604 ἐκείνου
1159 2578 1348 2613 κατανοήσεως
1358 2598 1365 2609 ,
1385 2578 1432 2604 καὶ
1444 2578 1461 2612 ἡ
1477 2577 1592 2613 ἀληθινὴ
1615 2577 1749 2612 παρθενία
1759 2599 1767 2610 ,
1785 2578 1829 2604 καὶ

1042 2626 1059 2658 ἡ
1075 2625 1139 2660 περὶ
1154 2625 1202 2659 τὴν
1222 2624 1377 2660 ἀφθαρσίαν
1394 2624 1494 2659 σπουδὴ
1508 2625 1547 2655 εἰς
1563 2623 1658 2650 τοῦτον
1672 2624 1717 2651 τὸν
1731 2625 1828 2650 σκοπὸν

1043 2671 1210 2705 καταλήγει,
1226 2670 1256 2697 τὸ
1276 2670 1309 2696 δι’
1334 2670 1417 2705 αὐτῆς
1435 2670 1581 2705 δυνηθῆναι
1601 2670 1647 2696 τὸν
1669 2670 1736 2696 Θεὸν
1757 2671 1828 2697 [δεῖν.

1044 2715 1102 2731 ”“··
1117 2716 1164 2746 γ²”’
1182 2715 1212 2735 ’λ
1228 2715 1330 2742 νυοίωῖ
1345 2715 1392 2742 καὶ
1407 2715 1521 2745 ποώτως
1538 2716 1585 2742 καὶ
1603 2716 1690 2747 μόνον
1706 2715 1789 2741 γσῖἁν
1803 2723 1828 2741 τε
