1912 3080
125 122 176 149 569

815 128 859 157 DE
878 129 1110 158 VIRGINITATE.

1707 135 1758 160 ἶτιι

125 181 169 228 καὶ
182 181 286 228 ἀγαθόν
301 183 350 210 καὶ
361 184 481 221 καθαρὸν
493 186 510 226 δε
518 186 573 213 τῶν
582 187 654 214 ὅλων
668 188 726 214 ἐστὶ
738 188 814 221 Θεὸς,
828 189 912 221 οὐδεὶς

969 195 1031 217 rent
1047 200 1053 217 :
1072 191 1112 217 sic
1127 190 1219 217 animo
1240 198 1273 218 ex
1291 198 1360 226 pura
1387 191 1554 228 integritate.
1578 191 1757 227 castilateqm

123 225 192 252 οὕτω
206 227 308 261 τυφλὸς
320 229 371 264 τὴν
381 229 510 263 διάνοιαν,
522 232 559 263 ὡς
573 232 611 268 μὴ
621 232 668 267 ἀφ’
681 233 776 260 ἑαυτοῦ
790 234 914 261 συνιδεῖν.

130 271 209 298 Ἀλλά
230 272 312 300 τοῦτο
334 274 384 309 μὲν
407 275 472 308 ἴσως
496 277 583 309 οὐδεὶς
604 278 711 312 ἀγνοεῖε
729 279 868 315 ἐπιζητεῖν
887 280 919 306 δὲ

122 317 195 348 εἰκός
210 325 300 350 τινας,
316 320 341 346 εὶ
362 320 474 348 δυνατόν
487 323 562 349 ἐστιν
580 322 635 350 οἷόν
655 333 717 351 τινα
739 325 849 361 μέθοδον
869 327 916 353 καὶ

122 362 235 399 ἀγωγὴν
248 364 300 400 τὴν
323 366 392 401 πρὸς
407 367 486 394 τοῦτο
506 370 730 404 χειραγωγοῦσαν
745 372 820 406 ἡμᾶς
838 372 914 404 ἐξευ-

122 409 189 443 ρεῖν.
209 409 318 437 Msa-tui.
335 412 386 447 μὲν
406 411 452 440 οὖν
469 415 497 441 αἰ
518 415 588 442 θεῖαι
607 416 697 443 Βίϐλοι
719 417 770 453 τῆς
787 418 915 454 τοιαύτης

121 455 189 482 εἰσὶν
202 456 377 493 ὑφηγήσεως·
390 459 482 487 πολλοὶ
494 461 523 487 δὲ
537 461 592 488 τῶν
613 463 699 496 ἁγίων
713 450 838 500 καθάπερ
850 450 929 492 mi?

119 501 218 536 λὺχνον
232 503 279 529 τὸν
292 504 396 532 ἑαυτῶν
410 505 468 541 βίον
477 509 534 540 τοῖς
550 509 622 535 κατὰ
634 509 700 536 Θεὸν
720 511 914 546 πορευομένοις

119 548 327 582 προφαίνουσιν.
357 551 437 579 Ἀλλά
458 553 509 585 τὰς
528 554 580 589 μὲν
606 556 638 582 ὲκ
661 556 710 591 τῆς
733 555 914 583 θεοπνεύστου

120 593 233 630 Γραφῆς
245 597 287 628 εἰς
296 597 343 624 τὸν
356 599 536 635 προκείμενον
547 601 646 628 σκοπὸν
659 601 797 637 ὑποθήκας
809 602 912 634 ἔξεστιν

118 639 229 676 ἑκάστῳ
246 641 382 675 πλουσίως
397 643 427 676 ἐξ
444 645 606 680 ἀμφοτέρων
624 646 679 673 τῶν
696 647 838 683 Διαθηκῶν
851 649 912 675 ἁνα-

118 684 260 717 λέεασθαι·
278 687 364 715 πολλὰ
383 689 432 724 μὲν
452 690 507 725 γὰρ
525 690 555 717 ὲν
570 692 724 727 προφήταις
745 693 793 719 καὶ
816 693 892 729 νόμῳ
904 715 912 726 ,

119 731 206 759 πολλά
219 733 250 761 δὲ
268 734 299 760 ἐν
317 735 509 769 εὐαγγελικαίς
528 745 557 763 τε
579 738 626 764 καὶ
645 738 838 771 ἀποπολικαίς
859 748 912 766 πα-

119 779 248 814 ραδόσεσι
261 781 396 815 πάρεστιν
413 782 537 817 ἀφθόνως
553 783 655 812 λαϐεῖν.
673 785 744 812 Ὅσα
765 785 787 812 δ’
810 786 844 813 ἂν
865 787 912 813 καὶ

117 827 199 862 ἡμεῖς
214 827 430 864 ὁπονοήσαιμεν,
447 830 507 862 ταῖς
518 829 605 862 θείαις
621 831 833 864 ἀκολουθοῦντες
856 843 912 868 qam.

117 874 187 904 ναῖς,
201 873 280 900 ταῦτ’
295 874 379 902 ἐστίν.

117 920 233 954 copiose
274 921 342 949 satis
366 921 497 953 colligere
526 923 607 956 licet;

968 235 1086 262 facultas
1102 235 1209 263 accedit
1235 236 1306 264 lueis
1325 237 1398 264 illius
1420 239 1648 273 contemplandas.
1667 241 1757 274 Atque

967 287 1031 306 vera
1063 280 1174 314 quidem
1203 280 1346 315 virginitas
1371 281 1592 317 incorruptisque
1619 283 1755 310 castitatis

967 326 1089 353 studium
1103 334 1136 353 eo
1153 334 1219 354 sane
1234 327 1363 360 refertur,
1374 331 1403 353 ut
1419 327 1492 355 illius
1509 328 1596 362 ipsius
1610 335 1661 363 ope
1676 329 1755 355 adhi-

969 373 1035 404 bita,
1057 372 1142 399 Deum
1162 373 1225 407 quis
1248 373 1337 407 possit
1360 373 1471 400 intueri.
1499 373 1565 400 Nam
1584 374 1706 409 proprie,
1728 379 1756 402 et

966 419 1096 453 primum,
1125 422 1152 446 et
1184 419 1273 446 solum
1308 419 1464 449 honestum,
1495 427 1647 454 purumque
1671 419 1755 448 Deum

966 473 1039 498 esse,
1053 473 1134 493 nemo
1145 466 1182 492 ita
1199 470 1291 493 mente
1303 472 1377 492 eatea
1389 469 1442 496 est,
1462 465 1528 500 quin
1548 473 1595 500 per
1610 473 1640 493 se
1653 467 1755 494 intelli-

966 515 1022 546 gat.
1056 511 1110 539 Sed
1138 512 1190 539 hoc
1206 513 1295 546 ipsum
1323 511 1442 539 fortasse
1467 520 1548 538 nemo
1577 512 1704 546 ignorat;
1727 518 1756 540 at

965 565 1073 592 aequum
1092 561 1183 584 tamen
1201 561 1253 587 est.
1272 561 1302 583 ut
1318 558 1456 588 nonnulli,
1473 557 1496 585 si
1511 558 1568 584 fieri
1585 562 1682 592 potest.
1698 566 1756 585 om-

966 602 1032 630 niuo
1050 602 1191 636 indagent,
1211 610 1272 637 quae
1287 610 1353 630 sane
1369 603 1440 630 ratio
1456 603 1491 630 sit
1505 611 1538 631 ae
1554 604 1606 636 ria,
1627 611 1688 638 qua:
1706 612 1756 631 uos

965 648 999 676 ad
1021 648 1087 676 illud
1107 649 1196 683 ipsum
1213 649 1359 677 honestum
1378 649 1471 677 ducat.
1489 649 1580 677 Plena:
1600 651 1684 685 igitur
1702 651 1754 678 hu—

961 695 1042 731 jusce
1067 697 1236 723 narrationis
1263 696 1365 724 divina:
1395 698 1520 731 Litterae,
1545 699 1756 733 compluresque

963 743 1133 770 sanctissimi
1153 743 1204 770 viri
1219 744 1302 770 vitam
1317 751 1406 776 suam,
1427 745 1506 778 quasi
1523 744 1613 772 lumen
1634 744 1756 779 aliquod,

964 789 1018 816 illis
1044 789 1203 820 ostendunt,
1231 789 1276 823 qui
1310 797 1372 816 eum
1401 789 1457 817 Deo
1482 790 1634 817 ambulant.
1655 789 1754 816 Verum

964 840 1099 870 praecepta
1118 835 1228 870 quidem
1247 836 1344 868 multa,
1366 844 1427 870 quae
1452 837 1485 864 ad
1511 837 1563 864 hoc
1584 836 1755 871 propositum

929 880 950 908 B
965 882 1113 916 pertinent,
1127 889 1160 909 ex
1176 882 1279 909 divinis
1295 882 1442 917 utriusque
1456 882 1626 910 Testamenti
1645 881 1756 916 scriptis

654 931 716 951 nam
739 932 801 952 cum
829 926 915 953 multa
936 935 951 954 e
971 928 1125 962 prophetis.
1150 932 1232 963 atque
1252 929 1322 963 lege,
1339 933 1396 955 tum
1421 929 1553 964 pleraque
1577 935 1653 960 sane,
1679 931 1707 954 et
1722 933 1754 953 ex

117 966 304 1001 evangelieis,
334 972 362 995 et
389 969 548 1004 apostolicis
573 970 768 999 traditionibus
798 971 908 1000 abunde
926 974 1029 1010 percipi
1056 978 1183 1009 possunt.
1203 975 1268 1008 Qum
1293 982 1358 1002 vero
1376 982 1436 1007 nos,
1454 975 1562 1002 divinos
1581 973 1678 1001 imitati
1697 979 1756 1000 ser-

117 1022 226 1046 mones,
243 1017 421 1044 commentati
437 1025 545 1051 sumus,
560 1018 618 1046 haec
631 1019 745 1046 omnino
757 1024 833 1047 sunt.

423 1077 548 1105 ΚΕΦΑΛ.
565 1079 616 1106 ΙΒ¹.

118 1131 179 1158 ὀτι
191 1133 256 1170 οὺὸξ
264 1133 305 1170 ἑξγ
313 1133 368 1168 (ip);
374 1132 419 1166 ἧς.
436 1133 507 1160 οὐδὲ
518 1135 592 1162 κατὰ
605 1135 701 1169 φύσιν
710 1136 914 1170 συνουσία)μὲ-

153 1176 219 1230 ἔον,
237 1169 305 1229 ((15.11
319 1169 518 1201 αὐτεξούσιον
530 1170 593 1204 ἔχει
607 1172 624 1197 ό
642 1170 797 1204 ἄνθρωπος
813 1171 846 1197 τὸ
859 1169 914 1198 ἐτα-

171 1211 239 1236 ητικ
258 1211 286 1231 ν.

152 1249 190 1275 Τὸ
206 1249 315 1284 λογικὸν
333 1249 412 1276 τοῦτο
434 1250 482 1277 καὶ
493 1250 660 1286 διανοητικόν
682 1250 761 1283 ζῶον,
777 1252 791 1278 ὁ
807 1251 913 1288 ἀνθρω-

118 1304 178 1327 πος,
199 1295 250 1330 τῆς
271 1295 345 1328 θείας
369 1305 399 1322 τε
421 1296 468 1323 καὶ
493 1297 632 1332 ἀκηράτου
648 1297 755 1332 φύσεως
773 1297 852 1333 ἔργον
866 1298 914 1325 καὶ

117 1342 233 1378 μίμημα
248 1341 367 1377 γεγονώς
377 1351 383 1357 ·
402 1342 473 1369 οὕτω
487 1343 542 1378 γὰρ
555 1344 585 1369 ὲν
598 1344 631 1379 τῇ
650 1344 836 1379 Κοσμογενείᾳ
849 1345 913 1379 περὶ

117 1387 200 1415 αὑτοῦ
216 1387 435 1424 ἀναγέγραπται,
451 1388 492 1414 ὅτι
511 1398 520 1414 ‹
537 1389 607 1415 Κατ’
624 1389 715 1415 εἰκόνα
734 1389 801 1416 Θεοῦ
818 1389 912 1425 ἐποίη-

118 1443 164 1461 σεν
177 1434 260 1461 αὐτόν
270 1441 278 1448 ⁸
297 1443 306 1460 r
319 1434 399 1462 τοῦτο
413 1433 459 1461 οὖν
470 1434 501 1461 τδ
514 1435 592 1469 ζῶον,
603 1436 617 1462 ὁ
632 1435 784 1471 ἄνθρωπος,
799 1437 830 1462 οὐ
845 1436 915 1463 κατά

118 1479 200 1513 φύσιν
214 1480 275 1506 οὐδὲ
298 1481 512 1516 συνουσιωμένον
526 1480 604 1516 ἔσχεν
621 1482 649 1508 ἐν
664 1481 752 1517 ἑαυτῷ
776 1481 851 1517 παρά
864 1482 914 1518 τὴν

117 1526 231 1562 πρώτην
244 1526 350 1560 γένεσιν
368 1526 398 1553 τὸ
413 1527 564 1562 παθητικόν
575 1535 606 1554 τε
626 1527 674 1553 καὶ
689 1527 831 1563 ἐπίκηρον.
847 1527 915 1555 Οὐδὲ

117 1570 172 1606 νάρ
186 1568 221 1606 ἦν
238 1570 349 1597 δυνατὸν
362 1570 407 1596 τὸν
425 1572 476 1606 τῆς
487 1570 590 1603 εἰκόνος
608 1571 773 1606 διασωθῆναι
785 1571 873 1605 λόγον,
889 1572 914 1598 εἰ

1260 1076 1376 1104 CAPUT
1395 1076 1454 1104 ΧΙΙ.

966 1134 1058 1170 Neque
1088 1143 1104 1161 a
1127 1134 1271 1168 principio,
1293 1142 1373 1168 neque
1395 1139 1491 1161 natura
1512 1140 1611 1162 ttllllilﬂ.’
1631 1141 1691 1162 sunt
1710 1136 1756 1163 Ιιυ-

1016 1169 1081 1197 miui
1099 1170 1261 1204 affectiones,
1275 1171 1319 1196 sed
1334 1177 1366 1195 et
1387 1169 1497 1196 consilio
1506 1171 1562 1196 ‘sibi
1575 1172 1706 1198 ereuiunt.

1003 1244 1102 1276 llomo,
1120 1246 1165 1280 qui
1189 1245 1305 1272 rationis
1329 1245 1478 1280 particeps,
1503 1246 1659 1281 mentisque
1681 1254 1756 1274 com—

967 1299 1016 1326 pos
1036 1291 1137 1318 animal
1163 1296 1216 1323 est,
1237 1295 1264 1318 et
1287 1291 1387 1318 divina:
1403 1292 1624 1327 incorruptatque
1649 1297 1754 1320 natura:

967 1346 1048 1372 opus,
1067 1343 1149 1372 atque
1161 1338 1340 1366 simulacrum
1354 1337 1481 1365 ell'ectum
1498 1348 1504 1365 ;
1522 1338 1550 1364 in
1567 1338 1661 1365 mundi
1683 1339 1756 1368 enim

971 1384 1168 1411 constitutione
1181 1385 1215 1411 de
1232 1391 1264 1410 eo
1283 1383 1326 1410 his
1340 1383 1430 1410 verbis
1452 1384 1585 1418 scriptum
1607 1388 1651 1411 est
1665 1393 1672 1411 ι
1691 1394 1700 1410 ι
1716 1384 1755 1411 Ad

970 1430 1116 1464 imaginem
1129 1429 1175 1457 Dei
1188 1430 1252 1456 fecit
1264 1437 1325 1457 eum
1341 1430 1384 1462 "',
1404 1439 1413 1456 ι
1431 1429 1497 1461 hoc.
1517 1430 1639 1464 inquam,
1655 1431 1755 1457 animal

968 1474 1060 1506 homo,
1084 1475 1221 1510 principio
1243 1481 1298 1502 non
1326 1474 1391 1501 illud
1409 1474 1461 1502 sibi
1482 1479 1580 1501 natura
1603 1474 1753 1510 ingenitum

967 1522 1075 1554 habuit,
1102 1526 1132 1548 ut
1158 1521 1302 1549 aﬁ‘eetibus
1328 1525 1411 1554 esset,
1444 1522 1582 1557 mortique
1602 1523 1754 1558 expositus.

967 1567 1060 1603 Neque
1081 1568 1154 1596 enim
1178 1568 1236 1595 fieri
1252 1572 1370 1603 poterat,
1390 1573 1420 1596 ut
1436 1568 1626 1596 similitudinis
1641 1575 1750 1596 conser-

118 1617 286 1649 ὑπεναντίως
310 1615 367 1652 εἶχε
388 1616 419 1643 τὸ
436 1617 661 1653 ἀπεικονισμένον
689 1617 786 1649 κάλλος
800 1618 868 1653 πρὸς
884 1618 912 1644 τὸ

969 1619 1030 1641 vata
1046 1618 1121 1642 esset
1141 1615 1222 1646 ratio,
1236 1615 1259 1641 si
1279 1620 1377 1642 contra
1401 1622 1431 1642 se
1445 1615 1471 1642 id
1496 1615 1620 1646 haberet,
1632 1615 1705 1649 quod
1721 1615 1754 1642 ad

117 1662 284 1697 ἐοχέτυπον.
305 1661 375 1688 Ἀλλ’
391 1661 503 1695 ὕστερον
518 1662 669 1699 ἐπεισήχθη
688 1663 719 1689 τὸ
736 1662 821 1694 πάθος
840 1661 914 1697 αὐτῷ

120 1709 190 1742 μετά
204 1707 255 1743 τὴν
269 1707 381 1744 πρώτην
395 1709 583 1743 κατασκευήν·
604 1708 753 1744 ὲπεισήχθη
769 1708 798 1734 δὲ
812 1707 913 1740 οὕτως’

118 1753 208 1781 Εἱκὼν
230 1752 264 1790 ἦν
288 1754 336 1780 καὶ
352 1754 490 1789 ὁμοίωμα,
509 1753 599 1785 καθὼς
610 1753 728 1790 εἴρηται,
742 1756 791 1789 τῆς
806 1754 914 1781 πάντων

119 1799 173 1826 ἀῦν
185 1800 271 1827 ὄντων
289 1799 482 1835 βασιλευούσης
509 1799 665 1835 δυνάμεως·
693 1801 741 1827 καὶ
766 1800 810 1826 διὰ
835 1799 915 1826 τοῦτο

120 1847 167 1874 καὶ
188 1847 217 1873 ὲν
243 1846 283 1882 τῷ
308 1845 473 1881 αὑτεξουσίῳ
495 1846 544 1879 τῆς
564 1846 632 1881 πρὸς
656 1847 702 1873 τὸν
725 1846 915 1878 ὲξουσιάζοντα

121 1893 230 1920 πάντων
242 1890 299 1928 εἶχε
312 1894 360 1928 τὴν
378 1893 534 1928 ὁμοιότητα,
549 1893 661 1928 οὐδεμιᾷ
680 1902 733 1919 τινι
750 1892 804 1919 τῶν
815 1892 914 1925 ἔξωθεν

119 1939 228 1975 ἀνάγκῃ
241 1939 450 1974 δεδουλωμένος·
464 1938 531 1965 ἀλλά
549 1940 581 1974 τῇ
595 1938 691 1975 γνώμῃ
715 1940 747 1974 τῇ
774 1938 828 1974 ἰδίᾳ
846 1939 914 1974 πρὸς

120 1984 150 2011 τὺ
171 1985 266 2011 δοκοῦν
286 1985 479 2020 διοικούμενος,
500 1985 547 2011 καὶ
570 1985 600 2011 τὺ
623 1985 738 2020 ἀρέσκον
760 1985 835 2020 αὐτῷ
853 1986 913 2012 κατ’

121 2032 245 2064 ἐξουσίαν
265 2031 436 2067 αἱρούμενος,
460 2031 510 2067 τὴν
536 2031 678 2067 συμφορὰν
699 2033 811 2067 ταύτην,
868 2031 914 2059 νῦν

120 2078 288 2114 κεκράτηται
301 2077 332 2103 τὸ
346 2077 514 2113 ἀνθρώπινον
525 2097 533 2109 ,
561 2077 641 2109 αὐτὸς
661 2077 801 2113 ἐθελοντὴς
823 2078 914 2114 ἀπάτῃ

121 2123 300 2159 παρενεχθεὶς
316 2123 500 2154 ἐπεσπάσατο,
520 2123 601 2154 αὐτὸς
618 2122 668 2157 τῆς
684 2123 782 2155 κακίας
800 2123 914 2159 εὑρέτης

119 2170 275 2204 γενόμενος,
288 2170 349 2205 οὐχ).
363 2169 440 2204 παρά
462 2169 529 2196 θεοῦ
553 2169 703 2205 γενομένην
725 2169 828 2205 εὑρών·
848 2169 914 2201 Θεὸς

120 2215 176 2250 γὰρ
191 2215 305 2241 θάνατον
317 2215 367 2241 οὐκ
384 2214 522 2250 ἐποίησεν,
535 2215 602 2241 ἀλλὰ
614 2215 714 2250 τρόπον
729 2215 790 2241 τινὰ
802 2215 914 2251 κτίστης

120 2261 169 2287 καὶ
193 2260 357 2297 δημιουργὸς
384 2261 430 2287 τοῦ
459 2260 544 2287 κακοῦ
571 2261 689 2296 κατέστη
720 2263 734 2288 ό
761 2261 912 2297 ἄνθρωπος.

120 2306 255 2342 Καθάπερ
271 2306 326 2343 γὰρ
339 2307 385 2334 τοῦ
405 2307 517 2342 ἡλιακοῦ
539 2307 626 2341 φωτὸς
647 2307 723 2343 κοινὴ
740 2308 788 2343 μὲν
803 2308 912 2344 πρόκει-

118 2361 165 2379 ται
180 2355 263 2379 πᾶσιν
287 2354 303 2388 ὴ
319 2353 458 2388 μετουσία,
479 2351 520 2386 οἷς
539 2353 614 2388 ήτοῦ
629 2355 695 2390 δρᾷν
710 2354 822 2390 δύναμις
840 2355 912 2390 πάρ-

118 2406 178 2424 εστι
191 2406 198 2412 ·
217 2398 327 2424 δύναται
344 2398 372 2424 δέ
386 2407 437 2430 τις,
448 2399 472 2425 εἰ
483 2398 635 2433 βουληθείη,
653 2399 741 2434 μύσας
751 2400 796 2427 τὸν
812 2400 911 2434 ὀφθαλ-

122 2443 182 2477 μὸν,
196 2442 247 2474 ἔξω
262 2443 387 2476 γενέσθαι
398 2443 449 2478 τῆς
461 2443 507 2469 τοῦ
523 2444 610 2478 φωτὸς
622 2444 805 2480 ἀντιλήψεως,
817 2446 847 2471 οὐ
863 2444 910 2472 τοῦ

119 2489 195 2524 ἡλίου
215 2488 421 2524 ἀποχωροῦντος
443 2489 571 2524 ἑτέρωθι,
596 2490 643 2516 καὶ
666 2490 751 2522 οὕτως
773 2491 861 2517 ἐκεῖνο
880 2491 911 2517 τὸ

120 2536 216 2566 σκότος
230 2535 387 2569 ἐπάγοντος,
410 2535 478 2562 ἀλλὰ
499 2536 545 2562 τοῦ
569 2536 711 2572 ἀνθρώπου
726 2537 771 2564 διὰ
785 2539 834 2573 τῆς
849 2539 910 2564 ἐπι-

122 2579 230 2614 μὺσεως
244 2579 298 2606 τῶν
313 2580 454 2616 βλεφάρων
469 2581 513 2607 τὸν
536 2581 671 2617 ὀφθαλμὸν
692 2583 724 2609 ἐκ
741 2583 790 2618 τῆς
802 2584 910 2614 ἀκτῖνος

120 2625 348 2660 διατειχίσαντος·
366 2626 414 2661 τῆς
442 2627 496 2661 γὰρ
520 2627 650 2662 ὁρατικῆς
675 2627 815 2662 δυνάμεως
829 2628 858 2654 ἐν
876 2628 909 2663 τῇ

120 2670 249 2705 ἑπιμύσει
262 2671 315 2698 τῶν
331 2672 462 2707 ὀμμάτων
482 2673 575 2706 ἀργεῖν
598 2673 790 2709 ἀδυνατούσης,
804 2674 911 2708 ἀνάγκη

121 2717 195 2742 πᾶσα
211 2717 261 2752 τὴν
275 2717 414 2752 ἐνέργειαν
430 2717 479 2752 τῆς
492 2717 621 2752 ὁράσεως,
641 2718 752 2750 σκότους
771 2719 910 2753 ἐνέργειαν

120 2762 253 2796 γίνεσθαι,
269 2763 397 2795 ἑκουσίως
411 2764 440 2790 ὲν
453 2763 492 2798 τῷ
510 2763 644 2799 ἀνθρώπῳ
661 2764 706 2791 διὰ
724 2765 772 2799 τῆς
782 2764 910 2799 ἀορασεας

158 2853 192 2868 "‘
207 2853 276 2881 Gen.
290 2861 309 2887 ι,
325 2853 369 2880 27.
661 2847 680 2863 δ’

966 1661 1132 1695 exemplaris
1157 1660 1321 1695 imaginem,
1357 1661 1620 1696 similitudinemque
1643 1670 1753 1696 expres-

966 1715 1027 1734 sum
1043 1711 1096 1734 est.
1114 1707 1167 1734 Sed
1184 1712 1247 1742 post
1264 1708 1381 1742 primam
1404 1707 1525 1735 hominis
1546 1707 1753 1736 fabricationem

965 1752 1141 1780 aﬂeetiouum
1153 1753 1195 1780 vis
1213 1753 1240 1780 in
1257 1761 1320 1780 eum
1340 1752 1498 1780 introducta
1513 1758 1572 1786 est;
1598 1754 1754 1781 introducta

964 1803 1006 1826 est
1022 1802 1113 1825 autem
1126 1799 1178 1826 hoe
1190 1799 1271 1826 modo
1286 1807 1294 1826 ι
1308 1799 1400 1835 Imago
1410 1803 1470 1826 erat
1486 1799 1577 1833 homo,
1590 1800 1754 1827 similitudo-

965 1853 1029 1880 que.
1048 1849 1078 1871 ut
1093 1845 1197 1872 dictum
1211 1849 1264 1878 est,
1282 1845 1342 1880 ejus
1361 1845 1516 1881 potestatis,
1533 1846 1613 1881 cuius
1626 1847 1753 1881 imperio.

964 1899 1136 1926 quaecunque
1161 1897 1238 1924 sunt,
1261 1892 1354 1919 omnia
1376 1896 1514 1924 tenentur,
1540 1899 1573 1919 ac
1596 1898 1752 1928 reguntur:

966 1937 1048 1971 idque
1062 1941 1205 1972 propterea
1223 1937 1250 1964 in
1276 1937 1397 1965 hominis
1413 1938 1498 1966 libero
1515 1939 1641 1971 consilio,
1658 1940 1753 1967 volun-

965 1986 1075 2017 tateque
1099 1983 1217 2017 positum
1238 1982 1300 2015 fuit,
1327 1990 1357 2011 se
1387 1983 1462 2011 illius
1483 1984 1688 2012 similitudinem
1714 1989 1753 2012 te-

964 2035 1042 2059 nere,
1053 2027 1134 2062 cujus
1152 2031 1287 2063 potestate
1306 2035 1351 2056 res
1368 2028 1502 2056 universa:
1517 2029 1752 2064 complectuntur;

965 2082 1054 2109 neque
1076 2074 1131 2101 ulla
1162 2082 1230 2102 sane
1261 2082 1354 2102 rerum
1379 2078 1555 2102 externarum
1587 2077 1752 2104 necessitate

965 2127 1062 2148 servus
1078 2120 1192 2147 etl'ectus
1211 2124 1265 2152 est,
1291 2120 1339 2148 sed
1355 2128 1406 2148 sua
1430 2120 1490 2155 ipse
1510 2122 1645 2149 sententia
1662 2122 1695 2149 ad
1713 2123 1751 2153 id.

965 2166 1040 2202 quod
1065 2166 1116 2194 sibi
1132 2167 1221 2194 visum
1239 2170 1292 2198 est,
1311 2174 1371 2194 sese
1394 2166 1504 2194 all'eeit:
1521 2175 1639 2202 eumque
1657 2176 1689 2195 ex
1708 2177 1752 2204 po-

965 2218 1066 2242 testate
1080 2213 1106 2240 id
1124 2213 1263 2248 elegisset,
1280 2213 1352 2247 quod
1371 2213 1423 2240 sibi
1437 2213 1593 2247 placuerat;
1611 2214 1751 2241 calamita-

965 2264 1019 2288 tem
1041 2260 1121 2290 hanc,
1143 2267 1197 2294 qua
1214 2259 1334 2286 hominis
1355 2267 1442 2294 genus
1458 2259 1514 2294 jam
1528 2267 1690 2295 oppressum
1712 2265 1751 2287 te-

968 2311 1058 2339 netur,
1077 2310 1174 2341 sponte
1192 2306 1250 2341 ipse
1266 2305 1359 2332 fraude
1372 2306 1576 2334 circumventus
1590 2307 1727 2334 contraxit
1743 2316 1749 2333 :

966 2355 992 2379 et
1010 2352 1046 2378 ita
1066 2352 1155 2378 multis
1172 2351 1235 2377 mali
1252 2354 1349 2377 auctor
1367 2350 1428 2384 fuit,
1453 2358 1507 2378 non
1528 2359 1543 2378 a
1561 2351 1615 2378 Deo
1629 2351 1693 2379 facti
1710 2353 1750 2378 in-

965 2401 1063 2425 ventor
1081 2407 1087 2424 :
1104 2401 1220 2424 mortem
1243 2397 1316 2424 enim
1335 2395 1406 2424 Deus
1429 2404 1483 2423 non
1503 2396 1602 2429 elfeeil,
1618 2397 1664 2425 sed
1687 2397 1749 2424 mali

965 2443 1092 2470 conditor
1111 2442 1323 2478 quodammodo,
1341 2441 1544 2477 fabricatorque
1560 2443 1641 2470 homo
1664 2443 1749 2470 exsti-

964 2491 998 2517 tit
1012 2499 1018 2516 :
1035 2489 1265 2524 quemadmodum
1281 2489 1353 2516 enim
1374 2489 1440 2516 solis
1459 2489 1504 2516 lux
1519 2489 1674 2516 communis
1686 2496 1749 2523 pro-

964 2536 1052 2571 posita
1071 2540 1114 2562 est
1133 2535 1261 2562 omnibus
1278 2534 1325 2569 qui
1348 2535 1476 2562 cernendi
1492 2535 1546 2562 vim
1568 2535 1683 2567 habent;
1700 2542 1749 2569 po-

965 2585 1017 2608 test
1030 2581 1102 2608 enim
1119 2581 1193 2616 quis,
1219 2581 1241 2608 si
1258 2581 1386 2613 voluerit,
1409 2581 1511 2608 clausis
1534 2580 1621 2610 oculis
1642 2579 1748 2607 eﬂicerc

964 2635 998 2654 ne
1014 2628 1101 2654 lucem
1119 2627 1192 2654 illam
1208 2627 1327 2661 excipiat
1342 2635 1349 2654 :
1365 2635 1419 2654 non
1433 2627 1495 2661 quia
1514 2626 1555 2653 sol
1571 2625 1625 2651 alio
1639 2625 1748 2659 migret,

964 2678 1046 2708 atque
1062 2682 1095 2701 ex
1110 2681 1143 2700 eo
1155 2673 1283 2700 tenebras
1297 2673 1430 2704 oli‘uudat,
1445 2673 1492 2700 sed
1508 2672 1571 2707 quia
1582 2671 1663 2697 homo
1677 2672 1747 2705 ipse.

965 2720 1067 2747 clausis
1089 2719 1236 2754 palpebris,
1261 2720 1370 2747 oculum
1386 2727 1401 2746 a
1426 2718 1509 2745 radiis
1531 2716 1642 2752 sepicrit
1660 2725 1666 2743 :
1683 2725 1747 2743 nam

966 2772 1029 2792 cum
1044 2764 1152 2793 videndi
1174 2765 1224 2799 vis,
1242 2766 1346 2799 opertis
1362 2764 1459 2797 oculis,
1477 2772 1527 2791 suo
1548 2769 1660 2790 munere
1673 2761 1749 2798 fungi
