1912 3080
161 149 210 178 5τὶ

795 149 823 178 S.
841 149 1003 178 GBEGORII
1016 149 1165 188 NYSSELNI

1637 100 1646 113 ἱ

1745 150 1796 177 57:2

162 215 217 235 non
235 207 331 242 possit,
349 214 463 236 necesse
474 211 516 235 est
531 207 621 236 omnis
635 207 693 235 lucc
711 213 841 243 aspectus
855 215 949 235 cessa-

1016 207 1215 244 υνισταμένην·
1232 207 1248 243 ἢ
1271 207 1365 242 ὥσπερ
1389 207 1416 233 et
1432 215 1472 238 τις
1495 206 1584 233 οίκίαν
1603 205 1692 241 ἑαυτῷ
1713 214 1798 232 κατα-

162 255 201 281 tio
213 254 339 281 tenebras
354 253 463 286 eﬂieiat,
486 261 555 288 quas
572 254 654 281 homo
668 253 720 281 sibi
742 258 841 289 sponte
865 261 897 281 ex
918 260 951 280 eo

162 299 288 330 oll‘uutlit,
313 298 377 333 quia
400 299 493 327 videre
518 303 649 326 recusat:
665 303 713 327 aut
730 299 814 327 veluti
841 299 865 327 si
887 300 951 334 quis

163 346 282 373 domum
293 345 345 372 sibi
360 344 513 377 rediticaus,
527 345 632 372 nullum
652 345 706 372 luci
726 345 829 372 aditum
844 345 950 380 patefa—

162 393 217 418 viat
240 390 274 418 ad
298 398 342 422 ea,
361 398 422 425 qua!
445 390 518 417 dotui
540 393 615 422 sunt,
638 389 661 418 is
680 394 756 418 certe
778 397 841 417 cum
860 390 952 426 ingre-

162 436 254 463 diendi
273 437 343 463 viam
362 435 447 463 radiis
471 440 569 470 sponte
584 436 763 467 obstruxerit,
784 436 812 463 in
831 436 952 464 tenebris

164 482 222 516 ipse
237 483 318 509 vitam
345 482 444 517 deget:
462 482 522 516 pari
548 482 654 510 ratione
679 482 787 518 primus
811 483 894 510 homo
918 483 952 510 de

163 532 247 559 terra,
264 528 305 554 vel
321 527 411 562 potius
429 528 464 558 is,
483 528 530 564 qui
547 528 648 555 tnalum
668 529 694 555 in
711 528 822 556 homine
835 529 950 563 peperit,

163 578 248 598 unum
260 571 370 606 quidem
387 575 486 598 natura
506 571 652 598 honestum
669 575 696 598 et
712 571 814 599 bonum
831 573 952 607 undique

163 618 215 645 sibi
231 618 401 653 propositum
419 618 446 645 in
461 623 595 653 potestate
609 619 706 646 habuit
722 628 728 645 ε
747 627 796 654 per
812 627 842 646 se
861 624 951 647 tamen

165 664 236 690 ultro
253 668 295 691 est
313 670 345 690 ea
371 663 494 695 molitus.
511 671 572 698 qua:
591 668 688 691 contra
712 668 840 691 naturam
862 669 928 691 sunt
943 674 950 691 :

164 716 227 735 cum
252 709 328 740 mati,
345 709 457 744 Vitiique
484 717 575 740 usum.
596 709 737 744 repudiata
765 709 877 741 virtute,
901 717 952 737 suo

164 754 223 788 ipse
238 754 356 781 consilio
373 754 565 781 introduxerit.
587 754 686 780 lllalum
699 755 771 782 enim
788 759 865 782 extra
883 762 951 782 con-

164 799 256 826 silium
273 800 402 833 positutu,
420 807 451 826 ac
470 807 518 833 per
541 808 570 827 se
595 804 738 831 constans,
759 801 786 826 in
806 801 882 827 omni
904 808 953 827 na-

164 850 226 871 tura
254 845 358 872 nullum
383 850 436 872 est.
465 845 532 872 Nam
563 845 610 873 Dei
636 853 706 880 opus
732 853 815 873 omne
838 846 951 878 bonum,

1003 254 1152 286 σκευάζων,
1178 253 1312 289 μηδεμίαν
1334 252 1440 288 ὲντέμοι
1467 252 1505 288 τῷ
1526 252 1596 287 φωτὶ
1623 251 1672 288 τὴν
1696 251 1743 278 ἐπὶ
1764 251 1799 277 τά

1002 299 1056 326 ἔσω
1080 299 1205 334 πάροδον,
1227 298 1383 333 ἀναγκαίως
1407 299 1436 324 ἔν
1461 297 1551 332 σκότῳ
1565 296 1703 333 βιώσεται,
1725 295 1798 323 ἑκὼν

1002 345 1166 376 ἀποκλείσας
1179 345 1238 380 ταῖς
1254 345 1344 370 ἀκτῖσι
1355 344 1404 379 τὴν
1418 343 1533 370 είσοδον·
1547 343 1616 370 οὕτω
1630 343 1677 369 καὶ
1687 343 1702 368 ό
1720 342 1798 378 πρῶ-

1002 400 1047 423 τος
1063 391 1077 417 ό
1088 393 1121 417 ὲκ
1137 391 1189 425 γῆς
1202 390 1354 426 ἄνθρωπος,
1366 389 1466 425 μᾶλλον
1476 389 1504 415 δὲ
1516 390 1531 416 ὁ
1539 389 1588 424 τὴν
1598 388 1696 415 κακίαν
1710 389 1740 414 ὲν
1758 387 1799 423 τῷ

1002 437 1137 472 ἀνθρώπῳ
1153 437 1296 471 γεννήσας,
1310 436 1340 462 ἐν
1357 436 1406 470 μὲν
1421 436 1454 471 τῇ
1470 434 1549 469 φύσει
1565 434 1596 461 τὸ
1610 434 1692 461 καλόν
1708 442 1738 460 τε
1750 435 1799 461 καὶ

1002 482 1104 517 ἀγαθὸν
1118 483 1178 509 κατ’
1193 481 1317 515 ἐξουσίαν
1331 480 1410 516 ἔσχεν
1424 479 1591 515 πανταχόθεν
1605 479 1797 515 προκείμενονο

1003 527 1144 563 ἐθελοντὴς
1161 527 1190 554 δὲ
1205 527 1270 562 παρ’
1289 526 1386 553 ἑαυτοῦ
1402 526 1437 553 τὰ
1460 526 1536 561 παρά
1558 525 1638 560 φύσιν
1659 524 1799 552 ἐκαινοτό-

1005 582 1085 609 μησε,
1100 573 1150 609 τὴν
1165 573 1211 600 τοῦ
1231 572 1317 599 κακοῦ
1343 574 1440 608 πεῖραν
1459 573 1490 598 ἐν
1513 573 1545 608 τῇ
1569 573 1729 608 ἀποστροφῇ
1748 572 1800 606 τῆς

1003 620 1103 655 ἀρετῆς
1114 620 1146 655 τῇ
1163 619 1215 655 ἰδίᾳ
1230 618 1389 654 προαιρέσει
1406 618 1620 654 δημιουργήσας.
1638 618 1732 645 Κακὸν
1744 618 1800 653 γὰρ

1003 666 1056 699 ἔξω
1071 666 1254 702 προαιρέσεως
1272 666 1406 701 κείμενον,
1429 666 1476 691 καὶ
1492 665 1553 692 κατ’
1567 665 1636 692 ἰδίαν
1649 665 1800 691 ὑπόστασιν

1003 712 1199 747 θεωρούμενον,
1213 712 1243 738 ὲν
1263 713 1296 747 τῇ
1324 712 1404 746 φύσει
1427 711 1480 738 τῶν
1505 711 1590 738 ὄντων
1610 711 1684 738 ἐστὶν
1710 710 1799 738 οὐδέν.

1004 759 1061 786 Πᾶν
1075 759 1130 794 γὰρ
1146 758 1248 793 κτίσμα
1269 758 1336 784 Θεοῦ
1357 758 1450 791 καλὸν,
1468 758 1515 785 καὶ
1538 758 1613 784 οὐδὲν
1632 757 1799 794 ἀπόελητον,

1004 805 1051 831 καὶ
1078 793 1168 831 πάντα
1190 804 1240 830 ὅσα
1266 802 1393 838 ἐποίησεν
1416 804 1430 829 ό
1455 803 1521 835 Θεὸς
1545 803 1615 830 καλὰ
1641 802 1719 829 λίαν·
1741 793 1800 828 ἀλλ’

1004 848 1097 884 ἐπειδὴ
1112 849 1183 875 κατὰ
1203 849 1249 875 τὸν
1271 848 1387 884 ῥηθέντα
1408 848 1509 884 τρόπον
1528 848 1675 883 εἰσεφθάρη
1690 848 1724 882 τῇ
1742 848 1800 883 ζωῇ

163 898 253 925 neque
277 891 481 923 detestandum,
505 895 652 923 cttnctave,
676 899 738 927 qua:
755 891 829 919 Deus
852 891 951 925 eﬂ‘ecit,

1016 895 1057 922 πῶν
1072 894 1223 931 ἀνθρώπων
1239 895 1256 930 ἡ
1272 894 1319 920 τοῦ
1340 895 1508 930 ἁμαρτάνειν
1531 894 1687 926 ἀκολουθία,
1700 893 1749 919 καὶ
1769 893 1800 919 ἐκ

164 940 230 962 sunt
247 936 394 964 admodum
419 937 506 971 bona;
527 938 575 966 sed
597 943 778 973 posteaquam
802 945 846 969 eo,
871 945 952 972 quem

164 982 297 1014 diximus,
308 983 389 1011 modo
403 983 431 1011 in
442 984 526 1011 vitam
542 984 683 1012 hominum
696 992 750 1012 non
761 985 822 1012 sine
833 984 953 1011 maxima

164 1028 289 1062 pernicie
311 1029 422 1063 irrepsit
442 1030 575 1064 peccandi
599 1029 785 1062 consuetudo,
808 1033 891 1064 atque
919 1037 954 1057 ex

166 1082 248 1108 parva
264 1082 360 1107 causa,
375 1083 436 1110 qua:
452 1076 480 1103 in
498 1075 606 1103 inﬁnita
621 1076 764 1103 hominum
784 1076 855 1103 mala
871 1076 954 1103 latius

164 1121 297 1151 manavit.
321 1121 415 1149 divina
442 1122 487 1149 illa
514 1123 598 1149 animi
624 1122 810 1157 pulchritudo,
835 1130 897 1157 qua:
919 1122 954 1149 ad

165 1167 330 1201 exemplaris
363 1168 545 1195 imitationem
575 1167 666 1195 luerat
694 1175 844 1203 expressa;
873 1168 953 1203 quasi

165 1212 280 1246 ferrum,
305 1213 431 1248 rubigine
442 1215 500 1240 vitii
519 1219 562 1241 est
581 1217 760 1249 cousumpta,‘
779 1221 834 1241 non
850 1219 954 1241 tantam

165 1259 288 1292 quidem,
303 1264 407 1294 quanta
430 1264 506 1287 certe
526 1260 578 1287 sibi
594 1268 626 1287 ex
645 1264 743 1286 natura
769 1260 870 1292 inerat,
886 1268 953 1287 con-

166 1304 286 1332 servavit
308 1305 436 1340 imaginis
451 1306 578 1340 gratiam,
600 1306 648 1333 sed
667 1306 700 1332 ad
717 1306 849 1341 peccandi
866 1307 955 1341 turpi-

167 1351 287 1378 tudinem
308 1359 370 1379 sese
387 1356 441 1378 tuta
458 1353 605 1379 convertit.
619 1352 715 1386 Itaque
739 1359 868 1387 magnum
887 1351 955 1379 illud

166 1401 193 1422 ct
209 1397 358 1431 pretiosum
380 1397 473 1430 homo,
489 1403 546 1425 uta
562 1398 708 1433 Scriptura
729 1402 773 1425 est
789 1398 953 1433 appellatus,

166 1449 228 1468 cum
255 1449 271 1468 a
287 1442 419 1477 dignitate
439 1451 489 1470 sua
511 1443 674 1476 excidisset,
697 1442 770 1478 quod
796 1442 898 1470 accidit
920 1442 955 1470 iis

166 1487 212 1522 qui
228 1488 254 1514 in
268 1495 378 1515 caenum
395 1489 484 1524 illapsi
500 1495 574 1520 sunt,
593 1489 663 1517 facie
684 1489 759 1516 omni
777 1488 841 1516 limo
856 1489 953 1521 oblita,

167 1540 202 1560 ne
227 1540 242 1559 a
269 1533 453 1562 familiaribus
476 1535 588 1570 quidem
614 1539 806 1570 agnoscuntu:
830 1544 837 1562 ε
857 1534 953 1562 eodem

167 1579 248 1606 moio
267 1580 312 1608 ille
327 1581 354 1607 in
369 1582 473 1615 peccati
488 1581 585 1609 sordes
600 1582 787 1618 praecipitatus
803 1583 954 1618 incorrupti

167 1624 216 1652 Dci
242 1626 388 1661 imaginem
410 1628 539 1662 perdidit,
557 1633 717 1664 mutatoque
742 1629 837 1657 habitu
860 1638 958 1657 corru-

166 1677 241 1706 ptam
258 1673 406 1707 quamdam
425 1675 585 1710 peccatique
599 1675 660 1703 labe
674 1675 844 1710 inquinatam
863 1676 958 1712 imagi-

167 1725 231 1744 nem
256 1718 355 1751 induit,
382 1727 464 1754 qttam
490 1721 560 1748 ratio
584 1721 723 1756 deponere
747 1722 845 1748 suadet
863 1721 888 1748 ei
910 1723 956 1757 qui

170 1764 330 1798 incorrupta
355 1765 416 1791 vita:
436 1764 583 1800 disciplina
597 1775 626 1794 se
645 1767 726 1801 quasi
752 1775 822 1802 aqua
838 1770 956 1804 quadarn

169 1809 288 1835 abluerit
301 1817 308 1835 :
322 1813 352 1835 ut
367 1810 417 1836 hoc
432 1817 497 1837 sane
509 1815 618 1839 terreno
631 1812 740 1846 abjecto
755 1813 957 1849 integumento,

171 1854 255 1880 animi
281 1862 379 1882 rursus
402 1860 532 1890 appareat
556 1857 746 1891 pulchritudo.
775 1859 870 1887 Aliena
893 1868 959 1888 vero

171 1900 302 1934 abjicere,
329 1901 355 1927 in
380 1909 413 1928 co
429 1905 481 1932 est,
504 1907 533 1929 ut
550 1903 583 1930 ad
613 1911 662 1930 sua
681 1904 798 1940 quisque
821 1911 904 1941 atque
925 1907 958 1934 ad

171 1950 297 1973 naturam
317 1947 410 1974 redeat
425 1955 431 1972 ι
450 1949 522 1983 quod
540 1949 664 1984 profecto
679 1951 789 1986 assequi
807 1959 862 1978 non
880 1953 960 1980 aliter

171 1992 247 2025 licet,
269 1994 323 2022 nisi
345 1996 407 2022 talis
423 2003 522 2024 rursus
539 1997 602 2032 quis
631 1996 688 2030 fiat,
711 1998 801 2033 qualis
825 1999 960 2034 principio

171 2039 284 2068 (allectus
304 2047 356 2068 est.
374 2041 432 2069 Non
453 2043 527 2070 enim
551 2048 676 2071 nostrum
694 2048 748 2076 est,
769 2052 858 2080 neque
875 2044 961 2072 lacul-

173 2087 237 2113 tatis
250 2086 392 2115 hominum
404 2088 533 2120 ofﬁcium,
547 2094 576 2116 ut
588 2089 743 2118 divinitatis
754 2091 859 2119 similes
873 2090 959 2124 ﬂant;

1007 942 1106 977 μικρᾶς
1121 941 1248 977 ἀφορμῆς
1261 941 1300 972 εἰς
1322 941 1435 975 ἄπειρον
1457 940 1507 976 τῆς
1527 940 1625 971 κακίας
1649 940 1678 966 ἐν
1694 938 1733 973 τῷ
1752 939 1800 965 ἀν-

1005 987 1107 1024 θρώπῳ
1121 986 1263 1022 χυθείσης,
1285 985 1332 1012 καὶ
1347 985 1378 1012 τὸ
1399 985 1512 1016 θεοειδὲς
1534 984 1621 1011 ἐκεῖνο
1641 983 1691 1018 τῆς
1712 983 1801 1017 ψυχῆς

1005 1032 1101 1063 κάλλος
1120 1032 1150 1058 τὸ
1168 1031 1239 1058 κατά
1260 1031 1375 1066 μίμησιν
1388 1030 1435 1056 τοῦ
1448 1030 1624 1065 πρωτοτύπου
1642 1028 1801 1064 γενόμενον,

1005 1075 1059 1104 οἷόν
1075 1086 1116 1109 τις
1131 1077 1239 1112 σίδηρος
1249 1075 1434 1110 κατεμελάνθη
1448 1075 1487 1110 τῷ
1498 1075 1546 1110 τῆς
1559 1074 1658 1106 κακίας
1674 1073 1707 1108 ίῷ
1717 1082 1724 1088 ·
1738 1074 1802 1100 οὑκ-

1005 1125 1045 1152 έτι
1068 1122 1216 1157 τηνικαῦτα
1232 1122 1282 1157 τῆς
1302 1122 1404 1153 οἰκείας
1422 1121 1495 1156 αὐτῷ
1515 1121 1586 1147 κατά
1600 1120 1680 1155 φύσιν
1698 1120 1801 1150 εἰκόνος

1004 1169 1054 1205 τὴν
1067 1168 1146 1203 χάριν
1160 1168 1298 1202 διέσωζεν,
1313 1168 1381 1194 ἀλλὰ
1404 1168 1472 1203 προς
1484 1167 1514 1194 τὺ
1529 1165 1621 1202 αἶσχος
1634 1167 1683 1200 τῆς
1706 1167 1799 1200 ἁμαρ-

1004 1215 1064 1246 τίας
1081 1214 1289 1250 μετεμορφώθη.
1304 1214 1385 1240 Ὅθεν
1401 1214 1432 1240 τὸ
1453 1213 1523 1248 μέγα
1544 1213 1592 1239 καὶ⁵
1606 1213 1695 1247 τίμιον
1712 1212 1802 1243 τοῦτο,

1004 1262 1019 1289 ό
1033 1260 1184 1295 ἅνθρωπος,
1196 1260 1234 1291 ὡς
1250 1259 1304 1286 ὑπὸ
1316 1259 1366 1294 τῆς
1382 1259 1494 1294 Γραφῆς
1507 1257 1664 1293 ὠνομάσθη,
1678 1257 1803 1284 ἐκπεσὼν

1004 1305 1055 1340 τῆς
1069 1305 1171 1335 οἰκείας
1193 1304 1281 1336 ἀξίας.
1298 1301 1353 1330 οἷον
1373 1304 1521 1338 πάσχουσιν
1537 1304 1560 1329 οἱ
1575 1302 1605 1335 ὲξ
1619 1302 1803 1337 ὀλισθήματος

1005 1350 1244 1386 ὲγκατενεχθέντες
1265 1350 1398 1386 βορϐόρῳ,
1414 1350 1461 1377 καὶ
1476 1349 1514 1385 τῷ
1530 1349 1607 1384 πηλῷ
1625 1349 1674 1384 τὴν
1695 1348 1803 1384 μορφὴν

1005 1398 1109 1424 ἑαυτῶν
1121 1397 1318 1432 ἐξαλείψαντες,
1331 1397 1525 1430 ἀνεπίγνωστοι
1540 1397 1587 1423 καὶ
1600 1397 1656 1427 τοῖς
1671 1394 1802 1430 συνήθεσι

1005 1444 1139 1477 γίνονται·
1156 1443 1243 1474 οὕτως
1261 1443 1385 1474 κάκεῖνος
1408 1442 1537 1478 ἐμπεσὼν
1552 1441 1590 1476 τῷ
1611 1441 1734 1476 βορὸόρῳ
1754 1440 1804 1475 τῆς

1006 1489 1153 1524 ἁμαρτίας,
1178 1488 1302 1515 ἀπώλεσε
1326 1488 1374 1523 μὲν
1397 1489 1427 1517 τὸ
1449 1487 1530 1514 εἰκὼν
1543 1485 1612 1514 εἶναι
1635 1487 1681 1513 τοῦ
1698 1486 1805 1521 ἀφθάρ-

1005 1544 1052 1562 του
1067 1535 1149 1567 Θεοῦ,
1171 1535 1220 1571 τὴν
1243 1535 1271 1562 δὲ
1296 1534 1417 1570 φθαρτὴν
1445 1534 1492 1561 καὶ
1507 1534 1622 1569 πηλίνην
1645 1534 1738 1560 εἰκόνα
1760 1532 1805 1561 διὰ

1005 1582 1054 1616 τῆς
1068 1582 1204 1617 ἁμαρτίας
1221 1580 1444 1616 μετημφιάσατο·
1461 1581 1494 1615 ἣν
1514 1579 1663 1608 ἀποθέσθαι
1682 1578 1804 1614 συμϐου-

1006 1628 1078 1654 λεύει
1093 1628 1108 1654 ό
1124 1628 1211 1661 λόγος,
1231 1624 1287 1654 οἷόν
1303 1636 1354 1653 τινι
1376 1626 1450 1653 ὕδατι
1471 1626 1510 1661 τῷ
1534 1625 1644 1661 καθαρῷ
1661 1625 1711 1660 τῆς
1728 1624 1806 1650 πολι-

1006 1674 1081 1705 τείας
1110 1673 1350 1708 άποκλυσάμενονο
1379 1673 1417 1705 ὡς
1444 1673 1478 1699 ἂν
1506 1671 1726 1708 περιαιρεθέντος
1755 1669 1803 1699 τοῦ

1006 1721 1100 1755 γηῖνου
1128 1718 1314 1754 καλύμματος,
1340 1719 1419 1746 πάλιν
1437 1720 1486 1754 τῆς
1506 1719 1596 1754 ψυχῆς
1615 1717 1760 1752 φανερωθῇ
1775 1716 1806 1743 τὸ

1007 1766 1114 1796 κάλλος.
1138 1764 1279 1796 ’Λπόθεσις
1304 1765 1333 1792 δὲ
1357 1765 1403 1792 τοῦ
1425 1765 1564 1800 ἀλλοτρίου
1585 1765 1660 1790 ἐστὶν
1677 1764 1695 1798 ἡ
1714 1763 1754 1794 είς
1776 1762 1806 1788 τὸ

1009 1815 1107 1841 οἰκεῖον
1130 1815 1220 1850 ἐαυτῷ
1242 1814 1290 1841 καὶ
1315 1813 1385 1840 κατά
1408 1812 1488 1847 φύσιν
1505 1811 1650 1842 ἐπάνοδος·
1665 1807 1696 1836 οὗ
1713 1809 1806 1843 τυχεῖν

1010 1861 1097 1894 ἄλλως
1111 1862 1161 1888 οὐκ
1177 1861 1245 1891 ἔστι,
1264 1861 1302 1896 μὴ
1321 1858 1377 1890 οἶος
1397 1860 1425 1893 ἐξ
1441 1859 1528 1895 ἀρχῆς
1546 1856 1668 1891 ἐκτίσθη,
1682 1854 1806 1882 τοιοῦτον

1011 1906 1091 1933 πάλιν
1109 1907 1263 1942 γενόμενον.
1280 1906 1316 1933 Οὺ
1330 1905 1384 1941 γὰρ
1398 1905 1530 1940 ἡμέτερον
1544 1903 1634 1939 ἔργον,
1651 1901 1712 1927 οὐδὲ
1728 1899 1806 1926 δυνά-

1014 1961 1086 1988 μεως
1098 1953 1271 1989 ἀνθρωπίνης
1288 1951 1346 1978 ἐστὶ
1365 1950 1529 1986 κατόρθωμα
1552 1949 1569 1983 ή
1591 1947 1659 1982 πρὸς
1678 1945 1710 1972 τὸ
1728 1945 1806 1970 Θεῐον

1011 1999 1155 2034 ὁμοίωσις·
1178 1999 1246 2025 ἀλλά
1265 1997 1343 2024 τοῦτο
1363 1997 1411 2032 μὲν
1428 1996 1477 2031 τῆς
1501 1994 1547 2021 τοῦ
1566 1992 1633 2021 Θεοῦ
1650 1990 1805 2027 μεγαλοδω-

1016 2046 1079 2081 ρεᾶς
1092 2046 1173 2077 ἐστιν,
1186 2044 1266 2076 εὐθὺς
1288 2044 1347 2079 ἃμα
1366 2044 1400 2078 τῇ
1421 2041 1517 2077 πρώτῃ
1531 2039 1635 2075 γενέσει
1654 2035 1806 2074 χαρισαμέ-

1015 2100 1062 2118 νου
1075 2092 1109 2126 τῇ
1125 2091 1204 2125 φύσει
1215 2090 1264 2125 τὴν
1281 2089 1350 2125 πρὸς
1368 2088 1447 2115 αὐτὸν
1460 2087 1615 2122 ὁμοιότητα.

173 2133 221 2160 sed
242 2133 294 2160 hoc
318 2141 385 2162 sane
404 2135 542 2171 contingit
559 2136 679 2164 maximo
695 2145 808 2165 munere
834 2137 893 2170 Dei,
914 2137 961 2172 qui
980 2143 995 2165 a
1020 2138 1109 2173 primo
1133 2136 1224 2164 statim
1252 2139 1315 2163 ortu
1338 2135 1418 2162 nobis
1447 2133 1489 2161 sui
1517 2137 1560 2160 est
1596 2129 1805 2158 similitudinem

173 2180 300 2215 largitus.

209 2228 245 2254 At
256 2227 396 2255 hominum
410 2228 608 2256 studiitantum
621 2229 687 2257 illttd
703 2237 769 2258 sane
782 2234 834 2263 est,
851 2235 880 2258 ιιι
892 2238 956 2265 quas

1048 2227 1105 2262 Τῆς
1117 2227 1144 2254 δὲ
1159 2225 1331 2261 ἀνθρωπίνης
1348 2224 1465 2258 σπουδῆς
1480 2222 1606 2250 τοσοῦτον
1624 2222 1658 2249 ἀν
1673 2221 1728 2258 εἴη,
1744 2222 1806 2250 ὅσον

175 2272 228 2300 sibi
265 2273 361 2300 sordes
378 2278 473 2308 postea
490 2283 523 2302 ex
540 2279 653 2309 peccato
675 2275 727 2310 ipsi
753 2280 962 2308 contraxerant,

175 2326 223 2346 eas
237 2318 348 2346 omnino
368 2320 471 2352 eluant,
491 2321 776 2355 pulchritudinemque
805 2321 877 2349 illam
902 2322 964 2348 illu-

177 2369 274 2394 strem.
285 2373 346 2400 qua:
357 2366 384 2392 in
395 2366 488 2393 animo
501 2367 636 2393 occultata
647 2371 698 2394 est.
715 2366 855 2401 Ejusmodi
871 2371 963 2395 autem

177 2416 341 2446 praeceptum
359 2411 386 2438 in
401 2412 547 2448 Evangelia
559 2411 702 2439 Dominum
716 2413 814 2440 docere
833 2414 963 2445 arbitror,

177 2464 240 2483 cum
267 2457 388 2491 loquitur
412 2457 445 2483 ad
466 2464 514 2484 eos
533 2457 579 2492 qui
605 2458 767 2492 sapientiam
793 2458 819 2484 in
835 2459 964 2493 mysterio

178 2503 333 2537 loquentem
362 2502 455 2530 audire
469 2508 593 2538 possunt.
620 2502 741 2538 Regnum
757 2503 814 2536 Dei,
826 2504 915 2539 inquit
930 2504 963 2536 ",

178 2549 249 2575 intra
271 2556 320 2576 vos
340 2553 392 2577 est.
417 2548 445 2576 Id
467 2550 559 2581 enim,
577 2550 689 2584 opinor,
715 2550 854 2584 Scriptura
883 2549 969 2585 signi-

181 2594 258 2626 ﬁcat,
286 2601 339 2621 non
360 2602 421 2622 esse
441 2594 563 2622 divinum
589 2595 690 2622 bonutu
713 2603 726 2621 a
752 2599 850 2622 natura
874 2599 968 2622 nostra

180 2640 356 2673 abjunctum;
384 2649 435 2668 nec
464 2642 557 2676 procul
577 2641 612 2668 ab
634 2641 669 2668 iis
694 2642 806 2673 abesse,
833 2641 879 2675 qui
902 2640 967 2667 illud

181 2687 310 2722 indagare
327 2688 482 2715 instituant.
501 2687 535 2714 At
553 2688 579 2714 iu
604 2688 720 2722 singulis
737 2687 802 2714 illud
826 2691 878 2718 cst,
893 2687 968 2713 inco-

182 2732 285 2767 gnitum
318 2737 408 2759 tamen
429 2736 511 2767 atque
534 2733 693 2763 obscurum,
715 2740 776 2759 cum
792 2735 818 2758 et
835 2732 920 2762 curis,
941 2736 968 2758 et

183 2778 245 2804 vitae
271 2778 455 2812 voluptatibus
481 2785 667 2813 compressum
687 2778 723 2806 sit
742 2789 748 2806 :
765 2786 862 2806 rursus
880 2784 968 2806 autem

221 2867 244 2885 "
262 2867 327 2894 Luc.
341 2867 460 2899 xvu,‘2|.

1015 2274 1166 2309 ἐκκαθᾶραι
1183 2273 1263 2308 μόνον
1278 2271 1324 2298 τὸν
1349 2270 1540 2305 ἐπιγενόμενον
1559 2269 1614 2295 ἀπδ
1634 2269 1735 2300 κακίας
1761 2269 1807 2304 ῥύ-

1016 2331 1065 2349 πον
1078 2321 1162 2356 αὐτῷ,
1180 2320 1227 2346 καὶ
1248 2318 1278 2345 τὸ
1301 2316 1508 2352 κεκαλυμμένον
1525 2316 1554 2342 ὲν
1575 2316 1608 2351 τῇ
1621 2314 1694 2350 ψυχῇ
1711 2315 1806 2346 κάλλος

1015 2365 1185 2400 διαφωτίσαι.
1197 2363 1234 2389 Τό
1248 2362 1275 2389 δὲ
1291 2361 1410 2388 τοιοῦτον
1421 2361 1509 2395 δόγμα
1525 2359 1571 2386 καὶ
1586 2361 1614 2386 ὲν
1630 2359 1668 2394 τῷ
1683 2360 1806 2393 Euan:-

1016 2412 1066 2447 λίῳ
1077 2411 1211 2437 διδάσκειν
1223 2405 1299 2443 οἶμαι
1315 2407 1360 2434 τὸν
1374 2407 1485 2442 Κύριον.
1500 2405 1612 2440 λέγοντα
1628 2407 1684 2437 τοῖς
1699 2405 1806 2433 ἀκούειν

1017 2456 1174 2492 δυναμένοις
1187 2455 1235 2490 τῆς
1247 2455 1276 2481 ὲν
1292 2453 1433 2489 μυστηρίῳ
1459 2451 1625 2486 λαλουμένης
1646 2451 1752 2484 σοφίας,
1768 2451 1806 2477 ὅτι

1021 2513 1030 2528 ι
1041 2503 1072 2529 Ἡ
1088 2501 1208 2537 βασιλεία
1215 2500 1262 2526 τοῦ
1274 2499 1342 2526 Θεοῦ
1351 2498 1425 2529 ὲντὺς
1435 2497 1510 2533 ὑμῶν
1520 2498 1594 2523 ἐστιν
1602 2505 1608 2511 '
1624 2507 1634 2522 ι
1643 2497 1806 2523 ἐνδείκνυται

1017 2550 1081 2585 γὰρ,
1093 2547 1179 2584 οἶμαι,
1194 2548 1209 2574 ὁ
1224 2547 1302 2581 λόγος
1315 2545 1398 2580 αὐτῷ,
1411 2544 1493 2572 ὅτιτὸ
1510 2543 1557 2570 τοῦ
1574 2542 1642 2570 Θεοῦ
1659 2542 1762 2577 ἀγαθὸν
1777 2542 1807 2568 οὗ

1016 2596 1155 2630 διώρισται
1167 2594 1216 2629 τῆς
1231 2593 1337 2628 φύσεως
1353 2591 1439 2626 ήμῶν,
1457 2590 1515 2616 οὐδὲ
1532 2589 1673 2625 πόρρωθέν
1692 2597 1744 2615 που
1755 2588 1808 2615 τῶν

1017 2642 1109 2676 ζητεῖν
1121 2640 1186 2666 αὐτὸ
1203 2637 1424 2675 προαιρουμένων
1434 2635 1605 2670 ἀπῴκισται·
1623 2634 1691 2662 ἀλλά
1707 2635 1736 2661 ὲν
1748 2635 1809 2661 ἑκά-

1018 2697 1073 2723 στῳ
1085 2687 1168 2718 ἐστὶν,
1186 2684 1365 2719 ἀγνοούμενον
1381 2682 1429 2717 μὲν
1450 2682 1497 2708 καὶ
1511 2681 1651 2713 λανθάνον,
1672 2681 1737 2707 ὅταν
1757 2680 1809 2706 ὑπὸ

1021 2732 1075 2759 τῶν
1088 2730 1225 2767 μεριμνῶν
1245 2738 1275 2755 τε
1298 2729 1343 2755 καὶ
1361 2726 1461 2762 ἡδονῶν
1477 2726 1524 2752 τοῦ
1539 2726 1595 2761 βίου
1613 2724 1808 2760 συμπνίγηται·

1023 2777 1213 2813 εὑρισκόμενον
1227 2776 1254 2802 δὲ
1273 2774 1364 2808 πάλιν,
1379 2773 1442 2800 ὃταν
1461 2773 1500 2804 εἰς
1520 2771 1607 2798 ἐκεῖνο
1623 2770 1670 2806 τὴν
1691 2770 1807 2797 διάνοιιι
