1912 3080
77 130 128 138 π--ν

77 139 129 157 010

754 125 796 152 DE
815 123 1049 152 YlHGINlTATE.
1093 133 1096 138 ν

1671 109 1724 138 5τῦ

77 186 160 222 ἡμῶν
180 187 406 224 ἐπιστρέψωμεν·
429 187 453 214 εἰ
477 187 504 214 δὲ
518 186 571 222 χρὴ
591 185 637 212 καὶ
660 185 692 211 δι’
708 176 811 218 ’ἑτέρων
833 184 877 209 τὸν
893 209 899 214 ,

944 183 1067 210 nvenitur
1091 189 1154 208 cum
1179 184 1310 211 mentem,
1332 179 1510 212 animumque
1537 177 1663 202 nostrum
1688 170 1722 196 ad

78 233 159 266 λόγον
178 233 377 265 πιστώσασθαι,
394 233 473 260 τοῦτο
489 233 537 259 καὶ
556 233 585 258 ὲν
599 233 633 267 τῇ
649 229 815 264 ἁναζητὴπει
831 230 881 264 τῆς

79 278 271 314 ἀπολλυμένης
295 280 423 316 δραχμῆς
450 281 517 315 ἡμῖν
541 278 717 305 ὑποτίθεσθαι
740 275 816 312 οἶμαι
837 276 883 302 τὸν

81 324 193 360 Κύριον,
205 325 245 356 ὡς
259 326 335 352 οὐδὲν
353 326 448 360 ὃφελος
468 326 500 351 ἐκ
522 324 578 350 ’τῶν
598 324 698 351 λοιπῶν
719 322 833 360 ἀρετῶν,
851 322 883 353 ἃς

81 371 206 406 δραχμὰς
221 373 236 398 ὁ
248 371 327 406 λόγος
346 372 483 407 ὠνόμασε,
499 371 551 397 κᾶν
570 371 655 397 πᾶσαι
679 369 815 404 παροῦσαι
837 367 883 394 τύ-

82 426 160 452 χωσι,
176 418 227 452 τῆς
241 418 306 453 μιᾶς
322 417 428 453 ἐκείνης
440 415 564 451 ἀπούσης
581 417 615 451 τῇ
630 415 784 451 χηρευούσῃ
798 414 881 449 ψυχῇ.

83 463 133 489 Διά
151 463 231 490 τοῦτο
248 463 356 500 πρῶτον
370 465 418 499 μὲν
431 463 528 491 ἅπτειν
549 464 646 498 λύχνον
661 461 750 489 ἐλαίου
767 460 883 490 κελεύει,

82 509 127 534 τὸν
143 508 223 544 λόγον
238 509 309 545 τάχα
328 510 468 546 σημαίνων
490 510 536 536 τὸν
553 509 587 536 τὰ
608 509 788 543 κεκρυμμένα
802 506 885 541 φωτί-

83 556 164 586 ζοντα
174 564 181 570 ·
193 553 257 582 εἶτα
267 556 295 582 ἐν
311 557 342 591 τῇ
356 556 408 591 ἰδίᾳ
418 556 501 591 οἰκίᾳ,
514 555 661 585 τουτέστιν,
678 554 708 580 ἐν
724 552 821 587 ἑαυτῷ,
835 551 884 586 ζη-

82 603 140 628 τεῖν
152 602 203 636 τὴν
212 602 404 638 ἀπολλυμένην
416 603 550 638 δραχμήν.
560 602 608 628 Διὰ
619 601 646 628 δὲ
657 600 706 636 τῆς
717 599 885 634 ζητουμένης

84 649 211 684 δραχμῆς
222 649 273 685 τὴν
287 649 379 676 εἰκόνα
394 650 502 681 πάντως
517 648 564 675 τοῦ
580 647 712 683 βασιλέως
724 646 884 677 αἰνίσσεται,

83 695 133 731 τὴν
147 696 210 731 οὐχ).
221 696 362 729 παντελῶς
376 695 577 731 ἀπολλυμένην,
591 695 658 722 ἀλλὰ
675 693 887 729 ὑποκεκρυμμέ-

86 752 135 777 νην
149 744 185 778 τῇ
201 744 306 779 κόπρῳ.
332 743 441 779 Κύπρον
464 743 492 770 δὲ
509 743 562 779 χρὴ
586 743 667 774 νοεῖν,
684 741 722 772 ὡς
736 737 823 775 οἶμαι,
838 739 886 775 τὴν

85 790 135 824 τῆς
152 789 256 825 σαρκὸς
277 789 428 825 ῥυπαρίαν
445 787 478 825 ἧς
501 788 727 823 ἁποσαρωθείσης
750 786 798 813 καὶ
819 787 886 812 ἁνα-

86 834 274 870 καθαρθείσης
293 835 338 862 διὰ
350 836 398 870 τῆς
420 835 577 871 ἐπιμελείας
590 834 636 861 τοῦ
649 833 717 869 βίον,
730 833 840 868 ἔκδηλον
857 831 887 857 τὸ

86 881 255 916 ζητούμενον
277 882 409 916 γίνεσθαι,
432 882 474 916 ἐφ’
493 878 516 916 ᾧ
543 882 654 912 εῐκάτως
675 880 762 915 αὑτήν
782 888 812 905 τε
837 878 886 913 τὴν

38 947 40 949 -
87 926 223 962 εὑροῦσαν
242 927 348 962 χαίρειν
371 927 470 962 ψυχὴν,
490 927 537 953 καὶ
555 927 595 957 είς
612 925 753 952 κοινωνίαν
772 925 820 959 τῆς
842 923 888 950 εὐ-

87 972 228 1007 φροσύνης
246 973 526 1008 ουρ-παραλαμϐάνειν
544 973 593 1004 τὰς
610 971 744 1006 γείτονας.
766 970 810 1005 Τῷ
832 969 887 997 ὃντι

87 1018 142 1054 γὰρ
163 1019 251 1045 πᾶσαι
265 1019 292 1045 αἱ
311 1019 428 1046 σύνοικοι
444 1019 493 1053 τῆς
515 1019 603 1053 ψυχῆς
624 1018 764 1052 δυνάμεις,
784 1017 817 1048 ἃς
832 1016 888 1050 γεί-

88 1072 169 1095 τονας
190 1064 239 1090 νῦν
261 1064 490 1100 προσηγόρευσεν,
512 1064 622 1090 ἐπειδὰν
645 1062 821 1098 ἀνακαλυφθῇ
841 1062 888 1089 καὶ

88 1110 220 1145 ἐκλάμψῃ
238 1110 308 1145 αὓτη
331 1111 347 1145 ὴ
373 1110 420 1136 τοῦ
444 1110 561 1145 μεγάλου
584 1109 715 1144 βασιλέως
740 1108 832 1140 εἰκὼν,
855 1108 888 1144 ἣν

89 1157 118 1189 ἐξ
142 1156 232 1191 ἀρχῆς
254 1156 439 1192 ὲνεσημήνατο
463 1156 541 1191 ήμῶν
559 1157 592 1191 τῇ
614 1156 721 1190 δραχμῇ
745 1156 758 1182 ὸ
784 1154 888 1186 πλάσας

89 1202 164 1228 κατὰ
177 1201 263 1237 μόνας
277 1201 327 1232 τὰς
343 1201 455 1237 καρδίας
481 1201 569 1236 ἡμῶν,
594 1201 655 1227 τότε
675 1201 722 1226 ἐπὶ
743 1199 792 1235 τὴν
815 1199 889 1226 οείαν

89 1247 200 1282 ἐκείνην
213 1247 301 1283 χαράν
324 1256 353 1274 τε
371 1248 418 1274 καὶ
435 1247 605 1282 εὐφροσύνην
627 1246 889 1281 ἐπιστραφήσονται,

89 1293 129 1328 τῷ
151 1292 288 1328 ἀφράστῳ
312 1292 406 1320 κάλλει
426 1292 473 1319 τοῦ
498 1292 654 1327 εὑρεθέντος
679 1291 888 1323 ὲνατενίζουσαι.

93 1349 102 1364 ε
117 1339 279 1373 Συγχάρητε
293 1347 302 1363 ι
315 1338 368 1374 γάρ
381 1348 390 1363 ι
404 1346 458 1373 μοι,
476 1348 485 1363 ι
497 1338 589 1373 φησὶν,
608 1347 617 1362 ι
631 1338 671 1364 ὅτι
683 1335 760 1373 εὗρον
771 1337 820 1373 τὴν
830 1337 891 1372 δρα-

90 1385 165 1419 χμὴν
191 1384 224 1419 ἣν
249 1383 387 1410 ἀπώλεσα.
407 1393 417 1409 ι
434 1384 467 1410 Δί
490 1383 518 1410 δὲ
542 1384 671 1417 γείτονες,
693 1384 751 1418 ἦτοι
775 1382 891 1409 σύνοικοι

90 1431 141 1464 τῆς
153 1430 244 1464 ψυχῆς
255 1429 383 1465 δυνάμεις
395 1430 441 1456 ἐπὶ
451 1431 484 1465 τῇ
498 1430 605 1472 ερρὲσει
620 1430 670 1464 τῆς
680 1429 754 1461 θείας
767 1428 892 1464 δραχμῆς

92 1476 320 1510 εὐφραινόμεναι,
335 1476 351 1511 ἡ
371 1475 465 1511 λογική
482 1484 512 1502 τε
534 1476 581 1502 καὶ
602 1475 798 1511 ἐπιθυμητικὴ,
813 1475 860 1501 καὶ
875 1475 892 1509 ὴ

93 1521 167 1548 κατὰ
180 1521 269 1556 λύπην
285 1530 316 1548 τε
331 1521 377 1548 καὶ
399 1521 484 1557 ὀργὴν
510 1521 672 1556 ἐγγινομένη
697 1520 826 1552 διάθεσις,
846 1521 892 1546 καὶ

93 1567 122 1593 εἴ
134 1575 207 1598 τινες
224 1567 301 1593 ἄλλαι
317 1567 444 1601 δυνάμεις
459 1566 512 1593 εἰσὶ
532 1567 596 1602 περὶ
608 1566 657 1602 τὴν
671 1566 760 1602 ψυχὴν
777 1566 895 1601 θεωρού-

97 1620 190 1647 μεναι,
217 1611 329 1643 εἰκότως
351 1611 383 1637 ἂν
414 1612 461 1637 καὶ
485 1611 559 1646 φίλαι
581 1609 651 1638 εἶναι
673 1611 838 1646 νομίζονται,
864 1610 897 1643 ἃς

95 1657 189 1688 πάσας
203 1657 263 1683 τότε
284 1656 387 1691 χαίρειν
413 1658 441 1683 ἐν
465 1657 558 1692 Κυρίῳ
577 1657 662 1689 εἰκὸς,
680 1657 744 1684 ὅταν
764 1657 792 1683 αί
811 1657 897 1683 πᾶσαι

96 1704 168 1738 πρὸς
183 1703 214 1729 τὺ
231 1703 313 1729 καλόν
325 1711 354 1729 τε
375 1703 422 1729 καὶ
437 1703 537 1737 ἀγαθὸν
552 1704 682 1739 βλέπωσι,
697 1704 743 1730 καὶ
757 1703 844 1730 πάντα
857 1704 897 1734 εἰς

95 1750 178 1816 δόξειν
197 1749 265 1776 θεθῧ
291 1749 442 1785 ἐνεργῶσιί
470 1750 567 1785 μηκέτι
591 1751 640 1786 τῆς
668 1750 805 1785 ἁμαρτίας
827 1749 897 1775 ὅπλα

98 1804 251 1831 γινομεναι.

137 1886 169 1912 Εἰ
181 1883 228 1912 οὖν
245 1885 313 1921 αὕτη
338 1886 412 1911 ἐστὶν
435 1885 451 1920 ἡ
473 1884 580 1911 ἐπίνοια
595 1884 644 1919 τῆς
665 1884 712 1911 τοῦ
728 1884 894 1919 ζητουμένου

101 1932 252 1967 εὕρ-ήσεως,
267 1932 284 1966 ἡ
296 1932 345 1966 τῆς
359 1931 432 1962 θείας
455 1931 558 1961 εἰκόνος
572 1931 611 1962 εἰς
624 1930 653 1957 τὸ
667 1931 777 1966 ἀρχαῖον
791 1932 896 1957 ἀποκα-

101 1979 244 2009 τάστασις,
261 1978 310 2012 τῆς
326 1977 374 2004 νῦν
390 1978 418 2004 ἐν
432 1977 472 2012 τῷ
484 1977 533 2012 τῆς
552 1977 653 2013 σαρκὸς
666 1977 744 2012 ῥύπῳ
760 1977 896 2012 κεκαλυμ-

105 2024 199 2059 μένης,
216 2025 304 2059 ὲκεζνο
318 2023 460 2059 γενώμεθα
473 2024 488 2050 ὃ
501 2021 535 2059 ἦν
550 2023 624 2059 παρὰ
643 2023 692 2059 τὴν
709 2023 820 2058 πρώτην
835 2024 897 2049 ἑαυ-

103 2071 151 2097 τοῦ
163 2070 235 2105 ζωὴν
246 2070 261 2095 ὁ
273 2070 493 2105 πρωτόπλαστος.
507 2069 540 2096 Τί
554 2067 600 2096 οὖν
615 2070 716 2101 ἐκεῖνος
727 2067 777 2104 ῆν;
792 2069 897 2104 Γυμνὸς

106 2117 155 2152 μὲν
171 2117 219 2151 τῆς
231 2115 284 2142 τῶν
296 2116 400 2151 νεκρῶν
411 2115 553 2151 δερμάτων
568 2115 706 2150 ἐπιϐολῆς,
715 2116 744 2141 ὲν
759 2116 899 2151 παρρησίᾳ

104 2162 133 2188 δὲ
144 2162 175 2188 τὺ
189 2161 237 2188 τοῦ
261 2161 328 2188 Θεοῦ
351 2162 497 2197 πρόσωπον
511 2161 627 2196 βλέπων,
643 2160 719 2187 οὔπω
736 2161 764 2188 δὲ
776 2161 820 2188 διὰ
835 2161 898 2194 γεύ-

107 2215 175 2237 σεως
190 2206 237 2232 καὶ
251 2205 372 2241 ὁράσεως
389 2205 420 2231 τὸ
443 2205 525 2232 καλὸν
550 2205 661 2240 κρίνων,
677 2204 745 2231 ἀλλὰ
759 2204 837 2240 μόνον
851 2204 898 2231 τοῦ

107 2251 211 2286 Κυρίου
224 2250 417 2287 κατατρυφτῶν,
428 2251 474 2277 καὶ
485 2252 517 2286 τῇ
527 2250 634 2287 δοθείσῃ
646 2249 735 2285 βοηθῷ
747 2250 815 2284 πρὸς
822 2249 900 2276 τοῦτο

935 229 1001 255 illud
1025 228 1263 259 converterimus;
1293 225 1337 253 sin
1360 228 1450 251 autem
1468 225 1502 250 ex
1528 220 1590 247 aliis
1614 223 1724 253 quoque

935 276 997 307 hoc,
1028 274 1100 310 quod
1131 274 1259 303 dicimus,
1282 270 1474 299 conﬁrmatum
1493 267 1526 294 iri
1552 268 1670 300 oportet,
1696 263 1724 288 in

935 321 1043 347 amissa:
1068 319 1205 346 drachma:
1229 317 1414 351 indagationc,
1445 314 1497 340 hoc
1526 313 1615 346 ipsum
1644 308 1724 335 nobis

937 366 1080 393 Dominum
1105 365 1254 399 prmeipere
1271 369 1382 393 censeo,
1404 360 1480 395 quasi
1498 367 1513 386 e
1542 355 1648 385 caneris
1670 354 1725 380 vir-

935 412 1051 444 tutibus,
1066 420 1135 447 quas
1152 411 1299 438 drachmas
1311 409 1356 435 ille
1377 405 1494 436 vocavit,
1506 403 1612 431 etiamsi
1629 407 1725 428 omnes

936 459 1037 490 adsint,
1053 459 1100 486 illa
1116 462 1208 485 tamen
1225 464 1279 483 una
1299 457 1405 482 remota
1421 453 1457 479 sit
1474 451 1510 478 ab
1526 449 1616 476 animo
1632 446 1724 477 viduo,

936 506 1009 533 nulla
1028 505 1143 532 exsistat
1156 503 1270 530 utilitas.
1292 501 1440 535 Propterea
1455 499 1594 524 lucernam
1608 493 1724 529 primunt

936 552 1045 587 quidem
1076 549 1278 584 accendijubet
1310 557 1318 575 :
1342 547 1476 573 rationem
1511 542 1584 569 enini
1609 540 1727 566 fortasse

936 598 1082 634 signiﬁcat,
1092 604 1151 632 qua),
1164 604 1208 623 res
1218 595 1351 625 occultas,
1361 597 1440 627 atque
1449 590 1582 618 obscuras
1591 587 1726 614 illustrat:

936 643 1035 670 deinde
1046 649 1102 669 sua:
1118 648 1253 676 quemque
1269 638 1355 670 domi,
1367 643 1464 672 nempe
1478 636 1504 662 in
1529 634 1619 668 seipso
1646 630 1729 658 anuis-

937 697 993 715 sam
1012 688 1169 716 drachmam
1189 687 1333 721 exquirere
1347 685 1414 712 vult.
1439 683 1496 710 Hac
1510 688 1577 709 sane
1590 678 1729 707 drachma:

937 734 1112 769 indagatione
1138 731 1238 760 summi
1255 732 1326 766 regis
1356 729 1501 764 imaginem
1518 725 1600 752 tacite
1614 721 1728 755 intelligi

937 785 1056 816 oportet,
1071 787 1132 814 quae
1147 787 1199 806 non
1212 779 1289 813 plane
1306 777 1419 805 amissa.
1430 773 1477 801 sed
1497 772 1547 800 sub
1561 770 1625 797 (imo
1637 767 1729 795 occul-

939 831 994 852 tata
1008 829 1059 853 est.
1076 824 1182 851 Fimum
1198 831 1271 852 vero.
1289 826 1318 849 ut
1333 820 1462 849 arbitror,
1479 816 1570 844 ramis
1586 817 1628 842 cst
1645 813 1731 839 inter-

939 872 1068 908 pretanda
1103 869 1302 900 immunditics,
1331 867 1411 900 cuius
1450 863 1577 892 sordibus
1607 857 1730 896 purgatis

938 905 1022 953 atque
1048 917 1149 944 ablutis
1166 915 1341 950 perspicuum
1359 912 1385 939 id
1404 911 1443 943 ﬁt,
1467 909 1539 945 quod
1566 905 1698 942 quatritur
1721 913 1728 930 :

938 973 993 1001 quo
1006 965 1127 995 invento,
1141 971 1190 998 par
1207 967 1247 989 est
1260 967 1284 988 ct
1301 961 1401 993 ipsum,
1419 958 1464 993 qui
1478 955 1591 984 invenit,
1606 953 1729 980 animmn

939 1012 1070 1047 gaudere,
1088 1014 1170 1044 atque
1186 1009 1218 1035 ad
1235 1007 1322 1042 ipsius
1343 1005 1435 1041 gaudii
1455 1002 1611 1031 societatem
1626 998 1731 1025 vicinas

940 1057 1088 1086 asciscere.
1103 1055 1205 1081 ()Inues
1222 1053 1293 1080 enim
1314 1060 1343 1078 re
1357 1058 1420 1077 vera
1441 1045 1653 1076 contubernales
1674 1042 1732 1069 ani-

941 1104 977 1130 mi
992 1105 1153 1138 potestates,
1169 1107 1239 1135 quas
1269 1105 1343 1125 nunc
1357 1096 1463 1124 vicinas
1486 1090 1642 1128 appellavit,
1670 1095 1732 1115 cum

941 1137 1000 1184 ipsa
1023 1148 1114 1184 magni
1144 1146 1216 1182 regis
1233 1144 1366 1180 patefacta
1400 1142 1490 1176 imago
1507 1137 1625 1169 refulsit,
1650 1141 1732 1170 quam

941 1196 1021 1223 initio
1034 1199 1129 1222 nostra
1145 1179 1276 1220 drachma
1293 1191 1316 1217 is
1335 1187 1510 1224 signiﬁcavit,
1526 1183 1573 1220 qui
1585 1179 1733 1217 separatim

942 1246 1037 1270 nostra
1057 1239 1141 1268 corda
1158 1238 1308 1266 ell'ecerat:
1327 1241 1384 1262 tum
1414 1231 1602 1260 incredibilem
1628 1227 1666 1255 rei
1692 1226 1735 1252 in-

942 1292 1029 1316 ventre
1052 1283 1283 1321 pulchritudinem
1301 1281 1353 1308 illa:
1367 1283 1472 1307 attente
1503 1275 1684 1311 aspicientes,
1701 1270 1735 1298 ad

942 1334 1065 1361 divinum
1090 1331 1156 1358 illud
1173 1329 1302 1365 gaudium
1334 1326 1513 1359 laetitiamque
1530 1323 1734 1349 convertentur.

946 1390 955 1405 ί
988 1376 1234 1414 Congratulamini,
1260 1383 1269 1399 ›
1302 1372 1401 1407 inquit,
1421 1380 1429 1396 ι
1465 1368 1542 1399 mihi,
1563 1365 1627 1401 quia
1644 1362 1735 1391 invclti

943 1425 1113 1455 drachmam,
1133 1429 1215 1457 quam
1235 1419 1405 1455 perdideram
1426 1416 1457 1441 ¹⁷.
1478 1424 1487 1440 ι
1520 1411 1624 1440 Vicina:
1651 1409 1735 1439 cnim.

944 1472 996 1499 hoc
1008 1474 1059 1503 est,
1075 1465 1303 1497 conturbernales
1318 1462 1401 1490 animi
1431 1462 1592 1496 potestates,
1608 1462 1668 1490 quae
1693 1453 1736 1480 di-

944 1518 1007 1544 vina
1024 1515 1154 1544 drachma
1173 1513 1282 1540 inventa
1297 1509 1426 1546 gaudent,
1438 1507 1480 1534 lue
1497 1505 1594 1532 merito
1609 1509 1670 1529 esse
1687 1507 1737 1534 pu-

947 1567 1039 1591 tantur
1054 1582 1062 1593 ,
1088 1561 1159 1588 ratio
1181 1559 1302 1588 scilicet.
1332 1554 1479 1591 appetitio,
1504 1550 1608 1579 doloris
1637 1548 1738 1581 ineque

946 1608 1114 1639 affectiones;
1133 1609 1159 1632 ct
1171 1604 1193 1632 si
1207 1610 1268 1638 qua:
1281 1590 1355 1628 alia),
1372 1598 1563 1633 intelliguntur
1583 1593 1682 1621 animae
1696 1590 1736 1617 fa-

945 1655 1074 1685 cultates,
1090 1651 1188 1679 merito
1205 1649 1299 1676 amicae
1316 1646 1396 1674 etiam
1414 1643 1575 1671 creduntur,
1592 1645 1661 1674 quas
1677 1637 1738 1672 qui-

946 1701 1006 1727 dem
1031 1705 1128 1725 omnes
1146 1702 1253 1730 :cquum
1282 1697 1324 1720 est
1344 1692 1371 1719 in
1397 1689 1512 1717 Domino
1528 1692 1585 1714 tum
1609 1683 1737 1720 gaudere,

946 1749 1044 1773 cumet
1061 1744 1093 1771 ad
1106 1743 1262 1771 honestum,
1275 1743 1302 1766 et
1320 1738 1354 1765 ad
1375 1737 1477 1764 bonum
1496 1739 1593 1761 omnes
1606 1733 1740 1758 contuen-

949 1798 993 1820 lur
1009 1800 1016 1818 :
1037 1797 1125 1825 neque
1141 1787 1244 1823 peccati
1259 1785 1377 1819 amplius
1392 1788 1468 1809 arma
1482 1784 1556 1811 sunt.
1577 1778 1623 1806 sed
1640 1778 1740 1804 cuncta

946 1837 1066 1866 cilicium
1077 1842 1137 1870 qua:
1157 1833 1189 1859 ad
1208 1832 1253 1859 Dei
1270 1830 1384 1865 gloriam
1396 1828 1513 1854 maxime
1531 1827 1666 1860 spectant.

982 1881 1165 1916 Quamobrem
1178 1879 1200 1906 si
1226 1877 1295 1904 ratio
1309 1876 1366 1903 hazc
1383 1878 1426 1902 est
1447 1870 1604 1900 inveniendi
1628 1869 1654 1896 id
1667 1867 1740 1903 quod

947 1929 1089 1965 quzcritur,
1106 1930 1135 1952 ut
1151 1924 1274 1952 divinam
1291 1921 1448 1956 imaginem,
1474 1925 1535 1954 qua).
1549 1916 1641 1944 carnis
1657 1914 1742 1942 sordi-

948 1977 999 2004 bus
1013 1975 1138 2002 demersa
1152 1972 1196 2004 sit,
1208 1970 1236 1997 in
1248 1970 1384 2004 integrum
1399 1967 1575 1994 restituamus
1589 1972 1596 1990 :
1612 1970 1662 1989 nos
1675 1961 1741 1989 illud

949 2030 1015 2050 sane
1028 2020 1189 2050 eﬂiciamur,
1207 2015 1279 2051 quod
1310 2013 1446 2049 principio
1461 2011 1484 2038 is
1501 2011 1598 2041 fuerat,
1619 2008 1665 2043 qui
1683 2008 1741 2042 pri-

949 2075 1023 2094 mum
1055 2065 1205 2092 fabricatus
1226 2066 1268 2090 cst
1284 2062 1376 2088 homo.
1393 2057 1463 2091 Quid
1477 2057 1560 2091 igitur
1578 2055 1644 2082 illud
1660 2053 1742 2082 erat?

950 2113 1046 2141 Nudus
1058 2111 1166 2146 quidem
1182 2110 1215 2141 is,
1232 2107 1348 2135 necdum
1359 2104 1476 2132 mortuis
1489 2102 1605 2138 pellibus
1614 2101 1741 2133 amictus,

950 2161 1035 2188 libere
1053 2161 1144 2185 autem
1166 2156 1211 2183 Dei
1229 2154 1326 2182 faciem
1346 2158 1473 2182 cernens,
1489 2156 1578 2184 neque
1598 2148 1688 2175 adhuc
1709 2153 1742 2174 ex

950 2208 1060 2240 gustatu
1074 2207 1101 2230 et
1114 2205 1226 2236 aspectu
1247 2199 1410 2227 suavitatem
1425 2196 1557 2226 sentiens,
1567 2197 1614 2222 sed
1627 2192 1742 2220 Domino

951 2237 1039 2279 solum
1057 2249 1218 2276 delectatus,
1233 2243 1436 2279 adjutorioque,
1448 2240 1522 2277 quod
1532 2240 1564 2267 ad
1581 2239 1642 2271 hoc,
1655 2242 1685 2264 ut
1702 2237 1744 2264 dio

107 2285 319 2332 aufxptbptsvog,
337 2285 429 2328 καθὼς
459 2285 698 2332 ἐπισημαίνεταιὴ
715 2295 774 2322 θεία
792 2294 898 2330 Γραφὴ,

953 2297 1022 2323 νὶηω
1036 2293 1185 2322 ostendunt
1201 2291 1320 2322 Litterw,
1328 2289 1421 2316 datum
1429 2288 1452 2314 ei
1467 2291 1535 2318 erat,
1555 2285 1636 2313 simul
1652 2289 1742 2311 utens.

106 2343 147 2370 ὅτι
174 2343 206 2369 οὺ
234 2342 365 2378 πρότερον
380 2342 465 2377 αὐτὴν
482 2342 564 2376 ἔγνω,
588 2342 652 2377 πρὶν
667 2341 836 2376 ἐξορισθῆναι
852 2339 899 2366 τοῦ

107 2390 285 2426 παραδείσου,
301 2389 348 2415 καὶ
365 2389 430 2424 πρὶν
445 2389 553 2424 ἐκείνην
572 2389 633 2415 ἀντὶ
652 2389 702 2424 τῆς
717 2388 854 2423 ἁμαρτίας
867 2388 901 2422 ἢν

107 2435 281 2470 ἀπατηθεῖσα
293 2434 442 2470 ἐξήμαρτε,
452 2436 486 2470 τῇ
506 2434 560 2461 τῶν
572 2434 673 2460 ὠδίνων
684 2434 805 2470 τιμωρίᾳ
815 2442 901 2461 κατα-

84 2520 89 2524 .
107 2481 247 2517 κριθῆναι.
261 2481 299 2506 Δι’
312 2477 345 2515 ἧς
364 2480 454 2507 τοίνυν
470 2479 630 2512 ἀκολουθίας
644 2479 696 2512 ἔξω
709 2480 756 2506 τοῦ
771 2479 902 2514 παραδεί-

85 2550 94 2572 λ
109 2536 156 2554 σου
174 2527 340 2562 γεγόναμεν.
366 2527 406 2561 τῷ
429 2526 583 2562 προπάτορι
603 2525 840 2560 συνεκὸληθὲντες,
855 2526 902 2552 καὶ

82 2582 96 2610 γε
109 2574 157 2600 νῦν
186 2573 232 2600 διὰ
252 2574 303 2608 τῆς
326 2573 412 2608 αὐτῆς
436 2573 540 2605 ἔξεστιν
566 2574 634 2608 ἡμῖν
655 2572 903 2608 παλινδρομήσασιν

87 2643 92 2646 .
110 2619 269 2647 ἐπανελθεῖν
288 2620 335 2646 ἐπὶ
346 2620 395 2654 τὴν
409 2620 526 2654 ἀρχαίαν
545 2618 742 2655 μακαριότητα.
762 2619 810 2650 Τίς
824 2616 870 2645 οὖν
886 2620 903 2654 ἡ

110 2666 277 2697 ἀκολουθία;
297 2666 393 2701 Ἡδονὴ
411 2666 472 2692 τότε
488 2665 522 2692 δι’
542 2665 651 2701 ἀπάτης
672 2665 835 2700 ἐγγενομένη
855 2665 905 2700 τῆς

111 2712 278 2743 ἐκπτώσεως
291 2711 402 2747 ἤρξατο.
418 2710 484 2738 Εἶτα
492 2711 608 2747 αἰσχύνη
616 2711 664 2738 καὶ
676 2711 757 2745 φόϐος
773 2711 811 2746 τῷ
823 2711 903 2738 πάθει

111 2760 160 2793 τῆς
177 2758 277 2793 ἡδονῆς
290 2757 504 2794 ἐπηκολούθησε,
528 2758 575 2785 καὶ
594 2758 633 2791 τὺ,
657 2758 754 2793 μηκέτι
771 2757 864 2784 λοιπὸν
876 2759 903 2785 ἐν

149 2846 170 2861 ⁵³
192 2844 259 2872 Luc.
280 2852 324 2875 XV.
343 2844 367 2872 9.
409 2846 429 2861 “‘
448 2845 514 2873 Gen.
534 2853 569 2876 ιν,
588 2845 609 2872 ι.

949 2341 1008 2369 Non
1025 2341 1097 2367 enim
1118 2339 1196 2374 prius
1218 2336 1300 2363 Evam
1322 2333 1460 2369 cognovit,
1481 2338 1563 2367 quam
1587 2329 1744 2365 eparadiso

949 2387 1081 2422 expulsus
1099 2389 1141 2412 est
1154 2384 1186 2416 ⁸⁸,
1202 2382 1302 2417 illaque
1327 2380 1453 2408 dolorutn
1476 2382 1573 2413 partus
1609 2374 1744 2410 supplicio

950 2435 1078 2461 damnata
1090 2435 1164 2459 esset
1177 2430 1213 2457 ob
1226 2431 1380 2464 peccatum,
1395 2425 1468 2461 quod
1477 2424 1545 2452 dolo
1558 2423 1744 2450 circumventa

951 2480 1109 2507 admiserat.
1126 2478 1196 2512 Ergo
1215 2483 1268 2511 qua
1286 2481 1352 2502 sane
1366 2473 1410 2500 via
1424 2481 1438 2500 υ
1454 2471 1583 2507 paradiso
1602 2468 1682 2504 primi
1698 2475 1745 2494 no-

952 2527 1001 2554 stri
1019 2525 1142 2562 parentis
1156 2531 1240 2551 causa
1257 2530 1307 2548 nos
1322 2520 1401 2556 ejecti
1414 2527 1520 2549 sumus,
1541 2516 1634 2544 eadem
1652 2513 1744 2549 profe-

952 2578 997 2600 cto
1015 2572 1095 2599 nobis
1119 2570 1193 2601 licet,
1208 2569 1231 2595 si
1246 2575 1343 2595 rursus
1361 2567 1387 2593 in
1403 2573 1485 2592 cursu
1498 2563 1612 2593 erimus,
1637 2560 1670 2587 ad
1687 2559 1745 2594 pri-

953 2619 1053 2646 stinam
1083 2615 1279 2644 beatitudinem
1309 2612 1408 2640 redire.
1426 2610 1492 2642 Qua:
1519 2608 1601 2642 igitur
1623 2606 1666 2632 via
1684 2605 1746 2632 est?

955 2664 1088 2699 Voluptas
1104 2667 1162 2690 tum
1180 2661 1290 2696 quidem
1324 2657 1428 2689 fraude,
1445 2655 1562 2688 doloque
1591 2652 1713 2683 inducta,
1729 2658 1745 2677 a

956 2715 1076 2746 peccato,
1094 2709 1205 2744 lapsuve
1222 2706 1329 2733 initium
1353 2703 1465 2734 habuit;
1491 2698 1588 2727 deinde
1608 2697 1705 2731 pudor,
1718 2701 1746 2723 rt

960 2760 1058 2790 metus,
1070 2754 1218 2790 voluptatis
1236 2752 1365 2780 aﬂ'ectum
1391 2746 1530 2776 consecuti
1546 2748 1619 2776 sunt,
1649 2747 1679 2769 ut
1691 2750 1746 2769 non
