1912 3080
55 122 102 151 ΞἸἻ

727 122 772 149 DE
792 121 1027 151 VlRGINlTATE.

1637 122 1691 148 37$

54 182 186 215 λέγοντος.
202 182 247 208 ὅτι
265 191 274 208 ι
291 181 328 208 Τὸ
340 181 538 217 γεγεννημένον
550 182 583 209 ὲκ
593 181 641 217 τῆς
653 181 764 218 σαρκὸς,
776 181 845 216 σάρξ

899 180 940 208 his
952 180 1043 208 verbis
1071 180 1220 215 alloqmtur
1241 189 1247 206 :
1265 188 1274 205 ι
1293 180 1370 213 Quod
1388 188 1404 208 c
1417 187 1500 207 carne
1523 183 1618 206 natum
1635 167 1688 211 est,

55 229 130 255 ἔστιν·
147 227 180 254 τὸ
193 227 224 254 δὲ
241 228 439 264 γεγεννημένον
451 230 483 255 ἐκ
493 228 540 255 τοῦ
557 228 722 264 πνεύματος,
735 228 846 263 πνεῦμά

55 275 130 300 ἐστιν.
147 283 158 300 ι
175 274 299 310 Οῐδαμεν
321 274 349 301 δὲ
372 275 421 310 τὴν
437 275 487 310 μὲν
513 274 602 310 σάρκα
616 274 722 309 θανάτῳ
736 274 780 300 διὰ
797 273 845 310 τὴν

54 319 186 356 ἁμαρτίαν
201 317 291 347 οὖσαν
301 320 440 352 ὑπόδικον,
448 320 479 347 τὸ
486 320 514 347 δὲ
526 320 639 356 Πνεῦμα
652 320 698 347 τοῦ
713 319 781 347 Θεοῦ
798 320 846 347 καὶ

56 366 196 401 ἄφθαρτον,
213 366 266 392 καὶ
281 366 425 398 ζωοποιὸν,
446 368 492 393 καὶ
508 366 651 394 ἀθάνατον.
671 367 776 402 ’Ὠσπερ
788 367 845 393 τοί-

55 420 96 437 νυν
107 412 140 445 τῇ
160 411 236 437 κατὰ
261 411 351 447 σάρκα
374 411 480 446 γενέσει
499 411 724 439 συναποτίκτεται
737 412 845 444 πάντως

56 456 97 482 καὶ
108 455 284 491 ήδιαλὺουσα
296 457 327 483 τὺ
337 456 506 492 γεννώμενον
519 457 633 492 δύναμις
642 465 649 472 ⁸
665 456 736 485 οὕτω
745 458 845 494 δηλαδὴ

56 503 96 529 καὶ
112 501 143 528 τὸ
162 503 282 539 Πνεῦμα
300 505 355 536 τοῖς
372 503 406 530 δι’
420 503 502 531 αὑτοῦ
517 504 696 539 γεννωμένοις
715 505 764 540 τὴν
779 504 846 537 ζωο-

57 549 124 575 ποιὸν
147 549 342 577 ἐναποτίθεται
365 550 490 586 δύναμιν.
510 551 542 577 Τί
559 549 606 578 οὖν
626 551 777 578 ἀνακόπτει
801 550 845 577 διὰ

56 594 104 620 τῶν
115 595 288 630 είρημένωνς
309 596 492 630 Ἀποστάντας
512 599 585 633 ἡμᾶς
599 598 649 633 τῆς
668 599 738 625 κατὰ
755 598 844 633 σάρκα

58 640 130 675 ζωῆς.
176 641 293 673 πάντως
304 643 423 674 τοιοῦτος
440 643 616 670 ἐπακολουθεῖ
629 644 678 670 καὶ
689 644 704 671 ὁ
720 643 844 675 θάνατος,

56 685 166 713 τοιοῦτον
178 687 426 723 ὲπιζητῆσαιβίον,
443 688 473 720 ὃς
486 688 579 715 οὐκέτι
595 689 642 715 τοῦ
660 688 776 716 θανάτου
795 688 844 723 τὴν

57 729 211 758 ἀκολουθίαν
226 731 383 766 ἐφέλκεται.
402 729 486 765 Οὗτος
502 733 531 760 δέ
543 733 616 760 ἐστιν
636 735 651 760 ὁ
667 735 696 760 ἐν
710 733 845 769 παρθενίᾳ

57 774 116 808 βίος.
136 776 192 802 Καὶ
214 776 256 808 ὡς
282 776 371 812 ἀληθῆ
393 777 490 809 ταῦτα,
516 777 621 813 μικρῶν
641 777 844 814 προστεθέντων

57 822 125 849 ἔσται
148 823 404 859 καταφανέστερον.
421 825 470 856 Τίς
492 824 546 859 γὰρ
569 824 620 851 οὐκ
640 822 720 858 οἶδεν,
737 824 779 851 ὃτι
795 824 844 860 τῆς

58 869 102 904 μὲν
113 869 278 905 σωματικῆς
291 870 438 904 συναφείας
451 870 483 897 τὸ
496 871 576 906 ἔργον
591 870 725 906 σωμάτων
740 870 845 905 θνητῶν

57 916 108 942 ἐστι
127 915 289 952 κατασκευὴ
301 935 309 946 .
327 917 376 951 τῆς
394 916 424 943 δὲ
447 915 515 951 πρὸς
537 916 568 943 τὸ
581 916 690 952 πνεῦμα
703 915 845 948 κοινωνίας

57 961 108 996 ζωὴ
137 961 184 989 καὶ
215 961 360 997 ἀφθαρσὶα
382 963 439 994 τοῖς
461 962 636 996 συναφθεῖσιν
659 962 720 989 ἀντὶ
742 961 844 989 τέκνων

57 1008 242 1043 προσγίνεταιι
272 1008 326 1035 Καὶ
347 1008 438 1039 καλῶς
455 1009 512 1035 ἐστι
524 1009 554 1036 τὸ
567 1008 746 1036 ἀποστολικδν
757 1009 844 1036 εἰπεῖν

57 1054 98 1081 ἰπὶ
108 1052 214 1086 τούτου,
222 1055 266 1082 ὃτι
281 1054 417 1086 ιΣὼζεται
430 1055 474 1081 διὰ
483 1055 533 1090 τῆς
540 1055 712 1089 τεκνογονίας
724 1054 840 1090 ταύτης»

57 1101 72 1136 ὴ
89 1099 140 1126 τῶν
159 1099 292 1126 τοιούτων
302 1099 405 1127 τέκνων
427 1101 520 1136 μήτηρ
533 1100 744 1137 εὐφραινομένη,
753 1100 844 1132 καθὼς

57 1147 82 1172 tv
95 1145 173 1178 θείοις
188 1146 286 1181 ὕμνοις
306 1146 322 1173 ὁ
346 1146 498 1182 Ψαλμῳδὸς
519 1147 722 1183 ἀνευφήμησεν,
739 1147 842 1174 είπών·

60 1201 68 1218 ι
89 1191 116 1219 Ὀ
128 1191 296 1224 κατοικίζων
316 1193 425 1228 στεῖραν
440 1193 469 1219 ιν
480 1192 547 1228 οἴκῳ
559 1193 666 1228 μητέρα
679 1193 726 1219 ἐπὶ
737 1193 844 1224 τέκνοις

58 1236 279 1273 εὑφραινομένην.
298 1247 307 1263 ι
325 1237 506 1274 Εὐφραίνεται
517 1237 571 1274 γὰρ
587 1239 678 1274 μήτηρ
691 1238 728 1270 ὡς
736 1238 844 1274 ἀληθῶς

58 1284 73 1318 ὴ
87 1283 218 1319 παρθένος
239 1284 344 1319 μήτηρ,
359 1285 376 1320 ή
389 1284 423 1311 τὰ
436 1284 558 1312 ἀθάνατα
572 1284 654 1312 τέκνα
673 1284 844 1320 κυοφοροῠσα

58 1328 96 1356 διὰ
109 1329 155 1357 τοῦ
167 1330 339 1365 Πνεῦματος,
364 1331 460 1366 στεῖρα.
477 1330 522 1358 διὰ
538 1331 587 1366 τὴν
604 1330 779 1366 σωφροσύνην
792 1331 844 1357 ὑπὸ

58 1373 99 1400 τοῦ
125 1374 270 1410 Προφήτου
296 1375 488 1410 ὠνομασμένη.
503 1375 633 1402 Οὐκοῦνό
654 1375 773 1406 τοιοῦτος
787 1376 844 1411 βίος

60 1420 234 1455 προτιμητέος
255 1422 313 1453 τοῖς
338 1429 370 1455 γε
387 1420 449 1447 νοῦν
466 1421 585 1456 ἔχουσιν,
604 1421 634 1452 ὃς
648 1421 781 1458 κρείττων
794 1423 844 1458 τῆς

59 1463 100 1490 τοῦ
116 1464 230 1491 θανάτου
241 1465 401 1498 δυναστείας
413 1466 496 1493 ἐστίν.
516 1466 547 1492 'H
558 1467 612 1502 γὰρ
625 1467 768 1503 σωματικὴ
781 1476 845 1494 παι-

60 1509 157 1537 δοποιία
179 1511 240 1543 (καὶ
259 1511 354 1546 μηδεὶς
371 1511 524 1547 δυσχεράνῃ
543 1511 581 1547 τῷ
595 1511 677 1547 λόγῳ)
699 1512 730 1538 οὐ
744 1513 843 1548 μᾶλλον

60 1555 125 1591 ζωῆς
139 1557 155 1592 ἢ
175 1557 246 1584 ἀλλὰ
267 1557 383 1584 θανάτου
403 1559 460 1589 τοῖς
476 1557 629 1593 ἀνθρώποις
644 1558 756 1595 ἀφορμὴ
773 1559 845 1594 γίνε-

60 1610 117 1629 ται·
132 1603 184 1630 ἀπὸ
199 1604 257 1639 γὰρ
268 1603 401 1638 γενέσεως
423 1604 440 1638 ἠ
461 1603 549 1640 φθορὰ
562 1603 610 1637 τὴν
623 1604 711 1639 ἀρχὴν
725 1604 781 1640 ἔχει
791 1625 798 1636 ,
811 1603 845 1641 ἦς

60 1649 82 1675 ot
97 1649 264 1685 παυσάμενοι
279 1649 325 1676 διὰ
334 1649 385 1685 τῆς
397 1650 556 1685 παρθενίας,
566 1650 595 1676 ἐν
611 1649 717 1682 ἑαυτοῖς
729 1651 845 1686 ἔστησαν

61 1694 105 1730 τὴν
121 1694 167 1722 τοῦ
178 1695 296 1723 θανάτου
320 1696 506 1732 περιγραφήν,
528 1696 681 1732 περαιτέρω
706 1697 846 1730 προελθεῖν

62 1741 135 1767 αὐτὸν
152 1742 184 1768 δι’
195 1741 303 1768 ἑαυτῶν
317 1741 499 1774 κωλύσαντες.
511 1742 558 1769 καὶ
572 1741 666 1778 ὥσπερ
678 1751 704 1770 τι
721 1743 846 1778 μεθόριον

64 1787 169 1815 θανάτου
192 1790 241 1816 καὶ
257 1788 331 1824 ζωῆς
341 1789 447 1821 ἑαυτοῖς
461 1790 619 1824 στήσαντες.
635 1789 749 1825 ἐπέσχον
765 1790 846 1817 αὐτὸν

63 1834 107 1869 τῆς
119 1835 163 1862 ἐπὶ
171 1834 202 1861 τὸ
214 1835 310 1871 πρόσω
321 1835 416 1869 φορᾶς.
427 1835 459 1862 Εἰ
472 1833 518 1862 οὖν
532 1835 562 1861 οὐ
576 1835 688 1862 δύναται
701 1836 846 1871 παρελθεῖν

64 1881 108 1916 τὴν
131 1881 280 1917 παρθενίαν
306 1882 322 1908 ὸ
344 1881 469 1913 θάνατος,
494 1881 551 1908 ἀλλ’
568 1882 597 1907 ὲν
611 1881 680 1917 αὐτῇ
699 1882 846 1918 καταλήγει

65 1926 107 1952 καὶ
129 1927 310 1959 καταλύεται,
330 1927 424 1961 σαφῶς
449 1926 639 1954 ἀποδείκνυται
665 1927 695 1954 τὸ
724 1929 846 1963 κρεῖττον

65 1970 129 1999 εἶναι
138 1973 182 1999 τοῦ
195 1973 311 2000 θανάτου
326 1973 376 2009 τὴν
389 1973 538 2009 παρθενίαν
549 1982 555 1989 ·
569 1974 616 2000 καὶ
628 1973 717 2006 καλῶς
729 1974 846 2010 ἄφθορον

66 2017 216 2052 ὀνομάζεται
234 2019 324 2055 σῶμα,
338 2020 370 2046 τὸ
385 2019 422 2054 μὴ
432 2019 609 2055 ὑπουργῆσαν
621 2021 653 2055 τῇ
662 2020 709 2046 τοῦ
724 2020 845 2056 φθαρτοῦ

67 2063 118 2097 βίου
138 2065 285 2101 ὑπηρεσίᾳ,
316 2066 383 2101 μηδὲ
407 2067 456 2102 τῆς
473 2066 572 2102 θνητῆς
592 2066 716 2102 διαδοχῆς
731 2067 846 2103 ὄργανον

66 2110 180 2143 γενέσθαι
197 2111 422 2147 καταδεξάμενον.

102 2156 143 2181 Ὲν
156 2156 244 2192 τούτῳ
257 2158 310 2193 γὰρ
328 2157 441 2192 διεκόπη
460 2157 491 2184 τὸ
511 2159 622 2194 συνεχὲς
641 2159 689 2195 τῆς
703 2159 750 2186 τοῦ
768 2159 845 2194 φθεί-

899 234 965 254 caro
978 231 1034 259 est;
1046 226 1118 260 quod
1130 233 1146 253 e
1157 226 1254 260 spiritu
1269 231 1362 253 natum
1378 230 1431 256 est.
1443 226 1557 260 spiritus
1572 230 1615 253 est
1627 226 1661 252 ".
1677 235 1686 251 ι

899 272 933 299 Et
952 279 1002 300 nos
1027 272 1164 304 novimus,
1177 279 1287 299 carnem
1304 275 1416 306 propter
1438 277 1581 307 peceatum
1606 272 1689 298 morti

899 317 1068 350 subjectam;
1087 315 1135 343 Dei
1158 324 1223 343 vero
1243 316 1374 351 Spiritum
1390 321 1417 344 et
1442 317 1631 352 incorruptum
1662 321 1691 343 ct

899 362 1035 390 viviﬁcum
1045 367 1072 390 et
1083 362 1265 390 immonalem
1281 370 1353 390 esse.
1360 363 1443 398 Atqui
1460 368 1489 390 ut
1500 363 1595 398 quode
1607 369 1690 390 carne

899 408 1020 443 genitum
1038 411 1091 439 est,
1114 407 1228 435 inhaeret
1242 407 1266 435 ei
1295 408 1408 435 omnino
1423 408 1464 436 vis
1476 409 1611 443 quaedam,
1629 415 1691 442 qua!

899 453 926 481 id
945 453 1085 486 dissolvit,
1105 453 1180 488 quod
1199 457 1242 481 est
1256 461 1341 481 carne
1362 457 1522 481 concretum
1545 463 1551 482 :
1567 455 1607 482 sic
1625 453 1689 488 Spi-

898 499 967 526 ritus
982 498 1036 526 vim
1054 499 1201 534 quamdam
1215 497 1323 526 vitalem
1342 499 1448 526 scilicet
1466 498 1500 526 iis
1515 499 1596 526 rebus
1613 499 1690 525 attri-

897 544 968 577 buit,
987 551 1048 579 quae
1061 552 1076 570 a
1088 551 1118 572 se
1130 543 1288 579 gignuntur.
1316 542 1376 576 Quo
1392 548 1519 579 spectant
1541 544 1598 571 haec
1629 552 1690 579 qua:

897 590 1038 619 diximus?
1055 589 1089 617 Ut
1105 597 1171 618 sane
1194 590 1228 617 ab
1246 589 1295 617 hac
1308 597 1359 617 nos
1372 590 1480 617 mortali
1508 590 1562 617 vita
1591 591 1691 617 abalie-

898 637 965 668 nati,
980 636 1023 663 cui
1039 635 1152 663 omnino
1164 642 1256 663 comes
1270 634 1399 669 adjuncta
1407 643 1480 663 mors
1488 640 1540 667 est,
1553 636 1618 663 illud
1629 636 1690 662 vita:

897 690 985 718 genus
1000 689 1167 718 quaeramus,
1181 689 1241 716 qua:
1257 681 1360 708 nullam
1381 682 1514 709 moriendi
1534 681 1687 709 necessita-

897 733 952 756 tem
968 736 1061 756 secum
1075 728 1177 761 trahat,
1190 728 1245 755 vita
1260 731 1352 754 autem
1383 727 1517 762 ejusmodi
1534 728 1562 755 in
1578 728 1690 762 virgini-

897 779 953 802 tate
978 774 1117 802 consistit.
1132 774 1221 809 Atque
1235 774 1292 801 haec
1308 773 1418 809 quidem
1438 781 1520 808 quam
1544 781 1607 800 vera
1622 774 1688 805 sint.

898 820 994 855 paucis
1023 827 1090 847 sane
1114 820 1280 855 propositis.
1312 819 1448 855 apertiora
1479 820 1553 847 lient.
1583 819 1691 852 Quotus

860 865 881 892 B
895 865 967 892 enim
982 865 1099 900 quisque
1114 870 1164 896 est,
1175 864 1222 899 qui
1237 864 1354 899 ignoret,
1370 871 1509 899 corporeae
1520 864 1692 898 Coniunctio-

896 911 940 938 nis
953 919 1023 946 opus
1038 919 1100 939 esse
1115 911 1272 938 mortalium
1291 918 1436 945 corporqu
1455 910 1693 938 constitutionem?

895 964 929 984 ex
951 957 1069 992 spiritali
1090 964 1154 984 vero
1178 964 1330 992 congressu
1355 956 1504 983 liberorum
1526 957 1586 984 loco
1606 957 1690 983 vitam

895 1007 922 1030 et
938 1002 1173 1030 immortalitatem
1199 1002 1324 1037 acquiri:
1344 1006 1473 1037 recteque
1490 1002 1523 1029 ad
1553 1003 1605 1030 hoc
1625 1003 1691 1030 illud

894 1048 1017 1083 Apostoli
1034 1048 1152 1083 quadrat
1166 1057 1172 1075 :
1202 1057 1211 1073 (
1229 1047 1386 1075 Salvabitur
1401 1052 1492 1075 autem
1510 1056 1557 1083 per
1572 1048 1690 1075 liliorum

894 1094 1101 1130 generationem
1118 1094 1140 1110 ¹¹
1152 1103 1163 1120 ι
1179 1098 1276 1125 mater,
1290 1101 1351 1128 (pne
1365 1093 1408 1120 his
1423 1093 1485 1121 ﬁliis
1500 1093 1611 1129 gaudet,
1623 1098 1652 1120 ut
1665 1093 1692 1120 in

894 1140 997 1169 divinis
1011 1140 1120 1177 hymnis
1130 1140 1301 1167 Psalmorum
1314 1145 1390 1167 vates
1406 1140 1449 1167 his
1464 1140 1555 1167 verbis
1571 1140 1691 1168 cecinit:

898 1197 907 1214 ι
927 1186 979 1221 Qui
1001 1186 1125 1214 habitare
1142 1186 1208 1213 facit
1225 1185 1346 1214 sterilem
1360 1186 1386 1213 in
1399 1185 1482 1213 domo
1493 1191 1608 1213 matrem
1622 1185 1692 1212 ﬁlio-

895 1241 955 1260 rum
971 1232 1106 1260 laetantem
1118 1234 1152 1259 ".
1169 1241 1179 1258 ι
1192 1230 1262 1259 Vere
1272 1232 1345 1259 enim
1358 1239 1391 1258 ac
1409 1231 1496 1259 solide
1511 1232 1587 1266 virgo
1605 1235 1693 1258 mater

894 1278 1003 1314 gaudet,
1015 1286 1076 1313 quae
1089 1278 1203 1313 spiritus
1214 1285 1297 1312 opere
1312 1278 1480 1305 immortales
1492 1277 1593 1304 liberos
1607 1277 1690 1311 parit.

895 1325 997 1352 sterilis
1024 1324 1060 1352 ob
1095 1324 1304 1359 temperantiam
1338 1331 1353 1351 a
1386 1323 1523 1359 Propheta
1546 1324 1692 1358 appellata.

894 1370 976 1398 Certe
1002 1369 1137 1405 ejusmodi
1171 1370 1238 1402 vita,
1260 1377 1321 1405 quae
1353 1369 1409 1397 vim
1443 1370 1540 1397 mortis
1569 1373 1692 1404 superat.

895 1417 984 1451 potior
996 1421 1038 1444 est
1063 1417 1097 1444 ab
1113 1417 1147 1443 iis
1169 1416 1303 1449 habenda,
1321 1416 1369 1452 qui
1388 1420 1478 1444 mente
1491 1415 1596 1451 praediti
1617 1420 1690 1443 sunt.

894 1464 1032 1498 Corporea
1047 1462 1119 1490 enim
1136 1462 1283 1489 liberorum
1297 1462 1450 1497 procreatio
1461 1469 1516 1489 non
1533 1461 1596 1489 vita:
1606 1461 1693 1496 magis

896 1509 975 1544 (pace
994 1508 1116 1535 oumium
1145 1507 1249 1535 dictqu
1270 1507 1317 1542 sit)
1349 1514 1431 1542 quam
1461 1507 1558 1534 mortis
1582 1506 1694 1534 occasio

897 1554 1056 1582 hominibus
1082 1554 1192 1582 exsistit
1223 1563 1231 1582 :
1261 1554 1396 1589 siquidem
1436 1553 1469 1580 ab
1496 1557 1557 1580 ortu
1584 1552 1693 1579 initium

896 1600 978 1627 habet
996 1599 1136 1630 interitus,
1152 1608 1167 1626 a
1183 1607 1238 1634 quo
1252 1600 1420 1635 virginitatis
1435 1605 1520 1626 causa
1531 1598 1578 1633 qui
1595 1599 1693 1625 ἱιιιιιιιι-

895 1655 944 1674 nes
962 1646 1047 1673 futuri
1070 1650 1146 1678 sunt,
1165 1646 1261 1673 mortis
1278 1646 1305 1673 in
1324 1654 1355 1674 se
1370 1645 1518 1673 terminum
1542 1644 1694 1672 constitue-

895 1697 971 1722 runt.
989 1700 1051 1719 cum
1067 1693 1138 1719 ultra
1156 1692 1183 1719 in
1206 1700 1237 1720 se
1254 1692 1328 1719 illam
1345 1691 1471 1727 progredi
1489 1690 1692 1726 prohibuerint,

895 1743 923 1766 et
946 1739 1009 1765 vitae
1021 1742 1048 1764 ct
1063 1739 1161 1765 mortis
1173 1746 1204 1766 se
1229 1738 1308 1773 quasi
1336 1737 1468 1765 terminos
1493 1737 1601 1772 aliquos
1630 1744 1693 1763 cum

897 1785 1055 1816 statuerint,
1063 1793 1123 1812 eam
1136 1792 1202 1812 sane
1212 1785 1418 1816 continuerunt.
1432 1792 1466 1811 ne
1477 1784 1548 1810 ultra
1567 1790 1693 1818 prorum-

896 1835 982 1867 peret.
999 1831 1069 1867 Ergo
1092 1833 1115 1859 si
1131 1832 1316 1868 virginitatem
1335 1839 1409 1858 mors
1422 1838 1554 1866 superare
1571 1838 1625 1857 non
1645 1837 1694 1864 po-

897 1882 961 1910 test,
977 1878 1025 1905 sed
1047 1878 1108 1912 ejus
1131 1879 1223 1913 potius
1245 1877 1373 1912 praesidio
1393 1877 1440 1904 illa
1459 1876 1638 1904 concluditur
1656 1883 1691 1902 ac

896 1924 1068 1956 dissolvitur,
1088 1924 1154 1951 illud
1178 1924 1325 1952 manifesto
1343 1929 1514 1959 compertum
1536 1928 1588 1952 est.
1608 1927 1694 1949 morte

897 1970 955 2005 ip~a
987 1970 1172 2005 virginitatem
1198 1978 1259 1998 esse
1285 1970 1467 2005 potentiorem
1490 1979 1497 1996 ε
1522 1969 1595 1996 unde
1620 1971 1695 1995 recte

896 2017 1192 2051 rorpusincorruplum
1208 2019 1333 2048 vocatur,
1345 2015 1475 2050 quoniam
1488 2013 1598 2041 caduca:
1611 2013 1695 2047 hujus

895 2063 957 2090 vitm
968 2063 1074 2090 muneri
1087 2070 1175 2097 neque
1184 2069 1294 2097 operam
1306 2061 1441 2096 prazstitit,
1451 2068 1538 2095 neque
1552 2060 1602 2087 hoc.
1612 2059 1694 2087 etiam

897 2108 1017 2141 admisit,
1041 2116 1071 2136 se
1079 2108 1203 2136 mortalis
1214 2107 1606 2143 posteritatisinstrumentum
1624 2106 1694 2134 ﬂeri.

931 2162 990 2191 Hoc
1001 2163 1073 2191 enim
1091 2168 1173 2199 pacto
1189 2168 1350 2199 perpetuum
1366 2163 1443 2190 illum
1457 2167 1484 2190 et
1496 2161 1694 2196 corrumpendi

69 2202 153 2235 ρεσθαι
179 2204 226 2230 καὶ
245 2203 426 2239 ἀποθνήσκειν
451 2204 622 2236 ἀκολουθίας,
638 2205 707 2242 ὅπερ
719 2205 773 2232 ἀπὸ
798 2205 845 2232 τοῦ

899 2213 924 2238 et
941 2210 1074 2237 moriendi
1088 2218 1201 2238 cursum
1215 2210 1373 2245 interrupit,
1384 2210 1430 2244 qui
1448 2217 1462 2236 a
1475 2209 1565 2244 primo
1579 2213 1693 2244 parente

67 2249 270 2282 πρωτοπλάττου
285 2250 332 2276 καὶ
348 2250 428 2285 μέχρι
438 2250 486 2285 τῆς
496 2249 542 2276 τοῦ
551 2250 765 2285 παρθενεύοντος
775 2251 849 2287 ζωῆς

68 2292 106 2320 διὰ
120 2294 198 2328 μέσου
211 2295 330 2330 γέγονεν.
342 2296 409 2322 Οὐδὲ
420 2295 474 2331 γὰρ
482 2294 516 2331 ἦν
528 2296 639 2323 δυνατὸν
654 2297 774 2333 ἀργῆσαι
784 2306 848 2324 ποτε

68 2339 108 2366 τὸν
121 2341 242 2374 θάνατον,
257 2342 455 2378 ἐνεργουμένης
468 2342 513 2369 διὰ
525 2342 572 2368 τοῦ
581 2343 670 2377 γάμου
681 2345 730 2378 τῆς
745 2344 837 2380 ἀνθρω

70 2386 142 2421 πίνης
150 2389 279 2422 γενέσεως
292 2397 299 2404 ·
313 2387 382 2415 ἀλλὰ
393 2388 494 2420 πάσαις
507 2390 567 2420 ταῖς
582 2389 784 2424 προλαϐοῦσαις
803 2400 835 2425 γε

69 2434 133 2464 vui;
144 2433 363 2469 συμπαριιδεὺων.
378 2434 425 2460 καὶ
442 2435 498 2465 τοῖς
521 2434 565 2461 ἀεὶ
587 2436 791 2470 παραγομένοις
805 2436 845 2468 είς

70 2476 109 2503 τὴν
123 2478 174 2513 βίον
189 2479 450 2515 συνδιεξερχόμενος,
462 2480 525 2512 ὅρον
534 2479 584 2513 τῆς
597 2480 736 2516 ἐνεργείας
747 2482 844 2508 ἑαυτοῦ

70 2522 112 2558 τὴν
126 2525 268 2559 παρθενίαν
289 2523 378 2561 εὗρεν,
404 2526 433 2552 ὃν
454 2525 599 2561 παρελθεῖν
620 2526 676 2552 τῶν
696 2527 845 2563 ἀμηχάνων

71 2568 144 2596 ἐστίν.
164 2571 267 2606 Ὥσπερ
280 2571 335 2607 γὰρ
348 2572 395 2598 ἐπὶ
408 2571 458 2606 τῆς
473 2571 598 2598 θεοτόκου
615 2573 724 2609 Μαρίας
738 2575 752 2600 6
767 2574 844 2608 βασι-

71 2612 158 2647 λεύσας
171 2617 224 2644 ἀπὸ
252 2618 338 2653 Ἀδὰμ
361 2618 456 2653 μέχρις
483 2617 589 2652 ἐκείνης
611 2618 736 2651 θάνατος,
752 2620 845 2656 ἐπειδὴ

73 2661 114 2686 καὶ
121 2663 174 2689 κατ’
185 2663 267 2699 αὐτὴν
275 2664 393 2698 ἐγένετο,
405 2663 529 2700 καθάπερ
539 2665 592 2691 τινὶ
600 2665 688 2700 πέτρᾳ
697 2665 736 2700 τῷ
748 2667 845 2701 καρπῷ

73 2705 115 2740 τῆς
125 2709 265 2743 παρθενίας
280 2709 479 2744 προσπταίσας,
501 2710 565 2745 περὶ
581 2710 666 2746 αὐτὴν
681 2712 823 2747 συνετρίϐη
837 2720 843 2727 ·

74 2750 148 2784 οὕτως
175 2754 203 2781 ἐν
215 2755 292 2789 πάσῃ
305 2754 377 2790 ψυχῇ
391 2755 425 2790 τῇ
435 2754 479 2781 διὰ
491 2755 640 2790 παρθενίας
653 2755 701 2790 τὴν
717 2756 746 2782 ὲν
764 2757 846 2792 σαρκὶ

105 2844 201 2875 “Joan.
218 2856 259 2882 ιιι,
271 2848 297 2876 6.
336 2850 356 2865 ²¹
372 2850 382 2876 l
401 2850 519 2878 Timoth.
533 2859 561 2883 ιι,
585 2852 625 2880 l3.
647 2853 669 2867 ²¹
686 2851 757 2880 Psal.
777 2860 842 2885 cxn,
856 2853 883 2882 9.

901 2263 990 2290 usque
1009 2255 1042 2282 ad
1064 2256 1223 2291 virginalem
1239 2257 1322 2282 vitam
1340 2263 1480 2290 utinquam
1495 2259 1538 2282 est
1557 2254 1693 2282 intermis-

899 2309 957 2328 sus.
975 2300 1069 2336 Neque
1092 2302 1164 2329 cnim
1182 2301 1240 2329 llcri
1258 2305 1376 2336 poterat,
1394 2306 1422 2328 ut
1434 2301 1575 2334 hominum
1595 2307 1693 2334 genere

898 2355 913 2374 ο
928 2347 1032 2382 nuptiis
1056 2351 1216 2382 procreato,
1239 2355 1315 2374 mors
1338 2354 1458 2378 unquam
1478 2349 1625 2377 cessasset,
1644 2345 1691 2372 Sed

898 2392 1057 2426 superiores
1072 2400 1169 2420 omnes
1199 2393 1342 2420 hominum
1361 2396 1456 2420 aetates
1487 2397 1690 2426 prtetergressa.

898 2444 960 2464 cum
977 2437 1020 2465 his
1035 2437 1118 2464 etiam
1133 2438 1181 2473 qui
1200 2438 1271 2465 hanc
1282 2438 1365 2465 vitam
1382 2437 1586 2472 ingrediuntur,
1608 2437 1690 2464 simul

895 2483 952 2517 jam
965 2483 1009 2510 illa
1026 2491 1203 2518 percurrens,
1218 2485 1403 2520 virginitatem
1422 2485 1546 2512 muneris
1569 2484 1610 2510 sui
1636 2487 1691 2509 ter-

899 2529 1003 2556 minum
1017 2530 1133 2562 invenit,
1151 2538 1232 2565 quem
1246 2539 1328 2566 porro
1346 2530 1486 2558 transilire
1503 2530 1610 2556 diliicile
1631 2533 1688 2556 est:

898 2579 1028 2610 tanquam
1049 2575 1097 2603 Dei
1112 2577 1208 2605 matris
1228 2577 1319 2604 Maria:
1339 2581 1461 2610 tempore
1476 2575 1511 2603 ab
1524 2575 1629 2602 Adamo
1647 2582 1691 2602 us-

898 2627 952 2654 que
969 2620 1003 2647 ad
1025 2628 1086 2648 eam
1108 2629 1223 2657 regnum
1246 2630 1321 2650 mors
1347 2621 1515 2649 obtinuerit:
1540 2625 1689 2656 posteaque

899 2666 954 2693 sola
972 2666 1063 2699 ellicit,
1080 2672 1119 2700 ut,
1133 2676 1197 2695 cum
1214 2673 1345 2703 tanquam
1372 2667 1406 2694 ad
1423 2665 1540 2701 lapidem
1568 2666 1687 2700 aliquem

897 2713 1063 2747 virginitatis
1078 2714 1199 2742 fructum
1218 2722 1292 2742 mors
1306 2713 1459 2744 ollentlerit,
1475 2712 1502 2738 in
1514 2719 1545 2739 ea
1566 2712 1686 2738 contrita

899 2759 960 2786 sit:
982 2759 1019 2786 ita
1047 2760 1122 2788 omni
1152 2761 1256 2795 animo,
1283 2761 1331 2796 qui
1367 2758 1530 2794 virginitatis
1558 2757 1688 2792 praesidio
