1912 3080
205 128 257 156 579

820 127 848 154 S.
861 126 1024 154 GREGORH
1038 126 1183 154 NYSSENI

1772 130 1826 157 580

205 185 276 212 hanc
293 184 384 211 carnis
402 185 484 212 vitam
502 185 623 217 cohibet,
639 185 766 212 atteritur
777 185 895 220 quodam
906 185 987 212 modo

1040 185 1172 221 παριούσῃ
1195 185 1278 221 ζωὴν,
1298 185 1505 221 συντριϐήσεται
1521 195 1578 218 πως
1603 186 1650 213 καὶ
1663 187 1826 215 καταλύεται

204 239 236 258 ac
248 231 409 258 dissolvitur
435 232 556 266 potentia
572 232 678 263 mortis.
707 232 785 266 quasi
807 240 862 259 non
888 232 987 259 habeat

204 276 305 310 quibus
323 276 410 311 ipsius
425 277 553 304 stimulus
571 277 709 312 inligatur.
724 277 758 303 Ut
768 277 840 304 enim
857 277 912 313 igni
934 278 986 305 nisi

204 322 327 356 subjecta
345 322 400 349 sint
419 322 502 357 ligna,
517 327 683 354 stramenta,
708 323 816 354 fenum,
842 328 889 349 aut
913 323 987 350 aliud

205 367 230 393 id
245 367 365 402 generis,
386 368 459 402 quod
475 368 539 402 igne
553 369 738 400 consumitur,
750 377 804 395 non
823 374 911 404 potest
927 370 988 403 ejus

205 413 247 440 vis
271 421 304 440 ac
331 417 429 440 natura
451 414 621 442 consistere:
650 414 690 442 sic
718 423 807 449 neque
820 415 918 442 mortis
949 415 989 443 vis

205 459 353 494 quidquam
368 459 476 492 efﬁciet,
493 460 545 487 nisi
561 460 586 487 ei
603 461 744 488 materiam
759 461 916 496 conjugium
928 470 989 497 sup-

205 505 375 539 peditaverit,
389 506 590 540 moriturosque
598 507 677 541 quasi
687 506 830 535 damnatos
843 508 987 542 paraverit.

206 550 234 576 Si
251 557 315 577 vero
332 549 452 580 dubitas.
469 550 494 577 id
511 551 592 577 velim
609 551 820 583 animadvertas,
839 551 910 579 unde
926 560 989 586 pro-

206 595 364 623 ﬁciscantur
379 596 564 623 calamitatum
579 597 701 630 nomina,
717 604 778 632 qua
794 598 889 625 mortis
907 605 990 625 causa

205 641 363 670 hominibus
376 643 566 677 imponuntur,
588 647 618 670 ut
634 643 768 670 orationis
787 643 865 670 initio
886 643 989 670 dictum

205 693 257 716 est.
274 688 344 716 Num
368 689 540 721 viduitatem,
556 694 603 717 aut
617 689 770 721 orbitatem,
801 693 848 716 aut
873 689 990 717 ﬁliorum

204 734 340 769 jacturam
361 735 454 769 lugere
469 735 532 762 licet
552 735 654 770 nuptiis
669 743 722 762 non
745 741 808 762 ante
823 736 992 764 contractis?

206 779 346 814 Exoptata:
360 780 433 807 enim
452 781 535 807 animi
552 782 718 816 voluptates,
732 786 758 808 et
771 781 881 812 lii-tiliae,
901 785 928 808 et
943 782 992 809 ob-

206 825 376 857 lectationes,
394 831 538 858 cunctave,
562 834 622 862 qua:
647 827 674 853 in
692 826 921 861 nuptiisjucunda
945 835 991 855 ex‘

1037 231 1083 257 τοῦ
1112 231 1227 258 Θανάτου
1250 231 1280 258 τὸ
1302 231 1412 266 κράτος,
1424 232 1474 258 οὐκ
1488 232 1594 267 ἔχοντος
1613 233 1666 259 τίσι
1682 233 1713 259 τὸ
1729 234 1826 260 ἑαυτοῦ

1037 276 1148 313 κέντρον
1166 275 1386 313 ὲναπερείσηταιγ
1402 277 1456 303 Καὶ
1471 277 1526 312 γὰρ
1539 276 1568 303 τὸ
1582 277 1647 312 πῦρ,
1666 278 1690 303 εἰ
1708 277 1745 312 μὴ
1764 279 1826 304 ὲπι-

1037 322 1149 358 εληθείη
1163 322 1239 355 ξύλα,
1264 323 1313 349 καὶ
1336 322 1455 358 καλάμη,
1473 322 1521 350 καὶ
1535 323 1641 358 χόρτος,
1655 323 1703 349 καὶ
1719 323 1784 350 ἄλλο
1800 333 1826 350 τι

1037 369 1092 395 τῶν
1111 369 1163 395 ὑπὸ
1186 369 1271 404 πυρὸς
1295 369 1512 403 δαπανωμένων,
1531 369 1581 396 οὐκ
1602 369 1657 404 ἔχει
1678 369 1759 404 φύσιν
1783 370 1826 404 ἐφ’

1039 414 1136 442 ἑαυτοῦ
1158 414 1264 449 μένειν·
1280 414 1365 446 οὕτως
1387 414 1446 440 οὐδὲ
1467 416 1484 450 ὴ
1506 414 1552 441 τοῦ
1576 414 1690 442 θανάτου
1712 415 1826 450 δύναμις

1038 461 1190 496 ὶνεργήσει,
1206 461 1242 495 μὴ
1255 460 1301 487 τοῦ
1314 461 1403 495 γάμου
1411 461 1460 496 τὴν
1474 460 1540 496 ὓλην
1554 461 1725 492 ὑποτιθέντος
1740 460 1826 495 αὐτῷ,

1039 505 1154 536 καὶτοὺς
1165 504 1373 540 τεθνηξομένους
1385 503 1440 532 οἷον
1451 505 1613 537 καταδίκους
1623 505 1699 537 τινὰς
1714 506 1827 540 ἑτοιμά-

1039 552 1139 584 ζοντος.
1150 552 1180 578 Εἰ
1188 551 1216 577 δὲ
1224 551 1413 586 ἀμφιϐάλλεις,
1421 551 1567 585 ἐπίσκεψαι
1574 551 1627 577 τῶν
1636 550 1785 586 συμφορῶν
1792 551 1827 578 τὰ

1039 597 1168 632 ὀνόματα,
1185 596 1235 623 ὅσα
1244 598 1276 623 ὲκ
1290 596 1336 623 τοῦ
1352 596 1467 623 Θανάτου
1483 598 1540 628 τοῖς
1558 596 1712 631 ἀνθρώποις
1728 596 1827 630 ἐπάγε-

1040 651 1095 673 ται,
1121 641 1212 674 καθὼς
1234 642 1285 677 ’ήδη
1304 643 1363 668 κατ’
1379 642 1466 677 ἀρχὰς
1486 641 1534 668 τοῦ
1549 641 1627 675 λόγου
1651 641 1825 676 προείρηται,

1041 686 1122 713 πόθεν
1137 687 1186 722 τὴν
1197 687 1283 722 ἀρχὴν
1298 687 1365 721 ἔχει.
1378 685 1452 722 τΑρα
1467 686 1524 713 ἐστι
1540 686 1679 722 χηρείανῆ
1695 686 1826 721 ὀρφανίαν

1040 733 1221 772 ὀδύρεσθαι,ἢ
1238 732 1287 768 τὴν
1301 733 1348 759 ἐπὶ
1365 733 1442 759 παισὶ
1460 732 1611 768 συμφορὰν,
1624 732 1661 767 μὴ
1677 731 1827 767 προλαϐόν-

1040 788 1086 811 τος
1099 778 1145 806 τοῦ
1159 780 1247 814 γάμου
1258 787 1265 811 ;
1278 779 1310 805 Αἱ
1323 778 1377 814 γὰρ
1386 777 1612 813 περισπούδαστοι
1626 777 1767 812 θυμηδίαι,
1778 776 1825 802 καὶ

1042 824 1216 860 εὐφροσύναι,
1237 824 1283 850 καὶ
1298 823 1400 859 ἡδοναὶ,
1414 823 1461 849 καὶ
1476 823 1564 850 πάντα
1576 823 1626 849 ὅσα
1638 824 1703 858 περὶ
1716 822 1762 848 τὸν
1775 823 1828 855 γά-

206 875 346 906 petuntur,
370 871 413 899 his
437 860 756 900 dolorum-cniciatibus
779 860 989 907 concluduntur,

1045 871 1094 905 μὸν
1111 870 1298 902 σπουδάζεται,
1326 871 1385 901 ταῖς
1415 869 1550 900 τοιαύταις
1574 869 1678 900 ὀδύναις
1692 869 1828 903 ἐναπολή-

207 925 239 944 ac
259 918 451 945 terminantur.
468 918 534 946 Nam
551 924 579 946 ut
598 919 678 953 gladii
693 919 808 953 capulus
822 919 924 954 politus
949 919 994 947 ille

205 963 329 996 quidem,
347 967 420 990 tactu
442 963 541 995 facilis,
559 967 586 991 et
612 968 711 991 ornatu
734 963 855 999 undique
886 965 993 992 cinctus

206 1011 334 1041 apparet:
350 1007 485 1042 reliquum
505 1016 570 1035 vero
585 1009 686 1035 ferrum
707 1010 803 1036 mortis
827 1013 869 1036 est
891 1009 994 1037 instru-

207 1057 328 1079 mentum
346 1053 564 1087 (formidolosum
583 1054 635 1081 hoc
652 1059 725 1082 certe
737 1060 778 1082 est
794 1055 902 1082 videre:
926 1056 992 1082 illud

207 1102 296 1125 tamen
315 1098 518 1126 formidolosius
534 1100 619 1125 multo
635 1102 696 1131 'est,
713 1101 735 1127 si
759 1100 792 1126 ad
813 1101 930 1135 aliquem
951 1102 993 1129 vel

207 1151 314 1177 pugnze,
328 1144 368 1169 vel
385 1143 467 1170 credis
483 1151 559 1171 usum
577 1144 748 1179 adhibetur):
775 1146 825 1171 hoc
842 1145 869 1172 in
895 1153 993 1179 genere

207 1189 308 1223 nuptiae
319 1193 393 1220 sunt,
408 1198 467 1224 qum
481 1190 559 1225 quasi
574 1191 699 1225 capulum
715 1191 831 1224 aliquem
845 1192 992 1219 artiﬁcioso

205 1241 288 1268 opere
318 1234 502 1266 illustratum,
533 1236 642 1270 politam
672 1237 817 1270 quamdam
846 1237 991 1271 voluptatis

207 1280 324 1314 speciem
343 1281 434 1315 gustui
451 1282 713 1317 contrectationique
727 1288 827 1310 nostra:
843 1291 898 1317 pra:
909 1291 938 1310 se
952 1283 992 1310 fe-

206 1329 279 1352 runt.
297 1326 364 1353 Cum
380 1334 445 1354 vero
460 1327 485 1353 in
502 1327 628 1355 manibus
644 1328 786 1362 ejussunt,
809 1329 854 1363 qui
873 1329 931 1355 illas
950 1333 991 1356 at-

206 1371 307 1403 tigerit.
323 1372 421 1403 luctus,
438 1373 664 1408 miscriarumque
678 1374 744 1408 ipsa}
757 1375 917 1402 mortalibus
927 1382 989 1401 cum

206 1415 357 1444 emactrices
373 1417 526 1450 exsistant;
545 1426 635 1445 rerum
648 1421 758 1445 omnino
774 1419 906 1453 gravium,
931 1427 991 1454 quae

206 1469 299 1488 secum
316 1470 444 1490 connexa:
461 1467 535 1494 sunt,
551 1463 654 1490 aditum
670 1468 844 1498 aperuerunt.

244 1507 305 1536 llaec
320 1509 482 1535 miserabilia
490 1511 654 1544 spectacula,
664 1510 898 1545 laerymarumque
909 1511 987 1546 plena

205 1552 323 1579 edidere.
361 1553 487 1580 Videmus
519 1555 591 1581 enim
623 1562 694 1589 ξιξερο
721 1555 819 1582 liberos
845 1555 988 1582 immatura

206 1603 283 1625 :etatc
296 1599 368 1626 solos
385 1600 505 1633 relictos,
533 1601 736 1636 potentiumque
763 1601 902 1628 hominum
922 1610 990 1637 prae-

205 1643 247 1670 da:
255 1645 417 1678 propositos,
429 1645 476 1679 qui
490 1645 526 1672 ob
542 1646 674 1672 malorum
691 1645 852 1680 imperitiam
869 1647 989 1681 plerum-

205 1698 259 1724 que
276 1691 302 1716 in
317 1691 396 1718 rebus
412 1692 533 1718 adversis
547 1692 645 1719 rident.
667 1691 813 1720 Viduitatis
832 1701 896 1719 vero
915 1694 989 1728 prin-

205 1736 306 1770 cipium
322 1740 347 1763 et
363 1743 445 1763 causa
458 1745 518 1770 qua!
533 1738 585 1764 alia
607 1738 666 1764 est?
683 1737 722 1764 An
736 1746 789 1764 non
808 1739 927 1773 nuptiae?
949 1739 991 1766 di-

207 1781 323 1807 vortium
336 1782 420 1816 igitur
437 1782 470 1809 ab
487 1783 731 1811 innumerabilibus
744 1784 920 1812 hisonmibns
934 1793 991 1812 ma-

206 1829 240 1855 lis
250 1829 416 1856 vacationem
432 1828 530 1860 habet,
548 1829 630 1863 idque
642 1837 695 1856 non
711 1830 821 1864 injuria.
838 1830 906 1858 Cum
919 1831 990 1858 enim

207 1874 364 1901 dissolvitur
379 1881 469 1908 ptena,
484 1881 545 1908 qua:
560 1880 654 1901 contra
669 1882 727 1906 eos,
743 1878 788 1909 qui
808 1876 989 1909 deliquerunt,

207 1920 285 1946 initio
316 1923 418 1947 statuta
458 1924 514 1953 est,
546 1924 604 1946 tum
634 1920 729 1951 etiam,
761 1922 989 1956 quemadmodum

207 1966 339 2000 scriptum
367 1969 419 1997 est,
456 1973 511 1992 non
543 1969 661 1992 matrum
696 1973 824 1993 aerumna
861 1967 990 2002 multipli-

207 2015 312 2043 cantur,
330 2019 418 2046 neque
436 2011 515 2038 dolor
534 2011 654 2038 hominis
677 2017 764 2038 ortum
794 2012 937 2046 prtereilit:
954 2013 992 2040 si-

207 2056 262 2083 mul
276 2057 380 2084 sublata
397 2060 438 2084 est
457 2057 563 2091 penitus
577 2057 727 2089 calamitas,
742 2057 860 2092 lacryuia
883 2065 914 2085 ex
931 2059 990 2085 vul-

206 2103 280 2130 tibus
293 2107 333 2130 est
349 2103 449 2135 ablata,
467 2107 496 2130 ut
510 2103 599 2138 inquit
612 2102 744 2137 Propheta
762 2112 769 2130 2
788 2111 875 2139 neque
890 2104 915 2131 in
939 2105 991 2131 ini-

205 2149 356 2182 quitalibus
379 2149 496 2184 amplius
516 2149 668 2184 conceptio,
696 2157 782 2183 neque
810 2150 836 2177 in
870 2151 990 2184 peccatis

1042 924 1146 950 γουσιν.
1164 917 1268 951 Ὥσπερ
1283 915 1335 951 γὰρ
1348 915 1394 942 τοῦ
1412 915 1504 950 ξίφους
1519 915 1536 950 ἡ
1551 915 1598 950 μὲν
1614 914 1683 949 λαϐὴ
1700 914 1761 940 λεία
1781 914 1828 940 καὶ

1042 963 1154 998 εὐαφὴς,
1180 963 1227 989 καὶ
1249 962 1455 997 περιεξεσμένη,
1474 961 1520 988 καὶ
1545 961 1699 992 πίλὸουσα,
1723 961 1770 986 καὶ
1787 960 1827 995 τῷ

1042 1009 1118 1044 τύπῳ
1128 1009 1177 1044 τῆς
1190 1008 1317 1043 παλάμης
1331 1008 1490 1044 ὲμφυομένη
1502 1016 1508 1023 ·
1529 1007 1560 1034 τὸ
1572 1007 1600 1034 δὲ
1610 1006 1704 1033 λοιπὸν
1717 1007 1828 1041 σίδηρός

1042 1056 1110 1086 ἐστι,
1123 1054 1237 1081 θανάτου
1250 1054 1374 1090 ὄργανον,
1386 1054 1500 1089 φοϐερὸν
1517 1053 1567 1088 μὲν
1583 1053 1657 1083 ἰδεῖν,
1673 1052 1828 1088 φοϐερώτεα

1043 1109 1088 1135 ρον
1104 1100 1132 1126 δὲ
1146 1100 1184 1132 εἰς
1195 1101 1291 1135 πεῖραν
1302 1099 1388 1126 ὲλοεῖν
1399 1108 1406 1114 '
1415 1099 1533 1126 τοιοῦτόν
1543 1108 1569 1125 τι
1581 1099 1627 1125 καὶ
1638 1099 1652 1124 ὁ
1662 1098 1751 1132 γάμος
1758 1098 1827 1129 ἐστὶ,

1042 1146 1165 1182 καθάπερ
1179 1146 1264 1181 λαῦήν
1272 1155 1332 1172 τινα
1346 1146 1379 1172 δι’
1396 1145 1549 1181 εὐμηχάνου
1564 1145 1671 1179 τορείας
1683 1143 1827 1180 ὠραϊσμέ-

1041 1201 1099 1226 νην,
1119 1192 1150 1218 τὸ
1169 1191 1239 1218 λεῖον
1258 1192 1304 1218 καὶ
1319 1191 1477 1218 ἐπιπόλαιον
1495 1191 1544 1226 τῆς
1562 1191 1658 1226 ἡδονῆς
1676 1191 1828 1226 προτείνων

1040 1239 1073 1273 τῇ
1088 1239 1179 1273 ἐπαφῇ
1195 1237 1244 1271 τῆς
1260 1237 1409 1272 αἰσθήσεως
1419 1245 1425 1252 ·
1442 1237 1550 1263 ἐπειδὰν
1566 1237 1595 1263 ὲν
1613 1237 1692 1272 χερσὶ
1713 1237 1826 1272 γένηται

1039 1284 1087 1310 τοῦ
1103 1283 1250 1320 ἁψαμένου,
1268 1284 1314 1310 καὶ
1323 1283 1372 1318 τὴν
1387 1283 1441 1309 τῶν
1454 1282 1586 1316 ἀλγεινῶν
1599 1283 1754 1318 παρουσίαν
1766 1291 1830 1309 συν,

1039 1331 1169 1366 ημμένως
1185 1329 1243 1365 μεθ’
1256 1328 1352 1355 ἑαυτοῦ
1368 1329 1514 1363 συνήγαγε,
1529 1327 1643 1358 πένθους
1660 1328 1708 1353 καὶ
1724 1336 1829 1362 συμφο-

1041 1377 1095 1413 ρῶν
1110 1375 1274 1412 δημιουργδς
1287 1376 1343 1406 τοῖς
1354 1374 1508 1410 ἀνθρώποις
1522 1373 1674 1408 γινόμενος.

1074 1508 1157 1542 Οὗτος
1173 1510 1256 1542 ἔδειξε
1273 1518 1307 1536 τα
1320 1518 1425 1536 εΛεεινα
1444 1518 1490 1535 και
1513 1508 1602 1544 πλήρη
1621 1507 1749 1543 δακρύων
1765 1506 1829 1534 θεά-

1042 1566 1123 1593 ματα,
1143 1557 1239 1586 παῖδας
1255 1557 1284 1583 ἐν
1310 1556 1398 1590 ἁωρίᾳ
1424 1555 1473 1589 τῆς
1494 1553 1599 1589 ἡλικίας
1616 1552 1830 1589 ἠρημωμένους,

1040 1603 1087 1629 καὶ
1104 1602 1223 1637 λάφυρον
1237 1602 1433 1637 προκειμένους
1458 1601 1513 1631 τοῖς
1530 1599 1750 1632 δυναστεύουσιν,
1765 1599 1828 1625 ὲπι-

1042 1649 1199 1684 μειδιῶντας
1227 1647 1356 1678 πολλάκις
1382 1647 1434 1673 ὑπὸ
1456 1646 1506 1681 τῆς
1526 1646 1579 1671 τῶν
1595 1645 1689 1672 κακῶν
1717 1645 1830 1679 ἀγνοίας

1039 1693 1077 1728 τῷ
1103 1693 1298 1727 δυστυχήματι.
1325 1691 1443 1726 Χηρείας
1457 1691 1484 1717 δὲ
1499 1690 1604 1725 γένεσις
1620 1691 1662 1722 τίς
1675 1690 1764 1722 ἄλλος,
1783 1691 1830 1716 καὶ

1039 1739 1098 1774 οὐχὶ
1109 1739 1195 1773 γάμος
1203 1738 1276 1764 ἐστίν
1287 1746 1293 1770 ;
1309 1737 1413 1764 Οὐκοῦν
1426 1738 1442 1772 ἡ
1455 1737 1627 1772 ἀναχώρησις
1637 1737 1743 1769 τούτου,
1761 1738 1829 1764 πάν·

1039 1793 1092 1810 των
1107 1784 1211 1820 ἀθρόως
1233 1784 1285 1810 τῶν
1303 1783 1396 1810 κακῶν
1411 1783 1512 1809 τούτων
1526 1783 1765 1818 λειτουργήμάτων
1781 1783 1829 1818 τὴν

1040 1830 1163 1857 ἀτέλειαν
1179 1829 1235 1864 ἔχει
1249 1838 1254 1844 ·
1277 1829 1324 1855 καὶ
1337 1829 1416 1855 οὐδὲν
1441 1828 1563 1858 ἀπεικός.
1587 1829 1673 1855 Ὅπου
1690 1829 1746 1864 γὰρ
1762 1829 1828 1854 ἀνα-

1039 1876 1131 1902 λύεται
1150 1877 1168 1911 ἡ
1182 1876 1211 1908 ἐξ
1227 1875 1312 1912 ἀρχῆς
1328 1875 1466 1910 ὁρισθεῖσα
1479 1875 1550 1901 κατὰ
1559 1874 1612 1900 τῶν
1631 1875 1829 1909 πεπλημμελη-

1040 1921 1126 1947 κότων
1155 1921 1317 1956 κατάκρισις
1337 1920 1439 1955 (οὐκέτι
1453 1919 1481 1946 δὲ
1501 1919 1604 1954 θλίψεις
1619 1919 1673 1946 τῶν
1690 1919 1826 1954 μητέρων,

1040 1967 1110 1994 κατὰ
1131 1966 1160 1993 τὸ
1189 1966 1380 2002 γεγραμμένον
1399 1966 1600 2000 πληθύνονται),
1616 1965 1675 1991 οὐδὲ
1687 1965 1759 1999 λύπη
1780 1965 1828 1998 τῆς

1040 2013 1211 2048 ἀνθρωπίνης
1223 2013 1382 2048 προηγεῖται
1396 2011 1540 2045 γενέσεως,
1561 2010 1745 2046 συνανῄρηται
1761 2010 1829 2036 πᾶν·

1039 2060 1126 2095 τωςή
1149 2059 1202 2085 ἀπὸ
1227 2058 1273 2085 τοῦ
1301 2058 1358 2092 βίου
1383 2057 1519 2093 συμφορὰ,
1549 2057 1596 2083 καὶ
1616 2056 1756 2091 ἀφῄρηται
1774 2055 1828 2082 τῶν

1040 2106 1193 2141 προσώπων
1209 2105 1238 2131 τὸ
1249 2105 1375 2139 δάκρυον,
1390 2103 1479 2135 καθώς
1495 2112 1576 2138 φησιν
1593 2104 1606 2130 ὸ
1618 2103 1778 2138 Προφήτης.
1790 2103 1827 2129 Οὐ

1039 2151 1093 2186 γὰρ
1109 2152 1137 2177 ὲν
1154 2151 1277 2185 ἀνομίαις
1290 2149 1390 2184 ὲστὶνὴ
1409 2149 1538 2183 σύλληψις
1552 2148 1603 2178 ἔτι.
1615 2147 1675 2174 οὐδὲ
1695 2149 1725 2174 ὲν
1734 2147 1827 2182 ἀμαρ-

206 2198 312 2229 partus,
326 2202 415 2230 neque
427 2203 461 2222 ex
478 2196 618 2230 sanguine.
633 2203 721 2230 neque
731 2204 763 2222 ex
780 2196 919 2224 voluntate
928 2197 989 2230 viri,

1040 2197 1110 2228 τίαις
1125 2198 1141 2232 ἡ
1158 2195 1254 2231 κύησις
1265 2204 1271 2210 ·
1289 2195 1348 2222 οὐδὲ
1362 2195 1391 2227 ἐξ
1405 2194 1539 2230 αἱμάτων,
1551 2194 1612 2220 οὐδὲ
1629 2194 1661 2220 ἐκ
1676 2193 1827 2228 θελήματος

207 2248 294 2275 neque
308 2249 341 2268 ex
357 2242 494 2268 voluntate
507 2241 609 2272 carnis.
635 2241 681 2268 sed
699 2241 837 2269 voluntate
855 2242 899 2269 Dei
926 2250 989 2277 pro.

205 2285 308 2312 creatio
321 2285 350 2312 ﬁt
363 2285 396 2312 ’³.
411 2284 516 2312 Etenim
533 2293 595 2312 cum
613 2285 798 2319 incorruptam
815 2286 928 2319 spiritus
949 2286 990 2312 in-

208 2331 359 2366 tegritatem
391 2330 452 2358 vivo
481 2330 563 2357 corde
591 2331 653 2364 quis
671 2330 801 2364 concipit.
828 2331 988 2365 sapientiam

206 2375 261 2407 hic,
279 2376 426 2410 justitiam,
442 2376 650 2402 sanctimoniam
666 2376 748 2410 parit,
768 2375 919 2412 eodemque
932 2384 991 2404 mo-

205 2421 243 2449 do
264 2421 487 2456 redemptionem.
505 2421 609 2455 Cuique
625 2422 696 2449 enim
722 2422 794 2452 licet,
822 2430 851 2449 se
875 2427 989 2450 matrem

205 2475 267 2495 esse
285 2466 345 2501 ejus
361 2467 407 2500 qui
418 2467 474 2493 haec
489 2466 537 2496 sit,
552 2470 583 2493 ut
593 2466 709 2500 quodam
726 2467 785 2494 loco
795 2468 832 2494 ait
843 2467 989 2500 Dominus;

156 2542 161 2550 ι
205 2513 346 2548 quoniam,
363 2512 462 2546 inquit,
481 2521 490 2537 ι
504 2511 554 2544 Qui
568 2511 632 2538 facit
646 2512 814 2540 voluntatem
831 2521 928 2545 meam,
946 2513 990 2540 hic

157 2552 160 2555 Α
206 2564 233 2587 et
247 2558 341 2589 frater,
356 2562 382 2585 et
405 2565 493 2590 soror,
520 2561 548 2585 et
568 2562 653 2584 mater
678 2566 737 2585 mea
754 2563 796 2585 est
809 2558 842 2586 “.
863 2568 872 2584 ι
903 2558 988 2591 Quem

205 2605 288 2640 igitur
308 2604 396 2630 locum
417 2603 444 2630 in
465 2603 507 2630 his
521 2603 644 2638 partibus
661 2611 735 2630 mors
753 2604 852 2630 habet?
867 2603 907 2631 Re
926 2612 987 2632 vera

204 2650 232 2677 iu
249 2649 304 2676 illis
318 2656 332 2674 a
348 2649 401 2675 vita
419 2655 493 2675 mors
507 2652 547 2675 est
558 2649 685 2683 absorpta
699 2657 706 2676 :
725 2648 920 2684 virginalisque
933 2650 987 2676 vita

206 2695 280 2721 illius
294 2694 379 2721 futuri
394 2693 442 2721 aevi
456 2694 633 2722 beatitudinis
659 2695 747 2729 imago
775 2695 897 2730 quaedam
928 2704 988 2724 essc

206 2740 322 2772 videtur,
339 2747 401 2767 cum
417 2740 501 2767 multa
515 2748 608 2768 secum
626 2740 703 2776 signa
729 2741 836 2769 illorum
856 2742 988 2771 bonorum

243 2829 265 2845 ³³
278 2828 355 2857 Joan.
368 2839 390 2863 ι,
412 2830 453 2857 l5.
492 2830 514 2846 ”
533 2830 625 2857 Matth.
644 2838 692 2862 xu,
710 2830 751 2857 50.

1037 2241 1131 2277 ἀνδρὸς
1153 2241 1200 2267 καὶ
1213 2241 1244 2266 ἐκ
1259 2239 1410 2274 θελήματος
1427 2239 1539 2273 σαρκὸς,
1552 2238 1608 2265 ἁλλ’
1623 2239 1656 2265 ὲκ
1666 2237 1734 2264 Θεοῦ
1748 2238 1826 2272 μόνου

1038 2289 1054 2322 ή
1071 2288 1195 2322 γέννησις
1221 2287 1335 2320 γίνεται.
1345 2285 1429 2312 Τοῦτο
1442 2285 1470 2311 δὲ
1484 2285 1598 2319 γίνεται,
1627 2284 1691 2310 ὅταν
1707 2284 1826 2318 συλλαμ-

1038 2335 1106 2369 ϐάνῃ
1125 2334 1173 2368 μέν
1189 2342 1230 2364 τις
1243 2334 1271 2360 ὲν
1287 2332 1324 2367 τῷ
1335 2331 1442 2366 ζωτικῷ
1454 2331 1503 2366 τῆς
1521 2330 1633 2366 καρδίας
1657 2330 1707 2365 τὴν
1723 2330 1828 2365 ἀφθαρ-

1039 2380 1099 2406 σίαν
1109 2379 1156 2406 τοῦ
1168 2379 1320 2414 πνεύματος
1332 2387 1338 2393 ·
1355 2378 1442 2404 τίκτει
1464 2377 1493 2403 δὲ
1511 2377 1607 2411 σοφίαν
1622 2377 1669 2403 καὶ
1687 2376 1826 2403 δικαιοσύ-

1042 2433 1101 2459 νην.
1115 2423 1248 2457 ἅγιασμὸν
1258 2422 1387 2454 ὡσαύτως
1400 2422 1446 2448 καὶ
1460 2420 1660 2456 ἀπολύτρωσιν.
1673 2420 1761 2446 Παντὶ
1776 2420 1827 2454 γὰρ

1042 2470 1129 2501 ἔξεστι
1141 2469 1247 2504 μητέρα
1262 2467 1387 2502 γενέσθαι
1401 2467 1448 2494 τοῦ
1463 2466 1550 2493 ταῦτα
1561 2465 1647 2497 δντος,
1659 2464 1751 2495 καθώς
1763 2463 1826 2498 φησί

1042 2524 1092 2541 που
1123 2516 1137 2541 ὁ
1162 2515 1269 2549 Κύριος,
1287 2515 1328 2541 ὅτι
1347 2523 1357 2539 ε
1385 2514 1414 2540 '0
1432 2514 1462 2540 τὸ
1478 2513 1583 2548 θέλημά
1601 2521 1652 2547 μου
1669 2511 1765 2542 ποιῶν,
1782 2510 1826 2536 καὶ

1040 2560 1152 2595 ἁδελφδς
1167 2561 1213 2587 καὶ
1226 2560 1325 2595 ἀδελφὴ
1338 2560 1383 2587 καὶ
1400 2560 1490 2594 μήτηρ
1507 2567 1558 2593 μου
1574 2557 1658 2583 ἐστίν.
1673 2566 1682 2582 ι
1695 2556 1762 2582 Τίνα
1777 2555 1826 2591 χώ-

1042 2616 1090 2642 ραν
1113 2606 1169 2641 ἒχει
1192 2606 1237 2632 ἐπὶ
1264 2604 1364 2631 τούτων
1385 2603 1532 2638 κυημάτων
1554 2603 1568 2628 ὁ
1586 2599 1826 2632 Θάνατοςςοῖκως

1042 2652 1177 2686 κατεπόθη
1193 2652 1222 2678 ἐν
1238 2651 1353 2682 ἐκείνοις
1378 2651 1391 2676 ὁ
1415 2649 1529 2679 θάνατος
1547 2647 1657 2681 ὑπὸτῆς
1673 2645 1748 2680 ζωῆς
1760 2652 1766 2659 '
1783 2644 1825 2670 καὶ

1040 2699 1127 2724 ἔοικεν
1138 2696 1218 2724 εἰκών
1230 2705 1270 2728 τις
1282 2694 1350 2722 εἶναι
1358 2695 1408 2730 τῆς
1421 2695 1450 2721 ὲν
1460 2694 1498 2729 τῷ
1510 2693 1630 2728 μέλλοντι
1645 2691 1725 2718 αίῶνι
1740 2699 1825 2726 μακα-

1045 2744 1166 2780 ριότητος
1181 2745 1195 2770 ὁ
1212 2744 1241 2769 ἐν
1259 2742 1392 2778 παρθενίᾳ
1407 2741 1475 2777 βίος,
1491 2739 1576 2767 πολλὰ
1590 2739 1681 2775 φέρων
1697 2739 1726 2764 ἐν
1739 2736 1824 2772 ἑαυτῷ
