1912 3080
35 126 75 154 581

695 126 739 153 DE
755 124 989 154 VlRGlNlTATE.

1602 121 1656 148 38?.

36 185 81 212 τῶν
95 185 127 211 δι’
143 185 257 217 ἐλπίδος
279 186 468 221 ἀποκειμένων
497 186 608 220 ἀγαθῶν
627 185 814 220 γνωρίσματα.

877 185 973 216 ill‘erat,
989 191 1049 220 quae
1068 192 1100 213 ex
1119 192 1168 219 spe
1186 184 1266 212 nobis
1279 183 1419 220 proposita
1433 185 1461 209 et
1473 185 1567 217 parata
1580 185 1644 207 sunt

38 231 105 258 Ἐστι
116 231 143 258 δὲ
165 232 317 266 ἐπιγνῶναι
338 233 387 268 τὴν
400 232 455 259 τῶν
466 233 619 269 εἰρημένων
630 231 758 267 ἀλήθειαν
771 231 817 258 τὸν

37 276 104 308 λόγον
123 275 358 308 κατεξετάζοντας
372 286 379 292 ·
394 278 502 312 πρῶτον
523 277 572 312 μὲν
594 277 635 304 ὃτι
648 278 681 312 τῇ
695 277 818 312 ἁμαρτία

37 320 151 353 καθάπαξ
165 321 324 354 ἀποθανὼν,
335 321 368 358 ζῇ
378 322 409 349 τὸ
422 322 514 350 λοιπὸν
529 322 569 358 τῷ
578 322 638 357 Θεῷ
644 322 735 349 οὐκέτι
750 330 817 357 καρ-

39 367 153 400 ποφορῶν
167 366 210 402 τῷ
224 367 344 404 θανάτῳ,
364 369 411 395 καὶ
428 370 490 396 ὅσον
503 369 534 395 τὸ
552 369 594 403 ἐφ’
611 368 702 404 ἑαυτῷ
723 367 816 395 συντέ-

38 413 99 438 λειαν
111 412 161 447 τῆς
176 414 254 440 κατά
271 415 359 450 σάρκα
370 415 443 450 ζωῆς
462 416 492 441 ὲν
506 415 595 451 ἑαυτῷ
609 416 736 451 ποιήσας,
750 416 817 442 ἁνα-

39 460 103 494 μένει
124 460 218 487 λοιπὸν
245 461 295 496 τὴν
317 462 456 496 μακαρίαν
472 462 568 489 ἐλπίδα
591 462 637 489 καὶ
659 463 818 496 ἐπιφάνειαν

38 504 77 531 τοῦ
92 505 211 540 μεγάλου
237 506 316 539 Θεοῦ,
330 507 405 534 οὐδὲν
429 507 565 543 διάστημα
577 507 678 543 μεταξὺ
693 507 775 534 αὑτοῦ
788 515 817 533 τε

39 552 135 585 καὶτῆς
156 552 314 585 παρουσίας
333 553 380 579 τοῦ
407 553 474 579 Θεοῦ
490 553 535 580 διὰ
549 554 602 580 τῶν
613 553 657 580 διὰ
673 553 756 589 μέσου
770 561 818 587 γε-

39 597 96 624 νεῶν
108 597 305 633 ἐργαζόμενος.
319 597 384 626 Εἶτα
393 600 408 626 ὅ
417 608 443 626 τι
457 599 593 634 ἐξαίρετον
605 599 659 626 τῶν
672 600 700 626 ὲν
712 600 745 634 τῇ
758 599 820 626 ἀνα-

40 644 120 670 στάσει
137 644 242 677 καλῶν,
260 645 306 671 καὶ
322 645 351 672 ὲν
369 645 408 680 τῷ
421 645 534 681 παρόντι
547 645 698 681 καρποῦται
712 644 772 680 βίῳ.
787 645 820 671 Et

39 690 85 726 γὰρ
102 691 247 724 ἰσάγγελος
259 692 275 726 ἡ
291 691 347 726 ζωὴ
357 693 373 726 ἠ
390 691 459 726 μετὰ
466 692 516 727 τὴν
525 692 672 718 ἀνάστασιν
688 691 763 726 παρὰ
773 690 819 717 τοῦ

40 737 130 771 Κυρίου
144 737 201 768 τοῖς
229 737 344 768 δικαίοις
365 737 529 771 ἐπήγγελται
540 745 547 753 ·
566 737 617 772 τῆς
630 736 658 763 δὲ
672 736 820 771 ἀγγελικῆς

40 782 135 814 φύσεως
156 782 224 808 ῐδιον
247 783 279 808 τὺ
296 781 467 817 ἀπηλλάχθαι
483 782 530 808 τοῦ
554 782 642 817 γάμου
660 782 751 808 ἐστίν·
769 782 818 817 ἤδη

40 828 150 854 δέδεκται
170 828 205 855 τὰ
220 827 272 862 τῆς
295 827 461 862 ἐπαγγελίας
479 827 559 858 καλὰ,
575 829 634 859 ταῖς
648 827 821 862 λαμπρότησι

40 875 86 900 τῶν
104 874 188 908 ἁγίων
218 874 450 909 ἀναμιγνύμενος,
478 874 526 900 καὶ
549 873 588 909 τῷ
609 874 750 909 ἀμολύντῳ
771 874 820 908 τῆς

42 919 105 955 ζωῆς
131 919 180 955 τὴν
194 919 373 955 καθαρότητα
395 919 449 946 τῶν
470 920 623 955 ἀσωμάτων
642 919 818 955 μιμούμενος.

42 967 67 992 Εἰ
78 964 121 992 οὖν
134 965 239 992 τούτων
263 965 311 992 καὶ
336 965 390 991 τῶν
403 964 530 991 τοιούτων
551 965 566 999 ὴ
580 964 712 999 παρθενεα
727 963 821 998 γέγονε

43 1012 169 1048 πρόξενος,
185 1012 229 1043 τίς
255 1012 303 1047 μὲν
327 1011 405 1045 λόγος
425 1011 544 1043 ἐπαξίως
564 1011 615 1047 τὴν
627 1011 707 1046 χάριν
720 1010 821 1045 ταύτην

43 1056 201 1091 θαυμάσεται
217 1064 224 1088 ;
253 1056 286 1082 Τί
315 1055 342 1082 δὲ
369 1056 456 1082 ἄλλων
472 1055 526 1082 τῶν
540 1057 589 1091 τῆς
607 1055 695 1090 ψυχῆς
711 1054 821 1089 ἀγαθῶν

43 1101 103 1128 ιῦτω
116 1102 270 1136 φανήσεται
288 1101 358 1136 μέγα
373 1101 420 1127 καὶ
437 1100 539 1135 τίμιον,
560 1101 597 1132 ὡς
613 1102 646 1136 τῇ
672 1100 822 1135 τελειότητι

43 1147 118 1182 ταύτῃ
135 1147 326 1182 παρισωθῆναι
340 1147 384 1174 διὰ
400 1147 589 1183 συγκρίσεως;

837 861 858 888 Β

334 1247 457 1274 ΚΕΦΑΛ.
472 1248 522 1275 1Δ’.

46 1303 102 1330 "Ott
119 1304 137 1337 ή
151 1304 270 1338 ἀληθὴς
288 1305 431 1339 παρθενία
457 1304 492 1330 ἐν
504 1304 594 1331 παντὶ
613 1304 822 1339 ἐπιτηδεύματι

349 1339 504 1374 θεωρεῖται.

81 1385 146 1410 Ἀλλ’
158 1386 182 1411 εὶ
203 1385 383 1420 κατείληπται
406 1387 471 1420 ἡμῖν
489 1386 505 1420 ἡ
527 1385 661 1420 ὑπερϐολὴ
678 1385 725 1412 τοῦ
743 1385 820 1421 χαρί-

49 1439 147 1465 σματος,
162 1432 279 1458 συνιδεῖν
292 1433 423 1467 προσήκει
445 1433 492 1458 καὶ
503 1432 532 1458 τὸ
551 1432 705 1464 ἀκόλουθον,
721 1433 762 1459 δτι
775 1433 824 1468 οὐχ

48 1475 148 1507 ἁπλοῦν,
161 1476 199 1507 ὡς
214 1477 246 1503 ἄν
259 1485 301 1507 τις
308 1476 421 1511 οἰηθείη,
433 1477 462 1502 τὸ
476 1476 639 1512 κατόρθωμα
651 1477 729 1503 τοῦτό
740 1477 823 1507 ἐστιν,

50 1520 99 1546 οὐδὲ
117 1520 196 1556 μέχρι
214 1522 269 1547 τῶν
289 1522 419 1556 σωμάτων
435 1522 588 1557 ἱστάμενον,
605 1522 662 1548 ἀλλ’
677 1523 722 1549 ἐπὶ
736 1523 823 1549 πάντα
838 1528 860 1557 c

49 1566 130 1600 διῆκον
147 1567 193 1592 καὶ
213 1567 350 1594 διαϐαῖνον
371 1568 404 1602 τῇ
423 1568 539 1602 ἐπινοίᾳ,
558 1567 607 1593 ὅσα
622 1568 823 1603 κατορθώματα

50 1611 126 1646 ψυχῆς
140 1611 196 1638 ἔστι
212 1612 260 1638 καὶ
276 1612 424 1646 νομίζεται.
447 1613 479 1638 Ἡ
502 1613 556 1647 γὰρ
570 1612 608 1647 τῷ
625 1612 742 1648 ἀληθινῷ
758 1623 825 1648 νυμ-

52 1656 97 1690 φίῳ
113 1657 343 1692 προσκολληθείσα
358 1657 401 1684 διὰ
417 1657 565 1693 παρθενίας
589 1658 672 1693 ψυχὴ,
696 1659 726 1684 οὺ
745 1659 824 1693 μόνον

52 1702 97 1727 τῶν
112 1702 272 1737 σωματικῶν
288 1703 465 1738 μολυσμάτων
480 1703 578 1736 ἑαυτὴν
595 1704 754 1738 ἀποστήσει,
768 1703 824 1729 ἀλλ’

53 1748 164 1774 ἐντεῦθεν
187 1748 236 1783 μὲν
260 1748 370 1783 ἄρξεται
389 1750 438 1783 τῆς
454 1748 648 1784 καθαρότητος,
672 1749 718 1775 ἐπὶ
739 1749 826 1775 πάντα

54 1793 77 1819 δὲ
90 1793 183 1828 ὁμοίως
205 1794 252 1820 καὶ
271 1793 339 1829 μετὰ
358 1793 408 1828 τῆς
427 1794 486 1829 ἴσης
506 1794 655 1828 ἀσφαλείας
670 1794 824 1829 πορεύεται,

54 1839 93 1863 καὶ
107 1838 237 1864 δεδοικυῖα
259 1839 348 1873 μήπου
365 1839 412 1873 τῆς
429 1838 540 1873 καρδίας
555 1838 630 1874 παρά
645 1838 676 1864 τὸ
692 1838 750 1865 δέον
765 1839 826 1864 ἐπι-

56 1882 189 1917 κλιθείσης,
203 1882 322 1918 πονηροῦ
335 1891 406 1914 τινος
423 1883 548 1918 κοινωνίᾳ
561 1883 682 1918 μοιχικόν
701 1892 727 1910 τι
743 1883 827 1914 πάθος

56 1928 116 1953 κατὰ
142 1928 171 1953 τὸ
194 1929 275 1962 μέρος
293 1928 379 1954 ὲκείνο
410 1927 598 1963 προσδέξηται.
624 1925 687 1955 Οἷόν
705 1937 731 1954 τι
756 1928 828 1961 λέγω

57 1972 138 2005 (πάλιν
147 1973 200 2008 γὰρ
225 1973 270 1999 τὸν
294 1973 370 2007 λόγον
385 1973 613 2008 ὲπαναλήψομαι)’
631 1973 664 2000 ’Π
683 1973 720 2008 τῷ
733 1974 828 2009 Κυρίῳ

58 2018 275 2053 προσκολληθεῖσα
292 2017 365 2052 ψυχὴ
382 2018 422 2049 είς
436 2017 466 2044 τὺ
481 2018 606 2052 γενέσθαι
625 2018 691 2055 πρὸς
704 2018 784 2045 αὑτὸν
799 2019 828 2045 ἒν

58 2061 164 2097 πνεῦμα,
177 2063 301 2097 καθάπερ
316 2062 460 2097 ὁμολογίαν
470 2062 529 2089 τινὰ
545 2061 731 2098 συμϐιωτικὴν
746 2071 829 2090 κατα-

59 2107 146 2143 θεμένη
163 2109 192 2135 τὺ
209 2109 289 2144 μόνον
306 2109 407 2134 ἐκεῖνον
424 2109 532 2143 ἀγαπᾷν
547 2108 577 2140 ὲξ
592 2108 656 2142 ὅλης
675 2109 787 2144 καρδίας
799 2116 829 2135 τε

59 2154 99 2180 καὶ
118 2154 265 2189 δυνάμεως,
289 2154 348 2181 οὔτε
363 2155 394 2190 τῇ
414 2154 527 2190 πορνείᾳ
552 2155 828 2190 προσκολληθήσεται,

61 2199 96 2225 ivx
126 2200 160 2235 μὴ
178 2201 289 2235 γένηται
306 2199 385 2235 σῶμα
401 2199 429 2226 ἓν
440 2200 508 2235 πρὸς
530 2200 614 2235 αὑτήν
624 2209 631 2215 ·
653 2199 715 2226 οὔτε
729 2200 792 2227 ἄλλο
804 2209 831 2226 τι
846 2204 870 2234 ι)

61 2244 106 2270 τῶν
119 2245 308 2280 ἀντικειμένων
324 2246 356 2280 τῇ
373 2245 493 2280 σωτηρίᾳ
510 2244 693 2280 προσδέξεται,
711 2245 748 2276 ὡς
766 2246 830 2280 μιᾶς

62 2289 133 2324 οὔσης
146 2291 173 2316 ὲν
187 2291 271 2318 ἅπασι
285 2291 335 2325 τῆς
350 2290 403 2316 τῶν
418 2290 578 2326 μιασμάτων
599 2291 754 2326 κοινότητος
764 2299 771 2306 ·
786 2290 833 2317 καὶ

62 2335 83 2360 εἱ
95 2335 125 2360 δι’
141 2336 196 2368 ἑνός
210 2345 282 2368 τινος
296 2336 449 2372 μολυνθείη.
469 2337 566 2372 μηκέτι
583 2337 614 2363 τὸ
626 2337 738 2363 ἄσπιλον
760 2337 833 2372 ἔχειν

64 2380 89 2406 ὲν
103 2382 178 2417 ἑαυτῇ
194 2383 342 2418 δυναμένη.
357 2383 434 2410 Ἔστι
459 2383 487 2409 δὲ
509 2384 555 2409 καὶ
573 2383 606 2410 δι’
627 2383 833 2419 ὑποδειγμάτων

64 2428 238 2462 τεκμηριῶσαι
254 2428 300 2455 τὸν
313 2428 400 2462 λόγον.
416 2429 520 2463 ’Ὥσπερ
534 2428 563 2455 τὸ
577 2429 606 2454 ὲν
620 2430 652 2464 τῇ
669 2429 750 2464 λίμνῃ
762 2429 834 2464 ὕδωρ

66 2470 124 2502 τέως
139 2472 185 2505 μὲν
196 2472 266 2499 λεῖόν
277 2474 334 2499 ἐστι
349 2474 395 2499 καὶ
407 2473 543 2508 ἀκίνητον,
556 2474 580 2500 εἰ
596 2474 714 2509 μηδεμία
730 2483 772 2506 τις
780 2475 835 2501 τῶν

67 2515 153 2546 ἔξωθεν
171 2519 274 2553 ταραχὴ
292 2518 481 2554 προσπεσοῦσα
497 2519 527 2545 τὸ
543 2519 675 2554 σταθηρὺν
691 2519 737 2546 τοῦ
752 2521 834 2547 τόπου

69 2559 214 2596 διακινησειε
223 2571 230 2577 ·
243 2563 316 2589 λίθου
329 2563 358 2590 δέ
369 2572 440 2594 τινος
447 2564 610 2598 ἐμπεσόντος
624 2566 656 2599 τῇ
673 2565 764 2601 λίμνῃ,
775 2565 836 2592 ὅλον

71 2608 214 2644 συνεκινήθη
229 2608 268 2643 τῷ
286 2608 363 2644 μέρει
375 2617 381 2623 '
396 2610 410 2636 ό
425 2609 474 2644 μὲν
488 2610 540 2645 γὰρ
553 2610 605 2637 ὑπὸ
621 2610 667 2636 τοῦ
686 2611 784 2646 βάρους
797 2611 837 2643 είς

70 2650 108 2677 θεὸν
122 2652 195 2686 βυθὸν
218 2654 396 2681 καταδύεται·
421 2655 474 2681 τῶν
488 2655 515 2681 δὲ
531 2656 595 2689 περὶ
612 2656 692 2683 αὑτὸν
708 2657 836 2691 κυμάτων

73 2698 226 2735 κυκλοτερῶς
239 2701 268 2726 ἐν
282 2700 370 2732 ἄλλοις
387 2701 575 2736 ἐγειρομένων,
596 2702 642 2728 καὶ
659 2702 703 2728 ἐπὶ
718 2702 752 2729 τὰ
765 2703 836 2737 ἄκροι

73 2742 112 2769 τοῦ
127 2744 214 2778 ὕδατος
226 2747 278 2774 ὑπὸ
293 2747 340 2781 τῆς
355 2747 384 2773 ὲν
397 2746 435 2782 τῷ
449 2748 522 2782 μέσῳ
535 2748 666 2783 κινήσεως
682 2748 836 2783 ἐξωθουμέ-

104 2823 136 2858 (a)
151 2824 195 2853 llic
214 2827 291 2854 locus
304 2830 448 2861 corruptus
464 2829 506 2853 est
525 2826 553 2854 in
574 2825 668 2854 codice
681 2826 785 2854 Graeco.

868 231 906 257 Ac
921 230 1062 258 veritatem
1078 237 1173 258 eorum
1201 238 1261 265 quae
1279 230 1411 260 diximus,
1429 227 1585 263 perspicere
1613 230 1653 252 t'sl

868 276 991 303 oratione
1016 275 1214 303 examinanda:
1234 275 1351 310 primum
1374 273 1448 301 enim
1471 272 1582 308 quidem
1607 271 1654 305 qui

868 324 980 355 peccato
994 327 1107 355 prorsus
1125 321 1249 351 moritur,
1268 319 1322 347 Deo
1345 320 1368 346 is
1386 325 1468 353 porro
1492 317 1569 348 vivit,
1592 324 1654 343 cum

868 366 974 393 nullum
989 366 1106 400 amplius
1121 367 1201 393 morti
1216 365 1336 393 fructum
1356 364 1585 399 pariat;eumque
1594 361 1656 387 vitae

869 412 962 446 hujus,
974 419 1035 447 qua:
1049 412 1198 440 secundum
1214 418 1323 438 carnem
1340 409 1494 437 traducitur
1516 415 1566 442 pro
1590 407 1656 433 viri-

869 458 888 485 li
902 458 1164 485 consummationem
1180 457 1335 492 perfecerit,
1350 456 1459 483 beatam
1477 460 1560 489 porro
1579 459 1654 486 spem

869 508 952 538 atque
968 504 1114 531 adventum
1137 504 1227 537 magni
1244 502 1289 529 Dei
1312 504 1464 536 exspectat,
1495 506 1545 527 nec
1570 498 1656 525 ullum

868 548 940 575 inter
957 555 987 575 se
1001 548 1105 582 Deique
1118 548 1262 574 adventum
1272 554 1321 581 per
1334 545 1491 579 interjectas
1502 542 1657 578 generatio-

869 601 919 621 nes
939 594 1083 621 constituit
1108 593 1292 620 intervallum.
1308 591 1411 618 Deinde
1431 597 1492 624 quae
1508 589 1535 615 in
1564 595 1657 615 resur-

871 641 991 668 rectione
1006 639 1125 666 maxime
1141 639 1274 674 praecipua
1301 637 1370 664 bona
1395 639 1470 667 sunt,
1490 634 1525 661 iis
1554 633 1580 660 in
1608 632 1658 658 hac

869 687 925 714 vita
940 686 1050 713 l'ruitur.
1071 685 1100 712 Si
1117 686 1189 712 enim
1205 685 1260 711 vita
1285 683 1444 718 angelorum
1473 680 1571 708 sinulis
1598 681 1660 713 post

871 731 1102 759 resurrectionem
1117 737 1132 756 a
1149 730 1203 757 Deo
1217 729 1299 764 justis
1313 728 1379 755 viris
1392 726 1572 762 promittitur,
1592 721 1658 749 illud

870 778 1030 812 angelorum
1047 781 1152 804 naturae
1166 775 1307 810 proprium
1321 778 1373 805 est,
1389 776 1418 799 ut
1439 771 1496 799 sint
1517 778 1531 796 a
1554 767 1659 803 nuptiis

872 811 965 849 alieni.
995 821 1055 848 Jam
1084 819 1274 854 promissionis
1297 817 1408 853 prmmia
1434 816 1458 843 is
1476 815 1589 849 accepit,
1612 811 1660 847 qui

873 871 1031 895 sanctorum
1064 866 1186 893 virorum
1217 863 1411 899 splendoribns
1443 861 1525 889 simul
1563 859 1660 890 eluxit,

871 914 952 947 quive
965 912 1048 938 nullis
1064 911 1125 938 vitm
1137 909 1266 938 sordibus
1281 917 1387 940 eorum,
1411 907 1458 943 qui
1481 913 1595 941 corpore
1613 911 1661 931 ca-

873 962 942 989 rent,
959 965 1056 992 puram
1073 961 1115 984 est
1131 960 1255 983 naturam
1276 955 1408 982 imitatus.
1427 952 1611 986 Quamobrem
1636 949 1661 977 si

872 1004 969 1031 harum
995 1007 1210 1036 cmterarumque
1233 1000 1389 1035 hujusmodi
1406 1006 1496 1027 rerum
1521 996 1661 1032 virginitas

871 1049 1041 1077 conciliatrix
1057 1052 1109 1081 est,
1124 1056 1184 1083 quae
1199 1055 1265 1075 sane
1283 1047 1371 1073 oratio
1381 1045 1464 1079 bujus
1480 1044 1602 1071 muneris
1611 1042 1661 1069 ad-

872 1096 1046 1124 mirationem
1059 1095 1127 1122 satis
1134 1094 1280 1122 excitabit?
1295 1092 1360 1126 Quae
1371 1092 1477 1126 reliqua
1491 1090 1574 1117 animi
1590 1089 1662 1116 bona

872 1145 909 1171 ita
925 1150 1034 1178 magna,
1049 1146 1131 1175 atque
1145 1141 1214 1167 adeo
1228 1139 1348 1175 perfecta
1360 1138 1535 1167 videbuntur.
1549 1140 1577 1162 ut
1589 1142 1664 1162 eom-

873 1189 1014 1217 paratione
1030 1187 1112 1218 facta,
1128 1185 1291 1221 perfectiuni
1318 1184 1382 1212 huic
1396 1184 1538 1217 adchuata
1553 1180 1628 1208 sint?

1166 1241 1280 1270 CAPUT
1297 1240 1366 1267 XIV.

925 1298 957 1326 In
974 1299 1094 1326 omnibus
1110 1297 1206 1325 studiis
1224 1305 1285 1323 vera
1308 1295 1448 1331 uirginitas
1465 1298 1610 1328 speclalur.

910 1375 962 1402 Sed
981 1375 1003 1402 si
1030 1375 1112 1409 hujus
1138 1373 1259 1400 numeris
1277 1372 1433 1407 praestantia
1448 1379 1462 1397 a
1479 1370 1559 1397 nobis
1584 1376 1663 1396 com-

874 1427 950 1457 perta
963 1427 1015 1453 est,
1033 1421 1098 1448 illud
1111 1428 1178 1448 sane
1192 1420 1286 1451 etiam,
1304 1418 1376 1454 quod
1393 1417 1529 1452 sequitur,
1554 1415 1666 1449 expedit

875 1473 904 1495 ut
917 1468 1112 1502 intelligamus,
1128 1467 1257 1501 quoniam
1272 1473 1326 1492 nor.
1340 1464 1456 1498 simplex
1471 1467 1523 1494 est,
1541 1465 1570 1488 ut
1582 1460 1665 1487 alicui

878 1515 947 1542 forte
964 1515 1099 1545 videatur,
1115 1513 1167 1540 hoc
1181 1512 1333 1548 perfectum
1347 1510 1516 1545 virginitatis
1531 1508 1662 1539 oﬂicium,

876 1569 965 1596 neque
992 1561 1018 1587 in
1046 1567 1160 1594 corpore
1186 1559 1275 1586 solum
1302 1557 1440 1587 consistit,
1468 1555 1516 1583 sed
1537 1553 1666 1590 opinione.

877 1608 957 1636 etiant
978 1607 1011 1634 ad
1034 1607 1125 1634 omnia
1143 1603 1267 1640 pervenit
1287 1611 1318 1630 ac
1342 1603 1468 1637 pertinet,
1496 1607 1666 1636 quaecunque

878 1658 951 1682 recta
969 1653 1051 1680 animi
1069 1651 1154 1678 olIicia
1170 1654 1198 1678 et
1211 1654 1275 1677 sunt
1291 1654 1317 1676 et
1334 1649 1480 1676 habentur.
1496 1647 1562 1674 Nam
1581 1646 1666 1681 virgi—

879 1700 972 1727 uitatis
987 1698 1113 1734 praesidio
1136 1697 1245 1725 animus
1269 1704 1331 1724 cum
1353 1703 1418 1723 vero
1433 1702 1534 1729 sponso
1547 1693 1666 1727 conjun-

878 1751 940 1773 ctus
958 1754 1011 1772 non
1028 1753 1043 1771 a
1059 1743 1198 1778 corporeis
1215 1742 1296 1769 modo
1310 1742 1438 1770 sordibus
1450 1749 1480 1768 se
1501 1741 1559 1774 ipse
1578 1746 1668 1766 rente-

879 1793 964 1826 vebit,
989 1792 1035 1820 sed
1056 1792 1118 1818 inde
1135 1792 1215 1818 etiam
1234 1790 1374 1825 profectus
1387 1789 1419 1816 ad
1441 1788 1602 1816 munditiem
1620 1794 1668 1821 ag-

879 1840 1029 1875 grediatur.
1053 1839 1086 1866 ad
1101 1839 1247 1872 omniaque
1262 1837 1319 1872 pari
1337 1837 1401 1863 item
1427 1835 1573 1863 securitate
1598 1833 1665 1860 ibit:

881 1884 945 1911 illud
959 1888 1049 1911 tamett
1075 1882 1302 1918 pertimescenda,
1321 1889 1354 1908 ne
1370 1881 1464 1915 aliquo
1479 1879 1560 1907 modo
1578 1877 1610 1904 ad
1629 1877 1668 1904 rei

881 1937 970 1965 pravze
985 1929 1143 1956 societatem
1164 1928 1247 1955 corde
1268 1928 1339 1961 plus,
1355 1934 1435 1961 quam
1455 1933 1504 1960 par
1518 1929 1571 1955 est,
1590 1923 1669 1949 incli-

882 1980 955 2007 nato.
971 1975 1140 2002 alii-clientem
1157 1974 1275 2009 aliquam
1295 1981 1326 1999 ex
1344 1979 1375 1999 ea
1396 1975 1472 2006 parte
1486 1970 1668 1997 adulterinum

882 2022 980 2056 capiat.
996 2020 1077 2047 Verbi
1092 2020 1179 2055 gratia
1198 2020 1368 2054 (sermonem
1385 2017 1456 2045 enim
1478 2023 1574 2042 rursus
1592 2021 1669 2049 repe-

882 2068 963 2099 tam).
993 2068 1102 2094 animus
1124 2066 1169 2100 qui
1197 2073 1258 2092 cum
1284 2065 1397 2092 Domino
1421 2063 1533 2098 junctus
1558 2065 1611 2092 est,
1638 2064 1669 2087 ut

882 2120 955 2140 unus
972 2112 1004 2139 ad
1021 2120 1083 2139 cum
1109 2111 1223 2145 spiritus
1239 2110 1380 2141 elliriatnr,
1404 2115 1522 2143 cumque
1537 2111 1668 2141 tanquam

883 2157 993 2193 aliquod
1011 2157 1165 2183 communis
1185 2156 1248 2182 vita:
1263 2159 1370 2190 pactmn
1388 2161 1450 2182 cum
1466 2161 1500 2181 eo
1515 2153 1618 2183 fecerit.
1638 2155 1670 2178 ut

883 2208 940 2231 toto
955 2203 1038 2230 corde
1050 2202 1210 2236 viribusque
1227 2209 1288 2228 cum
1310 2201 1398 2227 solum
1416 2200 1522 2235 diligat,
1538 2207 1592 2226 non
1605 2207 1668 2226 cum

883 2249 1064 2276 fornicatione
1078 2255 1138 2275 sese
1153 2246 1364 2281 cunglutinabit,
1392 2254 1426 2273 ne
1442 2253 1526 2272 unum
1543 2253 1605 2272 cum
1623 2245 1669 2272 illa

883 2301 983 2329 corpus
1002 2293 1066 2326 tiat;
1081 2300 1168 2327 neque
1183 2300 1244 2319 eum
1266 2291 1328 2318 ullis
1348 2291 1441 2322 rebus,
1456 2299 1517 2326 qua:
1531 2290 1613 2317 saluti
1627 2297 1669 2316 re-

884 2342 1017 2375 pugnent,
1035 2338 1195 2366 societatem
1217 2337 1305 2369 inibit,
1319 2337 1398 2372 quasi
1420 2344 1472 2363 una
1493 2336 1529 2363 sit
1542 2334 1670 2362 omnibus

884 2385 912 2412 in
942 2384 1025 2412 rebus
1053 2383 1240 2418 impuritatum
1272 2382 1455 2410 communitas
1485 2381 1543 2417 (a):
1576 2381 1670 2416 sicque

885 2430 968 2457 unius
987 2428 1104 2462 alicujus
1124 2428 1236 2455 sceleris
1254 2428 1314 2454 labe
1327 2427 1530 2455 contaminatus
1544 2431 1598 2458 est,
1614 2435 1669 2454 non

885 2477 972 2513 possit
985 2484 1043 2504 eam
1057 2477 1083 2502 in
1099 2483 1128 2503 se
1144 2479 1312 2502 contractam
1332 2474 1418 2501 labem
1435 2474 1552 2509 amplius
1567 2474 1668 2500 eluere.

886 2521 967 2556 Atqui
995 2520 1127 2555 exemplis
1145 2520 1171 2547 id
1196 2519 1267 2554 quod
1294 2519 1413 2546 dicimus
1436 2523 1528 2553 aperte
1550 2517 1670 2545 indicare

887 2567 969 2594 licet:
993 2567 1076 2594 veluti
1096 2566 1123 2593 in
1141 2571 1238 2602 stagno
1253 2572 1322 2600 aqua
1342 2571 1410 2599 pura
1424 2569 1506 2598 atque
1523 2563 1670 2590 immobilis

887 2617 990 2643 manet.
1007 2613 1059 2640 nisi
1076 2612 1166 2647 aliqua
1195 2611 1368 2639 extrinsecus
1381 2609 1550 2646 perturbatio
1564 2609 1670 2641 incidit,

890 2667 950 2694 quae
966 2659 1039 2686 illius
1053 2663 1156 2685 motum
1185 2658 1284 2692 agitet;
1309 2657 1332 2684 si
1352 2661 1442 2683 autem
1459 2656 1529 2690 lapis
1544 2655 1668 2682 inciderit

890 2705 1001 2740 aliquis,
1025 2708 1110 2731 totum
1135 2711 1188 2730 una
1205 2711 1266 2730 cum
1293 2708 1370 2738 parte
1386 2704 1591 2733 commovetur;
1608 2707 1670 2726 nam

890 2758 946 2784 prae
968 2749 1110 2784 gravitate,
1130 2752 1157 2776 et
1174 2748 1291 2784 pondere
1310 2748 1338 2775 in
1357 2747 1439 2774 inntm
1465 2745 1598 2780 gurgitem
1626 2744 1670 2772 ille
