1912 3080
244 121 298 150 585

847 125 877 154 S.
895 125 1059 154 GREGORII
1078 125 1227 155 NYSSENI

1823 129 1876 156 38-1

245 177 351 204 fertur:
367 185 485 213 cumque
500 185 578 214 aqua:
598 178 699 207 ﬂuctus
715 180 790 208 circa
802 188 866 208 eum
887 181 913 208 iu
935 190 1028 217 gyrum

1083 192 1146 214 νων,
1171 183 1248 210 πᾶσα
1274 183 1304 209 ἐν
1320 183 1412 219 κύκλῳ
1433 184 1663 220 περιτραχύνεται
1680 185 1730 220 τῆς
1746 185 1845 220 λίμνης
1860 188 1875 221 ἡ

243 228 339 251 mutuo
351 225 488 252 ducantur
501 245 509 258 ,
528 225 673 261 medioque
688 231 765 254 motu
786 228 896 262 impulsi
913 228 941 255 in
958 236 1034 256 sum-

242 277 318 296 mum
333 277 411 304 aqua:
429 274 524 298 aestum
539 276 694 306 erumpant,
712 273 803 300 omnis
818 280 924 300 summa
944 274 1034 309 stagni

243 322 325 350 aqua,
341 323 404 343 cum
426 317 479 343 ima
495 324 558 351 pars
575 323 648 345 mota
665 317 711 349 sit,
727 323 843 346 restuum
860 319 963 346 ambitu
975 320 1034 356 agi-

241 365 331 394 tatur;
353 362 410 397 pari
427 362 534 390 ratione
548 364 734 398 tranquillitas
748 369 775 392 et
795 366 878 392 animi
895 366 984 400 quies,
1009 367 1033 394 si

242 413 315 435 unus
333 407 432 443 aliquis
446 407 561 436 allectus
584 408 613 436 in
628 416 690 436 eum
721 409 847 442 invadat,
873 414 929 437 tota
951 411 1034 438 simul

241 453 415 485 concutitur,
432 457 460 481 et
479 455 565 489 partis
583 455 777 482 detrimentum
795 463 849 483 una
865 457 948 483 etiam
970 465 1034 484 sen-

242 499 285 526 tit.
306 499 530 527 Commemorant
557 501 630 528 enim
662 502 690 534 ii,
708 502 755 537 qui
785 502 844 529 hare
870 503 930 538 ipsa
955 503 1034 531 inda-

239 548 351 579 garum,
365 544 480 572 virtutes
502 545 574 573 inter
599 553 629 574 se
649 547 761 575 minime
780 547 935 582 disjunctas
950 556 1031 581 esse;

242 597 330 625 neque
346 590 404 618 ﬁeri
420 598 512 626 posse,
530 596 560 618 ut
575 592 623 627 qui
643 593 724 621 unius
740 594 874 621 rationem
889 594 1034 630 diligenter

241 641 427 672 accurateque
439 640 617 672 pereurrerit,
631 643 744 667 caeteras
757 648 867 676 quoque
880 648 935 668 non
950 641 1033 668 attin-

241 687 306 718 gat;
323 683 371 711 sed
386 684 431 711 eui
450 692 503 712 una
526 693 559 712 ex
578 685 727 714 virtutibus
744 686 825 719 inest,
842 687 962 722 reliquas
981 694 1031 715 ne-

238 730 363 756 cessario
385 737 447 757 eum
463 733 594 766 consequi
615 732 722 760 dicunt.
739 733 811 766 Quin
834 733 916 761 etiam
934 738 1033 761 contra

239 775 358 810 alicujus
383 776 433 808 rei.
460 784 520 811 qum
536 785 588 804 nos
609 778 730 813 attingit,
750 779 846 806 vilium
863 779 897 806 ad
920 787 1031 807 omnem

239 820 385 848 honestam
415 823 498 849 vitam
526 824 654 857 pertinet,
682 832 811 859 vereque,
836 830 866 852 ut
889 829 931 852 est
958 825 1031 860 apud

1086 228 1242 262 ἐπιφάνεια,
1251 228 1471 265 συνδιατιθεμένη
1484 229 1522 263 τῷ
1537 230 1612 264 βάθει
1621 239 1628 245 -
1640 230 1712 257 οὕτω
1725 232 1774 257 καὶ
1787 231 1818 256 τὸ
1828 231 1876 266 τῆς

1085 274 1173 310 ψυχῆς
1184 274 1328 309 γαληναῖον
1343 275 1389 301 καὶ
1398 275 1509 310 ἥσυχον,
1524 275 1559 302 δι’
1569 276 1628 307 ἑνός
1639 284 1712 308 τινος
1728 284 1800 311 παρε
1806 285 1874 310 μπε-

1086 320 1178 352 σόντος
1192 320 1232 352 είς
1241 320 1326 354 αὐτὴν
1352 321 1455 352 πάθους
1477 321 1536 348 ὅλον
1558 320 1754 356 συνδιεσείσθη,
1766 322 1816 348 καὶ.
1829 321 1877 356 τῆς

1084 365 1131 392 τοῦ
1150 366 1250 402 μέρους
1264 366 1366 402 βλάϐης
1380 366 1536 402 συνῄσθετο.
1553 367 1623 394 Φασὶ
1634 367 1663 394 δὲ
1679 368 1727 394 καὶ
1741 368 1766 394 οἱ
1777 367 1812 394 τὰ
1824 376 1877 394 τοι·

1084 411 1156 440 αὔτα
1174 411 1347 446 ἐξητακότες.
1376 411 1413 447 μὴ
1425 412 1589 448 ἀπεσχίσθαι
1612 412 1662 444 τὰς
1676 412 1778 447 ἀρετὰς
1794 411 1876 447 ἀλλή-

1084 456 1149 489 λων,
1168 457 1236 493 μηδὲ
1249 457 1361 485 δυνατὸν
1372 455 1442 484 εἶναι
1458 458 1524 493 μιᾶς
1543 466 1616 490 τινος
1631 458 1732 493 ἀρετῆς
1746 457 1820 484 κατά
1832 458 1876 484 τὸν

1083 504 1185 539 ἀκριϐῆ
1203 503 1418 539 περιδράξασθαι
1429 504 1519 539 λόγον,
1529 505 1576 531 τὸν
1591 504 1629 540 μὴ
1645 504 1693 531 καὶ
1705 505 1761 531 τῶν
1776 504 1876 530 λοιπῶν

1083 549 1257 584 ἐφαψάμενον
1265 558 1271 565 ·
1285 549 1342 576 ἀλλ’
1354 546 1377 584 ᾧ
1390 549 1424 578 ἂν
1431 550 1620 586 παραγένηται
1635 550 1683 586 μία
1690 551 1746 578 τῶν
1760 550 1875 587 ἀρετῶν,

1083 597 1240 630 ἀναγκαίως
1257 596 1450 624 ἐπακολουθεῖν
1465 597 1513 624 καὶ
1526 597 1576 629 τὰς
1598 597 1705 629 λοιπάς.
1726 597 1834 624 Οὐκοῦν
1848 598 1876 629 ἐξ

1083 642 1262 677 ἀντιστρόφου
1292 642 1340 669 καὶ
1355 643 1372 678 ὴ
1391 643 1455 678 περί
1477 651 1504 669 τι
1529 642 1615 679 βλάϐη
1633 642 1687 669 τῶν
1703 644 1733 669 ὲν
1745 643 1813 677 ἡμῖν
1839 643 1876 673 εἰς

1083 687 1143 714 ὅλον
1154 688 1200 714 τὸν
1213 687 1274 713 κατ’
1285 687 1386 723 άρετὴν
1400 687 1526 715 διατείνει
1535 687 1602 723 βίον,
1619 688 1666 714 καὶ
1677 688 1774 720 ὅντως,
1787 687 1876 718 καθώς

1083 742 1166 769 φησιν
1191 734 1206 760 ὁ
1236 733 1405 766 ’Δπόστολος,
1431 735 1487 766 τοῖς
1513 734 1609 770 μέρεσι
1622 734 1653 761 τδ
1666 734 1728 761 ὅλον
1746 733 1876 760 συνδιατὶ-

1083 780 1169 812 θεται,
1184 779 1216 806 ἄν
1227 788 1256 806 τε
1272 779 1365 815 πάσχῃ
1381 779 1462 815 μέλος
1478 780 1519 812 ἓν,
1536 779 1733 814 συναλγοῦντος
1749 779 1798 806 τοῦ
1811 787 1876 806 παν-

1082 826 1137 857 τὸς,
1148 825 1195 852 ἐάν
1207 834 1237 852 τε
1250 826 1297 852 καὶ
1311 825 1468 862 δοξάζηται,
1482 827 1529 853 τοῦ
1543 827 1603 854 ὅλου
1620 827 1825 862 συγγαίροντος.

240 868 450 903 Apostolom",
469 872 556 896 totum
576 877 638 896 cum
667 870 790 905 partibus
812 870 948 904 allicitur;
977 870 1036 899 sive
1072 872 1145 899 enim
1169 879 1223 899 una
1243 880 1307 907 pars
1333 872 1446 907 patitur,
1470 876 1558 900 totum
1583 874 1666 902 simul
1699 874 1793 906 dolet;
1821 873 1876 900 sive

237 914 324 949 gloria
341 914 468 948 adicitur,
486 919 573 943 totum
588 924 642 944 una
660 916 770 951 gaudet.

538 974 654 1003 CAPUT
667 974 726 1003 XV.

271 1029 306 1058 Ut
320 1030 422 1066 aliquid
439 1036 478 1058 est
491 1039 507 1057 α
520 1032 616 1058 virtute
631 1037 770 1064 remotum,
783 1032 821 1059 ita
840 1033 867 1060 in
885 1033 1001 1068 periculo

568 1072 699 1095 ιιιηαιιιν.

274 1110 328 1139 Sed
347 1111 562 1139 innumerabiles
586 1113 612 1138 in
631 1117 725 1139 nostra
743 1115 798 1140 vita
814 1118 879 1140 sunt
897 1114 1029 1149 peccandi

237 1158 300 1188 vim.
315 1157 463 1192 variosque
478 1157 529 1185 hos
543 1158 720 1193 delinquendi
739 1159 834 1187 modos
847 1160 1030 1188 multitudinis

237 1205 349 1230 nomine
362 1203 460 1231 divinae
470 1203 579 1231 Littera:
595 1205 768 1232 ostendunt.¢
783 1205 857 1232 Multi
868 1206 941 1233 enim
954 1211 1028 1240 sunt,

239 1250 377 1284 tuquiunt,
385 1250 433 1284 qui
447 1255 648 1285 persequuntur
663 1257 750 1283 me,et
765 1252 897 1279 tribulant
909 1260 951 1280 me
964 1253 1002 1285 ὀς
1017 1263 1026 1279 ι

241 1300 278 1325 et.
291 1305 301 1322 ι
314 1295 389 1324 Multi
400 1296 500 1324 bellum
511 1300 609 1331 gerunt
620 1296 751 1324 adversus
764 1305 807 1325 me
814 1305 845 1325 ex
857 1299 911 1325 alto
919 1300 952 1326 ³⁷.
966 1308 975 1325 ι
985 1299 1029 1326 Αι-

237 1349 292 1376 que
302 1341 356 1367 alia
368 1341 477 1376 quidem
487 1342 571 1369 multa
581 1341 715 1376 ejusmodi
727 1347 799 1370 sunt.
811 1342 938 1372 Fortasse
948 1345 1029 1380 igitur

237 1394 302 1422 ap'e
314 1393 532 1414 commemorare
554 1387 620 1415 licet
645 1388 746 1415 multos
763 1396 835 1420 esse.
860 1389 906 1423 qui
923 1390 1028 1417 adulte-

237 1433 324 1460 raudo
341 1432 456 1461 insidias
471 1437 592 1465 struant,
605 1438 636 1460 ut
652 1434 811 1462 houorabile
823 1435 874 1462 hoc
889 1444 951 1463 vere
964 1444 1030 1464 con-

236 1479 363 1511 nubium,
377 1483 406 1507 et
425 1479 632 1507 immaculatum
650 1484 740 1507 torum
753 1481 900 1516 deturpent
923 1491 930 1510 :
951 1483 1030 1519 sique

238 1524 288 1552 hos
301 1525 441 1552 adulteros
458 1525 620 1554 nominatim
636 1534 799 1554 enumerare
814 1532 933 1562 oportet,
949 1529 1028 1556 adul-

235 1575 279 1598 ter
295 1571 347 1603 ira,
370 1571 480 1599 adulter
494 1573 619 1604 avaritia,
638 1573 745 1600 adulter
768 1574 930 1605 invidentia.
955 1576 1028 1610 inju-

1381 971 1508 999 ΚΕΦΔΛ.
1528 972 1578 999 1Ε¹.

1082 1030 1147 1058 ὀτι
1163 1030 1197 1057 τὸ
1215 1029 1358 1057 ὁπωσοῦν
1375 1029 1434 1061 ἔξω
1453 1029 1592 1063 γενέσθαι
1613 1029 1668 1063 τῆς
1688 1029 1801 1065 ἀρετῆς
1827 1032 1876 1059 τὸν

1318 1065 1389 1092 ἴσον
1407 1064 1552 1091 κίνδυνον
1570 1065 1642 1098 ἔχει.

1122 1110 1203 1138 Ἀλλὰ
1226 1109 1321 1146 μυρίαι
1343 1109 1414 1136 κατά
1434 1109 1480 1136 τὸν
1504 1109 1561 1145 βίον
1584 1111 1664 1146 ἡμῶν
1686 1112 1716 1138 αἱ
1741 1113 1812 1148 πρὸς
1827 1114 1875 1148 τὴν

1080 1156 1217 1192 ἁμαρτίαν
1240 1156 1425 1191 παρατροπαὶ,
1450 1155 1498 1182 καὶ
1520 1156 1697 1192 πολυτρόπως
1718 1159 1746 1185 αἱ
1765 1159 1873 1194 Γραφαὶ

1080 1202 1110 1229 τὸ
1125 1202 1226 1237 πλῆθος
1240 1201 1317 1228 τοῦτο
1334 1201 1559 1237 διασημαίνουσι·
1582 1211 1592 1227 ‹
1608 1202 1704 1229 Πολλοὶ
1719 1203 1775 1240 γὰρ
1786 1205 1811 1230 οἱ
1829 1206 1873 1230 ἐκ.

1079 1248 1222 1280 διώκοντές
1238 1256 1272 1282 με
1287 1248 1333 1274 καὶ
1346 1247 1482 1279 θλίϐοντες
1495 1255 1544 1283 με·
1563 1256 1572 1273 ι
1590 1248 1647 1282 καὶ,
1663 1257 1672 1273 ι
1688 1249 1785 1275 Πολλοὶ
1792 1251 1818 1276 οἱ
1831 1259 1874 1276 πο-

1080 1293 1225 1328 λεμοῦντες
1244 1302 1278 1330 με
1293 1293 1346 1320 ἀπὸ
1361 1293 1460 1328 ὕψους·
1479 1302 1488 1320 ι
1506 1294 1553 1320 καὶ
1568 1294 1635 1321 ἄλλα
1649 1294 1763 1321 τοιαῦτα
1781 1295 1873 1323 πολλὰ.

1080 1341 1156 1375 Τάχα
1176 1340 1266 1366 τοίνυν
1278 1340 1380 1375 κυρίως
1393 1339 1468 1366 ἐστιν
1482 1340 1569 1366 εἰπεῖν
1583 1341 1624 1367 ὅτι
1638 1341 1730 1369 πολλοὶ
1746 1344 1771 1369 οξ
1786 1352 1872 1378 μοιχι-

1081 1386 1136 1417 κῶς
1150 1385 1380 1418 ἐπιϐουλεύοντες,
1397 1385 1464 1420 πρὸς
1483 1387 1514 1412 τὸ
1536 1386 1690 1422 διαφθεῖραι
1714 1388 1761 1415 τὸν
1785 1389 1874 1424 τίμιον

1079 1431 1173 1458 τοῦτον
1186 1431 1224 1464 ὼς
1240 1431 1348 1467 ἀληθῶς
1364 1431 1453 1466 γάμον
1472 1432 1519 1458 καὶ
1537 1432 1587 1467 τὴν
1607 1433 1740 1468 ἀμίαντον
1764 1435 1873 1470 κοίτην·

1079 1479 1104 1504 εί
1112 1478 1140 1504 δὲ
1151 1478 1205 1513 χρὴ
1215 1477 1261 1505 καὶ
1267 1477 1305 1512 τῷ
1315 1477 1426 1513 ὀνόματι
1436 1478 1499 1510 τοὺς
1509 1477 1671 1514 τ[οι]ούτους
1679 1480 1874 1516 ἀπαριθμήσα-

1081 1525 1153 1555 σθαι,
1173 1524 1266 1559 μοιχὸς
1284 1525 1300 1559 ἡ
1323 1524 1402 1560 ὀργὴ,
1424 1524 1515 1560 μοιχὸς
1537 1525 1553 1560 ή
1582 1524 1734 1558 πλεονεξία,
1753 1527 1875 1561 μοιχοςὸ

1080 1570 1187 1604 φθόνος,
1203 1570 1219 1605 ἡ
1237 1571 1415 1605 μνησικακία,
1436 1571 1453 1605 ἡ
1474 1570 1569 1606 ἔχθρα,
1587 1572 1604 1605 ἡ
1621 1571 1767 1606 βασκανία,
1787 1573 1820 1598 τὸ
1835 1575 1875 1607 μῖ-

236 1618 340 1644 riarum
364 1618 527 1651 recordatio,
551 1619 707 1653 inimicitia,
738 1621 852 1651 invidia.
884 1625 911 1648 et
936 1623 1028 1650 omnia

1082 1624 1137 1648 σος,
1151 1616 1241 1643 πάντα
1254 1616 1305 1642 ὅσα
1318 1616 1394 1652 παρὰ
1406 1615 1454 1642 τοῦ
1475 1616 1636 1643 ’Δποστόλου
1652 1618 1828 1644 κατείλεκται
1840 1621 1874 1650 ὡς

236 1663 366 1699 denique,
393 1672 454 1699 qua:
483 1665 518 1692 ab
536 1665 669 1699 Apostolo
697 1666 876 1701 colliguntur,
899 1672 1028 1702 tanquam

233 1710 424 1737 adulterorum
444 1711 617 1738 enumeratio
630 1719 661 1738 ea
681 1712 774 1738 oumia
792 1712 857 1743 sitit,
875 1721 935 1747 qua-
956 1714 1031 1741 salu-

234 1755 290 1781 tari
306 1755 440 1782 doctrina:
452 1760 615 1790 repugnant.
629 1756 712 1791 Atqui
731 1757 863 1785 faciamus
878 1758 905 1784 in
921 1758 1030 1787 feminis

237 1807 320 1827 uuam
336 1807 398 1828 esse
413 1800 501 1827 forma
519 1801 636 1835 integra.
651 1809 746 1836 quaeve
769 1802 850 1838 digna
864 1803 900 1830 sit
916 1807 946 1830 ut
960 1812 1032 1832 ame-

234 1849 305 1878 tur;
326 1844 442 1880 ideoque
461 1845 592 1880 quoniam
618 1846 689 1880 regis
714 1846 843 1881 conjugio
860 1848 1029 1880 conveniret,

236 1900 253 1919 ιι
281 1889 446 1927 quibusdam
478 1891 626 1927 impudicis
654 1892 813 1920 hominibus
838 1893 976 1928 egregiam
994 1894 1031 1922 ob

236 1940 353 1968 formam
367 1940 391 1968 ei
412 1939 528 1968 insidias
547 1939 610 1975 poni
625 1948 631 1955 -
651 1940 708 1967 limo
723 1947 791 1968 sane
805 1940 927 1976 quandiu
946 1941 972 1968 in
982 1948 1030 1968 eos

235 1993 344 2017 omnes,
362 1985 408 2020 qui
423 1985 475 2013 sibi
492 1985 587 2012 vitium
606 1984 705 2012 oll'erre
721 1984 843 2015 student.
861 1985 973 2012 inimico
987 1990 1030 2013 est

235 2033 341 2064 animo,
357 2040 468 2068 remque
483 2032 571 2067 ipsam
589 2040 654 2059 vero
677 2033 778 2059 marito
801 2031 915 2064 indicat,
932 2033 1030 2060 mulier

236 2084 280 2108 est
302 2079 412 2114 pudica,
439 2086 554 2114 quaeque
569 2078 656 2106 solius
679 2078 729 2105 viri
755 2079 797 2106 sui
819 2078 915 2106 honori
935 2079 1029 2110 servit,

237 2125 400 2160 nullumque
417 2129 563 2160 propterea
580 2132 643 2151 cum
667 2132 698 2152 ea
725 2124 815 2152 locum
835 2124 936 2151 habent
951 2128 1030 2159 petu-

238 2170 354 2198 lantium
382 2170 523 2198 hominum
541 2170 657 2198 insidiae.
687 2170 737 2197 Sin
763 2175 853 2197 autem
877 2178 909 2196 ex
930 2169 964 2198 iis
982 2170 1028 2205 qui

236 2216 403 2244 insidiantur
425 2217 472 2243 uni
492 2217 640 2248 consentit,
661 2224 714 2243 non
731 2224 798 2243 sane
818 2223 832 2242 a
858 2223 939 2250 pmna
955 2215 1028 2242 illam

236 2263 337 2290 liberat
366 2262 509 2298 pudicitia,
539 2270 620 2297 quam
645 2262 671 2289 in
698 2262 760 2289 aliis
782 2270 838 2297 prae
859 2270 888 2289 se
909 2261 969 2289 fert.
987 2261 1028 2289 Ad

1082 1662 1256 1697 ἀντικείμενα
1271 1663 1304 1697 τῇ
1319 1662 1479 1698 ὑγιαινούσῃ
1493 1662 1662 1698 διδασκαλίᾳ,
1680 1664 1783 1699 μοιχῶν
1805 1666 1874 1691 ἐστιν

1080 1706 1279 1742 άπαρίθμησις.
1301 1707 1479 1743 ’Υποθὼμεθα
1499 1709 1590 1735 τοίνυν
1605 1707 1680 1735 εἷναί·
1698 1719 1757 1736 τινα
1776 1711 1808 1736 ὲν
1830 1720 1873 1744 γυ-

1081 1751 1168 1784 ναιξὶν
1184 1752 1309 1788 εὐπρεπῆ
1324 1762 1353 1779 τε
1362 1754 1409 1780 καὶ
1423 1754 1593 1790 ἀξιέραστον.
1610 1757 1656 1782 καὶ
1669 1756 1714 1783 διὰ
1729 1759 1812 1786 τοῦτο
1830 1760 1874 1794 βι-

1082 1797 1150 1823 σιλεῖ
1170 1797 1240 1832 πρὸς
1261 1798 1349 1833 γάμον
1377 1800 1625 1835 ωναρμοσθεῖσαν·
1652 1803 1874 1832 ὲπιῆουλεύεσθαι

1080 1843 1109 1869 δὲ
1127 1843 1171 1870 διὰ
1188 1843 1237 1879 τὴν
1263 1844 1337 1880 ὥραν
1354 1844 1406 1871 ὑπὸ
1429 1845 1586 1873 ἀκολάστων
1607 1849 1697 1876 τινῶν.
1725 1851 1833 1878 Οὐκοῦν
1858 1853 1873 1886 ὴ

1081 1890 1191 1925 τοιαύτη
1201 1891 1253 1922 ἕως
1265 1892 1314 1926 μὲν
1327 1890 1360 1918 ἂν
1374 1892 1442 1927 πρὸς
1454 1893 1557 1925 πάντας
1569 1895 1631 1926 τοὺς
1645 1895 1691 1922 ἐπὶ
1705 1897 1795 1933 φθορᾷ
1807 1907 1874 1934 παρ-

1081 1935 1240 1970 εδρεύοντας
1252 1936 1356 1972 ἐχθρῶς
1373 1937 1423 1974 ἔχῃ
1442 1939 1489 1964 καὶ
1505 1943 1643 1976 κατηγορῇ
1655 1942 1759 1969 τούτων
1770 1944 1818 1970 ἐπὶ
1829 1944 1874 1970 τοῦ

1081 1982 1197 2016 νομίμου
1216 1982 1322 2018 ἀνδρὸς,
1342 1982 1458 2019 σώφρων
1479 1984 1547 2017 ἐστὶ,
1573 1987 1620 2012 καὶ
1641 1987 1710 2022 πρὸς
1733 1988 1816 2022 μόνον
1832 1990 1874 2015 τὸν

1081 2028 1197 2062 νυμφίον
1211 2029 1271 2064 ὁρᾷ,
1287 2029 1334 2056 καὶ
1350 2029 1479 2064 οὐδεμίαν
1496 2030 1586 2065 ἔχουσι
1603 2032 1695 2067 χώραν
1711 2035 1772 2060 κατ’
1789 2035 1873 2069 αὐτῆς

1081 2075 1107 2100 al
1123 2075 1176 2100 τῶν
1190 2075 1347 2102 ἀκολάστων
1368 2077 1482 2103 ἀπάται.
1499 2077 1530 2104 Εἰ
1550 2077 1578 2104 δέ
1596 2087 1649 2105 τινι
1664 2079 1811 2115 πρόσθοιτο
1822 2082 1872 2107 τῶν

1080 2122 1378 2156 ὲπιϐουλευόντων,οὐκ
1396 2122 1543 2159 ἐξαιρεῖται
1559 2125 1642 2161 αὐτὴν
1664 2126 1715 2161 τῆς
1738 2128 1872 2162 τιμωρίας

1081 2169 1097 2202 ἡ
1113 2169 1159 2194 ἐπὶ
1173 2168 1228 2205 τῶν
1243 2168 1343 2195 λοιπῶν
1363 2169 1535 2205 σωφροσύνη.
1559 2170 1652 2206 ’Δρκεῐ
1663 2172 1716 2207 γάρ
1737 2174 1777 2205 εἰς
1791 2174 1871 2200 κατά-

1081 2223 1172 2250 κρισιν
1188 2215 1235 2241 καὶ
1256 2215 1286 2241 τὺ
1301 2215 1334 2241 δι’
1352 2215 1410 2247 ἑνὸς
1432 2216 1577 2251 μιανθῆναι
1599 2217 1648 2252 τὴν
1663 2218 1767 2253 κοίτην.
1779 2219 1870 2251 Οὕτως

1080 2262 1127 2287 καὶ
1141 2262 1157 2296 ἡ
1171 2261 1210 2296 τῷ
1219 2261 1278 2296 Θεῷ
1292 2261 1367 2293 ζῶσα
1376 2261 1459 2297 ψυχὴ.
1472 2263 1559 2289 οὐδενὶ
1571 2263 1624 2290 τῶν
1636 2263 1668 2290 δι’
1679 2265 1790 2300 ἀπάτης
1803 2267 1868 2301 αὐτῆ

233 2309 440 2337 damnationem
463 2309 535 2336 enim
562 2312 604 2336 sat
624 2313 667 2335 est
694 2309 734 2336 vel
757 2308 840 2336 unius
858 2308 917 2336 labe
938 2308 1028 2336 cubile

1082 2307 1306 2342 προφαινομένων
1330 2307 1420 2333 καλῶν
1442 2307 1639 2343 ἀρεσθήσεται·
1657 2309 1682 2335 εί
1706 2310 1735 2336 δὲ
1753 2311 1870 2346 παραδέ-

233 2355 422 2390 deturpatum.
439 2354 539 2382 Eodem
557 2354 639 2382 modo
650 2354 757 2382 animus
772 2354 806 2386 is,
823 2355 869 2390 qui
884 2354 938 2383 Deo
950 2356 1026 2387 vivit,

236 2409 291 2429 non
309 2401 373 2428 ullis
388 2401 472 2428 rebus
489 2408 519 2428 se
533 2400 720 2431 oblectaverit,
744 2409 805 2435 qum
818 2401 870 2428 sibi
884 2409 917 2428 ex
934 2409 1028 2429 errore

235 2447 354 2483 quodam
374 2454 428 2473 non
451 2454 543 2473 veram
560 2446 669 2473 honesti
690 2447 808 2480 speciem
824 2447 964 2481 praebent;
983 2447 1027 2475 sin

235 2502 268 2522 ex
284 2493 376 2528 aliqua
390 2491 533 2520 allectione
544 2493 602 2519 vitii
613 2493 746 2519 maculam
760 2493 836 2520 cordi
846 2493 1025 2526 contraxerit,

235 2539 369 2574 spiritalis
385 2538 444 2574 ipse
465 2539 632 2566 matrimonii
657 2539 718 2573 jura
735 2539 866 2572 rescidit;
885 2543 976 2574 atque,
997 2543 1028 2566 ut

234 2587 262 2612 iu
289 2584 392 2613 divinis
419 2585 530 2612 Litteris
556 2585 688 2619 scriptum
712 2588 811 2617 exstat,
830 2584 878 2611 «In
908 2585 1026 2611 animam

235 2631 396 2659 iualevolam
410 2639 464 2658 non
486 2632 599 2659 intrabit
621 2632 755 2667 sapientia
767 2631 821 2658 ³⁵.»
840 2630 902 2657 Pari
921 2631 1028 2659 ratione

236 2684 287 2705 nos
300 2685 364 2705 vere
386 2677 478 2705 dicere
493 2685 650 2712 possumus,
674 2677 700 2704 in
721 2678 812 2704 animo
829 2677 932 2704 irarum
956 2677 1026 2704 invi-

237 2722 345 2758 (liaeque
361 2724 452 2759 pleno,
470 2724 551 2759 quive
570 2723 706 2758 ejusmodi
721 2724 813 2758 aliquo
829 2728 941 2758 peccan
955 2723 1024 2751 irre-

233 2769 303 2798 titus
314 2773 434 2803 tenetur,
453 2769 509 2798 ﬁeri
527 2777 582 2798 non
598 2776 679 2805 posse
698 2773 727 2796 ut
743 2769 769 2796 in
785 2777 818 2797 eo
833 2770 922 2798 bonus
941 2777 1024 2805 spon-

273 2854 297 2871 ¹¹
313 2853 321 2882 Ι
338 2855 399 2884 Cor.
421 2864 469 2890 xit,
482 2855 527 2885 26.
565 2855 588 2872 ’⁵
608 2855 679 2883 Psal.
708 2861 803 2888 cxvm,
822 2854 866 2882 57.

1082 2353 1157 2386 ξαιτο
1167 2353 1212 2380 διά
1226 2362 1297 2384 τινος
1312 2353 1416 2385 πάθους
1428 2354 1474 2380 τὸν
1489 2354 1608 2389 μιασμὸν
1619 2356 1652 2390 τῇ
1667 2356 1778 2392 καρδίᾳ,
1794 2357 1868 2383 ἔλυσε

1081 2399 1128 2425 καὶ
1140 2399 1208 2434 αὐτὴ
1229 2399 1276 2425 τοῦ
1291 2399 1475 2434 πνευματικοῦ
1490 2400 1579 2435 γάμου
1599 2400 1634 2427 τὰ
1649 2401 1740 2428 δίκαια.
1752 2410 1759 2417 ·
1778 2403 1823 2429 καὶ
1833 2402 1869 2433 ὡς

1082 2454 1163 2480 φησιν
1183 2445 1320 2481 ἠΓρα-φὴ,
1346 2447 1387 2477 είς
1406 2447 1567 2481 κακότεχνον
1588 2447 1676 2483 ψυχὴν
1703 2448 1740 2483 μὴ
1755 2448 1868 2474 εἰσελεύ-

1083 2490 1176 2517 σεσθαι
1198 2491 1310 2524 σοφίαν·
1331 2491 1417 2524 οὕτως
1441 2491 1514 2518 ἔστιν
1542 2492 1649 2527 ἀληθῶς
1677 2494 1776 2524 εἰπεῖν,
1803 2493 1868 2528 μηδὲ

1081 2538 1120 2568 είς
1136 2536 1246 2572 θυμώδη
1263 2538 1309 2564 καὶ
1320 2537 1466 2572 βάσκανον,
1479 2539 1496 2574 ἣ
1510 2538 1573 2565 ἄλλο
1584 2547 1609 2564 τι
1620 2538 1735 2574 ἔχουσαν
1747 2541 1776 2565 ὲν
1788 2540 1865 2573 ἑαυτῇ

1080 2583 1250 2618 πλημμελὲς,
1264 2583 1376 2610 δυνατὸν
1391 2581 1461 2610 εἶναι
1477 2584 1522 2611 τὸν
1536 2585 1638 2618 ἀγαθὸν
1657 2585 1776 2619 νυμφίον
1787 2585 1866 2611 εἰσοι-

1079 2629 1213 2664 κισθῆναι.
1231 2629 1279 2661 Τίς
1297 2629 1352 2665 γὰρ
1374 2630 1480 2657 ἐπίνοια
1502 2630 1665 2665 συναρμόσει
1687 2630 1718 2656 τὸ
1739 2631 1772 2665 τῇ
1791 2629 1864 2664 φύσει

1078 2677 1218 2712 ἀλλότριόν
1236 2685 1266 2703 τε
1283 2677 1329 2703 καὶ
1348 2676 1547 2712 ἀκοινώνητον;
1567 2677 1700 2703 ’Ἄκουσον
1717 2677 1766 2704 τοῦ
1789 2677 1864 2702 Ἀπο-

1080 2723 1183 2755 στόλου,
1198 2723 1332 2758 μηδεμίαν
1352 2720 1421 2750 εἶναι
1441 2723 1583 2750 κοινωνίαν
1601 2724 1670 2758 φωτὶ
1687 2723 1756 2758 πρὸς
1776 2723 1864 2753 σκότος

1077 2769 1257 2801 διδάσκοντος,
1274 2768 1291 2804 ἢ
1308 2769 1465 2806 δικαιοσύνῃ
1481 2769 1549 2806 πρὸς
1558 2770 1684 2805 ἀνομίαν,
1701 2770 1717 2805 ἢ
1734 2769 1862 2796 συνελόντι

917 2855 939 2871 ¹⁷
958 2853 1029 2882 Psal.
1047 2861 1088 2888 In,
1103 2854 1130 2881 2.
1161 2854 1184 2870 ’⁸
1204 2854 1269 2890 Sap.
1291 2862 1310 2888 ι,
1331 2854 1358 2882 ί.
