1912 3080
44 112 92 140 585

701 96 746 124 DE
765 95 995 124 VIRGIMTATE.

1625 101 1677 130 586

42 173 130 206 φᾶναι,
147 168 235 194 πάντα
253 168 304 193 ὅσα
319 165 392 192 ἐστὶν
409 165 423 190 ὁ
433 163 535 198 Κύριος
548 160 618 188 κατὰ
630 160 680 194 τὴν
699 157 830 193 διαφορὰν

884 164 932 184 sus
950 156 1094 184 inhabitet.
1110 157 1177 190 Qua:
1197 158 1270 185 enim
1293 160 1401 187 consilii
1422 161 1493 188 ratio
1516 161 1679 189 conciliabit

41 205 90 244 τῶν
109 216 137 241 ἐν
152 213 227 248 αὑτῷ
249 211 446 247 θεωρουμένων
465 207 608 242 νοούμενός
628 214 657 232 τε
672 206 719 232 καὶ
731 205 830 239 ὀνομα-

41 263 162 296 ζόμενος.
177 259 248 295 πρὸς
271 258 360 284 πάντα
374 255 408 283 τὰ
431 256 460 281 ὲν
475 253 559 288 κακίᾳ
576 251 648 279 κατὰ
667 251 698 277 τὸ
711 250 832 276 ἐναντίον

40 309 178 342 written.
194 306 225 332 Ei
241 303 287 331 οὖν
301 304 441 339 ἀμήχανος
459 300 514 327 τῶν
529 301 562 334 τῇ
579 298 659 333 φύσει
676 297 798 332 ἀμίκτων
813 296 831 347 η

41 353 175 383 κοινωνία,
192 351 320 385 ἀλλοτρία
339 350 447 379 πάντως
471 347 518 373 καὶ
532 345 704 376 ἀνεπίδεκτος
722 345 772 378 τῆς
785 345 831 369 τοῦ

42 398 140 432 ἀγαθοῦ
166 397 350 430 συνοικήσεως
364 396 381 429 ἡ
403 394 455 420 ὑπὸ
475 392 574 422 κακίας
595 390 668 421 τινὸς
683 389 832 424 κατειλημ-

44 446 106 480 μένη
123 444 207 479 ψυχή.
236 442 268 468 Τί
282 439 328 468 οὖν
343 442 376 467 ὲκ
394 439 494 467 τούτων
517 438 707 473 μανθάνομεν;
726 436 762 462 Τὸ
778 435 833 462 δεῖν

42 492 86 525 τὴν
100 489 232 524 σώφρονα
247 488 295 515 καὶ
305 485 499 520 λελογισμένην
512 483 647 518 παρθένον
664 482 763 513 παντὸς
777 481 833 507 πά-

45 536 99 567 θους
114 534 188 562 κατὰ
201 534 288 560 πάντα
306 533 406 567 τρόπον
419 532 468 565 τῆς
479 530 568 564 ψυχῆς
582 527 736 563 ἁπτομένου
750 526 833 562 χωρί-

45 581 144 614 ζεσθαι,
160 581 209 607 καὶ
222 579 370 615 φυλάσσειν
385 577 484 612 ἑαυτὴν
496 576 579 611 ἁγνὴν
593 575 632 610 τῷ
648 572 832 610 ἁρμοσαμένῳ

45 628 121 662 χυτὴν
138 627 260 662 νυμφίῳ,
276 625 314 661 μὴ
329 624 443 660 ἔχουσαν
458 621 580 656 σπῖλονῆ
599 621 692 657 ῥυτίδα
706 620 723 655 ἦ
735 628 762 645 τι
777 618 831 645 τῶν

45 672 108 698 τοιού
112 680 177 698 των.

882 202 922 233 id,
939 202 1010 236 quod
1028 206 1127 229 natura
1143 204 1212 231 inter
1229 213 1258 232 se
1274 206 1394 233 alienum
1412 214 1465 234 non
1481 207 1611 239 coharct.
1629 217 1678 236 ite-

882 254 936 284 qne
962 249 1016 275 ullo
1041 249 1180 277 societatis
1206 251 1268 285 jure
1294 252 1427 287 illigatum
1446 254 1508 280 est?
1531 253 1571 282 Tu
1596 256 1676 282 velim

888 293 986 321 audias
1003 294 1176 329 Apostolum,
1199 297 1245 330 qui
1262 297 1352 330 docet,
1370 298 1438 326 nihil
1456 307 1517 327 esse
1536 300 1590 327 luci
1614 308 1677 328 cum

883 339 1006 367 tenebris
1016 347 1172 374 commune,
1186 350 1274 377 neque
1285 345 1406 378 aequitati
1423 345 1592 381 justitimque
1614 354 1678 373 cum

886 385 1030 420 iniquitate
1039 386 1062 401 ¹⁹
1073 395 1081 413 :
1091 390 1183 421 atque,
1192 391 1221 414 ut
1230 391 1386 417 summatim
1397 391 1567 426 breviterque
1575 393 1676 424 dicam,

885 432 978 458 omnia
995 432 1206 467 quibuscunque
1233 439 1260 460 et
1288 439 1378 462 mente
1402 437 1620 471 comprehensus
1646 442 1675 464 et

886 482 998 504 vocatus
1014 482 1056 505 est
1077 478 1219 512 Dominus,
1238 488 1270 507 ex
1290 489 1385 508 earum
1402 490 1494 509 rerum
1510 483 1674 513 differentia.

885 532 946 559 quae
959 525 1029 551 ineo
1044 529 1206 558 cernuntur,
1224 526 1282 554 haec
1296 528 1424 555 omnibus
1435 529 1479 560 iis,
1493 537 1553 564 quae
1569 530 1676 556 iiiovitio

887 570 974 604 posita
992 575 1067 602 sunt,
1097 573 1235 599 contraria
1255 573 1379 609 intelligi.
1402 574 1430 601 Si
1458 576 1541 610 igitur
1557 575 1676 603 difﬁcilis

885 623 927 644 est
949 624 1042 644 rerum
1063 617 1134 645 inter
1152 625 1182 645 se
1205 619 1381 647 dissimilium
1403 622 1530 654 societas.
1554 626 1676 649 remotus

885 663 999 689 omnino
1024 666 1066 689 est
1092 670 1107 689 a
1125 663 1236 692 virtutis
1264 666 1457 698 contubernio,
1482 674 1570 701 neque
1595 667 1676 702 plane

45 719 148 747 virtutis
164 727 251 754 capax
264 722 307 746 est
322 718 346 745 is
361 716 481 746 animus,
505 715 551 750 qui
567 713 659 748 aliquo
672 711 738 739 vitio
763 710 886 738 irretitus
901 714 954 737 est.
989 709 1059 745 Ergo
1090 711 1156 746 quid
1183 719 1217 738 ex
1243 711 1277 739 iis
1309 712 1466 753 documenti
1491 721 1541 741 nos
1568 713 1676 748 accepi-

44 766 117 794 mus?
146 764 206 792 lloc
231 773 309 796 sane,
340 765 412 799 quod
443 762 569 798 pudicam
600 759 745 795 virginem,
770 764 831 792 qua:
867 757 1000 783 rationem
1021 757 1083 784 vita:
1119 756 1216 784 duceni
1240 759 1373 793 sequitur,
1391 760 1425 786 ab
1447 758 1576 787 omnibus
1591 758 1675 786 animi

29 809 232 839 'illectionibiis
241 812 391 839 seomnino
400 810 830 844 ahducereoportet:acsponso.
851 804 897 839 qui
912 811 971 831 eam
988 803 1144 836 adornabit,
1167 805 1299 840 integram
1320 815 1349 834 se
1368 813 1449 842 atque
1480 806 1549 834 adeo
1579 812 1676 841 puram

45 867 215 893 conservare,
243 864 273 887 ut
286 863 333 887 aut
349 859 457 890 sordes,
478 861 525 885 aut
542 863 636 891 rugas,
663 858 710 882 aut
729 852 832 888 aliquid
851 851 988 887 ejusmodi
999 852 1090 879 minus
1104 853 1256 880 contrahat.

340 917 467 946 ΚΕΦΑΛ.
487 916 545 950 ις’.

42 979 103 1005 Ὅτι
116 977 232 1012 ἀτελὴς
245 977 288 1010 εἰς
299 975 332 1012 τὸ
346 974 459 1012 ἀγαθῷ·
468 974 489 1012 id
501 972 550 1012 καὶ
560 972 610 999 ἐπι
623 980 680 998 τινι
693 970 752 997 τῶν
769 968 833 996 κατ’

295 1010 407 1046 ἀρετὴις·
420 1010 580 1036 ἐλλείπων.

30 1045 33 1050 ἢ
72 1058 131 1085 Μία
145 1059 202 1094 γάρ
219 1058 293 1085 ἐστιν
315 1045 376 1088 οδὸς
398 1045 498 1085 εὐθεῖα,
518 1053 597 1087 στενή
619 1061 648 1079 τε
673 1052 710 1083 ὡς
725 1050 834 1086 ἀληθῶς

43 1103 275 1139 καὶτεολιμμένη,
289 1101 394 1132 καὶτὰς
407 1100 449 1135 ἐφ’
463 1098 580 1133 ἑκάτερα
592 1095 772 1132 παρατροπὰς
783 1094 833 1121 οὐκ

42 1149 232 1184 ἐπιδεχομένη,
252 1149 299 1175 καὶ
320 1146 351 1174 τδ
372 1145 494 1173 ὁπωσοῦν
515 1144 568 1177 ἔξω
591 1142 693 1177 ταύτης
707 1140 833 1176 γενέσθαι

41 1195 96 1221 ἴσον
112 1194 170 1229 ἔχει
185 1194 232 1220 τὸν
250 1194 299 1228 τῆς
314 1191 499 1222 ὰποπτώσεως
510 1189 642 1216 κίνδυνον.
658 1187 690 1214 Εἰ
703 1187 735 1222 δὴ
748 1185 834 1213 ταῦτα

41 1238 124 1270 οὓτως
141 1238 211 1273 ἔχει,
233 1237 392 1273 διορθωτέον
413 1235 451 1267 ὡς
466 1232 522 1261 οἷόν
541 1243 570 1260 τε
589 1233 643 1259 τῶν
663 1231 768 1258 πολλῶν
784 1230 833 1266 τὴν

41 1284 198 1319 συνήθειαν,
213 1283 270 1310 ὅσοι
287 1282 354 1318 πρὸς
376 1282 425 1318 μὲν
439 1280 487 1312 τὰς
503 1279 683 1315 αἰσχροτέρας
696 1277 749 1304 τῶν
771 1277 834 1312 ἠδο-

41 1330 92 1356 νῶν
113 1329 233 1365 ἰσχυρῶς
254 1329 458 1364 ἀπομάχονται,
474 1326 561 1358 ἄλλως
578 1325 606 1351 δὲ
621 1325 670 1360 τὴν
690 1324 786 1359 ἡδονὴν
805 1325 834 1349 ὲν

41 1377 130 1410 τιμαῖς
138 1375 187 1401 καὶ
193 1374 348 1410 φιλαρχίαις
357 1373 501 1409 θηρεύουσι
509 1380 516 1387 ⁸
527 1371 717 1407 παραπλήσιον
725 1369 834 1396 ποιοῦν-

40 1429 94 1452 τες,
118 1420 215 1456 ὥσπερ
229 1420 262 1448 ἂν
274 1419 356 1451 εἴτις
376 1419 483 1454 οἰκέτης
504 1418 660 1453 ἐλευθερίας
683 1415 832 1451 ἐπιθυμῶν,

41 1468 77 1503 μὴ
96 1467 173 1500 ὅπως
188 1467 237 1502 τῆς
256 1467 378 1499 δουλείας
398 1466 451 1498 ἔξω
470 1466 613 1501 γενήσεται
636 1463 758 1494 σπεύδοι,
774 1462 833 1489 ἀλλ’

40 1513 180 1549 ὲναμείὸοι
198 1513 259 1545 τοὺς
272 1512 466 1548 κεκτημένους,
487 1512 537 1548 τὴν
552 1511 700 1546 ἐναλλαγὴν
714 1509 768 1536 τῶν
788 1518 834 1536 κε-

40 1560 184 1594 κτημένων
193 1559 348 1594 ἐλευθερίαν
355 1558 488 1593 οἰόμενος.
495 1557 587 1584 Δοῦλοι
597 1557 652 1592 γὰρ
660 1558 727 1583 εἰσιν
735 1555 833 1591 ἐπίσης

41 1604 151 1636 πάντες,
169 1605 222 1631 κᾶν
244 1604 280 1640 μὴ
292 1603 345 1630 ὐπό
355 1603 409 1630 τῶν
425 1603 515 1630 αὐτῶν
529 1602 717 1638 κυριεύωνται,
737 1601 789 1632 ἕως
800 1601 832 1627 ἂν

41 1650 108 1682 ὅλως
123 1651 260 1686 ἐπικρατῇ
272 1658 314 1681 τις
324 1649 413 1676 αὐτῶν
427 1649 496 1684 μετὰ
508 1648 666 1680 δυναστείας
678 1648 760 1683 ἀρχή.
773 1646 834 1673 Εἰσὶ

40 1696 67 1723 δὲ
84 1696 166 1723 πάλιν
181 1697 206 1723 οἳ
218 1698 251 1732 τῇ
270 1696 353 1731 πολλῇ
372 1695 440 1730 πρὸς
453 1695 503 1726 τὰς
517 1694 613 1730 ἡδονὰς
633 1693 719 1729 μάχῃ,
733 1693 832 1719 εὐκατ-

41 1743 186 1777 αγώνιστοί
197 1751 257 1774 πως
271 1742 310 1777 τῷ
326 1741 508 1776 ἀντικειμένῳ
526 1740 608 1768 πάθει
628 1740 768 1774 γεγόνασι.
786 1738 833 1765 καὶ

40 1788 68 1814 ἑν
85 1789 120 1823 τῇ
136 1787 320 1823 ἐπι-τεταμένη
341 1787 391 1821 τῆς
411 1786 484 1821 ζωῆς
505 1785 643 1821 ἀκριϐείᾳ,
658 1783 768 1816 λύπαις,
785 1784 832 1810 καὶ

38 1833 237 1869 παροξυσμοῖς,
253 1833 300 1859 καὶ
317 1831 518 1868 μνησικακίαις,
531 1831 578 1857 καὶ
594 1832 650 1862 τοῖς
664 1829 766 1862 λοιποῖς
780 1830 833 1856 πᾶ-

41 1888 93 1912 σιν,
105 1880 156 1906 ὅσα
168 1879 236 1915 πρὸς
247 1880 278 1906 τὸ
291 1878 411 1906 ἐναντίον
423 1877 471 1904 τοῦ
481 1878 553 1904 κατὰ
561 1877 610 1913 τὴν
623 1876 719 1912 ἡδονὴν
729 1876 832 1908 πάθους

41 1925 285 1961 ἁντικαθέοτηκεν,
301 1924 420 1956 εὐκόλως
433 1933 463 1951 τε
485 1923 653 1954 ἁλίσκονται,
669 1923 716 1949 καὶ
734 1921 831 1957 δυσχε-

41 1971 95 2008 ρῶς
108 1970 276 1998 διεκδύνουσι
286 1978 294 1986 ⁸
307 1970 386 1998 τοῦτο
401 1970 430 1997 δὲ
443 1969 558 2005 γίνεται,
568 1969 632 1995 ὅταν
645 1968 684 2004 μὴ
695 1969 710 1995 ὁ
723 1967 800 2002 λόγος
817 1969 831 1995 ὁ

41 2017 98 2044 κατ’
113 2016 225 2053 ἀρετὴν,
236 2016 304 2044 ἀλλά
314 2025 340 2043 τι
352 2016 437 2048 πάθος
448 2015 498 2051 τῆς
509 2015 580 2042 κατὰ
592 2014 637 2041 τὸν
650 2013 708 2049 βίον
718 2014 831 2048 πορείας

42 2063 206 2098 ἡγεμονεύῃ.
227 2063 259 2089 Ἦ
282 2062 331 2097 μὲν
349 2061 404 2097 γὰρ
421 2061 513 2096 ἐντολὴ
535 2059 581 2087 τοῦ
605 2059 707 2095 Κυρίου
729 2059 830 2094 σφόδρα

41 2108 189 2144 τηλαυγὴς,
209 2108 247 2140 ὡς
261 2108 308 2135 καὶ
325 2108 429 2143 νηπίων
445 2106 600 2141 ὀφθαλμοὺς
615 2103 743 2139 φωτίσαι,
757 2105 829 2139 μόνῳ

41 2154 76 2189 τῷ
92 2153 153 2189 Θεῷ
177 2152 396 2189 προσκολλᾶσθαι
411 2151 512 2187 ἀγαθὸν
532 2148 602 2177 εἶναι
618 2149 734 2184 λέγουσα
745 2158 753 2166 ·
773 2151 787 2175 ὁ
802 2149 829 2176 δὲ

40 2201 103 2233 Θεὸς
119 2200 182 2227 οὔτε
192 2200 265 2235 λύπη
279 2199 364 2231 ἐστὶν,
376 2198 438 2225 οὔτε
451 2197 542 2233 ἡδονὴ,
560 2196 622 2223 οὔτε
633 2196 729 2227 δειλία,
741 2196 757 2231 ἢ
768 2195 830 2231 θρά-

40 2256 94 2279 σος,
109 2246 126 2282 ἥ
145 2245 239 2281 φόϐος,
265 2245 282 2281 ἢ
298 2245 377 2281 ὀργὴ,
394 2243 412 2279 ἢ
435 2243 499 2270 ἄλλο
514 2251 542 2270 τι
561 2241 680 2269 τοιοῦτον
703 2241 799 2272 πάθος,
814 2240 828 2266 ὃ

39 2293 85 2327 τῆς
110 2291 275 2319 ἀπαιδεύτου
302 2290 423 2326 κυριεύει
444 2289 550 2324 ψυχῆς·
571 2288 630 2315 ἀλλ’
654 2287 691 2318 ὥς
711 2295 792 2322 φησιν
814 2287 828 2311 ὁ

45 2337 216 2369 Ἀπόστολος,
228 2336 377 2371 αὑτοσοφία
391 2336 438 2362 καὶ
451 2334 595 2370 ἁγιασμὸς,
610 2332 724 2368 ἀλήθειά
737 2341 766 2358 τε
781 2331 828 2359 καὶ

38 2385 117 2420 χαρὰ,
134 2385 182 2411 καὶ
196 2385 303 2419 εἰρήνη.
322 2383 368 2409 καὶ
379 2383 428 2409 ὅσα
443 2381 565 2409 τοιαῦτα.
585 2380 647 2411 Πῶς
662 2377 708 2406 οὖν
720 2379 775 2405 ἐστι
788 2377 828 2412 τῷ

38 2431 120 2457 ταῦτα
150 2430 208 2456 om
230 2428 461 2465 προσκολληθῆναι
484 2427 529 2453 τὸν
552 2425 604 2452 ὑπὸ
624 2425 679 2451 τῶν
699 2424 827 2450 ἐναντίων

38 2475 240 2512 κρατούμενον;
256 2475 291 2500 Ἢ
316 2473 374 2505 πῶς
400 2473 448 2499 οὐκ
473 2472 569 2506 ἄλογον
587 2470 632 2496 τὸν
654 2470 693 2505 τῷ
715 2469 755 2496 ἐνί
773 2477 826 2495 τινι

41 2523 87 2548 τῶν
103 2521 200 2548 παθῶν
214 2521 289 2552 ὅπως
305 2519 342 2555 μὴ
365 2518 496 2553 ὑπαχθείη
516 2516 708 2549 σπουδάζοντα,
726 2515 826 2551 ἀρετὴν

41 2567 156 2602 κομίζειν
174 2567 206 2593 τὸ
219 2565 419 2600 ἁντικείμενον;
433 2561 505 2594 Οἷον,
519 2563 614 2598 ἡδονὴν
631 2562 680 2597 μὲν
696 2561 825 2596 φυγόντα,

39 2613 107 2648 λύπῃ
120 2611 287 2647 κατέχεσθαι
300 2620 306 2626 ·
324 2611 354 2637 τὸ
366 2610 393 2636 δὲ
413 2609 498 2645 θρασὺ
513 2608 561 2636 καὶ
577 2607 710 2643 προπετὲς
724 2606 827 2633 διακλί-

39 2667 124 2690 νοντα,
140 2657 229 2693 δειλίᾳ
245 2656 389 2683 ταπεινοῦν
403 2656 450 2691 τὴν
464 2655 564 2690 ψυχήψ
582 2653 598 2688 ἢ
611 2653 706 2688 θυμοῖς
720 2652 827 2679 ἀνάλω-

38 2713 79 2731 τον
97 2705 189 2740 μένειν
210 2703 407 2734 ἐσπουδακότα,
424 2700 622 2735 κατεπτηχέναι
637 2698 676 2733 τῷ
692 2698 776 2733 φόϐῳ.
793 2697 826 2723 Τί

38 2751 89 2786 γὰρ
113 2749 238 2785 διαφέρει
254 2747 372 2782 οὕτωςῆ
394 2747 479 2778 ἄλλως
501 2745 551 2781 τῆς
569 2744 671 2779 ἀρετῆς
692 2744 828 2776 ἐκπεσεῖν,

1175 911 1292 940 CAPUT
1312 912 1381 940 XVI.

885 969 927 996 Ad
944 969 1040 997 bonum
1057 969 1169 1008 minime
1183 975 1262 1008 nptiu
1276 975 1315 1008 est
1327 971 1352 1008 is
1362 991 1369 1004 ,
1386 972 1431 1006 qui
1447 972 1538 1008 aliqua
1552 979 1585 999 ex
1597 976 1672 1006 parte

1101 1005 1128 1031 i'ii
1145 1006 1251 1033 virtutis
1266 1006 1348 1040 ofﬁcio
1362 1005 1463 1040 peccat.

921 1049 972 1077 Via
998 1054 1042 1078 est
1069 1058 1124 1077 una
1151 1055 1246 1082 recta,
1274 1056 1392 1086 angusta
1419 1052 1466 1080 illa
1491 1053 1617 1088 quidem,
1646 1057 1675 1081 ct

886 1095 969 1126 trita.
989 1103 1051 1130 quae
1068 1103 1158 1130 neque
1175 1096 1291 1123 alterius
1308 1097 1358 1123 viae
1374 1096 1506 1124 flexiones
1517 1117 1524 1129 ,
1542 1102 1570 1124 et
1584 1097 1674 1125 diver-

885 1140 971 1167 ticula
998 1140 1230 1175 comprehendit;
1257 1145 1340 1176 atque
1361 1149 1394 1168 ex
1421 1141 1472 1169 hac
1495 1142 1588 1177 aliquo
1607 1150 1674 1170 sane

885 1186 967 1213 modo
990 1186 1133 1214 deﬂectere
1156 1185 1276 1214 fortasse
1297 1187 1450 1221 periculum
1473 1192 1534 1220 est.
1556 1195 1591 1215 ne
1611 1189 1674 1223 quis

885 1232 994 1259 labatur
1009 1236 1037 1259 et
1053 1232 1193 1259 concidat.
1214 1232 1242 1259 Si
1262 1233 1318 1259 haec
1335 1233 1373 1260 ita
1390 1241 1419 1261 se
1434 1233 1554 1266 habent,
1573 1233 1674 1261 multo-

884 1286 944 1305 rum
962 1286 1013 1306 nos
1030 1278 1264 1306 consuetudinem
1275 1298 1283 1310 ,
1300 1279 1392 1313 quoad
1410 1279 1471 1313 ejus
1489 1279 1547 1306 fieri
1565 1284 1673 1314 potest,

885 1324 1021 1351 moderari
1047 1328 1178 1359 oportet:
1204 1324 1251 1359 qui
1281 1325 1355 1351 enim
1380 1329 1477 1352 contra
1505 1324 1675 1353 foedissimas

884 1370 1039 1404 voluptates
1062 1369 1267 1405 pugnacissime
1289 1377 1319 1397 se
1339 1370 1508 1402 defendunt,
1526 1378 1572 1398 eas
1587 1378 1673 1403 vero,

884 1423 945 1449 quae
973 1416 1000 1442 in
1026 1415 1179 1442 honoribus
1207 1419 1291 1450 atque
1317 1415 1426 1450 imperii
1455 1416 1673 1451 appetitionihiis

883 1461 1038 1493 exsistunt,
1057 1461 1215 1495 voluptates
1236 1465 1451 1493 consectantur,
1474 1462 1502 1489 lii
1524 1462 1591 1490 nihil
1612 1472 1673 1490 om-

884 1506 950 1532 ninn
963 1505 1097 1533 dissimile
1118 1505 1226 1533 faciunt
1242 1514 1274 1533 ac
1296 1507 1320 1534 si
1339 1507 1401 1542 quis
1426 1515 1523 1536 servus
1538 1509 1673 1537 libertatis

884 1551 994 1582 avidus,
1010 1557 1116 1579 mature
1129 1560 1240 1587 operam
1252 1552 1316 1585 det,
1329 1560 1383 1580 non
1398 1557 1428 1580 iit
1441 1561 1455 1580 a
1471 1554 1602 1582 servitute
1613 1555 1673 1583 vin-

845 1590 869 1620 C
886 1597 1003 1628 dicetur,
1018 1604 1081 1623 cum
1098 1597 1125 1624 in
1141 1604 1174 1624 eo
1187 1598 1343 1625 libertatem
1356 1606 1418 1626 esse
1434 1603 1526 1634 putet,
1542 1601 1565 1628 si
1579 1601 1613 1628 ab
1627 1609 1671 1634 eo,

886 1643 912 1669 in
930 1643 1011 1676 cujus
1028 1646 1165 1677 potestate
1181 1643 1250 1675 fuit,
1266 1644 1299 1671 ad
1319 1645 1404 1672 alium
1421 1645 1562 1674 dominum
1579 1651 1672 1676 trans-

883 1688 997 1716 feratur.
1020 1688 1097 1715 Servi
1114 1689 1187 1716 enim
1212 1690 1271 1724 pari
1287 1691 1448 1718 conditione
1470 1700 1565 1721 omnes
1587 1698 1670 1726 sntit,

882 1734 1010 1769 quamvis
1026 1742 1081 1761 non
1099 1735 1258 1763 eorumdeni
1275 1737 1449 1764 dominorum
1466 1738 1581 1773 imperio
1596 1746 1673 1775 pote-

883 1785 988 1808 stateve
1012 1785 1168 1814 teneantur,
1189 1789 1250 1809 cum
1272 1790 1344 1810 unus
1359 1783 1460 1818 aliquis
1475 1785 1530 1813 illis
1545 1786 1668 1814 domine-

882 1831 937 1858 tur,
957 1830 1039 1861 atque
1054 1834 1117 1854 cum
1134 1831 1271 1862 potestate
1285 1829 1411 1863 imperet.
1429 1828 1592 1866 Rursusque
1606 1836 1672 1859 stitit

882 1874 1006 1909 plerique
1028 1873 1076 1908 qui
1101 1873 1187 1901 multo
1209 1878 1305 1901 contra
1329 1875 1379 1903 has
1402 1876 1557 1911 voluptates
1580 1883 1671 1906 certa-

882 1919 966 1950 mine,
977 1918 1057 1946 facile
1072 1919 1276 1954 quodammodo
1289 1925 1354 1948 sunt
1368 1921 1402 1949 ab
1417 1921 1576 1950 adversario
1590 1932 1671 1959 supe-

881 1965 949 1998 rati,
964 1969 1048 2000 atqiie
1063 1965 1091 1992 in
1108 1971 1240 1993 accurata
1254 1966 1379 2002 beneque
1392 1968 1545 1996 constituta
1561 1969 1670 1997 vivendi

880 2011 1007 2043 ratione,
1032 2011 1176 2040 doloribus
1200 2016 1228 2039 et
1255 2013 1339 2040 animi
1366 2013 1616 2047 concitationibus,
1643 2018 1670 2043 et

880 2058 1014 2084 malorum
1036 2057 1290 2092 recordationibus,
1308 2062 1335 2086 et
1353 2059 1460 2086 caateris
1477 2059 1594 2096 denique
1610 2068 1670 2088 om-

881 2103 964 2131 nibus
980 2111 1041 2138 quae
1063 2108 1160 2131 contra
1180 2104 1254 2131 hunc
1272 2104 1421 2139 voluptatis
1440 2104 1566 2132 affectum
1585 2106 1669 2134 resti-

879 2153 987 2182 terunt,
1003 2156 1066 2176 cum
1083 2149 1164 2177 facile
1178 2154 1384 2184 expugnantur,
1400 2155 1456 2178 tum
1472 2150 1619 2179 difficulter
1634 2153 1670 2180 ab

879 2194 915 2222 iis
930 2194 1103 2222 liberantur:
1120 2195 1227 2230 hocque
1241 2199 1299 2222 tum
1314 2196 1434 2229 accidit,
1449 2205 1512 2224 cum
1528 2206 1583 2225 non
1599 2199 1668 2226 ratio

878 2240 973 2267 virtuti
989 2243 1193 2272 consentanea,
1219 2240 1267 2268 sed
1292 2241 1377 2268 animi
1401 2241 1508 2270 affectio
1531 2244 1668 2279 quaepiam

881 2286 944 2313 vitae
959 2293 1072 2313 cursum
1086 2286 1190 2321 dirigit.
1205 2285 1374 2322 Praeceptum
1396 2287 1469 2314 enim
1492 2287 1599 2315 Domini
1625 2289 1668 2316 lit-

881 2330 972 2358 cidnm
987 2331 1067 2359 valde
1079 2336 1123 2359 est
1136 2332 1172 2363 ³⁰.
1187 2335 1217 2359 ιιι
1237 2332 1280 2360 vel
1294 2332 1440 2359 infantium
1455 2334 1552 2361 oculos
1566 2334 1668 2361 illumi-

880 2381 944 2409 net,
968 2377 1121 2412 eademque
1142 2377 1210 2405 dicit
1238 2378 1290 2405 soli
1315 2377 1371 2405 Deo
1397 2379 1539 2407 adhaerere
1563 2380 1666 2406 bonum

879 2429 941 2450 esse
955 2423 978 2438 ³¹
993 2432 999 2449 :
1016 2423 1150 2458 siquidem
1171 2431 1261 2458 neque
1282 2424 1362 2451 dolor
1373 2428 1415 2452 est
1439 2423 1590 2458 Dominus,
1611 2433 1666 2453 non

879 2469 1005 2504 voluptas
1017 2489 1024 2501 ,
1040 2477 1095 2496 non
1110 2469 1242 2503 formido,
1259 2478 1315 2497 non
1331 2470 1445 2497 audacia
1456 2490 1463 2503 ,
1479 2475 1526 2498 aut
1545 2471 1585 2498 ira
1596 2491 1603 2503 ,
1619 2476 1667 2498 aut

879 2514 980 2549 aliquis
998 2514 1157 2549 hujusmodi
1174 2514 1304 2548 affectus,
1319 2515 1367 2550 qui
1386 2516 1413 2542 in
1430 2516 1523 2543 animo
1540 2516 1600 2543 rudi
1617 2516 1666 2543 do-

878 2560 1018 2594 minatur;
1036 2564 1063 2587 at
1081 2561 1213 2596 sapientia
1237 2562 1296 2596 ipsa
1316 2567 1373 2593 est,
1398 2562 1487 2598 inquit
1499 2562 1664 2597 Apostolus,

878 2606 1071 2638 sanctificatio,
1090 2607 1208 2639 veritas,
1226 2614 1295 2642 pax,
1309 2610 1337 2635 et
1357 2607 1503 2643 gaudium,
1518 2606 1664 2641 omniaque

877 2652 930 2679 alia
945 2652 972 2680 id
981 2653 1090 2688 generis
1100 2654 1133 2681 ".
1147 2653 1297 2689 Quoigitur
1310 2654 1391 2681 modo
1405 2654 1468 2681 huic
1477 2654 1590 2688 junctus
1603 2660 1664 2680 esse

877 2701 969 2732 potest
982 2698 1004 2725 is
1013 2717 1022 2729 ,
1034 2698 1082 2733 qui
1103 2699 1251 2727 contrariis
1267 2699 1411 2727 affectibus
1433 2702 1541 2726 tenetur
1553 2697 1575 2713 ³³
1585 2697 1597 2723 2
1609 2697 1663 2724 Aut

879 2751 934 2779 quo
949 2743 1031 2770 modo
1046 2751 1100 2771 non
1118 2744 1270 2772 absurdum
1285 2749 1344 2777 est,
1360 2753 1421 2773 eum
1434 2745 1481 2780 qui
1498 2742 1619 2772 studium
1635 2743 1662 2770 in

68 2830 90 2847 ”
104 2829 126 2857 Il
143 2830 207 2857 Cor.
225 2837 265 2862 vt,
285 2827 326 2855 ll.
365 2827 387 2843 "
407 2826 477 2855 Psal.
492 2833 569 2859 XVIII,
585 2826 612 2853 9.
649 2825 670 2841 ³¹
691 2823 762 2852 Psal.
785 2831 830 2852 LX!

883 2823 928 2855 2.8.
967 2821 1084 2852 "lCor.
1108 2830 1128 2858 i,
1152 2822 1198 2851 50.
1231 2823 1253 2839 ³³
1265 2821 1344 2851 Rom.
1362 2830 1424 2859 xtv,
1442 2822 1485 2850 l7.
