1912 3080
229 89 282 119 387

228 201 289 223 tare
306 195 333 222 in
347 201 382 222 eo
403 194 476 229 quod
497 193 670 220 contrarium
691 196 752 224 est,
778 199 841 219 esse
867 191 1022 220 virtutem?

229 243 311 271 Verbi
325 249 426 273 causa,
443 241 466 269 si
482 241 529 276 qui
552 240 718 275 voluptatem
743 239 827 274 fugit,
857 239 953 267 dolore
975 239 1020 266 hic

229 290 357 316 vincatur
369 297 376 315 :
390 288 473 323 quive
487 286 631 313 audaciam
645 293 677 312 ac
693 286 873 312 temeritatem
888 284 1019 316 declinat,

229 344 286 372 pne
308 335 458 363 timiditate
475 334 498 361 is
521 333 642 360 animum
667 335 824 366 prosternat
846 336 928 366 atque
950 331 1020 365 abji-

229 384 302 415 ciat,
322 386 369 409 aut
384 381 432 416 qui
449 379 554 407 invicto
575 386 639 406 esse
655 378 748 405 animo
765 377 888 409 studuit,
906 377 930 405 is
946 381 1020 404 mettt

229 430 337 456 fractus
352 426 494 455 ceciderit.
512 424 583 458 Quid
598 426 671 452 enim
687 425 822 456 interest,
841 424 892 450 hoc
912 431 948 450 an
973 423 1020 450 illo

230 475 312 502 modo
333 473 397 509 quis
417 480 433 500 a
454 473 556 500 virtute
579 471 676 502 cadat,
690 470 734 497 vel
758 470 850 505 potius
871 477 901 497 se
924 476 940 496 a
965 468 1020 496 Deo

229 523 292 556 ipso
307 522 460 550 removeat,
477 518 523 552 qui
538 517 627 544 virtus
647 516 774 543 absoluta
797 519 854 547 est,
875 522 908 542 ac
928 515 1019 550 perte-

230 569 274 592 t-ta
286 565 298 591 ?
310 563 378 590 Nam
395 563 423 590 in
439 561 631 597 corporalibus
646 560 873 596 aegrotationibus
891 560 960 587 nihil
977 567 1020 587 re-

231 610 303 638 ferre
315 611 379 645 quis
392 609 511 640 dixerit,
528 611 621 634 utrum
636 606 726 634 morbi
743 607 820 634 tabes
834 613 849 632 a
865 607 948 633 nimia
964 606 1018 633 cibi

230 657 363 684 tenuitate
373 655 420 688 sit,
434 662 468 682 an
480 653 514 682 ab
525 654 707 681 immoderata
719 653 944 688 ingurgitatione,
956 660 1018 680 cum

230 702 377 737 utriusque
397 700 589 728 imntoderatio
610 699 706 726 eodem
729 699 847 726 termino
872 698 1020 725 concluda-

231 755 286 776 tur.
311 748 407 783 Itaque
428 747 476 782 qui
495 750 522 774 et
546 745 631 773 animi
652 745 732 777 vitae,
753 749 781 772 et
802 745 900 773 salutis
923 753 1018 772 curam

231 795 331 827 habet,
347 795 374 821 in
391 793 532 821 moderata
548 792 666 827 quadam
681 792 766 818 animi
780 791 909 826 atquitate
925 799 1019 819 versa-

232 842 315 874 bitur,
331 840 462 876 quoniam
481 840 508 866 in
523 846 556 866 eo
572 842 730 874 permanet,
746 842 776 865 ut
790 839 894 865 nullam
911 845 972 865 cum
986 846 1018 865 ea

230 886 411 922 repugnantia
425 887 587 913 societatem
609 884 727 915 habeat,
750 891 813 918 qua:
833 884 871 911 sit
891 884 1020 919 utrinque

229 934 325 961 virtuti
341 933 475 968 opposita.
489 930 548 958 Non
563 938 622 958 utea
633 929 743 965 quidem
757 931 815 957 haec
831 934 891 962 est,
907 929 954 958 sed
971 938 1020 957 vo-

228 981 270 1008 cis
286 980 373 1015 ipsius
388 979 488 1006 divinae
511 977 610 1004 oratio.
634 976 735 1011 Aperte
757 975 866 1003 Domini
886 975 1020 1004 doctrinae

228 1027 282 1054 hoc
295 1031 458 1062 praeceptum
474 1029 534 1055 est.
550 1024 577 1051 in
594 1024 628 1051 iis
643 1031 704 1058 qua:
717 1023 868 1058 discipulos
881 1022 960 1050 docet
973 1030 1020 1050 ve-

230 1074 269 1100 lut
284 1080 371 1108 agnos
389 1073 460 1098 inter
478 1071 558 1106 lupos
573 1074 733 1099 versantes.
751 1075 780 1096 ut
794 1077 848 1096 non
865 1069 954 1097 solum
969 1077 1018 1097 co-

229 1119 327 1146 lumba:
341 1119 397 1146 sint
407 1139 415 1151 ,
429 1117 476 1146 sed
494 1116 599 1151 aliquid
612 1117 694 1143 etiam
707 1115 843 1150 serpentis
855 1115 882 1142 in
894 1115 1019 1143 moribus

229 1165 357 1191 habeant.
382 1163 439 1190 lloc
455 1170 522 1190 sane
537 1165 599 1193 est,
617 1164 646 1188 ut
669 1168 757 1195 neque
772 1160 845 1195 quod
869 1161 897 1187 in
913 1160 1018 1196 simpli-

228 1212 313 1238 citate
335 1209 492 1236 hominibus
516 1207 685 1235 laudandum
707 1207 842 1238 videatur,
867 1207 1018 1241 impensius

229 1260 438 1285 consectentur,
457 1254 530 1289 quod
553 1254 577 1280 is
603 1253 713 1280 habitus
741 1252 774 1279 ad
795 1256 946 1280 extremam
970 1253 1018 1280 de-

229 1303 359 1330 mentiam
378 1301 491 1336 propius
505 1300 639 1330 accedat,
657 1307 746 1334 neque
758 1307 868 1326 rursum
885 1299 1020 1327 callidita-

862 87 891 114 S.
911 85 1077 115 GllEGORlI
1092 86 1242 115 NYSSENI

228 157 263 177 eo
278 148 370 184 ponit,
388 151 418 174 ut
439 147 515 175 nulla
534 145 710 175 aﬂ‘ectionum
727 146 752 173 vi
775 145 945 180 impelialur,
965 153 1017 181 pu-
1031 147 1055 176 Α

1811 89 1866 115 εδδ

1070 145 1170 180 μᾶλλον
1190 146 1220 173 δὲ
1237 145 1320 173 αὑτοῦ
1337 145 1384 172 τοῦ
1396 145 1464 172 Θεοῦ
1484 146 1537 179 ἔξω
1555 146 1692 181 γενέσθαι,
1708 147 1738 178 ὃς
1757 147 1830 173 ὲπιν
1847 147 1864 182 ἡ

1072 191 1204 228 παντελὴς
1225 193 1327 228 aperi];
1344 193 1397 218 Καὶ
1413 192 1467 228 γὰρ
1486 193 1532 219 ἐπὶ
1547 193 1601 219 τῶν
1617 193 1664 220 τοῦ
1676 192 1802 228 σώματος
1813 193 1877 228 ἀρκ

1072 239 1267 273 ρωστημάτων,
1283 238 1333 264 οὐκ
1348 238 1381 265 liv
1396 238 1536 274 διαφέρειν
1551 238 1582 265 τὸ
1595 239 1680 265 κακόν
1692 248 1736 271 τις
1748 240 1820 266 εἴποι
1831 239 1874 274 διᾊ

1071 284 1294 320 ὑπερϐαλλούσης
1311 284 1424 316 ἐνδείας,
1444 285 1461 319 ἢ
1485 284 1538 311 ἀπὸ
1560 284 1720 320 πλησμονῆς
1742 285 1864 320 ἀμέτρου

1069 330 1262 367 διαφθαρῆναι,
1274 331 1315 363 εἰς
1326 331 1356 357 τὸ
1367 331 1433 358 αὐτὸ
1443 331 1530 366 πέρας
1540 331 1591 365 τῆς
1602 332 1630 357 ἐν
1643 331 1785 366 ἑκατέροις
1797 331 1866 366 ἀμε-

1070 377 1148 413 τρίας
1163 377 1310 414 ληγούσης.
1330 377 1435 404 Οὐκοῦν
1450 378 1495 404 καὶ
1514 378 1528 404 ό
1541 377 1592 413 τῆς
1606 377 1678 404 κατὰ
1689 377 1779 413 ψυχὴν
1792 377 1865 412 ζωῆς

1069 431 1100 449 τε
1111 424 1157 450 καὶ
1174 423 1278 457 ὑγιείας
1292 423 1497 459 ἐπιμελόμενος,
1515 423 1560 450 ἐπὶ
1571 423 1618 450 τοῦ
1632 423 1716 459 μέσον
1734 423 1785 458 τῆς
1799 423 1865 458 ἁλη-

1071 468 1147 499 θείας
1167 469 1261 495 ἑαυτὸν
1278 469 1404 504 τηρήσει,
1427 469 1532 504 ἀμιγὴς
1556 469 1603 495 καὶ
1620 469 1753 504 ἀμέτοχος
1769 468 1864 503 διαμέ-

1070 524 1124 542 νων
1144 516 1194 550 τῆς
1210 515 1379 551 ἑκατέρωθεν
1392 516 1424 551 τῇ
1442 516 1526 551 ἀρετῇ
1551 516 1761 551 παρακειμένης
1786 516 1861 542 ὲναν-

1070 562 1201 598 τιότητος.
1220 563 1276 589 Οὐκ
1301 562 1367 598 ἐμὸς
1381 563 1396 589 ὁ
1418 562 1506 596 λόγος,
1523 561 1581 589 ἀλλ’
1605 562 1690 597 αὐτῆς
1716 563 1767 597 τῆς
1791 561 1864 593 θείας

1071 609 1172 644 φωνῆς.
1190 609 1317 644 Φανερῶς
1331 609 1386 644 γὰρ
1399 608 1449 643 τῆς
1463 609 1510 635 τοῦ
1526 609 1631 644 Κυρίου
1648 608 1823 640 διδασκαλίας
1836 609 1866 634 τὸ

1070 655 1159 690 δόγμα
1168 655 1249 682 τοῦτό
1264 657 1349 687 ἐστιν,
1364 656 1392 682 ἐν
1409 652 1450 687 οἷς
1466 655 1586 682 διδάσκει
1599 655 1663 686 τοὺς
1677 654 1814 690 μαθητὰς,
1829 654 1866 686 ὡς

1071 702 1155 736 ἄρνας
1179 701 1271 733 λύκοις
1296 702 1609 737 συναναστρεφομένους,
1633 701 1671 737 μὴ
1699 702 1866 736 περιστερὰς

1070 745 1140 774 εἶναι
1159 747 1249 783 μόνον,
1268 748 1326 774 ἀλλ’
1344 748 1415 783 ἔχειν
1428 757 1454 774 τι
1469 749 1516 774 καὶ
1529 747 1576 774 τοῦ
1591 748 1680 782 ὄφεως
1695 748 1724 774 ὲν
1735 748 1776 782 τῷ
1795 747 1865 782 ἤθει.

1071 793 1158 820 Τοῦτο
1172 793 1200 820 δέ
1214 794 1283 826 ἐστι,
1298 793 1328 820 τὸ
1344 794 1413 829 μήτε
1433 793 1482 829 τὴν
1494 794 1632 828 ἁπλότητα
1650 793 1747 820 δοκοῦν
1759 794 1868 820 ἐπαίνει

1071 837 1120 873 τὴν
1144 839 1200 870 τοῖς
1221 837 1376 874 ἀνθρώποις
1401 839 1441 870 είς
1460 839 1544 874 ἄκρον
1567 839 1748 874 ἐπιτηδεύειν,
1776 839 1814 871 ὡς
1833 841 1865 874 τῇ

1071 885 1173 921 ἐσχάτῃ
1184 887 1262 921 ἀνοίᾳ
1271 885 1321 920 τῆς
1329 885 1456 920 τοιαύτης
1467 885 1550 918 ἕξεως
1562 885 1769 921 πλησιαζούσης
1780 894 1786 900 ·
1798 886 1867 921 μήτε

1071 933 1120 968 τὴν
1143 932 1343 967 ἐπαινουμένην
1367 931 1420 958 ὑπὸ
1442 931 1498 958 τῶν
1522 931 1627 958 πολλῶν
1650 932 1793 966 δεινότητα
1823 932 1868 958 καὶ

1071 978 1250 1014 πανουργίαν,
1262 978 1349 1014 ἀμιγῆ
1368 978 1424 1005 τῶν
1449 979 1578 1005 ἐναντίων
1600 978 1647 1005 καὶ
1663 979 1783 1014 ἄκρατον
1807 978 1868 1012 ἁρε-

1071 1024 1121 1060 τὴν
1138 1024 1273 1059 νομίζεινο
1291 1025 1323 1051 ὲκ
1336 1024 1364 1051 δὲ
1383 1024 1432 1060 τῆς
1446 1024 1577 1059 δοκούσης
1593 1024 1781 1058 ἐναντιότητος
1806 1024 1869 1058 μίαν

1071 1070 1133 1096 τινὰ
1162 1070 1387 1105 συγκεκραμένην
1411 1070 1492 1105 ἤθους
1520 1070 1686 1096 κατάστασιν
1715 1069 1869 1104 ἀπεργάζε-

1073 1116 1145 1148 σθαι,
1165 1116 1215 1152 τῆς
1241 1117 1290 1152 μὲν
1306 1117 1336 1143 τὸ
1361 1117 1484 1151 ἀνόητον,
1503 1116 1554 1151 τῆς
1581 1116 1610 1143 δὲ
1635 1115 1667 1142 τὸ
1695 1117 1724 1142 ἐν
1752 1116 1870 1151 πονηρία

1073 1163 1154 1198 σοφὸν
1174 1163 1392 1199 περικόψαντας”
1406 1163 1443 1194 ὼς
1455 1163 1484 1196 ἐξ
1495 1162 1634 1198 ἑκατέρων
1648 1162 1677 1188 ἓν
1691 1161 1870 1196 ἀποτελεσθῆ-

1072 1218 1116 1236 ναι
1128 1209 1209 1236 καλὸν
1223 1209 1402 1244 ἐπιτήδευμα,
1417 1209 1548 1243 ἁπλότητι
1560 1209 1672 1243 γνώμης
1684 1209 1732 1235 καὶ
1745 1208 1869 1242 ἀγχινοίᾳ

1073 1256 1305 1291 συγκεκραμένον.
1324 1265 1332 1280 ι
1352 1255 1461 1282 Γίνεσθε
1480 1266 1490 1281 ι
1503 1255 1566 1290 γὰρ,
1582 1255 1659 1290 φησι,
1672 1264 1680 1280 ι
1694 1255 1823 1289 φρόνιμοι
1835 1253 1869 1285 ὡς

1074 1303 1099 1329 οἱ
1117 1303 1204 1337 ὄφεις,
1222 1302 1270 1328 καὶ
1293 1302 1418 1337 ἀκέραιοι
1441 1301 1478 1332 ὼ,
1501 1301 1529 1327 αί
1544 1301 1715 1336 περιστεραί.
1735 1310 1746 1326 ι

229 1356 283 1377 teut
299 1358 331 1378 ac
348 1349 503 1380 vafritiem,
520 1354 602 1383 quam
626 1347 751 1382 plerique
776 1347 903 1375 homines
942 1350 1110 1384 praedicant,
1145 1359 1247 1378 meram
1281 1355 1363 1385 atque
1397 1349 1595 1385 impermistam
1617 1349 1761 1376 contrario
1784 1347 1869 1374 virtu-

228 1400 283 1423 tctn
299 1395 434 1426 credant,
459 1393 508 1421 sed
542 1401 574 1421 ex
602 1392 771 1420 adversariis
795 1393 877 1420 rebus
901 1402 984 1422 unum
1017 1397 1128 1432 aliquod
1163 1401 1344 1432 tenpcratum
1375 1403 1484 1423 morum
1505 1403 1592 1431 genus
1615 1395 1783 1427 coniiciunt,
1809 1394 1868 1421 hinc

229 1443 384 1473 dementia,
422 1441 499 1468 illinc
522 1440 660 1467 malitiosa
681 1440 815 1474 sapientia
839 1441 947 1474 recisa,
980 1444 1060 1477 quasi
1079 1452 1112 1471 ex
1137 1448 1254 1478 utroque
1279 1442 1419 1470 contrario
1443 1449 1528 1468 unum
1551 1441 1704 1476 perfectum
1728 1441 1765 1468 sit
1787 1441 1868 1467 hone-

227 1497 320 1522 stum,
340 1489 415 1525 quod
436 1495 463 1516 et
483 1497 515 1516 ex
544 1487 628 1515 auitui
652 1488 830 1522 simplicitate
849 1492 877 1516 et
897 1490 1010 1518 solertia
1030 1491 1180 1519 conﬂatum
1208 1495 1261 1518 est.
1276 1500 1286 1516 ι
1302 1489 1397 1518 Estote
1412 1490 1518 1522 tenim,
1535 1488 1674 1525 inquit“,
1697 1499 1707 1514 σ
1721 1489 1867 1524 prudentes

229 1543 260 1566 ut
275 1541 418 1573 serpentes
429 1557 436 1569 ,
450 1535 591 1570 simplices
607 1538 636 1561 ut
653 1535 797 1563 columbze.

514 1593 631 1622 CAPUT
655 1593 736 1622 XVII.

301 1654 397 1680 Omne:
422 1652 506 1679 animi
528 1656 669 1685 potestates
694 1652 819 1680 virtutem
835 1657 952 1687 spectare

572 1687 674 1714 debent.

264 1735 341 1768 Quod
360 1734 443 1769 igitur
457 1742 490 1760 eo
508 1734 568 1760 loco
581 1733 685 1760 dictum
702 1738 745 1760 est
762 1742 777 1760 a
796 1733 929 1766 Domino,
945 1742 1022 1762 com—

228 1789 313 1809 mune
329 1780 364 1807 sit
379 1780 470 1806 omnis
496 1779 557 1806 vitze
581 1783 764 1814 praeceptum,
792 1780 827 1807 iis
851 1781 1020 1815 praesertim,

227 1829 275 1863 qui
290 1826 457 1862 virginitatis
472 1825 566 1852 studio
579 1825 613 1851 ad
628 1825 713 1852 Deum
730 1826 882 1858 accedunt,
899 1831 942 1857 ut.
959 1834 1020 1854 cum

230 1875 263 1902 ad
280 1881 363 1900 unum
382 1872 493 1906 aliquod
513 1877 619 1898 rectum
644 1871 762 1899 oﬂicium
780 1873 948 1907 respiciant,
966 1881 1021 1900 nor.

229 1919 312 1948 modo
328 1927 371 1946 res
384 1918 540 1945 contrarias
555 1921 690 1948 caveant,
708 1917 755 1944 sed
770 1918 844 1952 quod
860 1917 962 1944 bonum
980 1923 1023 1946 est

229 1965 350 2000 undique
366 1964 419 1992 sibi
433 1964 582 1997 colligant,
605 1966 634 1988 ut
655 1962 784 1990 omnibus
807 1963 963 1998 quaerendis
981 1964 1022 1991 vi-

229 2017 285 2039 tam
303 2012 330 2039 in
348 2015 408 2038 tuto
422 2009 571 2037 coIIOCent.
590 2007 686 2044 Neque
700 2009 774 2036 enim
793 2010 872 2037 miles
887 2029 894 2041 ,
910 2010 956 2044 qui
975 2017 1021 2036 ar-

232 2059 284 2085 mis
299 2062 404 2093 partetn
419 2057 540 2090 aliquam
558 2056 684 2090 corporis
709 2055 857 2089 munierit,
885 2056 1021 2091 reliquunt

229 2111 329 2139 corpus
345 2103 431 2130 armis
449 2101 556 2128 nudum
573 2101 696 2136 periculo
712 2101 836 2136 objiciet.
852 2101 923 2135 Quid
948 2102 1020 2129 enim

229 2153 255 2179 ei
273 2151 341 2178 lucri
357 2154 401 2178 est
414 2158 447 2177 ex
464 2154 543 2185 parte
558 2150 685 2184 corporis
702 2154 824 2182 armata,
842 2150 865 2177 si
888 2150 915 2177 in
934 2150 1020 2184 parti-

230 2198 283 2225 bus
298 2197 379 2224 nudis
392 2196 518 2223 lethalem
535 2195 642 2230 plagam
667 2195 807 2230 accipiat?
829 2195 899 2228 Quis
920 2195 1021 2223 tortuo-

230 2252 292 2271 sum
307 2251 369 2270 eum
385 2242 504 2273 dixerit,
521 2241 564 2268 cui
580 2249 613 2268 ex
636 2241 686 2271 iis.
702 2249 762 2276 qute
784 2241 818 2267 ad
844 2242 939 2269 forma:
960 2249 1021 2276 spc-

230 2290 300 2316 ciem
317 2288 453 2318 attinent,
476 2286 580 2321 aliquid
601 2290 644 2314 est
668 2286 824 2313 calamitate
849 2287 1022 2314 rescissum?

231 2333 385 2369 Turpitudo
399 2333 472 2360 cnim
489 2339 522 2360 ac
537 2331 699 2359 deformitas
714 2333 799 2367 partis
812 2331 889 2359 illius
903 2336 1019 2364 truncae,

231 2384 403 2408 venustatem
421 2379 534 2413 integrae
549 2378 713 2412 corrumpit.
735 2377 814 2410 Quod
838 2378 879 2409 si,
902 2382 931 2404 ut
952 2385 1021 2413 quo-

231 2428 293 2453 dam
310 2427 370 2453 loco
391 2427 524 2460 scriptum
540 2429 582 2452 est
599 2425 632 2457 ³⁸,
649 2424 783 2451 ridiculus
798 2429 851 2456 est,
869 2425 916 2460 qui
937 2425 1021 2451 turris

231 2473 376 2500 :udilicium
392 2479 556 2507 aggressus,
572 2475 654 2507 atque
677 2471 703 2498 in
726 2471 914 2498 fundamentis
938 2479 1020 2498 omne

232 2520 342 2554 quidem
367 2519 488 2545 studium
513 2526 593 2545 suum
616 2526 680 2545 cum
704 2517 843 2552 posuerit,
869 2522 1020 2544 extremam

232 2565 339 2592 a-dilicii
353 2569 456 2599 partem
470 2572 525 2591 non
540 2570 582 2592 est
596 2569 745 2591 exsecutus
756 2583 764 2595 ,
780 2563 846 2598 quiti
861 2571 892 2590 ex
907 2563 959 2591 hac
973 2571 1022 2591 nos

234 2611 362 2645 parabola
376 2610 449 2637 aliud
464 2610 670 2645 cognoscimus,
684 2617 765 2643 quant
778 2613 807 2635 ut
817 2629 824 2640 ,
840 2609 980 2644 proposita
994 2617 1024 2636 re

236 2658 326 2692 aliqua
341 2657 466 2688 sublimi,
488 2658 569 2684 tinem
591 2656 702 2691 assequi
717 2655 860 2688 studeant,
877 2656 923 2691 qui
940 2657 1022 2683 variis

235 2703 424 2730 mandatorum
445 2703 522 2737 quasi
539 2702 686 2730 structuris
711 2701 756 2729 Dei
769 2709 837 2736 opus
856 2703 1023 2735 pcrlicittnt?

235 2748 327 2783 Neque
341 2749 414 2776 enitn
429 2749 498 2784 lapis
511 2755 582 2775 unus
604 2751 658 2774 tota
681 2751 723 2775 est
748 2747 833 2775 tttrris
860 2748 1019 2782 aediﬁcatio,

272 2828 295 2844 “
314 2828 408 2856 Matth.
425 2835 453 2862 Χ,
470 2827 511 2856 16.
551 2827 572 2842 ³⁵
592 2824 657 2854 Luc.
677 2835 731 2860 MV,
746 2826 780 2854 9.8
794 2834 853 2862 sqq.

1374 1595 1500 1622 ΚΕΦΑΛ.
1522 1595 1572 1623 lZ'.

1091 1655 1141 1678 Ou
1163 1651 1222 1686 χρὴ
1242 1652 1343 1685 πάσας
1363 1653 1417 1685 τὰς
1432 1651 1487 1685 τῆς
1505 1651 1610 1686 ψυχῆς
1628 1651 1774 1686 δυνάμεις
1792 1652 1869 1686 πρὸς

1334 1687 1446 1721 ἀρετὴν
1461 1687 1600 1719 βλέπειν.

1111 1733 1214 1760 Οὐκοῦν
1238 1733 1306 1769 ὅπερ
1326 1733 1442 1760 ἐνταῦθα
1463 1733 1570 1769 εἴρηται
1595 1732 1671 1767 παρὰ
1692 1733 1746 1759 ’τοῦ
1756 1733 1868 1769 Κυρίου,

1075 1780 1165 1806 κοινὸν
1178 1780 1248 1807 ἔστω
1268 1780 1355 1816 δόγμα
1367 1780 1413 1806 τοῦ
1431 1780 1486 1815 βίου
1503 1780 1614 1811 παντὸς,
1633 1780 1680 1806 καὶ
1695 1780 1812 1815 μάλιστα
1824 1781 1869 1806 ἐπὶ

1074 1827 1128 1854 τῶν
1141 1826 1185 1853 διὰ
1205 1826 1354 1861 παρθενίας
1372 1826 1411 1861 τῷ
1426 1826 1485 1861 Θεῷ
1507 1827 1681 1862 προσιόντων,
1700 1827 1731 1853 τὸ
1749 1826 1787 1861 μὴ
1803 1826 1868 1860 πρὸς

1075 1874 1104 1900 ἓν
1115 1882 1141 1900 τι
1154 1873 1321 1908 κατόρθωμα
1332 1872 1490 1908 βλέποντας,
1503 1873 1558 1899 τῶν
1568 1873 1698 1899 ἐναντίων
1707 1873 1869 1907 ἀφυλάκτως

1075 1921 1158 1956 ἔχειν,
1169 1920 1237 1947 ἀλλὰ
1247 1919 1414 1954 πανταχόθεν
1425 1919 1530 1950 ἑαυτοῖς
1539 1919 1569 1945 τὸ
1578 1919 1679 1953 ἀγαθὸν
1690 1919 1830 1955 ἐξευρίσκε
1835 1928 1867 1949 ιν,

1074 1967 1112 1999 ὡς
1127 1967 1160 1994 ἂν
1176 1966 1219 1993 διὰ
1239 1966 1348 1993 πάντων
1359 1965 1389 1991 τὸ
1402 1965 1522 1999 ἀσφαλὲς
1545 1965 1654 2001 ὑπάρχῃ
1670 1965 1708 2000 τῷ
1727 1965 1788 2001 βίῳ.
1804 1966 1868 1992 Οἰόὲ

1074 2013 1128 2049 γὰρ
1143 2012 1310 2048 στρατιώτης
1332 2012 1401 2047 μέρη
1426 2011 1490 2038 τινὰ
1509 2013 1566 2043 τοῖς
1579 2012 1671 2043 ὅπλοις
1687 2012 1867 2047 φραξάμενος,

1074 2059 1169 2094 γυμνῷ
1184 2058 1331 2085 κινδυνεύει
1352 2057 1392 2093 τῷ
1414 2057 1500 2092 λοιπῷ
1517 2057 1633 2092 σώματι.
1651 2058 1684 2083 Τί
1704 2058 1760 2094 γὰρ
1776 2058 1867 2092 xépoo;

1074 2106 1149 2140 αὑτῴ
1163 2106 1212 2140 τῆς
1226 2105 1272 2130 ἐπὶ
1289 2104 1388 2139 μέρους
1403 2103 1548 2135 ὁπλίσεως,
1565 2104 1589 2129 εἰ
1602 2103 1673 2130 κατὰ
1686 2104 1743 2130 τῶν
1757 2105 1866 2140 γυμνῶν

1074 2151 1122 2187 τὴν
1139 2150 1249 2186 καιρίαν
1262 2150 1386 2183 δέξαιτο;
1407 2149 1456 2180 Τίς
1469 2149 1491 2176 δ’
1507 2149 1540 2176 ἂν
1557 2149 1693 2185 εῠμορφον
1710 2151 1866 2185 ὀνομάσειεν

1074 2198 1171 2229 ἐκεῖνο,
1187 2197 1202 2223 ὃ
1212 2196 1266 2223 τῶν
1283 2197 1322 2228 είς
1334 2195 1486 2231 εὐμορφίαν
1497 2204 1523 2221 τι
1538 2195 1737 2222 συντελούντων
1753 2196 1786 2223 ἐκ
1799 2205 1866 2227 τινος

1076 2244 1217 2279 συμφορᾶς
1235 2242 1450 2278 περικέκοπταις
1473 2242 1504 2268 Ἠ
1524 2241 1579 2278 γὰρ
1598 2242 1662 2277 περὶ
1673 2241 1704 2268 τὸ
1722 2242 1815 2269 λεῖπον
1829 2243 1866 2269 αἰ-

1074 2288 1159 2324 σχύνη
1175 2289 1221 2315 καὶ
1234 2288 1282 2323 τὴν
1295 2286 1342 2313 τοῦ
1355 2287 1522 2321 ὑγιαίνοντος
1536 2287 1616 2323 χάριν
1631 2287 1823 2323 διελυμήνατο.
1839 2289 1865 2314 Et

1073 2336 1103 2362 δὲ
1121 2334 1322 2368 καταγέλαστός
1344 2335 1412 2366 ἐστι,
1436 2333 1527 2366 καθώς
1546 2334 1612 2369 φησί
1628 2343 1679 2360 που
1697 2335 1729 2361 τὸ
1746 2335 1865 2370 Εὐαγτέ-

1074 2381 1140 2410 λιον,
1157 2382 1172 2407 ὁ
1185 2380 1349 2415 ἐγχειρήσας
1363 2380 1413 2415 μὲν
1427 2381 1460 2416 τῇ
1477 2380 1522 2406 τοῦ
1536 2380 1640 2415 πύργου
1655 2383 1826 2417 κατασκευῇ,
1840 2382 1864 2406 ἐν

1075 2426 1210 2462 θεμελίοις
1228 2426 1256 2452 δὲ
1272 2426 1320 2461 τὴν
1338 2426 1455 2462 σπουδὴν
1467 2426 1564 2453 ἑαυτοῦ
1582 2427 1694 2463 στήσας,
1707 2428 1756 2454 καὶ
1772 2428 1818 2454 τοῦ
1831 2429 1866 2454 τέ.

1070 2473 1133 2504 λους
1144 2472 1194 2498 οὐκ
1209 2472 1370 2507 ἐφικόμενος
1382 2481 1389 2487 ·
1403 2472 1429 2498 τί
1445 2472 1509 2499 ἄλλο
1520 2473 1552 2499 ἐκ
1565 2474 1615 2507 τῆς
1633 2473 1794 2508 παραϐολῆς
1809 2475 1866 2500 ταύ-

1072 2527 1122 2554 της
1141 2517 1323 2553 μανθάνομεν,
1342 2518 1359 2553 ἢ
1380 2518 1410 2545 τὸ
1425 2518 1516 2553 πάσης
1533 2517 1637 2553 ὑψηλῆς
1655 2519 1813 2553 προθέσεως
1827 2520 1866 2545 ἐπὶ

1073 2564 1103 2591 τὸ
1119 2563 1206 2599 πέρας
1229 2563 1339 2598 φθάνειν
1363 2563 1569 2594 ἐσπουδακέναι,
1591 2564 1649 2595 ταῖς
1665 2564 1806 2596 ποικίλαις
1819 2564 1865 2590 τῶν

1075 2610 1189 2637 ἐντολῶν
1212 2609 1366 2644 οἰκοδομαῖς
1386 2610 1417 2636 τὸ
1434 2609 1514 2645 ἔργον
1536 2609 1583 2636 τοῦ
1601 2609 1669 2636 Θεοῦ
1683 2610 1863 2640 τελειοῦνταςς

1076 2657 1144 2683 Οὔτε
1157 2656 1229 2688 λίθος
1249 2653 1289 2688 εἷς
1312 2657 1329 2691 ἡ
1348 2657 1422 2682 πᾶσα
1437 2656 1564 2691 οἰκοδομὴ
1589 2655 1636 2682 τοῦ
1662 2655 1770 2692 πύργου
1788 2657 1861 2687 ἐστὶν,

1073 2702 1134 2728 οὔτε
1156 2702 1249 2737 ἐντολὴ
1266 2702 1315 2737 μία
1330 2702 1397 2737 πρὸς
1416 2702 1445 2728 τὸ
1462 2702 1676 2738 ἐπιζητούμενον
1692 2703 1794 2738 μέτρον
1810 2703 1861 2736 ἄγει

1072 2749 1122 2785 τὴν
1145 2749 1194 2785 τῆς
1217 2749 1305 2785 ψυχῆς
1322 2750 1480 2786 τελειότητα
1493 2757 1500 2765 ·
1514 2749 1582 2777 ἀλλὰ
1607 2750 1655 2777 καὶ
1676 2750 1722 2777 τὸν
1745 2749 1868 2789 θεμέλιον
