1912 3080
69 100 118 130 589

720 97 764 124 DE
784 97 1017 125 VIRGINITATE.

1645 97 1697 125 390

69 155 265 191 ὕποεεὸλῆσθαι
277 155 318 182 δεῖ
327 154 443 185 πάντως,
461 153 551 185 καθως
560 162 642 189 φησιν
653 153 667 179 ό
682 152 850 184 Ἀπόστολος,

907 161 995 187 neque
1019 157 1184 188 praaceptum
1199 160 1267 182 sane
1281 160 1367 181 unum
1389 153 1588 188 perfectionem
1613 155 1698 182 animi

70 202 134 239 [καὶ]
147 202 197 237 τὴν
213 202 248 228 ὲκ
261 201 361 237 χρυσοῦ
379 201 426 228 καὶ
435 200 516 227 λίθων
530 200 628 235 τιμίων
638 199 782 234 οἰκοδομὴν
795 199 854 225 ἐπι-

69 247 165 276 θέσθαι.
182 246 264 274 Οὕτω
278 247 333 282 γὰρ
347 248 381 273 τὰ
392 246 460 282 ἔργα
476 246 532 273 τῶν
547 245 661 272 ὲντολῶν
681 245 854 280 ὀνομάζεται,

70 293 133 321 κατὰ
146 293 192 320 τὸν
204 293 317 320 εἰπόντα
340 293 495 328 Προφήτην,
507 293 549 318 ὅτι
562 301 571 318 ι
596 291 741 327 Ἠγάπησα
753 291 802 323 τὰς
813 292 856 318 ὲν-

69 340 193 371 τολὰςσου
205 339 278 375 ὑπὲρ
283 339 403 375 χρυσίον,
410 339 458 364 κα)⁸
468 338 541 364 λίθον
548 338 638 373 τίμιον
647 337 739 364 πολύν.
752 347 761 363 ι
772 338 854 364 Ὑπο-

69 386 160 413 κείσθω
175 385 268 412 τοίνυν
282 386 342 412 ἀντὶ
354 384 478 420 θεμελίου
490 384 563 416 τινος
572 383 612 419 τῷ
625 384 685 410 κατ’
696 383 795 420 ἀρετὴν
806 383 856 420 βίῳ

69 435 83 468 ἠ
103 433 163 467 περὶ
179 432 232 468 τὴν
254 431 403 466 παρθενίαν
427 431 528 466 σπουδή
541 439 547 446 ·
573 430 803 465 ὲποικοδομείσθω
826 431 855 457 δὲ

68 479 100 514 τῷ
113 478 230 514 θεμελίῳ
243 477 331 513 τούτῳ
344 478 432 504 πάντα
443 478 476 503 τὰ
489 477 558 513 ἔργα
571 477 621 512 τῆς
632 477 743 512 ἀρετῆς.
758 477 789 504 El
800 477 855 513 γὰρ

68 526 109 552 καὶ
122 524 226 559 σφόδρα
235 523 316 550 τοῦτο
330 523 419 559 τίμιον
429 524 476 550 καὶ
488 523 637 558 θεοπρεπὲς
647 521 717 550 εἶναι
729 523 855 549 πιστεύε-

67 579 114 602 ται,
133 570 230 606 ὥσπερ
247 567 294 596 οὖν
318 570 364 596 καὶ
394 569 451 596 ἐστι
476 569 523 595 καὶ
547 569 741 596 πεπίστευται·
756 568 813 595 ἀλλ’
830 570 854 595 εἰ

69 617 101 652 μὴ
111 616 154 642 καὶ
166 616 228 647 ὅλος
239 617 254 642 ὁ
268 615 325 650 βίος
339 615 426 650 τούτῳ
442 615 586 650 ωμσαίνοι
600 615 639 650 τῷ
649 614 852 650 κατορθώματι,

68 662 249 698 ὲπιμολύνοιτο
265 664 299 698 τῇ
311 662 404 689 λοιπὸν
416 662 466 697 τῆς
477 663 566 698 ψυχῆς
581 663 688 698 ἀταξίᾳ,
706 662 784 689 τοῦτό
797 663 853 689 ἐστι

66 709 93 734 τὸ
103 707 210 735 ἐνώτιον
225 709 316 735 ἐκεῖνο
327 708 358 735 τὸ
373 709 402 734 ἐν
416 709 449 744 τῇ
466 709 520 743 ῥινὶ
536 709 585 744 τῆς
600 709 674 740 συὸς,
687 709 704 744 ἢ
723 710 737 736 ό
750 717 855 744 μαργα-

68 755 137 791 ρίτης
157 755 224 783 ὁ,ὲν
243 756 302 787 τοῖς
323 756 387 782 ποσὶ
408 755 463 782 τῶν
484 755 584 791 χοίρων
601 755 852 791 καταπατούμενος.

72 800 143 826 Ἀλλὰ
158 800 224 836 περὶ
241 801 293 836 μὲν
307 800 410 828 τούτων
423 801 552 828 τοσαῦτα.

355 943 481 970 ΚΕΦΑΛ.
503 943 555 971 IH‘.

67 999 141 1032 Μόνη
156 999 175 1032 ἡ
190 998 296 1032 ἀρετὴ.
314 999 372 1025 κᾶν
391 999 515 1032 τέλειος,
535 999 626 1026 οὐδὲν
641 1000 752 1033 ὠφελεῖ
764 1000 803 1033 τῷ
819 1001 852 1028 ἐν

180 1034 256 1061 πᾶσι
270 1033 329 1068 τὴν
342 1034 453 1068 ἀρετὴν
464 1036 518 1061 οὐκ
537 1035 726 1069 ἀσκουμένῳ.

96 1081 125 1106 Εἰ
137 1080 164 1106 δέ
178 1088 220 1112 τις
236 1082 302 1116 παρ’
321 1081 397 1107 οὐδὲν
419 1083 534 1107 ποιεῖται
559 1081 590 1107 τὸ
608 1081 645 1117 μὴ
667 1082 852 1118 συνηρμόσθαι

67 1126 113 1152 τινὶ
124 1126 167 1152 διὰ
178 1126 234 1153 τῶν
249 1127 425 1162 καταλληλων
435 1127 481 1154 τὸν
494 1127 561 1162 βίον,
574 1128 608 1154 τὰ
622 1129 651 1154 ἐν
663 1128 703 1163 τῷ
715 1128 782 1164 οἴκῳ
794 1129 853 1155 ἑαυ-

69 1171 109 1197 τοῦ
119 1172 287 1207 θεασάμενος
298 1173 469 1207 παιδευθήτω
483 1174 548 1210 περὶ
559 1173 606 1200 τοῦ
617 1174 761 1209 δόγματος.
773 1176 853 1201 Δοκεῖ

70 1217 117 1252 γάρ
132 1227 185 1252 μοι,
200 1218 328 1254 καθάπερ
345 1219 390 1245 ἐπὶ
404 1221 453 1254 τῆς
468 1220 535 1251 ἰδίας
547 1221 680 1256 οἰκήσεως
693 1221 707 1247 ό
720 1221 767 1248 τοῦ
777 1221 851 1248 οἴκου

67 1264 190 1300 δεσπότης
206 1265 257 1291 οὐκ
275 1265 444 1298 ἀποδέξεται,
462 1266 573 1301 ἀπρεπῆ
596 1266 643 1292 καὶ
660 1267 801 1302 ἀσχήμονα
818 1267 852 1292 τὰ

71 1310 95 1335 ἑν
115 1311 144 1345 τῇ
164 1311 238 1346 οἰκίᾳ
256 1311 375 1346 βλέπειν,
396 1311 413 1346 ἢ
439 1311 533 1347 κλίνην
555 1312 809 1348 ἀνατετραμμένην,
834 1313 850 1348 ἥ

70 1355 150 1391 πλήρη
167 1357 273 1391 κόπρου
295 1357 344 1391 τὴν
362 1356 510 1392 τράπεζαν,
528 1358 544 1393 ἢ
571 1357 605 1384 τὰ
625 1358 675 1392 μὲν
696 1358 774 1393 τίμια
798 1358 852 1385 τῶν

70 1401 164 1428 σκευῶν
179 1403 208 1428 ἐν
220 1403 356 1438 ῥυπαροῖς
365 1411 419 1428 τισι
433 1403 526 1435 τόποις
537 1404 731 1440 ἀπερῤιμμένα
740 1413 746 1419 ·
763 1405 813 1431 ὅσα
822 1404 851 1430 δὲ

69 1447 128 1482 πρὸς
142 1447 190 1479 τὰς
204 1447 385 1483 ἀτιμοτέρους
399 1448 550 1484 ὑπηρεσίας
564 1449 646 1479 ἐστὶν,
663 1451 692 1475 ὲν
704 1449 852 1484 ὀφθαλμοῖς

908 198 943 225 ad
957 206 1019 226 eum
1033 199 1125 231 ducit,
1139 207 1222 234 quem
1237 207 1288 227 nos
1303 200 1472 235 quaerimus,
1493 200 1604 228 modum
1619 210 1627 234 ;
1649 200 1697 228 scd

903 244 1009 279 jactum
1023 252 1086 273 esse
1097 249 1207 280 oportet
1218 245 1297 280 plane
1311 245 1519 273 fundamentum
1530 266 1538 279 ,
1553 250 1636 281 atque
1649 254 1698 274 su-

906 297 955 325 per
969 297 1083 324 aurum,
1100 296 1129 318 ut
1143 291 1182 318 ait
1196 291 1347 326 Apostolus
1357 311 1365 323 ,
1381 296 1408 319 et
1430 291 1535 326 lapides
1558 292 1697 326 pretio~os

906 337 1051 364 aedilicium
1073 337 1236 365 struendum
1256 341 1299 365 est
1322 337 1366 364 "2
1390 338 1428 364 ita
1457 338 1530 365 enim
1553 338 1697 365 mandato-

906 391 967 411 rum
982 391 1065 418 opera
1080 383 1217 419 Propheta
1231 384 1378 418 appellavit
1394 384 1438 411 his
1455 385 1565 412 verbis:
1581 394 1590 410 ι
1608 384 1695 411 Dilexi

906 427 1036 455 mandata
1053 432 1100 455 tua
1115 435 1199 463 super
1219 435 1334 461 aurum,
1356 433 1384 456 et
1404 429 1522 463 lapidem
1544 429 1695 464 pretiosum

906 473 1021 499 multum
1038 473 1070 499 ".
1086 482 1096 499 ι
1111 473 1200 508 Atque
1214 481 1262 508 pro
1274 473 1368 509 aliquo
1386 474 1496 509 quidem
1517 473 1696 502 fundamento

906 518 943 545 sit
955 517 1082 554 honesta:
1096 519 1160 546 vitae
1175 520 1348 554 propositum
1365 519 1488 547 studium
1506 520 1694 556 virginitatis;

905 568 933 591 et
947 565 1103 599 superhoc
1126 564 1334 593 fundamentum
1356 571 1456 593 cuncta
1478 567 1589 595 virtutis
1611 575 1695 602 opera

905 615 1097 638 exstruuntur.
1114 610 1172 639 Etsi
1187 613 1261 640 enim
1276 612 1356 640 valde
1370 613 1518 640 honestum
1532 614 1585 640 hoc
1598 617 1626 640 et
1640 612 1696 640 Deo

905 657 1072 684 conveniens
1092 665 1155 685 esse
1173 658 1307 691 creditur,
1324 662 1354 685 ut
1369 666 1435 686 sane
1447 663 1475 686 et
1489 662 1549 692 est,
1565 663 1594 687 et
1608 659 1695 687 credi‘

905 702 999 729 ditur:
1015 703 1069 731 nisi
1086 709 1178 732 tamen
1194 704 1258 732 huic
1275 705 1407 740 praeclaro
1421 705 1510 733 ofﬁcio
1532 705 1586 732 vita
1603 705 1694 732 omnis

904 749 1087 784 respondeat,
1104 756 1151 778 aut
1165 751 1189 778 si
1206 751 1311 786 reliqua
1326 751 1410 779 animi
1433 751 1641 786 perturbatione
1656 751 1696 778 in-

905 794 1058 828 quinetur;
1075 794 1142 822 illud
1157 795 1264 822 aurium
1278 801 1469 823 ornamentum
1485 800 1545 828 est,
1570 795 1644 831 quod
1666 795 1694 823 in

868 830 890 857 Β
905 843 996 867 rostro
1016 840 1075 867 suis
1085 860 1092 872 ,
1108 845 1156 867 aut
1171 841 1317 876 margarita
1330 861 1338 874 ,
1354 849 1415 876 qua:
1430 841 1467 868 sit
1489 830 1634 876 porcorum
1651 849 1695 877 pe-

903 885 987 913 dibus
1003 886 1176 921 proculcata.
1194 885 1247 914 Sed
1261 886 1296 914 de
1310 887 1354 915 his
1368 887 1478 922 quidem
1494 887 1639 915 hactenus.

1183 942 1299 970 CAPUT
1318 943 1411 972 XVIII.

903 996 968 1024 Sola
984 997 1076 1029 virtus,
1093 998 1175 1024 etiam
1190 999 1315 1033 perfecta,
1331 999 1398 1026 nihil
1414 999 1521 1026 omnino
1536 999 1641 1032 prodest
1656 999 1693 1033 εἰ,

1043 1034 1088 1068 qui
1101 1033 1129 1060 in
1141 1034 1262 1060 omnibus
1277 1035 1398 1061 virtutem
1414 1043 1464 1061 non
1479 1035 1551 1062 colit.

939 1078 968 1105 Si
983 1086 1050 1106 vero
1062 1079 1125 1114 quis
1138 1087 1186 1114 pro
1201 1080 1287 1107 nihilo
1305 1084 1382 1115 putat
1411 1081 1472 1107 vitae
1487 1088 1544 1108 sua:
1559 1085 1693 1108 rationem

903 1125 1023 1160 cuipiam
1037 1125 1154 1153 invicem
1170 1127 1392 1158 accommodare.
1419 1135 1462 1154 res
1483 1135 1549 1155 suas
1564 1127 1695 1156 domesti-

902 1179 951 1199 cas
965 1173 1168 1207 contemplatus
1182 1173 1215 1199 ad
1237 1173 1289 1200 hoc
1308 1178 1473 1209 prmceptum
1488 1174 1642 1203 erudiatur.
1661 1175 1695 1202 [ι

902 1219 977 1245 enim
994 1220 1194 1254 paterfamilias
1219 1220 1293 1247 domi
1320 1228 1377 1248 suae
1406 1221 1623 1256 passurns'mihi
1639 1229 1694 1248 non

903 1263 1023 1295 videtur,
1041 1268 1127 1291 utres
1144 1263 1242 1295 fcedas.
1261 1272 1293 1291 ac
1306 1268 1400 1299 turpes
1415 1270 1522 1298 cernat,
1537 1264 1621 1292 veluti
1640 1272 1694 1291 mm

903 1315 1020 1337 stratum
1038 1310 1149 1340 lectum,
1166 1315 1214 1336 aut
1231 1318 1354 1337 mensam
1370 1310 1492 1338 sordium
1514 1310 1633 1345 plenam,
1647 1314 1695 1337 aut

902 1363 968 1382 vasa
992 1356 1111 1390 pretiosa
1139 1363 1201 1391 qua:
1224 1356 1317 1390 aliquo
1334 1355 1460 1390 conjecta
1477 1356 1543 1388 sint,
1570 1356 1614 1382 ubi
1633 1364 1695 1383 sor-

902 1401 978 1428 dium
990 1402 1061 1429 situs
1073 1406 1134 1434 est;
1152 1410 1213 1437 qua:
1232 1409 1295 1428 vero
1313 1406 1378 1428 sunt
1400 1402 1433 1428 ad
1448 1410 1514 1429 usus
1534 1403 1626 1429 minus
1642 1402 1692 1428 hn-

904 1452 997 1475 nestos
1008 1449 1214 1475 accommodata
1225 1448 1253 1474 in
1263 1448 1351 1475 oeulis
1367 1448 1526 1475 adeuntium
1543 1448 1589 1475 illa
1604 1449 1692 1483 posita

69 1493 228 1528 προκείμενα
248 1494 303 1520 τῶν
317 1495 455 1521 εἰσιόντων
465 1503 471 1509 “
484 1495 552 1522 ἀλλὰ
572 1495 661 1522 πάντα
676 1496 850 1532 εὑηημὸνως

904 1495 974 1526 sint;
994 1494 1040 1521 sed
1058 1498 1120 1529 apte
1133 1494 1177 1521 ille
1194 1499 1276 1529 atque
1291 1494 1388 1522 ordine
1402 1498 1474 1522 recto
1492 1498 1591 1521 cuncta
1608 1495 1692 1522 collo-

69 1538 110 1564 καὶ
124 1539 191 1565 κατὰ
207 1539 286 1572 τάξιν
298 1540 348 1575 τὴν
365 1540 522 1575 πρέπουσαν
537 1541 648 1573 διαθεὶς,
667 1542 713 1568 καὶ
734 1543 851 1578 ἑκάστην

69 1587 232 1622 ἁρμόζουσαν
243 1588 360 1620 ἀποδοὺς
374 1588 478 1624 χώραν,
493 1588 602 1625 θαρῥῶν
614 1589 774 1625 ἀποδέχεται
789 1590 852 1620 τοὺς

68 1634 299 1670 ἐπιξενουμένους
324 1635 363 1667 ὡς
387 1635 515 1670 οὐδεμίαν
537 1635 668 1671 αἰσχύνην
689 1636 814 1671 ὀφλήσων
827 1636 851 1661 εὶ

68 1681 163 1716 φανερὰ
175 1681 290 1716 γένοιτο,
304 1682 378 1713 ὅπως
391 1681 466 1716 αὐτῷ
480 1681 513 1708 τὰ
528 1681 600 1708 κατὰ
613 1681 662 1717 τὴν
680 1681 769 1708 οἰκίαν
783 1681 850 1716 ἔχον

68 1727 144 1759 οὕτως
165 1726 242 1763 οἶμαι
267 1727 365 1763 χρῆναι
382 1728 428 1753 καὶ
446 1727 492 1753 τὸν
505 1727 553 1753 τοῦ
574 1727 752 1763 σκηνιῦματος
772 1729 852 1763 ἡμῶν

67 1774 252 1809 οἰκοδεσπότην
271 1775 318 1801 καὶ
339 1774 490 1809 οἰκονόμον,
510 1774 556 1800 τὸν
577 1774 639 1800 νοῦν
655 1774 736 1808 λέγω,
755 1775 808 1801 πᾶν
821 1775 852 1801 τὸ

69 1820 93 1844 ἐν
106 1820 167 1854 ἡμῖν
182 1818 211 1846 εὖ
225 1819 404 1852 διατίθεσθαι,
417 1820 519 1855 ἑκάστῃ
531 1828 560 1846 τε
575 1819 629 1846 τῶν
640 1819 690 1855 τῆς
704 1819 794 1855 ψυχῆς
806 1820 852 1846 δυ-

68 1864 175 1899 νάμεων,
194 1865 228 1895 ἃς
245 1866 306 1892 ἀντὶ
319 1865 443 1900 ὁργάνων
459 1865 507 1891 καὶ
529 1865 634 1891 σκευῶν
655 1866 669 1891 ὁ
681 1866 851 1901 Δημιουργὺς

69 1909 127 1943 ἡμῖν
135 1910 338 1945 ὲνετεκτήνατο,
352 1909 460 1942 οἰκείως
473 1909 519 1936 καὶ
532 1910 601 1945 πρὸς
611 1910 641 1937 τὸ
653 1910 734 1936 καλὸν
751 1912 851 1946 κεχρῆ-

69 1954 134 1982 σθαι,
151 1956 181 1982 El
195 1956 223 1982 δὲ
237 1956 276 1992 μὴ
290 1956 424 1992 φλυαρίαν
436 1956 497 1982 τινὰ
512 1956 560 1982 καὶ
575 1956 733 1991 ἀδολεσχίαν
748 1956 794 1983 τοῦ
809 1956 852 1983 λό-

68 2008 111 2033 γου
127 2009 166 2032 τις
183 2002 397 2036 καταγινώσκοι,
420 2003 559 2038 εἰρήσεται
577 2002 625 2029 καὶ
639 2003 701 2029 καθ’
724 2003 849 2035 ἕκαστον,

68 2046 134 2077 ὅπως
147 2047 179 2073 ἂν
193 2048 251 2080 τοῖς
262 2048 394 2084 παροῦσιν
411 2048 485 2083 αὐτῷ
496 2047 646 2084 χρώμενος,
660 2049 727 2084 πρὸς
741 2048 771 2075 τὺ
782 2057 851 2084 συμ-

68 2091 142 2126 φέρον
153 2093 226 2129 αὐτῷ
239 2094 285 2120 τὸν
301 2094 357 2129 βίον
372 2095 571 2130 οἰκονομήσειε.
591 2095 685 2129 Φαμὲν
700 2095 790 2120 τοίνυν
801 2094 850 2130 τὴν

69 2137 113 2172 μὲν
129 2139 275 2175 ἐπιθυμίαν
294 2140 349 2166 δεῖν
365 2140 393 2166 ἐν
406 2139 520 2175 καθαρῷ
532 2140 582 2175 τῆς
596 2141 686 2175 ψυχῆς
703 2140 850 2175 ἱδρυσάμε-

903 1539 1003 1571 cando,
1019 1547 1156 1574 suumque
1175 1540 1275 1574 cuique
1289 1540 1327 1566 rei
1342 1539 1432 1567 locum
1454 1539 1615 1570 tribuendo:
1629 1547 1692 1566 cum

902 1585 1074 1620 exploratum
1091 1585 1191 1612 habeat
1210 1593 1266 1620 quo
1280 1585 1377 1612 ordine
1400 1593 1444 1612 res
1459 1585 1534 1612 domi
1554 1593 1611 1613 sua:
1625 1586 1692 1618 sint,

904 1635 960 1658 tum
977 1631 1070 1658 fidenti
1085 1631 1189 1664 animo,
1204 1631 1286 1666 quasi
1307 1632 1385 1659 nullo
1401 1633 1505 1667 pudore
1524 1632 1692 1667 prohibitus.

902 1676 1028 1711 hospites
1043 1684 1074 1702 ac
1094 1677 1256 1711 peregrinos
1283 1677 1421 1711 excipiet:
1437 1677 1532 1704 eodem
1549 1677 1630 1703 modo
1644 1677 1694 1703 du-

903 1721 997 1748 micilii
1018 1723 1104 1749 nostri
1118 1722 1230 1749 domino
1246 1729 1278 1749 ac
1293 1722 1472 1753 moderatori,
1492 1731 1590 1758 nempe
1609 1724 1692 1750 ratiu-

902 1767 941 1800 ni,
959 1766 1093 1802 agendum
1109 1775 1171 1794 esse
1194 1768 1333 1800 arbitror;
1350 1772 1390 1801 ut,
1408 1775 1469 1803 quae
1484 1775 1511 1794 In
1528 1768 1608 1795 nobis
1628 1771 1694 1795 sunt

901 1814 994 1840 omnia
1010 1818 1085 1840 recte
1102 1813 1239 1846 instituat,
1258 1813 1429 1848 singulisque
1448 1813 1533 1840 animi
1551 1813 1694 1848 potestati.

901 1859 965 1891 bus,
987 1867 1056 1895 quas
1084 1864 1112 1886 ct
1138 1867 1189 1896 pro
1205 1859 1399 1887 instrumentis
1417 1863 1445 1886 et
1471 1860 1542 1887 vasis
1568 1867 1693 1886 suuunns

901 1912 1003 1934 nostrae
1019 1910 1123 1934 natura:
1139 1906 1231 1941 opifex
1249 1906 1402 1934 fabricatus
1419 1911 1471 1938 est,
1491 1906 1524 1934 iis
1539 1910 1602 1940 apte
1616 1910 1643 1934 ct
1659 1906 1691 1932 ml

901 1954 1073 1980 honestatem
1094 1958 1196 1980 utatur.
1215 1953 1249 1979 At
1260 1960 1326 1980 vero
1341 1952 1409 1987 jam,
1427 1953 1479 1980 nisi
1497 1953 1559 1987 quis
1577 1954 1692 1987 nugaci-

901 1999 965 2026 tatis
988 2003 1015 2026 et
1035 1999 1207 2034 garrulitatis
1228 2006 1279 2027 nos
1297 1999 1471 2030 condemnet,
1489 1999 1629 2033 sigillatim
1645 2006 1692 2025 cx-

901 2045 1075 2080 pIicabimus,
1088 2053 1144 2080 quo
1160 2050 1241 2080 pacto
1263 2052 1330 2072 usus
1346 2045 1409 2080 quis
1430 2045 1522 2072 insitis
1540 2044 1592 2071 Sibi
1610 2045 1691 2072 rchus

900 2093 985 2119 vitam
1000 2099 1082 2127 quam
1111 2092 1260 2119 utilissime
1282 2095 1439 2127 componat.
1460 2091 1553 2127 Itaque
1572 2091 1691 2119 dicimus

901 2142 1031 2172 oportere
1061 2146 1124 2166 eum
1146 2139 1297 2174 appetitum
1326 2138 1353 2165 in
1379 2139 1463 2165 animi
1486 2146 1557 2173 puro
1579 2139 1692 2167 dedica-

68 2191 107 2209 νον
120 2184 197 2219 ἔχειν,
219 2185 314 2221 ὥσπερ
328 2195 353 2213 τι
373 2185 503 2221 ἀνάθημα
521 2186 538 2222 ἦ
561 2186 690 2222 ἀπαρχὴν
706 2186 761 2212 τῶν
776 2186 848 2213 ἰδίων

903 2189 971 2217 tum,
987 2185 1063 2212 velut
1090 2184 1236 2212 donarium
1261 2184 1398 2219 quoddam
1417 2192 1449 2211 ac
1464 2184 1598 2212 bonorum
1624 2193 1690 2213 suo-

68 2229 166 2262 ἀγαθῶ-ι
181 2231 306 2264 ἐξελόντα
321 2231 391 2267 Θεῷ,
412 2231 605 2267 ἀφιερώσαντά
617 2239 646 2258 τε
659 2232 744 2265 αὐτὴν
763 2231 846 2264 ἅπαξ,

68 2275 195 2311 ἀνέπαφον
209 2285 238 2304 τε
254 2278 301 2304 καὶ
311 2277 435 2312 καθαρὰν
451 2277 651 2312 διαφυλάττειν,
671 2277 797 2313 μηδαμοῦ
814 2278 847 2312 τῇ

68 2321 130 2347 κατὰ
146 2322 190 2348 τὸν
213 2322 270 2357 βίον
285 2323 407 2358 ῥυπαρία
427 2322 622 2357 μολυνομένην.
641 2322 693 2348 Τὺν
706 2322 735 2348 δὲ
751 2322 847 2358 θυμὸν,

68 2366 108 2392 καὶ
123 2367 169 2402 τὴν
189 2367 285 2403 ὀργὴν,
308 2368 356 2394 καὶ
376 2368 407 2394 τὸ
423 2369 510 2404 μῖσος,
524 2368 651 2404 καθάπερ
673 2367 757 2399 κύνας
772 2368 849 2399 τινὰς

69 2411 207 2447 πυλωροὺς,
229 2414 297 2449 πρὸς
318 2414 403 2450 μόνην
422 2414 602 2449 ἐγρηγορέναι
618 2413 668 2449 τὴν
688 2413 739 2448 τῆς
755 2414 841 2449 ἁμαρη

61 2457 119 2497 1τίαίς
135 2459 363 2497 ἀντίστασινηκαὶ
378 2460 447 2486 κατὰ
462 2459 508 2486 τοῦ
522 2460 639 2486 κλέπτου
654 2460 700 2486 καὶ
716 2460 846 2496 πολεμίου

62 2495 204 2540 ξκεχρῆσθαι
224 2506 258 2540 τῇ
273 2495 363 2538 φύσει,
381 2505 409 2536 ὃς
432 2505 478 2531 ἐπὶ
500 2504 572 2540 λύμῃ
587 2503 633 2530 τοῦ
657 2504 728 2530 θείου
743 2504 845 2539 θησαυ-

63 2547 109 2587 apt»)
123 2549 322 2583 παρεισδύεται,
344 2550 390 2577 καὶ
410 2550 454 2576 διὰ
473 2549 552 2576 τοῦτο
570 2549 688 2584 ἔρχεται,
706 2550 748 2575 ἵνα
760 2549 846 2587 κλέψῃ

69 2592 109 2617 71".
123 2593 188 2630 θύσῃ
199 2596 246 2621 καὶ
258 2596 378 2631 ἀπολέσῃ
388 2604 395 2611 ⁸
408 2595 457 2630 τὴν
467 2595 494 2621 δὲ
507 2595 632 2630 ἀνδρείαν
646 2597 692 2622 καὶ
705 2595 737 2622 τὸ
747 2595 846 2632 θάρσος

69 2637 121 2664 ἀντὶ
131 2640 210 2667 ὅπλου
223 2642 293 2673 τινος
309 2642 353 2667 διὰ
365 2641 454 2676 χειρὸς
467 2641 570 2675 φέρειν,
588 2641 655 2676 πρὸς
669 2641 698 2667 τὸ
711 2641 747 2677 μὴ
764 2649 847 2677 πτοη-

71 2681 141 2717 Θῆναί
157 2695 220 2712 ποτε
243 2688 355 2722 πτόησιν
375 2686 553 2717 ἐπελθοῦσαν,
572 2687 618 2712 καὶ
634 2687 721 2722 ὁρμὰς
741 2688 846 2713 ἀσεϐῶν

70 2728 242 2766 ἐπερχομένας
252 2741 258 2746 ·
273 2732 360 2759 ἐλπίδι
372 2732 400 2759 δὲ
411 2733 459 2758 καὶ
473 2733 597 2768 ὑπομονῇ
610 2733 669 2759 ἀντὶ
685 2733 844 2769 βακτηρίας,

118 2808 139 2825 ³⁸
157 2809 240 2838 ICor.
256 2819 298 2845 nl,
319 2811 362 2840 l2.
399 2812 422 2829 ³⁷
441 2806 513 2840 Psal.
529 2818 623 2845 cxvlu,
637 2812 697 2840 n7.

900 2239 960 2259 rum
990 2232 1127 2267 primitias
1149 2231 1204 2259 Deo
1218 2239 1373 2266 segregare,
1391 2235 1418 2258 et
1444 2232 1526 2259 semel
1543 2239 1690 2260 consecra-

901 2281 958 2303 tum
976 2277 1110 2304 intactum
1126 2283 1210 2312 porro
1223 2280 1306 2311 atque
1322 2276 1457 2311 integrum
1481 2284 1593 2303 servare
1608 2277 1691 2304 nullis

901 2323 962 2349 vita:
974 2321 1104 2349 sordibus
1115 2322 1344 2350 contaminatum.
1356 2320 1616 2348 Excandescentiam
1627 2328 1692 2349 vero

899 2374 925 2396 et
942 2369 1010 2395 iram
1027 2373 1055 2396 et
1074 2369 1167 2396 odium
1187 2369 1265 2403 quasi
1282 2375 1364 2396 canes
1389 2368 1497 2402 aliquos
1520 2369 1584 2396 ostii
1598 2374 1690 2396 custo-

899 2414 948 2441 des
966 2414 1000 2441 ad
1023 2414 1110 2442 solam
1132 2415 1238 2449 peccati
1256 2414 1466 2449 repugnantiam
1492 2415 1520 2441 in
1545 2415 1648 2450 vigilia,
1664 2419 1691 2443 et

901 2461 1023 2489 statione
1048 2468 1180 2493 manere,
1198 2461 1386 2496 adversusque
1413 2461 1502 2489 furem
1526 2467 1554 2489 et
1583 2462 1690 2489 hostem

900 2511 1001 2534 natura
1015 2514 1077 2534 eum
1093 2514 1173 2534 usum
1189 2514 1261 2538 esse,
1278 2507 1325 2542 qui
1349 2507 1376 2534 in
1391 2507 1476 2534 divini
1491 2507 1613 2535 thesauri
1630 2516 1691 2542 per-

900 2553 998 2580 niciem
1013 2553 1116 2580 aditum
1135 2552 1186 2579 sibi
1202 2552 1277 2585 facit,
1295 2557 1376 2589 atque
1390 2553 1425 2580 ob
1440 2561 1499 2580 eam
1514 2561 1624 2580 causam
1645 2561 1691 2579 vc-

906 2600 958 2630 nit.
976 2604 1006 2626 ut
1022 2599 1139 2629 furctur.
1157 2603 1184 2626 ct
1199 2603 1311 2629 mactet,
1329 2605 1357 2626 ct
1377 2600 1490 2634 perdat;
1508 2599 1624 2634 protelo
1637 2599 1690 2624 ali-

901 2652 957 2678 quo
968 2644 1124 2676 audaciam,
1140 2648 1167 2671 et
1188 2645 1377 2671 fortitudinem
1403 2645 1498 2671 allcrat
1522 2648 1642 2679 oportet,
1656 2652 1690 2672 ne

901 2690 955 2717 ulla
972 2690 1128 2722 formidine,
1145 2698 1206 2725 quae
1226 2690 1340 2722 incidat,
1362 2695 1409 2717 aut
1431 2691 1530 2718 subitis
1543 2691 1688 2725 impiorum

900 2736 1047 2765 affectibus
1063 2737 1173 2764 animus
1185 2741 1394 2772 consternelur;
1414 2745 1461 2772 spe
1475 2740 1566 2764 autem
1580 2741 1607 2764 et
1624 2737 1691 2775 tole-_

1102 2827 1125 2847 £5.
1452 2834 1457 2849 ι

1211 2849 1236 2886 π.
1346 2852 1351 2858 ,
1395 2850 1400 2855 .
1452 2846 1479 2883 1
