1912 3080
214 77 262 106 531

831 79 860 108 S.
881 80 1046 108 GllEGOﬂIl
1060 81 1208 110 NYSSENI

1794 89 1848 116 ’592

215 139 305 166 rantia
317 138 397 173 quasi
410 137 511 166 baculo
526 137 619 172 inniti,
633 139 656 166 sl
675 139 787 174 quando
800 140 863 175 quis
875 141 999 168 tentatio-

1055 142 1148 169 εἴποτε
1157 143 1214 173 τοῖς
1228 143 1391 178 πειρασμοῖς
1403 143 1496 178 κάμοι,
1512 144 1741 180 ύποστηρίζεσθαι
1753 153 1759 159 ·
1774 146 1806 172 τὸ
1820 147 1848 172 es

216 186 298 212 uibus
330 185 512 220 defatigatur;
545 184 573 212 in
605 185 728 220 peccatis
756 193 822 213 vero
836 187 1004 221 poenitentiae

215 237 338 267 tempore
355 232 378 259 si
397 240 448 259 usu
469 231 586 263 venerit,
601 231 708 260 doloris
726 231 879 259 remedium
895 239 1003 268 parare,

216 285 298 315 atque
312 280 455 311 adhibere,
468 280 547 314 quasi
563 287 652 315 neque
673 279 726 306 hoc
740 279 809 306 alias
828 279 895 306 tttile
910 280 957 311 sit,
972 287 1004 306 ac

215 326 343 356 salutare,
368 325 420 352 nisi
453 325 487 352 ad
519 325 608 353 solum
645 325 802 359 ltnjustnodi
838 326 1005 361 pernm-mite

215 381 307 399 usum.
323 371 392 399 Tum
409 379 474 399 vero
486 376 561 399 recta
583 372 681 399 borum
705 372 800 406 regula
812 371 920 407 justitia
938 372 1001 405 erit,

215 426 276 453 quae
289 419 380 452 docet,
397 418 462 453 quid
483 418 509 445 in
525 418 654 445 omnibus
675 423 703 445 et
715 418 798 445 dictis
823 423 851 445 et
868 418 949 446 factis
967 419 1003 446 sit

216 473 230 490 ιι
244 468 355 498 peccato
372 464 503 496 alienum,
525 471 615 498 qttove
642 464 723 490 modo
748 465 833 490 animi
851 468 943 499 partes
962 464 1003 491 in—

214 511 291 537 stitui
306 514 446 544 oporteat,
461 517 550 544 quave
570 510 687 540 ratione,
701 511 774 545 qttod
793 510 928 545 cujusque
941 518 1003 545 pro-

215 557 303 591 prium
316 556 361 588 sit,
381 563 431 591 pro
446 555 577 591 dignitate
591 557 738 583 tribuatur.
755 556 937 591 Cupiditatem
952 564 1003 583 au-

215 607 279 634 tetu,
297 609 357 636 qua:
373 602 399 628 itt
416 601 479 636 plus
492 601 620 628 habendo
631 601 720 636 posita
732 606 784 635 est,
799 602 914 629 multam
927 602 1002 629 illam

213 649 324 684 quidem
344 652 372 676 et
395 649 558 675 immensam
580 648 607 674 in
637 648 808 683 singulorum
838 648 950 680 animis,
978 648 1002 676 si

214 694 276 728 quis
301 693 333 721 ad
347 702 418 727 eam,
439 702 500 729 quae
516 701 531 721 a
548 694 603 721 Deo
619 699 672 725 est,
693 694 870 729 appetitionis
883 694 938 721 vim
953 694 1003 722 ad-

213 740 325 771 diderit,
347 740 371 766 is
385 740 412 766 in
429 740 480 766 hac
499 740 558 776 ipsa
573 740 635 774 plus
647 739 762 767 habendi
775 739 927 775 cupiditate
936 740 1003 768 bea-

213 787 339 813 tissimus
353 786 417 816 erit.
434 786 491 813 illic
518 786 572 813 vim
595 786 712 818 faciens,
735 785 781 812 ubi
806 785 943 814 laudabile
958 791 1002 815 cst

1054 189 1104 223 τῆς
1122 187 1211 224 λύπης
1235 188 1330 224 κτῆμα
1348 188 1437 224 καιρῷ
1457 189 1601 224 μετανοίας
1615 191 1662 216 ἐπὶ
1675 191 1847 226 ἁμαρτήμα-

1055 242 1107 267 σιν,
1124 235 1148 260 εί
1161 234 1249 269 τύχοι,
1263 234 1328 261 ποτὲ
1341 235 1459 270 συμϐὰν,
1475 235 1706 271 προχειρίζεσθαι,
1721 237 1760 268 ὡς
1771 237 1848 263 οὐδέ-

1053 287 1119 306 ποτε
1133 280 1267 315 χρήσιμον
1283 279 1339 315 ὃνῆ
1358 281 1427 316 πρὸς
1440 282 1490 317 τὴν
1504 282 1632 318 τοιαύτην
1649 283 1733 318 μόνην
1747 284 1848 319 ὺπηρε-
1861 281 1863 286 ’

1055 325 1126 352 σίαν.
1144 326 1175 352 'H
1189 325 1218 352 δὲ
1231 325 1387 361 δικαιοσύνη
1403 327 1479 362 αὐτῷ
1491 328 1581 355 κανὼν
1595 329 1743 365 εὐθύτητος
1757 330 1845 360 ἔσται,

1052 371 1084 398 τὸ
1094 372 1123 398 ἐν
1135 372 1216 397 παντὶ
1228 371 1375 399 ἄπταιστον
1387 372 1458 408 λόγῳ
1470 382 1500 400 τε
1513 375 1560 400 καὶ
1570 375 1642 410 ἔργῳ
1655 376 1845 412 ὑφηγουμένη,

1053 417 1128 448 ὅπως
1141 426 1171 444 τε
1184 417 1237 453 χρὴ
1258 418 1293 444 τὰ
1308 419 1336 444 ἐν
1351 420 1384 454 τῇ
1400 419 1471 455 ψυχῇ
1491 420 1652 452 διακεῖσθαι,
1667 422 1716 448 καὶ
1734 422 1793 453 πῶς
1813 423 1846 449 ἄν

1052 471 1094 493 τις
1107 462 1142 489 τὰ
1156 463 1216 489 κατ’
1229 462 1307 494 ἀξίαν
1323 464 1430 499 ἑκάστῳ
1442 465 1530 500 νέμοι.
1547 466 1601 501 Τὴν
1616 467 1643 493 δέ
1659 467 1706 493 τοῦ
1722 467 1845 499 πλείονος

1053 508 1155 543 ἔφεσιν,
1165 509 1180 535 ὂ
1193 508 1261 536 πολύ
1273 518 1304 536 τι
1320 510 1367 536 καὶ
1384 510 1537 546 ἀμέτρητον
1550 512 1670 546 ἔγκειται
1681 515 1714 548 τῇ
1727 514 1844 540 ἑκάστου

1052 554 1137 589 ψυχῇ,
1153 555 1187 590 τῇ
1215 554 1285 581 κατὰ
1302 555 1369 581 Θεὸν
1387 555 1521 591 ἐπιθυμίᾳ
1545 557 1682 592 προσθεὶς,
1708 558 1845 594 μακάρπ

1053 601 1130 628 ἐσται
1145 602 1194 635 τῆς
1209 601 1374 634 πλεονεξίας,
1389 603 1447 629 ἐκεῖ
1463 601 1633 638 βιαζόμενος,
1651 605 1717 630 ὅπου
1733 605 1845 631 ἐπαινε-

1052 648 1098 674 τὸν
1110 649 1142 674 τὸ
1153 647 1303 682 βιάζεσθαι.
1318 648 1418 684 Σὶκρίαν
1432 649 1460 676 δὲ
1474 650 1520 676 καὶ
1531 650 1661 685 φρόνησιν
1674 651 1844 686 συμϐούλους

1052 693 1107 726 ἕξει
1123 693 1177 720 τῶν
1194 693 1399 730 συμφερόντων,
1416 695 1463 722 καὶ
1481 696 1683 728 συνδιοικούσας
1702 696 1779 732 αὑτῷ
1795 697 1844 732 τὴν

1053 739 1136 773 ζωὴν,
1156 739 1194 770 ὡς
1218 738 1345 774 μηδαμοῦ
1362 739 1414 766 una
1429 739 1565 774 ἀμαθείας
1579 740 1596 775 ἣ
1613 740 1772 776 ἀφροσύνης
1793 750 1844 768 πα‹

1054 783 1230 820 ρασλαὸῆναι·
1246 785 1271 810 εί
1287 783 1316 810 δέ
1331 784 1369 820 μὴ
1383 784 1456 812 κατὰ
1470 785 1501 812 τὸ
1515 786 1613 813 οἰκεῖον
1627 786 1717 822 χρῷτο
1727 788 1790 818 ταῖς
1803 788 1844 813 εί-

214 831 267 858 vim
282 831 382 859 facere.
401 832 484 867 Atqui
508 831 682 866 sapientiam,
710 832 940 867 prudentiamque
956 841 999 861 re-

1055 828 1185 864 ρημέναις
1199 828 1356 864 δυνάμεσιν,
1372 829 1429 856 ἀλλ’
1451 830 1617 858 ὐπαλλάσσοι
1637 831 1714 866 παρὰ
1732 831 1763 858 τὺ
1775 831 1844 864 δέον,

213 885 273 904 rum
294 878 428 910 omnium,
449 885 510 913 quae
534 877 693 912 expediant,
718 878 904 906 consultrices
924 879 1001 907 vitae-

211 930 265 958 qtte
281 930 338 950 suae
352 923 566 951 contubernales
577 923 730 955 adhibebit,
746 929 776 951 ut
790 924 866 952 nullo
878 932 999 959 unquam

212 974 336 1004 tempore
349 973 396 997 aut
406 970 556 1004 imperitia,
573 973 621 997 aut
634 969 820 1005 imprudentia
837 971 864 997 in
878 978 1000 998 errorem

212 1014 381 1047 abducatur;
402 1015 445 1042 sin
459 1020 550 1041 autem
566 1014 611 1046 iis,
626 1022 697 1049 quas
710 1015 935 1046 commemoravi.
947 1015 1001 1042 vir-

212 1062 318 1089 tutibtts
334 1069 422 1097 neque
436 1065 466 1088 ut
484 1069 533 1096 par
551 1064 606 1093 est,
626 1068 716 1095 neque
740 1064 770 1088 ut
785 1067 882 1088 earum
900 1066 1000 1088 natura

213 1107 345 1142 postulat,
372 1107 436 1142 quis
455 1114 521 1134 usus
537 1110 592 1137 est,
617 1105 652 1133 ad
677 1105 772 1141 idque,
793 1106 867 1141 quod
887 1106 1001 1134 minime

211 1153 302 1184 det-et,
317 1159 412 1179 carum
427 1159 508 1179 usum
523 1151 673 1184 convertit,
690 1152 733 1179 vel
748 1151 813 1186 quia
828 1151 863 1179 ad
881 1159 926 1179 res
940 1155 1000 1179 tur-

213 1199 345 1233 pissimae
373 1198 554 1232 cupiditatem
572 1198 678 1232 adjicit,
702 1198 743 1225 vel
769 1198 833 1233 quia
852 1198 880 1225 in
896 1198 1001 1225 vicinos

212 1243 305 1270 odium
334 1243 466 1277 concipit.
491 1242 535 1270 vel
561 1242 625 1277 qttia
661 1243 834 1277 iniquitatem
859 1243 936 1274 colit,
958 1243 1000 1270 vel

211 1288 276 1322 quia
291 1295 321 1315 se
334 1292 432 1315 contra
448 1290 577 1322 pare'ntcs
594 1296 687 1316 acrem
704 1288 837 1320 Ostendit,
850 1294 933 1323 atque
949 1289 1000 1316 ab-

212 1334 296 1361 sttrda
318 1341 432 1368 queque
447 1334 542 1367 audet,
564 1334 712 1369 inaniaque
729 1338 838 1370 sperat;
858 1335 903 1362 hic
925 1340 1000 1363 certe

211 1387 274 1406 cum
293 1380 466 1414 prudentiam
485 1383 514 1406 et
536 1380 699 1414 sapientiam
718 1387 733 1406 a
751 1380 935 1408 contubernio
948 1388 1000 1408 suo

211 1427 335 1461 repellat,
351 1425 498 1461 ingluviem
520 1425 680 1460 quamdam,
703 1430 787 1460 atque
813 1425 1000 1461 intemperan-

209 1472 277 1499 tiatn
293 1472 345 1499 sibi
360 1472 450 1500 socias
465 1471 591 1506 adjungit
608 1481 614 1499 :
629 1471 679 1507 qui
695 1472 719 1499 si
735 1472 762 1499 itt
776 1471 890 1506 reliquis
902 1472 998 1499 eodem
1012 1495 1034 1507 η

211 1517 294 1544 modo
311 1517 388 1548 facit.
406 1517 528 1545 insulsus
547 1517 642 1552 utique
663 1521 716 1549 est,
739 1522 767 1544 et
791 1517 907 1544 tnonstri
924 1516 998 1543 simi-

211 1562 260 1595 lis,
276 1563 314 1590 ita
333 1567 362 1590 ut
374 1563 435 1597 ejus
453 1563 610 1590 absurditas
630 1563 766 1590 declarari
790 1570 839 1598 pro
863 1562 997 1597 dignitate

210 1615 265 1636 nou
279 1608 378 1644 possit.
397 1607 433 1635 Ut
456 1609 530 1636 enirn
549 1608 573 1636 si
598 1608 662 1643 quis
689 1609 850 1643 perturbate
874 1611 998 1635 armatus

209 1656 314 1690 galeam
330 1655 461 1688 invertat,
487 1659 515 1681 ut
537 1658 565 1681 et
583 1654 679 1682 faciem
696 1660 780 1689 tegat,
799 1659 826 1681 ct
849 1662 950 1681 conum
969 1655 998 1682 in

1051 875 1102 910 τὴν
1122 875 1171 910 μὲν
1187 874 1336 910 ἐπιθυμίαν
1351 876 1504 912 προστιθεὶς
1517 878 1573 909 τοῖς
1592 877 1759 912 αἰσχίστοις,
1777 877 1808 903 τὺ
1818 878 1845 904 δὲ

1053 922 1131 956 μίσος
1147 921 1194 947 ἐπὶ
1207 921 1270 954 τοὺς
1285 921 1438 957 ὁμοφύλους
1457 923 1712 958 προχειριζόμενος·
1729 923 1845 958 ἀγαπῶν

1051 966 1080 994 δέ
1094 967 1143 1002 τὴν
1162 966 1278 999 ἀδικίαν,
1295 967 1342 994 καὶ
1365 968 1412 994 ἐπὶ
1435 969 1499 1000 τοὺς
1519 968 1616 1003 γονέας
1640 968 1844 1005 ἀνδριζόμενος,

1052 1013 1098 1040 καὶ
1110 1013 1217 1049 θαρσῶν
1229 1014 1263 1040 τὰ
1276 1013 1375 1047 ἄτοπα,
1389 1015 1436 1041 καὶ
1447 1014 1564 1047 ἐλπίζων
1573 1014 1607 1041 τὰ
1619 1015 1732 1050 μάταια,
1743 1015 1847 1051 φρόνη-

1052 1069 1094 1087 σιν
1113 1060 1142 1088 δέ
1161 1062 1208 1087 καὶ
1224 1061 1321 1095 σοφίαν
1347 1060 1506 1087 ἀπελαύνων
1527 1060 1577 1095 τῆς
1597 1062 1655 1095 μετ’
1671 1061 1756 1088 αὐτοῦ
1783 1069 1845 1087 συν-

1051 1107 1201 1143 οικήσεως,
1223 1107 1390 1143 λαιμαργίαν
1412 1107 1458 1133 καὶ
1485 1106 1640 1142 ἀφροσύνην
1666 1107 1845 1142 προσεταιρί-

1051 1151 1124 1183 ζοιτο
1135 1159 1142 1166 ·
1158 1151 1206 1179 καὶ
1219 1152 1284 1188 περὶ
1297 1151 1352 1179 τῶν
1373 1151 1475 1178 λοιπῶν
1488 1150 1617 1184 ὡσαύτως
1635 1152 1731 1184 ποιῶν,
1745 1151 1846 1184 ἄτοπος

1050 1196 1084 1224 ἂν
1096 1197 1139 1231 εἴη
1148 1205 1190 1228 τις
1202 1197 1250 1223 καὶ
1261 1196 1414 1229 ἀλλόκοτος,
1425 1196 1463 1227 ὡς
1476 1195 1536 1232 μηδ’
1549 1195 1581 1223 ἂν
1589 1197 1676 1223 εἰπεῖν
1687 1196 1773 1229 ἀξίως
1784 1197 1846 1224 τινὰ

1050 1241 1197 1277 δυνηθῆναι
1213 1242 1260 1277 τὴν
1273 1242 1398 1269 ἀτοπίαν.
1412 1241 1546 1277 Καθάπερ
1558 1242 1612 1278 γὰρ
1626 1242 1660 1268 ἂν
1672 1243 1699 1269 εί
1713 1251 1756 1274 τις
1768 1241 1845 1268 ἐναλ-

1049 1287 1102 1320 λὰξ
1118 1287 1305 1323 ὁπλιζόμενος,
1332 1287 1496 1322 ἀναστρέφοι
1521 1288 1570 1323 μὲν
1586 1288 1617 1314 τὸ
1643 1287 1757 1324 κράνος.
1774 1288 1842 1315 ὥστε

1051 1333 1200 1360 καλύπτειν
1223 1333 1253 1360 τὺ
1272 1334 1427 1369 πρόσωπον,
1444 1334 1491 1360 καὶ
1506 1333 1595 1360 ὀπίσω
1615 1334 1773 1361 νενευκέναι
1798 1334 1843 1361 τὸν

1050 1379 1140 1413 λόφον.
1160 1379 1223 1411 τοὺς
1234 1379 1261 1406 δὲ
1274 1380 1357 1412 πόδας
1372 1380 1428 1415 ἔχοι
1446 1381 1476 1406 ἐν
1491 1379 1606 1415 Θώρακι,
1623 1380 1670 1407 καὶ
1682 1380 1733 1412 τὰς
1744 1381 1842 1415 κνημῖ-

1050 1426 1098 1458 δας
1114 1425 1263 1461 ἐφαρμόζοι
1278 1426 1317 1461 τῷ
1336 1426 1438 1462 στήθει.
1454 1427 1502 1453 καὶ
1515 1427 1564 1453 ὅσα
1580 1426 1615 1453 τὰ
1630 1426 1681 1461 τῆς
1696 1427 1843 1462 ἀριστερᾶς

1051 1472 1108 1497 ἐστι
1123 1472 1156 1506 τῇ
1170 1470 1245 1506 δεξιᾷ
1258 1471 1470 1506 μεταλαμὸἁνοι.
1483 1471 1532 1507 τὴν
1549 1472 1577 1499 δέ
1594 1471 1648 1498 τῶν
1661 1471 1756 1504 δεξιῶν
1767 1471 1844 1498 ὅπλι-

1052 1526 1093 1544 σιν
1110 1519 1143 1552 τῇ
1159 1518 1292 1553 εὐωνύμῳ
1307 1518 1480 1554 προσρίπτοι.
1497 1519 1585 1554 Ὅπερ
1598 1515 1645 1544 οὖν
1659 1518 1756 1544 παθεῖν
1771 1518 1844 1548 εἰκὸς

1050 1564 1079 1589 ἐν
1097 1563 1206 1599 πολέμῳ
1220 1563 1265 1590 τὸν
1279 1563 1398 1590 τοιοῦτον
1412 1564 1535 1600 ὁπλίτην,
1551 1564 1631 1591 τοῦτο
1646 1564 1693 1591 καὶ
1709 1565 1786 1599 παρὰ
1798 1563 1845 1590 τὺο

1051 1609 1108 1644 βίον
1127 1610 1241 1645 πάσχειν
1265 1610 1338 1641 είκὸς
1359 1609 1405 1636 τὸν
1428 1610 1631 1646 συγκεχυμένον
1648 1610 1697 1644 τὴν
1717 1608 1842 1644 γνώμην,

1051 1656 1098 1682 καὶ
1107 1655 1156 1691 τὴν
1168 1656 1264 1692 χρῆσιν
1271 1656 1326 1682 τῶν
1336 1656 1476 1692 δυνάμεων
1485 1656 1534 1691 τῆς
1541 1655 1630 1692 ψυχῆς
1641 1655 1842 1691 ὐπαμείϐοντα.

211 1701 388 1736 posteriorem
410 1704 516 1735 partem
533 1699 718 1730 inclinaverit.
734 1701 871 1734 pedesque
888 1700 915 1727 in
933 1699 1046 1727 thorace
1078 1700 1189 1732 habeat,
1210 1707 1308 1728 ocreas
1341 1701 1446 1736 pectori
1474 1702 1673 1732 accommodet,
1702 1707 1798 1735 quaeve
1825 1706 1842 1725 a

211 1750 277 1775 laeva
294 1747 327 1774 ad
349 1747 488 1774 dexteram
510 1749 673 1778 commutet,
695 1746 813 1772 dextera:
832 1753 896 1772 vero
912 1747 999 1781 partis
1016 1750 1186 1774 armaturam
1202 1747 1276 1774 Iterat
1307 1751 1428 1783 apponat
1446 1756 1451 1774 :
1485 1747 1558 1782 quod
1583 1747 1667 1782 igitur
1690 1746 1841 1773 verisimile

209 1795 246 1821 sit
263 1795 290 1821 in
305 1793 402 1820 militia
424 1796 454 1819 ut
470 1791 535 1819 huic
560 1791 679 1823 eveniat,
714 1791 763 1826 qui
804 1791 841 1818 ita
864 1796 1030 1826 prepostere
1051 1796 1094 1819 est
1109 1793 1195 1820 armis
1209 1793 1375 1825 instructus,
1391 1793 1443 1820 hoc
1458 1793 1548 1828 ipsum
1563 1796 1782 1820 consentaneum
1799 1796 1841 1819 est

211 1842 248 1868 illi
268 1841 295 1868 itt
312 1841 368 1872 vita
385 1839 521 1870 accidere,
537 1839 584 1873 qui
607 1843 698 1866 tuente
711 1838 749 1865 ita
768 1838 930 1873 perturbata
945 1843 999 1871 est,
1018 1844 1046 1867 ut
1060 1840 1144 1867 animi
1158 1841 1288 1868 virtutum
1307 1849 1385 1868 usum
1398 1844 1546 1876 pervertat.

245 1888 316 1921 Quin
332 1886 487 1914 adhibenda
502 1890 544 1913 est
561 1893 575 1912 a
592 1886 672 1912 nobis
694 1885 819 1920 quaedam
837 1885 955 1920 diligens
969 1885 999 1913 in‘

210 1936 253 1962 ltis
265 1933 467 1961 cotttenientia:
483 1933 633 1967 decorique
645 1931 726 1964 ratio,
743 1939 826 1966 quam
853 1931 879 1958 in
896 1932 997 1960 animis

212 1982 316 2009 nostris
330 1987 393 2007 vera
407 1978 588 2013 temperantia
603 1979 728 2005 inserere
746 1977 825 2005 solet.
839 1976 922 2013 Sique
935 1985 998 2012 per-

210 2028 280 2055 fecta
301 2026 484 2059 absolutaque
498 2024 581 2059 hujus
599 2023 710 2051 virtutis
725 2023 850 2050 deﬁnitio
864 2024 996 2052 conside—

210 2073 296 2101 randa
323 2076 378 2103 est,
409 2072 525 2098 lortasse
547 2070 659 2106 quidem
686 2070 799 2105 proprie
820 2070 924 2098 dicitur
938 2078 997 2097 ont-

210 2120 286 2146 ninnt
308 2117 391 2145 animi
415 2121 539 2144 motuum
563 2118 631 2144 bene
647 2117 798 2145 constituta
815 2116 953 2152 quedam,
968 2120 997 2145 et

1085 1887 1190 1915 Οὐκοῦν
1203 1888 1364 1924 προνοητέον
1381 1889 1446 1924 ἡμῖν
1470 1888 1520 1921 τῆς
1547 1888 1576 1913 ἐν
1598 1886 1703 1918 τούτοις
1720 1887 1840 1922 εὐαρμο-

1051 1934 1137 1965 στίας,
1147 1934 1181 1970 ἢν
1193 1935 1209 1969 ἡ
1224 1933 1328 1970 ἀληθὴς
1339 1933 1498 1970 σωφροσύνη
1511 1933 1631 1967 πέφυκεν
1644 1934 1770 1968 ἐμποιεῖν
1781 1935 1841 1964 ταῖς

1050 1979 1198 2015 ἡμετέραις
1218 1979 1325 2015 ψυχαῖς.
1344 1980 1398 2006 Καὶ
1415 1981 1439 2006 εὶ
1461 1979 1514 2015 χρὴ
1539 1980 1585 2006 τὸν
1601 1979 1770 2006 τελειότατον
1791 1979 1842 2014 τῆς

1050 2023 1228 2060 σωφροσύνης
1247 2025 1310 2060 ὅρον
1331 2024 1527 2059 ἐπισκοπῆσαι,
1546 2024 1616 2059 τάχα
1636 2023 1715 2050 τοῦτο
1732 2031 1842 2058 antepo-

1052 2069 1119 2103 σύνη
1143 2070 1244 2105 κυρίως
1263 2069 1296 2096 ἂν
1318 2068 1436 2103 λέγοιτο,
1462 2070 1479 2105 ἡ
1509 2070 1616 2096 πάντων
1639 2069 1695 2095 τῶν
1717 2068 1842 2104 ψυχικῶν

1052 2116 1208 2150 κινημάτων
1221 2115 1291 2150 μετὰ
1303 2115 1398 2149 σοφίας
1410 2115 1456 2142 καὶ
1465 2115 1619 2150 φρονήσεως
1630 2113 1761 2146 εὔτακτος
1771 2115 1842 2140 οἰκο-

208 2172 272 2192 cum
285 2163 431 2198 sapientia,
446 2162 648 2198 prudentiaque
661 2162 809 2197 conjuncta
833 2163 995 2190 moderatio.

1051 2162 1141 2197 νομια.
1160 2162 1214 2188 Καὶ
1235 2162 1252 2196 ὴ
1266 2162 1377 2196 τοιαύτη
1394 2161 1562 2192 κατάστασις
1577 2161 1626 2196 τῆς
1639 2160 1730 2195 ψυχῆς
1749 2161 1841 2186 οὐκέτι

208 2212 298 2245 Atque
312 2208 502 2243 hujuscemodi
518 2209 602 2235 animi
620 2208 784 2236 constitutio
797 2216 853 2236 non
869 2209 925 2236 ullo
939 2216 998 2236 am-

209 2258 282 2292 plius
312 2256 416 2286 labore.
444 2263 535 2290 neque
557 2255 649 2282 studio
672 2254 706 2281 ad
727 2262 822 2282 rerum
836 2254 996 2282 sublimium

210 2301 422 2336 cwtestiumque
437 2301 599 2328 societatem
614 2300 758 2335 indigebit,
775 2299 823 2328 sed
838 2299 914 2327 nullo
930 2306 997 2326 sane

211 2347 331 2384 negotio,
348 2348 430 2374 rebus
458 2346 605 2373 contrariis
635 2346 756 2380 rejectis,
778 2353 842 2373 cum
861 2345 899 2378 id,
922 2345 996 2380 quod

208 2394 354 2429 quaeritur,
382 2392 546 2419 naturaliter
584 2395 689 2423 teneat,
708 2390 830 2426 perﬁciet
858 2390 895 2422 id,
924 2390 996 2424 quod

210 2441 320 2474 assequi
337 2439 447 2466 dillicile
460 2437 567 2465 videtur
584 2447 591 2465 :
607 2439 654 2472 qtti
676 2437 748 2467 enim
769 2443 848 2464 extra
868 2436 996 2463 tenebras

211 2489 290 2521 longe
306 2486 412 2520 positus
427 2488 480 2518 est,
496 2491 557 2512 eum
578 2488 606 2510 et
622 2484 648 2510 in
671 2483 733 2510 luce
754 2482 867 2509 omnino
880 2482 995 2514 versari,

209 2538 235 2558 et
246 2533 292 2566 qui
309 2537 437 2559 mortuus
451 2538 510 2558 tuon
530 2533 583 2561 est.
607 2530 683 2556 illum
704 2529 797 2556 vivere
821 2536 931 2555 necessc
944 2532 995 2555 est.

210 2579 243 2606 Et
260 2579 392 2613 profecto.
408 2578 462 2604 nisi
483 2578 546 2611 quis
563 2576 682 2602 animam
698 2583 777 2602 sttatn
790 2574 817 2601 itt
833 2582 904 2602 vano
917 2582 997 2602 acce-

209 2625 290 2660 perit,
307 2625 334 2651 in
346 2624 470 2651 veritatis
486 2623 528 2648 via
547 2622 627 2656 plane
641 2621 694 2647 erit
708 2629 714 2647 :
729 2621 858 2655 quoniam
876 2620 995 2654 pruden-

211 2671 260 2701 tia,
276 2677 308 2697 ae
322 2669 450 2701 scientia,
467 2675 549 2702 quattt
561 2667 624 2701 quis
639 2666 760 2698 adhibet,
780 2675 813 2694 ne
826 2674 841 2693 a
857 2667 899 2693 via
913 2667 996 2695 decli-

209 2721 265 2748 net,
279 2717 333 2742 dux
351 2722 418 2743 sane
431 2713 531 2748 aliquis
545 2713 662 2747 diligens
678 2717 721 2741 est
744 2713 810 2740 recti
827 2713 944 2740 itineris.
960 2712 997 2740 Ut

209 2761 282 2788 enim
297 2760 381 2789 servi,
397 2759 452 2792 jatu
476 2757 601 2785 serviluti
625 2757 742 2789 liberali,
761 2765 822 2784 runt
838 2765 947 2791 operam
963 2757 996 2784 iis

212 2813 313 2833 navare
338 2804 480 2836 desierint,
512 2810 628 2840 quorum
657 2806 790 2838 potestate
822 2803 995 2837 tenebantur,

1048 2207 1129 2234 πόνου
1145 2208 1216 2239 τινὸς
1231 2207 1292 2234 οὐδὲ
1306 2207 1496 2243 πραγματείας
1516 2206 1584 2242 πρὸς
1598 2206 1647 2241 τὴν
1659 2206 1714 2232 τῶν
1729 2205 1838 2240 ὑψηλῶν

1047 2261 1076 2281 τε
1092 2253 1138 2280 καὶ
1156 2254 1289 2288 οὐρανίων
1310 2254 1454 2289 μετουσίαν
1469 2253 1609 2287 δεήσεται,
1627 2251 1684 2278 ἀλλ’
1700 2252 1730 2278 ἐν
1754 2251 1837 2285 πολλῇ

1048 2300 1175 2336 ῥᾳστώνῃ
1193 2300 1224 2327 τὺ
1239 2300 1306 2331 τέως
1322 2300 1482 2334 δυσέφικτον
1502 2297 1570 2325 εἶναι
1588 2297 1683 2325 δοκοῦν
1702 2297 1841 2333 κατορθιίμ

1047 2354 1088 2373 σει
1104 2346 1235 2380 φυσικῶς.
1250 2347 1283 2381 τῇ
1301 2345 1473 2381 ὑπεξαιρὲσει
1489 2344 1536 2370 τοῦ
1560 2343 1682 2371 ἐναντίου
1696 2344 1729 2369 τί)
1745 2343 1841 2377 ζητοῦ-

1048 2400 1128 2427 μενον
1142 2391 1242 2426 ἔχουσα
1253 2400 1259 2407 ·
1276 2391 1322 2417 τόν
1337 2399 1365 2417 τε
1384 2390 1437 2425 γὰρ
1457 2390 1509 2422 ἔξω
1527 2388 1574 2416 τοῦ
1597 2389 1710 2419 σκότους
1727 2388 1839 2422 γενόμε-

1048 2446 1102 2468 νον.
1112 2439 1141 2464 ἐν
1157 2437 1227 2471 φωτὶ
1242 2437 1349 2468 πάντως
1362 2434 1432 2463 εἶναι
1445 2435 1563 2471 ἀνάγκη·
1578 2434 1624 2461 καὶ
1637 2433 1683 2461 τὸν
1694 2432 1733 2469 μὴ
1746 2432 1841 2467 τεθνη-

1048 2484 1125 2515 κότα,
1143 2482 1203 2518 ζῇν.
1223 2483 1277 2510 Καὶ
1296 2482 1384 2508 τοίνυν
1403 2481 1428 2508 εἰ
1447 2490 1489 2512 τις
1508 2480 1545 2516 μὴ
1569 2480 1615 2506 ἐπὶ
1639 2478 1749 2514 ματαίῳ
1766 2478 1841 2504 ὶάὼι

1047 2528 1096 2563 τὴν
1111 2527 1208 2555 ἑαυτοῦ
1228 2528 1325 2562 ψυχὴν,
1346 2528 1375 2553 ἐν
1397 2528 1429 2562 τῇ
1445 2526 1497 2561 ὁδῷ
1514 2527 1562 2561 τῆς
1576 2525 1707 2560 ἀληθείας
1733 2524 1840 2553 πάντως

1047 2574 1122 2600 ἔσται
1133 2583 1139 2589 ·
1156 2575 1172 2609 ἡ
1187 2574 1241 2609 γὰρ
1255 2573 1301 2600 τοῦ
1327 2573 1365 2608 μὴ
1385 2572 1597 2609 παρατραπῆναι
1613 2570 1729 2605 πρόνοιά
1749 2578 1781 2596 τε
1796 2568 1840 2595 καὶ

1047 2621 1185 2655 ἐπιστήμη
1196 2640 1203 2651 ,
1221 2619 1317 2654 ὀδηγία
1330 2619 1371 2650 τίς
1385 2620 1458 2645 ἐστιν
1473 2617 1589 2653 ἀκριὸὴς
1603 2617 1652 2652 τῆς
1669 2616 1716 2642 ἐπὶ
1733 2615 1783 2650 τὴν
1799 2615 1840 2640 εύ-

1047 2666 1122 2692 θείαν
1137 2666 1248 2701 πορείας
1259 2675 1265 2680 ·
1284 2666 1330 2692 καὶ
1346 2665 1440 2700 ὥσπερ
1456 2665 1480 2690 oi
1494 2662 1722 2698 ἐλευθερωθέντες
1736 2661 1840 2687 οἰκέται

1048 2713 1217 2747 παυσάμενοι
1232 2711 1278 2737 τοῦ
1295 2713 1351 2743 τοῖς
1372 2710 1516 2746 κρατοῦσιν
1541 2709 1704 2744 ὑπηρετεῖν,
1730 2706 1838 2733 ἐπειδὰν

1048 2757 1151 2783 ἑαυτῶν
1166 2757 1296 2790 γένωνται
1311 2756 1411 2791 κύριοι,
1429 2755 1558 2790 τρέπουσι
1573 2753 1640 2789 πρὸς
1659 2753 1775 2783 ἑαυτοὺς
1791 2750 1837 2784 τὴν

1049 2803 1179 2838 σπουδήν·
1193 2803 1279 2835 οὕτως
1292 2800 1369 2837 οἶμαι
1388 2803 1435 2830 καὶ
1448 2802 1497 2835 τὴν
1509 2801 1598 2835 ψυχὴν
1610 2799 1701 2828 ἐλευθε
1707 2798 1836 2834 (σωθεῖσαν
