1912 3080
63 77 109 107 .537
722 73 765 101 DE
783 73 1016 105 VIRGINITATE.

1640 79 1692 108 393

68 131 172 162 Ἡσαΐας
189 129 285 166 φησὶν,
301 129 425 165 ἄχρηστα
441 129 550 161 πάντως
574 129 623 164 τῆς
643 129 743 164 σαρκὸς
766 130 845 167 θελή-

903 137 990 160 mrtus
1007 133 1189 169 virginitatem
1202 135 1346 168 dissolvit,
1364 143 1453 171 neque
1467 135 1613 171 virginitas
1627 136 1692 164 huic

66 187 138 214 ματα.
157 178 235 204 Ἐστι
245 176 274 203 δέ
287 185 329 208 τις
346 176 394 203 καὶ
406 175 483 212 παρὰ
497 175 536 211 τῷ
558 176 714 211 ’Λποστόλῳ
728 177 850 209 τοιοῦτος

65 225 143 260 λόγος,
155 223 193 256 ὡς
205 223 259 260 ἄρα
274 223 385 255 διπλοῦς
395 223 475 259 ἡμῶν
486 223 560 249 ἐστιν
574 223 589 248 ὁ
601 222 662 248 καθ’
675 222 790 248 ἕκαστον
802 221 849 248 ἆν-

66 271 162 307 ορωπος
172 278 179 284 ·
194 270 209 296 ὁ
224 269 273 305 μὲν
287 269 425 305 ὁρώμενος
437 268 547 302 ἔξωθεν,
564 264 586 302 ᾧ
599 268 628 294 τὺ
644 267 849 303 διαφθείρεσθαι

67 315 126 343 κατὰ
143 314 223 350 φύσιν
243 314 317 341 ἐστίν
330 321 338 328 ”
360 314 375 340 ὸ
398 313 427 340 δὲ
444 313 516 340 κατά
536 312 567 339 τὸ
593 313 780 348 κρυπτόμενον
800 313 849 348 τῆς

67 361 165 397 καρδίας
179 360 336 395 νοούμενος,
355 359 385 391 ὃς
399 358 552 394 ἐπιδέχεται
574 359 604 385 τὸ
622 358 846 386 ἀνακαινοῦσοαι.

67 408 92 434 Εἰ
108 404 150 433 οὖν
161 405 263 441 ἀληθὴς
276 407 290 432 ὁ
310 405 387 440 λόγος
403 404 532 440 (πάντως
558 404 587 431 δέ
601 405 675 430 ἐστιν
688 404 790 440 ἀληθὴς
803 405 847 432 διὰ

67 453 106 489 τὴν
121 454 147 479 ὲν
161 451 236 487 αὐτῷ
248 450 382 479 λαλοῦσαν
393 449 554 486 ἀλήθειαν),
568 450 645 476 οὐδὲν
659 450 785 482 ἀπεικὸς,
800 450 848 477 καί⁸

67 499 143 534 γάμον
156 497 267 524 διπλοῦν
279 497 391 529 ἐννοεῖν,
407 496 531 532 ἑκατέρῳ
545 495 599 523 τῶν
617 497 646 522 έν
660 497 726 531 ἡμῖν
741 495 847 531 ἀνθρὼ-

67 554 116 572 πων
129 544 282 580 πρόσφορον
293 552 322 571 τε
337 543 384 571 καὶ
399 543 576 578 κατάλληλον·
589 543 636 569 καὶ
645 543 714 578 τάχα
724 543 738 570 ὁ
749 543 849 579 τολμή-

68 600 110 623 σας
121 590 205 617 είπεῖν
219 590 270 626 τὴν
286 590 446 626 σωματικὴν
460 588 610 626 παρθενίαν
622 588 669 615 τοῦ
685 588 790 616 ἔνδοθεν
801 589 849 616 καὶ

68 636 238 672 πνευματικοῦ
254 635 344 671 γάμου
361 634 491 670 συνεργόν
505 643 535 660 τε
557 634 604 660 καὶ
624 634 753 670 πρόξενον
771 634 848 668 γενέ-

68 683 129 712 σθαι,
143 682 172 708 οὐ
187 682 284 717 πόρῥω
298 681 344 708 τοῦ
358 680 461 712 εἰκότος
475 679 670 715 ἀποτολμήσει.

901 180 990 214 partui
1015 180 1209 215 impedimento
1230 180 1292 208 fuit.
1308 180 1377 208 Cum
1397 182 1470 209 enim
1487 182 1601 217 spiritus
1617 183 1691 209 salu-

901 225 936 251 tis
969 225 1109 258 nascitur,
1139 229 1168 252 ut.
1193 226 1281 261 inquit
1306 226 1392 254 Isaias
1407 246 1415 258 .
1441 220 1553 256 inutiles
1578 228 1692 256 omnino

900 274 964 297 Sunt
991 270 1083 297 carnis
1121 270 1286 298 voluntates.
1315 271 1405 306 Atque
1423 272 1451 300 in
1480 273 1552 300 hanc
1580 278 1692 300 senten~

900 314 967 342 tiam
993 318 1035 342 est
1062 314 1160 349 aliquis
1196 315 1267 350 apud
1301 315 1462 351 Apostolum
1499 325 1600 345 sermo.
1633 318 1690 344 No-

901 367 987 389 strum
1005 362 1121 397 quisque.
1145 362 1245 397 duplex
1272 362 1353 390 homo
1377 363 1465 395 est”,
1484 372 1556 392 unus
1580 364 1689 400 quidem

902 405 948 440 qui
973 407 1146 434 extrinsecus
1168 407 1308 439 delinitur,
1324 408 1369 435 eui
1389 416 1403 435 a
1424 412 1522 436 natura
1538 414 1581 437 est.
1595 410 1688 437 datum

901 454 931 477 ut
964 456 1176 487 corrumpatur;
1194 452 1262 480 alter
1276 461 1341 480 vero
1354 453 1399 488 qui
1417 461 1451 481 ex
1477 455 1585 482 occulto
1598 456 1690 483 cordis

901 497 1084 533 intelligitur,
1112 499 1158 533 qui
1201 500 1404 527 renovationem
1436 500 1518 535 capit.
1544 500 1571 527 Si
1608 501 1690 536 igitur

900 551 980 582 verus
996 545 1145 579 sermo(is
1168 549 1258 572 autem
1287 553 1368 573 verus
1380 550 1427 574 est
1452 550 1563 582 propter
1588 547 1690 574 verita-

902 580 1030 621 tem'qua:
1055 587 1082 614 in
1111 596 1142 615 eo
1166 588 1307 625 loquitur),
1327 590 1438 618 minime
1452 580 1612 617 absurdum
1636 595 1688 622 est,

901 631 999 667 duplex
1028 632 1053 659 in
1070 638 1198 668 utroque,
1222 634 1269 668 qui
1298 635 1325 662 in
1344 635 1422 663 nobis
1438 640 1496 675 est_,
1511 636 1621 663 homine
1637 643 1687 671 pu-

900 683 958 706 tare
986 678 1192 705 matrimonium
1220 683 1342 706 rnutuum
1367 684 1393 707 et
1416 680 1581 707 conveniens
1604 688 1688 708 esse:

69 729 226 764 fortasseqne
247 728 294 763 qui
312 728 404 755 dicere
428 727 561 761 audebit,
599 727 724 762 corporis
751 726 934 760 virginitatem
969 725 1099 760 spiritalis
1137 731 1218 761 atque
1241 726 1379 754 interioris
1407 726 1572 754 matrimonii
1609 725 1689 761 adju-

68 776 148 803 tricem
164 780 246 811 atque
261 774 396 811 hospitem
414 782 491 806 esse,
515 775 539 802 is
555 782 569 802 a
586 780 659 801 recto
675 782 730 801 non
749 773 898 801 aberraliit.

356 834 482 862 ΚΕΦΑΛ.
501 835 544 862 Κ’.

68 893 121 921 ὐτι
138 893 289 920 ἀδύνατον
304 891 380 926 ὁμοῦ
402 891 467 923 ταῖς
486 889 668 924 σωματικαῖς
688 889 851 922 ὑπηρετεῖν

95 928 229 991 damage.
246 928 295 955 καί
315 927 372 954 σὺν
391 928 467 954 κατὰ
483 927 557 953 Θεὸν
571 926 767 960 εὐφροσύνην
780 933 850 958 καρ-

97 971 173 991 πουσ
191 972 222 990 αι

97 971 222 991 πουσυηι

101 1010 140 1041 Ὠς
161 1009 215 1045 γὰρ
240 1009 292 1036 οὐκ
312 1008 369 1035 ἐστι
393 1007 464 1035 κατὰ
483 1007 581 1034 ταύτὸν
599 1005 646 1033 δύο
668 1006 724 1032 τισὶ
744 1005 851 1041 τέχναις

68 1056 200 1091 ὑπηρετεῖν
213 1055 258 1081 διὰ
271 1054 320 1090 τῆς
337 1053 390 1081 τῶν
408 1052 508 1089 χειρῶν
521 1051 674 1088 ἐνεργείας·
691 1048 747 1077 οἷον
762 1059 851 1085 γεωρ-

68 1101 155 1136 γοῦντα
172 1100 220 1128 καὶ
239 1099 458 1135 ναυτιλλόμενον.
476 1099 493 1134 ἢ
508 1097 675 1134 χαλκεύοντά
695 1105 725 1123 τε
744 1096 791 1123 καὶ
807 1104 850 1121 τε-

68 1147 239 1175 κταινεύοντα·
258 1146 313 1173 ἀλλ’
329 1146 352 1172 εί
365 1145 456 1181 μέλλει
469 1145 533 1181 μιᾶς
543 1144 628 1179 ὑγιῶς
644 1141 848 1178 ἀντιλήψεσθαι,

68 1196 110 1230 τῆς
130 1194 223 1230 ἐτέρας
248 1193 381 1228 ἀφεκτέον
409 1191 616 1228 αὑτῷοῦτως
642 1191 707 1226 ἡμῖν
733 1189 780 1216 καὶ
805 1188 851 1215 δύο

69 1239 245 1276 προκειμένων
261 1239 373 1273 γάμων,
394 1237 441 1264 τοῦ
462 1237 512 1273 μὲν
529 1236 574 1263 διὰ
590 1235 692 1271 σαρκὸς
711 1234 851 1261 ἐπιτελου-

71 1286 149 1321 μένου.
164 1284 210 1312 τοῦ
227 1284 255 1312 δὲ
270 1284 316 1311 διὰ
331 1282 497 1319 πνεύματος,
512 1282 528 1318 ὴ
546 1281 610 1317 περὶ
624 1281 669 1308 τὸν
686 1280 734 1307 ἕνα
749 1279 850 1314 σπουδὴ

68 1330 106 1357 τὸν
116 1330 158 1357 τοῦ
171 1330 267 1366 ἑτέρου
285 1328 422 1365 χωρισμὸν
438 1328 587 1362 ἀναγκαῖον
607 1327 689 1354 ποιεῖ.
711 1325 781 1352 Οῦτε
796 1325 851 1360 γὰρ

68 1373 106 1400 δύο
121 1374 187 1401 κατά
201 1373 301 1401 ταύτὸν
320 1372 460 1408 οφθαλμὸς
482 1372 547 1399 ἰδεῖν
563 1371 656 1403 ἱκανός
671 1372 756 1402 ἐστιν,
771 1371 796 1397 εί
814 1370 850 1406 μὴ

69 1419 111 1446 ἀνὰ
130 1419 210 1455 μέρος
230 1419 280 1446 καὶ
304 1418 357 1454 ίδίᾳ
377 1417 500 1454 ἐκατέρῳ
517 1417 562 1444 τὸν
584 1417 723 1452 όφοαλμὺν
743 1416 852 1452 ἐπερεί-

70 1473 145 1491 σιιενο
166 1464 228 1491 οὒτε
243 1465 261 1500 ἡ
276 1463 388 1499 γλῶσσα
401 1464 539 1500 διαφόροις
555 1463 722 1499 ὑπηρετήσει
737 1463 850 1497 φωναῖς,

1200 830 1316 858 CAPUT
1344 831 1405 859 XX.

903 887 976 914 Fieri
1003 896 1054 914 non
1081 892 1182 922 potest,
1199 894 1228 915 ut
1256 891 1372 922 corporis
1403 889 1581 924 voluptatibus
1610 889 1691 917 simul

934 924 992 958 quia
1010 925 1117 955 serviat,
1137 929 1162 950 et
1183 926 1393 958 temperantiam,
1408 933 1466 960 qua:
1482 925 1535 952 Deo
1552 930 1628 960 gralu
1642 926 1689 957 sit.

936 964 1104 993 αδδειιιιαιιιγ.

935 1003 1170 1036 Quemadmodum
1185 1011 1238 1031 non
1256 1011 1403 1039 possumus
1420 1013 1550 1032 manuum
1577 1013 1690 1033 munere

901 1049 1062 1083 actioneque
1081 1049 1150 1076 duas
1179 1049 1261 1076 simul
1291 1053 1364 1077 artes
1380 1057 1510 1078 exercere
1527 1070 1534 1082 ,
1560 1051 1642 1078 veluti
1663 1055 1690 1078 et.

900 1095 1073 1130 agricultura:
1099 1099 1127 1122 et
1162 1095 1326 1130 navigationi
1356 1095 1437 1123 simul
1466 1104 1577 1131 operam
1611 1097 1688 1127 dare.

901 1139 1098 1176 ferrariamque
1135 1141 1217 1168 simul
1247 1146 1275 1168 et
1301 1141 1443 1176 liguariam
1464 1142 1573 1174 facere.
1601 1142 1647 1170 sed
1663 1143 1691 1170 si

900 1187 962 1221 quis
984 1187 1032 1214 uni
1056 1193 1129 1215 recte
1146 1195 1207 1216 sese
1231 1187 1346 1215 daturus
1374 1192 1426 1220 est,
1444 1188 1556 1216 alteram
1582 1188 1690 1217 deserat

900 1241 1013 1261 necesse
1036 1237 1101 1261 est:
1120 1234 1158 1260 ita
1184 1241 1246 1261 cum
1272 1234 1342 1261 bime
1368 1233 1446 1262 nobis
1474 1234 1620 1269 proposita:
1637 1236 1691 1262 sint

901 1281 1013 1315 nuptiae,
1040 1288 1157 1315 quarum
1186 1288 1246 1307 una:
1272 1280 1364 1307 carnis
1388 1287 1470 1315 opere
1495 1281 1689 1310 coniiciuntur,

901 1326 993 1354 altera:
1019 1334 1083 1354 vero
1109 1327 1135 1354 in
1151 1327 1249 1362 spiritu
1270 1328 1437 1354 consistunt.
1464 1327 1599 1359 studium,
1617 1328 1690 1362 quod

902 1372 928 1399 in
955 1372 1017 1400 unis
1036 1373 1156 1408 ponitur,
1174 1373 1208 1399 ab
1236 1372 1328 1400 alteris
1359 1380 1410 1400 nos
1435 1373 1594 1400 necessario
1612 1381 1691 1407 sepa—

901 1422 954 1445 rat.
981 1418 1075 1453 Noque
1090 1418 1169 1446 enim,
1187 1419 1284 1446 oculus
1305 1419 1372 1446 satis
1391 1422 1434 1446 est
1449 1439 1456 1450 .
1479 1419 1525 1453 qui
1553 1426 1598 1446 res
1623 1419 1691 1447 duas

902 1465 984 1493 simul
1009 1465 1107 1496 videat.
1124 1465 1176 1493 nisi
1201 1465 1348 1500 separatim
1366 1472 1398 1492 ac
1422 1472 1470 1499 per
1491 1472 1521 1492 se
1553 1465 1580 1492 in
1597 1473 1689 1494 earum

74 1511 193 1548 Ἐϐραίων
208 1519 237 1537 τε
250 1511 361 1547 ῥήματα
373 1510 421 1537 καὶ
443 1509 577 1545 Ἑλλήνων
588 1510 617 1536 ὲν
630 1508 668 1544 τῷ
682 1508 756 1543 αὐτῷ
768 1508 847 1542 φθεγ-

903 1517 993 1538 rerum
1020 1511 1143 1543 alteram,
1159 1519 1220 1545 quze
1244 1511 1318 1538 cerni
1348 1515 1482 1546 possunt,
1504 1519 1533 1539 se
1545 1511 1689 1546 conjiciat:

69 1555 175 1590 γομένηο
197 1555 260 1582 οὔτε
278 1556 295 1590 ὴ
317 1555 385 1591 ἀκοὴ
396 1554 549 1590 διηγήσεώς
567 1563 597 1580 τε
615 1554 786 1590 πραγμάτων
804 1553 851 1580 καὶ

69 1600 215 1628 δῶακτικῶν
235 1601 323 1636 λόγων
345 1601 416 1628 κατὰ
432 1600 529 1627 ταύτὸν
543 1600 720 1636 ἀκροάσεται,
744 1600 776 1626 Ἠ
798 1599 852 1635 γὰρ

70 1645 172 1682 διαφορὰ
197 1646 247 1681 τῆς
269 1646 379 1682 φωνῆς,
405 1646 428 1672 εἰ
455 1646 505 1681 μὲν
530 1646 581 1672 ἀνὰ
606 1645 688 1681 μέρος
715 1644 851 1676 ἁκούοιτο,

71 1693 251 1728 ἐνσημαίνεται
277 1694 333 1724 τοῖς
354 1692 541 1728 ἀκροωμένοις
563 1692 613 1728 τὴν
637 1693 751 1719 ἔννοιαν·
777 1692 800 1718 εἰ
823 1691 852 1717 δὲ

71 1738 131 1765 κατὰ
150 1739 247 1766 ταύτὸν
273 1738 400 1774 μιχθεῖσα
419 1737 563 1773 περιηχοίη
585 1738 635 1773 τὴν
658 1736 760 1772 ἀκοὴν,
788 1736 853 1770 σύγ·

70 1783 137 1818 χυσίς
151 1792 191 1816 τις
211 1783 370 1819 ἀδιάκριτος
386 1783 436 1819 τὴν
457 1783 575 1809 διάνοιαν
595 1783 720 1818 λήψεται,
737 1781 792 1808 τῶν
808 1790 853 1817 ση-

72 1829 228 1865 μαινομένων
244 1830 273 1856 ἐν
287 1829 412 1865 ἀλλήλοις
427 1829 628 1864 συγχεομένων.
648 1828 728 1855 Κατὰ
741 1829 787 1855 τὸν
803 1828 852 1854 αὑ*

69 1874 109 1901 τδν
120 1875 195 1910 λόγον
209 1876 256 1903 καὶ
273 1875 303 1902 τὸ
318 1874 516 1910 ἐπιθυμητικὸν
537 1874 615 1910 ἡμῶν
631 1874 713 1909 φύσιν
727 1873 778 1900 οὐκ
795 1873 852 1908 ἔχει

70 1921 127 1955 ὁμοῦ
142 1922 198 1953 ταῖς
215 1922 386 1956 σωματικαῖς
402 1920 578 1955 ἐξυπηρετεῖν
598 1920 723 1955 ἡδοναῖς,
737 1919 785 1946 καὶ
805 1919 850 1945 τὸν

71 1968 242 2005 πνευματικὴν
275 1968 394 2002 μετιέναι
423 1966 521 2002 γάμον.
551 1966 617 1993 Οὐδὲ
646 1965 699 2001 γὰρ
726 1964 771 1992 διὰ
796 1963 850 1991 τῶν

70 2013 159 2048 ὁμοίων
179 2013 402 2048 ἐπιτηδευμάτων
424 2012 536 2039 δυνατόν
551 2012 624 2038 ἐστιν
646 2011 777 2047 ἑκατέρου
796 2010 850 2037 τῶν

71 2060 168 2087 σκοπῶν
189 2060 321 2087 λαϐέσθαι
332 2069 338 2075 ·
353 2059 401 2086 τοῦ
424 2059 472 2094 μὲν
491 2058 546 2094 γὰρ
561 2057 720 2094 ἐγκράτεια,
735 2058 782 2084 καὶ
799 2056 851 2084 σώ-

72 2114 146 2139 ματος
162 2106 307 2142 νέκρωσις,
328 2105 374 2132 καὶ
391 2105 445 2131 τῶν
458 2105 529 2132 κατά
544 2104 634 2138 σάρκα
648 2103 757 2130 πάντων
771 2104 851 2139 ὑπερ-

70 2150 125 2185 οψία
139 2152 261 2186 πρόξενοι
276 2151 406 2186 γίνονται·
423 2150 473 2185 τῆς
483 2149 511 2176 δὲ
528 2149 688 2184 σωματικῆς
703 2148 850 2183 συναφείας

70 2197 148 2224 πάντα
160 2197 194 2224 τὰ
206 2197 327 2224 ἐναντία.
343 2195 446 2224 Οὐκοῦν
462 2195 557 2231 ὥσπερ
567 2195 613 2221 δύο
625 2195 727 2230 κυρίων
739 2195 767 2221 ὲν
779 2194 851 2230 αἱρέ-
868 2192 888 2218 Ι)

71 2251 106 2269 σει
120 2243 317 2279 προκειμένων,
333 2242 427 2278 ἐπειδὴ
441 2241 513 2268 κατά
528 2240 625 2267 ταύτὸν
642 2240 692 2267 οὐκ
707 2240 780 2266 ἐστιν
797 2240 849 2275 ἀμ-

72 2288 180 2324 φοτέρων
193 2288 321 2323 γενέσθαι
339 2289 459 2324 ὑπήκοον
478 2287 585 2323 (οὐδεὶς
599 2286 653 2323 γὰρ
665 2286 776 2313 δύναται
790 2286 850 2312 δυτὶ

72 2334 165 2369 κυρίοις
189 2334 363 2368 δουλεύειν),
381 2334 426 2360 τὸν
440 2332 649 2368 ὠφελιμώτερον
669 2333 683 2359 ό
697 2330 726 2359 εὖ
745 2331 851 2368 φρονῶν

72 2379 221 2413 ὲπιλέξεται·
238 2380 324 2412 οὕτως
336 2380 403 2416 ἡμῖν
418 2379 466 2406 καὶ
479 2379 526 2406 δύο
542 2379 730 2415 προκειμένων
742 2378 850 2414 γάμων,

71 2425 152 2462 ἐπειδὴ
163 2427 213 2454 οὐκ
230 2427 304 2454 ἔστιν
319 2427 348 2453 ὲν
362 2426 527 2462 ἀμφοτέροις
541 2424 610 2452 εἶναι
627 2426 657 2460 (ὁ
671 2425 726 2461 γὰρ
745 2425 851 2460 ἄγαμος

73 2473 180 2508 μεριμνᾷ
198 2472 233 2499 τὰ
247 2472 294 2499 τοῦ
315 2472 432 2508 Κυρίου,
448 2472 462 2498 ό
484 2472 512 2498 δὲ
528 2472 655 2507 γαμήσας
677 2472 796 2506 μεριμνᾷ
817 2471 851 2497 τὰ

70 2517 110 2543 τοῦ
122 2517 240 2553 κόσμου)
251 2538 258 2550 ,
277 2517 487 2553 σωφρονούντων
502 2517 534 2544 ἂν
551 2526 621 2552 φημι
643 2516 679 2552 μὴ
694 2516 851 2552 διαμαρτεῖν

71 2562 114 2597 τῆς
126 2563 239 2599 ἐκλογῆς
253 2563 300 2590 τοῦ
326 2563 524 2599 συμφέροντος·
550 2562 619 2589 ἀλλὰ
646 2563 714 2598 μήτε
735 2562 784 2597 τὴν
805 2562 852 2588 ἐπὶ

71 2608 153 2635 τοῦτον
164 2610 284 2644 ἄγουσαν
298 2609 357 2636 ὁδὸν
371 2609 514 2644 ἀγνοῆσαι,
530 2609 562 2643 ἦν
579 2608 630 2635 οὐκ
644 2608 716 2635 ἔστιν
733 2608 820 2638 ἄλλως
833 2608 850 2643 ἢ

71 2652 109 2681 διά
119 2663 185 2687 τινος
198 2655 343 2690 ἀναλογίας
358 2655 462 2690 μαοεῖν.
484 2655 526 2685 Ὠς
538 2654 592 2690 γὰρ
608 2655 637 2680 ὲν
648 2654 687 2689 τῷ
704 2653 852 2688 σωματικῷ

71 2699 142 2735 γάμῳ
162 2701 176 2727 ὁ
197 2703 235 2737 μὴ
258 2700 425 2736 ἀποϐλητέος
450 2699 578 2734 γενέσθαι
610 2700 777 2734 σπουδάζων,
805 2699 851 2725 καὶ

103 2787 122 2802 ¹¹
140 2787 160 2815 ll
169 2788 230 2816 Cor.
249 2797 285 2823 tv,
300 2790 344 2817 16.

903 1565 991 1592 neque
1017 1557 1110 1593 lingua
1124 1557 1293 1585 diversarum
1313 1565 1408 1583 vocum
1436 1557 1511 1585 sonis
1528 1557 1610 1585 simul
1633 1565 1692 1586 ser—

903 1603 968 1634 viet,
994 1608 1024 1630 ιιι
1051 1603 1177 1631 Hebraeus
1201 1607 1228 1630 et
1254 1602 1363 1630 Gra‘cas
1391 1611 1471 1631 voces
1495 1603 1590 1630 eodem
1620 1607 1691 1630 tem-

903 1656 969 1684 pore
1001 1648 1083 1676 simul
1105 1649 1262 1684 exprimat:
1289 1657 1339 1676 nec
1367 1649 1474 1676 aurium
1499 1649 1564 1677 item
1591 1657 1690 1677 sensus

902 1699 930 1721 et
957 1702 1049 1721 rerum
1075 1695 1294 1730 explicationem,
1332 1701 1359 1722 et.
1385 1694 1549 1727 verborum,
1579 1703 1640 1730 qua!
1658 1695 1691 1722 ad

902 1739 1054 1767 docendum
1084 1740 1207 1775 apposita
1245 1741 1495 1774 sunt,orationem
1525 1747 1581 1767 una
1603 1741 1691 1775 perri-

903 1786 968 1821 piet.
996 1785 1144 1813 Dissimilis
1168 1786 1240 1813 enim
1261 1793 1351 1814 sermo
1378 1790 1430 1818 est,
1455 1786 1501 1821 qui
1530 1786 1553 1814 si
1579 1794 1691 1821 separa-

903 1831 951 1858 tim
980 1830 1091 1858 auditur
1107 1851 1114 1862 ,
1145 1831 1308 1858 sententiam
1331 1831 1454 1860 auditori
1487 1831 1642 1866 imprimit:
1668 1832 1692 1859 si

902 1884 968 1904 vero
997 1876 1110 1904 confuse
1135 1877 1320 1911 exprimitur,
1356 1877 1462 1904 aurium
1492 1885 1602 1904 sensuum
1632 1885 1692 1912 per-

903 1922 1004 1953 turbat,
1021 1927 1103 1957 atque
1121 1922 1165 1956 iis,
1190 1930 1251 1957 quae
1270 1922 1477 1958 signiﬁcantur,
1496 1922 1612 1951 confuse
1627 1931 1691 1958 pro-

903 1968 989 2000 latis,
1017 1969 1140 2003 quaedam
1173 1977 1228 1995 non
1256 1968 1386 1996 distincta
1416 1968 1544 1996 confusio
1574 1974 1690 1996 mentem

902 2014 1059 2050 occupabit.
1088 2013 1150 2041 Pari
1169 2014 1275 2042 ratione
1303 2014 1434 2049 appetitio
1451 2018 1545 2041 nostra
1563 2018 1691 2042 naturam

901 2067 956 2086 non
975 2059 1066 2091 habet,
1095 2063 1126 2085 ut
1145 2059 1285 2093 corporeis
1311 2059 1391 2086 simul
1416 2058 1602 2092 voluptatibus
1633 2066 1692 2086 ser-

901 2105 957 2132 viat
982 2108 1009 2132 et
1031 2104 1189 2139 spirituales
1214 2106 1323 2139 nuptias
1351 2103 1463 2131 ambiat.
1495 2103 1589 2138 Neque
1617 2103 1691 2139 enim

903 2151 1040 2178 similibus
1066 2149 1165 2178 studiis
1191 2150 1335 2185 utriusque
1358 2149 1397 2177 rei
1425 2150 1595 2185 propositum
1617 2157 1693 2177 asse-

903 2197 950 2232 qui
975 2197 1059 2224 licet:
1079 2195 1161 2223 unius
1185 2197 1258 2223 enim
1285 2195 1391 2222 ratione
1417 2198 1444 2223 et
1470 2195 1649 2228 continentia,
1664 2199 1692 2222 et

902 2242 1025 2276 corporis
1053 2241 1199 2269 aﬂectuum
1229 2241 1367 2272 interitus,
1395 2244 1422 2267 et
1442 2248 1536 2268 eorum
1556 2241 1690 2271 omnium,

903 2296 963 2323 quae
977 2296 992 2315 e
1007 2295 1092 2315 carne
1114 2288 1271 2318 exsistunt,
1290 2286 1470 2321 despicientia
1503 2287 1584 2314 nobis
1600 2288 1693 2314 conci-

902 2334 1057 2361 lianturze
1087 2341 1219 2368 corporea
1250 2337 1339 2359 autem
1365 2333 1485 2360 coitione
1522 2333 1614 2360 omnia
1650 2333 1693 2360 his

903 2379 1040 2406 contraria
1066 2383 1208 2414 apparent.
1237 2377 1326 2406 Veluti
1344 2379 1426 2414 igitur
1447 2386 1509 2405 cum
1528 2379 1561 2406 de
1586 2379 1693 2406 duobus

903 2425 1026 2453 dominis
1053 2425 1086 2452 ad
1113 2425 1319 2452 deliberandum
1347 2425 1517 2460 propositum
1551 2430 1604 2454 est.
1625 2432 1694 2459 quo-

903 2471 975 2497 niam
995 2470 1052 2497 l'ieri
1075 2478 1130 2496 nou
1160 2473 1260 2504 potest,
1286 2474 1315 2497 ut
1341 2470 1486 2505 utriusque
1504 2470 1618 2504 imperio
1631 2469 1693 2504 quis

904 2517 986 2543 simul
1014 2521 1107 2551 parcat
1121 2525 1128 2543 :
1144 2524 1225 2543 nemo
1238 2517 1311 2544 enim
1338 2521 1426 2551 potest
1442 2517 1549 2544 duobus
1574 2516 1693 2544 dominis

904 2563 1028 2590 servire:
1047 2563 1080 2593 is,
1105 2561 1150 2597 qui
1178 2567 1251 2589 recte
1267 2562 1349 2597 sapit,
1374 2563 1511 2590 utiliorem
1528 2570 1561 2589 ex
1583 2562 1625 2589 his
1645 2562 1693 2588 do-

904 2608 1006 2635 minum
1035 2608 1154 2643 deliget:
1182 2608 1218 2635 ita
1235 2609 1257 2635 si
1284 2608 1354 2635 bina:
1379 2608 1524 2643 proposita:
1548 2611 1612 2634 sunt
1637 2616 1689 2634 nu-

906 2653 977 2688 ptiae,
994 2654 1057 2688 quia
1077 2654 1103 2681 in
1119 2654 1244 2688 utrisque
1256 2661 1317 2681 esse
1331 2661 1385 2681 non
1402 2654 1482 2680 licet:
1497 2653 1594 2680 caelebs
1607 2653 1691 2682 enin»,

905 2707 965 2735 qua:
983 2699 1075 2727 divina
1101 2702 1174 2732 sunt,
1196 2702 1287 2732 curat,
1303 2699 1349 2733 qui
1368 2705 1433 2725 vero
1452 2698 1554 2733 nuptiis
1579 2697 1692 2732 junctus
