1912 3080
212 104 264 133 399

822 97 852 126 S.
874 94 1039 123 GliEGOiill
1058 93 1205 122 NYSSENI

1794 93 1847 122 4οθ

214 169 271 197 cst,
296 164 323 191 in
342 162 425 190 rebus
451 159 598 188 mundanis
630 157 750 186 studium
777 157 875 192 ponit:
903 159 1001 190 tempe-

1056 153 1106 189 τῆς
1118 153 1165 181 τοῦ
1184 152 1308 189 σώματος
1322 151 1438 184 εὐεξίας,
1452 152 1498 178 καὶ
1513 150 1561 178 τοῦ
1574 150 1725 187 πρέποντος
1739 151 1847 178 καλλω-

213 210 332 242 ῖαιιιῑυιιι
370 207 512 236 hominum
530 209 583 238 est,
600 212 654 232 non
675 204 804 230 aberrare
829 203 856 229 in
878 208 911 229 eo
937 200 1004 226 deli-

215 255 302 291 gendo
315 275 323 288 ,
343 254 414 289 quod
442 253 509 280 tttile
524 254 566 279 est
577 271 586 284 ,
604 257 693 285 neque
710 249 782 276 viam
798 249 926 284 ignorare
944 253 1004 282 quae

215 302 248 329 ad
272 301 372 329 bunum
393 298 471 327 ducit
486 307 493 326 :
509 305 590 333 quam
607 296 717 331 quidem
734 295 806 322 viam
816 301 899 322 nemo
913 293 1002 324 aliter,

215 348 268 375 nisi
291 347 384 382 aliquo
398 343 532 380 ejusmodi
555 341 682 377 exemplo
698 347 866 376 cognoscere
901 341 1002 375 potest.

214 393 251 420 Ut
273 393 344 420 enim
361 391 406 427 qui
425 391 452 418 in
479 388 618 425 corporeis
645 387 749 422 nuptiis
769 386 845 421 cupit
867 392 921 413 non
943 385 1004 411 vilis

214 443 241 465 et
259 439 383 473 abjcctus
409 444 489 467 esse,
517 442 581 462 cum
602 437 712 470 appetat
729 432 861 468 optimum
878 430 1003 465 corporis

215 485 349 516 habitum,
375 483 503 510 decorum
528 483 673 512 ornatum,
703 478 860 505 divitiarum
891 476 1001 511 copias,

213 535 240 558 et
270 537 378 557 onmem
405 532 452 555 aut
472 535 504 555 ex
527 526 603 558 vita,
626 529 673 552 aut
699 531 732 551 ex
760 529 859 559 genere
881 522 1003 557 turpitu-

213 577 304 603 dinem
319 574 402 605 vitet,
416 579 597 607 magnamque
612 571 639 598 in
655 569 708 597 ltoc
724 575 819 597 curam
836 572 918 603 ponat
931 576 937 594 :
949 566 1002 594 hoc

213 622 286 649 enim
312 623 392 655 pacto
415 618 441 646 id
461 617 626 652 assequitur,
644 615 716 652 quod
728 613 846 642 maxime
862 614 943 640 vult:
966 612 1002 638 ita

214 667 261 701 qui
283 664 424 700 spirituale
441 661 645 691 matrimOnium
664 659 827 688 contrahere
843 658 929 693 cupit,
945 657 1003 693 pri-

214 719 289 738 mutn
315 710 424 746 quidem
456 708 555 736 mentis
585 706 762 734 renovatione
777 705 906 740 juvenem
923 711 952 731 se
975 705 1003 730 et

215 758 249 783 ab
266 756 339 784 omni
356 760 497 783 senectute
514 758 660 785 remotum,
676 751 774 779 deinde
788 749 900 777 divitem
914 756 945 776 se
959 756 1004 777 os-

215 801 316 831 tendet.
340 804 367 827 ct
393 799 536 834 copiosum
563 804 658 825 earum
673 803 778 827 rerum,
793 793 894 829 quibus
913 793 1003 821 abun-

214 848 279 874 dare
299 845 416 872 maxime
439 845 547 872 beatum
563 846 615 874 est,
633 849 688 869 non
709 841 753 869 bis
767 839 887 868 terrenis
901 839 1001 875 opibus

213 891 317 923 extolli,
335 890 383 918 sed
413 888 572 916 cmlestibus
594 886 731 914 thesauris
757 885 863 913 ornari.
888 885 1002 914 Generis

213 944 279 965 vero
293 936 463 963 nobilitatcnt
479 941 534 961 non
545 941 577 960 ex
597 932 708 959 fortuna
731 931 862 967 quadam,
879 939 941 967 quae
952 938 1001 958 ca-

214 991 246 1010 su
265 982 389 1013 advenit,
405 980 493 1016 qualis
510 979 648 1014 plerisque
666 977 709 1006 vel
733 977 862 1013 pessimis
880 977 1001 1004 homini-

214 1029 266 1056 bus
288 1026 430 1062 contingit,
457 1025 502 1053 ille
516 1033 544 1053 se
559 1025 661 1053 habere
682 1024 839 1055 c0ntendct.
856 1023 905 1052 sed
927 1031 1000 1055 eam,

214 1080 275 1108 qua:
296 1076 323 1100 et
339 1071 432 1099 labore
448 1075 475 1098 ct
493 1071 584 1099 studio
599 1078 632 1098 ex
655 1070 713 1098 suis
739 1074 813 1098 recte
831 1070 910 1098 tactis
927 1077 1002 1097 com-

214 1122 336 1154 parntur,
365 1125 446 1153 quant
472 1117 489 1143 ii
518 1117 569 1144 soli
592 1120 750 1148 ostentant,
770 1116 816 1151 qui
843 1120 908 1143 sunt
933 1115 1002 1142 lucis

215 1169 243 1191 ct
265 1163 310 1191 Dei
327 1163 394 1194 lilii,
416 1167 443 1190 ct
460 1171 475 1190 a
493 1163 560 1190 solis
579 1167 640 1189 ortu
667 1162 773 1189 nobiles
788 1161 823 1188 ob
845 1161 1001 1196 splendidas

214 1218 280 1237 suas
310 1217 354 1236 res
382 1214 473 1244 gestas
508 1212 653 1235 vocantur.
684 1206 881 1234 Fortitudinem
911 1211 1000 1234 autem

214 1260 295 1289 atque
314 1253 446 1288 optimum
469 1252 593 1288 corporis
624 1251 746 1278 habitum
760 1271 768 1283 ,
786 1259 876 1286 neque
901 1258 1001 1286 corpus

213 1299 377 1331 exercendo,
400 1306 487 1334 neque
512 1305 622 1324 carnem
642 1296 794 1332 saginando
815 1295 932 1324 elliciet:
953 1296 1000 1323 sed

214 1350 309 1373 contra
328 1345 418 1380 potius
438 1346 493 1371 vim
518 1344 634 1379 spiritus
665 1341 853 1369 imbecillitate
878 1341 1002 1377 corporis

213 1392 346 1427 perﬁciet.
375 1391 441 1424 Qua:
467 1398 532 1417 vero
556 1390 652 1416 barum
679 1388 836 1423 nuptiarum
862 1387 1001 1423 sponsalia

213 1445 328 1474 munera
356 1437 532 1466 adhibentur,
553 1443 607 1462 non
627 1442 659 1462 ea
680 1438 743 1462 sunt
769 1441 830 1468 qua:
854 1433 897 1460 bis
922 1432 1001 1460 falla-

213 1485 293 1512 cibus
316 1483 455 1510 hominum
481 1485 546 1508 sunt
568 1480 693 1516 pecuniis
710 1479 859 1510 elaborata,
872 1477 919 1506 sed
939 1485 1001 1513 qua:

212 1539 247 1558 ex
276 1529 359 1556 animi
389 1527 490 1555 divitiis
504 1527 576 1553 dono
599 1526 662 1553 data
685 1528 759 1553 sttnt.
793 1524 821 1551 Si
855 1531 999 1552 munerum

212 1576 311 1603 horntn
332 1574 441 1602 nomina
471 1572 565 1600 audire
586 1571 681 1606 cupis,
708 1570 770 1598 audi
787 1569 902 1597 Paulum
929 1569 1001 1605 opti—

213 1629 289 1648 mutn
315 1620 471 1654 nuptiarum
490 1618 683 1646 instructorezn
705 1617 740 1644 de
761 1616 938 1652 quibusdam,
953 1615 1000 1650 qui

215 1667 315 1695 divites
331 1667 359 1693 in
375 1665 503 1693 omnbus
528 1663 592 1691 facti
611 1666 685 1695 sunt,
702 1664 728 1690 in
745 1663 846 1698 quibus
871 1669 933 1689 cum
947 1662 1001 1688 alia

211 1713 297 1740 multa
313 1716 340 1739 et
355 1718 451 1746 magna
467 1710 550 1742 dicat,
566 1709 632 1737 illud
651 1710 745 1741 etiam,
765 1718 774 1735 ι
791 1709 820 1736 In
838 1710 998 1739 castitate.»

213 1757 298 1785 addit.
313 1756 476 1791 Rursusque
490 1762 660 1791 quaecunque
676 1754 739 1782 alibi
764 1754 791 1781 in
812 1754 1001 1789 spiritualibns

212 1803 346 1832 fructibus
366 1807 568 1834 numerantur,
594 1800 687 1828 omnia
720 1801 817 1827 barum
843 1800 1000 1834 nuptiarutn

212 1851 283 1878 dona
311 1853 386 1876 sunt.
413 1849 451 1875 Ac
477 1847 499 1875 si
516 1847 577 1881 quis
595 1845 734 1873 Salomoni
761 1845 840 1872 [idem
864 1845 1002 1871 adhibitu-

213 1904 261 1924 rus
277 1899 330 1927 est,
348 1898 377 1922 ttt
399 1899 425 1921 et
447 1891 669 1920 contubernalem
690 1891 742 1918 sibi
761 1894 789 1917 et
814 1891 876 1917 vitae
898 1890 1000 1918 sociant

211 1949 303 1969 vcram
318 1940 480 1975 sapientiam
499 1937 640 1972 adiungat,
656 1936 690 1964 de
705 1943 759 1971 qua
777 1935 800 1963 is
815 1936 851 1962 ait
865 1944 871 1962 :
892 1945 901 1961 ι
918 1935 1002 1970 Dilige

212 1995 282 2017 eam,
299 1991 325 2014 ct
339 1986 472 2014 custodiet
487 1988 523 2017 te,
541 1984 645 2010 honora
658 1989 718 2009 eam
735 1982 794 2008 ut"
807 1982 1002 2017 complectatur

213 2039 247 2062 te.
260 2041 270 2059 ι
283 2033 331 2059 hic
339 2039 390 2067 pro
403 2030 485 2065 hujus
496 2029 653 2064 cupiditatis
661 2028 794 2063 dignitate
803 2028 871 2054 stola
883 2035 949 2062 pura
961 2036 1003 2055 on-

213 2083 304 2110 natur,
316 2085 378 2105 cum
395 2077 438 2109 iis.
454 2076 499 2110 qui
515 2075 616 2110 nuptiis
632 2075 675 2102 bis
689 2074 808 2109 gaudent
820 2074 891 2102 diem
904 2074 1001 2102 festum

213 2123 334 2159 agendo,
353 2127 382 2149 ut
398 2130 432 2148 ne
458 2121 530 2148 foras
543 2120 690 2156 ejiciatur:
712 2118 759 2155 qui
779 2119 851 2147 enim
874 2119 934 2148 festi
948 2120 1001 2148 diei

1053 198 1168 234 πισμοῦ,
1180 198 1228 225 καὶ
1241 197 1355 224 πλούτου
1369 197 1537 234 περιουσίας,
1550 197 1599 224 καὶ
1609 196 1656 224 τοῦ
1670 197 1764 232 μηδὲν,
1777 198 1845 233 μήτε

1054 245 1086 272 ὲκ
1096 245 1143 272 τοῦ
1154 244 1223 280 βίου,
1237 244 1306 280 μήτε
1316 244 1348 271 ὲκ
1358 244 1406 271 τοῦ
1417 244 1512 278 γένους
1527 243 1678 278 ἐπάγεσθαι
1693 252 1720 271 τι
1733 243 1845 276 ὄνειδος,

1053 290 1155 327 πολλὴν
1162 291 1302 326 ποιήσεται
1314 290 1444 327 πρόνοιαν
1457 289 1538 325 (οὕτω
1545 290 1600 326 γὰρ
1609 290 1642 317 ἂν
1648 289 1718 326 τύχῃ
1727 290 1846 326 μάλιστα

1053 337 1108 364 τῶν
1118 337 1188 364 κατὰ
1197 335 1331 372 τνὼμην)·
1339 336 1384 363 τὸν
1393 335 1475 363 αὐτὸν
1482 335 1582 372 τρόπον
1589 336 1636 364 καὶ
1648 337 1663 364 ό
1672 337 1718 363 τὸν
1727 345 1846 372 πνευμα-

1053 383 1130 411 τικὸν
1139 383 1228 418 γάμον
1238 382 1327 418 ἑαυτῷ
1333 382 1443 418 μετιὼν,
1451 382 1559 417 πρῶτον
1569 382 1618 418 μὲν
1628 383 1688 410 νέον
1694 382 1792 410 ἑαυτὸν
1798 383 1846 410 καὶ

1053 429 1145 464 πάσης
1158 429 1339 464 παλαιότητος
1351 428 1554 465 κεχωρισμένον
1566 430 1600 465 τῇ
1614 429 1785 457 ἁνακαινίσει
1796 429 1844 456 τοῦ

1053 476 1112 508 νοὸς
1134 475 1262 508 ἐπιδείξει
1272 484 1279 492 ·
1293 473 1354 502 εἶτα
1375 475 1501 502 πλούσιον
1514 475 1593 510 γένος
1603 495 1611 508 ,
1624 471 1647 510 ᾧ
1670 475 1701 502 τὺ
1717 475 1846 501 πλουτεῖν

1053 521 1111 549 ἐστι
1128 521 1358 557 περισπούδαστον
1367 529 1375 537 ο
1391 521 1423 548 οὐ
1435 521 1491 553 τοῖς
1511 520 1565 548 ἀπὺ
1578 521 1631 556 γῆς
1645 520 1846 557 σεμνυνόμενον

1053 568 1200 603 χρήμασιν,
1218 567 1287 594 ἀλλὰ
1307 567 1364 599 τοῖς
1377 566 1514 602 οὐρανίοις
1537 566 1683 602 θησαυροῖς
1704 566 1845 602 κομῶντα,

1054 613 1152 645 Γένους
1165 614 1192 641 δὲ
1209 614 1372 648 σεμνότητα,
1384 613 1414 640 οὔ
1432 613 1502 640 κατὰ
1516 613 1565 649 τὴν
1579 613 1731 649 αὐτόματον
1748 621 1846 639 συντυ-

1052 659 1124 694 χίαν,
1142 659 1248 691 πολλοῖς
1265 659 1312 687 καὶ
1329 659 1384 686 τῶν
1398 659 1506 693 φαύλων
1526 658 1690 694 προσοῦσαν,
1717 659 1846 690 κάκεῖνος

1053 704 1125 739 ἔχειν
1137 704 1355 740 φιλοτιμήσεται,
1376 704 1445 732 ἀλλὰ
1460 705 1510 740 τὴν
1529 704 1603 740 πόνῳ
1619 704 1666 730 καὶ
1686 704 1789 739 σπουδῇ
1811 703 1846 730 δι’

1052 750 1158 777 οἰκείων
1172 750 1392 786 κατορθωμάτων
1413 751 1639 787 προσγινομένην,
1656 751 1690 786 ἢν
1706 752 1782 786 μόνοι
1798 751 1846 777 αὖ·

1052 793 1146 829 χοῦσιν
1160 796 1184 822 oi.
1198 795 1245 822 τοῦ
1265 796 1354 831 φωτὺς
1369 796 1435 828 υἱοὶ,
1456 796 1504 823 καὶ
1520 796 1602 823 τέκνα
1621 796 1700 828 Θεοῦ,
1719 796 1767 823 καὶ
1790 795 1846 822 τῶν

1053 841 1106 876 ἀφ’
1115 841 1192 877 ἡλίου
1208 842 1346 870 ἀνατολῶν
1359 843 1480 877 εὐγενεῖς
1493 842 1538 870 διὰ
1547 842 1602 869 τῶν
1614 841 1703 877 ἔργων
1716 841 1771 868 τῶν
1786 850 1844 876 φω-

1051 887 1146 913 τεινῶν
1178 887 1410 922 χρηματίζοντες·
1440 887 1517 922 ἰσχὺν
1542 887 1572 914 δὲ
1599 886 1647 913 καὶ
1668 886 1792 919 εὐεξίαν.
1812 886 1845 913 οὐ

1052 932 1131 967 σῶμα
1158 932 1261 964 ἀσκῶν,
1279 933 1339 960 οὐδὲ
1364 932 1554 960 καταπιαίνων
1576 933 1625 968 τὴν
1646 933 1737 966 σάρκα
1762 941 1842 967 περι-

1051 978 1202 1014 ποιήσεται,
1218 978 1285 1005 ἀλλὰ
1300 980 1354 1005 πᾶν
1368 979 1535 1010 τούναντίον,
1555 979 1584 1006 ὲν
1597 980 1630 1014 τῇ
1649 978 1696 1005 τοῦ
1717 978 1846 1014 σώματος

1050 1024 1179 1060 ἀσθενείᾳ
1195 1024 1306 1051 τελειῶν
1323 1025 1373 1061 τὴν
1392 1025 1441 1052 τοῦ
1460 1025 1614 1061 πνεύματος
1629 1024 1755 1059 δύναμιν.
1778 1022 1845 1051 Οἶδα

1050 1070 1079 1098 δὲ
1095 1071 1142 1098 καὶ
1153 1071 1187 1098 τὶ
1202 1071 1265 1104 ἕδνα
1284 1071 1332 1098 τοῦ
1347 1072 1436 1107 γάμου
1460 1071 1554 1098 τούτου
1573 1072 1623 1098 οὐκ
1645 1071 1699 1097 ἀπὸ
1715 1070 1847 1107 φθαρτῶν

1051 1117 1201 1152 χρημάτων
1213 1118 1395 1152 πεποιημένα,
1408 1117 1466 1144 ἀλλ’
1481 1118 1512 1144 ἐκ
1524 1117 1571 1143 τοῦ
1585 1117 1649 1143 ἰδίου
1663 1115 1780 1143 πλούτου
1795 1116 1845 1151 τῆς

1050 1163 1139 1198 ψυχῆς
1152 1163 1389 1200 δωροφορούμενα.
1411 1163 1503 1190 Βούλει
1520 1162 1616 1198 μαθεῖν
1630 1162 1664 1191 τὰ
1679 1163 1734 1189 τῶν
1748 1161 1846 1197 δώρων

1051 1208 1180 1244 ὀνόματας
1192 1209 1307 1236 ἄκουσον
1324 1209 1429 1236 Παύλου
1440 1209 1488 1236 τοῦ
1505 1208 1588 1236 καλοῦ
1604 1208 1803 1243 νυμφοστόλου,
1815 1209 1844 1234 έν

1050 1255 1105 1282 τίσι
1120 1255 1281 1282 πλουτοῦσιν
1296 1256 1320 1282 οἱ
1336 1255 1365 1281 ἐν
1380 1255 1462 1282 παντὶ
1480 1254 1659 1286 συνιστῶντες
1672 1253 1798 1286 ἑαυτούς·
1814 1254 1846 1280 έν

1050 1298 1090 1332 οἷς
1102 1301 1168 1328 ἄλλα
1181 1310 1210 1328 τε
1226 1301 1311 1328 πολλὰ
1328 1301 1375 1328 καὶ
1390 1301 1494 1336 μεγάλα
1509 1300 1604 1333 εἰπὼν,
1620 1310 1630 1326 ι
1648 1300 1702 1327 Καὶ
1719 1300 1749 1326 ἐν
1765 1300 1846 1334 άγνό·

1049 1355 1112 1381 τητι
1129 1356 1139 1372 ι
1158 1347 1250 1382 φησίν.
1268 1348 1322 1374 Καὶ
1338 1347 1419 1374 πάλιν
1438 1347 1488 1374 ὅσα
1510 1347 1645 1384 ἑτέρωθεν
1669 1347 1698 1374 ὲν
1722 1348 1782 1378 τοῖς
1797 1346 1845 1374 τοῦ

1051 1392 1205 1428 πνεύματος
1224 1393 1340 1428 καρποῖς
1357 1393 1564 1428 άπαριθμεῖται,
1581 1393 1670 1420 πάντα
1686 1392 1734 1419 τοῦ
1752 1393 1844 1428 γάμου

1050 1438 1146 1465 τούτου
1157 1438 1232 1474 δῶρά
1246 1438 1314 1464 ἐστι’
1330 1439 1377 1465 καὶ
1388 1439 1414 1465 εῑ
1425 1447 1466 1470 τις
1480 1439 1571 1474 μέλλει
1586 1438 1728 1466 πείθεσθαι
1741 1439 1783 1474 τῷ
1795 1439 1844 1465 Σο-

1028 1496 1036 1520 ;
1051 1484 1167 1520 λομῶντι
1178 1505 1186 1516 ,
1201 1484 1248 1510 καὶ
1269 1484 1318 1520 τὴν
1335 1484 1464 1520 ἀληθινὴν
1484 1485 1579 1519 σοφίαν
1603 1484 1728 1511 σύνοικὸν
1743 1493 1775 1512 τε
1796 1484 1844 1511 καὶ

1052 1531 1110 1566 βίου
1125 1531 1252 1557 κοινωνὸν
1272 1529 1361 1566 ἑαυτῷ
1375 1529 1525 1565 λαμϐάνειν
1540 1530 1625 1565 (περὶ
1638 1528 1672 1566 ἧς
1691 1538 1786 1565 φησιν,
1802 1530 1817 1556 ὅ
1835 1539 1843 1556 ι

1054 1586 1063 1603 ι
1084 1576 1228 1612 Ἐράσθητι
1244 1576 1340 1611 αὐτῆς,
1357 1576 1404 1602 καὶ
1421 1576 1534 1611 τηρήσει
1550 1583 1597 1602 σε’
1610 1575 1726 1611 τίμησον
1746 1575 1842 1611 αὐτὴν.

1051 1623 1096 1650 ἵνα
1113 1631 1142 1648 σε
1159 1621 1294 1658 περιλάϐῃ
1307 1621 1349 1656 ι)·
1367 1621 1485 1653 ἐπαξίως
1505 1622 1554 1656 τῆς
1575 1620 1723 1656 ἐπιθυμίας
1741 1620 1843 1655 ταύτης

1051 1669 1290 1703 παρασκευάσεται
1302 1669 1331 1695 ὲν
1342 1667 1451 1704 καθαρᾷ
1462 1669 1496 1704 τῇ
1511 1668 1592 1704 στολῇ
1603 1669 1659 1700 τοῖς
1670 1668 1699 1694 ὲν
1709 1667 1750 1703 τῷ
1762 1667 1843 1704 γάμῳ

1052 1712 1324 1749 συνευφραινομένοις
1346 1713 1550 1748 συνεορτάζειν·
1570 1713 1614 1739 ῖνα
1633 1712 1670 1748 μὴ
1689 1712 1843 1748 ἀπόϐλητος

1051 1760 1173 1794 γένηται.
1188 1759 1238 1793 τῆς
1259 1759 1308 1794 μὲν
1324 1758 1420 1794 ἑορτῆς
1436 1759 1636 1794 συμμετασχεῖν
1655 1757 1751 1791 ἀξιῶν,
1767 1758 1797 1785 τὸ
1815 1758 1842 1786 δὲ

1051 1804 1153 1839 ἔνδυμα
1176 1805 1223 1831 τοῦ
1245 1804 1335 1839 γάμου
1361 1805 1398 1840 μὴ
1422 1805 1623 1840 περικείμενος.
1649 1803 1735 1839 Δῆλον
1750 1803 1780 1830 δὲ
1802 1803 1842 1832 ὅτι

1052 1851 1140 1883 κοινὸς
1154 1852 1168 1878 ὁ
1186 1851 1264 1886 λόγος
1287 1851 1372 1882 ἐστὶν,
1390 1851 1436 1877 ἐπί
1457 1859 1487 1877 τε
1507 1850 1612 1886 ἀνδρῶν
1633 1850 1680 1877 καὶ
1704 1849 1844 1885 γυναικῶν

1051 1896 1162 1932 ὁμοίως.
1177 1897 1217 1928 είς
1233 1896 1283 1932 τὴν
1303 1896 1367 1932 περὶ
1380 1896 1434 1923 τῶν
1451 1896 1579 1922 τοιούτων
1590 1895 1686 1930 γάμων
1703 1895 1823 1930 σπουδήν
1833 1904 1841 1910 ·

1025 1975 1027 1977 ι
1052 1942 1144 1979 ἐπειδὴ
1162 1942 1226 1978 γὰρ,
1250 1942 1340 1974 καθώς
1360 1951 1440 1977 φησιν
1459 1942 1474 1968 ὁ
1499 1941 1677 1972 "Mt/151010;,
1699 1950 1709 1966 ε
1726 1941 1783 1967 Οὔκ
1803 1941 1846 1967 ενι

1052 1987 1135 2022 ἄρσεν
1149 1987 1197 2014 καὶ
1219 1987 1305 2021 θῆλυ·
1325 1987 1412 2014 πάντα
1433 1987 1460 2013 δὲ
1477 1987 1523 2012 καὶ
1546 1987 1575 2012 ἐν
1595 1987 1662 2013 πᾶσι
1679 1986 1809 2020 Χριστός·
1831 1996 1839 2012 ι

1053 2033 1163 2064 είκότως
1179 2033 1193 2059 ὀ
1214 2032 1264 2068 τῆς
1280 2033 1375 2067 σοφίας
1398 2032 1515 2068 ἐραστὴς
1537 2032 1582 2059 τὸν
1606 2032 1698 2059 ἔνθεον
1720 2032 1777 2067 ἔχει
1794 2032 1844 2068 τῆς

1053 2077 1199 2113 ἐπιθυμίας
1221 2078 1332 2109 σκοπὸν,
1347 2078 1376 2110 ὅς
1400 2079 1475 2105 ἐστιν
1494 2079 1511 2113 ἡ
1535 2077 1639 2112 ἀληθὴς
1655 2078 1748 2112 σοφίαο
1764 2078 1811 2104 καὶ
1825 2079 1841 2112 ἡ

1053 2123 1091 2160 τῷ
1105 2124 1235 2160 ἀφθάρτῳ
1250 2125 1359 2160 νυμξίῳ
1375 2123 1608 2160 προσκολληθεὴα
1620 2124 1703 2160 ψυχὴ,
1717 2125 1768 2160 τῆς
1781 2125 1844 2159 611;-

213 2169 379 2196 cclebritatis
413 2167 573 2203 participem
602 2174 632 2194 se
654 2174 716 2193 esse
749 2165 861 2201 dignum
900 2169 1000 2201 putat,

1054 2170 1128 2206 θινῆς
1142 2170 1236 2206 σοφίας
1245 2170 1301 2206 ἔχει
1312 2171 1358 2197 τὸν
1369 2170 1469 2206 ἔρωτα,
1486 2171 1547 2206 ητις
1555 2170 1629 2197 ἐστὶν
1642 2171 1656 2197 ό
1665 2170 1744 2202 Θεός.
1763 2170 1844 2197 Ἀλλὰ

214 2214 362 2250 nuptialem
390 2218 492 2240 vestem
523 2221 577 2240 non
602 2212 700 2239 induit.
727 2211 903 2246 Perspicuum
936 2219 1000 2239 vero

213 2264 264 2291 est,
278 2264 304 2287 et
321 2261 348 2286 in
366 2260 430 2286 viris
444 2263 470 2286 et
485 2259 512 2285 in
528 2258 636 2286 feminis
654 2264 828 2283 communem
851 2257 885 2284 ad
905 2257 1002 2292 hujus-

215 2306 286 2333 modi
315 2305 473 2340 nuptiarum
490 2304 610 2332 studium
626 2310 687 2330 esse
708 2302 840 2329 rationem
854 2311 861 2329 :
878 2303 942 2337 quia
971 2307 1000 2330 ut

1056 2215 1083 2242 τί
1096 2216 1145 2251 μὲν
1157 2217 1172 2242 ὁ
1183 2216 1364 2250 πνευματικὸς
1375 2216 1464 2251 γάμος
1480 2216 1549 2249 ἐστὶ,
1563 2215 1611 2242 καὶ
1623 2215 1693 2251 πρὸς
1703 2215 1764 2241 τίνα
1783 2215 1843 2250 βλέ-

1055 2270 1101 2288 πει
1118 2261 1219 2288 σκοπὸν
1232 2262 1246 2288 ὁ
1257 2261 1376 2297 καθαρός
1390 2269 1418 2287 τε
1451 2257 1482 2287 αὶ
1494 2261 1620 2297 οὐράνιος
1630 2261 1712 2297 ἔρως,
1725 2261 1844 2296 μετρίως

1055 2307 1120 2334 ἡμῖν
1140 2307 1173 2334 ὲκ
1191 2307 1245 2333 τῶν
1264 2307 1417 2334 εῑοπιιένων
1434 2270 1666 2334 ςνακεκάλυπται.

1054 2307 1120 2342 ἡμῖν
1140 2307 1173 2334 ὲκ
1191 2307 1245 2333 τῶν
1264 2307 1417 2342 εἰρημένων
1434 2306 1666 2334 ὰνακεκάλυπται.

213 2357 255 2380 cst
270 2353 340 2388 apud
359 2353 518 2388 Apostolum
533 2352 554 2367 ¹³
573 2360 581 2381 z
604 2361 613 2376 ε
630 2350 688 2377 Non
703 2353 746 2377 εει
762 2349 899 2377 masculus
911 2369 920 2382 ο
937 2358 1024 2387 neque
1042 2353 1153 2385 femi‘ita,
1171 2355 1218 2382 sed
1235 2361 1331 2382 omnes
1345 2358 1372 2381 et
1388 2354 1415 2381 in
1432 2354 1559 2381 omnibus
1575 2352 1731 2386 Christus,»
1747 2353 1844 2381 merito

214 2399 261 2434 qui
278 2399 419 2433 sapientia;
431 2406 524 2425 amore
541 2397 660 2428 ducitur,
677 2396 721 2422 hic
754 2394 781 2422 in
809 2395 883 2421 onmi
914 2397 1064 2432 cupiditate
1097 2400 1268 2435 propositum
1293 2400 1345 2426 sibi
1371 2399 1494 2426 divinum
1532 2406 1644 2434 scopum
1673 2399 1777 2432 habet,
1798 2399 1843 2433 qui

214 2452 279 2471 vera
292 2445 425 2487 sapientia
442 2449 494 2476 est,
513 2449 593 2478 atque
608 2443 716 2470 animus
731 2441 754 2469 is
784 2441 831 2476 qui
852 2449 915 2470 cum
948 2443 1106 2480 incorrupto
1145 2453 1246 2481 sportso
1269 2453 1330 2474 sese
1364 2446 1452 2482 jungit
1465 2466 1472 2478 ,
1498 2453 1569 2473 vera:
1602 2446 1765 2481 sapientia,
1784 2453 1844 2480 qua!

215 2491 288 2518 Deus
313 2495 365 2523 est,

410 2498 502 2517 amore
527 2494 644 2517 tenetur.
682 2487 752 2521 Quid
783 2489 819 2515 sit
847 2493 936 2516 autem
975 2491 1117 2525 spirituale
1148 2492 1370 2525 matrimonium,

1419 2499 1507 2526 quove
1547 2498 1634 2526 purus
1669 2492 1844 2528 maestisque

217 2544 294 2565 amor
308 2539 422 2571 spectet,
440 2543 472 2563 ex
490 2535 524 2562 iis
548 2542 615 2562 sane
630 2541 690 2569 qna:
715 2534 1001 2568 commemoravimus,
1022 2537 1091 2565 satis
1113 2542 1156 2565 est
1173 2545 1188 2564 a
1203 2537 1282 2566 nobis
1300 2538 1529 2565 demonstratum.

502 2580 618 2609 CAPUT
633 2579 704 2608 XXI.

217 2635 269 2668 Qui
292 2639 444 2662 accuratam
462 2635 530 2661 hanc
550 2634 651 2661 vivendi
665 2634 795 2660 rationem
815 2637 901 2660 tenere
923 2634 1002 2661 insti-

252 2672 313 2703 tuil,
340 2671 373 2697 ab
389 2671 460 2697 omni
481 2671 598 2704 corporis
618 2669 782 2704 voluptatum
803 2677 893 2704 genere
913 2677 940 2695 se
955 2670 1003 2695 ab-

252 2707 342 2733 dicare
356 2705 441 2732 debet.

251 2751 385 2784 Quoniam
403 2758 470 2777 sane
495 2748 639 2777 m'anil‘esto
661 2753 831 2784 compertum
857 2752 910 2781 est,
937 2756 992 2776 non

252 2810 274 2825 “
292 2809 370 2836 Prov.
390 2817 426 2841 tv,
443 2808 469 2836 6.
509 2809 530 2825 ”
544 2809 650 2836 Coloss.
667 2817 708 2841 Ill,
720 2808 762 2835 it.

1344 2585 1470 2612 ΚΕΦΛΛ.
1489 2585 1552 2611 KA’.

1057 2637 1119 2663 Ὅτι
1136 2636 1192 2671 χρὴ
1203 2637 1257 2663 τὸν
1266 2635 1393 2671 ἀκριϐῶς
1404 2636 1458 2670 ζῇν
1471 2637 1684 2671 προελόμενον,
1695 2638 1773 2671 πρὸς
1786 2636 1844 2665 πᾶν

1108 2672 1182 2705 εἶδος
1205 2671 1377 2707 σωματικῆς
1391 2671 1504 2706 ἡδονῆς
1518 2672 1685 2706 ἀλλοτρίως
1699 2672 1794 2707 ἔχειν.

1089 2750 1197 2785 Ἐπειδὴ
1214 2750 1242 2776 δὶ
1256 2751 1289 2786 τῇ
1310 2750 1476 2786 καθαρότητι
1496 2750 1543 2778 τοῦ
1560 2749 1629 2777 Θεοῦ
1651 2752 1844 2786 προσεγγίσαι,
