1912 3080
73 148 114 177 ιοι
726 149 771 177 DE
785 150 1021 180 νιιιῦιΝιΤΑΤΕ.

1645 160 1699 188 402

72 206 104 240 μὴ
118 204 198 231 αὐτόν
211 212 274 231 τινα
285 204 420 241 πρότερον
431 205 551 233 τοιοῦτον
565 207 720 242 γενόμενον,
730 208 850 236 ἀδύνατοπ

913 217 993 243 posse
1009 210 1164 246 quempiam
1184 212 1216 238 ad
1242 211 1288 239 Dei
1310 212 1454 247 puritatem
1477 214 1616 248 accedere,
1643 218 1697 245 nisi

70 251 212 286 κατεφάνη·
227 251 378 286 ἀναγκαῖον
393 252 426 280 ἂν
442 252 484 289 εἴη
503 253 613 289 μεγαλῳ
626 254 679 281 τινὶ
692 254 740 282 καὶ
756 255 858 291 ισχυρῷ

69 295 261 332 διατειχίσματι
282 297 352 332 πρὸς
376 297 427 330 τάς
451 297 549 332 ἡδονὰς
572 299 670 326 ἑαυτὸν
694 299 855 335 διαστῆσαι·

70 343 103 375 ὡς
114 342 146 370 ἂν
163 342 294 378 μηδαμοῦ
311 342 351 379 τῷ
371 343 569 380 προσεγγίσμῴ
585 345 671 381 τούτῳ
687 346 717 372 τὸ
737 346 857 382 καθαρὸν

70 390 112 425 τῆς
123 388 240 425 καρδίας
255 388 455 424 ἐπιμολύνοιτο.
474 390 571 425 Τεῖχος
593 390 621 417 δέ
637 391 712 418 ἐστιν
727 392 855 426 ἀσφαλὲς,

69 437 83 471 ἡ
96 434 181 463 «hic
195 436 268 471 πρὸς
282 437 338 464 πᾶν
353 437 383 463 τὸ
398 437 531 472 ἐμπαθῶς
553 437 762 474 ἑπιτελούμενον
778 439 855 466 ἀλλο-

68 482 181 517 τρίωσις.
209 482 270 510 Μία
283 482 339 519 γὰρ
354 480 423 510 οὖσα
445 481 485 518 τῷ
506 483 581 518 γένει
602 484 619 519 ἡ
645 483 736 520 ἡδονὴ,
766 484 857 517 καθὼς

69 526 169 555 ἀκούειν
185 527 248 555 ἐστι
272 528 327 556 τῶν
345 527 452 563 σοφῶν,
479 528 577 565 ὥσπερ
602 538 628 556 τι
647 529 719 566 ὕδωρ
734 531 766 557 ἐκ
789 531 856 566 μιᾶς

70 573 152 609 πηγῆς
161 573 202 605 εις
211 573 361 609 διαφόρους
370 574 482 609 ὀχετοὺς
492 574 684 610 μεριζόμενον,
697 575 730 602 δι’
738 576 854 603 ἑκάστου

68 618 115 646 τῶν
134 618 325 654 αἰσθητηρίων
345 621 403 651 τοῖς
429 619 583 654 φιληδόνοις
605 621 852 656 ἑγκαταμίγνυται.

68 665 164 692 Οὐκοῦν
179 666 194 692 ὸ
208 665 255 693 διὰ
272 666 338 701 μιᾶς
353 674 426 698 τινος
445 666 499 692 τῶν
514 666 666 701 αἰσθήσεων
682 667 732 702 τῆς
747 668 854 702 ἐγγινο-

69 710 143 746 μένης
161 710 238 746 αὐτῷ
251 711 349 747 ἡδονῆς
375 711 521 747 ἡττηθεὶς,
550 712 659 740 ἐκεῖθεν
683 712 788 749 ἐτρώθη
805 712 853 749 τὴν

67 756 189 790 καρδίαν⁹
200 757 297 789 καθὼς
311 757 433 784 διδάσκει
448 758 465 793 ἡ
489 757 536 784 τοῦ
550 757 618 785 Θεοῦ
637 759 724 793 φωνὴ,
744 759 785 786 ὄτι
799 759 853 786 τῶν

66 801 202 837 ὀφθαλμῶν
221 802 274 838 τὴν
287 803 436 838 ἐπιθυμίαν
454 804 470 830 ό
483 803 641 839 πληρώσας,
658 805 686 830 ὲν
701 805 733 840 τῇ
755 804 852 840 καρδία

66 846 109 881 τὴν
121 846 221 883 βλάϐην
245 847 366 881 ἐδέξατο.
394 846 480 884 Οἶμαι
495 849 524 876 δὲ
545 849 600 876 ἀπὸ
618 849 718 885 μέρους
735 849 852 877 ἐνταῦθα

909 255 972 282 talis
987 256 1044 291 ipse
1059 257 1136 291 prius
1154 256 1243 284 factus
1258 262 1311 289 est,
1327 258 1393 285 illtnl
1408 263 1482 287 certe
1506 264 1695 290 necessariunt

908 306 961 334 est,
977 305 1006 329 ut
1022 309 1052 329 se
1068 310 1166 338 magno
1178 303 1270 338 aliquo
1292 303 1424 340 lirmoque
1444 305 1587 342 interjecto
1604 316 1694 339 muro.

908 356 923 375 a
941 348 1126 383 Voluptatibus
1140 352 1301 376 removeat:
1320 353 1350 376 ut
1378 351 1453 378 nullo
1477 353 1587 387 quidem
1613 361 1696 389 paeto

909 394 959 420 bac
969 394 1233 430 appropinquatione
1244 395 1337 423 cordis
1351 395 1508 431 inquinetur
1524 400 1670 428 mundities
1686 410 1693 428 :

908 447 1004 467 ntnrus
1019 447 1084 467 vero
1100 439 1276 468 firmissintus
1289 444 1331 468 est
1353 441 1484 477 quatdam
1499 443 1534 471 ab
1547 444 1693 472 affectuum

908 484 1022 520 imperio
1041 484 1219 513 abalienatio.
1235 485 1305 514 Cum
1322 488 1396 515 enim
1413 488 1547 524 voluptas,
1564 495 1593 517 ut
1610 498 1624 516 a
1648 499 1693 518 sa-

907 531 1045 567 pientibus
1073 531 1190 568 intelligi
1220 532 1296 566 licet,
1324 541 1424 569 genere
1450 543 1503 562 ttna
1531 536 1583 569 sit,
1609 537 1693 565 veluti

905 584 976 612 aqua
994 577 1094 613 aliqua,
1112 586 1173 614 quae
1187 578 1222 606 ab
1236 586 1293 606 uno
1316 578 1391 607 fonte
1409 587 1525 608 manans
1551 582 1577 608 in
1601 583 1692 609 varies

906 623 1009 650 rivulos
1027 623 1164 658 partitur:
1183 623 1223 652 sic
1236 624 1283 651 illa
1295 631 1344 659 per
1356 624 1478 660 singulas
1494 633 1622 653 sensutttn
1636 627 1692 653 vias

905 676 967 696 sese
986 668 1012 696 in
1027 669 1199 705 voluptatum
1225 674 1363 698 amatores
1387 670 1516 698 infundit.
1541 670 1626 706 Igitur
1646 672 1692 706 qui

904 722 935 742 ex
953 722 1007 741 ttno
1020 715 1113 750 aliquo
1128 715 1189 751 ejus
1206 715 1356 751 voluptatis
1374 724 1468 749 sensu,
1487 724 1548 751 qua:
1572 716 1625 744 sibi
1651 717 1693 744 iL~

905 760 998 793 b:eret,
1013 761 1102 789 victus
1116 766 1169 794 est,
1186 769 1220 790 ex
1232 768 1264 790 ea
1281 766 1367 796 parte,
1385 765 1414 789 ut
1432 769 1498 790 voce
1524 761 1571 789 Dei
1598 769 1693 788 moue-

904 816 977 842 mur,
995 808 1102 844 plagam
1117 809 1145 835 in
1161 808 1243 836 corde
1268 809 1385 844 accepit,
1410 810 1539 844 quoniam
1556 809 1601 843 qui
1624 815 1692 836 oru-

904 854 994 882 lurutn
1010 861 1092 882 sensu
1113 854 1291 889 cupiditatem
1307 855 1438 891 explevit,
1455 856 1537 882 corde
1552 855 1575 882 is
1586 855 1691 890 peccati

67 893 123 946 ⁸ῗιρ).
135 893 237 946 παντὸς
251 895 430 931 αἰσθητηρίου
457 895 652 931 προειρηκέναι
672 895 718 923 τὸν
731 896 833 932 Κύριον
843 904 850 912 '

906 901 993 929 labent
1005 885 1240 936 concepit-Quod
1255 908 1320 928 vero
1342 885 1376 928 ile
1391 885 1468 936 parte
1484 900 1538 928 illic
1551 885 1594 928 est
1607 908 1622 928 a
1638 900 1692 927 llo-

67 939 130 965 ὥπι
145 939 361 973 ἀκολουθοῦντας
378 941 450 976 ἡμᾶς
473 941 512 976 τῷ
530 941 683 977 εἰρημένῳ,
710 942 800 974 καλῶς
819 942 850 969 ἂν

904 947 979 975 ιιιίηο
994 947 1167 982 praedictum,
1180 947 1206 974 id
1222 946 1257 974 de
1270 946 1408 975 universis
1427 946 1554 974 sensibus
1577 946 1691 981 intelligi

67 984 229 1020 προσθεῖναι,
250 986 293 1016 ὅτι
308 986 323 1012 ὁ
337 986 457 1019 ἀκούσας
476 987 545 1023 πρὸς
559 988 590 1014 τὸ
609 987 788 1023 ἐπιθυμῆσαι,
806 989 852 1015 καὶ

66 1031 80 1056 ὸ
95 1029 239 1066 ἁψάμενος,
255 1031 309 1059 καὶ
331 1033 346 1059 ὁ
367 1033 458 1060 πᾶσαν
480 1034 528 1070 τὴν
551 1035 579 1061 ἐν
594 1035 660 1069 ἡμῖν
683 1033 799 1069 δύναμιν
813 1036 852 1067 εἰς

67 1076 209 1112 ὑπηρεσίαν
226 1077 326 1114 ἡδονῆς
349 1079 548 1112 κατασπάσας,
572 1081 605 1116 τῇ
623 1081 721 1118 καρδίᾳ
733 1082 853 1118 ἐξήμαρ-

67 1130 113 1149 τεν.
123 1123 180 1149 Ἰνα
191 1121 242 1151 οὖν
253 1123 293 1160 μὴ
305 1124 387 1152 τοῦτο
398 1125 521 1160 γένηται,
537 1127 628 1153 κανόνι
647 1128 779 1164 χρηστέον
790 1128 852 1155 τού-

66 1177 100 1204 τῳ
113 1169 176 1204 πρὸς
186 1169 232 1196 τὸν
243 1170 378 1207 εδισνβίον
392 1172 432 1207 τῷ
446 1171 576 1208 σώφρονι,
591 1173 630 1208 τῷ
646 1174 753 1210 μήποτε
767 1183 851 1211 προσ-

68 1214 151 1242 θέσθαι
161 1215 215 1242 τινὶ
229 1215 302 1243 κατὰ
313 1216 413 1253 ψυχὴν,
428 1215 451 1252 ᾧ
461 1218 555 1255 δέλεάρ
570 1228 596 1245 τι
613 1219 711 1256 ἡδονῆς
728 1222 851 1256 καταμέ-

67 1269 170 1295 μικται·
197 1262 252 1297 πρό
273 1271 307 1298 γε
324 1265 433 1291 πάντων
453 1265 503 1301 τὴν
523 1265 570 1292 ἐπὶ
587 1266 638 1302 τῆς
652 1266 772 1301 γεύσεως
789 1268 850 1303 ἠδο-

67 1305 109 1341 νὴν
142 1305 328 1342 διαφερόντως
352 1309 520 1343 φυλάσσειν,
556 1310 623 1338 διότι
646 1313 851 1349 προσεχεστέρα

67 1360 119 1384 πως
139 1351 208 1389 αὕτη
230 1353 309 1380 δοκεί
322 1352 407 1388 εἶναι,
423 1357 470 1383 καὶ
483 1357 563 1383 οἱονεὶ
576 1359 667 1393 μήτηρ
682 1358 732 1393 τῆς
746 1359 851 1393 ἀπηγο-

68 1399 209 1436 ρευμένης·
241 1402 272 1428 αἱ
293 1402 348 1438 γὰρ
369 1402 440 1429 κατὰ
455 1403 558 1439 βρῶσιν
582 1405 630 1431 καὶ
648 1405 728 1431 πόσιν
747 1406 849 1441 ἡδοναὶ,

68 1444 253 1478 πλεονάζουσαι
271 1448 326 1474 τῶν
347 1448 487 1484 ἐδωδίμων
502 1449 553 1485 τὴν
567 1450 713 1486 ἀμετρίαν,
728 1451 850 1487 ἀνάγκην

67 1489 199 1525 ἐμποιοῦσι
224 1493 267 1529 τῷ
288 1493 397 1530 σώματι
423 1496 473 1530 τῆς
502 1495 557 1522 τῶν
583 1496 740 1533 ἀϐουλήτων
760 1498 851 1524 κακῶν

905 993 1034 1025 arbitror,
1050 993 1186 1028 quasiqtte
1202 1001 1253 1020 nos
1270 992 1349 1024 illud,
1367 992 1441 1028 quod
1453 993 1556 1019 dictum
1575 996 1617 1019 est
1631 991 1692 1018 imi—

904 1039 999 1071 tando,
1012 1042 1086 1066 recte
1101 1039 1159 1066 haec
1174 1038 1321 1065 addamus:
1333 1037 1383 1070 Qui
1396 1036 1430 1063 ad
1441 1036 1690 1071 concupiscendqu

904 1085 1018 1117 audivit,
1033 1084 1080 1120 qtti
1106 1084 1202 1120 tetigit,
1229 1084 1276 1119 qui
1300 1083 1418 1118 denique
1439 1090 1559 1114 omnem,
1582 1090 1642 1117 qua:
1664 1083 1690 1110 iu

904 1130 983 1158 nobis
1002 1133 1056 1161 est,
1073 1129 1231 1157 facultatem
1251 1128 1285 1155 ad
1305 1128 1425 1163 aliquem
1444 1127 1591 1162 voluptatis
1612 1135 1690 1155 usum

903 1175 1039 1209 dissolvit,
1055 1175 1080 1203 is
1094 1175 1176 1203 corde
1192 1174 1327 1210 peccavit.
1343 1174 1433 1208 Quare
1451 1177 1479 1200 ιιι
1494 1181 1528 1201 ne
1552 1173 1605 1200 hoc
1628 1181 1691 1200 eve-

904 1222 972 1254 niat,
990 1221 1085 1256 regula
1098 1224 1141 1248 est
1158 1220 1217 1248 haec
1234 1220 1388 1248 adhibenda
1405 1219 1439 1246 ad
1457 1219 1519 1246 vita:
1534 1223 1690 1254 temperen-

903 1268 969 1295 tiaut
985 1267 1203 1298 accommodata,
1225 1270 1255 1294 ut
1271 1266 1392 1293 animum
1410 1273 1444 1292 ne
1466 1265 1498 1292 ad
1525 1263 1626 1298 aliquid
1643 1272 1692 1291 un—

903 1321 985 1350 quant
999 1313 1063 1348 quis
1077 1311 1220 1347 adjuugat,
1247 1311 1274 1338 itt
1292 1319 1348 1346 quo
1377 1310 1470 1344 aliqua
1493 1310 1623 1345 permista
1652 1313 1694 1335 est

903 1359 1052 1395 voluptatis
1065 1358 1222 1400 cupiditas,
1249 1362 1333 1392 atqtte
1359 1356 1496 1392 imprimis
1524 1356 1692 1390 voluptatem

902 1413 962 1433 eam
978 1405 1096 1432 maxime
1109 1407 1216 1436 caveat,
1236 1411 1297 1438 qtne
1310 1407 1420 1439 gustatu
1440 1401 1602 1437 percipitur,
1619 1409 1690 1436 quo-

904 1452 977 1479 niam
1000 1451 1140 1487 antiquior
1156 1450 1276 1486 quodam
1298 1449 1380 1476 ntodo
1404 1448 1540 1483 quasique
1557 1447 1615 1486 vitii
1634 1454 1692 1474 ma-

904 1502 946 1526 ter
960 1496 1078 1525 videtur.
1094 1496 1161 1529 Quae
1176 1495 1249 1523 enim
1270 1502 1286 1522 e
1310 1494 1373 1522 cibo
1388 1499 1470 1528 atque
1486 1490 1596 1528 potione
1619 1492 1693 1520 exsi-

67 1536 227 1574 πλησμονῆς,
239 1540 280 1572 ὡς
291 1540 326 1568 τὰ
340 1540 426 1568 πολλά
435 1543 493 1573 τοῖς
505 1541 660 1578 ἀνθρώποις
674 1543 797 1570 ὲντικτού
803 1552 850 1578 της

904 1546 980 1571 stunt
997 1542 1162 1578 volttptates,
1177 1548 1240 1568 cum
1258 1539 1370 1567 modum
1385 1539 1446 1574 plus
1457 1538 1532 1574 justo
1547 1537 1690 1570 excedant,

67 1582 97 1609 τὶ
117 1584 228 1612 τοιαῦτα
250 1586 337 1622 πάθη.
365 1586 409 1619 Ὠς
432 1587 465 1614 ἂν
485 1585 532 1615 οὖν
557 1589 674 1624 μάλιστα
696 1590 851 1625 γαληνιαῑον

68 1628 126 1662 ἡμῖν
134 1628 257 1664 διαμένοι
271 1630 303 1657 τὺ
318 1630 410 1666 σῶμα,
421 1632 516 1668 μηδενὶ
532 1633 585 1661 τῶν
597 1633 629 1660 ἐκ
644 1634 692 1661 τοῦ
704 1635 785 1670 κόρου
800 1643 852 1662 πα-

67 1672 187 1709 θημάτων
196 1675 417 1712 ἐπιθολούμενον,
434 1679 598 1715 προνοητέον
610 1679 660 1715 τῆς
669 1680 852 1717 ἐγκρατεστέ-

67 1727 112 1755 ρας
123 1719 269 1758 διαγωγῆς,
288 1722 386 1760 μέτρον
402 1724 452 1760 μὲν
470 1725 518 1752 καὶ
530 1725 593 1760 ὅρον
610 1725 660 1762 τῆς
673 1727 850 1759 ἀπολαύσεως

67 1765 93 1791 οὗ
104 1765 149 1802 τὴν
166 1767 281 1803 ἡδονὴν,
298 1769 365 1796 ἀλλά
379 1769 429 1806 τὴν
445 1770 489 1806 ἐφ’
505 1770 614 1807 ἑκάστῳ
628 1772 722 1807 χρείαν
737 1772 849 1806 ὁρίζειν.

67 1810 95 1837 El
107 1812 133 1839 δὲ
151 1815 183 1850 τῇ
198 1814 282 1851 χρείᾳ
295 1815 342 1842 καὶ
358 1815 388 1842 τδ
409 1813 473 1852 ἦδος
488 1816 621 1849 πολλάκις
638 1819 850 1854 συγκαταμέμι-

67 1865 122 1885 κται
142 1859 250 1893 (πάντα
267 1860 321 1896 γὰρ
334 1859 404 1888 οἶδεν
418 1862 560 1898 ἐ·ρηδύνειν
579 1864 596 1899 ἡ
614 1863 712 1896 ἔνδεια,
727 1864 765 1899 τῷ
786 1873 851 1899 σφο-

67 1901 117 1939 δρῷ
130 1904 178 1940 τῆς
187 1906 306 1941 ὀρέξεως
319 1907 350 1934 τὸ
364 1909 396 1943 τῇ
408 1909 488 1944 χρείᾳ
499 1909 668 1946 παρευρεθὲν
681 1910 754 1937 ἅπαν
767 1919 851 1938 κατα-

68 1949 273 1984 γλυκαίνουσα),
301 1953 351 1980 οὐκ
377 1954 517 1982 ἀπωστέον
541 1955 591 1991 τὴν
610 1955 705 1992 χρείαν
725 1956 771 1983 διὰ
798 1957 847 1993 τὴν

67 1994 292 2025 ἐπακολουθοῦσαν
305 1999 469 2028 ἀπόλαυσιν·
486 2000 547 2029 οὗτε
563 2001 616 2038 μὴν
627 2003 698 2030 κατὰ
712 2004 848 2040 προηγού-

67 2048 139 2074 μενον
150 2043 346 2078 μεταδιωκτέον
362 2046 412 2082 τὴν
425 2047 523 2083 ἡδονήν
534 2056 541 2064 ·
561 2048 619 2076 ἀλλ’
636 2049 668 2076 ὲκ
680 2050 788 2076 πάντων
803 2051 849 2076 ἐκ.

67 2084 217 2122 λεγομένους
230 2090 261 2117 τὸ
278 2092 422 2126 χρήσιμον,
439 2092 578 2129 ὑπερορᾷν
593 2095 727 2130 προσήκει
741 2094 788 2121 τοῦ
799 2094 848 2126 τὰς

66 2131 197 2169 αἰσθήσεις
209 2135 411 2172 εὐφραίνοντος.

902 1588 1027 1624 gravium
1042 1587 1177 1615 utalorttut
1195 1585 1386 1614 necessitatem
1403 1584 1512 1619 corpori
1528 1583 1689 1618 imponunt,

903 1634 1033 1671 quoniam
1049 1632 1227 1660 immoderata
1242 1631 1294 1659 cibi
1308 1631 1420 1657 satietas
1434 1630 1533 1657 multos
1544 1629 1691 1656 admodutn

904 1678 1061 1715 bujusmodi
1075 1678 1184 1705 ntorbos
1198 1676 1360 1704 mortalibus
1374 1676 1454 1711 parit.
1472 1674 1553 1710 Ergo,
1571 1679 1601 1701 ut
1616 1674 1692 1701 nulla

903 1725 1078 1761 potissimum
1096 1723 1194 1751 borum
1209 1722 1344 1750 malorum
1366 1721 1446 1749 turba
1466 1729 1568 1756 corptts
1587 1725 1692 1756 pertur-

905 1774 996 1800 batum
1013 1771 1041 1799 in
1057 1770 1137 1798 nobis
1150 1768 1330 1805 tranquillum
1357 1772 1476 1800 maneat,
1505 1767 1692 1795 continentior

903 1819 963 1846 vita:
979 1816 1127 1852 disciplina
1144 1815 1268 1851 quaedam
1292 1819 1334 1842 est
1349 1814 1495 1848 diligenter
1519 1812 1691 1848 procuranda

902 1862 1122 1897 adhibendaque,
1138 1865 1167 1888 ιιι
1182 1868 1237 1888 non
1253 1860 1432 1895 voluptatem,
1445 1859 1491 1887 sed
1503 1859 1691 1886 necessarium

903 1910 929 1937 itt
940 1908 1058 1944 singulis
1069 1915 1149 1935 ttsum
1164 1906 1357 1934 delecmtionis
1371 1905 1482 1932 modum
1500 1907 1527 1932 et
1541 1904 1690 1931 terminum

902 1954 1116 1983 constituamus.
1147 1951 1279 1986 Quamvis
1301 1955 1392 1978 autem
1430 1957 1492 1977 etttn
1524 1949 1691 1977 necessitate

902 2000 1062 2037 incunditas
1078 2007 1150 2034 szepe
1162 1998 1306 2026 counuista
1324 1997 1360 2024 sit
1375 2005 1381 2024 :
1405 1996 1537 2031 quoniam
1561 1995 1630 2023 solet
1649 1995 1688 2022 in-

902 2047 1022 2082 digentia
1037 2049 1137 2073 cuncta
1155 2043 1277 2074 condire.
1290 2051 1352 2078 qua:
1370 2041 1525 2069 veltementi
1539 2041 1592 2068 cibi
1608 2048 1689 2076 appe-

902 2093 999 2133 titione
1015 2092 1040 2118 id
1067 2090 1139 2126 quod
1165 2089 1199 2116 ad
1227 2088 1412 2117 necessarium
1438 2094 1518 2114 usum
1546 2086 1689 2114 inventum

901 2143 954 2171 est,
972 2137 1108 2165 suavitate
1124 2135 1238 2163 condit:
1261 2141 1317 2161 non
1339 2138 1428 2160 tamen
1447 2135 1555 2166 oportet
1576 2135 1688 2167 propter

66 2178 267 2210 Oblet‘tationem
282 2192 343 2220 qua:
360 2187 550 2221 consequitur.
567 2187 899 2220 necessititerat-ejicere,
916 2194 1005 2221 neque
1038 2184 1204 2220 voluptatem
1237 2181 1424 2217 principaliter
1459 2181 1597 2216 persequi,
1637 2179 1684 2207 sed

66 2235 95 2255 el
112 2231 237 2262 omnibus
252 2232 279 2260 id
297 2234 371 2268 quod
387 2234 453 2280 uti‘le
469 2241 510 2262 est
524 2236 679 2271 deligendo,
702 2244 762 2271 qua:
783 2243 881 2263 sensus
903 2235 1043 2263 oblectant
1054 2253 1062 2266 ,
1078 2231 1215 2267 negligere
1234 2229 1376 2257 debemuS.

338 2291 361 2317 K
366 2290 450 2317 ΕΦΛΛ
455 2311 463 2318 .
484 2292 507 2317 Κ
512 2291 548 2319 Β’.

67 2330 123 2358 Ὀτι
136 2334 170 2360 οὐ
184 2333 232 2361 δεῖ
243 2335 320 2370 πέρα
332 2337 385 2364 τοῦ
404 2337 529 2371 δέοντος
543 2338 652 2365 ἀσκεῖν
667 2337 724 2372 τὴν
738 2337 846 2373 ἐγκρά-

405 2380 498 2399 retur.

101 2413 219 2450 Ὀρῶμεν
228 2415 258 2443 δὲ
278 2417 324 2443 καὶ
336 2417 399 2450 τοὺς
410 2419 551 2454 γεωργοὺς
567 2419 790 2455 ἀναμεμιγμένον
809 2419 848 2456 τῷ

131 2459 264 2508 τὺάχυρον
273 2462 406 2508 τεχνικῶς
417 2464 604 2499 διακρίνοντας
613 2470 620 2480 '
631 2465 669 2497 ὼς
676 2466 708 2493 ἂν
717 2466 847 2502 ἑκάτερον

66 2503 145 2531 αὐτῶν
157 2506 196 2536 εις
215 2507 407 2542 προσήκουσαν
420 2511 516 2545 χρείαν
533 2510 737 2547 παραληφθείη,
751 2512 782 2538 τὸ
798 2512 847 2547 μὲν

66 2548 101 2580 είς
113 2549 160 2586 τὴν
173 2552 228 2581 τῶν
252 2554 405 2591 ἀνθρώπων
429 2556 514 2591 ζωὴν,
540 2556 572 2584 τὺ
587 2557 616 2583 δὲ
637 2558 677 2589 εἰς
703 2557 800 2584 καῦσίν
816 2566 846 2584 τε

67 2593 117 2629 ἅμα
132 2597 177 2625 καὶ
197 2600 239 2632 είς
253 2601 305 2637 τὴν
321 2602 378 2629 τῶν
391 2602 497 2637 ἀλόγων
512 2603 626 2639 τροφήν.
652 2603 757 2631 Οὐκοῦν
772 2604 818 2630 καὶ
832 2604 847 2630 ὀ

65 2641 295 2695 τῆςισωφροσύνης
312 2647 432 2683 ἐργάτης
454 2648 602 2684 διακρίνων
618 2648 668 2683 τῆς
685 2648 782 2685 ἡδονῆς
797 2647 847 2684 τὴν

67 2690 162 2721 χρείαν,
176 2690 272 2728 ὥσπερ
289 2692 392 2729 ἀχύρου
405 2693 451 2721 τὸν
467 2694 552 2726 σῖτον,
563 2695 612 2729 τὴν
629 2694 679 2730 μὲν
699 2693 846 2730 ἀπορρίψει

66 2734 115 2764 τάς
127 2735 313 2775 ἀλογωτέροις,
327 2736 364 2766 ὧν
384 2739 415 2767 τὸ
429 2740 506 2772 τέλος
530 2741 570 2773 εἰς
583 2739 690 2773 καῦσιν,
707 2740 744 2772 ὥς
762 2748 845 2775 φησιν

68 2776 80 2802 ὁ
94 2778 256 2816 ’Δπόστολος·
267 2785 315 2820 τῆς
324 2785 353 2813 δὲ
365 2785 459 2821 χρείας
472 2786 557 2822 αὐτῆς
572 2784 642 2813 κατὰ
656 2786 686 2813 τὺ
699 2785 787 2813 ἐνδέον
800 2786 845 2812 εὐ-

118 2867 136 2883 “
151 2868 231 2897 lleit.
246 2879 282 2904 ιι,
302 2872 328 2899 8.

1185 2285 1299 2315 CAPUT
1317 2285 1398 2314 XXII.

918 2336 1114 2366 Continentiam
1139 2341 1261 2361 exercere
1291 2341 1343 2359 non
1359 2332 1480 2359 debemus
1504 2331 1563 2366 plus
1590 2339 1668 2367 quant

1237 2377 1284 2403 opu
1288 2373 1325 2395 rle
1330 2374 1348 2395 t.

936 2418 1068 2446 Videmus
1085 2420 1175 2444 autem
1187 2414 1420 2450 quemadmodum
1445 2417 1472 2440 et
1487 2413 1614 2448 agriCnIa:
1639 2420 1685 2448 pa-

899 2465 958 2493 leas
975 2464 1113 2491 frumento
1128 2461 1289 2489 commistas
1307 2459 1457 2487 artiﬁciose
1475 2462 1632 2488 secernunt.
1650 2458 1685 2484 ita

895 2504 929 2538 ‘ut
945 2517 977 2538 ex
994 2509 1036 2536 bis
1055 2512 1201 2542 utrutuque
1225 2506 1259 2534 ad
1285 2513 1364 2533 usutu
1391 2512 1482 2534 suum.
1507 2504 1559 2531 boc
1577 2503 1686 2538 quidem

899 2555 934 2583 ad
950 2554 1090 2582 hominum
1106 2553 1201 2584 vitam,
1217 2553 1281 2580 illas
1296 2559 1361 2579 vero
1376 2555 1402 2578 et
1416 2551 1449 2578 ad
1467 2549 1687 2577 combustioneut

898 2605 925 2630 et
939 2601 973 2628 ad
990 2600 1140 2628 bestiarum
1170 2603 1279 2634 pastum
1298 2600 1451 2625 assumant.
1481 2595 1567 2630 igitur
1585 2597 1613 2621 et
1640 2593 1686 2628 qui

899 2646 1112 2682 temperantiam
1124 2645 1200 2677 colit,
1210 2651 1225 2671 a
1238 2643 1376 2678 voluptate
1392 2641 1595 2672 necessitatem,
1607 2640 1686 2674 quasi

899 2701 914 2720 a
931 2692 1017 2727 paleis
1031 2691 1199 2718 frumentum
1211 2688 1343 2725 seiungit,
1356 2691 1385 2715 ut
1396 2687 1561 2720 voluptatem
1574 2685 1684 2721 quidem

899 2739 994 2767 bardis
1011 2737 1133 2772 obiiciat,
1158 2742 1278 2771 quorum
1303 2732 1506 2762 consummatio
1520 2735 1573 2764 est,
1601 2735 1631 2758 ut
1648 2731 1686 2758 ait

898 2783 1058 2821 Apestolus,
1074 2783 1101 2810 in
1116 2781 1340 2810 combustionem
1352 2779 1374 2796 “
1389 2788 1396 2814 ;
1414 2777 1607 2807 necessitatem
1622 2783 1687 2805 vero
