1912 3080
193 165 246 193 405

813 165 842 192 S.
863 164 1000 192 GREGOI:

1006 164 1025 191 ll
1044 164 1188 192 NYSSENI
1784 161 1835 191 ωδ

195 235 286 255 rerum
304 227 443 260 sumium,
460 231 596 262 quatenus
610 230 728 262 oportet.
744 226 803 262 ipse
819 232 926 254 sumet:
940 226 983 254 sed

1041 226 1174 261 χαριστῶν
1191 225 1387 261 μεταλήψεται.
1421 224 1490 251 Ἀλλ’
1514 224 1609 260 ἐπειδὴ
1630 223 1724 250 πολλοὶ
1745 223 1792 250 ἐπὶ
1804 223 1834 250 τὸ

195 274 327 308 quoniam
339 274 463 309 plerique
474 274 501 301 in
517 273 633 300 alterum
651 273 889 300 immoderationis
904 280 990 307 genus

198 321 303 355 delapsi
321 320 488 353 inciderunt,
504 319 686 355 studiumque
709 319 737 347 in
763 327 807 351 eo,
833 318 908 354 quod
937 319 989 346 sibi

197 367 370 402 propositum
384 367 496 399 habent,
516 366 568 401 ipsi
585 366 760 398 adhibentes,
776 374 809 393 ex
824 365 909 393 nimia
921 373 989 401 qua-

197 412 261 440 dam
279 413 420 448 di'igentia
442 413 469 439 in
487 420 532 440 res
555 413 711 441 contrarias
736 417 881 444 venerunt,
909 417 990 447 atque

198 458 253 486 alio
268 458 378 494 quidem
400 458 482 486 modo
496 466 511 485 a
538 458 622 487 rebus
647 458 808 486 coelestibus
835 465 867 486 ac
889 458 990 486 divinis

198 505 320 532 animum
336 509 522 539 removentes,
538 505 567 532 in
585 504 782 539 occupationes
793 508 821 532 et
840 511 923 532 curas
939 504 990 531 hu-

199 551 280 578 miles
294 550 469 583 ceciderunt,
485 558 548 578 cum
566 550 603 578 ita
621 550 655 577 ad
678 550 775 577 harum
799 557 903 582 rerum,
929 556 990 585 quae

199 604 341 632 corporeae
358 601 434 629 sunt,
453 596 662 625 observationes
688 601 805 624 mentem
828 595 989 631 adiecerint,

199 645 229 668 ut
242 649 333 677 neque
348 642 554 675 coalestiaillis,
578 650 667 677 neque
693 641 786 670 divina
815 641 931 669 liberum
955 641 990 668 sit

198 686 292 713 animo
317 686 510 721 contemplari,
539 686 587 714 sed
614 687 716 714 adhoc
740 686 864 714 inclinati
883 686 938 713 sint
960 689 990 713 ut

198 736 308 756 carnem
325 729 465 764 exagitent
482 734 565 764 atque
589 730 732 766 amigant:
757 731 887 765 praeclare
916 735 991 758 certe

200 778 326 807 ageretur
349 775 432 810 hujus
459 775 541 802 etiam
561 775 599 803 rei
623 784 717 803 curam
743 776 885 808 adhibere.
908 780 990 811 atque

200 821 272 848 hanc
297 827 442 856 utramque
465 822 722 850 immoderationem
743 823 886 858 aequaliter
917 823 990 850 refu-

198 874 273 901 gere.
292 872 322 893 ut
341 875 431 902 neque
459 869 583 902 corporis
604 868 740 895 obesitate
765 873 882 895 mentem
908 869 988 902 quasi

198 911 345 946 aggeribus
367 913 601 948 circumsepiant,
628 921 717 948 neque
741 921 840 942 rursus
868 914 987 943 inductis

198 957 431 986 imbecillitatibus
449 963 559 986 tenuem
578 958 652 985 illam
669 963 696 985 et
712 960 842 988 humilem
856 960 986 994 elliciant,

198 1007 224 1028 et
239 1002 272 1029 ad
289 1003 413 1038 corporis
425 1003 535 1031 labores
551 1012 667 1039 prorsus
690 1005 815 1033 inutilem
829 1028 836 1039 ,
856 1008 987 1035 memine-

199 1047 311 1082 rintque
326 1048 393 1075 illud
407 1054 575 1084 praeceptum
591 1050 725 1085 sapientis
744 1051 805 1083 viri,
827 1052 874 1087 qui
899 1053 987 1087 prohi-

199 1092 254 1126 hct,
275 1098 304 1120 ut
321 1101 356 1121 ne
376 1094 439 1128 quis
462 1094 496 1121 ad
517 1095 667 1126 dexteram,
691 1104 778 1131 neque
794 1097 826 1123 ad
845 1097 985 1124 sinistram

198 1138 326 1166 declinet.
342 1139 441 1167 Audivi
457 1140 584 1175 equidem
597 1142 732 1169 medicum
747 1144 903 1178 quempiam
919 1144 987 1172 artis

198 1191 254 1210 sine
270 1189 405 1219 pra-cepta
429 1185 610 1214 disserentem
629 1187 731 1219 dicere,
750 1195 851 1224 corpus
863 1194 986 1217 nostrum

198 1237 319 1264 quatuor
348 1238 401 1257 non
429 1231 550 1266 ejusdem
571 1235 680 1267 generis
701 1235 861 1266 elementis,
880 1235 927 1262 sed
945 1236 987 1263 di-

197 1283 276 1303 \‘erse
291 1276 361 1303 inter
373 1284 403 1304 se
418 1276 524 1304 aﬂ‘cctis
541 1283 702 1306 concretum
715 1288 778 1307 esse
791 1301 798 1313 ,
811 1281 986 1316 calidumque

198 1321 297 1356 frigido
315 1322 422 1349 misceri
442 1330 475 1349 ac
491 1325 659 1358 temperari,
682 1325 856 1360 humidaeque
882 1330 987 1354 natura:

197 1369 422 1402 temperationenl
440 1370 587 1404 quamdam
601 1378 635 1397 ex
647 1371 724 1398 arida
742 1372 870 1406 siccaque
889 1377 987 1407 przeter

196 1415 352 1449 opinionem
366 1415 434 1447 fieri,
450 1415 592 1451 mediaque
603 1417 720 1451 quadam
732 1426 903 1453 rerum,quze
920 1426 986 1445 con-

195 1461 316 1494 veniunt,
338 1462 500 1496 cognatione
517 1463 636 1490 adhibita
656 1472 718 1490 cum
744 1466 987 1493 contrariiscolne-

192 1515 266 1535 tere.
280 1507 369 1543 Atque
383 1508 475 1536 subtili
489 1509 646 1543 hujusmodi
660 1515 718 1537 arte
743 1510 798 1542 ille,
821 1512 866 1546 qui
884 1511 910 1538 in
935 1512 986 1539 hoe

195 1553 356 1590 indagandae
368 1560 472 1582 natura:
483 1556 575 1582 studio
585 1560 721 1587 versatur,
730 1557 862 1584 rationem
876 1558 987 1585 deumn-

194 1605 274 1633 strat,
289 1601 384 1635 aitque
400 1601 508 1635 singula
526 1601 583 1628 hazc
599 1602 633 1628 ab
648 1602 785 1637 oppositis
807 1603 981 1634 naturaliter,

193 1646 271 1682 quasi
290 1646 382 1674 medio
403 1647 557 1682 interjecto.
580 1647 730 1682 disjum-ta,
757 1648 874 1684 quadam
893 1649 984 1684 quali-

194 1697 281 1720 tatum
322 1693 537 1728 propinquarent
568 1693 703 1721 affinitate
733 1702 795 1721 cum
834 1695 983 1723 contrariis

192 1739 351 1767 convenire.
365 1739 434 1766 Cum
450 1739 522 1766 enim
537 1739 624 1775 frigus
637 1744 664 1768 et
674 1741 750 1767 calor
764 1741 908 1776 aequaliter
920 1750 982 1768 cum

192 1785 308 1812 humore
327 1784 506 1820 siccitateque
527 1786 694 1819 coluereant,
717 1795 867 1823 rursusque
886 1788 983 1815 humor

193 1836 221 1857 et
237 1830 352 1858 ariditas
366 1831 463 1866 atquali
484 1833 586 1859 caloris
604 1837 632 1859 et
648 1832 760 1867 frigoris
784 1834 982 1868 temperatione

191 1877 417 1911 componantur:
440 1877 496 1904 hzee
519 1878 681 1910 qualitatum
707 1879 802 1906 eadem
826 1879 981 1914 aequalitas,

191 1929 253 1957 qua:
266 1921 293 1948 in
311 1921 461 1948 contrariis
472 1926 595 1957 apparet,
618 1931 709 1950 rerum
734 1923 805 1951 inter
826 1933 855 1951 sc
869 1930 981 1951 contra-

190 1968 294 1995 riarum
314 1967 533 1995 convenientiam
557 1977 605 2004 per
624 1977 652 1996 se
677 1969 772 2004 gignit.
799 1969 851 1997 Sed
862 1971 926 2006 quid
947 1972 981 1998 ad

189 2023 233 2042 me
251 2014 360 2050 singula
375 2015 523 2050 diligenter
543 2016 681 2050 explicare
699 2017 806 2052 attinet,
823 2024 850 2046 et
867 2027 980 2054 quomo-

188 2060 225 2088 do
244 2060 302 2089 haec
321 2061 356 2088 ob
372 2065 477 2088 natura:
501 2063 711 2097 repugnantiam
735 2065 851 2092 invicem
870 2065 979 2100 disiun-

187 2111 298 2142 gantur,
314 2111 342 2134 et
356 2115 454 2134 rursns
470 2106 504 2133 ob
521 2109 688 2142 qualitatum
706 2111 899 2145 cognationem
918 2120 980 2138 tnu-

188 2155 237 2179 tuo
252 2155 402 2186 temperata
414 2151 642 2186 coniungantur?
661 2153 761 2180 Verum
778 2162 837 2181 eam
861 2155 896 2181 ob
915 2162 978 2182 cau-

191 2204 250 2224 sam
270 2205 320 2225 nos
337 2196 370 2225 de
382 2198 426 2230 iis,
440 2206 500 2232 quae
511 2198 642 2230 diximus,
665 2201 830 2227 mentionem
850 2201 977 2233 fecimus,

1001 1583 1022 1612 C

1043 273 1135 308 ἕτερον
1152 270 1221 304 εἶδος
1240 271 1290 306 τῆς
1304 271 1438 307 ἀμετρίας
1461 270 1717 306 κατολισθήσαντες.
1732 269 1774 297 διὰ
1787 271 1834 305 τῆς

1043 317 1263 353 ὑπερὸαλλούσης
1285 316 1437 353 ἀκριϐείας,
1461 315 1557 343 ἔλαθον
1581 315 1729 342 ὑπεναντία
1752 324 1833 341 σπου-

1041 364 1168 395 δάζοντες
1181 363 1219 398 τῷ
1231 363 1289 398 ἰδίῳ
1303 361 1461 397 σκοπῷ,κώ
1473 361 1546 397 ἄλλῳ
1555 361 1650 396 τρόπῳ
1659 361 1715 388 τῶν
1726 360 1834 396 ὑψηλῶν

1041 416 1070 434 τε
1084 408 1131 434 καὶ
1156 407 1302 443 θειοτέρων
1325 407 1375 443 τὴν
1390 406 1478 442 ψυχὴν
1494 406 1715 441 ἀποστήσαντες,
1736 406 1775 436 είς
1788 413 1834 431 τα-

1042 454 1138 485 πεινάς
1158 453 1301 489 φροντίδας
1317 453 1363 479 καὶ
1379 452 1508 488 ἀσχολίας
1527 451 1694 486 κατήγαγον,
1720 450 1789 486 πρὸς
1801 450 1834 477 τὰ

1043 499 1188 534 σωματικά
1199 498 1422 534 παρατηρήματα
1435 497 1485 533 τὴν
1495 497 1615 524 διάνοιαν
1625 497 1713 523 αὐτῶν
1726 496 1832 523 κλίναν-

1041 553 1101 576 τες’
1128 543 1166 576 ὡς
1184 545 1284 580 μηκέτι
1300 544 1392 576 αὐτοῖς
1409 544 1438 570 ἐν
1459 542 1601 578 ἐλευθερίᾳ.
1618 543 1832 578 μετεωροπορξῖν

1039 591 1086 618 τὸν
1099 590 1161 617 νοῦν
1172 611 1180 623 ,
1205 591 1251 618 καὶ
1272 591 1307 618 τὰ
1331 591 1386 617 ἀνω
1402 589 1522 625 βλέπειν,
1546 588 1604 616 ἀλλ’
1629 589 1676 615 ἐπὶ
1689 587 1720 615 τὸ
1737 587 1832 614 πονοῦν

1040 636 1088 663 καὶ
1103 636 1312 672 ωντριῦομενον
1324 636 1374 672 τῆς
1394 635 1495 670 σαρκδς
1509 633 1693 661 ἐπικλίνεσθαι
1706 641 1714 649 ·
1745 632 1833 665 καλῶς

1042 682 1075 709 ἂν
1088 681 1144 717 ἐχοι
1159 683 1206 709 καὶ
1220 682 1314 709 τούτου
1327 682 1464 708 ποιεῖσθαι
1478 681 1528 716 τὴν
1543 680 1712 716 ἐπιμέλειαν,
1729 678 1833 710 καὶτὰς

1041 728 1071 761 ἐξ
1093 728 1232 765 ἑκατέρων
1255 729 1418 764 ἐπιμετρίας
1443 727 1540 763 ἐπίσης
1562 725 1833 762 παραφυλάττεσθαι,

1043 776 1110 811 μήτε
1137 775 1180 802 διὰ
1216 775 1403 811 πολυσαρκίας
1432 772 1657 809 καταχωννύντας
1686 772 1733 798 τὸν
1762 771 1833 801 νοῦν,

1043 821 1103 856 μηδ’
1119 819 1152 847 αὖ
1173 820 1255 848 πάλιν
1272 821 1333 852 ταῖς
1349 819 1521 850 ἐπεισάκτοις
1539 817 1692 849 ἀσθενείαις
1715 815 1834 851 ἐξίτηλον

1041 867 1122 894 αὐτὸν
1136 867 1182 893 καὶ
1194 866 1320 893 ταπεινὸν
1335 867 1432 897 ποιεῖν,
1444 865 1491 891 καὶ
1504 864 1568 899 περὶ
1581 864 1644 894 τοὺς
1661 861 1835 897 σωματικοὺς

1006 905 1028 932 Β
1048 914 1146 946 πόνους
1162 912 1346 948 ἠσχολημένον
1360 920 1367 927 ·
1392 910 1546 947 μεμνῆσθαι
1565 909 1593 936 δέ
1606 908 1653 935 τοῦ
1666 907 1752 943 σοφοῦ
1768 914 1835 942 παρ-

1041 959 1223 994 αγγέλματος,
1243 959 1290 985 τοῦ
1305 958 1403 994 ἐπίσης
1421 956 1603 992 ἀπειρηκότος
1624 956 1674 990 τήν
1691 962 1722 981 τε
1742 954 1789 980 ἐπὶ
1802 954 1834 980 τὰ

1057 1005 1116 1038 εξιά
1131 1005 1177 1032 καὶ
1195 1005 1229 1031 τὰ
1246 1004 1356 1031 ἐναντία
1371 1002 1562 1038 παρατροπήν.
1585 1000 1709 1028 Ἤκουσα
1722 999 1751 1026 δέ.
1764 1008 1836 1031 τινος

1042 1049 1165 1087 ἰατρικοῦ
1177 1051 1211 1077 τὰ
1228 1051 1259 1077 ἐκ
1273 1049 1321 1085 τῆς
1341 1049 1439 1085 τέχνης
1454 1048 1609 1080 διεξιόντος,
1624 1047 1666 1074 ὅτι
1686 1048 1720 1073 ἐκ
1735 1046 1834 1072 τεσσά-

1041 1106 1096 1133 ρων
1111 1098 1178 1132 ἡμῖν
1191 1097 1240 1131 οὐχ
1256 1095 1388 1131 ὁμοειδῶν
1404 1095 1553 1130 στοιχείων,
1567 1093 1624 1121 ἀλλ’
1635 1092 1768 1123 ἐναντίως
1779 1099 1835 1117 xst-

1043 1143 1141 1178 μένων,
1156 1143 1185 1169 τὸ
1202 1143 1282 1178 σῶμα
1301 1141 1450 1177 συνέστηκε
1463 1149 1470 1156 ·
1496 1140 1597 1176 θερμόν
1623 1148 1653 1166 τε
1668 1139 1718 1166 καὶ
1731 1138 1834 1173 ψυχρδν

1042 1189 1262 1225 συγκεκρᾶσθαι·
1276 1189 1322 1215 καὶ
1337 1187 1421 1223 ὑγροῦ
1436 1187 1505 1223 πρὸς
1519 1187 1600 1222 ξηρὸν
1612 1184 1682 1213 εἶναι
1696 1185 1749 1221 τὴν
1763 1185 1834 1220 μίξιν

1041 1235 1212 1270 παράλογον,
1236 1236 1269 1270 τῇ
1285 1234 1330 1260 διὰ
1349 1233 1433 1269 μέσου
1451 1232 1505 1259 τῶν
1523 1231 1661 1266 συζυγιῶν
1685 1230 1833 1264 οἰκειότητι

1041 1281 1110 1317 πρὸς
1124 1281 1157 1308 τά
1171 1281 1281 1308 ἐναντία
1293 1279 1515 1316 συναπτομένων.
1530 1278 1585 1305 Καί
1597 1286 1650 1304 τινι
1665 1276 1833 1312 λεπτουργίᾳ

1040 1326 1153 1363 τοιαύτῃ
1168 1326 1212 1352 τὸν
1236 1325 1314 1360 λόγον
1332 1324 1498 1360 φυσιολογῶν
1520 1323 1682 1350 ἀπεδείκνυε
1696 1341 1704 1354 ,
1721 1322 1832 1356 φάσκων

1041 1374 1156 1400 ἑκάστου
1171 1372 1272 1399 τούτων
1289 1373 1320 1398 ἐκ
1341 1371 1487 1407 διαμέτρου
1508 1370 1575 1405 πρὸς
1597 1370 1628 1396 τὸ
1643 1368 1832 1403 ἀντικείμενον

1040 1417 1166 1451 ἀφεστὼς
1179 1419 1212 1452 τῇ
1231 1416 1309 1450 φύσει
1323 1416 1367 1442 διὰ
1379 1415 1430 1450 τῆς
1448 1415 1610 1449 συγγενείας
1625 1413 1680 1440 τῶν
1695 1421 1831 1447 παρακει-

1042 1463 1129 1498 μένων
1146 1463 1294 1498 ποιοτήτων
1316 1463 1371 1494 τοῖς
1398 1461 1531 1493 ἐναντίοις
1554 1459 1752 1486 συνάπτεσθαι.
1780 1457 1832 1485 Τοῦ

1040 1509 1093 1544 γὰρ
1109 1508 1214 1544 ψυχροῦ
1232 1509 1279 1535 καὶ
1298 1507 1344 1534 τοῦ
1359 1507 1461 1543 θερμοῦ
1483 1507 1553 1533 κατά
1572 1506 1603 1532 τὸ
1620 1506 1677 1532 ἴσον
1695 1505 1791 1540 ὑγροῖς
1804 1513 1832 1530 τε

1041 1555 1087 1582 καὶ
1102 1554 1193 1591 ξηροῖς
1205 1554 1398 1589 ἐγγινομένων,
1411 1553 1458 1580 καὶ
1471 1553 1501 1580 τὸ
1513 1552 1629 1588 ἔμπαλιν
1645 1551 1693 1578 τοῦ
1708 1551 1794 1587 ὑγροῦ
1805 1559 1833 1576 τε

1040 1601 1087 1628 καὶ
1103 1601 1185 1636 ξηροῦ
1212 1603 1240 1628 ἐν
1263 1602 1318 1632 τοῖς
1340 1601 1450 1636 θερμοῖς
1476 1608 1505 1626 τε
1523 1600 1570 1626 καὶ
1591 1599 1707 1634 ψυχροῖς
1732 1598 1833 1632 ὁμοίως

1039 1648 1261 1683 συνισταμένων·
1334 1647 1388 1674 τῶν
1412 1647 1563 1682 ποιοτήτων
1576 1646 1712 1680 ταυτότης
1734 1644 1833 1678 ἐπίσης

1038 1695 1094 1726 τοῖς
1117 1694 1247 1725 ἐναντίοις
1264 1694 1461 1729 ἐμφαινομένη,
1475 1693 1508 1719 δι’
1523 1692 1622 1728 ἐαυτῆς
1637 1693 1710 1718 ποιεῖ
1721 1691 1778 1717 τῶν
1789 1690 1834 1716 ἀν-

1035 1741 1197 1776 τικειμένων
1210 1741 1258 1776 τὴν
1271 1740 1387 1767 σύνοδον.
1407 1740 1487 1767 ’Λλλά
1501 1740 1527 1766 τί
1540 1748 1583 1775 μοι
1598 1738 1699 1765 τὰκαθ¹
1717 1738 1833 1764 ἕκαστον

1035 1787 1070 1814 δι’
1088 1787 1228 1823 ἀκριϐείας
1242 1787 1351 1819 ἐξιέναι,
1366 1787 1439 1818 ὅπως
1459 1785 1545 1812 ταῦτα
1559 1785 1606 1812 κα¹ι
1627 1785 1765 1820 τέτμηται
1785 1784 1832 1810 ἀπ’

1036 1834 1158 1870 ἀλλήλων
1171 1835 1204 1869 τῇ
1218 1832 1373 1860 ἐναντιώσει
1387 1833 1436 1868 τῆς
1447 1833 1563 1868 φύσεως,
1576 1832 1622 1858 καὶ
1633 1831 1715 1858 πάλιν
1727 1831 1830 1866 ἥνωται

1035 1881 1068 1914 τῇ
1088 1879 1230 1913 συγγενείᾳ
1243 1878 1297 1905 τῶν
1317 1878 1467 1913 ποιοτήτων
1483 1877 1610 1912 ἀλλήλοις
1627 1876 1830 1911 συνανακιρνά-

1037 1933 1104 1960 μενα
1120 1934 1126 1958 ;
1146 1924 1217 1960 Πλὴν
1236 1920 1266 1950 οὗ
1283 1925 1363 1960 χάριν
1381 1924 1434 1950 τῶν
1454 1923 1608 1959 εἰρημένων
1628 1921 1829 1957 ἐμνήσθημεν,

1035 1973 1075 1998 ὅτι
1092 1971 1284 1998 συνεϐούλευεν
1295 1973 1308 1998 6
1321 1970 1425 2006 τὴντοῦ
1442 1969 1566 2005 σώματος
1578 1968 1660 2003 φύσιν
1676 1970 1709 2003 τῇ
1727 1968 1832 2003 θεωρίᾳ

1034 2017 1121 2053 ταύτῃ
1136 2018 1307 2052 κατανοήσας
1323 2017 1457 2052 προνοεῖν,
1472 2016 1509 2048 ὡς
1524 2013 1579 2042 οἷόν
1597 2024 1636 2047 τε,
1652 2015 1703 2050 τῆς
1719 2015 1832 2050 ἰσοκρα-

1034 2064 1108 2095 τείας
1123 2063 1176 2090 τῶν
1190 2064 1341 2099 ποιοτήτων
1354 2071 1360 2078 ⁸
1384 2064 1412 2089 ἐν
1432 2062 1520 2097 τούτῳ
1536 2062 1590 2098 γὰρ
1604 2059 1673 2088 εἶναι
1691 2060 1724 2087 τὸ
1737 2060 1830 2094 ὑγιαίο

1034 2118 1098 2141 νειν,
1115 2110 1143 2135 ἐν
1161 2108 1200 2144 τῷ
1218 2109 1300 2144 μηδὲν
1314 2109 1367 2135 ὑπὸ
1381 2108 1428 2134 τοῦ
1447 2108 1541 2143 ἑτέρου
1558 2108 1611 2134 τῶν
1625 2108 1653 2133 ἐν
1669 2108 1737 2141 ἡμῖν
1750 2106 1832 2132 δυνα-

1034 2154 1188 2180 στεύεσοαι.
1212 2153 1316 2180 Οὐκοῦν
1339 2153 1518 2188 ἐπιμελητέον
1542 2153 1608 2187 ἡμῖν
1624 2152 1673 2186 τῆς
1696 2150 1831 2185 τοιαύτης

1032 2199 1226 2230 καταστάσεως
1243 2199 1310 2234 πρὸς
1333 2199 1381 2234 τὴν
1395 2199 1442 2234 τῆς
1457 2199 1550 2232 ὑγείας
1576 2197 1706 2232 διαμονὴν
1717 2217 1724 2229 ,
1750 2197 1832 2230 εἰπερ

191 2243 335 2278 quoniam,
347 2244 393 2279 qui
407 2245 449 2271 his
460 2245 542 2273 rebus
557 2245 758 2272 animadversis
781 2247 908 2280 corporis
930 2255 976 2274 na-

1041 2254 1057 2271 .'t
1070 2245 1169 2280 ἀληθὲς
1186 2245 1275 2272 αὐτῶν
1293 2246 1306 2272 6
1322 2245 1401 2279 λογος
1419 2244 1475 2280 ἔχει
1487 2264 1493 2275 ,
1521 2243 1615 2280 μηδενὶ
1633 2243 1713 2278 μέρει
1728 2242 1785 2268 τῶν
1801 2241 1832 2272 ἐξ

189 2292 278 2315 turam
295 2293 496 2317 commentatus
519 2295 572 2323 est,
586 2290 631 2317 hic
642 2291 748 2317 monuit
767 2292 898 2326 mquahun
918 2301 978 2319 eam

188 2334 351 2369 qualitatum
364 2336 513 2370 potentiam
524 2336 597 2363 omni
610 2337 716 2363 ratione
729 2337 819 2363 curari
834 2342 960 2371 oportere
970 2360 976 2372 ,

188 2379 252 2415 quia
268 2379 296 2406 in
309 2379 362 2408 hoc
379 2381 430 2408 sita
446 2384 488 2408 est
499 2381 570 2408 bona
583 2381 722 2413 valetudo,
746 2386 775 2407 ut
787 2382 855 2408 nihil
871 2391 978 2415 eorum,

189 2426 285 2462 qutein
301 2426 381 2454 nobis
395 2426 500 2458 insunt,
522 2427 556 2453 ab
576 2427 638 2454 aliis
657 2434 809 2462 superetur.
829 2429 914 2464 igitur
928 2437 979 2457 nos

190 2471 346 2507 hujnsmodi
366 2472 492 2507 corporis
516 2472 753 2505 constitutionem,
777 2475 800 2501 si
827 2476 890 2509 quid
922 2476 978 2503 veri

187 2525 284 2547 earum
299 2525 391 2545 rerum
407 2520 634 2546 commemoratio
645 2519 737 2552 habet,
751 2521 783 2547 ad
797 2521 977 2549 valetudinem

189 2568 321 2600 perpetuo
342 2564 470 2592 tuendam
486 2572 584 2592 curare
606 2566 746 2597 debemus.
773 2572 801 2593 ut
817 2568 850 2594 ad
875 2569 977 2595 nullam

189 2615 293 2645 partem
311 2618 418 2643 eorum,
434 2619 466 2639 ex
484 2612 585 2646 quibus
601 2613 736 2647 compacti
758 2622 864 2646 sumu5,
890 2623 978 2650 neque

188 2655 303 2682 nimium
318 2663 407 2690 neque
426 2663 525 2690 parum
546 2664 579 2683 ex
601 2658 728 2692 inarqnali
754 2659 842 2686 vietus
872 2659 978 2687 ratione

188 2701 331 2729 addamus.
353 2700 388 2729 Ut
403 2702 476 2729 enim
490 2701 608 2729 vehiculi
626 2708 716 2731 rector
731 2704 751 2731 si
768 2705 838 2732 forte
855 2705 973 2739 cquulos

189 2753 242 2772 non
255 2747 460 2774 consentientes
477 2747 684 2783 concordesque
701 2750 779 2784 regit,
804 2758 892 2785 neque.
906 2750 975 2778 cele-

187 2797 244 2817 rem
260 2791 420 2819 verberibus
434 2792 541 2825 incitat,
556 2801 645 2828 neque
664 2794 771 2821 tardum
791 2795 905 2822 habenis
935 2803 978 2822 re-

186 2834 289 2870 primit,
304 2844 392 2872 neque
407 2845 502 2865 rursus
519 2846 688 2874 perversum.
709 2840 870 2867 eth-enatum
889 2846 915 2867 et
940 2841 979 2868 in-

187 2880 321 2909 domitum
337 2883 394 2911 suis
406 2883 482 2912 illum
494 2885 700 2914 ineitalionibus
713 2885 740 2914 in
751 2887 856 2914 ordinis
867 2894 974 2922 perun"

1031 2289 1068 2319 ὧν
1080 2293 1286 2327 συνεστήκαμεν
1304 2291 1320 2327 ἢ
1338 2290 1508 2326 πλεονασμὸν
1526 2290 1542 2325 ἢ
1557 2289 1705 2316 ἐλάττωσιν
1724 2290 1757 2315 ἐκ
1781 2288 1831 2322 τῆς

1030 2338 1101 2365 κατὰ
1114 2338 1163 2373 τὴν
1179 2338 1284 2364 δίαιταν
1302 2338 1460 2373 ἀνωμαλίας
1477 2337 1625 2371 ἐπάγοντες
1637 2343 1645 2351 ·
1661 2335 1761 2371 ὥσπερ
1775 2335 1830 2370 γὰρ

1030 2386 1043 2412 6
1055 2385 1100 2412 τοῦ
1119 2385 1241 2420 ἅρματος
1253 2385 1412 2419 ἐπιστάτης,
1436 2385 1460 2410 εί
1474 2383 1511 2418 μὴ
1531 2381 1752 2417 συμφωνούντων
1763 2383 1826 2408 ἐπι-

1030 2431 1140 2465 στατοίη
1163 2430 1214 2456 τῶν
1228 2430 1342 2461 πώλων,
1366 2430 1428 2456 οὗτε
1452 2429 1497 2456 τὸν
1514 2429 1577 2462 ὀξὺν
1602 2427 1772 2463 ἐπισπέρχει
1793 2429 1828 2463 τῇ

1031 2475 1152 2510 μάστιγι,
1169 2473 1231 2502 οὔτε
1243 2475 1289 2501 τὸν
1317 2475 1418 2510 βραδὺν
1433 2474 1548 2508 κατάγει
1563 2474 1622 2504 ταῖς
1644 2473 1748 2508 ἡνίαις,
1773 2473 1829 2499 οὐδ’

1030 2519 1065 2548 αὖ
1079 2521 1161 2548 πάλιν
1175 2521 1220 2549 τὸν
1235 2521 1455 2557 ἐνδιάστροφονῆ
1469 2521 1595 2555 δυσήνιον
1609 2520 1705 2546 ἄνετον
1720 2521 1754 2555 ἐᾷ
1769 2521 1832 2551 ταῖς

1028 2568 1142 2599 οἰκείαις
1168 2569 1269 2604 ὁρμαῖς
1290 2568 1330 2598 εις
1350 2566 1463 2598 ἀταξίαν
1485 2565 1668 2600 ἐκφέρεσθαι.
1694 2565 1767 2592 ἀλλά
1785 2565 1832 2592 τὸν

1030 2615 1078 2650 μὲν
1093 2613 1216 2646 εὐθύνει,
1239 2614 1285 2640 τὸν
1300 2614 1328 2640 δὲ
1343 2613 1489 2640 ἀνακόπτει
1500 2633 1507 2643 .
1525 2613 1588 2644 τοὺς
1607 2611 1637 2639 δὲ
1653 2612 1831 2638 καθικνεῖται

1028 2659 1072 2686 διὰ
1089 2660 1140 2695 τῆς
1155 2661 1297 2695 μάστιγος,
1322 2660 1374 2691 ἓως
1389 2659 1455 2694 μίαν
1474 2660 1531 2690 τοῖς
1547 2660 1615 2685 πᾶσι
1629 2657 1680 2693 τὴν
1695 2658 1769 2693 πρὸς
1784 2657 1832 2684 τὸν

1027 2706 1130 2741 δρόμον
1154 2707 1308 2741 σύμπνοιαν
1324 2706 1477 2742 ὲμποιήσῃ“
1503 2705 1550 2731 τὸν
1563 2703 1645 2731 αὐτὸν
1658 2704 1764 2739 τρόπον
1783 2704 1833 2730 καὶ

1027 2751 1041 2777 6
1059 2751 1192 2787 ἡμέτερος
1211 2751 1272 2783 νοῦς
1297 2753 1310 2778 6
1327 2751 1375 2783 τὰς
1400 2750 1445 2778 τοῦ
1465 2750 1590 2785 σώματος
1605 2750 1686 2785 ἡνίας
1703 2750 1748 2784 ἐφ’
1766 2750 1832 2776 ἑαυ-

1028 2795 1074 2822 τὸν
1086 2795 1164 2831 ἔχων,
1180 2795 1241 2823 οὔτε
1258 2796 1431 2828 πλεονάζοντι
1449 2796 1487 2831 τῷ
1501 2795 1595 2832 θερμῷ
1609 2795 1682 2822 κατὰ
1702 2795 1752 2822 τὸν
1765 2804 1827 2821 και-

1030 2841 1076 2876 ρὸν
1089 2841 1138 2876 τῆς
1151 2842 1276 2878 νεότητος
1293 2843 1342 2874 τὰς
1359 2843 1406 2878 τῆς
1422 2841 1570 2877 πυρώσεως
1585 2841 1750 2877 προσθήκας
1767 2841 1830 2867 ἐπι-

1028 2887 1137 2923 νοήσει,
1161 2886 1222 2914 οὔτε
1243 2888 1442 2925 κατεψυγμένη)
1456 2888 1500 2915 διὰ
1521 2887 1606 2920 πάθος
1624 2887 1640 2924 ἦ
1667 2887 1780 2924 χρόνον,
1795 2885 1834 2913 τι
