1912 3080
72 139 126 167 405

733 146 777 174 os
793 147 1033 185 vmcINIrATE,

1666 156 1718 184 «ίοὸ

72 197 194 249 ιιιύχοντα
208 199 256 225 καὶ
269 199 303 249 τα
319 201 488 237 μαραίνοντα
504 203 647 232 πλεονάσει
657 214 664 221 ·
695 206 742 233 καὶ
761 207 807 234 ἐπὶ
819 207 872 234 τῶν

926 210 1062 237 bationem
1078 209 1166 237 eﬂ‘crri
1183 210 1261 244 sinit,
1287 211 1335 239 sed
1359 211 1433 240 hunc
1454 213 1561 249 dirigit,
1578 213 1655 242 illum
1673 221 1718 242 re-

72 241 175 269 λοιπῶν
199 245 352 280 ποιοτήτων
375 247 476 283 ὁμοίως
497 250 547 286 τῆς
570 251 590 277 Γ
593 252 682 287 ραφῆς
704 252 853 279 ἀκούσεται
866 260 873 268 ’

78 288 136 315 Ἱνα
150 289 220 324 μήτε
231 291 245 316 ὁ
255 291 286 317 τὸ
302 291 368 320 πολὺ
385 293 531 331 πλεονάσῃ,
545 296 613 331 μήτε
629 297 643 322 ό
655 296 685 323 τὸ
695 296 785 331 ὀλίγον
795 297 874 324 ἐλατ-

72 334 172 370 τονήσῃ
185 344 192 350 ·
217 336 286 362 ἀλλὰ
301 337 332 364 τὸ
346 338 376 365 ἐν
399 339 524 376 ἐκατέρῳ
541 341 661 376 ἄμετρον
684 343 870 378 περικόπτων,

72 380 120 414 τῆς
133 380 181 407 τοῦ
195 382 333 416 ἐνδέοντος
345 384 505 422 προσθήκης
528 387 735 423 ἐπιμελήσεται,
754 389 802 416 καὶ
823 389 871 415 ἐπ-

74 425 134 461 ίσης
146 427 197 463 τὴν
210 429 253 463 ἐφ’
267 429 386 465 ἑκάτερα
397 431 444 458 τοῦ
457 432 581 467 σώματος
596 433 746 469 ἀχρηστίαν
755 434 871 468 φυλάξε-

73 480 117 499 ται
129 481 136 488 ·
150 474 222 508 μήτε
236 474 270 501 δι’
289 475 513 513 ὑπερῆαλλούσης
528 478 676 510 εὐπαθείας
690 480 809 506 ἄτακτον
824 480 872 507 καὶ

73 518 198 554 δυσήνιωι
220 521 272 556 τὴν
299 522 389 558 σάρκα
415 523 512 550 ἑαυτοῦ
540 525 719 561 ἐπασκήσας,
744 526 812 561 μήτε
827 526 872 553 διὰ

72 564 120 597 τῆς
137 565 261 602 ἀμέτρου
277 568 461 601 κακοπαθείας
477 569 582 606 νοσώδη
597 571 645 598 καὶ
658 571 809 606 λελυμένην
824 571 872 598 καὶ

73 610 168 638 ἄτονον
183 613 255 648 πρὸς
277 614 327 649 τὴν
348 615 501 650 ἀναγκαίαν
519 617 671 653 ὑπηρεσίαν
695 618 872 654 παρασκευά-

75 664 142 688 σας·
171 657 252 691 οὗτος
277 660 292 686 ὁ
314 661 482 694 τελειότατος
504 665 553 698 τῆς
573 664 736 700 ἐγκρατείας
759 665 869 698 σκοπξς,

73 702 132 737 οὐχὶ
154 704 225 739 πρὸς
245 706 294 740 τὴν
315 707 362 733 τοῦ
387 707 513 743 σώματος
538 708 648 743 βλέπειν
669 709 869 742 κακοπάθειαν,

72 748 141 775 ἀλλὰ
154 750 224 786 πρὸς
238 751 357 787 τὴν.τῶν
370 752 495 789 ψυχικῶν
507 754 717 790 διακονημάτων
733 755 870 783 εὐκολίαν.

927 255 1026 287 frenat,
1039 259 1066 283 et
1086 256 1168 283 alium
1184 256 1291 292 ﬂagello
1305 257 1433 295 impellit,
1444 259 1536 295 quoad
1561 268 1643 287 unam
1660 268 1719 288 om-

926 299 1007 326 nibus
1022 298 1054 326 ad
1074 299 1240 326 currendum
1258 301 1490 335 conspirationem
1509 301 1650 330 cll‘ecerit:
1670 311 1718 330 eo-

924 343 986 372 dem
999 344 1081 371 modo
1097 352 1174 371 mens
1190 349 1295 378 nostra,
1314 354 1376 381 quae
1390 348 1515 382 corporis
1541 348 1665 376 habenas
1690 349 1717 376 in

924 386 954 417 se
974 389 1067 421 habet,
1079 397 1132 416 non
1149 390 1219 426 ignis
1229 391 1415 419 additamenta
1429 394 1596 429 excogitabit
1611 394 1714 426 ardori,

923 435 970 470 qui
985 435 1077 462 adulta
1094 440 1174 463 aetate
1191 437 1380 465 vehementior
1397 446 1463 466 sane
1475 443 1527 469 est,
1539 446 1621 474 quam
1638 447 1717 475 opor-

924 484 962 510 tet
976 490 982 509 :
998 489 1088 517 neque
1103 482 1175 518 quod
1192 487 1240 510 aut
1259 487 1391 519 tempore,
1414 488 1461 512 aut
1479 484 1577 512 aﬂectu
1604 486 1715 513 refrixe-

923 528 970 560 rit,
989 528 1077 563 magis
1100 536 1133 556 ea
1159 529 1301 563 accendet,
1325 537 1386 565 quae
1413 530 1510 565 frigida
1534 535 1562 558 et
1580 533 1716 559 exstincta

924 578 1009 602 sunt:
1034 575 1157 609 atquein
1183 576 1296 611 reliquis
1317 576 1429 611 quidem
1457 577 1637 612 qualitatibus
1657 578 1715 612 pari

924 618 1031 646 ratione
1051 619 1076 646 id
1106 619 1208 652 audiet,
1235 621 1307 656 quod
1332 621 1433 649 divinis
1457 622 1556 650 litteris
1582 623 1715 658 scriptum

923 667 986 691 est:
1002 662 1041 692 Ne.
1058 664 1103 699 qui
1121 665 1247 698 multum,
1267 666 1409 701 abundet;
1433 667 1479 701 qui
1499 675 1605 702 parum,
1624 668 1716 694 minus

925 707 1042 736 habeat:
1066 709 1114 738 sed
1139 710 1213 745 quod
1230 711 1257 738 in
1284 715 1400 746 utroque
1427 712 1637 739 immoderatum
1663 716 1715 743 est,

923 759 1085 789 amputans,
1114 763 1214 791 augere
1240 756 1266 783 id
1289 757 1416 790 curabit,
1440 757 1469 785 in
1488 766 1543 792 quo
1560 758 1638 786 deest
1661 768 1667 785 :
1691 763 1718 786 et

73 798 203 831 corporis
227 798 479 829 incommoditatem
504 802 647 838 mqualiter
673 803 700 831 in
726 807 842 838 utraque
870 802 995 834 cavebit.
1021 810 1055 830 ne
1074 803 1114 830 vel
1134 811 1190 838 prae.
1213 804 1381 832 abundantia
1403 805 1562 832 deliciarum
1590 805 1628 832 ita
1657 813 1717 840 per-

73 845 186 873 turbata
211 847 249 874 sit
271 855 347 882 caro,
371 853 402 876 ut
425 849 482 885 regi
507 857 562 878 non
583 851 682 886 possit,
700 851 742 879 vel
768 859 823 887 pra:
848 851 1024 878 immoderata
1045 850 1218 879 alllictatione
1233 852 1304 880 male
1317 853 1426 885 ail‘ecta,
1444 853 1534 880 tenuis
1551 856 1577 880 ct
1596 853 1628 880 ad
1649 861 1716 881 usus

74 892 136 919 vitae
158 894 332 922 necessarios
350 895 458 924 inﬁrma
475 896 607 924 elIiciatur
621 906 629 925 :
644 898 696 925 hac
715 898 819 925 ratione
842 897 907 925 illud
927 897 1155 932 perfectissimum
1170 902 1211 925 est
1225 899 1400 926 continentia:
1415 899 1595 935 proposnum,
1616 903 1645 926 ut
1661 907 1715 928 non

75 940 109 967 ad
126 942 257 976 corporis
274 942 490 977 atllictationem,
501 945 550 972 sed
564 945 598 973 ad
613 946 772 974 commodas
785 946 870 973 animi
891 945 1048 973 (unctiones
1064 949 1179 980 spectet.

368 1000 496 1028 ΚΕΦΑΛ.
516 1002 581 1031 KI".

75 1053 140 1094 ὀςι
152 1054 280 1094 ,ὁμοίως-Μ
292 1055 480 1084 ἐναντιοῦται
505 1057 542 1092 τῇ
562 1058 649 1093 ψυχῇ
666 1059 740 1094 πρὸς
757 1058 814 1093 τὴν
827 1067 872 1085 τε·

106 1089 246 1151 ﬂzclr‘tlr,
262 1090 282 1125 ἢ
301 1099 332 1118 τε
345 1089 596 1128 πολυσαρκίᾱκὶιί
608 1089 771 1129 ἦᾞμὲτρος
783 1089 872 1121 καλο-

109 1169 152 1196 Τᾶ
169 1170 199 1196 δὲ
217 1170 278 1197 καθ’
291 1171 416 1206 ἕκαστον,
436 1173 510 1206 ὅπως
524 1183 554 1201 τε
566 1174 619 1210 χρὴ
637 1173 768 1210 βιοτεύειν
783 1174 829 1201 τὸν
842 1175 871 1200 ὲν

74 1215 223 1251 φιλοσοφίᾳ
242 1217 327 1253 ταύτῃ
350 1218 401 1254 ζῇν
417 1219 608 1255 προελόμενον,
629 1220 676 1247 καὶ
694 1220 755 1247 τίνα
769 1219 869 1255 φυλάτ-

74 1261 181 1293 τεσθαι,
195 1262 242 1289 καὶ
260 1263 332 1290 τίσιν
353 1264 568 1301 ἐπιτηδεύμασιν
585 1266 682 1293 ἀσκεῖν
699 1265 806 1298 ἑαυτὸν,
823 1267 870 1300 ἐγ-

75 1308 208 1342 κρατείας
226 1308 326 1345 μέτρα,
344 1311 390 1337 καὶ
414 1311 554 1346 διαγωγῆς
578 1312 690 1348 τρόπον,
710 1313 757 1338 καὶ
782 1312 872 1339 πάντα

73 1352 121 1378 τὸν
139 1353 320 1381 ὲπιὸάλλοντα
337 1355 377 1391 τῷ
389 1356 504 1392 τοιούτῳ
521 1357 616 1392 σχοπῷ
636 1357 703 1393 βίον,
727 1357 781 1392 ὅτῳ
796 1357 872 1391 φίλον

74 1396 107 1423 δι’
117 1398 263 1432 ἀκριϐείας
280 1399 388 1435 μαθεῖν,
404 1401 457 1427 εἰσὶ
473 1401 522 1436 μὲν
533 1402 580 1428 καὶ
598 1402 730 1437 ἔγγραφοι
742 1402 870 1429 διδασκα-

75 1443 131 1470 λίαι
144 1444 232 1472 ταῦτα
246 1445 438 1473 διδάσκουσαι·
464 1448 645 1485 ἐνεργεστὲρα
661 1444 695 1475 δὲ’
708 1449 756 1484 τῆς
773 1449 804 1475 ὲκ
818 1448 871 1476 τῶν

75 1490 164 1524 λόγων
177 1491 292 1527 διδαχῆς
303 1493 320 1528 ἡ
334 1492 378 1520 διὰ
393 1493 446 1520 τῶν
460 1493 549 1529 ἔργων
563 1494 638 1520 ἐστιν
659 1495 807 1530 ὑφήγησις·
823 1495 870 1521 καὶ

75 1535 190 1570 οὐδεμία
204 1536 336 1572 πρόσεστι
358 1537 486 1565 δυσκολία
496 1539 536 1574 τῷ
548 1539 751 1575 προστάγματι,
764 1540 801 1572 ὡς
816 1541 872 1567 δεῖν

76 1580 93 1617 ἦ
106 1582 218 1617 μακρὰν
228 1582 394 1619 ὁδοιπορίαν,
403 1585 420 1619 ἢ
431 1585 570 1612 ναυτιλίαν
580 1585 678 1621 πολλὴν
691 1586 871 1618 ὑποστάντας,

76 1627 218 1662 ἐπιτυχεῖν
233 1628 281 1655 τοῦ
297 1629 483 1662 παιδεύοντος·
505 1631 561 1658 ἀλλ’
577 1631 660 1666 ὲγγὺς
677 1640 725 1658 σου
741 1631 772 1658 τὸ
785 1631 871 1667 ῥῆμα,

1209 1004 1324 1032 CAPUT
1343 1003 1440 1030 XXIII.

926 1061 967 1088 Ad
981 1062 1064 1088 animi
1080 1061 1266 1096 perfectionem
1288 1067 1341 1088 (nm
1363 1060 1470 1095 impedit
1492 1061 1610 1094 corporis
1629 1061 1714 1088 obesi-

1069 1102 1122 1129 tas,
1138 1106 1217 1132 quam
1231 1097 1368 1131 aﬂlictatio
1383 1096 1568 1122 iumwderum.

961 1175 1013 1209 Qui
1040 1183 1105 1204 vero
1130 1176 1309 1212 philosophiae
1333 1176 1443 1204 deditus
1469 1181 1530 1206 est,
1546 1182 1626 1210 quem
1654 1175 1716 1202 vita:

926 1229 1038 1249 cursum
1054 1221 1080 1248 in
1096 1221 1211 1257 singulis
1224 1222 1306 1249 rebus
1319 1226 1412 1249 tenere
1427 1229 1488 1249 cum
1503 1225 1636 1255 oporteat,
1650 1221 1715 1247 etin

926 1267 1027 1302 quibus
1042 1268 1158 1300 versari,
1181 1272 1208 1295 et
1229 1275 1292 1303 quae
1315 1275 1424 1301 cavere,
1447 1272 1474 1294 et
1491 1267 1524 1294 ad
1547 1274 1607 1301 quae
1627 1266 1716 1294 studia

927 1314 1048 1341 animum
1074 1313 1238 1349 adjungerc,
1263 1321 1357 1349 quaeve
1384 1313 1420 1340 sit
1436 1313 1613 1340 continentiae
1636 1313 1716 1342 ratio.

927 1360 974 1394 qui
996 1359 1150 1394 disciplinze
1173 1359 1281 1392 modus,
1307 1359 1354 1394 qui
1385 1358 1503 1392 denique
1526 1359 1587 1384 vita:
1618 1365 1716 1384 cursus

926 1406 1027 1438 onmis,
1043 1406 1089 1440 qui
1104 1407 1137 1432 ad
1158 1406 1209 1432 hoc
1223 1405 1394 1441 propositum
1417 1408 1538 1439 spectat,
1562 1404 1718 1438 cuicunque

926 1457 1034 1486 gratum
1050 1455 1092 1478 est
1104 1451 1248 1486 diligenter
1261 1458 1438 1486 cognoscere,
1456 1453 1589 1485 pra-pepla
1605 1450 1715 1484 quidem

928 1497 1013 1524 multa
1040 1497 1138 1525 litteris
1165 1497 1322 1532 consignata
1349 1501 1424 1527 sunt,
1454 1495 1554 1531 quibus
1580 1495 1636 1522 hare
1658 1496 1717 1529 ipsa

927 1542 1073 1570 traduntur
1088 1552 1095 1572 :
1114 1542 1160 1570 sed
1176 1542 1310 1569 minorem
1326 1542 1381 1569 vim
1399 1541 1482 1568 habet
1503 1541 1547 1567 illa
1569 1544 1716 1575 praeceptu-

926 1596 987 1622 rum
1013 1587 1170 1623 explicatio,
1196 1595 1258 1623 quas
1277 1587 1370 1616 verbis
1397 1588 1509 1623 potius.
1531 1594 1613 1622 quam
1638 1587 1717 1615 factis

927 1636 1141 1666 demonstratur.
1156 1634 1286 1669 nullaque
1301 1633 1340 1661 rei
1360 1633 1506 1660 ditlicultas
1523 1633 1604 1664 inest,
1628 1637 1658 1659 ut
1672 1639 1718 1659 :Itll.

77 1674 160 1710 φησιν
175 1675 189 1701 ό
214 1674 374 1708 ’Δπόστολος
386 1685 393 1692 ·
411 1677 466 1704 ἀπὸ
486 1678 536 1719 τῆς
552 1677 644 1709 ἑστίας
666 1678 684 1713 ἠ
707 1677 803 1714 χάρις’
830 1678 872 1704 ὲν-

926 1683 1105 1718 longinquum
1129 1681 1199 1714 iter,
1226 1683 1273 1707 aut
1298 1679 1412 1707 multam
1441 1679 1642 1713 navigationem
1668 1687 1717 1706 nos

77 1719 166 1747 ταῦοα
180 1720 212 1747 τὸ
223 1721 278 1747 τῶν
290 1722 400 1756 ἀγαθῶν
414 1723 608 1759 ἐργαστήριον,
629 1724 657 1749 ὲν
675 1720 697 1758 ᾦ
713 1723 742 1750 τδ
755 1723 873 1759 ἀκρότα-

78 1774 123 1793 τον
136 1767 187 1802 τῆς
199 1767 342 1803 ἀκριϐείας
356 1769 370 1795 ὁ
383 1769 502 1800 τοιοῦτος
515 1769 571 1804 βίος
584 1769 688 1806 προῖὼν
704 1769 874 1805 ὲκκεκάθαρ-

77 1820 123 1839 ται.
135 1821 142 1827 ·
160 1813 208 1839 καὶ
219 1813 302 1850 πολλή
314 1815 388 1841 ἐστιν
398 1815 507 1847 ἐξουσία
518 1817 564 1842 καὶ
579 1815 743 1843 σιωπώντων
756 1816 874 1843 ἐνταῦθα

79 1858 127 1886 καὶ
141 1859 336 1894 φθεγγομένων
348 1860 397 1895 τὴν
412 1860 538 1896 οὐράνιον
557 1861 658 1897 ταύτην
675 1861 812 1888 πολιτείαν
831 1861 874 1888 διὰ

78 1905 133 1931 τῶν
156 1905 246 1940 ἔργων
268 1905 459 1933 διδάσκεσθαι·
486 1907 548 1933 ἐπεὶ
571 1907 618 1934 καὶ
644 1908 697 1940 πᾶς
714 1907 792 1942 λόγος
812 1907 874 1943 δίχα

81 1951 136 1978 τῶν
158 1952 247 1987 ἔργων
265 1951 468 1988 θεωρούμενος,
483 1953 537 1980 κᾶν
550 1954 591 1980 ὅτι
605 1953 723 1989 μάλιστα
735 1954 875 1981 κεκαλλω-

81 1999 215 2035 πισμένος
230 1999 310 2036 τύχῃ,
334 2000 419 2027 εἰκόνι
434 2000 522 2028 ἔοικεν
535 2001 641 2037 ἀψύχῳ,
663 2003 691 2028 ἐν
713 2002 813 2038 βαφαῖς
827 2002 874 2029 καὶ

79 2046 226 2082 χρώμασιν
249 2046 348 2082 εὐανθῆ
368 2055 428 2074 τινα
451 2049 613 2084 χαρακτῆρα
637 2049 871 2085 προδεικνυούσῃ¹

78 2094 93 2120 ό
107 2092 136 2119 δὲ
151 2092 236 2119 ποιῶν
254 2092 301 2119 καὶ
312 2092 457 2126 διδάσκων,
481 2093 573 2124 καθώς
586 2094 638 2121 πού
654 2103 720 2130 φησι
737 2095 767 2121 τὸ
784 2095 874 2130 Εὐαγ-

79 2142 182 2177 γὲλιον,
191 2139 268 2174 οὗτος
277 2141 384 2176 ἀληθῶς
396 2141 451 2174 ζῶν
464 2143 537 2170 ἐστιν
551 2143 705 2179 ἄνθρωπος,
715 2145 762 2170 καὶ
775 2143 874 2180 ὡραῖος

78 2188 118 2224 τῷ
133 2188 244 2219 κάλλει,
274 2188 322 2214 καὶ
344 2188 473 2222 ἐνεργὸς,
496 2190 544 2216 καὶ
570 2189 739 2224 κινούμενος.
769 2190 874 2217 Οὐκοῦν

78 2234 169 2269 τούτῳ
192 2236 405 2272 προσεροιτητὲον
431 2237 490 2263 ἐστὶ
511 2235 558 2262 τὸν
585 2235 716 2270 μέλλοντα
739 2235 811 2262 κατὰ
829 2235 874 2262 τὸν

78 2280 197 2316 ἐροῦντα
217 2281 295 2316 λόγον
317 2282 368 2317 τῆς
386 2281 535 2317 παρθενίας
547 2280 709 2313 ἀνθέξεσθαι
725 2289 732 2296 ·
749 2281 873 2317 καθάπερ

78 2327 134 2362 γὰρ
150 2329 165 2353 ό
179 2328 271 2364 φωνὴν
291 2328 385 2360 ἔθνους
401 2328 473 2360 τινος
490 2328 620 2363 ἐκμαθεῖν
637 2327 872 2363 προθυμούμενος,

78 2373 128 2399 οὐκ
149 2372 224 2400 ἐστιν
245 2372 386 2410 αὖτάρκης
403 2374 493 2410 ἑαυτῷ
515 2374 692 2407 διδάσκαλος,
715 2374 783 2401 ἀλλὰ
799 2375 875 2410 παρὰ

78 2417 134 2443 τῶν
149 2418 339 2452 ἐπισταμένων
363 2418 530 2450 παιδεύεται,
547 2418 594 2444 καὶ
611 2417 683 2444 οὓτω
698 2417 803 2452 γίνεται
818 2420 873 2449 τοῖς

78 2463 281 2497 ἀλλογλώσσοις
299 2465 450 2500 ὁμόφωνος.
478 2465 571 2496 Οὕτως
592 2461 669 2499 οἶμαι
686 2464 734 2490 καὶ
750 2463 796 2490 τοῦ
813 2464 872 2498 βίου

80 2509 176 2536 τούτου
188 2510 226 2546 μὴ
235 2511 305 2538 κατὰ
312 2511 362 2547 τὴν
371 2511 531 2538 ἀκολουθίαν
542 2510 682 2546 προϊόντος
694 2509 743 2545 τῆς
756 2510 873 2544 φύσεως,

81 2555 139 2582 ἀλλ’
159 2556 368 2592 ἁπεξενωμένου
388 2559 420 2592 τῇ
437 2557 576 2592 καινότητι
598 2556 649 2592 τῆς
666 2556 816 2591 διαγωγῆς,
836 2558 872 2592 μὴ

81 2600 169 2633 ἄλλως
182 2602 242 2628 τινὰ
258 2602 354 2638 μαθεῖν
371 2603 420 2639 τὴν
442 2603 597 2638 ἀκρίϐειαν,
613 2603 629 2638 ἢ
648 2602 724 2638 παρὰ
740 2602 787 2629 τοῦ
809 2611 875 2629 κατ-

80 2647 243 2684 ωρθωκότος
258 2649 512 2684 χειραγωγούμενον
523 2656 529 2664 ⁸
545 2649 593 2675 καὶ
607 2649 641 2675 τὰ
655 2649 723 2676 ἄλλα
738 2648 767 2675 δὲ
784 2648 875 2676 πάντα

81 2696 131 2721 ὅσα
149 2695 222 2722 κατὰ
240 2695 285 2722 τὸν
304 2695 359 2730 βίον
376 2695 582 2731 ἐπιτηδεύομεν,
606 2695 706 2731 μᾶλλον
733 2695 874 2731 κατορθω-

81 2740 141 2776 θείη
156 2741 196 2775 τῲ
221 2741 355 2776 μετιόντι,
379 2742 403 2767 εί
420 2741 495 2776 παρὰ
509 2741 678 2773 διδασκάλοις
701 2750 742 2772 τις
757 2741 872 2768 ἑκάστου

81 2787 134 2813 τῶν
160 2786 386 2822 σπουδαζομένων
407 2787 523 2822 ἐκμάθοι
549 2787 598 2823 τὴν
621 2787 791 2822 ἐπιστήμην,
816 2787 871 2822 ἧεὶ

118 2875 140 2892 ⁸⁵
157 2875 239 2903 “orn.
256 2883 283 2907 χ,
302 2874 328 2901 8.
344 2896 347 2897 ν
368 2874 389 2889 ¹⁶
404 2873 501 2901 Matth.
528 2882 553 2908 ν,
577 2874 617 2902 19.

925 1728 1019 1756 subire
1038 1729 1174 1762 oporteat,
1200 1729 1230 1752 ut
1255 1729 1448 1760 praeceptorem
1470 1724 1609 1759 llujusque
1633 1723 1718 1750 disci-

925 1774 1006 1809 plina:
1023 1772 1182 1808 magistrum
1199 1778 1390 1806 assequamur,
1407 1770 1454 1798 sed
1466 1778 1549 1805 prope
1562 1774 1588 1796 te
1605 1770 1717 1799 verbum

924 1824 977 1851 est.
991 1819 1081 1854 inquit
1096 1818 1243 1854 Apostolus
1255 1817 1289 1849 ¹⁵,
1302 1820 1329 1845 et
1351 1817 1378 1843 in
1394 1816 1521 1851 praesenti
1544 1815 1643 1851 gratia.
1663 1815 1718 1842 Ιιοιτ

926 1865 986 1892 loco
1001 1865 1133 1891 virtutum
1149 1862 1260 1890 ofﬁcina
1276 1867 1328 1896 est,
1344 1862 1372 1889 in
1397 1869 1451 1897 qua
1477 1860 1636 1896 huiusmodi
1662 1861 1717 1887 vita

926 1910 959 1938 ad
983 1917 1118 1938 summam
1156 1909 1303 1945 quamdam
1338 1907 1525 1944 integritatem
1549 1915 1717 1942 progressa,

925 1956 1054 1984 Sardibus
1070 1960 1184 1991 purgata
1200 1960 1251 1983 est.
1271 1954 1355 1982 Multa
1369 1956 1450 1982 etiam
1468 1954 1519 1981 hoc
1531 1954 1591 1980 loco
1606 1961 1666 1980 cum
1684 1953 1717 1980 iis

925 2004 971 2038 qui
990 2007 1091 2036 tacent,
1107 2007 1164 2031 tum
1179 2003 1247 2035 illis,
1270 2003 1316 2038 qui
1333 2002 1496 2037 loquuntur,
1520 2001 1659 2035 proposita
1675 2005 1717 2026 cst

926 2049 1055 2082 facultas,
1075 2052 1106 2076 ut
1118 2056 1152 2076 ex
1171 2047 1251 2075 factis
1272 2047 1340 2082 ipsis
1358 2046 1464 2074 caelesti
1485 2046 1537 2072 hoc
1552 2046 1614 2072 vita:
1636 2044 1715 2071 insli-

926 2101 986 2124 tuto
1000 2095 1176 2128 erudiantur,
1193 2095 1324 2130 quoniam
1339 2093 1428 2120 oratio
1439 2092 1538 2124 omnis,
1558 2100 1618 2126 qua:
1634 2091 1716 2118 nullis

925 2142 1005 2169 factis
1022 2140 1166 2176 perspicua
1190 2143 1242 2172 cst,
1265 2139 1317 2167 etsi
1342 2137 1548 2172 ornatu,rnulto
1571 2137 1712 2172 perpolita,

925 2189 959 2216 ad
986 2188 1143 2216 inanimatae
1166 2186 1293 2220 imaginis
1318 2185 1525 2213 similitmlinem
1556 2191 1640 2218 prope
1669 2191 1716 2210 ac-

926 2234 1027 2267 cessit,
1055 2233 1282 2268 liueamentisqne
1307 2236 1334 2260 et
1363 2231 1503 2259 coloribus
1520 2231 1598 2266 quasi
1619 2230 1717 2257 ﬂoren-

927 2285 981 2307 tem
1009 2280 1130 2314 aliquam
1159 2279 1273 2306 formam
1301 2285 1356 2313 pra:
1372 2285 1402 2305 se
1426 2276 1505 2304 feret.
1522 2276 1645 2312 Namque
1670 2275 1715 2311 qui

927 2326 992 2354 facit
1017 2331 1044 2353 et
1061 2326 1157 2357 docet,
1175 2330 1205 2352 ut
1219 2325 1337 2360 quodam
1355 2324 1416 2351 loco
1429 2328 1472 2352 est
1487 2324 1513 2350 in
1530 2322 1714 2358 Evangelio”,

927 2373 972 2400 hic
1004 2380 1068 2400 vere
1089 2372 1170 2399 homo
1192 2376 1219 2400 et
1242 2370 1446 2406 pulchritudine
1470 2370 1596 2405 insignis.
1623 2370 1716 2402 Itaque

927 2419 972 2446 bic
988 2418 1012 2446 ei
1031 2416 1248 2452 frequentandus
1260 2420 1312 2450 est,
1326 2415 1385 2451 qui,
1401 2422 1429 2442 ut
1443 2415 1538 2442 litterzs
1554 2414 1714 2448 loquuntur.

926 2465 1111 2501 virginitatem
1128 2464 1165 2492 sit
1189 2462 1421 2498 apprehensurus.
1443 2460 1479 2489 Ut
1501 2461 1574 2488 enim
1592 2460 1638 2495 qui
1666 2459 1716 2485 ali-

926 2511 1006 2546 cujus
1021 2510 1142 2538 nationis
1156 2517 1309 2538 sermonem
1327 2509 1434 2536 discere
1456 2507 1586 2539 instituit,
1603 2505 1716 2532 minime

928 2566 976 2593 per
988 2566 1018 2586 se
1035 2557 1104 2586 satis
1118 2561 1171 2588 est,
1190 2560 1218 2583 ut
1232 2563 1246 2582 a
1264 2563 1293 2583 se
1307 2555 1365 2590 ipse
1382 2554 1535 2584 erudiatur,
1554 2552 1602 2580 sed
1619 2551 1653 2578 ab
1666 2550 1713 2581 iis.

928 2605 974 2639 qui
989 2604 1064 2631 illius
1079 2603 1216 2631 sermonis
1241 2602 1319 2646 perit}
1345 2606 1408 2629 sunt
1435 2599 1588 2628 instituitur
1602 2618 1609 2631 ,
1632 2601 1715 2632 atque

928 2650 980 2677 hoc
995 2654 1077 2684 pacto
1094 2649 1169 2676 brevi
1182 2655 1214 2676 ex
1232 2644 1359 2674 audiendi
1374 2644 1573 2674 consuetudine
1587 2649 1715 2678 progres-

927 2703 989 2728 sus,
1019 2694 1154 2730 peregrini
1179 2692 1317 2720 sermonis
1344 2691 1479 2727 particeps
1502 2687 1622 2731 efﬁcitur
1636 2697 1642 2713 .-

928 2723 1036 2776 opinor,
1051 2739 1148 2767 siliaic
1163 2739 1217 2766 vita
1244 2746 1299 2765 non
1325 2742 1429 2764 natura:
1454 2727 1622 2776 νίιι-ρνηυ-ίδ
1647 2723 1724 2776 de":

928 2771 975 2815 sed
993 2771 1067 2813 novo-
1079 2785 1198 2820 quodam
1220 2783 1346 2811 instituto
1368 2773 1562 2810 abel‘m’ﬂitas
1576 2771 1610 2800 ab
1624 2778 1657 2798 ⁸ο
1676 2771 1723 2805 ιιιιί
