1912 3080
199 144 252 172 405

819 143 847 171 S.
869 143 1031 171 CREGOIill
1049 142 1194 171 NYSSENI

1791 140 1844 169 ΔΜ

201 214 291 234 rerum
310 205 448 238 suaxium,
465 209 602 241 quatenus
615 209 734 241 oportet,
749 204 808 240 ipse
824 210 932 233 sumet:
945 204 989 232 sed

1044 204 1180 239 χαριστῶν
1197 203 1392 240 μεταλήψεται.
1427 202 1496 229 Ἀλλ’
1520 202 1615 238 ἐπειδὴ
1635 201 1729 229 πολλοὶ
1752 202 1800 228 ἐπὶ
1813 202 1844 228 τὸ

200 253 332 287 quoniam
344 253 468 288 plerique
479 253 506 279 in
522 252 638 279 alterum
656 251 894 279 immoderationis
910 259 996 286 geuus

203 299 309 334 delapsi
326 299 494 332 inciderunt,
510 298 691 334 studiumque
714 298 742 325 in
769 305 813 330 co,
839 296 914 333 quod
943 297 995 324 sibi

203 346 375 381 propositum
390 345 502 377 habent,
522 345 574 380 ipsi
591 344 765 377 adhibentes,
782 352 815 372 ex
830 344 914 371 nimia
927 351 995 379 qua-

203 391 267 418 dam
285 391 426 427 diligentia
448 391 475 418 in
493 399 538 419 res
561 391 716 419 contrarias
741 395 887 423 venerunt,
914 395 995 425 atque

204 437 259 464 alio
273 437 384 472 quidem
407 437 488 465 modo
502 444 517 464 a
543 436 628 465 rebus
653 436 814 465 coelestibus
841 444 872 464 ac
894 436 995 464 divinis

204 484 326 511 animum
341 487 527 517 removentes,
543 483 572 511 in
591 483 788 518 occupationes
799 486 827 510 et
846 489 928 511 curas
944 482 996 509 hu-

205 529 285 557 miles
300 529 474 562 ceciderunt,
491 536 554 556 curn
571 529 609 556 ita
627 529 660 556 ad
683 528 781 556 harum
805 535 909 560 rerum,
934 535 996 563 quae

204 582 347 610 corporeae
364 578 440 608 sunt,
458 575 668 603 observationes
693 579 811 603 mentem
834 573 995 609 adiecerint,

205 623 235 647 ut
248 627 339 656 neque
353 620 478 648 ctelestia
492 620 560 653 illis,
583 628 672 656 neque
699 620 792 648 divina
820 619 936 647 liberum
960 619 996 646 sit

204 664 298 692 animo
323 665 516 700 contemplari,
545 665 593 693 sed
620 665 722 692 adhoc
746 665 870 692 inclinati
889 665 944 692 sitit
966 667 996 691 ut

204 714 315 734 carnem
330 708 471 742 exagitent
488 713 570 742 atque
594 708 738 744 afﬂigant:
763 709 893 744 praeclare
922 714 996 736 certe

205 756 332 786 ageretur
355 753 438 788 hujus
465 754 547 781 etiam
566 754 605 781 rei
629 763 723 781 curam
749 754 891 786 adbibere,
914 758 996 790 atque

206 799 278 827 bane
302 805 447 835 utramque
471 801 728 828 iuunoderationetn
749 801 891 836 :equaliter
922 801 995 829 refu-

204 853 279 879 gere.
297 851 327 872 ut
347 854 437 880 neque
464 847 589 880 corporis
609 846 745 873 obesitate
771 851 888 874 mentem
914 847 994 881 quasi

1049 251 1140 286 ἕτερον
1158 249 1227 282 alio;
1245 249 1296 284 τῆς
1309 249 1444 285 ἀμετρίας
1467 249 1723 284 κατολισθήσαντες,
1737 247 1781 275 διὰ
1795 249 1844 283 τῆς

1048 296 1269 332 ὑπερϐαλλούσης
1290 295 1442 331 ἀκριὸείας,
1467 294 1562 321 ἔλαθον
1586 294 1736 320 ὑπεναντία
1758 302 1844 320 σπου-

1047 342 1173 373 δάζοντες
1186 341 1224 376 τῷ
1237 341 1294 377 ἰδίῳ
1309 340 1467 376 σκοπῷ,καὶ
1479 340 1551 375 ἄλλῳ
1561 339 1656 375 τρόπῳ
1664 339 1720 366 τῶν
1732 339 1844 374 ὖψηλιῖιν

1046 394 1076 412 τε
1090 386 1136 413 καὶ
1161 385 1307 422 θειοτέρων
1331 386 1381 421 τὴν
1396 385 1484 420 ψυχὴν
1500 385 1721 419 ἀποστήσαντες,
1742 384 1784 415 εἰς
1797 391 1845 410 τα-

1047 432 1144 464 πεινὰς
1164 431 1307 467 φροντίδας
1323 431 1369 458 καὶ
1385 430 1513 466 ἀσχολίας
1533 430 1701 465 κατήγαγον,
1726 429 1798 465 πρὸς
1811 428 1844 455 τὰ

1048 477 1193 512 σωματικά
1204 477 1428 512 παρατηρήματα
1441 476 1490 511 τὴν
1501 475 1620 502 διάνοιαν
1631 475 1719 502 αὐτῶν
1732 474 1843 501 κλίναν-

1046 531 1107 554 τες·
1134 522 1172 554 ὼς
1189 523 1289 558 μηκέτι
1306 522 1398 554 αὐτοῖς
1415 522 1444 548 ὲν
1465 520 1607 557 ἐλευθερία
1624 521 1844 556 μετεωροπορτῖν

1045 569 1091 596 τὸν
1105 569 1186 602 νοῦν,
1210 569 1257 596 καὶ
1278 569 1312 596 τὰ
1336 569 1392 596 ἀνω
1407 568 1527 603 βλέπειν,
1552 566 1610 594 ἀλλ’
1636 567 1681 593 ἐπὶ
1694 566 1726 593 τὸ
1743 565 1843 592 πονοῦν

1046 615 1094 642 καὶ
1108 615 1318 651 συντριϐόμενον
1330 615 1380 650 τῆς
1399 614 1501 649 σαρκος
1514 611 1698 640 ὲπικλίνεσθαι
1712 619 1721 627 ·
1752 611 1844 643 καλῶς

1047 660 1080 687 ἂν
1094 660 1150 696 ἔχοι
1164 661 1212 687 καὶ
1226 660 1320 687 τούτου
1333 660 1470 686 ποιεῖσθαι
1484 659 1534 694 τὴν
1548 658 1719 694 ἐπιμέλειαν,
1735 656 1844 688 καὶτὰς

1046 707 1076 740 ἐξ
1098 707 1238 744 ἑκατέρων
1261 707 1424 742 ὲπιμετρίας
1448 706 1546 741 ἐπίσης
1568 703 1844 741 παραφυλάττεσθαι,

1049 754 1116 790 μήτε
1142 753 1186 780 διὰ
1221 753 1408 789 πολυσαρκίας
1438 751 1663 787 καταχωννύντας
1692 750 1740 777 τὸν
1769 749 1843 779 νοῦν.

1048 799 1109 835 μηδ’
1125 797 1158 826 αὖ
1179 799 1261 826 πάλιν
1278 800 1339 830 ταῖς
1355 797 1528 829 ἐπεισάκτοις
1545 796 1698 827 ἀσθενείαις
1721 794 1844 830 ἐξίτηλον

1047 845 1128 873 αὑτὸν
1142 845 1188 872 καὶ
1200 845 1325 871 ταπεινὸν
1340 845 1438 876 ποιεῖν,
1450 843 1497 870 καὶ
1510 843 1574 878 περὶ
1587 843 1650 873 τοὺς
1667 839 1845 876 σωματικοὺς

204 889 351 924 aggeribus
372 891 607 926 circumscpiaut,
633 899 723 926 neque
747 900 845 920 rursus
874 893 989 922 inductis

1054 892 1152 924 πόνους
1168 890 1352 927 ἡσχολημένον
1366 898 1373 905 ·
1398 889 1551 925 μεμνῆσθαι
1570 887 1599 914 δὲ
1612 886 1659 914 τοῦ
1673 885 1758 921 σοφοῦ
1774 892 1846 920 παρ-

204 935 437 965 imbecillitatibus
455 941 564 965 tenuem
583 936 657 964 illam
675 941 702 964 et
718 938 847 966 humilem
861 939 992 973 efﬁciant,

204 985 230 1007 et
245 981 278 1007 ad
295 982 419 1017 corporis
431 982 540 1010 labores
556 991 673 1017 prorsus
696 983 820 1012 inutilem
835 1006 842 1018 ,
861 986 992 1014 memine-

205 1026 317 1060 riutque
332 1027 399 1054 illud
413 1033 581 1062 praeceptum
597 1029 731 1063 sapientis
751 1030 811 1061 viri,
833 1031 879 1065 qui
904 1031 993 1065 probi-

205 1071 260 1104 In-t,
281 1076 310 1099 ut
327 1080 361 1100 ne
382 1073 445 1107 quis
468 1073 502 1099 ad
523 1073 674 1105 dexteram,
697 1082 784 1109 neque
799 1075 832 1102 ad
851 1076 991 1103 sinistram

204 1117 332 1144 declinet.
348 1118 447 1146 Audivi
463 1119 590 1154 equidem
603 1121 738 1148 medicum
753 1122 908 1156 quempiam
924 1122 992 1150 artis

203 1169 260 1189 sua:
276 1168 411 1198 pra-cepta
435 1163 616 1192 disserentem
635 1166 737 1198 dicere,
756 1174 857 1202 corpus
869 1173 992 1195 nostrum

204 1215 325 1242 quatuor
354 1217 407 1236 non
435 1209 557 1244 ejusdem
577 1214 686 1246 generis
706 1213 867 1245 elementis,
886 1214 933 1241 sed
952 1215 993 1241 di-

203 1261 282 1281 verse
297 1254 367 1282 inter
380 1262 409 1282 se
424 1255 531 1283 alYectis
547 1262 708 1284 concretum
721 1266 784 1285 esse
797 1279 805 1291 ,
817 1259 992 1295 calidumque

204 1299 303 1335 frigido
320 1301 428 1328 misceri
448 1309 481 1328 ac
497 1303 665 1337 temperari,
688 1303 863 1339 liumidaaque
888 1309 993 1332 natura

203 1347 428 1381 temperatiouem
446 1348 593 1382 quamdam
608 1357 641 1376 ex
653 1349 730 1376 arida
749 1350 876 1384 siccaque
895 1356 992 1385 printer

202 1393 358 1428 opiniouem
372 1393 440 1426 fieri,
456 1394 598 1430 mediaque
610 1395 726 1430 quatiant
738 1404 909 1431 rerum,qu:e
926 1405 992 1424 cou-

201 1439 322 1472 veuiuut,
345 1441 506 1475 cognatione
523 1442 643 1468 adhibita
662 1450 724 1469 cum
750 1444 992 1472 contrariiscohm-

198 1493 273 1514 tere.
286 1485 375 1521 Atque
389 1487 482 1514 subtili
495 1487 652 1522 liujustnodi
665 1493 724 1516 arte
749 1489 804 1521 ille,
827 1490 872 1524 qui
890 1490 916 1517 in
941 1490 992 1517 hoc

201 1532 362 1568 indaganda:
374 1539 478 1560 natura:
489 1534 580 1560 studio
591 1538 727 1566 versatur,
736 1536 868 1562 rationein
882 1536 993 1564 demon-

200 1584 280 1611 strat,
296 1579 390 1614 aitque
406 1579 514 1614 singula
532 1580 589 1606 lucc
605 1580 639 1606 ab
654 1580 791 1615 oppositis
812 1582 988 1613 naturaliter,

199 1625 277 1660 quasi
296 1625 388 1652 tnedio
409 1625 563 1660 interjeclo,
586 1626 736 1661 disjum-ta,
763 1626 879 1662 quadam
899 1627 990 1662 quali-

200 1676 287 1698 tatum
327 1672 544 1706 propinquarum
574 1672 709 1700 afﬁnitate
739 1681 801 1699 eum
840 1674 989 1701 contrariis

199 1717 357 1745 convenire.
372 1717 440 1744 Cum
456 1718 528 1745 enim
543 1717 630 1754 frigus
643 1722 670 1746 ct
681 1719 756 1746 calor
770 1720 914 1754 asqualiter
926 1728 988 1747 cum

199 1763 314 1790 humore
334 1763 513 1799 siccitateque
533 1764 700 1798 coluereaut,
723 1774 873 1801 rursusque
892 1766 989 1793 humor

199 1814 227 1836 et
244 1809 358 1837 ariditas
372 1809 469 1844 aequali
490 1811 592 1837 caloris
611 1815 639 1837 et
654 1810 766 1846 frigoris
790 1813 989 1847 temperatione

198 1849 424 1889 componantur:
446 1855 503 1883 lucc
525 1856 687 1888 qualitatum
713 1857 808 1884 eadem
832 1858 987 1892 aequalitas,

197 1907 259 1935 qua:
272 1899 299 1926 iu
317 1899 467 1926 contrariis
479 1904 602 1935 apparet,
624 1909 715 1928 rerum
740 1902 811 1929 inter
832 1911 861 1929 se
876 1908 988 1930 contra-

197 1947 301 1974 riarum
320 1946 539 1973 convenientiam
564 1955 611 1982 per
630 1955 659 1974 se
684 1947 778 1982 gignit.
805 1947 857 1975 Sed
868 1949 932 1984 quid
953 1950 987 1977 ad

195 2001 240 2021 me
257 1992 366 2029 singula
381 1993 530 2028 diligenter
550 1994 688 2028 explicare
705 1995 812 2030 attinet,
830 2002 856 2025 et
873 2005 986 2032 quomo-

194 2038 231 2066 do
251 2038 308 2067 haec
327 2039 362 2066 ob
378 2043 483 2066 natura:
507 2041 717 2075 repugnantiam
741 2043 857 2070 invicem
876 2044 985 2078 disiun-

194 2089 305 2119 gantur,
321 2089 348 2112 et
363 2093 460 2112 rursus
476 2085 511 2111 ob
528 2087 694 2120 qualitatum
713 2089 905 2123 cognationem
924 2098 986 2117 ιιιιι-

194 2133 243 2157 tuo
259 2132 409 2164 temperata
421 2129 648 2164 coujuugautur?
667 2130 767 2158 Verum
784 2140 843 2160 eam
867 2133 902 2160 ob
922 2142 984 2160 cau-

198 2182 256 2201 sam
276 2183 326 2203 nos
343 2174 376 2202 de
388 2176 433 2207 iis,
446 2183 506 2210 qua:
517 2176 648 2208 diximus,
671 2179 836 2206 tuentiuuem
856 2179 983 2212 fecimus,

1047 937 1229 972 αγγέλματος,
1249 937 1296 964 τοῦ
1310 936 1409 972 ὲπίσης
1427 934 1609 970 ἀπειρηκότος
1630 934 1680 969 τήν
1697 941 1727 959 τε
1748 932 1796 958 ἐπὶ
1810 931 1844 958 τὰ

1046 983 1122 1017 δεξιά
1136 983 1183 1010 καὶ
1201 983 1235 1010 τὰ
1252 982 1362 1009 ἐναντία
1377 981 1568 1017 παρατροπήν.
1591 979 1715 1006 Ἤκουσα
1727 978 1757 1004 δέ
1771 986 1846 1009 τινος

1049 1028 1171 1065 ἰατρικοῦ
1183 1029 1217 1056 τὰ
1233 1029 1265 1055 ὲκ
1278 1027 1327 1064 τῆς
1347 1028 1445 1063 τέχνης
1460 1026 1615 1059 διεξιόντος,
1630 1026 1672 1052 ὃτι
1692 1026 1725 1051 ὲκ
1741 1024 1844 1051 τεσσάο

1047 1084 1102 1111 ρων
1117 1076 1183 1110 ἡμῖν
1196 1075 1246 1109 οὐχ
1262 1073 1394 1110 ὁμοειδῶν
1409 1073 1559 1109 στοιχείων,
1574 1072 1630 1099 ἀλλ’
1641 1071 1774 1101 ἐναντίως
1786 1078 1845 1095 κει-

1049 1121 1147 1157 μένων,
1161 1121 1191 1148 τὸ
1208 1120 1288 1156 σῶμα
1308 1120 1456 1155 συνέστηκε
1469 1127 1476 1135 ·
1503 1119 1603 1155 θερμόν
1629 1127 1659 1145 τε
1674 1118 1724 1145 καὶ
1736 1117 1844 1152 ψυχρὸν

1047 1167 1251 1204 συγκεκρᾶσθαι
1262 1175 1268 1182 ’
1282 1167 1327 1193 καὶ
1343 1166 1427 1202 ὑγροῦ
1443 1166 1511 1202 πρὸς
1525 1165 1606 1201 ξηρὸν
1618 1163 1689 1191 εἶναι
1702 1163 1755 1199 τὴν
1769 1163 1843 1198 μίξιν

1047 1213 1218 1248 παράλογον,
1241 1214 1275 1248 τῇ
1291 1212 1336 1239 διὰ
1355 1212 1439 1247 μέσου
1457 1211 1512 1238 τῶν
1530 1209 1667 1244 συζυγιῶν
1691 1209 1842 1243 οἰκειότητι

1046 1259 1115 1296 πρὸς
1129 1259 1163 1286 τὰ
1177 1259 1286 1286 ἐναντία
1299 1258 1521 1294 συναπτομένων.
1536 1257 1591 1284 Καί
1604 1264 1656 1283 τινι
1671 1255 1843 1290 λεπτουργίᾳ

1045 1305 1158 1341 τοιαύτῃ
1174 1304 1218 1331 τὸν
1241 1303 1320 1339 λόγον
1338 1302 1505 1338 φυσιολογῶν
1526 1301 1688 1329 ἀπεδείκνυε
1702 1320 1710 1333 ,
1726 1300 1842 1334 φάσκων

1047 1352 1161 1378 ἑκάστου
1177 1350 1278 1377 τούτων
1295 1352 1327 1376 ἐκ
1347 1350 1494 1385 διαμέτρου
1514 1349 1581 1384 πρὶς
1603 1348 1635 1374 τὸ
1649 1347 1842 1382 ἀντικείμενον

1046 1395 1172 1430 ἀφεστὼς
1185 1396 1218 1430 τῇ
1237 1394 1315 1429 φύσει
1329 1394 1373 1421 διὰ
1385 1394 1436 1429 τῆς
1455 1393 1616 1428 συγγενείας
1631 1391 1686 1418 τῶν
1701 1399 1842 1425 παρακει-

1048 1441 1135 1476 μένων
1152 1441 1300 1476 ποιοτήτων
1322 1442 1377 1472 τοῖς
1404 1439 1537 1471 ἐναντίοις
1560 1438 1758 1465 συνάπτεσθαι.
1786 1436 1842 1463 Τοῦ

1046 1487 1099 1523 γὰρ
1116 1487 1220 1522 ψυχροῦ
1238 1487 1285 1513 καὶ
1304 1486 1350 1512 τοῦ
1365 1485 1467 1521 θερμοῦ
1489 1485 1559 1512 κατὰ
1578 1485 1609 1511 τὸ
1626 1484 1683 1511 ἴσον
1701 1484 1798 1518 ὑγροῖς
1811 1491 1843 1509 τε

1047 1534 1093 1560 καὶ
1108 1533 1199 1569 ξηροῖς
1211 1533 1404 1568 ἐγγινομένων,
1417 1532 1464 1559 καὶ
1477 1531 1508 1559 τὸ
1519 1531 1635 1566 ἔμπαλιν
1651 1529 1699 1557 τοῦ
1713 1529 1800 1565 ὑγροῦ
1811 1538 1842 1554 τε

1046 1580 1092 1606 καὶ
1108 1580 1191 1615 ξηροῦ
1218 1581 1246 1606 ὲν
1269 1581 1324 1611 τοῖς
1346 1580 1456 1614 θερμοῖς
1482 1587 1511 1604 τε
1529 1579 1576 1605 καὶ
1598 1578 1713 1613 ψυχροῖς
1738 1576 1843 1610 ὁμοίως

1045 1626 1269 1661 συνισταμένων*
1297 1627 1313 1661 ἡ
1340 1626 1394 1653 τῶν
1418 1626 1569 1661 ποιοτήτων
1583 1624 1718 1658 ταυτότης
1740 1623 1842 1656 ἐπίσης

1044 1673 1100 1704 τοῖς
1123 1672 1253 1704 ἐναντίοις
1270 1672 1467 1708 ἐμφαινομένη,
1481 1671 1514 1697 δι’
1529 1670 1629 1706 ἑαυτῆς
1643 1671 1716 1696 ποιεῖ
1728 1669 1784 1695 τῶν
1795 1669 1843 1694 ἀν-

1042 1719 1203 1754 τικειμένων
1216 1719 1264 1755 τὴν
1277 1719 1393 1746 σύνοδον.
1413 1719 1493 1745 ’Δλλά
1507 1718 1533 1745 τί
1546 1727 1589 1753 μοι
1604 1717 1705 1744 τάκαθ’
1723 1717 1841 1743 ἕκαστον

1042 1766 1076 1792 δι’
1093 1766 1235 1802 ἀκριϐείας
1247 1765 1358 1798 ἐξιέναι,
1372 1766 1446 1796 ὅπως
1465 1763 1552 1791 ταῦτα
1565 1763 1612 1790 καί
1633 1763 1770 1798 τέτμηται
1791 1763 1840 1788 ἀπ’

1042 1812 1164 1848 ἀλλήλων
1177 1814 1210 1847 τῇ
1224 1811 1379 1838 ὲναντιὼσει
1393 1812 1442 1847 τῆς
1453 1811 1569 1846 φύσεως,
1581 1810 1628 1837 καὶ
1639 1810 1722 1836 πάλιν
1732 1809 1838 1844 ἥνωται

1041 1859 1074 1893 τῇ
1094 1857 1237 1892 συγγενείᾳ
1249 1856 1303 1883 τῶν
1323 1857 1474 1891 ποιοτήτων
1490 1855 1616 1891 ἀλλήλοις
1634 1854 1837 1890 συνανακιρνά-

1043 1912 1110 1938 μενα
1126 1913 1132 1936 ;
1151 1903 1223 1938 Πλὴν
1241 1899 1272 1929 οὗ
1289 1903 1369 1938 χάριν
1387 1902 1440 1928 τῶν
1460 1901 1614 1937 εἰρημένων
1634 1900 1815 1935 ἐμνήσθημεν
1827 1920 1836 1933 ,

1040 1951 1080 1977 ὅτι
1098 1949 1290 1976 συνεϐούλευεν
1301 1951 1314 1976 ὁ
1328 1950 1376 1984 τὴν
1385 1948 1431 1975 τοῦ
1448 1948 1572 1983 σώματος
1584 1947 1665 1981 φύσιν
1682 1948 1716 1982 τῇ
1733 1947 1839 1982 θεωρίᾳ.

1039 1995 1126 2032 ταύτῃ
1142 1997 1313 2031 κατανοήσας
1329 1996 1464 2031 προνοεῖν,
1478 1995 1515 2026 ὡς
1530 1991 1585 2020 οἷόν
1603 2002 1642 2026 τε,
1658 1994 1709 2029 τῆς
1725 1994 1838 2028 ἰσοκρα-

1040 2042 1114 2074 τείας
1129 2042 1183 2069 τῶν
1196 2043 1347 2078 ποιοτήτων
1360 2050 1367 2056 ·
1391 2043 1419 2067 ὲν
1438 2041 1526 2076 τούτῳ
1541 2041 1596 2076 γὰρ
1610 2038 1679 2066 εἶναι
1697 2039 1730 2066 τὸ
1743 2039 1835 2072 ὑγιαί-

1039 2097 1104 2120 νειν,
1121 2089 1149 2114 ὲν
1168 2087 1206 2123 τῷ
1224 2088 1306 2122 μηδὲν
1321 2087 1373 2114 ὑπὸ
1388 2087 1434 2113 τοῦ
1453 2087 1547 2122 ἐτέρου
1564 2086 1617 2112 τῶν
1631 2086 1659 2112 ἐν
1674 2086 1744 2119 ἡμῖν
1757 2084 1836 2110 δυνα-

1040 2132 1194 2159 στεύεσοαι.
1219 2132 1322 2159 Οὐκοῦν
1346 2131 1524 2167 ἐπιμελητέον
1548 2131 1613 2166 ἡμῖν
1630 2131 1680 2165 τῆς
1703 2129 1835 2164 τοιαύτης

1039 2177 1232 2210 καταστάσεως
1249 2178 1316 2212 προς
1339 2177 1388 2213 τὴν
1401 2178 1449 2212 τῆς
1462 2177 1556 2211 ὑγείας
1582 2175 1731 2211 διαμονὴν,
1757 2176 1834 2207 εἴπερ

197 2221 342 2256 quoniam,
354 2221 399 2256 qui
414 2222 455 2248 his
467 2223 548 2250 rebus
563 2223 764 2251 animadversis
787 2226 914 2259 corporis
936 2233 983 2252 ua-

1038 2233 1064 2250 τι
1077 2224 1175 2259 ἀληθὲς
1192 2223 1281 2250 αὐτῶν
1299 2225 1311 2250 ὁ
1328 2223 1407 2258 λόγος
1426 2223 1481 2258 ἔχει
1493 2243 1500 2254 ,
1527 2222 1621 2258 μηδενὶ
1639 2221 1720 2257 μέρει
1735 2221 1790 2247 τῶν
1806 2219 1834 2251 ἐξ

195 2270 284 2293 turam
301 2270 503 2295 commentatus
526 2273 579 2301 est,
593 2268 637 2294 hic
648 2270 754 2295 monuit
774 2271 904 2304 :nquulmn
925 2279 984 2298 eam

195 2312 358 2347 qualitatum
371 2313 520 2348 potentiam
531 2314 604 2341 omni
617 2315 722 2341 ratione
735 2316 825 2342 curari
840 2321 966 2350 oportere
976 2339 982 2350 ,

194 2358 258 2392 quia
274 2357 302 2385 in
315 2357 368 2386 boc
385 2359 437 2386 sita
453 2362 495 2386 est
506 2359 576 2386 bona
590 2359 728 2391 valetudo,
753 2365 781 2386 ιιι
793 2361 861 2387 nihil
878 2369 984 2394 eorum,

195 2404 292 2440 quatit!
307 2404 386 2432 nobis
401 2404 506 2437 insuntl
528 2405 563 2432 ab
583 2405 644 2433 aliis
663 2413 816 2441 superetur.
835 2407 920 2442 Igitur
934 2416 985 2436 nos

195 2450 352 2485 hujusmodi
372 2451 498 2485 corporis
523 2451 759 2484 constitutionem,
783 2453 806 2480 si
833 2454 896 2488 quid
929 2455 984 2482 veri

193 2504 290 2525 earum
306 2504 397 2524 rerum
413 2499 640 2525 conuuemoratio
651 2498 744 2530 habet,
757 2499 789 2525 ad
804 2499 983 2527 vult-tudinem

195 2547 327 2578 perpetuo
348 2543 477 2570 tuendam
493 2551 590 2571 curare
613 2545 753 2576 debemus,
779 2550 807 2572 ut
824 2546 857 2573 ad
881 2547 983 2573 nullam

195 2594 299 2624 partem
317 2597 424 2622 eorum,
440 2597 472 2618 ex
491 2591 592 2625 quibus
607 2592 743 2626 compacti
764 2600 871 2624 sumus,
897 2601 984 2628 neque

194 2634 309 2662 nimium
324 2643 414 2670 neque
432 2643 531 2670 parum
553 2643 585 2663 ex
608 2637 735 2671 inaequali
760 2638 849 2665 victus
878 2638 984 2666 ratione

194 2679 337 2708 addamus.
360 2679 394 2708 Ut
409 2682 482 2708 enim
496 2681 614 2708 vehiculi
632 2687 722 2709 rector
737 2683 758 2709 si
775 2684 844 2710 forte
862 2684 980 2718 equulos

195 2731 248 2751 non
262 2726 466 2753 consentientes
483 2727 690 2762 concordesque
707 2729 785 2762 regit,
811 2737 898 2764 neque
913 2729 981 2757 cele<

194 2776 250 2796 rem
266 2770 427 2798 verberibus
440 2771 546 2804 incitat,
562 2779 651 2806 neque
671 2772 777 2799 tardum
798 2773 911 2801 habenis
941 2782 984 2802 rc-

192 2813 295 2848 primit,
310 2823 398 2850 neque
413 2824 508 2844 rursus
525 2825 695 2852 perversum,
715 2819 875 2846 rlfruuatum
895 2826 921 2847 et
946 2821 984 2847 iu-

193 2859 326 2888 domitum
343 2862 401 2890 suis
413 2863 488 2891 illum
500 2864 706 2893 ineitatiouitus
718 2865 746 2894 iu
758 2866 862 2894 ordinis
872 2874 980 2902 pertur-

1037 2267 1074 2297 ὧν
1086 2271 1292 2306 συνεστήκαμεν
1310 2270 1327 2305 ἢ
1344 2269 1514 2305 πλεονασμὺν
1532 2268 1548 2304 ἢ
1563 2268 1712 2294 ἐλάττωσιν
1731 2268 1764 2293 ἐκ
1786 2267 1833 2301 τῆς

1037 2317 1107 2343 κατὰ
1120 2316 1169 2351 τὴν
1185 2316 1291 2343 δίαιταν
1308 2316 1466 2352 ἀνωμαλίας
1483 2316 1631 2350 ἐπάγοντες
1644 2322 1651 2329 '
1667 2314 1768 2349 ὥσπερ
1781 2313 1831 2348 γὰρ

1036 2365 1049 2391 ὁ
1062 2364 1106 2390 τοῦ
1125 2364 1247 2399 ἅρματος
1260 2363 1418 2398 ἐπιστάτης,
1443 2363 1466 2389 εί
1480 2362 1517 2397 μὴ
1537 2360 1759 2395 συμφωνούντων
1770 2361 1826 2386 επι-

1037 2410 1146 2444 στατοίη
1169 2409 1220 2434 τῶν
1235 2409 1348 2440 πώλων,
1373 2408 1434 2434 οὗτε
1458 2408 1503 2434 τὸν
1520 2407 1583 2440 ὀξὺν
1608 2406 1776 2442 ἐπισπέρχει
1797 2407 1827 2441 τῇ

1037 2454 1158 2489 μάστιγι,
1175 2453 1237 2480 οὕτε
1249 2454 1295 2480 τὴν
1324 2453 1424 2488 βραδὺν
1439 2452 1554 2486 κατάγει
1569 2452 1628 2483 ταῖς
1650 2452 1754 2486 ἡνίαις,
1777 2451 1827 2477 οὐδ’

1036 2498 1071 2527 αὗ
1086 2500 1167 2527 πάλιν
1181 2501 1226 2528 τὸν
1241 2500 1461 2536 ὲνδιᾶστροφονῆ
1475 2499 1601 2534 δυσήνιον
1615 2499 1712 2525 ἄνετον
1726 2499 1759 2534 ἐᾷ
1773 2499 1830 2529 ταῖς

1034 2546 1148 2578 οἰκείαις
1174 2548 1275 2583 ὁρμαῖς
1297 2547 1337 2577 είς
1356 2545 1470 2577 ἀταξίαν
1492 2544 1674 2579 ἐκφέρεσθαι,
1700 2543 1771 2570 ἀλλὰ
1787 2543 1830 2569 τὸν

1037 2594 1084 2629 μὲν
1099 2593 1222 2626 εὐθύνει,
1246 2593 1292 2620 τὸν
1306 2593 1334 2619 δὲ
1349 2592 1496 2619 ἀνακόπτει
1507 2612 1514 2622 ,
1531 2591 1595 2623 τοὺς
1613 2590 1643 2617 δὲ
1659 2591 1828 2617 καθικνεῖται

1033 2638 1078 2665 διὰ
1095 2639 1146 2675 τῆς
1162 2641 1304 2674 μάστιγος,
1328 2638 1381 2670 ἕως
1395 2639 1461 2673 μίαν
1481 2639 1537 2669 τοῖς
1553 2638 1621 2664 πᾶσι
1636 2636 1686 2672 τὴν
1701 2637 1771 2671 πρὸς
1784 2635 1828 2662 τὸν

1034 2684 1136 2721 δρόμον
1161 2686 1315 2721 σύμπνοιαν
1330 2685 1484 2720 ἐμποιήσῃ·
1509 2684 1556 2710 τὸν
1569 2683 1651 2710 αὑτὸν
1663 2683 1766 2717 τρόπον
1783 2682 1829 2708 καὶ

1033 2731 1047 2757 ὁ
1065 2731 1198 2766 ἡμέτερος
1217 2731 1279 2762 νοῦς
1303 2731 1317 2757 ὁ
1333 2730 1382 2762 τὰς
1406 2730 1452 2756 τοῦ
1471 2729 1596 2764 σώματος
1611 2728 1692 2764 ἡνίας
1708 2728 1751 2762 ἐφ’
1768 2728 1828 2754 ἑαυ-

1033 2775 1080 2802 τὸν
1092 2775 1170 2811 ἔχων,
1187 2775 1247 2802 οὔτε
1264 2775 1438 2807 πλεονάζοντι
1455 2775 1494 2810 τῷ
1507 2774 1602 2810 θερμῷ
1615 2774 1687 2801 κατὰ
1707 2774 1755 2800 τὸν
1767 2782 1820 2799 και-

1036 2821 1082 2856 ρὸν
1095 2821 1144 2856 τῆς
1157 2821 1282 2857 νεότητος
1300 2822 1349 2853 τὰς
1365 2821 1412 2856 τῆς
1428 2820 1576 2856 πυρώσεως
1592 2820 1753 2855 προσθήκας
1769 2819 1825 2844 ἑπι-

1035 2868 1143 2903 νοήσει,
1167 2866 1228 2894 οὔτε
1249 2867 1448 2903 κατεψυγμένη)
1463 2867 1507 2894 διὰ
1527 2866 1611 2898 πάθος
1630 2865 1646 2902 ἢ
1673 2863 1830 2902 “evomit
