1912 3080
75 129 130 156 495

74 186 198 222 ψύχοντα
213 189 260 216 καὶ
272 189 306 218 τὰ
322 193 490 228 μαραίνοντα
507 196 649 225 πλεονάσει
660 207 667 214 ·
697 200 744 227 καὶ
763 201 876 229 ἐπὶτῶν

75 231 180 259 λοιπῶν
203 235 354 271 ποιοτήτων
377 239 478 274 ὁμοίως
499 242 550 278 τῆς
572 243 684 280 Γραφῆς
707 246 875 274 ἀκούσεται·

81 278 138 325 Ἰνα
153 279 224 314 μήτε
234 281 248 307 ὁ
258 281 288 308 τὸ
304 282 370 310 πολῇ
387 284 533 323 πλεονάσῃ,
547 278 615 323 μήτε
631 290 644 316 ό
657 278 687 316 τὸ
697 290 787 325 ὀλίγον
797 292 876 319 ἐλατ-

75 323 195 372 τονήση·
220 326 287 353 ἀλλὰ
303 328 334 354 τὺ
347 329 378 356 ὲν
400 330 526 368 ἐκατέρῳ
543 333 662 369 ἄμετρον
686 323 872 372 περικόπτων,

75 370 122 416 τῆς
134 370 183 397 τοῦ
197 371 334 406 ἐνδέοντος
347 375 507 413 προσθήκης
529 370 736 416 ἐπιμελήσεται,
755 383 803 410 καὶ
824 384 872 409 ὲπ-

76 414 135 451 ίσης
147 417 198 452 τὴν
212 418 255 453 ἐφ’
269 420 387 456 ἑκάτερα
398 423 445 449 τοῦ
458 414 583 460 σώματος
597 414 747 462 ἀχρηστίαν
756 428 872 462 φυλάξε-

75 470 117 488 ται
129 471 137 478 ·
151 463 223 498 μήτε
237 464 272 491 δι’
290 466 514 505 ὑπερϐαλλούσης
528 471 677 503 εὐπαθείας
691 474 809 501 ἄτακτον
825 475 872 501 καὶ

74 507 199 555 ὂνσήνιον
221 511 272 546 τὴν
300 513 389 548 σάρκα
416 515 513 543 ἑαυτοῦ
541 517 720 554 ἐπασκήσας,
745 521 813 555 μήτε
828 520 872 548 διὰ

74 553 121 600 τῆς
137 555 262 592 ἀμέτρου
277 559 461 593 κακοπαθείας
478 562 581 598 νοσώδη
598 564 644 590 καὶ
658 553 809 600 λελυμένην
825 566 871 592 καὶ

73 599 168 627 ἄτονον
183 603 254 638 πρὸς
277 605 327 640 τὴν
348 606 501 642 ἀναγκαίαν
519 609 671 646 ὑπηρεσίαν
695 612 872 648 παρασκευά-

169 646 251 681 οὗτος
276 651 291 676 ό
314 652 482 686 τελειότατος
504 657 553 690 τῆς
573 646 741 692 ἐγκρατείας
759 659 868 693 σκοπᾰς,

73 691 131 727 οὐχὶ
153 694 224 729 πρὸς
244 696 294 731 τὴν
314 698 361 724 τοῦ
387 698 513 734 σώματος
537 701 647 736 βλέπειν
668 703 868 736 κακοπάθειαν,

74 737 139 765 ἀλλὰ
152 740 223 775 πρὸς
237 742 356 778 ripa.qu
369 743 494 780 ψυχικῶν
507 746 716 783 διακονημάτων
731 749 868 778 εὐκολίαν,

736 140 780 168 DE
796 142 1035 182 VIRGINITATE,

1669 155 1721 184 466

889 210 912 238 Α
928 205 1064 232 bationem
1080 205 1169 234 efferri
1185 207 1263 242 sinit,
1289 209 1338 237 sed
1362 209 1436 238 hunc
1457 211 1563 248 dirigit,
1581 213 1658 241 illum
1675 222 1720 242 re-

930 250 1028 283 frenat,
1042 255 1068 278 et
1088 252 1170 279 alium
1186 253 1293 289 ﬂagello
1308 254 1436 294 impellit,
1447 258 1537 293 quoad
1563 268 1645 287 unam
1661 268 1721 288 om-

927 294 1009 321 nibus
1024 294 1056 322 ad
1076 296 1242 323 currendum
1260 298 1492 333 conspirationem
1511 301 1651 329 effecerit:
1671 310 1719 329 θος

926 339 987 367 dem
1001 340 1082 367 modo
1098 348 1176 368 mens
1192 346 1297 375 nostra,
1316 351 1377 378 qua:
1392 347 1517 380 corporis
1542 348 1666 376 habenas
1691 348 1718 376 in

925 392 955 412 se
975 384 1068 417 habet,
1080 393 1133 413 non
1150 386 1220 422 ignis
1231 388 1417 418 additamenta
1431 393 1596 427 excogitabit
1612 393 1715 426 ardori,

924 430 970 465 qui
986 430 1077 458 adulta
1095 437 1176 460 :etate
1192 433 1381 463 vehementior
1397 444 1464 464 sane
1476 442 1527 469 est.
1539 445 1621 474 quam
1638 446 1718 475 opor-

925 480 983 505 tet:
998 485 1089 512 neque
1103 479 1175 514 quod
1193 483 1240 507 aut
1260 484 1392 516 tempore,
1414 487 1462 510 aut
1480 483 1577 512 aﬂectu
1604 485 1716 513 refrixe-

923 523 969 555 rit,
989 523 1077 558 magis
1100 533 1132 553 ea
1159 526 1302 560 accendet,
1326 535 1387 563 qua;
1413 528 1510 564 frigida
1534 535 1561 558 et
1581 533 1717 559 exstincta

924 573 1009 597 sunt:
1034 572 1156 606 atquein
1182 573 1296 608 reliquis
1317 574 1429 609 quidem
1457 577 1637 610 qualitatibus
1657 578 1715 612 pari

923 614 1030 641 ratione
1050 615 1075 642 id
1105 616 1207 649 audiet,
1234 618 1306 653 quod
1332 619 1433 648 divinis
1457 621 1556 648 litteris
1582 623 1714 657 scriptum

923 662 986 686 est:
1001 658 1040 687 Nc.
1057 661 1103 695 qui
1120 662 1246 695 multum,
1266 663 1386 691 abundet
1401 674 1408 699 ;
1433 666 1478 700 qui
1498 674 1605 701 parum,
1623 669 1715 695 minus

924 703 1042 732 habeat:
1065 705 1113 734 sed
1138 707 1212 742 quod
1229 708 1256 735 in
1283 713 1399 744 utroque
1426 710 1636 739 immoderatum
1662 717 1714 744 est,

922 754 1084 784 amputans.
1113 759 1213 788 augere
1238 753 1265 780 id
1288 755 1414 788 curabit,
1439 755 1467 784 in
1486 764 1541 792 quo
1558 757 1637 785 deest
1659 768 1666 786 :
1689 763 1716 786 ct

73 787 202 821 corporis
226 789 477 821 incommoditatem
502 795 645 830 aequaliter
671 796 699 824 in
724 801 841 832 utraque
868 797 993 830 cavebit,
1019 806 1053 825 ne
1072 800 1112 826 vel
1132 787 1188 835 pra:
1211 801 1379 830 abundantia
1401 787 1560 831 delicia-rum
1589 805 1626 832 ita
1655 813 1716 840 pcr-

75 835 184 883 turbata
210 837 247 865 sit
270 845 345 873 caro,
370 844 400 867 ut
423 841 480 877 regi
506 850 560 870 non
582 844 680 879 possit,
699 845 740 873 vel
767 853 821 881 prae
846 846 1022 874 immoderata
1043 847 1216 876 alliictatione
1230 850 1301 877 male
1315 850 1423 883 affecta,
1442 852 1532 879 tenuis
1549 855 1575 879 et
1594 853 1626 880 ad
1647 835 1714 881 usus

75 881 134 908 vita:
155 885 331 914 necessarios
348 886 456 915 infirma
473 888 605 917 efficiatur
619 899 627 918 :
642 891 693 918 hac
713 891 817 919 ratioae
839 892 905 920 illud
925 892 1153 927 perfectissimum
1167 899 1209 922 est
1222 896 1397 925 continentia:
1413 898 1592 933 propositum,
1615 903 1643 926 ut
1659 907 1712 928 non

76 930 108 957 ad
125 932 254 967 corporis
271 933 487 969 aﬂlictationem,
499 937 547 965 sed
562 938 596 966 ad
611 939 769 968 commodas
782 940 867 967 animi
889 939 1046 969 functiones
1061 945 1176 976 spectet.

365 991 492 1020 ΚΕΦΔΛ.
513 994 578 1024 Kl'".

76 1042 277 1087 'Ort'dyolwc_
289 1046 477 1087 ἐναντιοῦται
502 1049 539 1087 τῇ
558 1051 646 1086 ψυχῇ
663 1052 737 1087 πρὸς
754 1052 810 1086 τὴν
824 1062 869 1080 τε-

105 1079 243 1141 ᾐὲχῗὲν,
259 1081 279 1115 ἢ
297 1090 328 1109 τε
341 1079 535 1120 πολυσαρκίᾶ
544 1079 593 1113 κῖιὶ
605 1079 767 1122 ’ἧηᾶμὲτρος
779 1079 869 1115 ὶιαλὸ-

107 1159 147 1186 Τά
164 1160 193 1186 δὲ
212 1161 274 1188 καθ’
288 1162 412 1198 ἕκαστον,
432 1165 507 1198 ὅπως
520 1175 550 1193 τε
562 1167 615 1203 χρὴ
633 1167 764 1203 βιοτεύειν
779 1168 824 1196 τὸν
838 1169 867 1195 ὲν

75 1204 219 1242 φιλοσοφίᾳ
238 1208 323 1244 ταύτῃ
347 1209 396 1245 ζῇν
412 1212 603 1247 προελόμενον,
624 1214 672 1240 καὶ
690 1214 751 1241 τίνα
765 1214 865 1249 φυλάτ-

73 1250 175 1282 τεσθαι,
189 1252 238 1279 καὶ
255 1254 327 1281 τίσιν
348 1256 563 1293 ἐπιτηδεύμασιν
581 1259 677 1286 ἀσκεῖν
695 1259 801 1292 ἑαυτὸν,
818 1262 866 1294 ἐγ-

74 1297 203 1331 κρατείας
221 1299 321 1336 μέτρα,
339 1303 386 1328 καὶ
409 1302 550 1339 διαγωγῆς
573 1305 684 1340 τρόπον,
705 1306 752 1332 καὶ
777 1306 867 1333 πάντα

73 1341 117 1386 τὸν
133 1342 315 1372 ἐπιϐάλλοντα
333 1346 372 1382 τῷ
385 1348 499 1384 τοιούτῳ
516 1350 610 1385 σκοπῷ
631 1350 698 1385 βίον,
722 1351 776 1386 ὅτῳ
791 1351 866 1386 φίλον

73 1385 258 1422 δι’ἁκριϐεἱας
275 1390 382 1425 μαθεῖν,
398 1392 451 1418 εἰσὶ
467 1393 517 1428 μὲν
528 1395 574 1420 καὶ
592 1395 724 1430 ἔγγραφοι
736 1385 863 1423 διδασκα-

74 1431 126 1459 λίαι
139 1433 226 1461 ταῦτα
240 1436 413 1465 διδάσκουσαι
425 1446 432 1453 ·
458 1440 639 1477 ἐνεργεστέρα
655 1438 689 1468 δὲ’
702 1442 751 1477 τῆς
767 1444 798 1469 ὲκ
812 1443 866 1470 τῶν

74 1478 157 1514 λόγων
170 1481 286 1517 διδαχῆς
297 1483 314 1519 ὴ
327 1483 373 1510 διὰ
386 1484 440 1511 τῶν
454 1484 543 1521 ἔργων
557 1487 632 1513 ἐστὶν
653 1488 800 1524 ὑφήγησις·
817 1490 864 1516 καὶ

74 1523 182 1560 οὐδεμία
197 1527 330 1562 πρόσεστι
351 1529 479 1556 δυσκολία
489 1530 529 1566 τῷ
541 1532 744 1568 προστάγματι,
757 1534 794 1565 ὠς
809 1535 865 1561 δεῖν

74 1569 90 1605 ἦ
102 1572 212 1607 μακρὰν
222 1573 387 1609 ὁδοιπορίαν,
396 1575 413 1610 ἢ
425 1576 563 1604 ναυτιλίαν
574 1578 672 1614 πολλὴν
685 1579 863 1612 ὑποστάντας,

74 1616 212 1652 ἐπιτυχεῖν
226 1618 274 1644 τοῦ
290 1620 476 1654 παιδεύοντος·
498 1622 555 1650 ἀλλ’
570 1623 653 1658 ἐγγύς
671 1633 718 1651 σου
734 1625 764 1651 τὸ
778 1625 864 1661 ῥῆμα,

1206 1001 1321 1029 CAPUT
1341 1001 1437 1029 XXIII.

923 1056 964 1083 Ad
977 1057 1061 1084 animi
1076 1058 1263 1093 perfectionem
1284 1064 1337 1085 tant
1359 1058 1467 1093 impedit
1489 1061 1607 1092 corporis
1625 1061 1711 1088 obesi-

1065 1098 1118 1125 tas,
1134 1102 1213 1128 quant
1227 1094 1363 1128 afﬂictatio
1379 1094 1564 1121 inmoderate.

957 1170 1009 1204 Qui
1035 1179 1100 1200 vero
1126 1172 1305 1209 philosophia:
1329 1174 1438 1202 deditus
1464 1179 1525 1205 est.
1542 1181 1622 1210 quem
1649 1175 1712 1202 vitae

922 1224 1034 1244 cursum
1050 1217 1076 1244 in
1091 1217 1207 1253 singulis
1219 1219 1301 1247 rebus
1314 1223 1407 1247 tenere
1423 1227 1484 1247 eum
1498 1224 1631 1254 oporteat,
1646 1224 1672 1246 et
1684 1221 1711 1247 iu

921 1262 1022 1297 quibus
1037 1264 1152 1296 versari,
1176 1268 1203 1291 et
1225 1272 1287 1300 quae
1310 1272 1418 1299 cavere,
1442 1270 1469 1293 et
1485 1266 1519 1292 ad
1543 1273 1602 1300 quae
1622 1266 1711 1293 studia

922 1309 1042 1336 animum
1069 1309 1233 1345 adjungere,
1257 1318 1352 1346 quaeve
1379 1311 1414 1338 sit
1431 1311 1608 1339 continentia:
1631 1313 1710 1343 ratio,

922 1355 969 1390 qui
990 1354 1145 1390 disciplinm
1167 1356 1276 1389 modus,
1302 1357 1348 1391 qui
1379 1357 1498 1391 denique
1520 1358 1582 1383 vita:
1613 1365 1711 1384 cursus

920 1401 1021 1433 ornnis,
1037 1401 1083 1436 qui
1099 1403 1131 1429 ad
1153 1402 1203 1429 hoc
1217 1403 1388 1438 propositum
1412 1407 1532 1437 spectat,
1557 1403 1712 1438 cuicunque

920 1451 1028 1481 gratum
1044 1451 1085 1474 est
1098 1447 1242 1483 diligenter
1254 1455 1432 1483 cognoscere,
1451 1452 1583 1484 prtecepta
1600 1449 1709 1484 quidem

921 1493 1006 1519 multa
1033 1493 1132 1521 litteris
1158 1494 1316 1530 consignata
1343 1499 1418 1525 sunt,
1448 1494 1548 1530 quibus
1574 1495 1630 1522 haec
1652 1495 1710 1529 ipsa

920 1537 1066 1564 traduntur
1081 1547 1088 1568 ς
1107 1538 1154 1566 sed
1170 1539 1304 1566 minorem
1320 1540 1375 1566 vim
1393 1539 1475 1567 habet
1497 1539 1541 1566 illa
1562 1544 1710 1575 praeceptu-

919 1591 980 1617 rum
1006 1583 1163 1618 explicatio,
1189 1592 1251 1620 quae
1271 1584 1363 1613 verbis
1390 1586 1502 1620 potius,
1525 1594 1606 1621 quam
1631 1587 1710 1616 factis

919 1630 1134 1662 demonstratur,
1149 1631 1279 1666 nullaque
1294 1631 1333 1658 rei
1353 1631 1499 1658 difficultas
1516 1632 1597 1664 inest,
1621 1637 1650 1659 ut
1665 1639 1711 1659 aut

75 1663 153 1713 φησιν
166 1664 367 1713 ὀ.¹Δπόστολος
379 1675 386 1683 ·
404 1667 458 1695 ἀπὸ
478 1670 528 1712 τῆς
544 1670 636 1702 ἑστίας
659 1671 677 1706 ἠ
700 1670 795 1707 χάρις·
823 1672 863 1698 ὲν‹

919 1677 1097 1713 longinquum
1122 1677 1192 1710 iter,
1219 1681 1266 1704 aut
1291 1677 1405 1704 multam
1434 1678 1635 1712 navigationem
1660 1687 1710 1706 nos

74 1707 157 1736 ταῦθα
171 1709 205 1736 τὸ
216 1711 270 1738 τῶν
282 1712 393 1746 ἀγαθῶν
407 1708 601 1750 ἐργαστήριον,
621 1717 650 1742 ἐν
667 1713 690 1750 ᾧ
705 1717 735 1743 to
747 1717 865 1753 ἀκρότα-

75 1762 117 1782 τον
129 1756 178 1791 τῆς
189 1757 334 1793 ἀκριϐείας
348 1760 363 1786 ὁ
375 1761 494 1792 τοιοῦτος
507 1761 563 1796 βίος
576 1762 680 1799 προῖὼν
696 1763 866 1799 ἐκκεκαθαρ-

74 1809 117 1828 ται
128 1810 135 1816 ·
151 1803 200 1829 καὶ
211 1803 294 1840 πολλή
306 1806 380 1832 ἐστιν
390 1806 498 1838 ἐξουσία
509 1809 556 1835 καὶ
570 1807 735 1836 σιωπώντων
748 1810 865 1838 ἐνταῦθα

75 1847 120 1874 καὶ
133 1848 327 1884 φθεγγομένων
340 1851 389 1886 τὴν
404 1852 529 1887 οὐράνιον
548 1853 650 1890 ταύτην
667 1855 803 1882 πολιτείαν
823 1855 866 1882 διὰ

75 1893 126 1920 τῶν
147 1894 237 1930 ἔργων
259 1895 450 1924 διδάσκεσθαι·
477 1899 539 1925 ἐπεὶ
562 1900 609 1926 καὶ
635 1901 688 1933 πᾶς
705 1901 783 1935 λόγος
803 1901 865 1937 δίχα

78 1939 129 1966 τῶν
149 1941 238 1976 ἔργων
255 1942 459 1978 θεωρούμενος,
475 1944 528 1972 κᾶν
541 1946 582 1973 ὅτι
595 1946 713 1982 μάλιστα
726 1948 865 1975 κεκαλλω-

77 1988 204 2024 πισμένος
221 1989 301 2026 τύχῃ,
325 1991 409 2018 εἰκόνι
425 1991 513 2019 ἔοικεν
525 1993 632 2030 ἀψύχῳ,
653 1995 682 2021 ὲν
703 1995 804 2030 βαφαῖς
817 1996 865 2023 καὶ

76 2034 215 2071 χρώμασιν
239 2036 338 2073 εὐανθῆ
358 2046 418 2065 τινα
441 2041 603 2076 χαρακτῆρα
627 2041 841 2079 προδεικνυούσῃ
855 2052 861 2059 ·

75 2081 89 2107 ὁ
101 2081 128 2108 δὲ
141 2082 226 2109 ποιῶν
244 2083 291 2109 καὶ
302 2083 447 2117 διδάσκων,
471 2085 563 2117 καθώς
576 2086 628 2113 πού
644 2095 709 2123 φησι
726 2088 757 2115 τὸ
773 2089 864 2124 Εὐαγ-

75 2130 171 2164 γὲλιον,
180 2129 258 2164 οὗτος
266 2132 374 2167 ἀληθῶς
386 2132 440 2165 ζῶν
453 2134 527 2162 ἐστιν
541 2135 695 2172 ἅνθρωπος,
705 2138 751 2164 καὶ
765 2137 864 2174 ὡραῖος

75 2175 111 2212 τῷ
123 2177 234 2209 κάλλει,
264 2178 311 2204 καὶ
333 2179 462 2213 ἐνεργὸς,
485 2182 533 2208 καὶ
560 2182 728 2217 κινούμενος.
758 2184 863 2211 Οὐκοῦν

74 2222 157 2258 τούτῳ
180 2227 394 2262 προσφοιτητέον
420 2228 478 2254 ἐστὶ
500 2227 547 2254 τὸν
574 2227 705 2262 μέλλοντα
729 2229 800 2256 κατά
818 2229 863 2256 τὸν

74 2267 184 2303 ἐροῦντα
206 2271 284 2306 λόγον
306 2273 356 2308 τῆς
374 2272 523 2308 παρθενίας
536 2273 698 2305 ἀνθέξεσθαι
713 2282 720 2289 ·
737 2275 862 2312 καθάπερ

74 2315 124 2350 γὰρ
139 2318 153 2342 ό
167 2318 260 2353 φωνὴν
280 2318 373 2351 ἔθνους
389 2319 462 2352 τινὸς
478 2320 608 2355 ἐκμαθεῖν
626 2320 861 2357 προθυμούμενος,

74 2361 118 2388 οὐκ
137 2362 212 2390 ἐστιν
234 2362 374 2401 αὒτάρκης
391 2366 481 2401 ἑαυτῷ
503 2366 680 2400 διδάσκαλος,
703 2367 770 2395 ἀλλὰ
787 2369 863 2405 παρά

74 2404 123 2431 τῶν
138 2407 326 2443 ἐπισταμένων
351 2410 518 2442 παιδεύεται,
534 2410 582 2437 καὶ
599 2410 671 2437 οὕτω
685 2411 790 2445 γίνεται
805 2404 861 2443 τοῖς

73 2451 268 2487 ἀλλογλώσσοις
287 2455 437 2491 ὁμόφωνος.
465 2457 558 2489 Οὕτως
580 2454 656 2491 οἶμαι
674 2458 721 2483 καί
737 2457 783 2484 τοῦ
800 2458 859 2493 βίον

75 2497 164 2525 τούτου
176 2500 213 2536 μὴ
223 2502 292 2528 κατὰ
300 2502 350 2537 τὴν
358 2503 519 2530 ἀκολουθίαν
529 2503 669 2538 προίόντος
681 2503 730 2538 τῆς
743 2504 859 2538 φύσεως,

75 2542 128 2570 ἀλλ’
147 2546 355 2582 ἀπεξενωμὲνου
375 2550 407 2584 τῇ
423 2549 563 2584 καινότητι
585 2549 636 2584 τῆς
652 2549 802 2585 διαγωγῆς,
822 2552 859 2587 μὴ

75 2587 157 2622 ἄλλως
169 2592 229 2618 τινὰ
245 2593 341 2627 μαθεῖν
357 2594 406 2630 τὴν
428 2595 584 2630 ἀκρίϐειαν,
599 2595 616 2630 ἢ
635 2595 711 2631 παρὰ.
727 2595 773 2622 τοῦ
796 2605 862 2623 κατ-

75 2635 229 2671 ωρθωκότος
244 2640 498 2675 χειραγωγούμενον
509 2649 516 2656 '
531 2641 579 2668 καὶ
593 2641 627 2668 τὰ
642 2641 709 2668 ἄλλα
724 2642 753 2669 δὲ
770 2643 860 2670 πάντα

76 2682 121 2708 ὅσα
139 2685 208 2711 κατὰ
226 2685 271 2712 τὸν
290 2686 345 2720 βίον
362 2687 567 2723 ἐπιτηδεύομεν,
591 2689 692 2723 μᾶλλον
719 2689 859 2725 κατορθω-

76 2727 131 2763 θείη
145 2729 184 2764 ἰᾠ
207 2731 340 2766 μετιόντι,
365 2733 389 2759 ει
406 2734 481 2768 παρᾶ
494 2734 664 2765 διδασκάλοις
686 2743 727 2765 τις
743 2735 858 2762 ἑκάστου

76 2774 125 2800 τῶν
149 2777 371 2812 σπουδαζομένων
392 2779 508 2814 ἐκμάθοι
534 2779 583 2816 τὴν
607 2780 775 2816 ἐπιστήμην,
801 2781 856 2816 ἢεί

110 2862 131 2878 "
147 2863 225 2892 Rom.
241 2873 268 2897 ιι,
287 2864 313 2891 8.
330 2887 332 2889 .
353 2865 374 2880 ¹⁶
389 2864 485 2893 Matth.
513 2875 537 2901 ν,
562 2867 602 2895 l9.

917 1723 1011 1751 subire
1030 1726 1166 1758 oporteat,
1192 1725 1222 1749 ut
1247 1726 1440 1758 pratccptorem
1463 1722 1601 1758 hujusque
1625 1723 1710 1750 disci-

916 1769 998 1804 plina:
1015 1768 1174 1803 magistrum
1191 1775 1382 1803 assequamur,
1399 1768 1446 1796 sed
1459 1776 1541 1804 prope
1554 1773 1580 1796 te
1597 1769 1709 1799 verbum

916 1818 969 1846 est,
982 1814 1073 1850 inquit
1087 1815 1235 1850 Apostolus
1247 1814 1280 1846 ¹⁵,
1294 1818 1321 1842 et
1343 1814 1370 1841 in
1385 1815 1513 1849 praesenti
1536 1815 1635 1850 gratia.
1654 1814 1709 1841 lloe

917 1859 978 1887 loco
992 1861 1124 1887 virtutum
1140 1859 1251 1887 ofﬁcina
1268 1864 1319 1893 est,
1335 1860 1363 1887 in
1388 1867 1443 1896 qua
1469 1860 1627 1895 huiusmodi
1653 1861 1708 1887 vita

917 1905 950 1932 ad
974 1913 1108 1933 summam
1147 1906 1295 1942 quamdam
1329 1905 1516 1941 integritatem
1541 1914 1708 1942 progressa,

916 1951 1045 1979 Sordiltus
1060 1956 1175 1987 purgata
1191 1957 1242 1979 cst.
1262 1952 1346 1979 Multa
1360 1954 1440 1980 etiam
1458 1952 1509 1980 hoc
1523 1953 1581 1980 loco
1597 1960 1657 1980 cum
1674 1953 1707 1980 iis

915 1999 961 2033 qui
980 2003 1081 2032 tacent,
1098 2003 1154 2027 tum
1170 2000 1237 2033 illis,
1260 2000 1307 2035 qui
1324 2000 1486 2035 loquuntur,
1510 2001 1649 2035 proposita
1665 2005 1708 2026 cst

915 2043 1045 2078 facultas,
1064 2048 1096 2071 ut
1108 2052 1142 2072 ex
1162 2044 1241 2072 factis
1262 2045 1330 2079 ipsis
1348 2044 1454 2072 cmlesti
1476 2044 1527 2072 hoc
1543 2046 1604 2072 vitm
1626 2044 1705 2072 insti-

916 2096 976 2119 tuto
989 2091 1165 2124 erudiantur,
1183 2092 1314 2126 quaniam
1329 2092 1418 2118 oratio
1428 2091 1528 2123 ornuis,
1549 2099 1608 2125 qua:
1624 2091 1706 2118 nullis

915 2137 995 2164 factis
1012 2136 1156 2172 perspicua
1180 2140 1231 2168 est,
1255 2136 1307 2164 etsi
1331 2136 1537 2170 ornatu,multo
1560 2136 1702 2171 perpolita,

914 2184 948 2211 ad
975 2183 1132 2211 inanimatae
1155 2183 1283 2217 imaginis
1308 2182 1514 2211 similitudinem
1546 2191 1629 2218 prope
1659 2190 1706 2209 ac-

915 2230 1016 2263 cessit,
1044 2229 1272 2265 lineamentisque
1296 2233 1323 2257 et
1352 2229 1491 2257 coloribus
1508 2230 1586 2264 quasi
1607 2229 1706 2256 ﬂoren-

916 2280 970 2302 tem
997 2275 1118 2310 aliquam
1148 2275 1262 2302 formam
1289 2283 1345 2310 pra:
1360 2283 1390 2303 se
1414 2274 1493 2302 fcrct.
1510 2275 1633 2310 Namque
1658 2275 1703 2310 qui

916 2321 981 2348 facit
1005 2326 1033 2349 et
1049 2322 1146 2354 docet,
1164 2326 1193 2349 ut
1207 2321 1325 2356 quodam
1343 2322 1404 2349 loco
1417 2326 1459 2350 est
1475 2322 1501 2348 in
1518 2320 1702 2357 Evangelio”,

916 2368 960 2395 hic
992 2375 1056 2396 vere
1077 2368 1158 2395 homo
1180 2372 1207 2396 et
1230 2367 1434 2403 pulchritudine
1458 2367 1583 2403 insignis.
1610 2369 1704 2402 Itaque

915 2413 960 2441 hic
975 2413 1000 2441 ei
1019 2412 1236 2448 frequentandus
1248 2417 1300 2447 est,
1313 2413 1373 2448 qui,
1389 2419 1417 2440 ιιι
1430 2413 1526 2440 litterae
1542 2413 1702 2447 loquuntur.

913 2460 1099 2496 virginitatem
1115 2460 1152 2487 sit
1176 2459 1409 2495 apprehensurus.
1430 2458 1466 2487 Ut
1488 2459 1561 2487 enim
1579 2459 1625 2494 qui
1654 2459 1703 2485 ali-

913 2506 994 2541 cujus
1008 2506 1129 2534 nationis
1143 2514 1297 2534 sermonem
1314 2506 1422 2534 discere
1443 2506 1573 2537 instituit,
1590 2504 1703 2532 minime

915 2561 963 2588 per
975 2561 1005 2581 se
1022 2553 1091 2581 satis
1105 2557 1158 2585 est,
1177 2557 1205 2579 ut
1218 2560 1233 2579 a
1250 2560 1280 2580 se
1294 2552 1352 2587 ipse
1369 2553 1521 2583 erudiatur,
1540 2551 1588 2579 sed
1606 2551 1640 2577 al;
1653 2550 1700 2581 iis.

915 2600 961 2634 qui
976 2599 1051 2627 illius
1066 2600 1202 2627 sermOnis
1228 2599 1306 2644 periti
1332 2604 1394 2627 sunt
1421 2598 1574 2626 instituitur
1588 2618 1596 2630 ,
1619 2602 1702 2631 atquc

914 2645 966 2672 hoc
981 2650 1063 2679 pacto
1081 2645 1155 2672 brevi
1169 2652 1200 2672 ex
1218 2643 1345 2672 audiendi
1360 2643 1559 2672 consuetudine
1574 2650 1701 2677 progres-

913 2698 974 2723 sus,
1004 2690 1140 2725 peregrini
1165 2689 1302 2717 sermonis
1330 2689 1465 2724 particeps
1488 2687 1628 2715 efficitur:
1659 2687 1699 2714 sic

914 2735 1133 2771 opinor-,sihatc
1148 2735 1203 2762 vita
1230 2743 1284 2761 non
1310 2740 1414 2762 natura:
1440 2734 1483 2762 via
1509 2732 1696 2769 progreditur,

913 2781 960 2809 sed
979 2788 1053 2809 novo
1065 2780 1183 2816 quodam
1205 2780 1331 2807 instituto
1353 2780 1472 2812 aberrat,
1491 2786 1550 2806 eam
1578 2778 1696 2813 perfecte
