1912 3080
183 152 237 182 ιοτ

796 148 825 178 S.
854 146 1017 176 GREGORII
1043 144 1191 174 NYSSENI

1762 138 1816 167 403

187 217 199 236 l
227 207 334 236 nemine
355 214 438 244 posse
467 206 580 242 percipi,
607 205 660 233 nisi
684 204 789 241 optimo
815 205 873 232 viro
899 204 969 232 duce

1025 203 1066 238 ἐφ’
1083 201 1180 230 ἑαυτοῦ
1200 200 1406 236 κατεπιχειροίη
1429 199 1476 226 τοῦ
1500 198 1681 234 πράγματος·
1706 197 1738 224 οὐ
1759 196 1814 244 γὰρ

188 259 296 283 «tatur:
314 259 396 290 atque
420 253 473 281 alia
499 253 602 284 omnia,
630 259 800 287 quacunque
823 251 887 278 huic
908 251 971 277 vitae

188 301 275 328 studia
291 300 430 336 proposita
451 303 526 331 sunt,
549 297 651 326 rectius
665 297 699 325 ab
716 305 750 324 eo
764 297 970 332 perficerentur,

190 348 233 382 qui
249 347 303 375 illis
313 347 422 375 deditus
439 349 493 378 est,
511 345 534 373 si
558 352 573 371 a
594 344 754 372 doctoribus
776 343 971 378 magistrisque

193 391 330 420 scientiam
348 392 455 419 lllaruut
470 398 559 418 rerum
572 390 734 425 perciperet,
751 395 866 423 quarmn
881 387 972 415 studio

188 444 315 470 tenetur,
342 445 424 473 quant
449 437 471 464 si
495 444 543 472 per
565 444 595 464 se
620 435 654 462 ad
682 443 738 463 rem
765 433 969 469 aggrederetur.

188 483 245 511 Non
262 485 334 511 enim
350 483 526 518 perspicuum
541 486 584 510 est
599 481 754 508 institutum
772 479 856 512 istud,
878 479 918 507 sic
942 482 972 506 ut

189 537 301 557 necesse
319 530 355 557 sit
373 529 507 564 judicium
523 535 617 556 eorutn
639 535 700 562 qua:
724 527 751 554 in
768 534 823 553 rem
847 530 971 552 nostram

189 580 278 606 futura
294 581 368 611 sunt,
390 578 469 605 nobis
489 576 664 612 permittere:
685 573 906 610 quandoquidem
929 580 972 600 re-

189 633 248 653 ruut
261 615 416 661 ignotarum
432 623 628 659 experientiam
654 626 759 649 tentare
779 619 902 655 periculo
917 626 972 646 non

187 678 272 700 caret.
285 670 520 705 Quemadmodum
539 669 612 697 enim
627 667 791 696 medicinam
805 666 882 701 prius
895 665 972 692 inco-

188 719 290 754 gnitam
305 726 338 745 ex
354 725 405 745 usu
421 725 512 746 rerum
529 716 654 744 homines
666 715 840 746 invenerunt,
856 711 973 748 quibus-

188 764 306 798 damque
321 761 558 791 observationibus
574 761 635 796 ejus
651 763 787 795 praecepta
805 758 879 786 brevi
895 762 972 792 pate-

189 811 322 841 fecerunt.
334 813 363 837 ιιι
375 816 436 837 cum
451 816 554 840 rerum,
570 815 685 843 quarum
701 804 852 840 periculum
869 803 972 831 factum

188 861 239 889 est,
257 856 384 891 exetnplo
399 859 472 883 esset
484 854 624 890 cognitum
644 851 707 887 quid
723 851 877 887 prodesset,
892 848 973 885 quid-

1022 249 1136 285 ἐναργές
1151 249 1208 275 ἐστι
1223 247 1253 275 τδ
1268 246 1436 282 ἐπιτήδευμα
1448 245 1539 276 τοῦτο,
1560 244 1632 272 ὥστε
1649 245 1711 271 κατ’
1724 243 1813 277 ἀνάγ-

1022 304 1074 331 κην
1093 296 1198 326 ἑαυτοῖς
1215 293 1374 328 ἐπιτρέπειν
1391 292 1446 319 τῶν
1460 291 1672 318 λυσιτελούντων
1687 290 1737 326 τὴν
1753 289 1814 325 κρί-

1023 349 1064 367 σιν
1075 348 1082 356 ·
1097 341 1141 367 ὅτε
1152 339 1186 375 δὴ
1199 339 1246 366 καὶ
1258 339 1287 366 τδ
1301 337 1474 374 κατατολμᾷν
1492 338 1542 373 τῆς
1553 337 1607 364 τῶν
1620 337 1813 372 ἀγνοουμένων

1022 386 1120 422 πείρας
1129 386 1179 412 οὐκ
1188 385 1240 418 ἔξω
1251 385 1375 412 κινδύνου
1387 384 1560 411 καθίσταται.
1573 383 1708 418 Καθάπερ
1721 383 1749 409 δέ
1761 383 1813 418 τὴν

1024 431 1147 467 ἰατρικὴν
1161 431 1293 467 πρότερον
1314 429 1500 466 ἀγνοουμένην
1520 429 1564 456 διὰ
1578 429 1629 464 τῆς
1651 429 1750 464 πείρας
1767 429 1813 461 ἐξ-

1023 477 1102 512 εῦρον
1119 477 1143 504 οἱ
1157 476 1305 512 ἂνθρωποι,
1328 475 1545 512 παρατηρήμασί
1567 483 1622 501 τισι
1646 474 1707 501 κατ’
1721 474 1814 508 ὀλίγον

1023 521 1250 557 ἐκκαλυιρθεῖσαν,
1264 521 1334 548 ὥστε
1347 521 1395 548 καὶ
1409 521 1440 548 τὸ
1452 520 1575 555 ὠφελοῦν
1589 521 1635 547 καὶ
1648 520 1679 547 τὸ
1692 520 1815 555 βλάπτον

1022 569 1066 595 διὰ
1086 568 1137 604 τῆς
1152 568 1206 595 τῶν
1227 567 1435 603 πεπειραμένων
1459 566 1612 603 μαρτυρίας
1632 566 1813 600 ἐπιγνωσθὲν,

1022 614 1108 645 οὕτως
1121 613 1162 645 είς
1183 613 1228 640 τὸν
1240 613 1290 648 τῆς
1306 612 1403 648 τέχνης
1419 612 1498 647 λόγον
1519 611 1744 648 παραληφθῆναι,
1765 612 1815 638 καὶ

1023 659 1205 696 παράγγελμα
1221 659 1290 694 πρὸς
1305 660 1336 686 τὸ
1361 658 1457 694 μέλλον
1477 658 1509 685 τὸ
1534 658 1733 694 παρατηρηθὲν
1757 658 1815 689 10!;

1024 705 1318 743 προλαϐοῦσιγίνεσθαι
1330 714 1337 721 ·
1353 705 1401 732 νῦν
1412 705 1441 732 δέ
1453 705 1468 731 δ
1486 704 1554 738 πρὸς
1568 705 1618 740 τὴν
1635 704 1734 740 τέχνην
1749 704 1816 731 ταύ-

1022 760 1073 787 την
1088 751 1273 782 ἐσπουδακὼς,
1295 751 1346 778 ούκ
1369 750 1425 786 ἔχει
1441 749 1564 785 ἀνάγκην
1585 751 1619 785 τῇ
1637 749 1698 776 καθ’
1717 750 1816 776 ἑαυτὸν

1022 797 1106 833 ’πείρα⁵
1119 795 1307 831 διαγινώσκειν
1322 795 1376 822 τῶν
1390 795 1544 830 φαρμάκων
1558 794 1607 830 τὴν
1619 795 1745 829 δύναμιν,
1759 795 1815 820 she

1022 842 1192 878 δηλητήριον,
1202 841 1257 868 εἴτε
1271 840 1442 876 ἁλεξιτήριόν
1451 840 1477 867 τί
1489 840 1564 867 ἐστιν
1573 849 1580 856 ·
1599 839 1670 867 ἀλλά
1682 840 1716 866 τὰ.
1729 841 1815 874 ἐγνω-

188 910 219 930 re
232 886 354 935 noceret,
374 900 401 928 ld
420 900 472 928 hoc
492 886 573 927 modo
589 899 618 926 in
640 886 709 925 artis
725 886 867 924 rationem
891 895 970 923 reda-

1025 888 1109 923 σμένα
1125 888 1190 923 παρ’
1204 887 1305 923 ἐτέρων
1320 886 1424 922 μαθὼν,
1435 886 1516 918 αὐτὸς
1529 887 1580 922 τὴν
1586 887 1686 922 τέχνην
1703 886 1816 923 κατώρ-

186 952 260 975 ctum
278 947 314 975 sit
325 967 333 979 ,
350 945 458 982 quodve
471 953 486 972 a
499 944 650 980 majoribus
663 951 695 971 ea
712 942 746 970 de
760 950 790 970 re
806 945 972 977 praeceptum

189 994 250 1026 fuit,
266 993 292 1020 id
306 993 342 1022 sit
355 996 448 1028 postea
463 991 609 1026 diligenter
621 990 807 1021 observatum,
820 996 894 1016 nunc
908 995 974 1015 vero

186 1040 233 1074 qui
248 1039 282 1066 ad
298 1039 369 1066 hanc
387 1041 476 1065 artem
489 1045 520 1065 se
535 1036 662 1068 contulit,
684 1043 739 1063 non
759 1043 872 1062 necesse
892 1033 974 1062 habet

188 1093 238 1112 suo
264 1083 385 1120 periculo
418 1082 681 1110 medicamentorum
710 1081 764 1108 vim
797 1087 973 1116 cognoscere,

188 1138 253 1157 num
267 1135 402 1156 venenum
415 1128 462 1159 sit.
479 1135 514 1154 an
531 1127 693 1159 remedium,
709 1126 757 1154 sed
777 1126 902 1160 cognitas
929 1132 974 1152 res

188 1183 249 1202 cum
265 1175 300 1201 ab
313 1174 369 1201 alio
383 1173 483 1206 discat,
500 1173 559 1208 ipse
583 1172 708 1201 medendi
725 1179 838 1199 munere
854 1171 974 1206 perfecte

188 1221 335 1255 fungetur:
350 1219 407 1255 pari
426 1219 531 1246 ratione
545 1219 579 1247 de
598 1219 753 1246 animorum
770 1217 904 1245 medicina
929 1217 973 1244 di-

188 1267 303 1294 eundum
317 1269 370 1294 est.
388 1265 450 1293 Hec
467 1270 559 1293 autent
585 1264 760 1301 philosophia
784 1268 838 1296 est,
863 1272 895 1292 ex
921 1271 975 1299 qua

188 1312 279 1339 omnis
293 1311 457 1344 affectionis,
481 1319 543 1346 qua:
559 1313 680 1339 animout
706 1311 827 1346 attingit,
855 1311 976 1339 curatio-

190 1365 250 1385 netn
268 1357 461 1392 cognovimus.
488 1355 548 1383 Non
574 1364 686 1384 necesse
709 1356 794 1392 igitur
810 1359 862 1388 est,
882 1355 975 1390 conje—

187 1402 275 1430 rturis
292 1402 457 1437 quibusdam
480 1405 564 1437 atque
585 1401 866 1430 couunentationibus
884 1402 975 1429 scien-

187 1450 252 1476 tiam
269 1448 408 1484 persequi,
423 1448 472 1476 sed
493 1448 659 1484 cognitionjs
677 1448 738 1483 ejus
755 1448 873 1476 facultas
890 1449 975 1474 multa

188 1496 216 1522 in
244 1503 278 1522 eo
302 1499 366 1529 est,
391 1495 437 1530 qui
466 1495 596 1522 diuturna
631 1495 748 1522 moltave
776 1495 976 1522 consuetudine

187 1541 304 1576 adeptus
316 1544 359 1567 est
377 1539 513 1568 habitum.
534 1538 693 1567 Periculosa
710 1543 751 1566 est
768 1539 840 1566 enim
855 1539 974 1574 plerum-

186 1595 240 1620 que
253 1586 295 1613 vel
309 1586 336 1613 in
364 1585 437 1613 onmi
464 1585 575 1620 negotio
598 1584 778 1612 consiliorum
804 1584 974 1612 moderatrix

188 1632 375 1660 adolescentia
389 1652 397 1664 ,
414 1639 504 1666 neque
536 1631 616 1658 facile
632 1631 770 1666 quispiam
799 1630 903 1666 aliquid
927 1637 974 1658 ea-

186 1678 248 1705 rum
271 1685 363 1705 rerum
387 1685 448 1712 quite
463 1676 555 1704 studio
570 1676 658 1711 digna:
674 1681 749 1707 sunt.
782 1680 856 1704 recte
882 1676 917 1703 ab
941 1684 975 1703 eo

188 1725 290 1751 fartum
307 1723 453 1758 comperit,
465 1731 481 1750 a
496 1731 551 1758 quo
569 1730 624 1750 non
643 1727 686 1750 est
705 1726 836 1750 senectus
856 1722 885 1749 in
909 1729 975 1749 cou-

188 1770 242 1797 silii
258 1769 417 1797 societatem
432 1769 554 1796 adhibita
569 1778 575 1796 :
594 1773 698 1804 quanto
713 1769 787 1796 enint
804 1768 877 1804 quod
895 1769 975 1795 nobis

189 1824 204 1849 p
220 1815 357 1850 opositum
372 1819 425 1846 est,
441 1814 555 1849 reliquis
571 1814 670 1842 studiis
695 1814 806 1851 gravius
832 1814 976 1849 majusque

188 1863 320 1896 apparet,
346 1863 424 1887 tanto
446 1860 608 1895 diligentius
630 1867 681 1887 nos
704 1859 856 1896 periculum
879 1867 977 1887 cavere

188 1907 330 1934 debemus.
350 1905 418 1933 Nam
435 1905 620 1945 adolescentia
630 1905 753 1942 quidem,
765 1913 827 1941 qua:
841 1914 895 1933 non
909 1913 976 1933 cou-

188 1952 252 1980 silio
272 1952 390 1988 regitur,
416 1953 443 1980 in
472 1952 586 1987 reliquis
613 1952 697 1980 rebus
725 1955 773 1979 aut
799 1951 977 1979 facultatibus

188 1999 246 2025 suis
268 1997 397 2025 damnum
430 1998 608 2033 importavit,
634 2001 682 2025 aut
704 1998 797 2033 aliquo
832 1997 978 2024 mundanae

189 2044 279 2072 laudis
294 2045 442 2080 splendore
464 2048 511 2072 aut
526 2044 661 2080 dignitate
677 2044 792 2079 spoliata
809 2048 871 2071 est:
889 2044 915 2071 in
926 2043 977 2071 hac

189 2097 253 2118 vero
266 2090 418 2126 cupiditate
438 2098 535 2126 magna
554 2090 600 2118 illa
616 2090 727 2125 quidem
749 2098 782 2118 ac
801 2089 906 2121 divina,
922 2097 976 2117 non

189 2137 312 2172 pecunia:
330 2137 357 2163 in
383 2136 535 2171 periculum
553 2136 679 2168 veniunt,
710 2144 764 2163 non
783 2135 869 2172 gloria
894 2144 975 2163 mun-

188 2184 269 2214 dana.
287 2183 368 2211 unius
384 2182 437 2210 diei
457 2183 546 2217 spatio
558 2181 700 2216 deﬁciens,
717 2191 771 2210 non
783 2183 844 2210 alia:
860 2182 977 2217 denique

1024 934 1094 960 θωσε
1104 942 1111 949 ·
1121 933 1166 961 τὸν
1180 934 1263 961 αὑτὸν
1273 933 1374 970 τρόπον
1388 933 1434 960 καὶ
1445 933 1495 970 τῆς
1507 933 1560 960 τῶν
1571 933 1665 968 ψυχῶν
1677 934 1814 968 ἰατρικῆς,

1023 981 1073 1016 τῆς
1083 981 1241 1016 φιλοσοφίας
1249 979 1332 1015 λέγω,
1339 980 1372 1007 δι’
1381 978 1416 1016 ἦς
1425 980 1526 1012 παντὸς
1536 980 1638 1012 πάθους
1646 979 1695 1006 τοῦ
1706 980 1757 1015 τῆς
1765 979 1817 1014 ψυ-

1024 1027 1076 1063 χῆς
1090 1027 1243 1063 ἁπτομένου
1259 1026 1308 1062 τὴν
1319 1026 1467 1062 θεραπείαν
1484 1027 1665 1062 μανθάνομεν,
1678 1026 1730 1053 οὐκ
1741 1026 1818 1053 ἔστιν

1024 1074 1132 1108 ἀνάγκη
1148 1074 1311 1109 στοχασμοῖς
1326 1081 1380 1100 τισι
1400 1073 1448 1099 καὶ
1469 1072 1607 1104 ὑπονοίαις
1627 1072 1750 1107 μετιέναι
1766 1072 1816 1108 τὴν

1024 1121 1189 1155 ἐπιστήμην,
1213 1120 1269 1146 ἀλλ’
1284 1120 1393 1154 ἐξουσία
1416 1119 1500 1154 πολλὴ
1516 1120 1566 1155 τῆς
1579 1120 1726 1155 μαθήσεως
1741 1121 1817 1155 παρα

1024 1166 1071 1194 τοῦ
1085 1166 1129 1193 διὰ
1143 1167 1250 1202 μακρᾶς
1267 1175 1297 1193 τε
1318 1167 1366 1193 καὶ
1383 1165 1483 1202 πολλῆς
1495 1166 1546 1201 τῆς
1560 1166 1657 1202 πείρας
1674 1166 1816 1202 κτησαμὲ-

990 1212 995 1218 “
1025 1222 1071 1241 νου
1082 1214 1132 1249 τὴν
1144 1214 1211 1246 ἕξιν.
1235 1213 1313 1240 Ἔστι
1329 1213 1379 1249 μὲν
1398 1213 1453 1249 γὰρ
1464 1213 1502 1245 ὡς
1524 1213 1570 1239 ἐπὶ
1585 1213 1615 1239 τὸ
1626 1213 1694 1239 πολὺ
1708 1214 1756 1239 καὶ
1771 1213 1818 1239 ἐπὶ

1026 1260 1125 1291 παντὸς
1141 1260 1303 1295 πράγματος
1317 1259 1468 1295 σύμϐουλος
1492 1260 1510 1295 ἡ
1530 1259 1635 1294 νεότης,
1657 1259 1704 1285 καὶ
1721 1259 1773 1285 οὐκ
1786 1259 1819 1285 ἂν

1024 1314 1066 1338 τις
1075 1305 1150 1342 εὖροι
1161 1306 1259 1342 ῥᾳδίως
1271 1305 1488 1342 κατωρθωμένον
1494 1314 1520 1332 τι
1531 1305 1585 1332 τῶν
1596 1305 1715 1340 σπουδῆς
1722 1305 1818 1338 ἀξίων,

1025 1349 1047 1386 ᾧ
1062 1352 1100 1387 μὴ
1114 1351 1194 1378 πολιὰ
1207 1351 1426 1387 συμπαρελήφθη
1441 1351 1508 1387 πρὸς
1518 1351 1659 1378 κοινωνίαν
1669 1351 1716 1378 τοῦ
1733 1352 1819 1386 σκέμ-

1027 1405 1125 1433 ματοςο
1139 1398 1194 1433 ὅσῳ
1213 1397 1240 1424 δὲ
1259 1398 1350 1433 μεῖξον
1364 1398 1417 1424 τῶν
1441 1398 1542 1425 λοιπῶν
1560 1398 1788 1434 ἐπιτηδευμάτων
1806 1398 1820 1424 ὀ

1025 1444 1204 1479 προκείμενος
1227 1445 1284 1476 τοῖς
1306 1445 1444 1480 μετιοῦσίν
1466 1445 1524 1471 ἐστι
1551 1444 1667 1477 σκοπὶς,
1697 1445 1820 1479 τοσούτῳ

1026 1492 1073 1519 καὶ
1098 1491 1197 1527 μᾶλλον
1217 1491 1380 1527 προνοητέον
1401 1492 1466 1527 ἡμῖν
1488 1492 1538 1526 τῆς
1559 1491 1710 1526 ἀσφαλείας
1733 1492 1818 1519 ἐστίν.

1032 1537 1094 1563 Ἐπὶ
1110 1537 1161 1572 μέν
1183 1538 1238 1573 γὰρ
1254 1538 1308 1564 τῶν
1323 1536 1425 1564 λοιπῶν
1444 1537 1460 1572 ὴ
1477 1537 1572 1573 νεότης
1594 1538 1624 1564 ού
1645 1538 1717 1565 κατὰ
1739 1538 1820 1572 λόγον

1026 1583 1198 1619 διοικουμένη
1215 1584 1256 1615 είς
1278 1584 1409 1619 χρήματα
1426 1583 1535 1616 πάντως
1551 1585 1599 1620 τὴν
1620 1584 1724 1620 ζημίαν
1737 1585 1820 1620 ἠνεγ-

1025 1638 1084 1662 κεν,
1100 1630 1117 1665 ἡ
1133 1638 1204 1662 τινος
1217 1631 1353 1666 κοσμικῆς
1366 1631 1553 1666 περιφανείας,
1568 1631 1586 1666 ἢ
1601 1632 1647 1658 καὶ
1660 1632 1820 1668 ἀξιώματος

1025 1676 1152 1704 ἐκπεσεῖν
1167 1677 1376 1712 κατηνάγκασεν
1387 1685 1394 1693 ·
1410 1679 1456 1704 ἐπὶ
1472 1678 1500 1705 δὲ
1515 1679 1565 1714 τῆς
1582 1678 1704 1714 μεγάλης
1724 1687 1754 1705 τε
1772 1679 1820 1705 καὶ

1026 1722 1132 1757 ὑψηλῆς
1146 1722 1247 1757 ταύτης
1262 1722 1419 1758 ἐπιθυμίας,
1436 1723 1467 1749 οὗ
1478 1723 1605 1759 χρήματα
1619 1723 1649 1750 τὸ
1662 1723 1820 1751 κινδυνευό-

1027 1767 1106 1802 μενόν
1121 1768 1204 1800 ἐστιν,
1232 1768 1289 1794 οὐδὲ
1305 1768 1369 1800 δόξα
1393 1768 1512 1804 κοσμικὴ
1528 1767 1575 1795 καὶ¹
1594 1769 1745 1805 ἐφήμερος,
1763 1770 1819 1796 οὐδ’

1026 1813 1090 1840 ἄλλο
1103 1822 1129 1840 τι
1142 1814 1196 1840 τῶν
1206 1813 1306 1846 ἔξωθεν
1322 1815 1387 1850 ἡμῖν
1404 1815 1613 1851 παρεπομένων,
1630 1813 1668 1842 ὧν
1682 1817 1730 1843 καὶ
1746 1816 1820 1843 κατὰ

1025 1859 1148 1895 γνώμην,
1175 1861 1221 1887 καὶ
1242 1861 1279 1892 ὡς
1305 1861 1405 1896 ἑτέρως
1431 1861 1622 1897 διοικουμένων
1644 1862 1737 1896 ὀλίγος
1762 1864 1819 1894 τοῖς

1028 1905 1213 1941 σωφρονοῦσιν
1226 1906 1240 1933 ό
1254 1906 1345 1941 λόγος·
1361 1907 1418 1933 ἀλλ’
1433 1907 1517 1943 αὐτῆς
1535 1908 1652 1935 ᾰπτεται
1663 1909 1713 1944 τῆς
1726 1908 1818 1944 ψυχῆς

1027 1952 1044 1987 ἡ
1058 1952 1179 1984 ἀὸουλία,
1194 1954 1238 1980 καὶ
1251 1954 1265 1980 ὁ
1276 1954 1397 1985 κίνδυνος
1411 1954 1461 1987 τῆς
1471 1954 1599 1990 τοιαύτης
1617 1953 1720 1990 ζημίας
1730 1956 1817 1988 ἐστὶν,

1026 1998 1056 2024 οὒ
1072 1999 1102 2025 τὸ
1118 1999 1182 2026 ἄλλο
1193 2008 1218 2025 τι
1232 2000 1413 2036 ζημιωθῆναι,
1429 1996 1460 2027 οὗ
1478 2000 1560 2036 τυχδν
1577 2001 1624 2028 καὶ
1637 2001 1738 2037 δυνατὴ
1753 2002 1817 2036 gai-

1027 2053 1102 2071 νεται
1114 2045 1132 2078 ὴ
1154 2045 1335 2080 ἐπανάληψις,
1358 2046 1425 2073 ἀλλὰ
1445 2046 1485 2076 τὸ,
1501 2047 1581 2073 αὑτὸν
1603 2047 1753 2075 ἀπολέσθαι
1772 2048 1819 2075 καὶ

1028 2090 1200 2126 ζημιωθῆναι
1221 2092 1272 2127 τὴν
1294 2091 1382 2127 ψυχὴν
1404 2092 1454 2128 τὴν
1471 2092 1549 2120 ἰδίαν.
1586 2093 1616 2120 ’0
1630 2093 1679 2129 μὲν
1699 2093 1757 2129 γὰρ
1769 2095 1819 2130 τὴν

1028 2137 1158 2172 πατρῴαν
1175 2137 1369 2170 καταναλώσας
1387 2139 1491 2171 οὐσίαν,
1509 2140 1560 2166 οὒκ
1575 2140 1722 2173 ἀπελπίζει
1736 2141 1819 2176 τυχὸν

1030 2183 1162 2214 ἐπινοίαις
1185 2184 1239 2210 τισι
1265 2184 1347 2210 πάλιν
1370 2184 1416 2211 ἐπὶ
1442 2185 1494 2221 τὴν
1518 2185 1635 2220 ἀρχαίαν
1658 2187 1819 2214 ἐπανελθεῖν

189 2229 251 2255 ulla:
274 2235 331 2259 res,
359 2235 420 2262 qua:
445 2227 556 2255 aliunde
582 2235 634 2255 nos
657 2231 886 2263 consequuntur:
907 2235 973 2263 quas

1029 2227 1175 2263 εὐπορίαν,
1197 2228 1249 2260 ἕως
1271 2228 1304 2255 ἂν
1320 2230 1348 2255 ἐν
1364 2231 1419 2261 τοῖς
1436 2229 1568 2267 ζῶσιν
1594 2231 1608 2257 ὁ
1628 2230 1656 2257 δέ
1677 2231 1729 2266 τῆς
1745 2231 1819 2267 ζωῆς

187 2275 298 2310 quidem
317 2281 361 2302 res
375 2281 426 2309 ego
443 2281 510 2302 sane
531 2273 664 2308 despicio,
678 2274 861 2309 exiguamque
876 2274 975 2301 harum

189 2327 318 2357 tanquam
329 2321 501 2348 extrinsecus
511 2320 678 2348 venientium
690 2320 825 2347 rationent
840 2320 974 2347 moderati

187 2375 220 2395 ac
236 2370 421 2402 temperantes
446 2366 571 2395 homines
593 2366 718 2394 habent:
740 2365 788 2393 sed
810 2366 917 2394 consilii
935 2371 975 2394 te-

188 2414 300 2441 meritas
326 2413 416 2448 ipsutn
437 2412 558 2440 animum
584 2418 760 2440 commovet:
787 2417 870 2447 atque
891 2412 974 2447 hujus

187 2459 344 2487 detrimenti
371 2459 524 2493 periculum
545 2462 604 2490 est,
634 2466 689 2486 non
718 2459 793 2486 illius
812 2466 890 2490 sane,
918 2466 975 2494 quo

187 2513 249 2532 cum
265 2505 329 2540 quis
345 2504 471 2537 allicitur,
490 2504 608 2532 fortasse
631 2504 688 2532 lleri
709 2512 790 2539 posse
812 2504 929 2536 videtur,
945 2508 976 2530 ut

194 2551 261 2579 illud
282 2552 371 2587 ipsum
389 2551 530 2584 resarciat,
555 2551 602 2578 sed
618 2551 683 2578 illud
705 2551 833 2586 quidetn,
850 2554 879 2577 ut
895 2558 930 2578 tte
945 2558 975 2577 se

186 2598 276 2632 ipsum
290 2598 352 2633 quis
366 2597 473 2633 perdat,
488 2603 570 2632 atque
585 2596 684 2625 anima:
699 2605 755 2625 suae
768 2597 899 2624 damnum
917 2596 968 2623 im-

188 2647 285 2676 portet.
310 2643 361 2677 Qui
387 2645 461 2671 enim
487 2644 575 2678 patria
602 2643 674 2670 bona
700 2643 893 2677 consumpsit.
918 2650 972 2670 non

188 2689 306 2715 fortasse
317 2690 454 2724 desperat,
472 2689 593 2725 quandiu
615 2689 642 2716 in
663 2689 717 2716 vita
736 2693 789 2720 est,
808 2688 973 2724 quibusdam

187 2733 319 2761 adhibitis
342 2734 577 2768 cogitationibus,
601 2743 631 2763 se
656 2734 690 2761 ad
719 2734 850 2770 pristinas
875 2741 973 2762 rursus

188 2787 268 2813 posse
283 2779 427 2814 pervenire
440 2779 574 2808 bonorum
596 2781 710 2815 copias:
731 2781 778 2815 qui
799 2788 865 2808 vero
887 2788 902 2808 a
918 2781 973 2808 vita

187 2826 247 2858 ipsa
260 2825 371 2858 cecidit,
387 2832 496 2852 omnem
519 2825 602 2852 simul
625 2834 701 2860 spem
726 2827 822 2860 aI-jicit
841 2835 922 2861 posse
944 2835 973 2854 se

187 2870 222 2898 ad
235 2871 347 2899 meliora
363 2870 464 2900 redire.
479 2870 583 2906 Itaque,
595 2871 725 2906 quoniam
742 2872 932 2900 adolescentes
945 2876 974 2900 et

1029 2274 1130 2310 ταύτης
1144 2274 1277 2307 ἐκπεσὼν,
1294 2276 1383 2302 πᾶσαν
1393 2275 1487 2303 ἐλπίδα
1502 2276 1550 2312 τῆς
1567 2277 1634 2313 πρὸς
1648 2277 1679 2303 τὸ
1695 2279 1819 2313 κρεῖττον

1030 2319 1181 2354 μεταϐολῆς
1197 2319 1395 2356 συναιρῄρηται.
1412 2321 1517 2348 Οὐκοῦν
1530 2322 1626 2358 ἐπειδὴ
1640 2322 1696 2349 νέοι
1714 2323 1754 2350 ἔτι
1773 2324 1818 2350 καὶ

1028 2365 1132 2397 ἀτελεῖς
1147 2365 1196 2401 τὴν
1216 2365 1334 2393 διάνοιαν
1356 2367 1381 2393 ot
1399 2367 1490 2394 πολλοὶ
1505 2367 1554 2403 τῆς
1577 2368 1729 2403 παρθενίας
1743 2370 1815 2396 ἀντι-

1027 2411 1221 2446 λαμϐάνονται,
1237 2411 1316 2438 τοῦτο
1332 2412 1385 2447 πρὸ
1401 2413 1507 2440 πάντων
1523 2414 1613 2445 αὐτοῖς
1627 2414 1818 2450 ἐπιτηδευτέον

1028 2458 1060 2484 ἂν
1076 2457 1131 2492 εἴη.
1147 2458 1177 2484 τὸ
1191 2457 1307 2493 ζητῆσαι
1323 2458 1373 2493 τῆς
1383 2458 1443 2485 ὁδοῦ
1455 2459 1557 2494 ταύτης
1571 2459 1779 2496 καθηγούμενον
1789 2470 1818 2488 τε

1028 2504 1075 2532 καὶ
1092 2503 1252 2531 διδάσκαλον
1265 2505 1378 2539 ἀγαθὸν,
1398 2506 1435 2541 μή
1456 2515 1506 2532 που
1523 2506 1566 2533 διὰ
1579 2506 1627 2542 τὴν
1641 2507 1757 2542 ἄγνοιαν
1770 2508 1819 2543 τὴν

1027 2547 1109 2576 οὖσαν
1126 2549 1155 2576 ἐν
1175 2549 1284 2582 αὐτοῖς,
1298 2551 1405 2582 ἀνοδίας
1426 2550 1503 2582 τινας
1520 2551 1567 2578 καὶ
1590 2551 1696 2583 πλάνας
1711 2553 1819 2584 ἑαυτοῖς

1027 2595 1081 2622 ἀπὸ
1096 2595 1145 2631 τῆς
1170 2595 1276 2628 εὐθείας
1295 2597 1540 2632 καινοτομήσωσιν.
1571 2597 1758 2634 ’Δγαθοὶ.γάρ
1772 2599 1820 2626 δύο

1026 2642 1096 2678 ὑπὲρ
1122 2642 1167 2669 τὸν
1181 2642 1239 2674 ἕνα,
1264 2643 1347 2677 φησὶν
1363 2643 1377 2669 ὁ
1403 2642 1637 2679 Ἐκκλησιαστής·
1657 2644 1820 2678 εὐκαταγώ-

1028 2697 1117 2720 νιστος
1139 2688 1167 2714 δὲ
1182 2689 1196 2715 ὀ
1219 2685 1259 2719 εἷς
1279 2688 1317 2724 τῷ
1334 2689 1422 2724 ἐχθρῷ
1440 2689 1479 2724 τῷ
1499 2689 1570 2716 κατὰ
1589 2689 1639 2721 τὰς
1655 2689 1733 2722 θείας
1743 2691 1820 2723 ὁδοὺς

1029 2734 1195 2770 ἐνεδρεύοντι
1207 2741 1213 2748 ’
1231 2736 1276 2762 καὶ
1289 2735 1374 2767 ὅντως
1391 2745 1399 2761 ι
1414 2735 1483 2762 Οὐαὶ
1496 2735 1536 2771 τῷ
1548 2735 1587 2762 ἐνὶ
1598 2736 1663 2763 ὅταν
1679 2736 1763 2774 πέσῃ,
1778 2738 1819 2764 ὅτι

1028 2780 1078 2807 ούκ
1094 2781 1150 2816 ἔχει
1163 2782 1209 2807 τὸν
1224 2781 1399 2816 ἀνορθοῦντα.
1416 2791 1426 2807 ι
1445 2782 1516 2816 Ἤδη
1530 2781 1584 2818 γάρ
1596 2790 1669 2814 τινες
1681 2783 1756 2818 ὁρμῇ
1771 2784 1819 2817 μὲν

1027 2826 1102 2861 δεξιᾷ
1113 2827 1180 2862 πρ’,ς
1190 2826 1238 2862 τὴν
1251 2827 1298 2853 τοῦ
1309 2827 1407 2861 σεμνοῦ
1421 2827 1477 2863 βίου
1493 2827 1641 2864 ἐπιθυμίαν
1653 2828 1815 2864 ἐχρῄσαντο·

1027 2873 1063 2905 ὡς
1076 2873 1104 2901 δὲ
1118 2873 1186 2909 ὁμοῦ
1197 2873 1235 2909 τῷ
1254 2873 1429 2909 προελέσθαι,
1456 2875 1502 2901 καὶ
1522 2873 1571 2910 τῆς
1585 2873 1757 2911 τελειότητος
1771 2877 1816 2910 ἑρ-
