1912 3080
83 131 130 160 509

83 191 222 228 ιψάμενοι,
238 191 326 230 ἑτέρῳ
348 194 475 238 πτώματι
499 197 544 226 διὰ
565 198 613 226 τοῦ
631 199 717 236 τύφου
731 203 875 232 ὑπεσκελί-

84 238 192 274 σθησαν.
213 238 259 267 om
275 249 348 273 τινος
370 243 582 277 φρενοϐλαϐείας
606 247 720 280 ἑαυτοὺς
737 250 873 286 ἐξαπατη-

85 292 173 316 σαντες
195 285 288 313 ἐκεῖνο
313 287 440 323 ἡγεῖσθαι
466 290 566 324 καλὸν,
607 292 650 327 ἐφ’
677 294 746 330 ὅπερ
782 285 872 323 αὐτῶν

86 331 97 366 ἡ
119 330 223 377 atavos
249 331 331 369 ῥέψῃ.
364 334 413 361 Ἐκ
443 335 547 363 τούτων
576 338 645 365 εἰσὶν
669 340 692 365 οἱ
724 341 800 377 παρὰ
822 342 872 377 τῆς

83 376 396 414 σοφίαβδνομασθέντες
420 381 533 417 ἀεργοὶ,
562 384 586 410 οι
610 384 659 416 τὰς
685 386 761 419 ὁδοὺς
780 376 871 415 αὐτῶν

82 421 208 454 ἀκάνθαις
223 423 397 459 στρώσαντες
409 434 416 442 ·
440 427 465 453 οξ
482 427 584 464 βλάϐην
600 430 746 466 ἡγούμενοι
758 433 807 468 τῆς
817 433 869 468 ψυ-

82 469 126 503 χῆς
136 467 186 503 τὴν
207 469 274 505 mp).
297 469 331 497 τά
352 470 421 507 ἔργα
441 472 496 499 τῶν
518 473 632 502 ἐντολῶν
649 477 805 513 προθυμίαν
818 467 829 496 ογ
844 480 869 506 οἱ

82 514 325 551 παραγραψάμενοι
345 518 395 550 τὰς
412 519 596 552 datos-rami;
611 524 804 556 παραινέσεις,
821 526 869 552 καὶ

131 561 176 587 τὸν
199 561 267 588 ἴδιον
289 562 371 597 ἄρτον
390 564 567 600 εὐσχημόνως
582 568 728 600 ἐσθίοντες,
745 570 814 597 ἀλλὰ
828 571 868 606 τῷ

80 605 205 642 ἀλλοτρίῳ
227 609 466 643 προστετηκότες,
489 611 588 647 τέχνην
614 613 672 648 βίου
695 616 744 650 τὴν
767 605 867 651 ἀργίαν

79 651 228 687 ποιούμενοι
241 661 249 668 ⁸
280 654 404 681 ὲιιτεῦθεν
420 657 444 682 οι
458 657 647 691 ὲνυπνιασταὶ,
659 660 684 685 οἱ
699 661 748 692 τὰς
762 662 793 688 ἐκ
813 662 867 689 τῶν

78 696 183 733 ὀνείρων
205 698 317 731 ἀπάτας
338 701 500 737 πιστοτέρας
519 702 573 730 τῶν
591 704 777 739 εὑαηελικῶν
793 707 866 733 διδα-

79 743 184 778 τμάτων
199 744 368 781 ποιούμενοι.
383 747 431 773 καὶ
447 748 635 783 ἀποκαλύψεις
646 750 695 783 τὰς
715 753 865 786 φαντασίας

79 790 322 827 προσαγορεύοντες
334 792 406 827 (ἀπὸ
421 793 523 820 τούτων
534 795 603 822 είσὶν
615 796 640 822 oi
656 797 809 830 ἐνδύνοντες
824 800 865 832 είς

77 837 234 874 τάςοίκίας)ο
245 839 294 866 καὶ
304 839 384 867 πάλιν
391 840 465 868 ἄλλοι
474 841 500 868 οἰ
510 842 540 868 τὺ
548 842 564 868 ἄ
568 842 661 878 μικτόν
668 852 697 869 τε
708 845 754 870 καὶ
764 845 864 880 θηριῶ-

77 883 115 915 δες
127 883 226 921 ἀρετὴν
242 885 409 920 νομίζοντες,
425 887 484 914 οὐδὲ
496 888 546 923 τῆς
560 889 752 925 μακροθυμίας
765 899 795 917 τε

77 931 322 967 ταπεινοφροσύνης
341 933 387 960 τὸν
407 935 513 970 καρπὸν
538 935 725 970 ἐπιστάμενοι.
757 936 807 963 Καὶ
821 937 863 969 τίς

77 975 106 1002 ἂν
121 975 251 1009 διεξέλθοι
269 977 359 1005 πάντα
381 978 415 1006 τὰ
434 979 547 1006 τοιαῦτα
577 980 729 1015 πτώματα,
751 982 791 1013 εἰς
812 982 862 1009 ὅσα

77 1021 226 1059 ἐκφέρεται,
242 1023 283 1059 τῷ
299 1024 337 1060 μὴ
352 1024 440 1052 θέλειν
453 1027 511 1057 τοῖς
526 1026 597 1053 κατά
607 1026 674 1054 Θεὸν
689 1026 863 1063 εὐδοκιμοῦσι

77 1068 288 1104 προστίθεσθαις
318 1071 366 1098 Ἐκ
386 1071 489 1099 τούτων
506 1072 560 1108 γὰρ
584 1072 706 1108 ἔγνωμεν
730 1073 777 1100 καὶ
798 1073 863 1105 τοὺς

76 1112 187 1151 τῷλιμῷ
201 1115 284 1151 μέχρι
298 1114 414 1143 θανάτου
425 1117 670 1153 ὲγκαρτεροῦντας.
683 1118 721 1150 ὡς
733 1117 781 1145 τοῦ
792 1117 862 1146 Θεοῦ

75 1161 129 1193 ταῖς
144 1159 285 1194 τοιαύταις
304 1161 540 1199 εὐαρεστουμένου
563 1163 688 1196 ουσίαις¹
709 1165 755 1191 καὶ
780 1165 862 1192 πάλιν

75 1206 162 1239 ἄλλους
175 1207 209 1234 ὲκ
219 1207 368 1244 διαμέτρου
387 1208 455 1244 πρὸς
474 1209 505 1236 τὸ
519 1209 640 1237 ἐναντιον
653 1211 861 1246 ἀποστατήσαν-

75 1260 136 1285 τις·
155 1252 180 1281 οἳ
193 1253 293 1290 μέχρις
314 1254 445 1290 ὀνόματος
463 1255 513 1290 τὴν
526 1256 648 1291 ἀγαμίαν
667 1256 861 1291 ὲπιτηδεύσαν-
881 1265 892 1285 _’

75 1306 123 1331 τες,
138 1299 213 1327 οὐδὲν
227 1298 387 1341 διαφέρουσι
406 1300 454 1328 τοῦ
473 1301 563 1328 κοινοῦ
581 1301 639 1337 βίου
653 1310 661 1319 -
679 1302 715 1342 ,οὗ
733 1302 813 1337 μόνον
825 1303 858 1338 τῇ

75 1344 164 1381 γαστρὶ
188 1344 224 1372 τὰ
239 1334 420 1382 τέρος-ἡδονὴν
442 1334 636 1383 χαριζόμενοι.
666 1334 860 1382 ἀλλά-γυναιξί

75 1390 137 1417 κατά
153 1389 184 1418 τὸ
200 1391 320 1427 φανερὸν
341 1392 540 1424 συνοικοῦντες.
563 1394 611 1420 καὶ
625 1393 792 1429 ἀδελφότητα
809 1395 859 1430 τὴν

75 1435 192 1472 τοιαύτην
211 1436 364 1473 συμὸίωσιν
380 1438 569 1474 ὀνομάζοντες,
589 1439 626 1471 ὡς
641 1440 673 1475 δὴ
687 1441 736 1476 τὴν
750 1441 817 1475 πρὸς
829 1440 859 1467 τὸ

74 1483 154 1520 χεῖρον
164 1484 294 1512 ὑπόνοιαν
304 1483 418 1520 ὀνόματι
430 1485 585 1521 σεμνοτέρῳ
597 1486 858 1522 περικαλύπτοντες.

74 1530 108 1555 Δι’
127 1526 163 1557 ὧν
186 1530 234 1557 καὶ
260 1530 365 1566 σφόδρα
385 1530 416 1557 τὸ
432 1531 527 1566 σεμνὸν
550 1531 629 1558 τοῦτο
668 1533 715 1559 καὶ
739 1533 859 1569 καθαρὸν

73 1575 233 1612 ἐπιτήδευμα
247 1576 448 1612 βλασφημεῖται
461 1577 537 1613 παρὰ
549 1577 604 1603 τῶν
619 1577 728 1610 ἔξωθεν,

735 143 780 173 DE
794 145 1026 184 VlltGlNi'l'ATE,

1667 160 1722 194 410

895 210 914 239 Α
931 211 1021 235 tuente
1040 208 1148 238 iullrma
1165 211 1289 247 p‘erique
1303 221 1333 241 se
1354 215 1388 243 ad
1408 217 1577 253 virginitatis
1598 222 1720 251 studium

924 255 1082 287 conferunt,
1100 257 1167 284 illud
1183 260 1210 285 in
1227 260 1325 294 primis
1352 263 1476 293 studiose
1499 266 1540 294 eis
1565 269 1718 298 curandum

923 303 975 332 cst,
993 305 1022 327 ιιι
1036 303 1170 337 Optimum
1190 305 1273 339 hujus
1294 307 1357 335 vitae
1376 309 1474 338 ducem
1498 319 1531 340 ac
1554 315 1717 350 magistrum

908 352 1058 381 'qumrant,
1076 357 1109 376 ne
1124 351 1237 385 quando
1255 357 1368 389 propter
1383 364 1476 384 rerum
1501 358 1715 394 ignorationem,

921 401 982 428 qua:
997 393 1024 421 in
1038 395 1092 423 illis
1107 400 1160 428 est.
1184 401 1360 428 transversas
1377 393 1580 436 quasdamisibi
1597 407 1656 434 vias
1673 413 1716 434 at-

920 446 974 473 que
991 446 1006 466 a
1021 445 1095 468 recta
1123 441 1283 473 aberrantes
1309 446 1446 474 muniant.
1471 447 1538 476 Boni
1563 451 1635 478 enim
1656 452 1712 480 duo

920 492 1003 519 supra
1020 494 1117 519 unum,
1131 487 1220 523 inquit
1239 488 1441 520 Ecclesiastes:
1470 493 1549 522 facile
1566 504 1630 524 vero
1654 498 1715 525 vin—

919 529 991 556 citur
1011 538 1082 559 unus
1096 532 1131 560 ab
1143 533 1316 568 adversario,
1337 537 1382 571 qui
1403 537 1450 566 Dei
1471 540 1515 566 via
1540 548 1653 569 cursum
1672 547 1714 569 tc-

919 579 984 603 net:
1002 584 1086 611 reque
1104 586 1166 605 vera
1182 588 1190 604 ι
1207 578 1252 607 Va:
1266 581 1330 613 soli.
1351 583 1462 617 quando
1476 585 1561 618 cadit,
1582 588 1712 621 quoniam

917 628 970 647 non
990 622 1079 655 habet,
1098 624 1144 658 qui
1161 632 1222 652 eum
1240 627 1327 662 erigat
1341 628 1373 656 ".
1394 628 1475 657 niam
1493 632 1565 658 enim
1589 636 1712 662 nonnulli

917 666 950 693 ad
976 668 1068 702 gravis
1086 670 1147 697 vita:
1166 672 1344 706 cupiditatem
1372 675 1500 704 laudabili
1527 678 1629 712 impetu
1654 680 1712 705 ala-

916 713 1002 740 criter
1019 715 1061 742 usi
1079 719 1154 749 sunt,
1170 721 1196 744 ct
1212 718 1264 746 hoc
1281 720 1398 748 consilio
1411 722 1493 749 simul
1512 724 1710 758 perfectionem

916 761 1047 792 assecuti,
1060 769 1093 788 ex
1113 764 1243 798 superbia
1258 765 1345 793 altero
1361 766 1439 802 lapsu
1457 768 1482 795 in
1495 770 1597 795 terram
1611 770 1709 804 dejecti

915 809 989 834 sunt.
1012 813 1074 833 cum
1098 807 1149 842 ipsi
1167 809 1303 837 dementia
1327 819 1377 839 sua
1397 812 1515 848 decepti,
1536 814 1603 841 illud
1629 819 1711 850 puta-

916 851 1004 878 verint
1020 851 1181 885 honestum,
1203 854 1237 881 ad
1254 856 1327 890 quod
1349 864 1444 884 eorum
1469 866 1547 885 mens
1573 864 1707 894 vergeret.

815 891 863 918 καὶ
880 885 899 912 Β
914 894 952 922 Ex
966 896 1008 924 his
1028 898 1066 925 illi
1083 903 1160 930 Stult.
1178 901 1224 936 qui
1239 885 1308 936 pigri
1324 907 1408 936 atque
1425 903 1528 931 inertes
1545 885 1670 932 homines
1693 916 1707 933 ιι

918 941 1056 978 Sapientia
1070 946 1159 972 vocati
1177 951 1241 973 sunt
1255 956 1262 974 :
1277 948 1325 982 qui
1340 956 1405 976 suas
1423 949 1482 977 vias
1499 950 1587 985 spinis
1603 955 1709 979 strave-

917 993 1001 1022 runt;
1018 989 1063 1024 qui
1083 990 1156 1018 illam
1173 992 1206 1018 ad
1224 993 1416 1021 mandatorum
1435 994 1480 1022 Dei
1495 1003 1578 1030 opera
1595 1004 1709 1032 propen-

916 1033 1032 1066 sionem,
1065 1036 1163 1063 animae
1186 1038 1382 1065 existimarunt
1407 1039 1627 1075 detrimentum;
1660 1043 1707 1077 qui

915 1080 1102 1114 apostolorum
1125 1087 1259 1116 praecepta
1283 1084 1501 1120 traditionesque
1525 1086 1705 1121 abrogarunt,

915 1132 965 1152 nec
980 1134 1031 1153 suo
1043 1134 1113 1161 pane
1131 1128 1243 1156 honeste
1259 1135 1426 1161 vescuntur,
1446 1130 1494 1158 sed
1524 1131 1557 1158 ad
1585 1133 1704 1160 alienum

915 1171 1070 1204 intendunt,
1086 1181 1147 1200 cum
1164 1174 1272 1202 vivendi
1284 1179 1370 1202 artem
1384 1176 1411 1203 iu
1423 1176 1530 1204 desidia
1544 1177 1706 1214 ignaviaque

916 1222 1039 1251 ponant:
1056 1219 1129 1247 unde
1152 1221 1336 1249 somniatorcs
1360 1226 1435 1254 sunt,
1459 1223 1507 1257 qui
1535 1224 1705 1252 somniorum

913 1260 1089 1297 deccptioues
1113 1264 1311 1298 probabiliorcs
1336 1266 1460 1301 iaciunt,
1483 1276 1565 1303 quam
1589 1276 1706 1304 evange-

913 1306 966 1334 lica
990 1312 1140 1344 praecepta,
1166 1311 1403 1345 revelatioucsque
1427 1314 1535 1347 species
1561 1322 1653 1341 rerum
1678 1315 1706 1342 in

913 1355 1020 1381 somnis
1035 1355 1141 1383 oblatas
1156 1360 1271 1391 putant:
1285 1357 1319 1384 ab
1334 1358 1377 1385 his
1393 1359 1530 1386 exsistunt
1547 1360 1593 1393 qui
1609 1360 1707 1387 donius

913 1397 1127 1432 ingrediuntur:
1147 1408 1301 1436 rursusque
1316 1402 1361 1428 alii
1380 1402 1425 1436 qui
1453 1403 1600 1430 immanem
1618 1409 1644 1430 et
1664 1403 1705 1430 fe-

912 1451 970 1470 ram
987 1444 1115 1472 virtutem
1131 1446 1291 1481 opinantur,
1307 1447 1522 1483 dilectionisque
1539 1453 1705 1483 pratceptum

912 1489 1047 1525 ignorant,
1064 1499 1152 1526 neque
1172 1492 1368 1526 beneﬁcentim,
1391 1501 1480 1528 neque
1507 1494 1592 1521 animi
1610 1494 1704 1521 mode-

911 1536 970 1563 slia:
990 1536 1111 1563 fructum
1130 1543 1310 1572 cognoscunt.
1326 1539 1361 1566 At
1378 1547 1445 1567 sane
1460 1539 1523 1574 quis
1542 1548 1638 1568 omnes
1652 1540 1702 1567 bu-

911 1580 1033 1615 jusmodi
1059 1589 1142 1609 casus
1175 1584 1422 1620 prolapsionesque
1448 1590 1643 1620 percurreret,
1675 1586 1704 1612 in

73 1631 134 1658 quos
148 1624 249 1659 aliquis
268 1624 366 1658 l‘ertur,
383 1633 446 1653 cum
464 1624 498 1651 ad
512 1632 560 1652 eos
574 1633 604 1652 se
619 1625 746 1653 conferre
762 1631 880 1660 recusat,
900 1628 946 1663 qui
964 1628 1019 1656 Deo
1037 1629 1142 1663 probati
1160 1634 1224 1658 sunt
1235 1631 1246 1657 1’
1258 1630 1444 1666 Cognovimus
1458 1632 1530 1659 enim
1545 1641 1595 1660 nos
1611 1641 1645 1660 ex
1661 1633 1706 1660 his

73 1670 218 1703 nonnullos,
233 1670 282 1706 qui
299 1671 396 1698 famem
409 1679 495 1706 usque
509 1670 544 1698 ad
562 1671 667 1698 obitum
685 1672 820 1707 patienter
836 1673 970 1706 tulerunt,
988 1675 1067 1709 quasi
1081 1675 1123 1703 his
1134 1677 1278 1704 sacriﬁciis
1298 1678 1422 1712 placetur
1440 1678 1531 1706 Deus:
1549 1686 1703 1714 rursusque

72 1714 143 1748 alios.
165 1716 210 1751 qui
227 1717 309 1752 quasi
322 1724 338 1744 e
357 1717 469 1753 regione
493 1716 610 1751 oppositi
636 1717 669 1743 ad
688 1718 856 1745 contrariam
876 1727 932 1746 rem
951 1728 981 1747 se
995 1719 1193 1753 adjunxerunt,
1218 1722 1383 1757 nomineque
1397 1723 1531 1750 duntaxat
1545 1724 1700 1750 catlibatum

72 1763 232 1798 proﬁtentes,
252 1771 269 1790 a
283 1765 423 1791 communi
437 1764 546 1791 vivendi
562 1764 762 1791 consuetudine
776 1772 831 1791 non
851 1765 930 1800 longe
954 1767 1054 1795 absunt
1067 1788 1074 1800 ,
1098 1773 1192 1803 utpote
1212 1770 1257 1804 qui
1273 1777 1327 1796 non
1346 1770 1449 1797 ventris
1465 1771 1552 1797 solum
1567 1771 1702 1805 voluptati

73 1808 232 1846 indulgeant,
252 1809 301 1838 sed
319 1810 401 1838 etiam
416 1819 480 1839 cum
503 1803 613 1839 feminis
632 1815 725 1846 aperte
744 1812 918 1840 contubernii
944 1806 1103 1843 societatem
1128 1817 1263 1844 habeant:
1280 1817 1405 1852 hancque
1414 1825 1476 1845 cum
1492 1818 1526 1845 iis
1540 1818 1700 1845 familiarem

72 1858 170 1889 vivendi
191 1859 420 1886 consuetudinem
444 1860 570 1888 fraterna:
588 1862 761 1896 cognationis
783 1863 893 1890 nomine
917 1864 1071 1898 appellant,
1098 1873 1196 1900 nempe
1216 1865 1367 1893 honestiori
1387 1866 1498 1894 nomine
1513 1875 1591 1895 suam
1605 1868 1701 1894 occul-

72 1905 153 1936 iﬁles
166 1909 300 1938 mentem,
311 1913 372 1941 quae
386 1905 419 1932 ad
443 1906 535 1940 pejora
550 1908 679 1942 proclivis
700 1913 752 1936 est.
765 1910 855 1945 Atque
875 1909 909 1936 ab
923 1908 966 1937 his
982 1910 1092 1946 quidem
1116 1918 1199 1946 grave
1215 1910 1268 1939 hoc
1285 1911 1432 1939 admodum
1448 1920 1602 1948 purumque
1619 1912 1702 1949 virgi-

71 1953 156 1981 nitatis
169 1953 292 1982 studium
309 1954 481 1989 vituperatur
500 1955 571 1990 apud
590 1955 715 1991 gentiles.

351 2011 477 2039 ΚΕΦΑΛ.
498 2011 562 2039 KA'.

71 2067 130 2104 ὀτι
149 2067 206 2103 χρὴ
230 2068 287 2095 τὸν
311 2068 368 2101 τὴν
396 2067 549 2102 ἀκρίϐειαν
574 2069 629 2096 ⁴τοῦ
652 2070 725 2102 ,ϐίου
748 2071 855 2104 μαθειν

98 2103 296 2167 βουλΐμενον,
320 2104 401 2139 παρὰ
419 2104 472 2132 τοῦ
498 2103 754 2139 κατορθώσειν-ωδ
770 2104 855 2132 διδά-

100 2147 175 2166 σχεσ
193 2148 236 2167 αι.

101 2184 200 2213 οὐκοῦν
222 2185 361 2218 λυσιτελὲς
384 2185 417 2213 ἀν
437 2185 479 2221 εἴη
505 2185 543 2222 μὴ
570 2185 725 2222 νομοθετεῖν
748 2186 854 2219 ἑαυτοῖς

70 2231 126 2264 τοὺς
140 2231 216 2264 νέους
237 2232 289 2268 τὴν
304 2231 423 2267 τοῦ-βίου
440 2231 536 2259 τούτου
560 2231 629 2259 ὁδόν-
649 2231 681 2259 οὑ
695 2232 750 2268 γάρ
764 2232 853 2259 ἐπιλέ-

71 2275 139 2305 λοιπε
147 2278 196 2314 τὴν
211 2278 285 2314 ζωὴν
299 2278 378 2315 ἡμῶν
391 2278 425 2306 τὰ
444 2278 498 2305 τῶν
511 2278 622 2313 ἀγαθῶν
644 2278 830 2314 ὑποδείγματα
844 2287 852 2295 ο

71 2323 131 2350 ἀλλά
146 2325 192 2351 καὶ
207 2325 312 2362 σφόδρα
326 2324 385 2356 νῦν,
403 2325 482 2360 εῐπερ
497 2325 563 2351 ποτὲ
577 2344 585 2357 ,
615 2324 632 2360 ἡ
652 2324 784 2360 σεμνότης
803 2325 851 2360 ἦν·

73 2365 142 2403 θησε,
161 2370 207 2396 καὶ
218 2369 395 2405 ἐπιχωριάζει
410 2369 449 2405 τῷ
465 2368 516 2405 βίῳ
530 2369 619 2405 ἡμῶν,
639 2369 706 2406 πρὸς
723 2369 753 2396 τὸ
770 2369 853 2406 ἀκρό-

72 2420 142 2439 τατον
153 2414 211 2446 ταῖς
228 2415 288 2441 κατ’
301 2414 390 2449 ὀλίγον
413 2414 585 2450 προσθήκαις
600 2414 784 2450 ἀκριϐωοεῖσα
794 2423 801 2430 ·
817 2411 852 2450 ἧς

72 2456 150 2489 ἔξεστι
169 2460 314 2495 μετασχεῖν
331 2459 378 2486 τὸν
404 2461 460 2492 τοῖς
475 2459 606 2492 τοιούτοις
621 2460 707 2496 ἴχνεσι
732 2469 851 2496 περιπα-

71 2503 176 2537 τοῦντα,
200 2504 313 2541 καὶτῆς
330 2505 418 2542 ὀσμῆς
434 2505 481 2533 τοῦ
507 2505 595 2543 μύρου
618 2506 714 2533 τούτου
734 2506 851 2533 κατόπιν

71 2548 202 2584 ἑπόμενον,
217 2551 267 2586 τῆς
284 2551 398 2583 εὐωδίας
418 2551 466 2578 τοῦ
479 2551 597 2588 Χριστοῦ
613 2552 850 2588 ἀναπίμπλασθαι.

72 2593 194 2631 Καθάπερ
209 2595 263 2632 γὰρ
274 2597 338 2632 μιᾶς
348 2596 512 2634 emtam;
527 2597 679 2634 λαμπάδος,
694 2598 735 2630 εἰς
745 2598 851 2630 πάντας

70 2638 126 2672 τοὺς
140 2642 370 2677 προσεγγίζοντας
390 2642 504 2679 λύχνους
516 2644 533 2680 ἡ
553 2643 605 2679 τῆς
619 2644 718 2679 φλογὺς
733 2644 851 2676 διάδοσις

72 2684 178 2720 γίνεται,
193 2687 256 2715 οὔτε
275 2688 323 2716 τοῦ
339 2689 448 2725 πρώτου
469 2690 557 2726 φωτὸς
576 2690 788 2726 ἐλαττουμένου,
803 2689 851 2717 καὶ

70 2732 120 2763 τοῖς
142 2733 186 2761 διὰ
212 2735 389 2771 μεταλήψεως
413 2736 609 2773 φωτιζομένοις
636 2737 706 2765 κατὰ
733 2736 765 2764 τὸ
793 2737 851 2764 ῐσον

72 2780 274 2815 προτγινομὲνου
286 2787 294 2795 ·
312 2780 384 2809 οὓτω
396 2783 443 2810 καὶ
468 2783 485 2819 η
503 2783 550 2811 τοῦ
565 2782 624 2819 βίου
643 2783 739 2811 τούτου
755 2782 850 2821 σεμνό-

105 2864 124 2880 ¹⁷
136 2865 220 2895 ErcIe.
237 2876 263 2896 tv
289 2870 330 2899 ιο.

1193 2010 1309 2039 CAPUT
1321 2010 1416 2039 XXIV.

910 2066 963 2100 Qui
979 2072 1133 2104 accuratam
1156 2067 1224 2104 lianc
1244 2068 1449 2104 ritm_rationem
1468 2069 1573 2103 assequi
1596 2069 1665 2104 uult,
1682 2079 1701 2101 α

1041 2103 1160 2137 perfecto
1177 2103 1232 2130 viro
1246 2102 1386 2130 erudiatur
1405 2112 1508 2130 necesse
1520 2109 1571 2131 est.

867 2176 890 2206 (ἓ
945 2181 1019 2209 Utile
1042 2181 1128 2216 igitur
1151 2185 1195 2209 cst
1220 2181 1410 2210 adotescentes
1442 2182 1525 2217 hujus
1551 2183 1605 2211 sibi
1636 2184 1702 2214 vita

908 2226 1019 2254 modum
1034 2234 1088 2254 non
1105 2227 1295 2262 pra-scribere,
1307 2228 1437 2263 quoniam
1451 2232 1547 2256 nostra
1563 2229 1620 2257 hac
1629 2234 1702 2259 aetat

908 2273 1044 2301 bonorum
1061 2274 1195 2308 exemplis
1206 2273 1328 2302 abundat
1342 2284 1348 2302 :
1361 2275 1427 2310 quin
1439 2275 1520 2303 etiam
1534 2276 1558 2303 si
1577 2284 1700 2312 linquam

906 2321 985 2353 alias,
1000 2329 1106 2348 morum
1118 2321 1238 2357 gravitas
1253 2322 1304 2349 hoc
1320 2326 1442 2357 tempore
1460 2322 1549 2355 ﬂoret,
1567 2320 1649 2358 atque
1668 2324 1700 2351 in

905 2367 961 2395 vita
977 2371 1112 2399 versatur,
1134 2367 1264 2402 paulatim
1284 2367 1321 2394 ita
1342 2372 1421 2395 aucta
1439 2372 1469 2395 ut
1495 2368 1529 2396 ad
1556 2377 1695 2397 summum

907 2415 1077 2448 pervenerit;
1093 2413 1180 2448 Cujus
1203 2413 1313 2449 quidem
1333 2422 1439 2441 morum
1461 2414 1616 2442 sanctitatis
1637 2414 1698 2442 ﬁeri.

907 2460 1066 2495 participem
1096 2460 1119 2487 ei
1148 2460 1293 2496 contingit,
1315 2460 1409 2495 quiin
1437 2460 1524 2495 ipsius
1554 2461 1697 2488 curriculo

906 2506 1020 2542 vestigia
1035 2506 1184 2541 imprimit:
1199 2506 1275 2534 illum
1287 2510 1389 2539 autem,
1403 2506 1451 2540 qui
1464 2505 1548 2540 hujus
1562 2506 1693 2541 unguenti

905 2552 1019 2580 odorem
1033 2557 1145 2580 secutus
1156 2552 1202 2584 sit,
1213 2553 1316 2587 optimo
1329 2550 1395 2579 Iesu
1409 2551 1512 2579 Christi
1528 2551 1614 2578 odore
1629 2559 1693 2586 per~

905 2598 992 2626 fundi.
1008 2597 1043 2626 Ut
1058 2598 1143 2631 enim,
1159 2598 1284 2633 lampade
1299 2605 1353 2625 una
1370 2605 1497 2630 accensa,
1520 2598 1547 2624 in
1571 2597 1693 2632 reliquas

904 2653 1001 2673 omnes
1031 2645 1201 2681 propinquas
1238 2645 1366 2673 lucernas
1399 2644 1508 2672 ﬂamma
1541 2643 1691 2675 derivatur.

904 2699 993 2727 neque
1008 2695 1099 2719 tamen
1125 2692 1230 2727 primus
1254 2690 1327 2727 ignis
1355 2690 1537 2722 imminuitur.
1554 2690 1606 2717 etsi
1629 2696 1692 2717 cum

903 2738 938 2766 iis
952 2738 1094 2773 aequaliter
1109 2737 1280 2772 adiungitur,
1293 2737 1341 2772 qui
1361 2744 1395 2763 ex
1415 2736 1460 2763 illa
1478 2734 1591 2762 lumini:
1616 2734 1693 2763 deri-

904 2783 1014 2812 vatione
1035 2784 1163 2813 elucent:
1181 2784 1219 2811 ita
1235 2782 1318 2819 hujus
1331 2782 1394 2810 vita!
1408 2781 1530 2818 gravitas
1545 2781 1579 2809 ab
1592 2789 1625 2809 eo
1643 2780 1691 2816 qui
