1912 3080
222 87 275 116 σει-ι

855 84 884 110 S.
903 81 1069 112 GREGORII
1085 81 1234 111 NYSSENI

1808 85 1859 110 588

221 155 255 174 eo
271 146 363 182 ponit,
381 148 410 172 ιιι
432 143 507 172 nulla
527 142 703 172 aiiectionum
719 143 745 169 vi
768 142 937 177 impellatnr,
957 149 1009 177 puo

1069 141 1164 169 ιᾶλλον
1183 141 1212 168 δὲ
1229 140 1313 168 αὐτού
1330 140 1377 168 τοῦ
1389 140 1457 168 Θεοῦ
1478 141 1530 174 ἔξω
1548 142 1685 176 γενέσθαι,
1701 142 1732 174 ὃς
1751 142 1826 168 ἐστιν
1841 143 1856 177 ἡ

221 198 282 221 tare
299 193 326 219 in
340 199 375 220 eo
396 191 468 226 quod
490 190 662 218 contrarium
684 193 744 222 est,
771 196 834 216 esse
860 188 1015 216 virtutem?

222 240 304 269 Verbi
319 246 419 270 causa,
436 238 459 266 si
475 238 522 273 qui
545 238 711 272 voluptatem
737 236 820 271 fugit,
850 236 946 263 dolore
968 235 1013 263 hic

222 287 369 314 vincatur:
383 285 466 320 quive
480 283 624 310 audaciam
638 290 670 309 ac
685 282 866 309 temeritatem
881 281 1012 312 declinat,

223 341 280 370 prae
301 332 451 361 timiditate
468 331 491 358 is
515 330 635 357 animum
660 331 818 363 prosternat
839 333 921 362 atque
943 327 1013 362 abji-

222 381 295 412 ciat,
315 383 362 406 aut
377 378 425 414 qui
443 377 547 404 invicto
569 383 632 403 esse
647 375 741 402 animo
759 374 881 405 studuit,
899 373 923 401 is
939 377 1013 400 metu

223 427 331 454 fractus
345 424 488 452 ceciderit.
505 421 576 456 Quid
591 423 664 449 enim
680 421 815 453 interest,
833 420 885 447 hoc
905 427 941 446 an
966 419 1013 446 illo

224 472 305 499 modo
326 471 391 506 quis
410 477 426 497 a
447 470 550 497 virtute
572 468 669 499 cadat,
684 467 727 494 vel
751 466 844 502 potius
864 473 894 493 se
918 473 933 492 a
958 464 1013 492 Deo

223 521 286 553 ipso
301 519 453 547 removeat,
470 515 516 550 qui
531 514 620 541 virtus
641 513 767 540 absoluta
790 515 847 544 est,
868 518 902 538 ac
921 511 1012 546 perfe-

223 567 268 590 cta
279 562 291 588 ?
304 561 372 588 Nam
389 561 416 587 in
433 558 624 594 corporalibus
639 557 867 593 mgrotationibus
883 556 953 583 nihil
970 563 1013 583 re-

225 609 296 636 ferre
309 608 373 642 quis
386 606 504 637 dixerit,
522 609 615 632 utrum
629 603 718 631 morbi
736 603 813 630 tabes
827 610 842 629 a
858 602 941 629 nimia
957 601 1011 630 cibi

223 653 357 682 tenuitate
367 652 414 686 sit,
428 659 462 679 an
474 651 508 679 ab
519 651 700 678 immoderata
712 649 937 685 ingurgitatione,
949 656 1011 676 cum

225 700 371 734 utriusque
390 697 582 726 immoderatio
603 695 699 723 eodem
722 695 840 723 termino
865 694 1013 721 concluda-

225 752 280 773 tur.
304 745 401 780 ltaque
422 744 469 779 qui
488 747 516 771 et
539 743 624 770 animi
645 743 725 774 vitat,
747 745 774 769 et
795 741 894 769 salutis
915 748 1012 768 curam

225 793 324 825 habet,
341 792 368 818 iu
385 790 525 818 moderata
542 789 659 823 quadam
673 788 759 815 animi
773 787 902 822 aequitate
918 795 1012 815 versa-

226 840 309 870 bitur,
325 837 455 873 qnoniam
475 837 501 863 in
517 843 549 863 eo
565 839 722 870 permanet,
740 838 769 861 ut
783 835 887 861 nullam
904 841 965 861 cum
979 842 1012 861 ea

224 883 404 919 repugnantia
419 884 580 910 societatem
602 880 720 911 habeat,
743 887 806 914 qua:
827 880 864 907 sit
884 880 1013 915 utrinque

223 930 319 958 virtuti
334 929 469 965 opposita.
482 927 540 955 Non
556 935 615 955 mea
626 925 736 961 quidem
750 927 808 953 haec
824 930 884 958 est,
900 926 947 954 sed
964 934 1014 953 vo-

223 978 263 1004 cis
280 977 366 1012 ipsius
381 975 482 1003 divinae
504 974 603 1000 oratio.
627 972 728 1007 Aperte
751 971 859 999 Domini
879 972 1013 999 doctrinas

223 1024 276 1051 hoc
289 1027 452 1059 prmceptum
468 1025 511 1048 est
521 1040 528 1051 ,
543 1020 570 1047 in
587 1020 621 1047 iis
637 1028 697 1054 qua:
711 1019 862 1054 discipulos
874 1018 954 1046 docet
966 1026 1013 1046 ve-

224 1071 263 1096 lut
278 1076 364 1104 agnos
383 1069 454 1095 inter
472 1067 551 1102 ittpus
567 1071 727 1095 versantes.
744 1071 773 1092 ut
788 1073 842 1092 non
859 1065 947 1093 solun]
962 1072 1011 1093 eo-

222 1116 321 1143 lumbm
335 1115 391 1142 sint
401 1135 409 1147 ,
423 1113 471 1142 sed
488 1112 593 1148 aliquid
606 1113 688 1140 etiam
701 1111 836 1146 serpentis
849 1111 875 1138 in
888 1111 1012 1139 moribus

223 1162 351 1187 habeant.
376 1159 433 1186 iioc
450 1166 517 1186 sane
532 1161 574 1185 est
586 1177 593 1189 .
611 1160 641 1183 ut
663 1164 751 1191 neque
765 1156 840 1191 quod
863 1156 890 1183 in
906 1156 1012 1192 simpli-

222 1209 307 1235 citate
329 1205 486 1233 hominibus
510 1204 678 1231 laudandum
701 1203 836 1234 videatur,
861 1203 1012 1238 impensius

223 1256 432 1282 consectentur,
451 1250 524 1285 quod
547 1250 570 1276 is
597 1249 707 1276 habitus
734 1248 769 1275 ad
789 1252 939 1275 extremam
963 1249 1011 1276 de-

223 1299 353 1327 mentiam
372 1297 486 1332 propius
500 1295 633 1326 accedat,
651 1302 740 1330 neque
751 1303 861 1322 rursum
878 1295 1014 1323 callidita-

1065 187 1197 223 παντελὴς
1218 187 1320 223 ἀρετῆς
1337 188 1390 214 Καὶ
1405 187 1460 223 γὰρ
1479 189 1525 215 ἐπὶ
1540 188 1594 215 τῶν
1610 189 1656 216 τοῦ
1669 188 1798 223 σώματος
1809 188 1868 224 dp:

1064 234 1260 269 ρωστημάτων,
1276 234 1325 260 οὐκ
1341 233 1374 260 ἂν
1388 233 1529 269 διαφέρειν
1544 233 1575 261 τὸ
1588 235 1673 261 κακόν
1685 244 1729 266 τις
1742 235 1816 261 εἴποι
1826 234 1867 269 δή

1064 279 1286 316 ὑπερϐαλλούσης
1303 279 1417 311 ἐνδείας.
1437 280 1454 315 ἢ
1478 279 1532 306 ἀπὺ
1554 279 1713 316 πλησμονῆς
1736 280 1857 316 ἀμέτρου

1062 327 1255 363 διαφθαρῆναι,
1267 327 1308 359 εἰς
1318 326 1349 353 τὸ
1360 326 1426 353 αὐτὸ
1435 326 1523 362 πέρας
1533 326 1584 361 τῆς
1595 327 1623 352 ἐν
1636 327 1779 362 ἑκατέροις
1791 326 1858 361 ἀμε-

1063 373 1141 408 τρίας
1156 372 1303 409 ληγούσης.
1323 372 1428 400 Οὐκοῦν
1443 373 1488 399 καὶ
1507 374 1522 399 ὁ
1535 372 1584 408 τῆς
1599 372 1670 399 κατὰ
1682 373 1772 408 ψυχὴν
1786 372 1858 407 ζωῆς

1062 427 1093 445 τε
1104 420 1150 446 καὶ
1167 419 1271 452 ὑγιείας
1285 419 1490 454 ἐπιμελόμενος,
1508 418 1554 445 ἐπὶ
1565 418 1612 445 τοῦ
1625 419 1709 454 μέσου
1727 419 1779 454 τῆς
1793 419 1858 453 ἁλη-

1064 464 1140 495 θείας
1159 465 1254 491 ἑαυτὸν
1271 465 1397 500 τηρήσει.
1421 464 1525 500 ἀμιγὴς
1549 464 1597 490 καὶ
1613 465 1746 500 ἀμέτοχος
1762 464 1857 498 διαμέ-

1063 520 1117 538 νων
1136 511 1186 546 τῆς
1203 510 1372 546 ἑκατέρωθεν
1385 511 1418 546 τῇ
1436 511 1520 546 ἀρετῇ
1545 511 1754 546 παρακειμένης
1779 511 1855 537 ὲναν-

1063 558 1194 594 τιότητος.
1212 558 1270 584 Ούκ
1295 558 1360 593 apt;
1374 558 1389 584 ὁ
1411 557 1500 592 λόγος,
1516 557 1574 584 ἀλλ’
1598 558 1683 592 αὐτῆς
1708 558 1760 592 τῆς
1784 557 1858 588 θείας

1064 604 1165 640 φωνῆς.
1183 604 1310 640 Φανερῶς
1325 603 1380 640 γὰρ
1392 604 1443 638 τῆς
1456 604 1504 630 τοῦ
1520 605 1624 640 Κυρίου
1641 603 1816 636 διδασκαλίας
1829 605 1859 630 τὸ

1063 651 1152 686 δόγμα
1162 650 1242 678 τοῦτό
1257 653 1342 683 ἐστιν,
1357 651 1386 677 ὲν
1402 648 1444 683 οἷς
1459 651 1580 678 διδάσκει
1593 651 1656 682 τοὺς
1670 650 1807 686 μαθητὰς,
1822 650 1859 682 ὡς

1064 697 1148 732 ἄρνας
1172 697 1264 729 λύκοις
1289 697 1602 732 συναναστρεφομένους,
1626 697 1664 732 μὴ
1693 696 1859 732 περιστερὰς

1063 742 1134 770 εἶναι
1152 743 1243 778 μόνον,
1261 743 1319 770 ἀλλ’
1337 743 1408 778 ἔχειν
1421 752 1447 770 τι
1462 743 1570 770 καὶτοῦ
1585 743 1673 778 ὕφεως
1687 744 1717 770 ὲν
1728 743 1768 778 τῷ
1788 743 1858 778 ἤθει.

1065 788 1152 816 Τοῦτο
1165 789 1193 815 δέ
1207 790 1276 821 ἐστι,
1291 789 1321 815 τὸ
1338 790 1407 824 μήτε
1426 789 1476 825 τὴν
1487 790 1625 824 ἁπλότητα
1643 788 1740 816 δοκοῦν
1751 790 1861 815 ἐπαινε-

1064 833 1114 869 τὴν
1138 835 1193 866 τοῖς
1214 833 1370 870 ἀνθρώποις
1395 835 1434 866 είς
1453 835 1537 870 ἄκρον
1560 835 1741 870 ἐπιτηδεύειν,
1769 835 1807 866 ὡς
1827 837 1859 870 τῇ

1064 881 1166 916 ἐσχάτῃ
1177 882 1255 917 ἀνοεᾳ
1264 881 1314 916 τῆς
1322 881 1450 916 τοιαύτης
1461 881 1544 913 ἕξεως
1557 881 1762 917 πλησιαζούσης
1773 890 1779 896 ·
1792 881 1860 916 μήτε

1064 928 1114 964 τὴν
1137 928 1336 963 ἐπαινουμένην
1361 927 1414 954 ὑπὸ
1436 927 1491 954 τῶν
1515 927 1620 954 πολλῶν
1643 927 1786 962 δεινότητα
1817 927 1862 953 καὶ

1065 974 1243 1010 πανουργίαν,
1255 974 1342 1009 ἀμιγῆ
1362 974 1417 1000 τῶν
1443 974 1572 1000 ἐναντίων
1593 974 1641 1000 καὶ
1656 974 1777 1010 ἄκρατον
1800 974 1861 1008 ἁρε-

1064 1020 1114 1055 τὴν
1131 1020 1266 1055 νομίζειν·
1284 1021 1317 1047 ὲκ
1329 1020 1357 1046 δὲ
1376 1021 1425 1055 τῆς
1439 1019 1571 1054 δοκούσης
1587 1019 1774 1054 ἐναντιότητος
1800 1019 1862 1054 μίαν

1064 1065 1126 1092 τινὰ
1155 1066 1380 1101 συγκεκραμένην
1404 1065 1485 1101 ἧθους
1514 1065 1679 1092 κατάστασιν
1708 1064 1863 1100 ἀπεργάζε-

1066 1113 1138 1143 σθαι,
1158 1112 1208 1148 τῆς
1235 1112 1284 1148 μὲν
1299 1112 1330 1138 τὸ
1354 1112 1478 1147 ἀνόητον,
1497 1112 1547 1147 τῆς
1575 1112 1604 1138 δὲ
1629 1111 1661 1138 τὸ
1688 1112 1718 1137 ἐν
1745 1111 1863 1146 πονηρίᾳ

1066 1159 1147 1194 σοφὸν
1167 1159 1385 1195 περικόψαντας·
1399 1159 1437 1190 ὡς
1448 1159 1477 1191 ἐξ
1489 1158 1627 1194 ἑκατέρων
1642 1157 1671 1184 ἒν
1684 1156 1864 1191 ἀποτελεσθῆ-

1065 1214 1109 1232 ναι
1121 1205 1202 1232 καλδν
1217 1205 1396 1240 ἐπιτήδευμα,
1411 1204 1541 1239 ἁπλότητι
1554 1204 1666 1239 γνώμης
1677 1204 1725 1231 καὶ
1738 1204 1863 1238 ἁγχινοῖᾳ

1067 1252 1299 1287 συγκεκραμένον.
1317 1261 1325 1276 ι
1346 1251 1455 1277 Γίνεσθε
1474 1261 1483 1277 ι
1497 1251 1560 1286 γὰρ,
1575 1251 1652 1285 φησὶ,
1665 1260 1674 1276 ι
1688 1250 1814 1285 φρόνιμοι
1826 1248 1863 1281 ὡς

1068 1299 1093 1325 οἱ
1111 1298 1197 1333 ὄφεις,
1215 1298 1263 1325 καὶ
1287 1297 1412 1333 ἀκέραιοι
1435 1297 1471 1328 ὡς
1495 1297 1522 1323 αἱ
1538 1296 1708 1331 περιστεραί.
1729 1305 1740 1321 ι

223 1352 277 1373 tein
294 1354 326 1374 ac
342 1345 497 1376 vafritiem,
514 1350 596 1379 quam
620 1343 744 1378 plerique
769 1343 897 1371 homines
935 1346 1104 1380 praedicant,
1139 1355 1241 1374 meram
1275 1350 1357 1380 atque
1391 1345 1589 1380 impermistam
1612 1345 1754 1372 contrario
1777 1343 1863 1369 virtu-

222 1397 277 1418 tein
294 1391 427 1422 credant,
454 1389 502 1417 sed
535 1397 568 1416 ex
595 1388 764 1416 adversariis
788 1389 871 1416 rebus
894 1397 978 1418 unum
1010 1393 1121 1428 aliquod
1156 1397 1200 1420 ten
1213 1397 1338 1428 peratum
1368 1399 1477 1419 morum
1499 1399 1586 1427 genus
1608 1391 1776 1423 conliciant,
1801 1390 1862 1416 hinc

223 1439 378 1469 dementia,
416 1437 492 1464 illinc
515 1436 654 1463 malitiosa
674 1436 808 1470 sapientia
833 1436 940 1470 recisa,
974 1440 1053 1473 quasi
1073 1448 1106 1466 ex
1131 1444 1248 1474 utroque
1272 1438 1413 1465 contrario
1437 1445 1522 1464 unum
1545 1436 1697 1472 perfectum
1722 1437 1758 1463 sit
1781 1436 1862 1463 hone-

221 1493 295 1515 stum
307 1507 314 1518 ,
334 1485 409 1521 quod
429 1491 457 1512 ct
477 1493 508 1512 ex
537 1483 621 1510 animi
645 1484 824 1518 simplicitate
842 1488 870 1511 et
891 1486 1004 1514 solertia
1024 1487 1173 1515 conflatum
1202 1491 1255 1514 cst.
1270 1495 1280 1512 ι
1296 1485 1390 1514 Estote
1406 1495 1415 1511 ι
1427 1486 1512 1518 enim,
1528 1485 1618 1520 inquit
1633 1484 1667 1518 ³⁸,
1691 1495 1700 1510 σ
1714 1485 1862 1520 prudentes

223 1539 254 1562 ut
269 1537 412 1569 serpentes
422 1552 429 1565 ,
443 1531 584 1566 simplices
601 1534 630 1557 ut
646 1531 791 1559 columine.

507 1589 625 1618 CAPUT
648 1589 730 1618 XVII.

295 1650 391 1677 Omnes
416 1648 499 1675 animi
521 1652 663 1681 potestates
688 1648 812 1675 virtutem
828 1654 946 1683 spectare

565 1683 668 1710 debent.

258 1731 336 1764 Quod
354 1730 437 1765 igitur
451 1737 484 1756 eo
502 1729 562 1755 loco
575 1729 679 1756 dictum
696 1734 738 1756 est
755 1738 770 1756 δ
789 1729 923 1763 Domino,
938 1738 1016 1757 eom-

222 1785 307 1805 rnune
323 1776 358 1803 sit
373 1776 464 1802 omnis
489 1775 551 1802 vita:
574 1779 758 1810 praeceptum,
785 1776 820 1803 iis
845 1777 1013 1811 prmscrtim,

222 1824 269 1859 qui
285 1822 451 1857 virginitatis
467 1821 560 1848 studio
574 1820 607 1847 ad
622 1821 706 1848 Deum
723 1822 876 1854 accedunt,
892 1827 935 1854 ut,
953 1830 1014 1850 cum

224 1871 258 1897 ad
274 1876 357 1896 unum
376 1867 486 1902 aliquod
507 1872 613 1894 rectum
638 1867 756 1895 oliicium
773 1869 941 1904 respiciant,
959 1877 1015 1896 nor.

224 1915 306 1943 modo
322 1922 366 1942 res
378 1913 534 1940 contrarias
549 1916 684 1944 caveant,
702 1913 748 1940 sed
764 1914 837 1948 quod
853 1914 955 1940 bonum
974 1919 1016 1942 est

224 1961 344 1995 nudique
360 1960 413 1987 sibi
428 1959 576 1993 colligant,
599 1962 628 1984 ttt
649 1958 778 1986 omnibus
801 1960 956 1994 quaerendis
974 1960 1016 1987 vi-

223 2013 280 2035 tam
297 2007 324 2034 in
342 2011 402 2033 tuto
416 2006 566 2033 cuilocent.
584 2003 680 2039 Neque
694 2005 768 2032 enim
786 2006 866 2033 miles
880 2025 888 2037 ,
903 2006 949 2040 qui
969 2014 1014 2033 ar-

227 2054 278 2081 mis
293 2057 398 2088 partem
414 2052 534 2086 aliquam
552 2052 678 2086 corporis
703 2051 851 2085 munierit,
879 2053 1014 2088 reliquum

223 2107 324 2134 corpus
340 2099 426 2125 armis
444 2097 550 2124 nudum
567 2097 690 2132 periculo
706 2097 830 2132 objiciet.
845 2097 917 2131 Quid
941 2099 1014 2125 enim

224 2148 249 2175 ei
268 2146 336 2173 lucri
352 2149 395 2173 est
409 2153 442 2172 ex
459 2149 536 2180 parte
553 2146 679 2180 corporis
695 2149 818 2177 armata,
835 2146 859 2173 si
882 2146 908 2173 in
928 2146 1014 2180 parti-

225 2194 277 2220 bus
292 2193 373 2219 nndis
387 2191 513 2218 iethaiem
529 2191 636 2226 plagam
661 2191 801 2226 accipiat?
823 2191 892 2224 Quis
913 2191 1014 2219 formo-

225 2247 286 2266 sum
301 2247 363 2265 eum
380 2237 499 2268 dixerit,
515 2237 558 2264 cui
574 2245 607 2264 ex
630 2237 680 2268 iis.
695 2245 756 2271 quae
778 2236 811 2263 ad
837 2238 933 2264 forma:
954 2245 1015 2273 spe-

225 2285 294 2311 ciem
312 2283 447 2313 altinent,
471 2282 573 2317 aliquid
595 2286 638 2309 est
661 2282 818 2309 calamitate
842 2283 1016 2310 rescissum?

225 2329 380 2364 'i‘urpitudo
394 2329 466 2355 enim
483 2335 516 2355 ac
531 2327 694 2355 deformitas
708 2329 793 2362 partis
805 2328 882 2355 illius
896 2332 1012 2360 truncae,

225 2379 398 2403 venustatem
415 2375 528 2408 integra:
544 2373 706 2408 corrumpit.
729 2374 807 2406 Quod
831 2374 872 2406 si,
895 2378 924 2401 ut
945 2381 1015 2409 quo-

225 2423 287 2448 dam
305 2423 365 2448 loco
385 2422 518 2455 scriptum
534 2425 576 2448 est
593 2421 625 2453 ",
643 2421 776 2447 ridiculus
792 2425 844 2453 est,
862 2421 909 2456 qui
930 2421 1015 2448 turris

225 2469 370 2495 mdilicium
385 2475 550 2502 aggressus,
565 2470 648 2503 atque
670 2467 697 2494 in
720 2467 907 2494 fundamentis
931 2475 1013 2494 omne

226 2515 336 2550 quidem
361 2515 481 2540 studium
508 2521 587 2541 suum
610 2522 674 2542 cum
697 2514 837 2549 posuerit,
862 2518 1014 2541 extremam

227 2561 333 2588 ενιιίίίοῆ
347 2566 450 2595 partem
465 2567 520 2587 non
534 2565 576 2588 est
590 2566 738 2588 exsecutus
750 2580 757 2591 ,
773 2560 840 2594 qui-i
854 2567 886 2587 ex
901 2560 952 2588 hac
966 2568 1015 2588 nos

228 2606 356 2641 gatrabola
370 2606 442 2633 aliud
458 2607 663 2641 cognoscimus,
677 2613 759 2640 quam
772 2610 817 2636 ut,
833 2606 973 2640 proposita
987 2613 1017 2633 re

230 2654 320 2687 aliqua
335 2653 460 2683 sublimi.
482 2654 562 2681 finem
586 2653 695 2687 assequi
710 2652 854 2684 studeant,
871 2653 918 2687 qui
933 2653 1016 2680 variis

230 2699 418 2726 mandatorum
439 2700 516 2734 quasi
533 2700 680 2726 structuris
704 2698 750 2726 Dei
762 2706 831 2733 opus
850 2699 1016 2732 perficiunt?

229 2743 321 2779 Neque
335 2745 407 2772 enim
423 2745 491 2780 lapis
505 2752 575 2772 unus
598 2749 652 2771 tota
675 2748 717 2772 cst
741 2744 827 2772 turris
854 2745 1013 2778 azdilicalio,

266 2824 290 2840 ”
308 2824 402 2853 Matth.
418 2832 446 2858 Σ,
463 2824 505 2853 16.
545 2824 566 2840 ³⁸
586 2823 651 2852 Luc.
671 2832 724 2857 xiv,
739 2823 774 2851 28
788 2831 847 2859 sqq.

1368 1591 1494 1618 ΚΕΦΔΛ.
1516 1591 1565 1618 ΙΖ’.

1085 1651 1135 1674 οτι
1157 1647 1215 1682 χρὴ
1235 1647 1337 1681 πάσας
1357 1648 1411 1680 τὰς
1425 1647 1480 1681 τῆς
1499 1647 1604 1681 ψυχῆς
1622 1647 1768 1682 δυνάμεις
1787 1647 1863 1682 πρὸς

1328 1683 1439 1717 ἀρετὴν
1455 1683 1594 1715 βλέπειν.

1104 1728 1208 1755 Οὐκοῦν
1231 1729 1299 1765 ὅπερ
1319 1729 1435 1756 ἐνταῦθα
1456 1729 1564 1765 εἴρηται
1588 1728 1664 1763 παρὰ
1685 1729 1739 1755 τοῦ
1750 1728 1862 1764 Κυρίου.

1069 1776 1158 1802 κοινὸν
1171 1776 1241 1802 ἔστω
1261 1776 1349 1811 δόγμα
1360 1776 1407 1802 τοῦ
1424 1776 1480 1811 βίου
1497 1776 1607 1807 παντὸς,
1626 1776 1673 1802 καὶ
1688 1776 1807 1811 μάλιστα
1819 1777 1863 1802 ἐπὶ

1068 1823 1122 1850 τῶν
1135 1822 1179 1849 διὰ
1199 1822 1347 1857 παρθενίας
1366 1821 1404 1857 τῷ
1419 1822 1478 1857 Θεῷ
1501 1822 1675 1858 προσιόντων,
1693 1822 1724 1848 τὸ
1743 1822 1781 1857 μὴ
1798 1822 1862 1856 πρὸς

1068 1870 1098 1896 ’ἐν
1108 1878 1135 1896 τι
1148 1868 1314 1904 κατόρθωμα
1326 1868 1483 1903 βλέποντας,
1497 1869 1551 1894 τῶν
1562 1869 1690 1894 ἐναντίων
1701 1869 1863 1903 ἀφυλάκτως

1068 1917 1151 1952 ἔχειν,
1163 1916 1232 1943 ἀλλὰ
1241 1915 1408 1950 πανταχόθεν
1418 1915 1523 1946 ἑαυτοῖς
1533 1915 1563 1941 τὸ
1572 1915 1671 1949 ἀγαθὸν
1683 1915 1861 1951 ἐξευρίσκειν.

1068 1963 1106 1995 ὡς
1121 1963 1154 1990 ἂν
1169 1962 1213 1989 διὰ
1233 1961 1342 1988 πάντων
1353 1961 1383 1987 τὸ
1396 1961 1516 1995 ἀσφαλὲς
1539 1961 1647 1997 ὑπάρχῃ
1663 1961 1701 1996 τῷ
1720 1961 1783 1996 βίῳ.
1799 1962 1862 1987 DCIII:

1067 2009 1121 2045 γὰρ
1136 2008 1304 2044 στρατιώτης
1326 2008 1395 2043 μέρη
1420 2007 1483 2034 τινὰ
1503 2009 1559 2038 τοῖς
1573 2007 1664 2039 ὅπλοις
1680 2007 1861 2043 φραξάμενος,

1067 2055 1162 2091 γυμνῷ
1177 2054 1324 2081 κινδυνεύει
1347 2053 1386 2088 τῷ
1408 2053 1493 2088 λοιπῷ
1510 2053 1626 2088 σώματι.
1645 2053 1677 2079 Τί
1697 2054 1754 2090 γὰρ
1770 2053 1861 2088 κὲρᾱς

1067 2102 1142 2137 αὐτῷ
1156 2102 1205 2136 τῆς
1220 2101 1266 2126 ἐπὶ
1282 2099 1382 2135 μέρους
1397 2099 1541 2131 ὁπλίσεως,
1559 2100 1582 2125 εἰ
1596 2099 1666 2126 κατὰ
1680 2099 1736 2126 τῶν
1751 2100 1860 2135 γυμνῶν

1067 2147 1116 2183 τὴν
1133 2146 1243 2182 καιρίαν
1256 2146 1380 2179 δέξαιτο;
1401 2145 1449 2176 Τίς
1462 2145 1484 2171 δ’
1501 2145 1533 2172 ἂν
1550 2145 1687 2181 εὔμορφον
1703 2146 1860 2181 ὀνομάσειεν

1067 2194 1165 2225 ὲκείνο,
1181 2193 1195 2219 ὃ
1206 2193 1260 2219 τῶν
1277 2193 1316 2224 είς
1328 2191 1479 2227 εὐμορφίαν
1491 2200 1516 2218 τι
1531 2191 1730 2218 συντελούντων
1747 2192 1780 2218 ἐκ
1793 2200 1859 2222 τινος

1069 2241 1211 2275 συμφορᾶς
1229 2238 1443 2274 mpm-immoti;
1466 2237 1498 2264 Ἠ
1517 2237 1572 2274 γὰρ
1592 2238 1656 2273 περὶ
1666 2238 1697 2264 τὸ
1715 2237 1809 2264 λεῖπον
1823 2238 1859 2264 αἱ·

1068 2284 1153 2320 σχύνη
1168 2285 1215 2311 καὶ
1228 2284 1276 2319 τὴν
1288 2283 1335 2309 τοῦ
1349 2283 1516 2317 ὑγιαίνοντος
1530 2283 1609 2319 χάριν
1625 2283 1816 2318 διελυμήνατο.
1832 2285 1858 2310 Εἰ

1067 2332 1096 2358 δὲ
1114 2329 1316 2365 καταγέλαστός
1338 2331 1406 2362 ἐστι,
1430 2329 1521 2362 καθώς
1540 2330 1606 2365 φησί
1621 2339 1672 2356 που
1691 2330 1722 2357 τὸ
1739 2331 1858 2365 Εὐαγγέ-

1068 2377 1134 2406 λιονι
1151 2378 1165 2403 ὁ
1179 2376 1343 2411 ἐγχειρήσας
1357 2376 1407 2411 μὲν
1421 2377 1454 2412 τῇ
1471 2376 1516 2402 τοῦ
1529 2376 1633 2411 πύργου
1648 2378 1820 2412 κατασκευῇ,
1833 2378 1857 2402 ἐν

1069 2422 1203 2458 θεμελίοις
1221 2422 1250 2448 δὲ
1266 2422 1314 2457 τὴν
1331 2422 1449 2458 σπουδὴν
1461 2422 1558 2449 ἑαυτοῦ
1576 2423 1687 2458 στήσας,
1700 2424 1749 2449 καὶ
1765 2423 1811 2449 τοῦ
1825 2424 1859 2450 τέ.

1064 2469 1127 2500 λους
1138 2468 1188 2494 οὐκ
1203 2467 1364 2503 ἐφικόμενος
1376 2477 1383 2483 ·
1396 2468 1422 2494 τί
1439 2468 1502 2495 ἄλλο
1514 2469 1546 2495 ἐκ
1559 2469 1608 2503 τῆς
1626 2469 1787 2504 παραϐολῆς
1802 2470 1859 2496 ταύ-

1066 2524 1116 2550 της
1134 2513 1317 2550 μανθάνομεν,
1336 2514 1353 2549 ἢ
1374 2514 1404 2540 τὸ
1419 2514 1510 2549 πάσης
1527 2513 1630 2549 ὑψηλῆς
1648 2514 1806 2549 προθέσεως
1820 2515 1859 2540 ἐπὶ

1067 2561 1097 2587 τὸ
1112 2560 1200 2595 πέρας
1222 2559 1333 2594 φθάνειν
1356 2559 1562 2589 ἐσπουδακέναι,
1584 2560 1642 2590 ταῖς
1659 2560 1798 2591 ποικίλαις
1812 2560 1858 2585 τῶν

1069 2606 1183 2634 ἐντολῶν
1206 2605 1359 2640 οἰκοδομαῖς
1380 2606 1410 2632 τὸ
1427 2605 1508 2641 ἔργον
1530 2605 1576 2632 τοῦ
1595 2605 1662 2632 Θεοῦ
1677 2606 1856 2636 τελειοῦνταςς

1069 2653 1138 2679 Οὔτε
1151 2652 1223 2684 λίθος
1243 2649 1283 2684 εἷς
1306 2653 1322 2687 ή
1342 2653 1416 2678 πᾶσα
1431 2652 1558 2687 οἰκοδομὴ
1583 2651 1630 2678 τοῦ
1655 2651 1762 2687 πύργου
1780 2652 1854 2681 ἐστὶν,

1067 2699 1128 2725 οὔτε
1150 2698 1243 2734 ἐντολὴ
1259 2698 1308 2733 μία
1324 2698 1391 2733 πρὸς
1409 2698 1439 2724 τὸ
1456 2697 1669 2733 ἐπιζητούμενον
1685 2698 1785 2733 μέτρον
1802 2699 1855 2731 ἄγει

1066 2745 1116 2781 τὴν
1138 2745 1187 2781 τῆς
1210 2745 1298 2780 ψυχῆς
1316 2745 1474 2780 τελειότητα
1487 2753 1494 2760 ·
1509 2745 1576 2773 ἀλλὰ
1600 2746 1649 2773 καὶ
1669 2745 1715 2772 τὸν
1737 2745 1862 2784 θεμέλιον,
