1912 3080
38 79 122 128 ιιιθ

723 95 767 122 DE
787 95 1020 123 VIRGINITA'I‘E.

1648 95 1700 123 590

72 153 267 189 ὕτωΰεσλῆσθαι
280 153 321 179 δεῖ
331 152 447 183 πάντως,
464 151 555 183 καθως
563 159 646 186 φησιν
656 151 670 177 ὁ
685 149 853 182 ’Λπόστολος,

909 159 998 185 neque
1022 154 1187 186 praeceptum
1203 158 1270 179 sane
1284 158 1370 179 unum
1393 151 1592 186 perfectionem
1616 153 1700 181 animi

73 200 138 237 [ttat]
152 200 202 235 τὴν
218 200 250 226 ἐκ
263 199 364 235 χρυσοῦ
381 199 429 225 καὶ
438 198 519 225 λίθων
533 197 631 233 τιμίων
641 197 785 232 οἰκοδομὴν
798 197 858 223 ἐπι-

72 245 170 274 θέσθαι.
187 244 266 272 Οὕτω
281 245 336 280 γὰρ
351 245 384 271 τὰ
396 244 463 280 ἔργα
480 244 536 270 τῶν
551 243 664 270 ἐντολῶν
684 243 857 278 ὀνομάζεται,

73 291 137 318 κατὰ
150 291 197 318 τὸν
209 290 320 317 εἰπόντα
342 291 498 325 Προφήτην,
510 290 552 316 ὅτι
565 299 574 315 ι
599 290 744 325 Ἠγὰπησα
756 289 805 322 τὰς
815 290 859 316 ὲν-

72 338 144 369 τολάς
151 346 198 364 σου
210 337 280 373 ὑπὲρ
286 337 406 373 χρυσίον,
414 336 461 362 καὶ
471 335 544 362 λίθον
551 336 640 371 τίμιον
650 335 742 362 πολύν.
755 345 764 361 ι
775 336 858 362 ’Υπο-

72 384 166 411 κείσθω
180 383 271 410 τοίνυν
285 383 345 410 ἀντὶ
357 382 481 417 θεμελίου
493 381 566 413 τινὸς
575 381 615 417 τῷ
628 382 688 408 κατ’
699 381 798 417 ἀρετὴν
809 381 859 418 βίῳ

72 432 87 466 ἡ
107 430 168 465 περὶ
184 430 236 466 τὴν
256 429 406 464 παρθενίαν
431 429 551 464 σπουδή·
576 427 806 463 ὲποικοδομείσθω
829 429 858 455 δὲ

71 477 105 512 τῷ
117 476 234 512 θεμελίῳ
247 475 333 510 τούτῳ
347 476 436 502 πάντα
446 475 480 501 τὰ
492 475 562 510 ἔργα
575 475 625 510 τῆς
635 474 746 510 ἀρετῆς.
761 475 792 501 EI
803 475 858 511 γὰρ

71 524 113 550 καὶ
127 522 230 556 σφόδρα
240 521 318 548 τοῦτο
333 521 422 557 τίμιον
432 521 479 548 καὶ
491 521 641 556 θεοπρεπὲς
650 519 720 548 εἶναι
732 521 858 548 πιστεύε-

70 577 119 600 ται,
138 568 234 603 ὥσπερ
250 565 296 594 οὗν
320 567 367 594 καὶ
397 566 454 593 ἐστι
479 567 526 593 καὶ
550 566 744 593 πεπίστευται·
759 566 816 593 ἀλλ’
833 568 857 593 εἰ

71 615 104 649 μὴ
115 614 160 640 καὶ
171 613 233 645 ὅλος
243 615 257 639 ὁ
271 612 328 648 βίος
342 612 430 648 τούτῳ
446 612 589 648 συμϐαίνοι
603 612 642 648 τῷ
652 612 855 648 κατορθώματι,

70 660 253 695 ἐπιμολύνοιτο
268 661 301 696 τῇ
315 659 407 686 λοιπὸν
419 659 468 695 τῆς
480 661 569 696 ψυχῆς
584 660 691 696 ἀταξίᾳ,
709 660 787 687 τοῦτό
799 661 856 687 ἐστι

69 706 97 732 ’τὸ
108 705 216 733 ἐνώτιον
230 707 319 733 ἐκεῖνο
330 706 361 733 τὸ
376 707 405 732 ὲν
419 707 452 741 τῇ
469 707 523 741 ῥινὶ
539 707 588 742 τῆς
603 707 677 738 συὸς,
691 707 707 742 ἢ
726 708 741 734 ὁ
753 715 858 742 μαργα-

71 753 142 788 ρίτης
162 753 230 781 ό,ὲν
247 754 304 785 τοῖς
326 754 391 779 ποσὶ
411 753 466 780 τῶν
487 752 587 788 χοίρων
604 753 855 788 καταπατούμενος.

75 798 148 824 Ἀλλὰ
163 798 230 834 περὶ
246 798 296 833 μὲν
309 798 413 825 τούτων
427 798 556 826 τοσαῦτα.

358 941 484 968 ΚΕΦΑΛ.
506 941 558 968 IH’.

69 997 145 1030 Μόνη
160 996 180 1030 ἡ
195 996 299 1030 ἁρετὴ.
317 997 375 1023 κᾶν
394 997 518 1030 τέλειος.
538 996 629 1024 οὐδὲν
644 997 755 1031 ὠφελεῖ
767 998 806 1031 τῷ
822 999 856 1026 ἐν

185 1032 260 1059 πᾶσι
275 1031 332 1065 τὴν
345 1031 456 1066 ἀρετὴν
467 1034 521 1059 οὐκ
540 1033 729 1067 ἀσκουμένῳ.

100 1079 129 1104 Ei
141 1078 169 1104 δέ
182 1087 226 1110 τις
241 1080 306 1114 παρ’
324 1079 400 1105 οὐδὲν
421 1081 537 1105 ποιεῖται
562 1078 593 1105 τὸ
611 1079 648 1115 μὴ
670 1080 855 1116 συνηρμόσθαι

69 1124 116 1150 τινὶ
127 1124 171 1150 διὰ
182 1124 238 1151 τῶν
253 1125 427 1160 καταλλήλων
438 1125 484 1152 τὸν
497 1125 564 1160 βίον,
577 1126 612 1152 τὰ
625 1127 654 1152 ὲν
666 1126 706 1161 τῷ
718 1126 785 1162 οἴκῳ
797 1127 856 1153 ἑαυ-

71 1169 112 1196 τοῦ
123 1170 290 1205 θεασάμενος
301 1171 472 1206 παιδευθήτω
486 1172 550 1207 περὶ
562 1171 609 1198 τοῦ
620 1171 764 1207 δόγματος.
777 1173 856 1199 Δοκεῖ

71 1216 120 1250 γάρ
135 1225 189 1250 μοι,
204 1216 330 1252 καθάπερ
347 1217 393 1243 ἐπὶ
407 1218 456 1252 τῆς
471 1217 538 1249 ἰδίας
551 1218 683 1253 οἰκήσεως
696 1219 710 1245 ὁ
723 1219 770 1245 τοῦ
780 1219 854 1246 οἴκου

69 1262 195 1298 δεσπότης
210 1263 261 1289 οὐκ
278 1263 447 1296 ἀποδέξεται,
465 1263 576 1298 ἀπρεπῆ
599 1264 646 1290 καὶ
662 1265 803 1299 ἀσχήμονα
821 1265 855 1290 τὰ

71 1308 97 1333 ἐν
117 1309 148 1343 τῇ
168 1309 243 1344 οἰκίᾳ.
260 1309 378 1344 βλέπειν,
400 1309 416 1344 ἢ
442 1309 536 1345 κλίνην
558 1310 812 1346 ἀνατετραμμένην,
837 1311 853 1346 ἢ

71 1353 154 1389 πλήρη
171 1355 276 1389 κόπρου
297 1354 347 1390 τὴν
364 1354 514 1390 τράπεζαν,
531 1355 547 1390 ἤ
574 1355 608 1382 τὰ
628 1356 678 1390 μὲν
698 1356 777 1391 τίμια
801 1356 855 1383 τῶν

70 1400 168 1426 σκευῶν
183 1401 212 1426 ἐν
224 1401 359 1435 ῥυπαροῖς
368 1409 422 1426 τισι
436 1401 529 1433 τόποις
540 1402 734 1437 ἀπερῤιμμένα
743 1411 749 1417 ·
766 1403 816 1429 ὃσα
826 1402 854 1428 δὲ

70 1445 131 1480 πρὸς
145 1445 194 1477 τὰς
208 1445 388 1481 ἀτιμοτέρους
402 1446 554 1482 ὑπηρεσίας
566 1447 649 1477 ἐστὶν,
666 1448 694 1473 ἐν
707 1447 855 1482 ὀφθαλμοῖς

70 1491 232 1526 προκείμενα
252 1491 306 1518 τῶν
320 1493 458 1518 εἰσιόντων
468 1501 474 1507 ⁸
487 1493 555 1520 ἀλλὰ
575 1493 664 1520 πάντα
679 1494 854 1529 εὐσχημόνως

70 1536 112 1563 καὶ
126 1537 194 1563 κατὰ
211 1537 289 1570 τάξιν
301 1538 351 1573 τὴν
368 1538 525 1573 πρέπουσαν
539 1539 651 1571 διαθεὶς,
670 1540 716 1566 καὶ
737 1541 854 1575 ἑκάστην

70 1585 236 1620 ἁρμόζουσαν
247 1587 363 1618 ἀποδοὺς
377 1586 480 1622 χώραν,
496 1587 605 1623 θαρῤῶν
617 1587 777 1623 ἀποδέχεται
792 1588 855 1618 τοὺς

69 1633 302 1669 ἐπιξενουμένους*
327 1633 366 1664 ὡς
390 1633 518 1668 οὐδεμίαν
540 1633 671 1669 αἰσχύνην
692 1633 817 1669 ὀφλήσων
830 1634 854 1659 εἰ

69 1679 166 1714 φανερὰ
177 1679 293 1714 γένοιτο,
307 1680 381 1711 ὅπως
394 1679 469 1714 αὑτῴ
483 1679 516 1705 τὰ
531 1679 603 1706 κατὰ
616 1680 665 1715 τὴν
683 1679 772 1706 οἰκίαν
786 1679 853 1714 ἔχοι·

69 1725 147 1757 οὓτως
168 1724 246 1761 οἶμαι
270 1725 368 1762 χρῆναι
385 1726 431 1751 καὶ
449 1725 495 1751 τὸν
508 1725 556 1751 τοῦ
577 1725 755 1761 σκηνώματος
775 1727 855 1761 ἡμῶν

68 1772 255 1807 οἰκοδεσπότην
274 1773 321 1798 καὶ
342 1771 493 1807 οἰκονόμον,
514 1772 558 1798 τὸν
581 1771 642 1799 νοῦν
658 1771 739 1806 λέγω,
758 1773 811 1799 πᾶν
824 1773 855 1799 τὸ

69 1818 94 1843 ἐν
107 1818 170 1852 ἡμῖν
185 1816 214 1844 εὖ
230 1817 406 1850 διατίθεσθαι,
420 1818 522 1853 ἑκάστῃ
534 1826 564 1843 τε
578 1817 632 1844 τῶν
643 1817 693 1852 τῆς
707 1817 797 1853 ψυχῆς
809 1818 855 1844 δυ-

68 1863 178 1897 νάμεων,
197 1863 233 1894 ἃς
249 1863 309 1890 ἀντὶ
322 1863 446 1898 ὁργάνων
462 1863 510 1889 καὶ
532 1863 637 1889 σκευῶν
658 1864 672 1889 ὁ
684 1863 854 1899 Δημιουργος

69 1907 128 1941 ἡμῖν
137 1907 341 1942 ὲνετεκτὴνατο,
355 1908 463 1940 οίκείως
476 1907 523 1934 καὶ
536 1908 604 1943 πρὸς
614 1908 644 1934 τὸ
655 1908 737 1934 καλὸν
754 1910 854 1944 κεχρῆ-

70 1953 136 1979 σθαι.
153 1954 183 1980 Et
198 1954 227 1980 δὲ
240 1954 279 1989 μὴ
293 1954 427 1989 φλυαρίαν
439 1953 501 1980 τινὰ
515 1954 563 1980 καὶ
577 1953 736 1989 ἀδολεσχίαν
751 1953 798 1981 τοῦ
812 1954 855 1980 λό-

69 2007 112 2031 γου
128 2007 169 2030 τις
186 2000 400 2034 καταγινώσκοι,
423 2001 562 2036 εἰρήσεται
580 2000 627 2026 καὶ
642 2000 704 2027 καθ’
727 2001 852 2033 ἕκαστον,

68 2044 136 2076 ὅπως
150 2045 182 2071 ἂν
197 2046 254 2078 τοῖς
266 2046 397 2082 παροῦσιν
414 2045 488 2080 αὐτῷ
499 2045 649 2082 χρώμενος,
663 2046 731 2082 πρὸς
743 2046 774 2072 τὸ
785 2055 854 2081 συμ-

68 2089 143 2125 φέρον
155 2091 230 2126 αὑτῴ
243 2091 288 2118 τον
304 2091 360 2127 βίον
374 2093 574 2128 οἰκονομήσειε.
594 2092 687 2127 Φαμὲν
702 2092 792 2118 τοίνυν
804 2091 853 2128 τὴν

68 2136 113 2170 μὲν
130 2137 278 2172 ἐπιθυμίαν
298 2138 352 2164 δεῖν
367 2138 396 2164 ἐν
410 2137 522 2173 καθαρῷ
535 2137 585 2173 τῆς
599 2138 689 2173 ψυχῆς
707 2138 853 2173 ἱδρυσάμε-

911 196 945 223 ad
959 204 1022 224 eum
1036 196 1129 229 ducit,
1142 204 1224 232 quem
1240 205 1291 225 nos
1305 198 1474 232 qumrimus,
1496 198 1607 226 modum
1622 208 1630 232 ;
1651 199 1699 226 sed

907 242 1012 276 jactum
1026 250 1088 270 eSse
1100 247 1210 277 oportet
1221 243 1300 278 plane
1313 243 1522 271 fundamentum
1533 264 1541 277 ,
1556 248 1639 279 atque
1653 252 1701 272 su-

909 295 957 323 per
972 295 1086 322 aurum,
1103 293 1132 316 ut
1146 288 1185 316 ait
1199 289 1368 324 Apostolus,
1384 294 1411 317 et
1433 289 1538 324 lapides
1561 290 1700 324 pretio~os

909 335 1054 362 aedificium
1076 335 1239 362 struendum
1259 339 1302 363 est
1325 335 1370 362 “z
1393 336 1431 362 ita
1460 336 1534 363 enim
1556 336 1700 363 mandato-

910 389 970 409 rum
986 389 1068 416 opera
1083 381 1220 416 Propheta
1233 382 1381 416 appellavit
1397 381 1442 409 his
1458 382 1548 410 verbis
1561 391 1568 409 :
1584 392 1593 408 ‹
1611 382 1698 409 Dilexi

909 425 1039 452 mandata
1057 430 1102 453 tua
1118 434 1202 461 super
1222 433 1337 459 aurum,
1359 431 1387 454 et
1408 426 1525 461 lapidem
1547 428 1698 462 pretiosum

909 470 1024 497 multum
1040 470 1073 498 ³⁷.
1090 480 1099 497 ι
1114 471 1202 506 Atque
1216 479 1265 506 pro
1277 471 1370 507 aliquo
1389 472 1499 507 quidem
1520 471 1698 500 fundamento

909 516 946 543 sit
959 515 1084 553 honesta:
1099 518 1163 544 vitae
1179 518 1351 552 propositum
1368 518 1491 545 studium
1509 519 1697 554 virginitatis;

907 566 936 589 et
950 563 1106 597 superhoc
1128 562 1336 591 fundamentum
1359 569 1459 591 cuncta
1481 565 1592 593 virtutis
1615 573 1698 600 opera

908 613 1100 636 exstruuntur.
1117 608 1175 638 Etsi
1189 611 1264 638 enim
1279 610 1359 638 valde
1373 611 1520 638 honestum
1535 613 1588 638 hoc
1601 615 1629 638 et
1643 610 1699 638 Deo

908 655 1075 682 conveniens
1095 663 1158 683 esse
1176 656 1310 689 creditur,
1327 661 1356 684 ut
1372 665 1438 684 sane
1450 661 1478 684 et
1492 661 1552 690 est,
1568 661 1597 685 et
1611 657 1698 685 credi‘

908 700 1002 727 ditur:
1018 701 1073 729 nisi
1089 707 1182 730 tamen
1197 702 1261 730 huic
1278 703 1410 738 pratclaro
1424 703 1513 731 ofﬁcio
1534 703 1589 730 vita
1606 703 1697 730 omnis

907 747 1073 781 respondeat
1083 769 1090 780 ,
1107 754 1154 776 aut
1168 750 1192 776 si
1208 749 1314 784 reliqua
1329 749 1413 776 animi
1436 749 1644 784 perturbatione
1658 749 1698 776 in-

909 791 1041 826 quinetur
1054 801 1061 826 ;
1079 792 1145 819 illud
1159 793 1267 820 aurium
1281 799 1472 821 ornamentum
1487 798 1530 821 est
1540 815 1548 826 ,
1573 793 1646 829 quod
1668 793 1697 821 in

872 828 893 855 Β
907 841 1000 865 rostro
1019 838 1078 866 suis
1088 858 1095 870 ,
1111 843 1159 865 aut
1174 839 1321 874 margarita
1333 860 1341 872 ,
1357 847 1418 874 qua:
1433 839 1470 866 sit
1492 828 1637 874 porcorum
1654 847 1698 875 pe-

906 883 990 911 dibus
1006 885 1179 918 proculcata.
1197 883 1250 912 Sed
1265 884 1298 912 de
1314 885 1357 912 his
1371 885 1481 920 quidem
1497 885 1642 914 hactenus.

1186 940 1302 968 CAPUT
1321 941 1414 969 XVIII.

906 994 970 1022 Sola
987 995 1079 1026 virtus,
1096 995 1178 1022 etiam
1193 996 1319 1030 perfecta,
1335 997 1400 1023 nihil
1417 997 1524 1024 omnino
1539 997 1644 1030 prodest
1659 997 1696 1030 ei,

1046 1032 1091 1066 qui
1104 1032 1131 1058 in
1144 1032 1265 1058 omnibus
1280 1032 1401 1059 virtutem
1416 1041 1467 1059 non
1481 1033 1554 1060 colit.

942 1076 971 1103 Si
986 1084 1052 1104 vero
1065 1077 1127 1111 quis
1140 1085 1189 1112 pro
1204 1077 1290 1104 nihilo
1308 1082 1385 1112 putat
1414 1078 1475 1105 vitae
1489 1086 1547 1106 sua:
1562 1083 1696 1106 rationem

906 1123 1026 1158 cuipiam
1039 1123 1156 1151 invicem
1173 1125 1395 1156 accommodare,
1421 1133 1466 1152 res
1486 1132 1552 1153 suas
1566 1125 1697 1154 domesti-

905 1177 954 1197 cas
967 1171 1171 1205 contemplatus
1185 1171 1218 1197 ad
1240 1171 1292 1198 hoc
1311 1175 1476 1206 prwceptum
1491 1172 1644 1200 erudiatur.
1664 1173 1698 1199 Iit

906 1217 980 1243 enim
997 1217 1197 1251 paterfamilias
1221 1218 1296 1244 domi
1324 1226 1380 1245 sua:
1409 1226 1542 1253 passurus
1552 1219 1625 1245 -nnlii
1642 1227 1697 1246 non

906 1261 1026 1293 videtur,
1044 1266 1130 1289 utres
1147 1261 1245 1293 fcedas,
1264 1270 1295 1288 ac
1309 1266 1403 1297 turpes
1418 1268 1525 1295 cernat,
1540 1262 1624 1289 veluti
1642 1270 1697 1289 non

906 1313 1023 1334 stratum
1040 1307 1152 1338 lectum,
1169 1313 1217 1334 aut
1234 1316 1357 1335 mensam
1372 1308 1496 1336 sordium
1517 1308 1636 1342 plenam,
1650 1312 1698 1334 aut

905 1361 971 1380 vasa
995 1354 1114 1388 pretiosa
1142 1361 1203 1388 qua:
1227 1354 1320 1388 aliquo
1337 1353 1463 1388 conjecta
1480 1354 1546 1385 sint,
1573 1354 1617 1380 ubi
1636 1362 1698 1381 sor-

905 1399 981 1426 dium
993 1399 1064 1427 situs
1076 1404 1137 1432 est;
1155 1407 1216 1434 qua:
1235 1407 1298 1426 vero
1315 1403 1380 1426 sunt
1403 1400 1436 1426 ad
1451 1407 1517 1427 usus
1537 1401 1629 1427 minus
1645 1400 1695 1426 Ιιο-

907 1450 1000 1473 nestos
1011 1446 1217 1473 accommodata
1228 1445 1256 1472 in
1265 1446 1354 1473 oculis
1369 1446 1529 1473 adeuntium
1546 1446 1592 1473 illa
1607 1447 1695 1481 posita

868 1499 889 1527 ο
907 1492 978 1524 sint;
996 1492 1043 1519 sed
1061 1496 1124 1526 apte
1135 1492 1180 1519 ille
1197 1497 1279 1527 atque
1293 1492 1390 1520 ordine
1404 1497 1477 1520 recto
1494 1496 1594 1519 cuncta
1611 1493 1696 1520 collo-

906 1536 1006 1569 cando,
1022 1545 1159 1571 smuuque
1178 1537 1278 1572 cuique
1292 1538 1329 1564 rei
1345 1537 1435 1564 locum
1457 1537 1618 1568 tribuendo;
1632 1545 1695 1564 eum

905 1584 1077 1618 exploratum
1094 1583 1195 1610 habeat
1213 1591 1268 1618 quo
1282 1583 1380 1610 ordine
1403 1591 1446 1610 res
1463 1583 1537 1610 domi
1557 1591 1614 1611 suae
1628 1584 1695 1616 sint,

907 1633 964 1656 tum
980 1629 1073 1656 fidenti
1088 1630 1192 1662 animo,
1207 1629 1289 1664 quasi
1310 1630 1388 1657 nullo
1404 1631 1507 1665 pudore
1527 1630 1695 1665 prohibitus,

905 1674 1031 1708 hospites
1045 1682 1077 1701 ac
1097 1674 1259 1709 peregrinos
1286 1675 1424 1709 excipiet:
1440 1675 1535 1702 eodem
1552 1675 1633 1701 modo
1647 1675 1697 1701 do-

906 1719 1000 1746 micilii
1021 1721 1107 1747 nostri
1121 1720 1233 1747 doiniuo
1249 1727 1280 1747 ac
1296 1720 1474 1751 moderatori,
1495 1729 1593 1756 nempe
1612 1722 1695 1748 ratio-

905 1766 944 1798 ni,
962 1765 1096 1800 agendqu
1112 1773 1174 1792 esse
1197 1766 1336 1798 arbitror;
1353 1769 1393 1799 ut,
1411 1773 1471 1800 qua:
1487 1773 1514 1792 In
1531 1766 1610 1793 nobis
1631 1769 1697 1793 sunt

904 1812 996 1838 omnia
1012 1816 1088 1839 recte
1105 1811 1242 1843 instituat,
1261 1811 1432 1846 singulisque
1451 1811 1535 1838 animi
1555 1811 1697 1846 potestati-

905 1857 968 1889 bus,
990 1865 1059 1892 quas
1087 1861 1115 1884 ct
1141 1865 1192 1893 pro
1208 1857 1402 1885 instrumentis
1421 1861 1448 1884 et
1474 1858 1545 1885 rasis
1570 1865 1695 1884 summus

904 1909 1006 1931 nostra:
1022 1908 1126 1931 natura:
1141 1904 1234 1939 opifex
1251 1904 1405 1932 fabricatus
1422 1908 1474 1936 est,
1493 1904 1527 1932 iis
1542 1908 1605 1939 apte
1619 1908 1646 1932 et
1661 1904 1694 1930 ad

904 1951 1076 1978 honestatem
1097 1956 1199 1977 utatur.
1218 1951 1252 1977 At
1264 1958 1329 1978 vero
1344 1950 1412 1985 jam,
1431 1951 1482 1978 nisi
1500 1951 1562 1985 quis
1579 1951 1695 1985 nugaci-

904 1997 968 2024 tatis
991 2000 1019 2024 et
1038 1997 1211 2032 garrulitatis
1230 2004 1282 2024 nos
1300 1997 1474 2028 condemnet,
1492 1996 1632 2031 sigillatiui
1648 2004 1695 2023 ex-

904 2043 1078 2078 plicabimus,
1091 2051 1147 2078 quo
1163 2048 1244 2077 pacto
1265 2050 1333 2070 usus
1349 2043 1412 2078 quis
1433 2043 1525 2070 insitis
1543 2042 1594 2070 stbi
1613 2043 1694 2070 rebus

904 2090 988 2116 vitam
1003 2097 1085 2124 quam
1115 2090 1263 2117 utilissime
1285 2093 1443 2124 componat.
1463 2089 1556 2125 Itaque
1575 2090 1694 2117 dicimus

904 2140 1034 2170 oportere
1064 2144 1127 2163 eum
1149 2137 1299 2171 appetitum
1329 2136 1356 2162 in
1382 2136 1466 2163 animi
1489 2144 1559 2171 puro
1581 2137 1694 2164 dedica-

67 2190 107 2208 νον
121 2182 200 2218 ἔχειν,
222 2183 316 2219 ὥσπερ
331 2192 356 2210 τι
377 2184 506 2219 ἀνάθημα
524 2184 540 2219 ἢ
564 2184 692 2219 ἀπαρχὴν
709 2184 764 2210 τῶν
779 2184 851 2210 ἰδίων

906 2186 974 2214 tum,
991 2182 1066 2209 velut
1093 2181 1239 2209 donarium
1263 2182 1402 2217 quoddam
1420 2190 1452 2209 ac
1467 2182 1601 2210 bonorum
1627 2191 1693 2211 suo-

67 2227 169 2261 ἀγαθῶν
184 2229 309 2262 ἐξελόντα
324 2228 394 2264 Θεῷ,
415 2229 608 2265 ἀφιερώσαντά
620 2237 649 2255 τε
662 2229 747 2263 αὐτὴν
766 2228 850 2262 ἅπαξ,

66 2274 197 2310 ἀνέπαφόν
211 2283 241 2301 τε
257 2276 304 2302 καὶ
314 2275 438 2310 καθαρὰν
454 2275 654 2310 διαφυλάττειν,
675 2274 800 2310 μηδαμοῦ
817 2276 850 2310 τῇ

67 2319 130 2346 κατὰ
147 2320 192 2346 τὸν
216 2320 273 2355 βίον
288 2320 410 2356 ῥυπαρίᾳ
430 2320 625 2355 μολυνομένην.
644 2319 696 2346 Τὸν
709 2319 738 2346 δὲ
754 2319 850 2355 θυμὸν,

67 2364 108 2390 καὶ
123 2366 171 2401 τὴν
191 2365 288 2401 ὀργὴν,
311 2366 358 2392 καὶ
379 2366 410 2392 τὸ
425 2367 513 2401 μῖσος,
527 2365 653 2401 καθάπερ
676 2365 760 2397 κύνας
775 2365 852 2397 τινὰς

66 2411 210 2446 πυλωροὺς,
232 2411 301 2447 πρὸς
321 2411 406 2448 μόνην
425 2411 605 2447 ἐγρηγορέναι
621 2411 671 2447 τὴν
691 2411 742 2446 τῆς
758 2411 844 2447 ἁμαρ-

58 2456 119 2495 1τίας
135 2457 366 2495 ἀντίστασινπκαὶ
380 2458 450 2484 κατὰ
465 2457 511 2484 τοῦ
525 2458 642 2484 κλέπτου
657 2458 703 2484 καὶ
719 2458 848 2494 πολεμίου

60 2493 207 2538 ξκεχρῆσθαι
226 2504 260 2538 τῇ
277 2493 366 2536 φύσει,
383 2502 413 2534 ὃς
435 2503 481 2528 ἐπὶ
502 2502 575 2538 λύμῃ
590 2501 636 2528 τοῦ
660 2502 731 2528 θείου
746 2502 848 2537 θησαυ-

67 2524 207 2536 ⁷”“ΛΓῚ““’“¹
232 2524 260 2538 Ἠ
278 2524 366 2536 Υ“““Ἶ
385 2524 411 2534 *ἲ
435 2524 481 2528 V'"
503 2524 575 2538 "'t":t
596 2524 634 2528 ⁷’“
662 2524 729 2528 'V"'
748 2524 830 2537 "I'_'

60 2524 109 2585 ἐροῦ
123 2547 326 2582 παρεισδύεται,
346 2547 393 2574 καὶ
413 2548 457 2574 διὰ
476 2547 555 2574 τοῦτο
572 2547 691 2582 ἔρχεται,
709 2548 752 2574 ἵνα
763 2548 849 2585 κλέψῃ

59 2591 108 2632 171‘.
122 2592 189 2629 θύσῃ
201 2594 248 2619 καὶ
261 2593 382 2629 ἀπολέσῃ
391 2601 398 2608 ⁵
412 2593 460 2628 τὴν
470 2593 497 2619 δὲ
510 2593 635 2628 ἀνδρείαν
649 2595 695 2620 καὶ
708 2594 740 2620 τὸ
749 2593 849 2630 θάρσος

66 2637 120 2663 ἀντὶ
131 2638 212 2665 ὅπλου
225 2640 296 2671 τινὸς
312 2639 356 2665 διὰ
369 2639 457 2674 χειρὸς
470 2639 573 2673 φέρειν,
591 2639 658 2674 πρὸς
672 2639 701 2665 τι
714 2640 750 2675 μὴ
767 2648 850 2675 πτοη-

67 2680 140 2716 θῆναί
158 2693 222 2711 ποτε
245 2685 358 2720 πτόησιν
378 2684 556 2715 ἐπελθοῦσαν,
575 2685 621 2710 καὶ
637 2685 724 2720 ὁρμὰς
744 2685 849 2711 ἀσεϐῶν

67 2728 244 2765 ἐπερχομένας
255 2739 260 2744 ”
276 2729 362 2757 ἐλπίδι
375 2730 403 2757 δὲ
415 2730 462 2756 καὶ
476 2731 600 2765 ὑπομονῇ
613 2731 672 2756 ἀντὶ
688 2731 848 2767 βακτηρίας,

116 2808 138 2824 τ’
156 2807 164 2834 1
179 2808 241 2837 Cor.
258 2817 300 2843 ιιι,
322 2809 365 2837 19..
403 2810 425 2826 ³⁷
444 2804 516 2838 Psal.
533 2816 626 2842 cxvm,
640 2810 700 2838 I27.

903 2237 963 2256 rum
994 2229 1130 2264 primitias
1152 2228 1207 2256 Deo
1221 2236 1376 2264 segregare,
1395 2233 1422 2256 et
1447 2230 1530 2257 semel
1546 2237 1693 2258 consecra-

904 2279 961 2301 tum
979 2274 1113 2302 intacttun
1129 2281 1213 2309 porro
1226 2278 1309 2309 atque
1325 2274 1460 2309 integrum
1484 2281 1596 2301 servare
1611 2275 1694 2302 nullis

903 2321 965 2346 vita):
977 2319 1107 2347 sordibus
1118 2319 1347 2347 contaminatum.
1359 2318 1620 2346 Excandescentiam
1630 2326 1695 2347 vero

902 2372 928 2393 et
945 2367 1013 2393 iram
1029 2371 1058 2393 et
1077 2366 1170 2394 odium
1189 2366 1268 2401 quasi
1285 2373 1368 2393 canes
1392 2366 1500 2401 aliquos
1523 2367 1587 2393 ostii
1602 2372 1693 2394 custo-

903 2412 952 2439 des
970 2411 1003 2439 ad
1026 2412 1113 2439 solam
1135 2412 1240 2447 peccati
1259 2412 1470 2447 repugnantiam
1495 2413 1523 2439 in
1548 2413 1651 2448 vigilia.
1667 2418 1694 2441 et

904 2459 1025 2486 statione
1051 2466 1183 2491 manere,
1201 2459 1390 2494 adversusque
1416 2459 1505 2486 furem
1529 2465 1557 2487 et
1586 2460 1693 2487 hostem

904 2508 1004 2532 natura
1018 2512 1080 2531 eum
1096 2512 1177 2532 usum
1193 2512 1264 2537 esse,
1281 2505 1328 2540 qui
1352 2505 1380 2532 in
1394 2505 1479 2533 divini
1494 2506 1616 2533 thesauri
1633 2514 1694 2540 pcr-

904 2551 1001 2577 niciem
1016 2551 1119 2578 aditum
1138 2551 1190 2578 sibi
1205 2550 1281 2583 facit,
1298 2555 1379 2586 atque
1393 2551 1428 2578 ob
1443 2559 1502 2578 eam
1517 2559 1628 2579 causam
1647 2560 1693 2578 vc-

909 2598 961 2627 nit,
979 2602 1009 2623 ut
1025 2597 1141 2628 furetur,
1161 2601 1187 2624 et
1203 2601 1314 2627 mactet.
1333 2603 1360 2624 ct
1381 2598 1492 2632 perdat;
1511 2606 1560 2633 pro
1573 2598 1628 2624 telo
1640 2597 1693 2623 a!i-

904 2650 960 2676 quo
971 2642 1128 2674 audaciam,
1143 2646 1170 2669 et
1191 2643 1380 2670 fortiuulincm
1406 2643 1502 2669 allcrat
1526 2647 1645 2678 oportet,
1659 2650 1693 2670 ne

904 2689 957 2715 ulla
975 2688 1131 2720 formidine,
1148 2696 1209 2724 qua:
1229 2688 1343 2720 incidat,
1365 2693 1412 2715 aut
1435 2690 1533 2716 subitis
1547 2690 1692 2724 impiorum

903 2734 1050 2763 affectibus
1067 2735 1176 2762 animus
1188 2738 1397 2769 consternetur;
1417 2743 1465 2770 spe
1478 2739 1570 2763 autent
1584 2739 1610 2762 et
1628 2735 1694 2774 tole-~

1029 2826 1054 2844 ,γλ
1105 2826 1128 2845 ις.
1214 2846 1230 2854 ﬂ
1349 2851 1354 2856 Ι
1398 2848 1404 2854 '
1455 2833 1461 2848 ι

1464 2845 1482 2882 ι
