1912 3080
207 77 255 105 531

825 80 854 108 S.
875 80 1040 109 GliEGORII
1054 81 1202 110 NYSSENI

1789 89 1840 116 59:).

208 139 298 166 rantia
311 138 391 173 quasi
404 138 505 166 baculo
520 138 613 171 inniti,
627 139 650 167 si
669 140 781 174 quando
794 140 857 175 quis
868 141 992 169 tentatio

1049 142 1142 170 εἴποτε
1151 143 1208 174 τοῖς
1222 144 1385 178 πειρασμοῖς
1396 144 1490 178 κάμοι,
1506 144 1736 180 ύποστηρίζεσθαι
1747 153 1754 159 ·
1769 146 1801 173 τὸ
1814 148 1840 173 ίὲ

210 185 292 212 nibus
323 185 506 220 defatigatur;
538 185 567 212 in
599 185 722 220 peccatis
749 193 816 213 vero
830 187 998 222 poenitentia:

209 237 332 267 tempore
349 233 372 259 si
390 240 442 260 usu
462 231 580 264 venerit,
595 231 702 260 doloris
719 232 872 259 remedium
889 240 997 268 parare,

209 285 292 315 atque
306 280 449 311 adhibere,
462 280 541 314 quasi
557 287 646 315 neque
667 279 719 306 hoc
734 279 803 306 alias
822 280 888 307 ntile
904 280 951 311 sit,
965 287 998 307 ac

209 326 337 357 salutare.
362 325 414 352 nisi
447 325 481 352 ad
512 325 602 353 solum
639 324 797 360 hujusmodi
831 327 999 361 pmnitentite

209 381 301 399 usum.
316 372 386 399 Tum
402 379 468 399 vero
480 376 555 399 recta
576 372 675 399 horum
699 373 793 406 regula
806 372 913 407 justitia
932 373 996 405 erit,

209 426 270 453 qtue
283 419 373 452 docet,
390 418 456 453 quid
476 418 503 445 in
520 418 648 445 omnibus
668 423 696 445 et
709 418 792 446 dictis
817 423 844 446 et
861 418 943 446 factis
961 419 997 447 sit

210 473 224 490 a
238 468 349 498 peccato
366 464 497 496 alienum,
519 471 609 498 quove
635 464 717 490 modo
742 465 827 491 animi
845 468 937 499 partes
955 465 997 492 in-

208 511 285 537 stitui
300 513 439 545 oporteat,
455 517 543 545 quave
563 510 680 541 ratione.
695 511 768 545 quod
786 510 921 546 cujusque
935 519 997 546 pro-

209 557 297 591 prium
310 556 355 588 sit,
375 563 425 591 pro
440 555 571 591 dignitate
585 557 732 583 tribuatur.
748 556 931 591 Cupiditatem
947 564 997 583 au-

208 606 273 633 tem,
291 609 351 636 qua:
367 601 393 628 in
410 601 473 636 plus
486 601 614 628 habendo
625 602 713 636 posita
726 607 778 635 est,
793 602 907 629 multam
921 602 995 630 illam

207 649 318 683 quidem
338 652 366 676 et
388 649 552 676 immensam
574 648 601 674 iu
631 648 802 683 singulorum
832 648 945 680 animis,
971 649 996 676 si

207 694 270 728 quis
295 693 327 721 ad
341 701 412 727 eam,
433 702 494 729 qua:
510 701 525 721 a
541 694 597 722 Deo
613 699 665 726 est,
687 694 863 729 appetitionis
876 694 931 722 vim
947 694 997 723 ad-

207 740 318 770 diderit.
341 739 365 766 is
379 741 406 766 in
423 739 473 766 hac
493 740 552 775 ipsa
567 740 628 774 plus
641 739 756 767 habendi
768 739 920 775 cupiditate
929 740 996 768 bea-

207 786 333 813 tissimus
347 786 411 815 erit.
428 786 484 813 illic
511 786 566 813 vim
589 786 705 818 faciens,
729 785 775 813 ubi
799 786 936 814 laudabile
951 791 996 815 est

208 831 261 858 vim
276 831 375 859 facere.
395 832 477 867 Atqui
501 832 676 867 sapientiam,
703 832 933 867 prudentiamque
950 841 995 861 re-

207 885 267 904 rum
288 878 422 910 omnium,
442 885 504 913 quae
528 877 686 912 expediant,
712 878 897 906 consultrices
918 879 994 907 vita:-

205 931 259 958 que
274 930 331 950 suae
346 923 560 951 contubernales
571 923 723 955 adhibebit.
740 929 770 951 ut
783 924 860 952 nullo
872 932 993 959 unquam

205 973 329 1004 tempore
342 973 390 997 aut
400 969 549 1004 imperitia,
566 973 614 997 aut
627 969 813 1005 imprudentia
831 970 858 997 in
872 977 993 998 erraretur

206 1014 374 1047 abdut-atur;
395 1015 439 1042 sin
453 1019 543 1041 autem
559 1014 605 1046 iis,
620 1022 691 1049 quas
703 1015 928 1046 commemoravi,
941 1015 995 1042 vir-

206 1062 311 1089 tutibus
327 1069 416 1096 neque
429 1065 459 1088 ut
477 1068 526 1096 par
545 1064 599 1092 est,
620 1068 709 1095 neque
733 1065 764 1088 ut
779 1067 876 1088 earum
893 1066 993 1088 natura

206 1107 339 1142 postulat,
365 1107 429 1142 quis
448 1114 514 1134 usus
531 1110 586 1137 est,
611 1105 646 1133 ad
671 1106 765 1141 idque,
787 1106 861 1141 quod
881 1106 995 1134 minime

205 1153 295 1183 det-et,
310 1159 405 1179 earum
420 1159 501 1179 usum
517 1151 666 1184 convertit,
684 1152 726 1179 vel
741 1151 807 1186 quia
822 1151 857 1179 ad
875 1159 920 1179 res
934 1155 993 1179 tur-

207 1198 339 1233 pissimus
366 1198 547 1232 cupiditatem
565 1197 672 1232 adjicit,
695 1198 737 1225 vel
762 1197 826 1233 quia
846 1198 874 1225 in
889 1198 994 1225 vicinos

205 1243 298 1270 odium
327 1243 460 1277 concipit,
485 1242 529 1269 vel
555 1242 619 1277 quia
654 1243 828 1277 iniquitatem
852 1243 929 1274 colit,
951 1243 994 1270 vel

205 1288 269 1322 quia
284 1295 314 1315 se
327 1291 426 1315 contra
442 1290 570 1322 parentes
587 1295 681 1315 acrem
697 1288 830 1320 Ostendit,
844 1294 926 1323 atque
943 1289 993 1316 ab-

206 1334 289 1361 surda
312 1341 426 1368 qusque
440 1334 535 1367 audet,
558 1334 706 1369 inaniaque
722 1338 832 1370 sperat;
851 1335 896 1362 hic
919 1340 994 1363 certe

204 1387 268 1406 cum
286 1380 459 1414 prudentiam
478 1383 506 1406 et
530 1379 693 1414 sapientiam
712 1387 727 1406 a
745 1380 929 1408 contubernio
942 1388 993 1408 suo

204 1427 329 1460 repellat,
344 1425 492 1461 ingluviem
514 1424 674 1460 quamdam,
697 1430 780 1460 atque
807 1425 993 1461 intemperan-

202 1472 271 1498 tiam
287 1471 338 1499 sibi
353 1472 444 1500 socias
459 1471 585 1506 adjungit
601 1481 607 1499 :
623 1471 673 1507 qui
689 1472 712 1499 si
729 1472 756 1498 in
769 1471 884 1506 reliquis
895 1472 991 1499 eodem
1006 1496 1027 1507 η

204 1516 287 1544 modo
305 1517 381 1548 facit.
399 1517 521 1544 insulsus
541 1517 636 1552 utique
657 1521 710 1549 est,
733 1521 761 1544 et
784 1517 901 1544 monstri
918 1516 991 1544 sitni-

204 1562 254 1594 lis,
270 1563 307 1589 ita
326 1567 356 1589 ut
367 1563 428 1597 ejus
446 1563 603 1590 absurditas
623 1562 760 1590 declarari
783 1570 833 1597 pro
857 1561 991 1597 dignitate

203 1615 259 1635 non
272 1608 371 1644 possit.
390 1607 427 1635 Ut
449 1609 523 1636 enim
542 1608 566 1636 si
591 1609 655 1643 quis
682 1609 844 1643 perturbate
868 1611 991 1635 armatus

202 1656 307 1689 galeam
323 1655 454 1687 invertat,
480 1660 509 1681 ut
530 1658 558 1681 et
576 1653 672 1681 faciem
689 1659 773 1689 tegat,
792 1659 819 1681 et
842 1661 943 1682 conqu
963 1655 991 1681 in

1048 189 1098 224 τῆς
1116 188 1205 224 λύπης
1229 189 1323 224 κτῆμα
1342 189 1431 224 καιρῷ
1451 190 1595 225 μετανοίας
1609 191 1656 217 ἐπὶ
1669 192 1839 226 ἁμαρτήμα-

1048 242 1101 268 σιν,
1118 235 1142 260 εί
1155 235 1243 270 τύχοι,
1256 235 1321 261 ποτὲ
1335 235 1452 270 συμϐὰν,
1469 236 1700 272 προχειρίζεσθαι,
1716 237 1754 268 ὡς
1765 238 1840 264 οὑδὲ-

1047 288 1113 307 ποτε
1127 280 1261 316 χρήσιμον
1277 280 1306 306 ὃν
1316 281 1333 315 ἢ
1352 281 1420 317 πρὸς
1434 282 1484 317 τὴν
1497 282 1626 319 τοιαύτην
1643 284 1728 319 μόνην
1741 285 1840 320 ὺπηρε-
1853 281 1856 286 ”

1049 325 1120 352 σιαν.
1137 326 1169 352 Ἥ
1183 326 1211 352 δὲ
1225 326 1381 362 δικαιοσύνη
1397 327 1473 363 αὐτῷ
1485 328 1575 355 κανὼν
1589 329 1737 365 εὐθύτητος
1751 331 1838 362 ἔσται,

1046 371 1078 398 τὸ
1088 372 1117 398 ὲν
1128 372 1209 398 παντὶ
1221 371 1369 400 ἄπταιστον
1381 373 1452 409 λόγῳ
1463 383 1493 401 τε
1507 375 1554 401 καὶ
1563 375 1636 411 ἔργῳ
1649 376 1838 412 ὑφηγουμένη,

1047 418 1122 448 ὅπως
1135 426 1164 444 τε
1178 417 1230 453 χρὴ
1252 419 1286 444 τὰ
1302 419 1331 445 ἐν
1345 420 1378 454 τῇ
1394 419 1465 455 ψυχῇ
1485 420 1646 453 διακεῖσθαι,
1662 423 1711 448 καὶ
1729 423 1788 454 πῶς
1808 423 1839 449 ἄν

1046 471 1088 494 τις
1101 462 1136 489 τὰ
1150 464 1209 489 κατ’
1223 462 1302 495 ἀξίαν
1317 464 1424 500 ἑκάστῳ
1435 465 1523 500 νέμοι.
1540 466 1595 501 Τὴν
1609 467 1637 493 δὲ
1652 467 1701 493 τοῦ
1716 468 1838 500 πλείονος

1047 508 1149 543 ἔφεσιν,
1159 509 1174 535 ὁ
1187 509 1254 536 πολύ
1267 518 1297 537 τε
1313 510 1361 536 καὶ
1377 511 1531 547 ἀμέτρητον
1544 512 1665 546 ἔγκειται
1675 515 1709 548 τῇ
1722 514 1838 541 ἕκαστον

1046 555 1130 590 ψυχῇ,
1147 556 1180 590 τῇ
1208 554 1279 581 κατά
1296 555 1362 582 Θεὸν
1381 556 1514 591 ἐπιθυμίᾳ
1539 557 1677 593 προσθεὶς,
1702 559 1838 594 μακάριος

1046 601 1123 628 ἔσται
1139 602 1188 636 τῆς
1202 601 1368 634 πλεονεξίας,
1383 603 1441 629 ἐκεῖ
1457 602 1627 638 βιαζόμενος,
1645 605 1712 631 ὅπου
1727 605 1838 631 ἐπαινε-

1045 648 1092 675 τὸν
1104 649 1135 675 τὸ
1146 648 1296 682 βιάζεσθαι.
1312 649 1412 684 Σλφίαν
1426 649 1454 676 δὲ
1468 650 1514 676 καὶ
1525 650 1656 685 φρόνησιν
1668 651 1838 686 συμϐούλους

1045 693 1101 726 ἕξει
1117 694 1171 720 τῶν
1188 694 1393 730 συμφερόντων.
1410 695 1457 722 καὶ.
1475 696 1677 729 συνδιοικούσας
1696 696 1774 731 αὐτῷ
1790 697 1838 732 τὴν

1046 739 1130 773 ζωὴν,
1149 739 1187 770 ὡς
1212 738 1339 774 μηδαμοῦ
1356 739 1408 766 ὑπὸ
1423 739 1559 774 ἀμαθείας
1573 741 1590 776 ἢ
1607 741 1767 776 ἀφροσύνης
1787 750 1838 768 πα-

1047 784 1224 820 ραδλαϐῆναι’
1240 785 1264 810 εἰ
1280 784 1309 811 δὲ
1325 784 1363 820 μὴ
1377 784 1449 812 κατὰ
1464 786 1495 812 τὸ
1508 787 1607 813 οἰκεῖον
1621 786 1711 822 χρῷτο
1722 788 1785 818 ταῖς
1799 788 1838 814 εί-

1011 825 1032 852 Β
1048 828 1179 864 ρημέναις
1193 829 1349 864 δυνάμεσιν,
1366 830 1423 857 ἀλλ’
1444 830 1611 858 ύπαλλάσσοι
1631 831 1708 867 παρὰ
1726 831 1758 858 τὸ
1770 832 1838 864 δέον,

1045 875 1095 910 τὴν
1115 875 1164 910 μὲν
1181 874 1330 910 ἐπιθυμίαν
1345 876 1498 912 προστιθεὶς
1511 878 1567 909 τοῖς
1585 878 1736 912 αἰσχίστοις
1746 897 1754 908 .
1771 878 1803 904 τι,
1813 878 1839 904 δὲ

1047 922 1125 956 μῖσος
1140 921 1187 947 ἐπὶ
1201 921 1263 954 τοὺς
1278 921 1431 957 ὁμοφύλους
1451 923 1707 959 προχειριζόμενος·
1723 924 1840 958 ἀγαπῶν

1044 967 1074 994 δὲ
1087 967 1137 1003 τὴν
1155 967 1272 999 ἀδικίαν,
1288 968 1336 994 καὶ
1358 969 1405 995 ἐπὶ
1429 969 1493 1001 τοὺς
1513 968 1610 1003 γονέας
1634 969 1839 1006 ἀνδριζόμενος,

1045 1013 1091 1040 καὶ
1103 1013 1210 1049 θαρσῶν
1222 1014 1256 1041 τά
1269 1014 1368 1047 ἄτοπα,
1383 1015 1430 1041 καὶ
1440 1015 1558 1048 ἐλπίζων
1568 1014 1601 1041 τὰ
1612 1015 1726 1050 μάταια,
1737 1015 1841 1051 φρόνη-

1046 1069 1088 1087 σιν
1107 1061 1135 1088 te
1154 1062 1201 1087 καὶ
1218 1061 1315 1096 σοφίαν
1341 1060 1500 1088 ἀπελαύνων
1521 1060 1571 1096 τῆς
1591 1062 1648 1096 μετ’
1665 1061 1750 1088 αὑτοῦ
1777 1069 1840 1088 συν-

1044 1107 1194 1143 οικήσεως,
1217 1107 1383 1143 λαιμαργίαν
1405 1107 1452 1133 καὶ
1479 1107 1633 1142 ἀφροσύνην
1660 1107 1840 1143 προσεταιρί-

1045 1151 1118 1183 Cotto
1129 1160 1136 1166 ”
1151 1151 1199 1179 καὶ
1213 1152 1278 1188 περὶ
1290 1152 1345 1179 τῶν
1367 1151 1468 1178 λοιπῶν
1481 1151 1611 1184 ὡσαύτως
1629 1152 1724 1185 ποιῶν,
1739 1152 1841 1184 ἄτοπος

1043 1196 1077 1224 ἂν
1090 1197 1132 1231 εἴη
1142 1205 1184 1229 τις
1196 1197 1243 1224 καὶ
1255 1196 1408 1229 ἀλλόκοτος,
1419 1196 1457 1227 ὡς
1469 1195 1530 1232 μηδ’
1542 1196 1574 1222 ἂν
1583 1197 1670 1223 εἰπεῖν
1681 1197 1766 1230 ἀξίως
1777 1197 1840 1224 τινὰ

1043 1241 1190 1277 δυνηθῆναι
1207 1242 1253 1277 τὴν
1267 1242 1391 1269 ἀτοπίαν.
1405 1241 1540 1277 Καθάπερ
1552 1242 1605 1278 γὰρ
1620 1242 1653 1269 ἂν
1666 1243 1692 1269 et
1707 1251 1749 1274 τις
1760 1242 1842 1269 ἐναλ-

1043 1287 1095 1319 λὰξ
1112 1287 1298 1323 ὁπλιζόμενος,
1325 1287 1490 1322 ἁναστρέφοι
1515 1288 1563 1323 μὲν
1580 1288 1611 1315 τὸ
1636 1288 1749 1324 κράνος.
1766 1288 1840 1315 ὥστε

1044 1332 1193 1360 καλύπτειν
1216 1333 1247 1360 τὸ
1265 1334 1420 1369 πρόσωπον,
1437 1334 1485 1360 καὶ
1500 1334 1589 1361 ὀπίσω
1609 1334 1766 1361 νενευκέναι
1793 1335 1842 1361 τὸν

1043 1379 1134 1413 λόφον,
1153 1379 1216 1411 τοὺς
1227 1379 1254 1406 ῑὲ
1268 1379 1350 1411 πόδας
1365 1380 1421 1415 ἔχοι
1439 1381 1469 1407 ὲν
1485 1379 1600 1415 θώρακι,
1617 1380 1726 1412 καὶτὰς
1736 1382 1841 1416 κνημῖ-

1043 1425 1091 1457 δας
1108 1425 1257 1461 ἐφαρμόζοι
1272 1426 1310 1461 τῷ
1329 1426 1431 1462 στήθει.
1448 1427 1495 1453 καὶ
1508 1427 1558 1454 ὅσα
1574 1426 1608 1453 τὰ
1624 1426 1675 1462 τῆς
1689 1427 1841 1462 ἀριστερᾶς

1044 1471 1101 1497 ἐστι
1116 1472 1150 1507 τῇ
1164 1470 1239 1506 δεξιᾷ
1251 1471 1464 1506 μεταλαμϐάνοι.
1477 1471 1526 1508 τὴν
1543 1472 1571 1499 δὲ
1588 1471 1642 1498 τῶν
1654 1471 1749 1504 δεξιῶν
1760 1471 1842 1498 ὅπλι-

1046 1526 1086 1544 σιν
1103 1519 1136 1552 τῇ
1153 1517 1284 1553 εὐωνύμῳ
1301 1518 1473 1554 προσρίπτοι.
1490 1519 1578 1554 Ὅπερ
1592 1516 1639 1545 οὖν
1653 1518 1749 1545 παθεῖν
1764 1518 1841 1548 εἰκὸς

1044 1564 1072 1589 ὲν
1090 1564 1200 1599 πολέμῳ
1213 1563 1258 1590 τὸν
1273 1563 1392 1590 τοιοῦτον
1405 1564 1529 1600 ὁπλίτην.
1545 1564 1625 1591 τοῦτο
1639 1564 1686 1591 καὶ
1702 1565 1780 1599 παρά
1793 1564 1842 1590 τὰν

1045 1609 1102 1645 βίον
1121 1610 1234 1645 πάσχειν
1259 1609 1331 1641 stitia;
1352 1610 1399 1636 τον
1421 1610 1624 1646 συγκεχυμένον
1641 1610 1690 1644 τὴν
1711 1609 1840 1645 γνώμην,

1044 1655 1092 1682 καὶ
1100 1655 1150 1691 τὴν
1161 1656 1257 1692 χρῆσιν
1264 1656 1319 1682 τῶν
1329 1656 1470 1692 δυνάμεων
1478 1656 1527 1692 τῆς
1535 1656 1624 1692 ψυχῆς
1634 1655 1839 1691 ύπαμείϐοντα.

204 1701 381 1736 posteriorem
404 1703 509 1735 partem
527 1699 711 1730 inclinaverit,
727 1701 864 1734 pedesque
881 1700 909 1726 in
926 1699 1039 1727 thorace
1071 1700 1182 1732 habeat,
1204 1707 1301 1728 ocreas
1334 1702 1440 1736 pectori
1467 1701 1667 1732 accommodet,
1695 1708 1793 1735 quaeve
1823 1707 1839 1726 a

204 1750 270 1774 laeva
287 1747 321 1774 ad
342 1747 482 1774 dexteram
503 1749 666 1778 contumulet,
688 1746 807 1772 dextera:
826 1753 890 1772 vero
906 1746 992 1780 partis
1009 1750 1180 1773 armaturam
1195 1747 1269 1774 laevae
1300 1751 1421 1783 apponat
1439 1756 1445 1774 :
1479 1747 1552 1783 quod
1576 1747 1660 1782 igitur
1683 1747 1839 1773 verisimile

203 1794 239 1821 sit
257 1794 284 1820 in
299 1793 395 1820 militia
417 1796 447 1820 ut
464 1791 528 1819 huic
553 1792 672 1823 eveniat,
708 1791 756 1826 qui
797 1791 834 1818 ita
857 1796 1024 1826 praepostere
1044 1796 1087 1819 est
1102 1793 1188 1820 armis
1203 1793 1369 1825 instructus,
1385 1793 1436 1820 hoc
1452 1793 1542 1828 ipsum
1557 1797 1775 1820 consentaneum
1793 1797 1838 1819 est

204 1841 242 1869 illi
262 1841 288 1867 in
306 1839 514 1878 vita'aceidere,
531 1839 578 1873 qui
600 1843 691 1866 mente
704 1838 742 1865 ita
762 1838 924 1873 perturbata
939 1843 992 1870 est,
1011 1844 1040 1867 ut
1054 1840 1137 1867 animi
1151 1841 1281 1868 virtutum
1300 1849 1379 1868 usum
1392 1845 1539 1877 pervertat.

238 1888 310 1921 Quin
325 1886 480 1913 adhibenda
495 1890 537 1913 est
554 1893 568 1912 a
586 1886 666 1912 nobis
688 1885 812 1920 quaedam
831 1886 948 1920 diligens
963 1886 992 1913 in

203 1936 246 1962 his
258 1932 460 1961 comenientia:
476 1932 626 1967 decorique
638 1931 719 1965 ratio,
737 1939 819 1966 quam
846 1931 873 1958 in
889 1932 990 1960 animis

205 1981 309 2009 nostris
323 1987 386 2007 vera
400 1978 581 2013 temperantia
596 1979 722 2005 inserere
740 1976 818 2005 solet.
832 1976 916 2012 Sique
929 1985 991 2012 per-

203 2028 273 2054 lecta
295 2026 477 2059 absolutaque
491 2024 574 2060 hujus
592 2024 703 2051 virtutis
719 2023 844 2050 deﬁnitio
858 2023 989 2052 conside-

203 2073 289 2101 rauda
316 2076 370 2103 est.
401 2072 518 2098 fortasse
541 2070 652 2105 quidem
679 2070 792 2105 proprie
814 2070 917 2098 dicitur
931 2077 990 2097 om-

203 2120 279 2146 nium
301 2118 385 2145 animi
408 2121 532 2144 motuum
556 2117 624 2144 bene
640 2117 792 2145 constituta
808 2116 946 2152 quaedam,
961 2120 990 2144 et

1078 1887 1183 1915 Οὐκοῦν
1197 1887 1358 1924 προνοητέον
1375 1888 1440 1923 ἡμῖν
1464 1888 1514 1922 τῆς
1540 1888 1570 1913 ὲν
1591 1887 1696 1918 τούτοις
1713 1887 1837 1922 εὐαρμο-

1045 1934 1130 1965 στίας.
1141 1934 1174 1969 ἠν
1187 1935 1203 1969 ἡ
1218 1934 1322 1970 ἀληθὴς
1332 1934 1492 1970 σωφροσύνη
1504 1933 1624 1967 πέφυκεν
1638 1935 1763 1968 ἐμποιεῖν
1774 1935 1837 1965 ταῖς

1043 1979 1192 2015 ἡμετέραις
1211 1980 1319 2015 ψυχαῖς.
1338 1980 1392 2006 Καὶ
1409 1981 1433 2006 εί
1455 1979 1507 2015 χρὴ
1533 1980 1578 2006 τὸν
1594 1979 1764 2006 τελειότατον
1785 1980 1838 2015 τῆς

1044 2023 1221 2060 σωφροσύνης
1241 2025 1303 2059 ὅρον
1324 2024 1520 2059 ὲπισκοπῆσαι,
1540 2024 1610 2059 τάχα
1629 2024 1708 2050 τοῦτο
1726 2032 1838 2059 σωφροο

1045 2069 1112 2103 σύνη
1136 2070 1237 2104 κυρίως
1256 2069 1290 2096 ἂν
1311 2068 1430 2103 λέγοιτο,
1456 2070 1473 2105 ἡ
1502 2070 1609 2096 πάντων
1632 2069 1688 2095 τῶν
1710 2069 1838 2104 ψυχικῶν

1045 2116 1201 2150 κινημάτων
1214 2115 1284 2150 μετά
1296 2115 1391 2149 σοφίας
1403 2115 1449 2142 καὶ
1458 2115 1612 2150 φρονήσεως
1623 2113 1755 2146 εὔτακτος
1765 2115 1838 2141 οἱκο-

201 2172 265 2192 cum
278 2163 424 2198 sapientia,
439 2162 641 2198 prudentiaque
654 2162 803 2197 conjuncta
827 2163 989 2190 moderatio.

1045 2162 1134 2197 νομία.
1153 2162 1208 2188 Καὶ
1228 2162 1245 2197 ἡ
1259 2161 1370 2197 τοιαύτη
1387 2161 1555 2192 κατάστασις
1570 2161 1619 2196 τῆς
1632 2161 1723 2196 ψυχῆς
1743 2161 1836 2187 οὐκέτι

201 2212 291 2245 Atque
305 2209 496 2243 hujuscemodi
511 2208 595 2235 animi
613 2209 777 2236 constitutio
791 2216 846 2236 non
862 2209 918 2236 ullo
932 2216 991 2236 am-

202 2258 275 2292 plius
305 2256 409 2286 labore,
438 2263 528 2290 neque
551 2254 643 2282 studio
665 2254 699 2281 ad
721 2262 814 2282 rerum
830 2254 989 2282 sublimium

203 2302 415 2336 ctrlestiumque
431 2301 592 2328 societatem
607 2299 751 2335 indigebit,
769 2300 817 2328 sed
830 2299 908 2327 nullo
923 2306 990 2326 sane

203 2348 324 2383 negotio.
341 2348 424 2374 rebus
451 2346 598 2373 contrariis
628 2345 750 2380 rejectis,
771 2353 835 2373 cum
855 2345 892 2378 id,
915 2345 989 2380 quod

202 2394 347 2429 quaeritur,
375 2392 539 2419 naturaliter
577 2395 682 2423 teneat,
700 2391 823 2425 perﬁciet
851 2391 889 2422 id,
917 2390 990 2424 quod

202 2440 313 2474 assequi
330 2438 440 2466 dillicile
453 2437 560 2465 videtur
577 2447 584 2465 :
600 2438 647 2472 qui
669 2437 741 2467 enim
762 2443 840 2464 extra
862 2436 990 2463 tenebras

203 2489 283 2521 longe
299 2486 406 2520 positus
420 2488 473 2517 est,
488 2491 550 2511 eum
571 2488 599 2510 et
614 2484 641 2510 in
664 2483 726 2509 luco
746 2483 860 2510 omnino
874 2482 988 2513 versari,

201 2538 228 2559 et
239 2533 285 2567 qui
297 2536 430 2559 emortuus
445 2538 503 2557 non
522 2533 576 2561 est,
600 2529 675 2556 illum
697 2529 790 2556 vivere
814 2536 924 2555 necesse
937 2532 988 2555 est.

203 2580 236 2606 Et
253 2579 386 2614 proiecto,
402 2577 455 2604 nisi
476 2578 539 2611 quis
556 2576 675 2603 animam
691 2583 770 2602 suam
783 2575 810 2601 iu
825 2582 897 2602 vano
911 2582 990 2602 acce-

201 2625 283 2660 perit,
300 2625 328 2651 in
339 2623 462 2651 veritatis
479 2623 521 2649 via
540 2622 619 2656 plane
634 2622 687 2648 erit
701 2629 707 2648 :
722 2621 852 2655 quoniam
869 2620 988 2654 pruden-

204 2671 253 2702 tia,
269 2677 301 2697 ac
315 2670 442 2701 scientia,
460 2676 541 2703 quam
554 2668 616 2702 quis
631 2667 753 2698 adhibet.
773 2674 806 2694 ne
819 2674 834 2693 a
849 2667 891 2693 via
906 2666 989 2694 decli-

202 2721 258 2748 net.
272 2717 325 2743 dux
344 2723 410 2743 sane
424 2714 523 2749 aliquis
537 2713 654 2748 diligens
671 2717 714 2741 est
737 2713 803 2740 recti
820 2713 937 2740 itineris.
953 2713 990 2740 Ut

201 2762 274 2788 enim
289 2761 373 2790 servi,
389 2760 444 2793 jam
468 2757 593 2786 servituti
618 2757 735 2788 liberali,
753 2765 815 2784 rum
830 2765 940 2792 operam
955 2757 989 2784 iis

204 2813 305 2834 navare
330 2805 472 2837 desierint,
505 2810 620 2841 quorum
649 2806 783 2838 potestate
815 2803 987 2837 tenebantur,

1040 2207 1122 2234 πόνου
1138 2208 1209 2239 τινος
1224 2207 1285 2234 οὐδὲ
1300 2208 1490 2243 πραγματείας
1509 2207 1577 2242 πρὸς
1591 2206 1641 2241 τὴν
1652 2206 1707 2232 τῶν
1722 2205 1832 2240 ὑψηλῶν

1040 2262 1069 2280 τε
1085 2254 1131 2280 καὶ
1149 2253 1283 2288 οὐρανίων
1303 2253 1447 2288 μετουσίαν
1463 2253 1602 2288 δεήσεται,
1620 2252 1677 2278 ἀλλ’
1693 2253 1723 2278 ὲν
1747 2251 1831 2286 πολλῇ

1041 2299 1168 2336 ῥᾳστώνῃ
1186 2300 1217 2327 τὺ
1232 2300 1300 2331 τέως
1315 2299 1476 2335 δυσέφικτον
1495 2297 1564 2325 εἶναι
1581 2298 1676 2325 δοκοῦν
1695 2298 1835 2333 κατορθώ⁹

1041 2355 1081 2373 σει
1097 2346 1228 2381 φυσικῶς,
1243 2347 1277 2381 τῇ
1294 2345 1466 2380 ύπεξαιρέσει
1482 2344 1529 2371 τοῦ
1553 2344 1675 2371 ἐναντίου
1690 2343 1722 2370 τὸ
1738 2343 1834 2378 ζητού-

1041 2400 1122 2426 μενον
1135 2391 1235 2426 ἔχουσα
1246 2400 1252 2406 ·
1269 2391 1315 2417 τόν
1330 2399 1359 2417 τε
1377 2390 1430 2426 γὰρ
1450 2390 1502 2422 ἔξω
1520 2389 1568 2415 τοῦ
1590 2389 1703 2419 σκότους
1720 2389 1832 2422 γενόμε-

1041 2446 1096 2467 νον.
1106 2438 1134 2464 ὲν
1150 2437 1220 2471 φωτὶ
1236 2438 1342 2468 πάντως
1356 2434 1426 2463 εἶναι
1438 2435 1556 2471 ἀνάγκης
1571 2434 1617 2461 καὶ
1631 2433 1676 2460 τὸν
1688 2432 1726 2469 μὴ
1740 2433 1834 2468 τεθνη-

1041 2484 1118 2515 κότα,
1136 2482 1196 2517 ζῇν.
1216 2483 1270 2510 Καὶ
1289 2482 1378 2508 τοίνυν
1397 2482 1422 2508 εἴ
1440 2490 1482 2512 τις
1501 2481 1538 2516 μὴ
1562 2481 1608 2506 ἐπὶ
1632 2479 1741 2514 ματαίῳ
1759 2478 1834 2504 λάὁοι

1040 2528 1089 2562 τὴν
1104 2527 1201 2554 ἑαυτοῦ
1221 2528 1318 2563 ψυχὴν,
1340 2528 1369 2553 ἐν
1390 2528 1422 2562 τῇ
1438 2526 1489 2561 ὀδῷ
1507 2527 1554 2561 τῆς
1569 2525 1700 2560 ἀληθείας
1726 2524 1833 2553 πάντως

1040 2573 1132 2600 ἔσται·
1149 2575 1165 2609 ἡ
1181 2574 1235 2609 γὰρ
1248 2573 1294 2600 τοῦ
1320 2573 1359 2608 μὴ
1379 2573 1590 2609 παρατραπῆναι
1606 2570 1722 2606 πρόνοιά
1742 2578 1773 2596 τε
1789 2568 1832 2595 καὶ

1040 2620 1178 2654 ἐπιστήμη
1189 2640 1196 2651 ,
1214 2619 1310 2654 ὀδηγία
1323 2619 1364 2651 τίς
1378 2620 1451 2645 ἐστιν
1465 2618 1582 2653 ἀκριϐὴς
1596 2618 1646 2653 τῆς
1661 2616 1708 2642 ἐπὶ
1725 2616 1775 2650 τὴν
1791 2615 1833 2641 εύ-

1041 2665 1116 2692 θεῖαν
1131 2666 1242 2701 πορείας
1252 2675 1258 2680 ·
1277 2666 1324 2692 καὶ
1339 2665 1433 2700 ὥσπερ
1449 2666 1473 2691 οἱ
1487 2662 1715 2698 ἐλευθερωθέντες
1729 2661 1832 2687 οἰκέται

1041 2712 1211 2746 παυσάμενοι
1225 2711 1271 2737 τοῦ
1288 2713 1344 2742 τοῖς
1365 2710 1509 2746 κρατοῦσιν
1534 2710 1697 2745 ὑπηρετεῖν,
1723 2706 1831 2733 ἐπειδὰν

1041 2755 1144 2782 ἑαυτῶν
1160 2756 1289 2789 γένωνται
1304 2756 1404 2791 κύριοι,
1423 2755 1552 2790 τρέπουσι
1567 2754 1633 2789 πρὸς
1652 2753 1767 2783 ἑαυτοὺς
1782 2751 1830 2785 τὴν

1042 2802 1159 2838 σπουδήν
1167 2811 1173 2818 ·
1187 2803 1273 2835 οὕτως
1285 2800 1362 2837 οἶμαι
1381 2803 1428 2830 καὶ
1442 2802 1490 2835 τὴν
1502 2801 1591 2835 ψυχὴν
1603 2798 1829 2834 ἐλευθερωθεῖσαν
