1912 3080
65 78 114 106 595

738 72 782 100 DE
798 72 1030 102 VIRGINITATE.
1040 90 1047 96 ι

1648 71 1701 100 τοι

67 138 118 163 ἀπο
128 134 178 170 τῆς
197 132 358 170 σωματικῆς
371 131 511 168 λατρείας,
526 132 555 158 ὲν
569 131 715 166 ἑπιγνωσει
730 131 857 166 γενέσθαι

922 135 1058 167 κιδιψιοιιι
1074 131 1117 158 sui
1131 130 1203 165 juris
1218 134 1294 162 sunt.
1307 130 1389 158 omne
1398 130 1523 158 studium
1536 132 1619 165 atque
1636 138 1702 165 ope-

67 180 112 216 τῆς
129 178 234 211 οἰκείας
251 179 334 214 ἑαυτῇ
354 178 402 205 καὶ
418 177 488 204 κατὰ
505 177 586 213 φύσιν
608 177 750 214 ἐνεργείας
762 185 770 193 ο
791 178 808 213 ἡ
829 178 857 205 δὲ

69 226 206 263 ἐλευθερία
229 226 306 258 ἐστὶ,
329 225 421 257 καθὼς
445 225 494 252 καὶ
527 225 603 261 παρὰ
624 226 672 252 τοῦ
695 226 857 253 Ἀποστόλου

69 273 216 310 ἐμάθομεν,
239 271 271 299 τδ
295 271 334 308 μὴ
366 271 442 306 ζυγῷ
465 271 587 303 δουλείας
607 272 764 307 ἐνέχεσθαι,
792 273 858 308 μηδὲ

71 320 190 356 καθάπερ
205 318 344 355 δραπέτην
363 318 381 354 ἦ
395 318 548 353 κακοῦργον
569 319 725 354 γενόμενον,
742 319 860 354 πεδηθῆ-

71 375 110 395 ναι
128 366 168 402 τῷ
188 365 236 393 τοῦ
253 366 343 401 γάμου
363 364 466 401 δεσμῷ.
490 365 570 392 Ἀλλά
586 373 630 400 μοι
651 365 732 392 πάλιν
747 366 761 391 6
782 365 860 399 λόγος

70 414 112 441 ἰπὶ
129 413 180 449 τὴν
201 412 288 448 αὐτὴν
306 411 394 447 ἀρχὴν
415 411 559 447 ἁνατρέχ;ι
570 431 577 443 ,
594 412 635 438 ὅτι
657 412 707 438 οὐκ
723 412 752 438 ἐν
772 412 859 446 τούτῳ

72 459 139 496 μόνῳ
153 459 184 485 τὺ
196 459 299 486 τέλειον
313 458 364 493 τῆς
378 457 535 493 ἐλευθερίας
550 457 635 489 ἐστὶν,
649 458 677 484 ὲν
690 457 728 492 τῷ
740 458 860 493 ἀποστῇ-

71 514 110 532 ναι
127 504 175 532 τοῦ
195 505 286 540 γάμου
304 504 356 540 (μή
377 512 420 535 τις
437 503 509 530 οὕτω
532 503 629 539 μικρόν
648 512 678 530 τε
698 504 744 530 καὶ
761 503 860 530 εὔωνον

71 552 99 579 τὸ
112 551 160 587 τῆς
175 551 324 587 παρθενίας
336 550 445 582 οἰέσθω,
465 550 535 576 ὥστε
555 552 584 577 ὲν
599 550 683 585 ὀλίγῳ
697 552 860 586 παρατηρή-

73 606 132 633 ματι
142 597 245 634 cap-40;
255 597 404 633 κατορθοῦν
415 596 534 632 νομίζειν
546 597 575 623 τὸ
583 597 708 623 τοσοῦτον
720 598 858 632 πρᾶγμα)-

73 644 126 672 ἀλλ*
143 643 239 679 ὲπειδὴ
257 644 312 675 πᾶς
334 644 349 670 6
370 642 454 670 ποιῶν
469 642 518 677 τὴν
541 642 679 678 ἁμαρτίαν
699 642 791 674 δοῦλος
811 643 860 678 τῆς

72 691 203 727 ἁμαρτίας
216 691 290 718 ἐστὶν
301 710 308 721 ,
324 691 341 725 ἡ
359 691 387 716 ἐν
403 690 485 717 παντὶ
503 689 646 724 πράγματι
662 689 708 716 καὶ
720 689 861 724 ἐπιτηδεύ-

74 747 134 774 ματι
145 737 216 773 πρὸς
232 736 333 764 κακίαν
347 735 523 771 παρατροπὴ,
538 734 678 762 δουλοῦται
693 734 738 761 τὸν
754 734 860 770 ἄνθρω-

28 787 31 789 ’
73 792 120 811 πον
141 784 189 811 καὶ
210 782 376 819 στιγματίαν
394 783 481 815 ποιεῖ,
498 781 635 817 μώλωπας
652 780 727 817 αύτῷ
744 781 791 808 καὶ
812 782 860 808 ὲκ-

911 185 970 205 ram
983 178 1011 205 in
1026 185 1056 205 se
1071 178 1122 213 ipsi
1138 182 1314 205 convertunt.
1333 176 1381 205 Sic
1399 178 1520 205 animum
1535 177 1628 206 servili
1641 185 1702 204 cor-

913 224 988 259 poris
1004 224 1136 258 obsequio
1155 223 1300 250 liberatqu
1326 223 1353 250 in
1372 223 1446 252 illius
1460 223 1566 252 versari
1583 223 1702 251 arbitror

913 269 1032 297 actionis
1058 268 1226 304 cognitione,
1246 276 1307 303 qua:
1335 268 1388 295 sibi
1407 269 1517 304 propria
1534 272 1578 297 est
1601 276 1634 296 ac
1652 275 1702 295 na»

913 316 1029 344 turalis:
1045 315 1182 350 siquidem
1198 315 1321 345 libertas.
1349 318 1379 341 ut
1401 314 1434 341 ab
1458 314 1590 349 Apostolo
1605 313 1703 341 didici-

914 369 986 393 mus,
1005 361 1031 388 in
1049 369 1081 389 eo
1096 365 1148 392 cst.
1167 365 1196 388 ιιι
1222 369 1255 388 ne
1277 360 1340 396 quis
1365 367 1463 387 rursus
1482 360 1624 388 servitutis
1637 359 1702 394 jngo

914 409 1043 444 illigetur,
1061 416 1151 443 neque
1172 412 1302 443 tanquam
1319 414 1416 434 servus
1436 405 1578 441 fugitivus,
1593 409 1640 432 aut
1656 413 1702 432 vc-

913 458 1018 481 tcrator
1034 454 1133 485 factus.
1158 454 1314 488 nuptiarum
1339 451 1517 487 compedibus
1533 452 1641 479 vinctus
1656 451 1700 478 sit.

915 500 968 527 Sed
985 499 1019 526 ad
1039 500 1128 534 ipsqu
1150 499 1258 525 initium
1281 498 1338 525 lnrc
1357 506 1415 524 mea
1435 497 1504 525 redit
1525 497 1624 529 oratio,
1635 503 1703 531 quo-

915 545 988 573 niam
1010 552 1065 572 non
1094 545 1122 572 in
1139 551 1173 571 co
1198 544 1287 572 solum
1313 543 1432 578 perfecta
1451 547 1493 570 cst
1507 543 1630 573 libertas.
1644 546 1673 569 ut
1688 550 1703 567 ιι

915 591 1020 626 nuptiis
1038 592 1210 618 abstineatur
1226 600 1232 617 :
1251 598 1284 617 nc
1309 589 1372 625 quis
1400 590 1437 617 ita
1463 590 1591 623 exiguum
1607 592 1634 616 et
1653 588 1705 615 vile

915 642 991 674 ptttct
1005 638 1056 664 boc
1074 637 1240 673 virginitatis
1256 635 1386 667 ofﬁciunt.
1399 639 1530 670 tanquam
1545 640 1629 669 parvo
1644 641 1705 659 car-

915 686 958 713 nis
973 685 1062 713 solum
1082 683 1262 719 reprimenda:
1278 686 1414 718 prazcepto
1433 689 1463 709 se
1480 680 1599 717 perfecte
1626 687 1705 714 agere

915 732 1076 759 arbitretur.
1095 730 1149 757 Scd
1171 730 1300 765 quoniam
1325 728 1452 764 quisquis
1469 731 1610 762 peccatum
1629 725 1704 756 facit,

916 786 1014 805 servus
1025 781 1068 803 cst
1087 776 1190 811 peccati
1202 777 1228 809 ';
1245 776 1291 802 illa
1308 775 1335 802 in
1350 774 1424 802 ontui
1443 781 1473 801 re
1487 773 1633 807 studioque
1648 779 1704 806 pra‘

73 831 196 867 καύματα
211 830 256 857 διὰ
269 830 324 857 τῶν
345 829 394 864 τῆς
411 827 549 864 ἁμαρτίας
567 827 680 862 πληγῶν
700 827 862 863 ἐμποιοῦσα·

922 832 948 851 ra
981 823 1014 850 atl
1041 823 1135 850 vitium
1167 821 1312 857 propensio
1337 821 1475 848 hominem
1493 818 1706 854 quodammodo

72 877 140 905 ὥστε
158 876 206 904 τὸν
224 876 271 903 τοῦ
291 875 411 912 μεγάλου
427 874 529 901 σκοποῦ
548 874 595 900 τοῦ
612 874 682 900 κατὰ
696 874 744 909 τὴν
761 873 865 909 παρθε-

74 923 129 951 νίαν
141 922 292 959 ἁψάμενον,
304 923 333 949 ἐν
343 921 411 948 πᾶσι
421 921 570 957 προσήκειν
582 921 671 955 ἐαυτῷ
682 917 751 946 εἶναι
762 920 865 955 ὅμοιον,

75 971 118 998 καὶ
132 969 208 1007 πάσῃ
222 970 257 1005 τῇ
271 968 327 1004 ζωῇ
349 967 542 1003 συνεμφαίνειν
562 967 611 1002 τὴν
628 966 813 1002 καθαρότητα.
835 967 866 992 Ι·Σί

74 1017 99 1044 δὲ
111 1015 163 1053 χρὴ
177 1016 227 1043 καὶ
246 1015 291 1042 διά
304 1023 377 1045 τινος
395 1013 450 1040 τῶν
467 1012 654 1039 θεοπνεύστων
682 1012 866 1047 συνηγορῆσαι

74 1063 110 1098 τῷ
127 1062 208 1098 λόγῳ.
226 1061 309 1097 ἀρκεῖ
329 1060 399 1096 πρὸς
423 1059 473 1096 τὴν
493 1060 543 1094 τῆς
566 1058 695 1094 ἀληθείας
723 1057 867 1092 βεΰαίωσιν

75 1109 139 1146 αὑτὴ
153 1109 171 1144 ἠ
196 1107 310 1143 ἀλήθεια
322 1126 330 1139 ,
346 1105 391 1133 διὰ
414 1105 573 1142 παραϐολῆς
591 1105 638 1131 καί
652 1104 814 1139 αἰνίγματος
838 1105 867 1130 ἐν

75 1154 111 1190 τῷ
133 1152 294 1190 Εὐαγγελίῳ
307 1152 338 1179 τὸ
358 1151 479 1178 τοιοῦτον
501 1151 567 1186 ἡμῖν
584 1149 772 1185 δογματίσασα
783 1158 789 1164 ’
805 1149 867 1179 τοὺς

76 1200 126 1235 γὰρ
152 1198 290 1236 χρηστοὺς
314 1198 362 1225 καὶ
383 1197 530 1232 ἐδωδίμους
549 1196 603 1222 τῶν
624 1195 722 1230 ἰχθύων
740 1195 794 1222 ἀπὸ
813 1195 867 1221 τῶν

77 1245 198 1282 πονηρῶν
216 1253 249 1272 τε
263 1245 310 1272 καὶ
323 1243 494 1279 δηλητηρίων
511 1244 528 1278 ἡ
545 1241 687 1278 ἁλιεικικὴ
703 1241 785 1277 τέχνη
801 1242 868 1268 ἀπο-

76 1292 192 1329 χωρίζει,
205 1292 246 1324 ὡς
258 1291 290 1320 ἂν
303 1291 340 1327 μή
354 1299 424 1322 τινος
437 1289 491 1316 τῶν
504 1289 634 1316 ἐναντίων
648 1288 868 1320 συνεισπεσόντος

79 1340 130 1371 soi;
141 1338 276 1373 ἀγγείοις.
286 1337 330 1364 καὶ
343 1337 360 1372 ὴ
370 1336 422 1363 τῶν
432 1335 576 1371 χρησίμων
586 1334 737 1365 ἀπόλαυσις
750 1334 866 1369 ἁχρειω-

78 1385 143 1419 θείη.
174 1384 263 1411 Τοῦτο
290 1383 337 1410 καὶ
357 1382 407 1417 τῆς
435 1380 564 1417 ἀληθινῆς
593 1380 770 1416 σωφροσύνης
789 1380 868 1416 ἔργον

79 1431 144 1463 ἐστὶ,
165 1430 198 1458 τὸ
214 1431 249 1457 ἐκ
265 1430 374 1457 πάντων
392 1428 446 1456 τῶν
460 1427 686 1464 ἐπιτηδευμάτων
699 1427 730 1453 τὸ
751 1426 870 1462 καθαρόν

78 1486 105 1504 τε
115 1477 162 1503 καὶ
169 1475 310 1512 ὠφέλιμον
325 1473 517 1510 ὲκλεγομένην,
529 1473 558 1499 ἐν
567 1473 648 1498 παντὶ
657 1471 687 1498 τὸ
698 1472 869 1507 απεμφαῖνον

80 1522 266 1551 ἀποποιεῖσθαι
280 1521 318 1553 ὡς
338 1520 475 1556 ἄχρηστον
486 1540 494 1552 ,
512 1518 560 1545 mi.
574 1518 716 1553 ἐναφιέναι
737 1516 816 1543 τοῦτο
831 1516 870 1552 τῷ

81 1569 156 1605 κοινῷ
172 1570 222 1597 καὶ
238 1567 365 1604 κοτμικῷ
382 1566 444 1602 βίῳ,
461 1565 585 1601 θαλάσσῃ
602 1564 738 1601 τροπικῶς
753 1563 805 1590 ὑπὸ
821 1563 870 1599 τῆς

81 1615 234 1652 ταραῦολῆς
246 1613 434 1650 ὠνομασμένῳ
444 1621 451 1627 ·
467 1611 527 1639 ἐπεὶ
543 1611 590 1638 καὶ
606 1611 621 1637 ὁ
634 1609 786 1645 Ψαλμῳδδς
799 1608 871 1636 διδά-

83 1663 174 1690 σκαλον
188 1661 409 1697 ἐξομολογήσειιις
431 1659 460 1686 ἐν
481 1667 533 1685 τινι
546 1657 601 1684 τῶν
614 1656 729 1692 ψαλμῶν
743 1657 808 1691 ἡμῖν
824 1655 870 1689 ὑφ-

81 1707 293 1745 ηγούμενος,τδν
307 1707 421 1734 ἄστατον
431 1705 525 1732 τοῦτον
538 1704 585 1731 καὶ
600 1703 709 1739 ἐμπαθῆ
725 1702 771 1728 καὶ
785 1710 871 1737 ταρα-

82 1755 150 1791 χώδη
165 1755 234 1791 βίον,
251 1753 335 1780 ὕδατα
349 1752 439 1787 ψυχῆς
457 1751 608 1786 ἁπτόμενα,
626 1750 674 1776 καὶ
688 1748 756 1784 βάθη
774 1748 871 1774 θαλάσ-

84 1809 129 1836 σης
143 1800 190 1827 καὶ
205 1798 352 1833 καταιγίδα
366 1797 445 1824 καλεῖ
455 1805 462 1812 ·
482 1797 510 1822 ὲν
551 1795 626 1822 πᾶσα
641 1794 690 1830 μὲν
701 1793 871 1827 ἁποστατικὴ

83 1847 192 1877 διάνοια,
205 1845 267 1872 καθ’
284 1844 431 1880 ὁμοιότητα
443 1842 496 1869 τῶν
510 1840 678 1876 Αἰγυπτίων,
693 1840 731 1871 ὡς
747 1839 818 1871 λίθος
833 1840 873 1870 εἰς

84 1893 126 1920 τὸν
137 1891 218 1927 βυθὸν
231 1890 406 1918 καταδύεται.
423 1890 504 1915 Ὅσον
516 1888 543 1915 δὲ
555 1887 616 1923 Θεῷ
629 1887 705 1922 φίλον
721 1886 768 1912 καὶ
782 1886 873 1921 διορα-

84 1939 155 1966 τικδν
176 1939 226 1974 τῆς
248 1938 376 1973 ἀληθείας
395 1937 486 1969 ἐστὶν,
500 1937 568 1971 ὅπερ
597 1935 704 1970 Ἰσραὴλ
727 1933 802 1969 παρὰ
825 1933 873 1967 τῆς

86 1987 200 2024 ἱστορίας
222 1987 391 2022 ὠνόμασται,
417 1983 495 2011 τοῦτο
521 1982 600 2018 μόνον
623 1981 661 2013 ὼς
680 1980 765 2016 ξηρὰν
789 1980 873 2015 αὐτὴν

85 2033 259 2069 διεξέρχεται,
274 2030 393 2067 οὐδαμοῦ
408 2031 458 2065 τῆς
468 2029 580 2065 πικρίας
595 2028 642 2055 καὶ
655 2027 704 2062 τῆς
718 2026 807 2061 ᾰλμης
820 2025 874 2052 τῶν

87 2080 218 2115 βιωτικῶν
238 2078 369 2115 κυμάτων
390 2075 644 2111 συνεφαπτόμενον·
666 2074 737 2100 οὕτω
752 2071 875 2103 τυπικῶς

87 2127 136 2154 ὑπὸ
149 2125 318 2162 καθηγεμόνι
331 2124 370 2159 τῷ
384 2123 459 2158 νόμῳ
468 2132 474 2138 ·
491 2122 575 2153 τύπος
590 2121 618 2147 δὲ
632 2118 666 2155 ἦν
682 2121 696 2146 6
711 2119 814 2153 Μωσῆς
828 2118 874 2144 τοῦ

87 2174 175 2210 νόμου·
190 2174 240 2201 καὶ
252 2174 266 2200 6
287 2170 395 2207 Ἰσραὴλ
412 2171 461 2206 τὴν
475 2169 611 2196 θάλατταν
623 2167 783 2201 διεπέρασεν
795 2165 876 2201 ἂὸρο-
894 2181 917 2210 D

87 2228 140 2256 χος,
153 2219 202 2247 καὶ
215 2218 304 2253 τούτῳ
318 2215 505 2251 συνδιαπερῶν
520 2216 534 2241 ὀ
548 2213 696 2247 Αἰγύπτιος
712 2211 877 2246 ὐποίρύχιος

87 2263 129 2302 ἦν,
142 2266 274 2302 ἑκάτερος
288 2264 339 2291 ὑπὸ
352 2264 401 2298 τῆς
419 2260 617 2297 συμπαρούσης
629 2257 703 2294 αὐτῷ
720 2256 876 2287 διαθέσεως,

87 2313 102 2340 ό
117 2313 165 2349 μὶν
177 2312 290 2347 κούφως
306 2310 420 2343 διεξιὼν1
441 2309 456 2335 6
470 2308 499 2335 δὲ
513 2308 552 2338 εις
569 2305 648 2341 βυθὸν
663 2303 877 2338 καθελκόμενος·

88 2348 185 2395 ωῧφον
198 2358 251 2395 μὲν
266 2357 320 2393 γάρ
339 2365 364 2383 τι
384 2356 431 2382 καὶ
451 2354 590 2389 ἀνωφερὲς
609 2352 725 2387 πρᾶγμα
744 2350 760 2385 ἡ
781 2348 877 2384 ἀρετή.

87 2394 187 2438 Πάντες
201 2403 259 2440 γὰρ
274 2404 298 2430 οἱ
315 2402 375 2430 κατ’
391 2401 476 2435 αὐτὴν
492 2400 591 2432 ζῶντες
606 2398 643 2429 ὡς
656 2396 766 2430 νεφέλαι
783 2394 879 2420 πέτον-

88 2458 140 2483 ται,
151 2450 224 2478 κατὰ
235 2449 281 2477 τὸν
304 2448 426 2479 Ἡσαΐαν,
445 2447 492 2473 καὶ
509 2446 546 2477 ὡς
563 2442 724 2480 περιστεραὶ
742 2441 790 2467 σὺν
802 2448 879 2466 νεοπ-

90 2498 159 2530 aut"
175 2496 247 2532 βαρὺ
265 2495 294 2523 δὲ
308 2496 326 2530 ἠ
342 2493 476 2530 ἁμαρτία,
494 2491 586 2523 καθώς
601 2490 667 2526 φησί
681 2498 722 2521 τις
741 2488 795 2514 τῶν
811 2496 880 2523 προ·

90 2543 190 2580 φητῶν,
204 2542 252 2570 ἐπὶ
263 2541 394 2568 τάλαντον
409 2539 534 2576 μολίϐδου
547 2536 731 2572 καθεζομένη.
744 2535 775 2561 Εἰ
787 2534 816 2560 δέ
827 2542 881 2560 τινι

91 2589 255 2626 βεὸιασμὲνη
275 2588 322 2615 καὶ
338 2584 558 2622 ἁπροσκόλλητος
574 2584 590 2619 ὴ
613 2582 726 2617 τοιαύτη
743 2581 794 2615 τῆς
808 2581 880 2606 ἱστο-

91 2635 150 2669 ρίας
163 2625 262 2671 ἐκδοχὴ
275 2633 400 2669 φαίνεται
410 2651 418 2663 ,
432 2631 479 2658 καὶ
496 2631 525 2656 οὺ
541 2629 649 2664 δέχεται
665 2628 733 2662 πρὸς
748 2625 881 2660 ὠφέλειαν

91 2681 166 2716 ἡμῶν
175 2681 225 2717 τὴν
234 2680 279 2708 διὰ
291 2679 340 2711 τῆς
354 2677 488 2712 θαλάττης
500 2674 715 2711 θαυματοποιίαν
727 2671 883 2707 ἀναγεγρά-

126 2818 137 2836 ¹
150 2818 232 2847 Joan.
249 2827 309 2849 vut.
321 2819 366 2845 ει.

254 2867 387 2895 ΡΑτιιω..
414 2863 473 2893 Gtt.
490 2861 603 2891 XLVI.

917 869 1042 896 servituti
1058 868 1179 902 subjicit,
1195 867 1310 902 vitiique
1326 872 1418 893 notam
1434 865 1459 892 ei
1480 864 1574 896 inurit,
1590 870 1651 890 cum
1667 862 1706 889 ci-

915 915 1034 941 eatriccs
1057 917 1140 948 atque
1159 913 1313 940 inustiones
1334 910 1439 946 peccati
1467 910 1554 944 plagis
1570 908 1608 935 illi
1624 908 1708 934 obdu-

915 966 969 987 cat.
994 959 1085 992 Quare
1102 958 1147 994 qui
1163 965 1300 985 summum
1315 956 1367 984 ltoc
1392 955 1526 990 virginale
1549 954 1706 982 institutum

917 1007 1027 1042 assequi
1056 1006 1126 1039 vult,
1143 1013 1205 1033 eum
1221 1009 1248 1032 ct
1263 1004 1393 1031 onmibus
1420 1003 1449 1030 in
1475 1002 1558 1030 rebus
1573 1001 1616 1030 sui
1633 1002 1708 1029 sitni-

917 1054 969 1080 lem
985 1061 1058 1084 cssc,
1079 1057 1106 1080 ct
1127 1058 1222 1086 puram
1245 1050 1273 1077 in
1293 1050 1368 1076 onmi
1388 1049 1443 1076 vita
1461 1048 1644 1083 integritatem
1662 1056 1708 1074 ca-

918 1100 1094 1133 stitatcmque
1112 1105 1167 1133 pra‘.
1184 1105 1213 1124 se
1229 1096 1301 1123 ferre
1315 1099 1436 1131 oportet.
1451 1095 1540 1131 Atque
1553 1095 1575 1123 si
1588 1103 1620 1121 ex
1635 1095 1707 1125 ullis,

918 1155 977 1181 qna-
994 1153 1008 1172 a
1026 1146 1120 1172 divino
1140 1144 1244 1179 Spiritu
1265 1146 1341 1174 sunt.
1370 1142 1471 1170 litteris
1496 1141 1562 1169 huic
1589 1141 1709 1168 orationi

921 1191 1106 1225 patrocinium
1121 1198 1244 1225 quaarcre
1268 1193 1387 1224 oportet,
1415 1188 1449 1215 ad
1471 1187 1596 1215 veritatis
1611 1187 1710 1214 contir»

919 1239 1068 1266 mationcm
1102 1244 1150 1272 per
1177 1244 1206 1264 se
1234 1237 1302 1263 satis
1319 1240 1361 1262 est
1387 1235 1489 1262 veritas
1515 1233 1585 1269 ipsa,
1607 1240 1668 1268 qua:
1686 1234 1711 1259 in

920 1284 1069 1320 Evangelio
1088 1283 1190 1318 aliqttid
1208 1281 1364 1317 bujusmodi
1391 1288 1425 1308 cx
1448 1280 1576 1315 paraboltt
1595 1279 1712 1315 quadam

920 1333 999 1360 nobis
1016 1331 1155 1367 praecipit‘
1170 1340 1176 1357 :
1189 1330 1309 1364 optimos
1326 1333 1408 1362 atque
1422 1328 1481 1354 esui
1498 1323 1576 1361 aptos
1590 1326 1680 1361 pisces
1697 1332 1712 1351 ιι
1742 1336 1746 1338 -

921 1379 1003 1406 malis
1018 1386 1050 1404 ac
1063 1377 1207 1405 venenatis
1233 1384 1279 1403 ars
1297 1373 1423 1410 piseattdi
1451 1373 1583 1403 secernit.
1610 1375 1641 1399 ut
1667 1380 1712 1401 nc.

922 1433 984 1452 cutn
1001 1424 1124 1459 pestifcri
1149 1431 1181 1450 ex
1209 1422 1263 1449 illis
1290 1421 1373 1456 aliqui
1390 1421 1417 1447 in
1434 1419 1576 1447 vasculum
1595 1418 1713 1454 irrepse-

923 1471 987 1502 rint,
1003 1471 1166 1505 optimorum
1180 1468 1296 1504 piscium
1312 1475 1378 1494 usus
1391 1466 1497 1494 inutilis
1509 1465 1565 1492 fiat.
1581 1465 1637 1492 Hoc
1651 1465 1713 1492 item

924 1524 994 1545 verae
1009 1515 1196 1551 temperantiae
1212 1521 1312 1541 munus
1331 1517 1383 1545 est,
1409 1520 1443 1540 ex
1458 1512 1586 1540 omnibus
1603 1512 1714 1543 studiis,

923 1562 996 1598 quod
1014 1569 1113 1597 purum
1129 1561 1228 1588 utileve
1250 1563 1302 1592 est,
1326 1559 1351 1586 id
1377 1559 1405 1586 in
1421 1558 1496 1586 omni
1523 1565 1554 1586 re
1578 1558 1714 1593 deligere;

924 1608 997 1643 quod
1012 1615 1077 1635 vero
1089 1607 1238 1634 obscurum
1256 1609 1298 1633 est
1314 1612 1348 1632 an
1363 1605 1501 1640 expediat,
1515 1604 1568 1632 hoc
1585 1608 1715 1639 tanquam

925 1654 1023 1681 inutile
1038 1653 1164 1688 rejicere,
1183 1651 1306 1686 illudque
1319 1650 1458 1678 communi
1473 1654 1500 1678 et
1515 1649 1660 1678 mundanae
1674 1650 1698 1676 vi
1708 1665 1716 1670 -

925 1704 960 1727 ta:
986 1699 1153 1734 relinquere.
1175 1705 1237 1733 quae
1261 1705 1337 1724 mare
1361 1695 1499 1732 quoddam
1513 1699 1556 1724 est
1571 1696 1717 1731 parabola-

926 1754 987 1773 rum
1021 1746 1104 1773 modo
1134 1744 1282 1780 appellata.
1315 1742 1536 1779 quandoquidem
1556 1741 1718 1770 Psalmistes

926 1793 1010 1820 etiam
1040 1790 1146 1826 psalmo
1171 1789 1291 1825 quodam
1307 1788 1388 1816 nobis
1412 1787 1598 1815 confessionis
1614 1787 1718 1817 docui—

928 1848 989 1867 nam
1004 1847 1066 1866 cum
1083 1842 1212 1873 exponat,
1230 1837 1361 1864 caducam
1377 1836 1458 1867 hanc,
1479 1839 1506 1862 et
1529 1835 1719 1863 affectionibus

926 1885 1094 1920 expositam.
1110 1884 1355 1917 turbulentamque
1378 1881 1473 1914 vitam,
1491 1888 1577 1916 aquas
1599 1881 1718 1907 animant

927 1932 1105 1966 attingentes,
1128 1933 1156 1957 et
1178 1928 1344 1964 profundum
1361 1927 1457 1958 maris,
1477 1930 1504 1954 ct
1522 1926 1655 1962 procellas
1671 1934 1719 1960 ap-

928 1978 1026 2013 pellat’
1043 1987 1049 2004 :
1065 1977 1091 2004 iu
1108 1984 1161 2012 qua
1182 1983 1249 2003 sane
1263 1975 1317 2001 vita
1333 1973 1423 2000 omnis
1440 1980 1567 2007 perversa
1586 1980 1664 2000 mens
1685 1972 1718 1998 ad

929 2024 1122 2061 Egyptiorum
1143 2021 1363 2052 similitudinem,
1377 2019 1456 2054 quasi
1475 2019 1544 2054 lapis
1560 2019 1660 2053 aliquis
1671 2019 1719 2045 de-

929 2071 1074 2106 mergitur.
1088 2068 1165 2102 Quod
1180 2075 1245 2095 vero
1256 2070 1298 2094 est
1311 2066 1365 2093 Dco
1383 2071 1504 2100 gratum,
1521 2068 1550 2091 et
1568 2063 1602 2091 ad
1618 2065 1718 2091 verita-

929 2122 983 2144 tem
999 2113 1216 2150 pcrspiciendant
1240 2112 1293 2139 vim
1320 2111 1402 2138 habet
1415 2130 1423 2141 ,
1441 2109 1514 2144 quod
1541 2107 1651 2136 lsraelis
1671 2115 1720 2134 lm-

930 2161 1003 2187 mine
1017 2164 1059 2187 est
1073 2159 1107 2186 ab
1123 2157 1239 2185 historia
1255 2156 1433 2191 appellatum,
1450 2154 1502 2182 hoc
1517 2153 1617 2186 solttm,
1640 2153 1718 2188 quasi

930 2206 1076 2234 cxsiccatis
1092 2205 1184 2239 aquis,
1201 2210 1277 2230 mare
1301 2201 1411 2233 transit.
1428 2208 1491 2228 cum
1511 2200 1615 2228 nullam
1629 2207 1719 2227 rerum

932 2253 1114 2280 humanarum
1140 2249 1329 2280 acerbitatem,
1359 2247 1439 2282 quasi
1465 2246 1643 2280 salsuginem,
1663 2246 1721 2279 lege

931 2298 1001 2325 duce
1017 2297 1149 2332 attingat‘
1164 2305 1171 2322 :
1185 2294 1358 2322 adumbratio
1375 2293 1447 2320 enim
1466 2292 1534 2327 legis
1548 2291 1636 2319 Moses
1651 2296 1721 2319 erat.

931 2345 1020 2379 Atque
1035 2343 1152 2378 populus
1177 2341 1288 2377 quidem
1307 2338 1475 2366 Israeliticus
1489 2345 1564 2365 mare
1577 2337 1722 2365 exsiccatis

932 2392 1012 2427 aquis
1036 2389 1179 2419 transivit,
1207 2386 1328 2423 [Egyptii
1353 2393 1419 2412 vero
1446 2392 1509 2413 cum
1537 2384 1604 2411 illud
1633 2384 1721 2419 ipsum

934 2437 1095 2468 transirent,
1110 2442 1207 2461 omnes
1225 2432 1372 2461 summersi
1385 2435 1450 2459 sunt
1468 2440 1475 2458 :
1490 2430 1587 2457 borum
1609 2433 1723 2464 uterque

935 2484 1064 2520 populus.
1093 2489 1143 2508 sua
1170 2480 1288 2514 quisque
1311 2478 1455 2505 affectione
1481 2476 1642 2503 ducebatur.
1676 2475 1724 2502 llic

935 2531 1046 2566 quidem
1075 2527 1156 2555 facile
1175 2531 1203 2554 et
1219 2526 1348 2552 celeriter
1379 2531 1454 2551 mare
1482 2521 1661 2552 transmittit,
1681 2521 1725 2546 illc

935 2577 1016 2612 aquis
1027 2575 1091 2602 imis
1105 2573 1274 2608 demergitur
1294 2581 1300 2599 :
1321 2571 1394 2598 celer
1410 2570 1482 2597 enim
1499 2572 1581 2603 atque
1600 2566 1723 2602 expedita

937 2623 1028 2657 aliqua
1046 2628 1091 2647 res
1107 2626 1167 2654 qua;
1183 2618 1209 2644 in
1223 2616 1344 2643 stiblime
1354 2614 1451 2644 fertur,
1469 2613 1556 2640 virttts
1569 2615 1622 2643 est,
1636 2616 1724 2644 quau-

937 2655 1085 2703 doqttidem
1098 2671 1204 2696 omnes,
1228 2662 1274 2697 qui
1299 2660 1392 2689 virtuti
1416 2661 1601 2694 congruenter
1618 2655 1727 2687 vivunt,

430 2818 440 2832 ²
462 2815 556 2843 .“attb.
578 2820 634 2844 xm,
664 2810 697 2837 .t‘i
718 2817 777 2844 sqq.
817 2809 826 2822 '
842 2805 1022 2835 Psal.t.xvm,
1041 2802 1084 2829 16.
1122 2801 1132 2818 λ
1153 2795 1344 2829 Exod.xtv,‘2l
1364 2804 1425 2831 sqq.

1530 2838 1567 2869 i3
