1912 3080
190 92 242 120 ,⁸5οἵ
814 84 842 112 s.
863 77 980 112 Caeco

1050 82 1196 112 NYSSENI
1631 95 1633 97 ·
1783 84 1837 112 590

189 146 267 182 quasi
291 140 397 173 nebuhe
419 143 522 176 volant,
544 143 621 177 juxta
643 140 769 173 lsaiam',
795 145 822 168 et
841 141 920 176 quasi
936 149 980 168 co-

1050 140 1116 173 ιθαι,
1136 140 1279 168 ἀκουσάτω
1301 140 1346 168 τοῦ
1369 140 1548 168 Ἀποστόλου·
1570 142 1612 169 ὅτι
1638 141 1753 175 ἐκείνοις
1773 149 1839 169 συν-

191 193 290 220 lumba:
307 199 369 219 cum
396 191 478 225 pullis
495 199 502 216 ι
520 193 662 225 peccatum
686 195 751 215 vero
775 195 858 223 grave
882 191 936 218 est,
952 192 979 213 et

1050 186 1126 213 6αινε
1138 187 1187 222 μὲν
1198 187 1331 219 τυπικῶς,
1348 187 1456 222 ἐγράφη
1469 187 1498 214 δὲ
1513 187 1581 223 πρὸς
1593 187 1734 216 νουθεσίαν
1744 186 1836 223 ἡμῶν.

191 244 221 269 ut
235 248 306 267 unus
317 247 350 266 cx
365 237 506 273 prophetis
523 237 571 269 ait,
601 235 705 271 plumbi
730 235 837 262 talento
851 235 982 262 insidet‘.
1006 234 1059 261 Sed
1094 235 1117 261 si
1148 235 1267 269 cuipiam
1290 233 1410 262 difﬁcilis
1436 235 1493 262 haec.
1529 235 1654 262 historia:
1675 234 1837 270 explicatio.

191 295 217 318 et
236 288 312 324 quasi
327 288 351 314 vi
371 287 488 322 quadam
527 285 557 314 ad
585 285 611 312 id
634 284 769 312 sententia
791 284 910 310 adducta
943 283 1050 310 videtur
1072 291 1160 318 neque
1185 283 1257 318 quod
1284 283 1311 310 in
1339 284 1425 311 maris
1460 284 1506 311 illa
1545 283 1758 311 transmissione
1781 280 1838 308 fac-

192 346 248 368 tum
260 341 302 364 est
317 335 491 365 miraculum,
508 333 533 360 id
552 333 585 360 ad
609 333 755 359 utilitatem
771 335 891 358 nostram
911 331 1010 358 litteris
1026 331 1216 366 consignatum
1245 338 1306 358 esse
1335 335 1423 365 putat,
1457 330 1616 366 Apostolum
1640 330 1685 357 hic
1713 329 1741 356 in
1769 334 1838 355 con-

192 382 283 408 silium
320 379 447 406 adhibeat
473 387 480 405 :
515 377 588 412 quod
609 376 681 403 enim
704 376 759 403 illis
771 375 872 408 evenit,
901 378 929 402 et
962 374 1198 402 adumbratiouem
1224 380 1327 404 nostra:
1354 375 1508 410 disciplina:
1535 375 1642 409 habuit,
1674 379 1700 403 et
1731 373 1765 401 ad
1786 379 1837 400 no-

167 417 171 422 .
193 435 278 457 stram
295 426 496 455 institutionem
513 423 701 456 conscriptum
715 422 785 450 est".

476 469 590 498 CAPUT
616 468 687 496 XIX.

192 529 292 557 Metilio
320 528 416 555 Maria:
442 526 557 554 Aaronis
595 524 696 552 sororis
721 523 799 556 quasi
825 523 901 557 ejus,
927 531 985 558 qum

297 564 374 598 hujus
394 562 502 598 perfecti
523 561 599 596 ofﬁcii
622 561 753 586 rationem
773 559 877 586 inierit.

227 621 313 648 Nobis
335 628 409 651 vero,
439 625 466 646 ut
487 619 544 646 hate
567 618 625 653 ipsa
655 620 922 647 commentaremur.
937 622 984 642 oe-

192 669 330 695 casiouem
349 668 424 694 dedit
442 666 616 701 prophetissa
643 664 727 692 Maria
739 685 745 697 ,
762 671 822 698 qua:
846 663 984 690 exsiccato

193 714 261 741 mari
278 713 506 747 transmissoque.
537 711 680 738 mulierum
709 710 794 736 choro
809 709 908 743 stipata
921 716 983 734 cum

193 765 276 791 esset,
307 767 408 788 canoro
425 763 554 795 tympano
591 757 750 792 ιπωυίιιὶι³ι
772 755 888 793 fortasse
910 754 982 781 enim

192 807 238 834 illa
267 806 389 833 historiae
404 805 628 832 commemoratio
656 808 786 838 tympano
803 801 884 828 tacite
899 800 984 835 signi-

195 854 275 879 tieare
296 851 404 878 videtur
429 851 623 885 virginitatem,
642 857 703 883 quae
729 847 846 883 primum
868 855 882 874 a
899 847 982 874 Maria

193 899 299 926 exculta
324 902 384 928 est.
402 905 449 932 per
476 904 556 931 quam
577 895 741 923 crediderim
759 894 805 922 Dei
822 895 980 930 genitricem

195 943 304 970 .llariam
321 943 522 978 praesignatam.
541 940 607 967 Nam
631 944 791 975 tympanum
812 939 886 967 omni
903 947 981 974 aqua:

195 992 308 1016 humore
339 993 507 1023 purgatum,
532 986 711 1021 aridumque,
739 993 866 1020 magnum
885 993 982 1012 sonum

193 1034 290 1060 emittit
307 1042 312 1060 :
330 1033 366 1059 ita
385 1032 526 1067 virginitas
542 1039 603 1059 cum
629 1032 732 1058 nullum
753 1031 834 1066 hujus
852 1031 913 1058 vitae
937 1030 984 1056 lut-

194 1087 296 1107 morem
315 1079 342 1105 iu
363 1086 392 1105 se
417 1079 538 1113 colligat.
557 1078 630 1104 clara
646 1083 674 1104 ct
691 1077 806 1104 illustris
821 1077 940 1104 exsistit.
953 1075 981 1103 Si

195 1127 285 1160 itaque
309 1129 446 1151 mortuum
465 1124 573 1158 quidem
604 1132 704 1159 corpus
731 1123 796 1151 illud
825 1129 981 1160 tympanum

193 1170 254 1200 fuit.
275 1169 347 1204 quod
364 1169 490 1196 manibus
517 1168 598 1195 Maria
625 1169 781 1202 tractabat,
805 1170 984 1204 corporisque

193 1216 336 1243 aﬂ‘ectuum
354 1216 478 1242 interitus
500 1214 608 1249 quidem
628 1214 771 1250 virginitas
786 1219 827 1242 cst
842 1223 849 1242 :
869 1215 984 1242 fertasse

193 1263 300 1297 signum
319 1262 369 1288 hoc
389 1268 443 1297 noq
458 1261 534 1287 valde
549 1265 684 1287 remotum
700 1264 752 1292 est,
782 1261 982 1296 prophetissam

194 1296 265 1334 hanc
283 1307 415 1342 virginem
431 1296 502 1334 esse.
529 1305 582 1333 Sed
598 1307 655 1333 haec
678 1313 728 1334 nos
752 1307 862 1342 quidem
879 1306 984 1341 conjec-

194 1354 263 1380 luris
281 1352 443 1388 quihusdam
472 1357 498 1379 et
525 1352 701 1386 opinionibus
717 1372 725 1384 ,
759 1360 813 1379 non
839 1356 913 1380 certa
933 1353 982 1380 de-

194 1398 390 1426 monstratione
417 1399 454 1424 ita
481 1406 542 1425 esse
576 1399 751 1433 putavimus,
783 1398 982 1433 prophetissam

194 1443 305 1470 Mariam
323 1443 458 1478 virginum
474 1443 557 1470 coetui
585 1443 744 1478 praefuisse,
764 1443 826 1470 |icct
843 1443 893 1470 vlri
910 1443 982 1471 docti

193 1488 270 1514 multi
292 1495 351 1514 eam
382 1487 508 1515 cmlibem
537 1486 622 1515 fuisse
640 1492 731 1522 aperte
753 1488 981 1522 pronuntiarint,

192 1534 320 1568 quoniam
355 1533 382 1560 in
415 1533 498 1560 nullis
524 1533 701 1561 historiarum
735 1534 920 1561 monumentis
949 1533 982 1561 de

192 1579 252 1612 cjus
269 1578 455 1610 matrimonio,
473 1582 520 1605 aut
543 1579 689 1606 liberorum
718 1579 908 1614 procreatione
925 1586 982 1606 me-

193 1625 286 1652 morial.
316 1624 455 1660 proditum
494 1628 547 1652 est.
571 1625 678 1660 Alioqui
705 1632 759 1652 non
777 1633 791 1652 ιι
817 1625 900 1652 fratre
924 1625 983 1659 ejus

193 1671 308 1700 Λευ-οπο,
325 1669 372 1697 sed
392 1676 407 1696 a
424 1669 493 1701 viro,
515 1670 537 1696 si
558 1669 710 1701 habuisset,
732 1669 869 1697 nominata
887 1674 960 1698 essixt
975 1678 982 1697 :

191 1717 324 1751 quianon
348 1716 443 1750 frater,
467 1715 516 1743 sed
533 1716 574 1743 vir
597 1716 691 1743 uxoris
708 1721 791 1751 caput
813 1717 981 1744 nominatur.

191 1764 226 1789 At
250 1770 314 1790 vero
333 1762 355 1790 si
374 1769 389 1789 a
419 1762 520 1797 quibus
535 1761 563 1789 in
593 1752 793 1789 benedictionis
810 1767 886 1797 parte
915 1763 983 1790 libe-

192 1816 284 1836 rorum
305 1808 460 1843 procreatio
474 1808 653 1843 expetebatur
668 1828 675 1840 ,
699 1808 734 1836 iis
760 1808 843 1836 etiam
862 1808 982 1842 legitima

193 1854 243 1881 fuit
262 1858 289 1883 et
314 1854 428 1881 honesta
452 1854 619 1889 virginitatis
637 1854 745 1888 gratia;
768 1854 905 1889 quomodo
920 1861 981 1886 nos,

191 1899 237 1934 qui
263 1899 413 1926 secundum
437 1906 547 1926 carnem
563 1899 669 1927 divinas
688 1899 893 1927 benedictiones
928 1908 981 1927 nnll

191 1946 392 1977 cxandivimus,
414 1954 477 1980 erga
493 1946 567 1973 illam
594 1945 707 1974 affectos
734 1954 797 1974 esse
823 1946 922 1974 decet?
937 1946 983 1973 Di-

191 1992 263 2020 vinis
297 1993 369 2019 enim
399 1992 573 2020 sermonibus
601 1996 727 2028 apertum
756 1996 783 2020 et
816 1992 981 2027 patefactum

191 2042 242 2070 est,
273 2038 382 2073 quando
408 2044 434 2066 et
454 2039 598 2074 concipere
622 2042 650 2066 et
674 2046 771 2073 parere
797 2039 917 2066 salutare
934 2039 981 2069 sit,

190 2085 297 2120 quodve
313 2086 402 2112 multae
421 2086 505 2120 prolis
521 2093 606 2121 genus
623 2092 637 2111 a
654 2085 838 2112 sanctissimis
855 2084 900 2112 Dei
914 2085 981 2113 viris

190 2135 373 2165 expeteretur.
401 2131 468 2158 Nam
492 2136 519 2158 et
538 2131 669 2166 propheta
694 2131 795 2164 Isaias.
820 2135 847 2159 et
873 2132 981 2160 divinus

190 2177 338 2211 Apostolus
353 2177 409 2204 haec
430 2177 488 2210 ipsa
514 2181 606 2212 aperte
635 2177 826 2212 sapienterque
843 2177 981 2212 signiﬁca-

191 2227 274 2249 runt:
293 2230 364 2249 unus
389 2222 499 2257 quidem
525 2222 568 2249 his
593 2222 703 2248 verbis:
724 2231 733 2248 I
754 2221 776 2248 Α
798 2222 897 2249 timore
914 2227 979 2255 tuo,

191 2267 315 2300 Domine,
343 2268 370 2294 in
387 2272 464 2294 utero
480 2267 652 2301 accepimus,
679 2271 706 2294 et
724 2268 935 2302 parturivimus,
954 2273 981 2296 et

191 2314 406 2349 peperimus'n
428 2313 496 2339 alter
517 2320 582 2339 vero
607 2312 641 2339 de
671 2313 765 2341 sobole
790 2314 913 2342 omnium
929 2323 981 2342 nu-

191 2359 379 2386 merosissima
404 2367 433 2386 se
459 2359 577 2392 jactans,
593 2363 623 2384 ut
649 2362 676 2386 et
702 2359 829 2387 civitates
859 2359 980 2395 integras

190 2408 217 2431 et
242 2404 367 2430 nationes
391 2404 547 2438 pepererit:
575 2411 638 2430 cum
663 2411 716 2430 non
746 2404 905 2433 Corinthios
934 2413 981 2432 so-

189 2450 245 2477 lutn
275 2449 440 2483 Galatasque
464 2449 522 2476 suis
538 2449 678 2477 laboribus
695 2450 728 2476 ad
749 2450 835 2478 lucem
860 2451 981 2478 adduxe-

189 2496 226 2522 rit
250 2499 276 2522 ct
293 2494 325 2522 ad
357 2493 404 2521 Dei
422 2494 580 2529 religionem
596 2495 800 2529 informaverit,
822 2497 868 2524 sed
885 2497 918 2524 ab
933 2497 980 2525 Je-

189 2539 327 2576 rosolynia
353 2539 474 2575 undique
494 2541 554 2568 illas
583 2549 678 2569 omnes
703 2543 869 2570 continentis
890 2545 980 2577 regio-

190 2594 238 2614 nes
268 2594 355 2622 usque
369 2587 409 2614 ‘in
434 2586 570 2623 Illyricum
596 2589 654 2616 suis
672 2588 765 2617 liberis
786 2589 978 2624 expleverit“,

189 2640 258 2667 quos
276 2633 413 2668 Evangelii
429 2634 531 2661 virtute
556 2633 670 2662 Domino
699 2635 804 2670 genuit.
824 2635 861 2662 Ita
882 2635 980 2663 beatus

191 2677 217 2704 in
238 2676 383 2712 Evangelio
406 2678 570 2713 przedieatur
594 2682 697 2707 sauctze
721 2679 844 2715 Virginis
873 2685 978 2713 Velllor,

190 2723 235 2756 qui
265 2723 440 2751 immaculato
469 2725 558 2759 partui
587 2725 752 2754 ministravit
772 2735 780 2754 :
800 2727 865 2761 quia
892 2735 980 2762 neque

222 2801 232 2815 '
249 2799 301 2828 lsa.
320 2808 364 2835 ιτ,
378 2801 404 2829 8.
447 2802 457 2818 ⁸
477 2801 594 2830 Zachar.
612 2811 640 2835 v,
655 2803 682 2830 7.
718 2803 728 2819 "
745 2802 824 2831 Ιὶοειι.
841 2812 886 2836 xv,
919 2805 946 2831 4.

985 2807 994 2822 ⁵
1013 2805 1099 2835 Exod.
1119 2816 1164 2842 xv,
1178 2809 1223 2836 ‘20.

1337 465 1450 492 ΚΕΦΑΛ
1458 486 1464 492 .
1485 465 1536 492 ΙΘ’.

1036 521 1146 556 Μνὴμη
1163 521 1277 556 Μαρίας
1293 521 1349 556 τῆς
1364 521 1502 556 ἀδελφῆς
1519 521 1637 558 Ἀαρὼν,
1649 521 1690 556 ὡς
1706 522 1836 558 ἀρξαμέ-

1179 565 1234 591 νης
1250 558 1359 584 τούτου
1379 558 1432 584 τοῦ
1452 556 1690 592 κατορθώματος.

1080 613 1160 648 Ἡμῖν
1173 613 1201 640 δὲ
1216 613 1307 640 δίδωσι
1320 613 1354 640 τὰ
1370 612 1482 640 τοιαῦτα
1496 614 1621 640 ὑπονοεῖν
1633 613 1681 641 καὶ
1695 615 1712 650 ή
1728 615 1837 650 προεξῆ-

1035 668 1077 691 τις
1093 660 1226 695 Μαριὰμ,
1246 659 1348 691 εὐθέως
1367 660 1436 695 μετὰ
1452 660 1502 696 τὴν
1523 659 1660 687 θάλασσαν
1681 660 1765 696 ξηρὸν
1791 662 1837 687 καὶ

1036 704 1133 740 εὔηχον
1152 704 1397 740 μεταχειριζομένη
1410 704 1440 731 τὺ
1452 705 1604 740 τύμπανον,
1622 705 1670 732 καὶ
1683 705 1731 732 τοῦ
1753 706 1836 741 χοροῦ

1035 750 1089 778 τῶν
1113 750 1251 785 γυναικῶν
1267 750 1519 787 προπομπεύουσα·
1541 752 1614 786 τάχα
1635 752 1689 788 γὰρ
1715 751 1761 778 διὰ
1788 751 1837 779 τοῦ

1035 796 1178 831 τυμπάνου
1202 795 1252 831 τὴν
1266 795 1414 830 παρθενίαν
1431 795 1519 822 ἔοικεν
1531 797 1545 822 6
1559 795 1636 830 λόγος
1651 795 1835 828 αἰνίττεσθαι,

1036 841 1089 866 ὑπὸ
1103 840 1153 875 τῆς
1169 841 1278 876 Μαρίας
1294 840 1406 876 πρώτης
1419 841 1647 875 κατορθωθεῖσαν,
1661 841 1694 868 δι’
1708 840 1743 878 ἦς
1757 839 1836 874 οἶμαι

1013 879 1020 902 ³
1036 887 1083 914 καὶ
1099 888 1149 922 τὴν
1171 887 1296 914 θεοτόκον
1316 887 1566 922 προδιατυποῦσθαι
1582 888 1703 924 Μαρίαν.
1726 889 1835 924 Ὧσπρ

1033 934 1088 968 γὰρ
1110 934 1140 960 τὸ
1168 933 1309 969 τύμπανον
1341 933 1426 959 πολὺν
1453 933 1499 959 τὸν
1526 931 1592 968 ἦχον
1618 934 1716 969 ἀφίησι
1743 934 1836 970 πάσης

1036 979 1147 1015 ἰκμάδος
1159 980 1373 1015 κεχωρισμένον,
1395 980 1441 1006 καὶ
1464 979 1545 1015 ξηρὸν
1560 981 1600 1012 εἰς
1611 981 1697 1016 ἄκρον
1719 981 1835 1017 γενόμε-

1033 1033 1077 1051 νον
1089 1034 1095 1040 ·
1115 1023 1186 1051 οὕτω
1198 1024 1245 1051 καὶ
1260 1025 1275 1059 ἡ
1294 1024 1424 1060 παρθενία
1437 1025 1553 1062 λαμπρά
1568 1035 1599 1052 τε
1612 1027 1659 1053 καὶ
1670 1027 1835 1063 περιϐόητος

1034 1070 1147 1104 γίνεται,
1166 1070 1248 1105 μηδὲν
1269 1072 1298 1097 ὲν
1321 1072 1404 1107 ἑαυτῇ
1424 1071 1474 1106 τῆς
1492 1071 1612 1107 ζωτικῆς
1630 1073 1745 1108 ἰκμάδος
1762 1075 1835 1101 κατὰ

1031 1114 1078 1140 τὸν
1104 1114 1160 1149 βίον
1181 1114 1276 1141 τοῦτον
1302 1115 1518 1151 προσδεχομένη.
1542 1117 1574 1143 Εἰ
1595 1115 1643 1144 οὗν
1659 1118 1758 1153 νεκρὸν
1783 1120 1834 1155 μὲν

1033 1161 1113 1195 σῶμα
1131 1160 1162 1187 τὸ
1180 1161 1339 1197 τύμπανον,
1362 1162 1429 1198 ὅπερ
1455 1163 1472 1198 ὴ
1494 1164 1587 1199 Μαρία
1609 1165 1833 1201 μετεχειρίζετο-

1033 1207 1165 1243 νέκρωσις
1178 1207 1206 1234 δὲ
1224 1207 1348 1243 σώματος
1364 1209 1380 1244 ἡ
1397 1209 1531 1245 παρθενία
1543 1210 1602 1237 ἐστί
1612 1220 1619 1226 ·
1633 1211 1705 1246 τάχα
1717 1212 1749 1239 οὐ
1765 1212 1834 1239 πολὺ

1032 1254 1079 1280 τοῦ
1106 1254 1210 1287 εἰκότος
1240 1255 1270 1281 τὸ
1294 1255 1428 1291 παρθένον
1449 1253 1520 1283 εἶναι
1546 1258 1596 1293 τὴν
1619 1249 1758 1293 προφῆτιν
1778 1259 1834 1285 ἀπ-

1033 1300 1210 1335 εσχοῑνισται.
1243 1301 1323 1328 ’Λλλὰ
1347 1301 1433 1328 ταῦτα
1457 1303 1506 1337 μὲν
1531 1306 1694 1339 στοχασμοῖς
1715 1313 1770 1331 τισι
1786 1305 1834 1332 καὶ

1036 1346 1184 1379 ὑπονοίαις,
1200 1346 1250 1374 οὐκ
1270 1348 1302 1374 ὲκ
1323 1349 1442 1384 φανερᾶς
1462 1349 1627 1382 ἀποδείξεως
1644 1350 1733 1384 οὕτως
1761 1351 1835 1387 ἔχειν

1033 1392 1237 1428 ὑπενοήσαμεν,
1255 1393 1285 1420 τὸ
1304 1394 1353 1430 τὴν
1379 1395 1514 1430 προφῆτιν
1535 1397 1645 1432 Μαρίαν
1675 1397 1720 1424 τοῦ
1750 1398 1834 1434 χοροῦ

1032 1438 1086 1465 τῶν
1111 1439 1255 1474 παρθένων
1274 1441 1429 1476 ἡγήσασθαι
1441 1450 1448 1456 ·
1468 1442 1492 1468 εἰ
1522 1443 1569 1469 καὶ
1589 1443 1681 1470 πολλοὶ
1709 1444 1764 1471 τῶν
1784 1445 1835 1471 £1:-

1032 1485 1210 1520 εσκεμμ.ένων
1224 1485 1331 1522 ἄγαμον
1344 1487 1428 1522 αὐτὴν
1442 1487 1535 1523 σαφῶς
1546 1489 1731 1525 ἀπεφήναντο,
1743 1491 1775 1517 ἐκ
1784 1490 1834 1518 τοῦ

1037 1530 1162 1566 μηδαμοῦ
1178 1531 1228 1566 τῆς
1246 1533 1367 1568 ἱστορίας
1387 1533 1478 1569 γάμον
1495 1535 1542 1561 καὶ
1558 1536 1731 1563 παιδοποιίαν
1745 1538 1836 1572 αὐτῆς

1037 1575 1231 1611 μνημονεῦσαι.
1248 1574 1286 1603 Ἦ
1302 1577 1356 1613 γὰρ
1374 1578 1407 1605 ἂν
1430 1579 1480 1606 οὐκ
1500 1580 1532 1606 ἐκ
1551 1580 1598 1607 τοῦ
1614 1581 1730 1616 ἀδελφοῦ
1746 1582 1835 1618 αὐτῆς

1041 1621 1155 1657 ’Δαρὼν,
1163 1622 1221 1649 ἀλλ’
1228 1624 1259 1649 ἐκ
1268 1623 1315 1650 τοῦ
1325 1624 1430 1659 ἀνδρὸς,
1441 1624 1520 1662 εἰπερ
1527 1623 1572 1662 ἦν,
1579 1626 1738 1662 ὠνομάζετὸ
1746 1637 1776 1655 τε
1784 1629 1835 1655 καὶ

1035 1668 1210 1704 ὲγνωρίζετο·
1232 1669 1325 1706 ἐπειδὴ
1343 1671 1447 1707 κεφαλὴ
1462 1673 1604 1706 γυκαικὺς,
1616 1674 1665 1709 οὐχ
1679 1674 1694 1700 6
1705 1674 1832 1709 ἁδελφὸς,

1034 1713 1091 1741 ἀλλ’
1106 1715 1119 1741 6
1133 1714 1202 1750 ἀνὴρ
1216 1716 1444 1752 προσηγόρευται.
1459 1718 1556 1744 Καίτοι
1573 1719 1639 1755 παρ’
1653 1716 1694 1752 οἷς
1708 1721 1736 1747 ὲν
1753 1720 1833 1748 εὐλο-

1034 1761 1097 1795 γίας
1121 1761 1198 1797 μέρει
1213 1762 1244 1788 τὸ
1261 1762 1426 1789 παιδοποιεῖν
1446 1765 1628 1798 ἐσπουδάζετο
1651 1766 1699 1793 καὶ
1714 1766 1834 1802 νόμιμον

1033 1803 1077 1841 ἦν,
1093 1807 1117 1833 εἰ
1132 1807 1228 1842 φανείη
1242 1807 1332 1843 τίμιον
1345 1808 1375 1834 τὺ
1388 1809 1438 1844 τῆς
1455 1810 1604 1845 παρθενίας
1618 1811 1751 1847 χάρισμα,
1772 1812 1834 1845 πῶς

1034 1853 1108 1887 ἡμᾶς
1122 1854 1255 1888 προσήκει
1271 1855 1318 1881 καὶ
1333 1854 1397 1890 περὶ
1415 1855 1518 1891 ταύτην
1535 1856 1608 1891 ἔχειν
1626 1857 1689 1890 τοὺς
1705 1858 1743 1894 μὴ
1759 1859 1835 1885 κατὰ

1035 1899 1124 1934 σάρκα
1143 1899 1197 1926 τῶν
1222 1900 1301 1926 θείων
1327 1900 1458 1935 εὐλογιῶν
1484 1902 1680 1936 ὲξακοὺονταςς
1711 1904 1833 1932 ’Λπεκα-

1033 1943 1122 1980 Mqu
1138 1945 1193 1979 γὰρ
1209 1945 1253 1972 διὰ
1265 1945 1319 1972 τῶν
1337 1946 1417 1973 θείων
1431 1946 1529 1981 λογίων
1546 1948 1622 1979 πότε,
1638 1949 1668 1975 τὸ
1682 1951 1832 1985 κυοφορείν

1033 1999 1063 2017 τε
1086 1993 1134 2018 καὶ
1157 1991 1260 2018 τίκτειν
1286 1992 1388 2027 ἀγαθόν
1412 1993 1488 2026 ἐστι,
1510 1994 1558 2020 κιιί⁸
1583 1996 1659 2021 ποῖον
1684 1993 1755 2027 εἶδος
1781 1996 1834 2031 τῆς

1033 2038 1212 2070 πολυτεκνίας
1227 2039 1302 2074 παρὰ
1317 2040 1373 2071 τοῖς
1394 2039 1483 2074 ἁγίοις
1495 2040 1541 2067 τοῦ
1554 2040 1622 2067 Θεοῦ
1637 2041 1832 2074 ἐσπουδάζετο.

1033 2083 1068 2109 "0
1077 2092 1105 2109 τε
1122 2083 1176 2119 γὰρ
1190 2085 1335 2120 προφήτης
1349 2085 1475 2118 Ἡσαΐας,
1489 2087 1536 2113 καὶ
1550 2087 1565 2113 6
1578 2086 1649 2119 θεῖος
1668 2087 1833 2120 ’Δπόστολος

1033 2130 1155 2166 ἐναργῶς
1170 2130 1256 2158 ταῦτα
1270 2132 1317 2158 καὶ
1329 2131 1418 2167 σοφῶς
1436 2132 1604 2169 διεσήμαναν
1613 2141 1621 2148 ⁸
1634 2134 1649 2160 ὀ
1665 2134 1716 2169 μὲν
1730 2134 1832 2169 λέγων·

1035 2187 1044 2202 ι
1066 2177 1132 2203 ’Λπὸ
1144 2177 1191 2204 τοῦ
1208 2177 1290 2213 φόϐου
1306 2187 1364 2210 σου,
1378 2179 1474 2215 Κύριε,
1489 2180 1517 2207 ἐν
1530 2181 1629 2216 γαστρὶ
1644 2180 1781 2217 ἐλάϐομεν
1794 2189 1801 2197 ·
1819 2191 1829 2207 ι

1001 2225 1020 2252 ιι
1035 2223 1048 2249 ό
1073 2223 1102 2250 δὲ
1127 2223 1303 2260 καυχώμενος
1328 2225 1374 2252 ἐπὶ
1399 2226 1439 2261 τῷ
1465 2226 1575 2253 πάντων
1594 2227 1723 2262 γενέσθαι
1747 2227 1832 2254 πολυ-

1035 2268 1198 2303 γονώτατος,
1215 2270 1253 2302 ὡς
1269 2270 1360 2302 πόλεις
1374 2271 1438 2304 ὅλας
1451 2273 1497 2299 καὶ
1516 2272 1580 2308 ἔθνη
1596 2273 1769 2309 κυοφορῆσαι
1780 2282 1787 2288 ·
1801 2274 1831 2300 οὐ

1037 2314 1116 2349 μόνον
1135 2316 1295 2350 Κορινθίους
1314 2317 1360 2343 καὶ
1379 2317 1502 2350 Γαλάτας
1517 2318 1562 2344 διὰ
1577 2318 1631 2345 τῶν
1643 2319 1755 2346 οἰκείων
1768 2319 1834 2346 ιτ)δί-

1035 2368 1088 2386 νων
1104 2362 1144 2392 εἰς
1157 2361 1214 2396 φῶς
1229 2363 1350 2397 ἀγαγὼν,
1365 2364 1411 2390 καὶ
1429 2365 1458 2390 ἐν
1475 2365 1571 2400 Κυρίῳ
1588 2365 1749 2401 μορφώσας,
1764 2365 1832 2392 ἀλλὰ

1035 2408 1081 2433 καὶ
1095 2407 1150 2434 ἀπὸ
1169 2408 1346 2444 Ἰερουσαλὴμ
1357 2410 1459 2445 κύκλῳ,
1469 2412 1515 2437 καὶ
1525 2412 1604 2448 μέχρι
1614 2411 1662 2438 τοῦ
1680 2412 1831 2447 Ἰλλυρικοῦ

1035 2453 1256 2490 καταπληρώσας
1278 2455 1332 2482 τῶν
1359 2456 1433 2482 ἰδίων
1456 2457 1559 2484 τέκνων
1579 2459 1628 2492 τὴν
1653 2459 1830 2495 οἰκουμένην,

1033 2499 1106 2534 ἃπερ
1116 2500 1145 2526 ἐν
1161 2500 1271 2536 Χριστῷ
1281 2501 1324 2528 διὰ
1337 2502 1384 2528 τοῦ
1398 2503 1564 2538 Εὐαγγελίου
1581 2504 1719 2539 ἐγέννησε.
1737 2505 1831 2540 Τούτῳ

1035 2546 1216 2582 μακαρίζεται
1230 2548 1276 2574 καὶ
1290 2549 1319 2574 ὲν
1334 2548 1372 2584 τῷ
1389 2549 1549 2585 Εὑαγγελίῳ
1563 2550 1580 2585 ή
1597 2550 1646 2585 τῆς
1660 2551 1743 2584 ἁγίας
1757 2551 1830 2586 Παρ-

1034 2590 1109 2618 θένου
1126 2591 1225 2625 κοιλία,
1238 2594 1255 2628 ἡ
1268 2593 1306 2628 τῷ
1324 2594 1451 2630 ἁχράντῳ
1465 2595 1538 2631 τόκῳ
1560 2596 1760 2632 ὑπηρετήσασα
1770 2606 1778 2613 -
1793 2597 1830 2628 ὡς

1034 2635 1095 2662 οὔτε
1119 2636 1166 2663 τοῦ
1188 2638 1269 2665 τόκου
1296 2639 1345 2674 τὴν
1366 2640 1514 2676 παρθενίαν
1534 2641 1674 2674 λύσαντος,
1698 2643 1762 2670 οὔτε
1781 2643 1829 2678 τῆς

1035 2682 1182 2717 παρθενίας
1199 2686 1232 2720 τῇ
1250 2686 1360 2723 τοιαύτῃ
1374 2687 1508 2723 κυοφορία
1523 2689 1650 2724 ἐμποδὼν
1668 2691 1826 2726 γενομένης.

1035 2729 1123 2756 Ὅπου
1156 2731 1211 2767 γὰρ
1248 2734 1354 2769 πνεῦμα
1394 2735 1530 2772 σωτηρίας
1557 2738 1706 2771 γεννᾶται,
1740 2736 1828 2771 καθὼς

1280 2813 1291 2827 ³
1314 2811 1364 2840 lsa.
1387 2821 1463 2847 xxvu,
1483 2813 1526 2841 18.
1584 2816 1606 2831 ¹⁸
1626 2815 1706 2843 “om.
1726 2825 1770 2850 nr,
1787 2817 1828 2845 19.
