1912 3080
65 81 110 112 ,69⁷
721 79 764 106 DE
782 79 1015 111 VlRGINlTATE.

1638 84 1691 113 393

70 137 173 168 Ἡσαΐας
189 134 285 171 φησὶν,
300 134 424 171 ἄχρηστα
441 133 549 166 πάντως
573 134 621 169 τῆς
642 135 742 170 σαρκὸς
765 135 843 172 θελή-

901 143 988 172 oartus
1005 138 1188 174 virginitatem
1201 139 1344 173 dissolvit.
1362 149 1450 177 neque
1465 141 1612 177 vlrginitas
1626 141 1690 168 huic

67 193 139 220 ματα.
157 183 234 209 Ἔστι
244 181 273 208 δέ
285 190 328 213 τις
345 181 392 208 καὶ
405 181 482 216 παρὰ
496 181 534 216 τῷ
557 181 712 216 ’Λποστόλῳ
727 182 848 214 τοιοῦτος

66 231 144 264 λόγος,
156 229 192 261 ὡς
204 228 259 265 ἄρα
273 228 383 260 διπλοῦς
394 227 474 264 ἡμῶν
485 228 559 254 ἐστιν
573 228 587 253 ὀ
600 226 661 253 καθ’
674 226 788 254 ἕκαστον
801 226 848 254 ἄν-

67 277 162 312 θρωπος
173 283 179 290 ·
194 275 208 302 6
222 274 272 310 μὲν
286 273 424 310 ὁρώμενος
437 273 545 307 ἔξωθεν,
563 269 585 307 ᾧ
597 273 627 299 τὸ
643 272 848 308 διαφθείρεσθαι

68 321 127 348 κατὰ
144 320 221 355 φύσιν
242 319 316 346 ἐστίν
329 326 336 334 ·
359 319 374 346 6
397 318 426 345 δὲ
443 318 515 345 κατὰ
535 318 565 344 τὺ
591 318 779 353 κρυπτόμενον
799 318 848 353 τῆς

67 366 166 402 καρδίας
179 365 335 400 νοούμενος,
354 364 383 396 ὃς
397 363 551 399 ἐπιδέχεται
573 364 602 390 τὸ
621 363 844 392 ἀνακαινοῦσθαι.

68 413 93 439 Εἰ
109 409 150 438 οὖν
161 411 263 447 ἀληθὴς
274 412 289 437 6
309 410 386 445 λόγος
401 409 530 445 (πάντως
557 409 586 436 δέ
600 410 673 436 ἐστιν
687 409 789 446 ἀληθὴς
802 410 846 437 διὰ

67 458 107 494 τὴν
121 459 148 484 ὲν
161 456 236 492 αὐτῷ
247 456 381 484 λαλοῦσαν
392 455 521 491 ἀλήθειαν
532 454 553 490 ),
567 455 643 482 οὐδὲν
658 455 783 487 ἀπεικὸς,
799 455 846 482 καὶ

67 504 144 539 γάμον
157 501 266 529 διπλοῦν
278 502 390 534 ἐννοεῖν,
406 501 529 537 ἐκατέρῳ
543 500 598 528 τῶν
615 502 644 527 ἐν
659 502 724 536 ἡμῖν
740 501 845 536 ἀνθρώ-

67 559 116 577 πων
129 549 281 585 προσφοράν
292 557 321 576 τε
336 548 383 576 καὶ
398 547 574 583 κατάλληλον·
588 547 634 575 καὶ
644 548 713 583 τάχα
723 549 737 575 ὁ
748 548 847 583 τολμή-

68 605 109 628 σας
122 595 205 622 εἰπεῖν
218 594 269 631 τὴν
285 595 444 631 σωματικὴν
459 593 608 630 παρθενίαν
621 593 667 620 τοῦ
683 593 788 620 ἔνδοθεν
800 594 848 621 καὶ

67 641 238 677 πνευματικοῦ
253 640 342 675 γάμου
360 639 490 675 συνεργόν
504 647 534 665 τε
556 639 603 665 καὶ
622 639 752 674 πρόξενον
769 639 847 673 γενέ-

68 688 129 716 σθαι.
143 687 172 713 οὺ
187 687 283 722 πόρρω
296 686 342 713 τοῦ
357 685 460 717 εἰκότος
474 684 668 720 ἀποτολμήσει.

900 185 989 219 partui
1013 185 1208 220 impedimento
1229 185 1291 213 fuit.
1307 185 1375 214 Cum
1396 187 1468 215 enim
1485 188 1600 223 spiritus
1615 188 1690 214 salu-

900 230 935 257 tis
967 230 1108 263 nascitur,
1138 234 1167 256 ut
1192 230 1280 266 inquit
1304 231 1390 260 lsaias
1406 252 1413 264 ,
1440 225 1551 261 inutiles
1576 233 1690 261 omnino

899 279 963 302 sunt
989 275 1082 302 carnis
1120 275 1285 303 voluntates.
1314 276 1403 311 Atque
1421 277 1449 305 in
1478 278 1550 306 lianc
1579 283 1690 306 sentcn-

899 320 965 347 tiam
992 323 1033 347 est
1061 320 1159 354 aliquis
1194 320 1265 355 apud
1300 320 1460 356 Apostolum
1497 330 1599 350 sermo.
1631 323 1689 350 No-

899 372 985 395 strum
1004 367 1119 402 quisque
1143 367 1244 402 duplex
1270 367 1351 395 homo
1375 368 1463 400 est”,
1482 377 1554 397 unus
1578 370 1688 405 quidem

900 411 946 445 qui
972 412 1144 439 extrinsecus
1166 411 1307 444 deﬁnitur,
1323 413 1367 440 eui
1387 421 1402 440 a
1422 417 1520 441 natura
1537 415 1687 442 estdatqu

900 459 930 482 ut
962 461 1174 492 corrumpatur;
1192 458 1260 485 alter
1274 466 1340 485 vero
1352 458 1397 494 qui
1415 466 1449 487 ex
1475 460 1583 487 occulto
1597 461 1688 488 cordis

899 502 1082 538 intelligitur,
1110 505 1157 539 qui
1200 505 1403 532 renovationem
1434 505 1516 540 capit.
1542 505 1570 532 Si
1606 506 1689 542 igitur

899 556 979 587 verus
994 550 1143 584 sermo(is
1166 554 1257 577 autem
1285 558 1366 578 verus
1379 555 1425 579 est
1450 556 1562 587 propter
1587 552 1688 579 verita-

900 585 1029 626 tem'qna:
1053 591 1080 619 in
1109 601 1141 620 eo
1164 593 1306 630 loquitur),
1325 595 1436 623 minime
1451 585 1610 623 rabsurdum
1634 600 1686 627 est,

900 636 998 672 duplex
1026 637 1052 664 in
1068 643 1196 673 utroque,
1221 639 1268 674 qui
1296 640 1324 667 in
1343 640 1420 667 nobis
1436 645 1495 676 est_,
1509 641 1620 669 homine
1636 648 1686 676 pu-

899 688 957 711 tare
985 683 1190 710 matrimonium
1218 688 1341 711 unituum
1365 689 1392 712 et
1413 674 1579 712 conveniens
1603 674 1686 713 esse:

68 734 225 769 fortasseque
247 733 293 768 qui
310 733 403 760 dicere
427 732 560 766 audebit,
598 732 722 767 corporis
750 731 932 765 virginitatem
967 730 1098 765 spiritalis
1135 736 1217 766 atque
1240 731 1377 759 interioris
1405 731 1571 759 matrimonii
1608 730 1688 766 adju-

67 781 148 808 lricem
163 785 246 816 atque
261 779 394 816 hospitem
413 787 490 811 esse,
514 779 537 806 is
553 787 568 806 a
584 785 658 806 recto
674 787 728 806 non
748 778 896 806 aberrauit.

354 839 480 867 ΚΕΦΑΛ.
499 840 542 867 K'.

67 898 121 925 "Uti
137 898 288 926 ἀδύνατον
303 896 378 931 ὁμοῦ
400 895 465 927 ταῖς
484 894 666 929 σωματικαῖς
686 894 850 931 ὑπηρετεῖν

95 933 228 968 ἡδοναῖς.
244 933 294 960 καὶ
313 930 371 959 τὴν
390 933 465 958 κατὰ
481 932 555 958 Θεὸν
569 930 765 965 εὐφροσύνην
779 938 848 963 καρ-

96 969 220 995 ποῦσθαι

100 1015 139 1046 Ὠς
160 1014 214 1050 γὰρ
239 1014 290 1041 οὐκ
311 1013 368 1040 ἔστι
392 1012 463 1040 κατὰ
482 1011 580 1039 ταύτὸν
597 1010 645 1038 δύο
666 1011 722 1037 τισὶ
741 1010 849 1046 τέχναις

67 1061 199 1096 ὑπηρετεῖν
211 1059 257 1086 διὰ
269 1059 319 1095 τῆς
335 1058 389 1086 τῶν
406 1057 507 1094 χειρῶν
519 1056 673 1093 ἐνεργείας·
689 1053 745 1082 οἷον
761 1064 849 1090 γεωρ-

66 1106 154 1140 γοῦντα
171 1105 218 1132 καὶ
238 1104 457 1140 ναυτιλλόμενον,
474 1103 491 1139 ἢ
507 1102 674 1139 χαλκεύοντα
693 1110 723 1128 τε
743 1101 790 1128 καὶ
805 1109 848 1126 τε-

66 1152 237 1180 ιταινεύοντα·
255 1151 312 1178 ἀλλ’
327 1151 351 1177 εί
363 1150 454 1186 μέλλει
467 1150 531 1185 μιᾶς
541 1148 626 1184 ὑγιῶς
642 1146 847 1183 ἀντιλήψεσθαι.

66 1201 109 1236 τῆς
129 1198 222 1234 ἐτέρας
246 1197 380 1233 ἀφεκτέον
407 1197 517 1232 αὑτῷ-μ
530 1195 615 1228 οὕτως
640 1196 705 1231 ἡμῖν
732 1194 779 1221 καὶ
803 1193 849 1220 δύο

66 1244 243 1281 προκειμένων
260 1243 371 1278 γάμων,
393 1241 440 1269 τοῦ
459 1242 510 1278 μὲν
527 1241 572 1268 διὰ
589 1240 691 1276 σαρκὸς
710 1239 849 1266 ὲτιιτελου-

68 1291 148 1326 μένου,
162 1289 208 1316 τοῦ
225 1289 254 1316 δὲ
269 1289 314 1316 διὰ.
330 1287 495 1323 πνεύματος,
510 1287 527 1323 ή
544 1286 609 1323 περὶ
622 1286 668 1312 τὸν
685 1285 733 1312 ἕνα
747 1283 849 1319 σπουδὴ

65 1335 104 1362 τὸν
114 1334 157 1362 τοῦ
169 1335 266 1370 ἐτέρου
283 1333 421 1369 χωρισμὸν
437 1333 586 1367 ἀναγκαῖον
605 1332 687 1358 ποιεῖ.
709 1330 779 1357 Οὔτε
794 1330 849 1365 γὰρ

65 1378 104 1405 δύο
118 1378 185 1405 κατὰ
199 1378 300 1405 ταύτὸν
318 1377 459 1412 ὀφθαλμὸς
481 1377 545 1404 ἰδεῖν
561 1376 654 1408 ἱκανός
670 1377 754 1407 ἐστιν,
770 1376 793 1402 εἰ
812 1375 849 1411 μὴ

66 1423 109 1450 ἀνὰ
128 1424 208 1460 μέρος
229 1423 278 1451 καὶ
303 1423 355 1458 ἰδίᾳ
375 1422 498 1459 ἑκατέρῳ
515 1422 560 1449 τὸν
583 1421 721 1457 ὀφθαλμὸν
742 1421 850 1457 ἐπερεί-

67 1477 142 1495 σειεν-
164 1468 226 1496 οὔτε
241 1469 260 1504 ἡ
275 1468 387 1503 γλῶσσα
399 1468 538 1504 διαφόροις
553 1468 720 1504 ὑπηρετήσει
735 1468 848 1502 φωναῖς,

1198 835 1314 863 CAPUT
1343 836 1403 864 XX.

901 891 974 919 Fieri
1001 901 1053 920 non
1080 897 1180 928 potest.
1197 899 1226 920 ul
1254 895 1371 927 corporis
1401 894 1579 929 uoluptatibus
1609 894 1689 922 simul

933 929 991 963 qui:
1008 929 1116 960 seruiat,
1135 934 1160 956 et
1182 931 1391 963 temperantiam,
1406 938 1464 965 qua:
1480 929 1533 957 Deo
1550 935 1626 965 grata
1641 931 1687 962 sit.

935 969 1102 998 assequatur.

933 1007 1168 1041 Quemadmodum
1182 1016 1236 1035 non
1254 1017 1401 1044 possumus
1418 1018 1549 1038 manuum
1575 1018 1688 1038 munere

900 1054 1060 1088 actioneqne
1079 1054 1149 1081 duas
1178 1054 1259 1081 simul
1290 1058 1362 1082 artes
1379 1063 1508 1083 exercere
1525 1075 1533 1087 ,
1558 1056 1640 1083 veluti
1661 1060 1688 1083 et

899 1099 1072 1135 agricultura:
1097 1103 1125 1127 et
1160 1100 1324 1135 navigationi
1355 1100 1435 1128 simul
1464 1109 1575 1136 operam
1609 1102 1686 1132 dare.

900 1145 1097 1181 ferrariamque
1133 1146 1215 1173 simul
1246 1151 1273 1173 et
1299 1146 1441 1181 liguariam
1463 1146 1571 1180 facere,
1599 1147 1645 1175 sed
1661 1148 1689 1175 s'r

899 1192 961 1226 quis
982 1192 1030 1219 uni
1055 1197 1128 1220 recte
1145 1200 1206 1220 sese
1229 1192 1344 1220 daturus
1372 1196 1424 1225 est,
1442 1193 1555 1220 alteram
1580 1194 1687 1222 deserat

899 1246 1011 1266 necesse
1034 1242 1076 1266 est
1093 1247 1100 1265 :
1119 1238 1156 1265 ita
1183 1246 1245 1266 cum
1270 1239 1340 1265 bime
1366 1238 1445 1266 nobis
1472 1239 1619 1274 proposita:
1634 1240 1689 1268 sint

899 1285 1011 1320 nuptiae,
1038 1292 1155 1320 quantm
1184 1292 1244 1312 una:
1270 1285 1363 1312 carnis
1386 1292 1469 1320 opere
1494 1285 1687 1315 conficiuntur.

899 1331 991 1358 alterae
1017 1338 1081 1359 vero
1107 1332 1133 1358 in
1149 1331 1247 1367 spiritu
1268 1333 1436 1361 consistunt.
1462 1331 1597 1363 studium,
1616 1333 1688 1366 quod

900 1377 926 1404 iu
953 1377 1015 1404 unis
1035 1378 1154 1412 ponitur,
1172 1377 1207 1404 ab
1234 1377 1326 1405 alteris
1356 1385 1408 1405 nos
1433 1377 1592 1405 necessario
1610 1385 1689 1413 sepa-

900 1427 952 1450 rat.
979 1423 1072 1458 Neque
1087 1423 1167 1451 enim.
1186 1423 1282 1451 oculus
1303 1424 1370 1451 satis
1389 1427 1432 1451 est
1447 1444 1454 1455 .
1477 1424 1523 1458 qui
1551 1431 1596 1451 res
1621 1424 1690 1452 duas

901 1470 982 1497 simul
1006 1470 1105 1501 videat.
1122 1470 1175 1497 nisi
1200 1471 1347 1506 separatim
1364 1477 1396 1497 ac
1420 1477 1468 1504 per
1489 1477 1519 1497 se
1551 1470 1578 1497 in
1596 1477 1688 1498 earum

71 1515 191 1553 Ἐϐραίων
205 1523 235 1542 τε
248 1516 359 1551 ματα
372 1515 420 1542 καὶ
442 1514 575 1550 Ἐλλήνων
586 1515 616 1541 ὲν
628 1513 667 1549 τῷ
681 1512 754 1548 αὑτῷ
767 1513 846 1547 φθεγ-

901 1522 991 1543 rerum
1018 1516 1141 1548 alteram,
1158 1524 1218 1550 qum
1242 1516 1317 1543 cerni
1347 1520 1481 1551 possunt,
1502 1524 1531 1544 se
1543 1517 1688 1552 conjiciat:

65 1559 155 1595 γομένη
166 1567 172 1574 ·
195 1559 260 1586 οὔτε
276 1561 293 1595 ὴ
315 1559 383 1595 ἀκοὴ
395 1558 548 1595 διηγήσεως
565 1567 596 1585 τε
614 1558 785 1594 πραγμάτων
803 1558 849 1585 καὶ

65 1605 212 1632 δῶακτικῶν
233 1605 321 1640 λόγων
344 1605 414 1632 κατὰ
431 1605 528 1632 ταύτὸν
542 1604 718 1640 ἀκροάσεται.
743 1605 775 1631 Ἦ
796 1603 850 1639 γὰρ

66 1650 169 1686 διαφορὰ
195 1651 246 1686 τῆς
266 1650 377 1686 φωνῆς,
403 1651 426 1677 εἰ
454 1650 503 1686 μὲν
528 1650 579 1677 ἀνὰ
605 1649 687 1686 μέρος
713 1649 849 1682 ἀκούοιτο,

67 1697 249 1733 ἐνσημαίνεται
274 1698 331 1728 τοῖς
352 1697 540 1733 ἀκροωμένοις
561 1697 612 1732 τὴν
635 1697 749 1723 ἔννοιαν·
775 1696 799 1722 εί
821 1695 850 1722 δὲ

67 1743 128 1770 κατὰ
147 1743 244 1770 ταύτὸν
270 1742 398 1778 μιχθεῖσα
418 1742 562 1777 περιηχοίη
583 1742 634 1777 τὴν
656 1741 758 1776 ἀκοὴν,
786 1740 851 1775 σύγ·

66 1788 134 1823 χυσὶς
149 1797 189 1820 τις
208 1788 368 1824 ἀδιάκριτος
384 1787 434 1823 τὴν
455 1787 573 1814 διάνοιαν
593 1786 718 1822 λήψεται,
735 1785 790 1812 τῶν
806 1795 851 1821 ση-

68 1833 226 1869 μαινομένων
241 1835 270 1861 ὲν
285 1833 410 1869 ἀλλήλοις
425 1833 626 1868 συγχεομένων.
647 1832 726 1859 Κατὰ
739 1832 785 1859 τὸν
801 1832 850 1858 αὑ-

65 1878 105 1906 τὸν
117 1880 192 1914 λόγον
207 1880 254 1907 καὶ
270 1880 301 1906 τὺ
316 1878 514 1914 ἐπιθυμητικὸν
536 1878 613 1914 ἡμῶν
630 1878 711 1913 φύσιν
726 1878 776 1905 οὐκ
793 1877 850 1912 ἔχει

65 1925 124 1960 6μοῦ
138 1927 195 1957 ταῖς
212 1926 385 1960 σωματικαῖς
400 1924 577 1960 ἐξυπηρετεῖν
596 1924 705 1959 ἡδοναῖς
715 1943 721 1955 ,
736 1923 784 1950 καὶ
803 1923 849 1949 τὸν

66 1972 239 2009 πνευματικὸν
272 1972 393 2007 μετιέναι
421 1971 520 2006 γάμον.
549 1969 616 1997 Οὐδὲ
644 1970 697 2006 γὰρ
724 1969 770 1997 διὰ
795 1969 849 1996 τῶν

65 2018 155 2053 ὁμοίων
175 2018 401 2053 ἐπιτηδευμάτων
423 2016 534 2044 δυνατόν
549 2017 622 2043 ἐστιν
644 2016 775 2051 ἐκατέρου
794 2015 849 2042 τῶν

66 2065 164 2091 σκοπῶν
185 2064 319 2091 λαϐέσθαι
330 2073 336 2079 ·
351 2063 399 2090 τοῦ
423 2064 470 2099 μὲν
489 2063 544 2099 γὰρ
560 2062 718 2098 ἐγκράτεια,
733 2062 780 2088 κα)⁵
797 2061 850 2088 σὼ-

66 2119 141 2144 ματος
157 2111 305 2146 νέκρωσις.
326 2110 372 2136 καὶ
390 2109 444 2136 τῶν
456 2110 527 2136 κατὰ
543 2109 632 2143 σάρκα.
646 2108 755 2135 πάντων
769 2109 849 2144 ὑπερ-

64 2155 120 2190 οψία
134 2157 258 2191 πρόξενοι
274 2156 405 2190 γίνονται·
422 2154 471 2189 τῆς
482 2154 510 2180 δὲ
526 2154 686 2189 σωματικῆς
701 2153 848 2187 συναφείας

902 1569 989 1597 neque
1015 1562 1108 1597 lingua
1123 1562 1292 1590 diversarum
1311 1570 1406 1589 vocum
1433 1562 1510 1590 sonis
1526 1562 1608 1590 simul
1631 1570 1690 1591 ser-

901 1608 966 1639 viet,
992 1612 1022 1634 ut
1050 1607 1176 1635 llebraeas
1199 1612 1226 1635 et
1252 1607 1362 1635 Grmcas
1389 1616 1469 1636 voces
1493 1608 1588 1636 eodem
1619 1612 1690 1635 tem-

901 1661 967 1688 pore
999 1653 1081 1680 simul
1103 1653 1260 1688 exprimat:
1288 1662 1338 1681 nec
1366 1654 1472 1681 aurium
1497 1654 1562 1682 item
1589 1662 1689 1683 sensus

900 1703 928 1726 et
956 1706 1047 1726 rerum
1073 1699 1293 1734 explicationem,
1330 1706 1357 1727 et
1384 1699 1547 1733 verborum,
1578 1708 1639 1736 qua?
1657 1701 1689 1727 ad

900 1744 1052 1772 docendum
1082 1745 1206 1780 apposita
1243 1746 1494 1779 sunt,orationem
1524 1753 1579 1773 una
1601 1746 1689 1780 perri-

902 1791 967 1826 piet.
994 1790 1142 1818 Dissimilis
1166 1791 1238 1818 enim
1259 1799 1350 1819 sermo
1376 1795 1428 1824 est,
1454 1791 1499 1826 qui
1529 1791 1551 1819 si
1577 1799 1690 1826 separa-

901 1836 949 1862 tim
979 1836 1113 1868 auditur,
1144 1836 1306 1863 sententiam
1329 1836 1452 1865 .auditori
1485 1837 1640 1872 imprimit:
1667 1837 1690 1864 si

900 1889 966 1909 vero
995 1881 1109 1909 confuse
1133 1882 1318 1916 exprimitur,
1354 1882 1461 1910 aurium
1490 1889 1600 1909 sensum
1630 1889 1690 1917 pcr-

902 1927 1003 1958 turbat,
1020 1933 1102 1962 atque
1119 1927 1164 1961 iis,
1188 1936 1249 1962 qua:
1268 1927 1474 1963 significantur,
1495 1927 1610 1956 confuse
1625 1935 1690 1963 pro-

901 1973 987 2004 latis,
1015 1973 1138 2008 quacdam
1171 1981 1226 2000 non
1254 1973 1384 2001 distincta
1414 1973 1542 2001 confusio
1572 1979 1689 2001 mentem

901 2019 1058 2054 occupabit.
1086 2018 1148 2045 Pari
1167 2019 1273 2046 ratione
1301 2019 1432 2054 appetitio
1449 2023 1543 2046 nostra
1561 2023 1689 2046 naturam

900 2071 955 2091 non
973 2064 1065 2095 habet,
1093 2067 1123 2090 ut
1143 2063 1284 2098 corporeis
1309 2064 1389 2091 simul
1414 2063 1600 2097 voluptatibus
1631 2071 1690 2091 ser-

900 2109 955 2136 viat
980 2112 1007 2136 et
1030 2108 1188 2144 spirituales
1212 2110 1321 2143 nuptias
1349 2108 1461 2136 ambiat.
1493 2108 1587 2143 Neque
1616 2108 1689 2143 enim

901 2155 1037 2183 similibus
1064 2153 1163 2182 studiis
1189 2154 1333 2189 utriusque
1355 2155 1394 2182 rei
1423 2154 1594 2189 propositum
1614 2161 1691 2182 asse-

64 2202 143 2229 πάντα
155 2202 189 2229 τὰ
201 2202 325 2229 ἐναντία.
341 2200 445 2228 Οὐκοῦν
461 2199 555 2235 ὥσπερ
565 2199 611 2226 δύο
623 2199 725 2235 κυρίων
737 2200 765 2225 ὲν
777 2198 848 2234 αἰρέ-

901 2201 948 2236 qui
974 2201 1058 2228 licet:
1077 2199 1159 2227 unius
1184 2201 1256 2227 enim
1282 2199 1389 2227 ratione
1414 2203 1442 2227 et
1468 2200 1647 2233 continentia,
1662 2204 1690 2227 et.

66 2256 100 2274 σει
114 2248 315 2284 προκειμένων,
331 2246 425 2282 ἐπειδὴ
439 2245 512 2272 κατὰ
526 2245 624 2272 ταύτὸν
640 2245 690 2271 οὐκ
705 2245 778 2271 ἔστιν
795 2244 848 2279 ἀμ-

65 2293 175 2330 φοτέρων
188 2293 319 2328 γενέσθαι
337 2293 457 2328 ὑπήκοον
476 2292 583 2327 (οὐδεὶς
597 2291 652 2327 γὰρ
663 2291 774 2317 δύναται
788 2291 848 2316 δυσὶ

65 2340 160 2374 κυρίοις
183 2339 361 2372 δουλεύειν),
379 2339 424 2365 τὸν
439 2337 647 2372 ὠφελιμώτερον
667 2338 681 2363 6
696 2335 725 2363 εὖ
743 2335 849 2372 φρονῶν

65 2385 216 2419 ὲπιλέξεται·
233 2385 322 2417 οὕτως
334 2385 401 2421 ἡμῖν
416 2384 464 2411 καὶ
477 2384 524 2410 δύο
540 2383 728 2420 προκειμένων
740 2383 848 2418 γάμων,

64 2431 147 2467 ἐπειδὴ
158 2433 208 2459 οὐκ
226 2433 301 2458 ἐστιν
317 2433 346 2458 ὲν
360 2431 526 2466 ἀμφοτέροις
539 2428 608 2457 εἶναι
626 2430 655 2465 (6
669 2430 723 2466 γὰρ
742 2430 850 2465 ἄγαμος

66 2478 175 2513 μεριμνᾷ
192 2478 228 2505 τὰ
242 2477 292 2504 τοῦ
313 2476 430 2513 Κυρίου,
446 2478 460 2503 6
482 2476 510 2503 δὲ
527 2478 653 2512 γαμήσας
675 2476 794 2511 μεριμνᾷ
815 2476 849 2501 τὰ

63 2522 103 2548 τοῦ
116 2523 254 2559 κόσμου),
273 2522 485 2559 σωφρονούντων
500 2522 532 2549 ἄν
549 2530 619 2556 φημι
641 2521 677 2557 μὴ
692 2521 849 2556 διαμαρτεῖν

63 2567 107 2602 τῆς
119 2568 234 2604 ἐκλογῆς
248 2568 298 2595 τοῦ
323 2568 522 2604 συμφέροντος·
548 2567 617 2594 ἀλλὰ
644 2568 713 2603 μήτε
733 2567 781 2602 τὴν
803 2567 850 2593 ἐπὶ

64 2614 148 2641 τοῦτον
158 2616 282 2649 ἄγουσαν
296 2614 355 2642 ὁδὸν
369 2614 512 2649 ἀγνοῆσαι,
528 2613 560 2648 ἢν
577 2613 628 2640 οὐκ
642 2613 714 2639 ἔστιν
731 2613 818 2642 ἄλλως
831 2613 847 2648 ἢ

63 2658 101 2688 διά
112 2669 179 2693 τινος
192 2659 341 2694 ἀναλογίας
355 2660 459 2695 μαθεῖν.
482 2660 524 2691 Ὡς
536 2659 590 2695 γὰρ
606 2660 635 2685 ἐν
646 2658 684 2694 τῷ
702 2658 849 2694 σωματικῷ

63 2705 135 2741 γάμῳ
155 2707 169 2732 6
192 2708 230 2743 μὴ
253 2705 422 2741 ἀποϐλητέος
448 2704 575 2740 γενέσθαι
607 2705 775 2738 σπουδάζων,
803 2704 849 2730 καὶ

95 2794 114 2809 ¹¹
133 2793 153 2821 11
162 2794 225 2822 Cor.
244 2802 283 2828 ιν,
298 2795 341 2822 16.

901 2247 1024 2281 corporis
1052 2245 1197 2274 affectuum
1228 2245 1364 2277 interitus,
1393 2249 1420 2272 et
1440 2253 1534 2273 eorum
1554 2246 1688 2277 omnium.

901 2300 961 2328 qum
975 2300 990 2320 e
1005 2300 1090 2320 carne
1112 2292 1248 2320 exsistunt
1262 2311 1269 2323 ,
1288 2291 1468 2326 despicientia
1501 2291 1586 2326 nobis.
1598 2293 1691 2319 cont-i-

901 2339 1055 2365 liantur:e
1086 2345 1217 2373 corporea
1247 2341 1337 2364 autem
1363 2338 1483 2365 coitione
1520 2338 1613 2365 omnia
1648 2338 1691 2366 his

901 2384 1038 2411 contraria
1064 2387 1206 2418 apparent.
1235 2382 1324 2411 Veluti
1342 2384 1424 2418 igitur
1445 2391 1507 2411 cum
1525 2384 1558 2411 de
1584 2383 1691 2411 duobus

901 2429 1024 2457 dominis
1051 2430 1084 2457 ad
1111 2430 1317 2457 deliberandum
1345 2430 1514 2464 propositum
1549 2435 1602 2459 est.
1623 2437 1692 2465 quo-

901 2475 973 2501 niam
992 2474 1050 2502 ﬁcri
1073 2482 1127 2501 non
1158 2478 1258 2509 potest,
1284 2478 1313 2501 ut
1339 2475 1484 2510 utriusque
1502 2475 1615 2509 imperio
1628 2475 1691 2509 quis

902 2521 984 2547 simul
1012 2526 1106 2556 pareat
1120 2529 1127 2547 :
1142 2529 1222 2548 nemo
1236 2521 1309 2549 enim
1336 2525 1424 2556 potest
1439 2522 1546 2549 duobus
1572 2521 1691 2549 dominis

901 2567 1004 2594 servire
1020 2577 1026 2594 :
1045 2567 1078 2598 is,
1103 2566 1148 2602 qui
1176 2572 1249 2594 recte
1264 2567 1346 2602 sapit,
1372 2568 1509 2595 utiliorem
1526 2575 1559 2594 ex
1581 2567 1624 2594 his
1642 2567 1691 2594 do—

901 2613 1004 2639 minmn
1033 2613 1151 2647 deliget:
1180 2613 1216 2640 ita
1232 2613 1254 2640 si
1282 2613 1352 2640 bime
1377 2613 1522 2648 proposita:
1546 2617 1610 2639 sunt
1636 2621 1687 2640 nu-

903 2658 975 2692 ptim,
991 2659 1055 2693 quia
1074 2659 1102 2685 in
1118 2659 1242 2693 utrisque
1254 2666 1315 2686 esse
1329 2666 1382 2686 non
1399 2659 1461 2685 licet
1474 2667 1480 2685 :
1495 2658 1592 2685 caelebs
1605 2658 1689 2687 enitr,

903 2712 963 2739 qua:
981 2704 1073 2732 divina
1098 2707 1172 2737 sunt,
1195 2707 1284 2737 curat,
1301 2703 1347 2738 qui
1365 2710 1430 2730 vero
1450 2702 1552 2737 nuptiis
1578 2702 1691 2738 junctus
