1912 3080
209 106 262 135 599
820 98 849 128 S.
872 96 1037 125 ειιιῖαοιιιι

1056 95 1203 123 NYSSENI
1789 95 1842 123 400

211 171 269 198 est,
294 166 320 192 in
339 164 422 192 rebus
449 160 596 190 mundanis
627 159 748 187 studium
775 158 873 194 ponit:
900 161 998 191 tempe-

1054 155 1104 191 τῆς
1116 154 1163 182 τοῦ
1181 153 1306 190 σώματος
1320 153 1435 186 εὐεξίας,
1449 153 1496 180 καὶ
1510 152 1558 179 τοῦ
1571 151 1722 188 πρέποντος
1736 152 1843 179 καλλω-

210 211 330 244 ιειιιιῑυιιι
367 209 509 238 hominum
527 211 581 239 est,
598 213 652 234 non
673 205 802 232 aberrare
827 204 854 231 in
876 210 909 231 co
935 201 1002 228 deli-

212 257 300 292 gendo
313 277 321 289 ,
341 255 412 291 quod
440 254 507 282 utile
522 256 564 281 est
575 272 583 285 ,
601 259 690 286 neque
707 250 780 278 viam
796 250 923 285 ignorare
941 255 1002 283 quae

212 304 245 331 ad
270 303 370 331 bonum
391 300 468 328 ducit
483 309 490 327 :
506 306 588 335 quam
605 297 715 333 quidem
732 296 803 324 viam
814 302 896 323 nemo
911 294 1000 325 aliter,

212 349 266 377 nisi
289 348 381 383 aliquo
396 345 529 382 ejusmodi
553 343 680 378 esemplo
696 349 864 378 cognoscere
898 342 999 376 potest.

211 394 248 422 Ut
271 394 341 421 cnim
359 393 404 429 qui
423 393 449 420 in
477 390 615 426 corporeis
643 389 747 424 nuptiis
767 388 843 423 cupit
864 394 918 414 non
941 386 1001 413 vilis

212 445 238 467 et
256 426 380 475 abjectus
407 445 486 469 esse.
515 443 578 463 cum
599 438 709 471 appetat
726 433 858 469 optinnun
876 431 1001 467 corporis
1020 426 1022 428 ’

213 486 346 518 habitum,
372 484 501 512 decorum
525 484 670 514 ornatum,
700 480 857 507 divitiarum
888 478 999 513 copias,

211 536 238 560 et
267 538 375 559 onmem
402 534 450 557 aut
470 536 502 556 ex
525 527 600 559 vita,
623 530 670 553 aut.
697 533 730 552 ex
757 531 856 560 genere
879 523 1000 559 turpitu-

211 578 302 605 dinem
316 576 399 607 vitet,
413 580 594 609 magnamque
609 572 636 599 in
653 570 706 598 hoc
721 577 817 598 curam
834 574 934 604 ponat:
947 568 1000 595 hoc

211 623 284 651 enim
309 625 389 656 pacto
412 619 439 647 id
459 619 623 654 assequitur.
641 616 713 654 quod
725 615 844 643 maxime
860 615 940 642 vult:
963 613 1000 640 ita

212 668 258 702 qui
281 666 422 702 spirituale
438 663 642 692 matrimonium
662 661 824 690 contrahere
840 660 926 695 cupit,
943 658 1001 694 pri-

212 721 286 740 mum
313 712 422 747 quidem
453 709 553 737 mentis
582 707 759 736 renavatione
775 707 903 742 juvenem
920 712 950 733 se
973 706 1000 732 et

212 759 247 785 ab
263 758 336 785 omni
354 761 494 784 senectute
512 759 657 786 remotum,
673 752 772 781 deinde
785 751 898 778 divitem
912 757 942 778 se
957 757 1002 778 os-

212 803 314 832 tendet.
337 805 365 828 et
390 800 533 835 copiosum
561 805 655 826 earum
671 804 775 829 rerum,
790 794 891 831 quibus
911 795 1000 822 abun-

211 849 277 875 dare
296 847 414 874 maxime
437 846 544 873 beatum
561 848 613 876 est,
631 851 686 870 non
707 842 750 870 his
764 841 885 870 terrenis
899 841 999 877 opibus

211 893 315 925 extolli,
333 892 381 919 sed
410 889 569 918 cmlestibus
591 888 728 916 thesauris
755 887 860 915 ornari.
886 886 999 916 Generis

211 946 277 966 vero
291 937 460 964 nobilitatem
477 942 531 962 non
543 942 575 962 ex
594 934 705 961 fortuna
729 933 860 969 quadam.
877 940 938 968 qua
949 940 998 960 ea-

212 992 244 1011 su
262 983 387 1014 advenit,
402 981 491 1017 qualis
507 980 645 1015 plerisque
664 979 707 1007 vel
731 979 859 1015 pessimis
877 978 999 1006 homini-

211 1030 263 1057 bus
285 1028 428 1064 contingit,
454 1027 500 1055 ille
513 1035 542 1054 se
557 1026 659 1054 habere
680 1025 837 1057 contendet.
854 1024 902 1054 sed
925 1032 998 1057 eam,

211 1082 273 1109 quae
293 1077 321 1101 et
337 1073 429 1100 labore
446 1076 473 1100 et
490 1073 582 1101 studio
598 1080 630 1100 ex
653 1072 711 1100 suis
737 1075 810 1099 recte
828 1071 907 1099 factis
924 1079 1000 1098 com-

211 1124 333 1155 paratur.
363 1127 444 1154 quam
470 1119 486 1145 ii
515 1118 567 1145 soli
590 1121 748 1150 ostentant,
768 1118 814 1152 qui
840 1121 905 1144 sunt
931 1116 999 1143 lucis

212 1170 240 1192 et
262 1165 307 1192 Dei
325 1164 371 1192 lilii
384 1184 392 1196 .
413 1169 440 1191 et
457 1172 472 1191 a
491 1164 558 1192 solis
577 1169 638 1190 ortu
665 1163 770 1190 nobiles
786 1163 820 1189 ob
843 1162 999 1198 splendidas

211 1219 278 1239 suas
307 1219 352 1237 res
380 1216 471 1245 gestas
506 1214 650 1237 vocantur.
682 1207 879 1236 Fortitudinem
908 1212 997 1235 autem

211 1261 293 1290 atque
312 1255 443 1289 optimum
467 1254 591 1289 corporis
621 1253 766 1285 habitum,
784 1260 874 1288 neque
899 1259 999 1287 corpus

211 1301 375 1333 exercendo,
397 1308 485 1335 neque
509 1306 619 1326 carnem
640 1298 792 1333 saginando
813 1297 929 1325 elliciet:
951 1297 998 1325 sed

211 1352 308 1375 contra
326 1346 415 1382 potius
436 1347 490 1373 vim
517 1345 631 1381 spiritus
663 1343 850 1371 imbecillitate
875 1343 1000 1378 corporis

211 1394 343 1429 perﬁciet.
373 1393 438 1425 Qua:
465 1399 530 1419 vero
554 1391 650 1418 harum
677 1390 834 1424 nuptiarum
860 1389 998 1424 sponsalia

211 1446 325 1475 munera
354 1438 530 1467 adhibentur.
551 1444 604 1463 non
625 1443 656 1464 ea
678 1439 740 1463 sunt
767 1442 828 1470 quae
852 1434 894 1462 his
920 1434 999 1462 I'alla—

210 1486 290 1513 cibus
313 1484 453 1512 hominum
479 1486 543 1510 snut
566 1481 691 1517 pecuniis
708 1480 857 1512 elaborata,
869 1479 917 1508 sed
937 1486 998 1514 qua!
1011 1497 1033 1526 α

210 1540 244 1559 cx
274 1530 357 1558 animi
386 1529 487 1556 divitiis
502 1528 574 1555 dono
597 1528 659 1554 data
683 1530 757 1554 sunt.
791 1525 819 1553 Si
853 1533 996 1553 munerum

210 1577 309 1604 hormn
330 1575 439 1603 nomina
468 1574 562 1601 audire
584 1573 678 1608 cupis,
705 1571 768 1599 audi
785 1571 900 1598 Paulum
927 1571 999 1606 opti-

210 1630 287 1650 mum
313 1621 469 1656 nuptiarum
488 1620 681 1647 instructorem
703 1617 737 1646 de
759 1617 936 1653 quibusdam,
950 1616 998 1652 qui

214 1669 313 1696 divites
329 1668 356 1695 in
373 1666 501 1694 omnzbus
527 1664 590 1692 facti
608 1668 683 1696 sunt,
699 1665 726 1692 ln
743 1664 844 1699 quibus
869 1671 931 1690 cum
945 1663 998 1690 alia

209 1715 295 1742 multa
311 1717 337 1740 et
352 1720 449 1747 magna
465 1712 548 1744 dicat,
564 1711 629 1738 illud
648 1711 743 1742 etiam.
762 1719 771 1736 ι
788 1710 817 1737 ln
835 1711 995 1741 castitate.)

210 1759 296 1786 addit.
311 1758 473 1792 Rursusque
487 1763 658 1792 quacunque
674 1756 737 1783 alibi
761 1755 789 1782 in
810 1755 998 1790 spiritualibus

210 1805 344 1833 fructibus
364 1808 566 1835 numerantur,
592 1802 685 1829 omnia
718 1802 814 1828 harum
841 1802 997 1836 nuptiarum

210 1852 282 1880 dona
309 1854 384 1878 sunt.
410 1850 449 1876 Ac
475 1848 497 1876 si
514 1848 574 1883 quis
592 1846 732 1874 Salomoni
758 1846 838 1873 [idem
861 1846 1000 1873 adhibitu-

211 1905 259 1925 rus
275 1900 328 1928 cst,
346 1899 375 1923 ut
396 1900 422 1922 et
445 1892 667 1922 contubernalem
688 1892 740 1919 sibi
760 1895 786 1918 et
811 1892 874 1918 vitae
896 1891 998 1919 sociant

209 1951 302 1971 veram
316 1941 478 1976 sapientiam
497 1939 638 1974 adjungat,
653 1937 687 1965 de
703 1945 757 1972 qua
774 1936 798 1964 is
812 1937 849 1964 ait
863 1945 868 1963 :
890 1946 898 1962 ι
915 1936 1000 1971 Dilige

210 1997 280 2019 eam,
296 1992 323 2015 et
337 1987 470 2014 custodiet
485 1989 521 2018 te,
539 1985 642 2012 honora
656 1990 715 2010 eam
732 1983 792 2010 ut“
804 1983 1000 2018 complectatur

211 2041 245 2064 te.
258 2043 268 2060 ι
281 2034 328 2060 hic
336 2040 387 2068 pro
400 2031 483 2066 hujus
493 2030 650 2066 cupiditatis
659 2029 791 2064 dignitate
801 2029 869 2056 stola
881 2036 946 2063 pura
959 2037 1001 2056 or-

210 2084 302 2111 natur,
314 2087 376 2106 cum
393 2078 436 2110 iis,
452 2077 498 2112 qui
512 2077 613 2111 nuptiis
629 2076 672 2103 his
687 2075 806 2110 gaudent
818 2075 889 2103 diem
902 2075 999 2103 festum

211 2124 331 2160 agendo,
351 2129 380 2151 ut
396 2131 430 2150 ne
455 2122 528 2150 l'oras
541 2122 688 2157 ejiciatur:
710 2119 756 2156 qui
776 2120 849 2148 enim
871 2120 932 2149 festi
946 2121 999 2149 diei

211 2170 377 2198 celebritatis
411 2169 571 2204 participem
600 2175 630 2195 se
652 2175 714 2195 esse
747 2167 859 2202 dignum
898 2165 1037 2202 putat,D

212 2215 359 2251 nuptialem
388 2220 490 2242 restem
521 2222 575 2242 non
599 2213 698 2240 induit.
725 2212 902 2248 Perspicuum
934 2221 998 2240 vero

211 2265 262 2293 est,
276 2265 302 2288 et
319 2262 345 2288 in
363 2261 429 2287 viris
441 2264 468 2287 et
483 2260 510 2287 in
525 2259 634 2287 feminis
652 2265 825 2285 communem
849 2258 883 2285 ad
904 2258 1000 2293 hujus-

212 2307 284 2334 modi
313 2306 470 2342 nuptiarum
488 2305 608 2334 studium
624 2311 684 2332 esse
705 2303 859 2330 rationem:
876 2304 939 2338 quia
969 2308 997 2331 ut

1015 827 1036 855 Β

1051 199 1166 236 πισμοῢ,
1178 200 1226 227 καὶ
1238 199 1353 226 πλούτου
1366 198 1535 235 περιουσίας,
1548 198 1596 226 καὶ
1606 197 1654 225 τοῦ
1667 198 1761 234 μηδὲν,
1773 200 1842 234 μήτε

1051 246 1084 273 ἐκ
1093 246 1141 274 τοῦ
1152 246 1220 282 βίου,
1235 246 1303 281 μήτε
1313 246 1345 272 ἐκ
1356 245 1403 272 τοῦ
1415 245 1510 280 γένους
1525 244 1676 280 ἐπάγεσθαι
1691 253 1717 272 τι
1730 244 1843 277 ὄνειδος,

1051 292 1153 329 πολλὴν
1160 292 1299 328 ποιήσεται
1312 292 1441 329 πρόνοιαν
1455 291 1535 327 (οὕτω
1543 291 1597 327 γὰρ
1606 291 1640 318 ἇν
1646 291 1715 327 τύχῃ
1725 291 1844 327 μάλιστα

1050 338 1105 365 τῶν
1115 338 1186 365 κατὰ
1195 337 1329 373 γνὼμην)·
1337 337 1382 364 τδν
1391 337 1472 364 αὑτὸν
1479 337 1579 373 τρόπον
1587 337 1634 365 καὶ
1645 339 1661 365 ό
1670 338 1716 365 τὸν
1725 346 1843 373 πνευμα-

1050 384 1127 412 τικὸν
1137 385 1226 420 γάμον
1235 383 1324 420 ἐαυτῷ
1331 383 1441 420 μετιὼν⁹
1449 383 1556 418 πρῶτον
1566 384 1615 420 μὲν
1625 384 1686 411 νέον
1693 383 1789 410 ἑαυτδν
1797 384 1843 411 καὶ

1051 431 1142 466 πάσης
1155 430 1336 466 παλαιότητος
1349 430 1551 466 κεχωρισμένον
1563 431 1597 467 τῇ
1612 430 1783 458 άνακαινίσει
1795 430 1842 457 τοῦ

1051 477 1110 510 νοὸς
1131 476 1259 510 ἐπιδείξει
1270 485 1277 494 ·
1291 475 1351 504 εἶτα
1372 476 1498 504 πλούσιον
1512 476 1590 511 γένος
1601 496 1609 509 ,
1621 473 1644 511 ᾧ
1667 476 1699 503 τὸ
1715 476 1843 502 πλουτεῖν

1051 523 1109 550 ἔστι
1125 522 1372 559 περισπούδαστον·
1389 522 1421 550 ού
1433 523 1488 554 τοῖς
1509 521 1562 549 ἀπὸ
1576 522 1628 558 γῆς
1643 522 1843 558 σεμνυνόμενον

1050 569 1198 604 χρήμασιν,
1216 568 1284 596 ἀλλὰ
1305 569 1361 600 τοῖς
1375 568 1511 604 οὐρανίοις
1535 568 1681 604 θησαυροῖς
1702 568 1842 604 κομῶντα.

1052 615 1149 647 Γένους
1162 615 1190 642 δὲ
1207 615 1370 650 σεμνότητα,
1382 615 1412 641 ού
1429 615 1500 641 κατὰ
1513 614 1562 650 τὴν
1577 614 1730 650 αὐτόματον
1747 623 1844 641 συντυ-

1050 661 1122 696 χίαν,
1140 661 1245 693 πολλοῖς
1262 661 1310 688 καὶ
1326 660 1382 688 τῶν
1395 660 1504 695 φαύλων
1524 659 1688 695 προσοῦσαν,
1715 660 1844 691 κάκεῖνος

1050 705 1122 741 ἔχειν
1135 706 1352 742 φιλοτιμήσεται,
1373 705 1442 733 ἀλλὰ
1457 707 1507 742 τὴν
1527 706 1601 741 πόνῳ
1617 705 1663 732 καὶ
1684 705 1789 740 σπουδῇ
1811 704 1844 731 δι’

1050 751 1155 779 οἰκείων
1170 751 1390 788 κατορθωμάτων
1411 752 1636 789 προσγινομένῳ,
1653 753 1688 788 ἦν
1704 753 1781 788 μόνοι
1797 752 1844 779 αὑ·

1049 795 1143 831 χοῦσιν
1158 797 1182 823 οί
1195 797 1242 823 τοῦ
1263 797 1352 832 φωτὸς
1367 798 1433 830 υίοὶ,
1454 798 1501 825 καὶ
1518 797 1600 824 τέκνα
1618 797 1697 829 Θεοῦ,
1718 797 1766 824 καὶ
1789 797 1844 823 τῶν

1050 843 1103 878 ἀφ’
1113 843 1189 878 ἡλίου
1206 843 1344 871 ἀνατολῶν
1357 844 1478 878 εὐγενεῖς
1491 843 1535 870 διὰ
1545 844 1600 870 τῶν
1612 843 1700 878 ἔργων
1714 843 1771 869 τῶν
1785 851 1842 877 ea»

1048 888 1144 915 τεινῶν
1176 889 1408 924 χρηματίζοντες·
1438 889 1514 923 ίσχὺν
1540 888 1569 915 δὲ
1597 888 1644 915 καὶ
1666 887 1791 920 εὐεξίαν,
1811 887 1844 914 οὐ

1049 934 1129 969 σῶμα
1155 933 1258 965 ἀσκῶν,
1276 934 1337 961 οὐδὲ
1363 933 1552 961 καταπιαίνων
1573 934 1623 970 τὴν
1644 934 1735 968 σάρκα
1761 942 1841 968 περι-

1048 980 1199 1015 ποιήσεται,
1216 979 1283 1006 ἀλλὰ
1298 982 1352 1007 πᾶν
1366 981 1532 1012 τούναντίον,
1552 981 1581 1007 ὲν
1595 982 1628 1016 τῇ
1646 980 1694 1006 τοῦ
1715 979 1844 1015 σώματος

1048 1025 1177 1062 ἀσθενείᾳ
1193 1026 1304 1053 τελειῶν
1321 1026 1371 1062 τὴν
1390 1027 1438 1053 τοῦ
1457 1027 1611 1062 πνεύματος
1627 1025 1753 1061 δύναμιν.
1777 1023 1844 1052 οῖδα

1047 1071 1077 1099 δὲ
1093 1072 1140 1099 καὶ
1151 1072 1185 1100 τὰ
1199 1073 1262 1106 ἕδνα
1281 1072 1329 1100 τοῦ
1344 1073 1434 1108 γάμου
1457 1073 1552 1100 τούτου
1570 1073 1620 1099 οὐκ
1643 1072 1696 1099 ἀπὸ
1713 1072 1845 1108 φθαρτῶν

1048 1119 1198 1153 χρημάτων
1211 1119 1393 1154 πεποιημένα,
1406 1119 1463 1146 ἀλλ’
1478 1120 1510 1145 ὲκ
1521 1118 1569 1145 τοῦ
1583 1118 1646 1144 ἰδίου
1661 1117 1778 1144 πλούτου
1793 1117 1843 1152 τῆς

1048 1164 1137 1200 ψυχῆς
1150 1165 1386 1201 δωροφορούμενα.
1408 1164 1500 1192 Βούλει
1517 1164 1614 1200 μαθεῖν
1628 1164 1662 1192 τὰ
1677 1164 1731 1191 τῶν
1746 1163 1845 1198 δώρων

1049 1210 1178 1245 όνόματας
1190 1211 1305 1238 ἄκουσον
1322 1210 1426 1238 Παύλου
1437 1210 1485 1237 τοῦ
1503 1210 1586 1237 καλοῦ
1602 1209 1802 1245 νυμφοστόλου,
1814 1210 1843 1236 tv

1047 1257 1102 1284 τίσι
1117 1257 1278 1283 πλουτοῦσιν
1294 1258 1318 1283 oi
1334 1257 1362 1283 ἐν
1377 1257 1459 1284 παντὶ
1478 1255 1657 1287 συνιστῶντες
1669 1255 1797 1287 ἑαυτούς’
1813 1255 1844 1282 ὲν

1048 1299 1087 1334 οἷς
1099 1302 1166 1329 ἄλλα
1179 1311 1208 1329 τε
1224 1303 1308 1329 πολλὰ
1326 1303 1373 1329 καὶ
1387 1303 1492 1338 μεγάλα
1507 1301 1602 1334 είπὼν,
1618 1311 1627 1327 ι
1646 1302 1701 1328 Καὶ
1716 1302 1747 1327 ὲν
1763 1301 1845 1335 ἀγνό-

1047 1356 1110 1383 τητι
1127 1357 1136 1374 ι
1156 1348 1248 1383 φησιν.
1265 1349 1320 1375 Καὶ
1336 1348 1417 1376 πάλιν
1435 1349 1486 1375 ὅσα
1508 1348 1642 1385 ἑτέρωθεν
1667 1349 1696 1375 ὲν
1720 1349 1779 1380 τοῖς
1795 1347 1843 1375 τοῦ

1049 1394 1202 1430 πνεύματος
1221 1395 1338 1429 καρποῖς
1355 1394 1562 1429 άπαριθμεῖται,
1579 1394 1668 1422 πάντα
1684 1393 1732 1421 τοῦ
1750 1395 1844 1430 γάμου

1048 1439 1143 1466 τούτου
1155 1439 1229 1475 δῶρά
1243 1440 1311 1466 ἐστι·
1327 1440 1374 1466 καὶ
1386 1440 1412 1466 εί
1423 1448 1464 1472 τις
1478 1440 1568 1475 μέλλει
1584 1440 1725 1467 πείθεσθαι
1739 1439 1780 1476 τῷ
1793 1439 1844 1466 Σο-

1049 1485 1183 1521 λομῶντι,
1199 1486 1246 1512 καὶ
1266 1485 1316 1521 τὴν
1333 1485 1462 1521 ἀληθινὴν
1482 1486 1577 1520 σοφίαν
1601 1485 1725 1512 σύνοικόν
1741 1495 1772 1513 τε
1794 1486 1844 1512 καὶ

1050 1532 1107 1568 βίου
1123 1532 1250 1558 κοινωνὸν
1269 1531 1358 1567 ἑαυτῷ
1373 1531 1522 1566 λαμϐάνειν
1538 1531 1548 1566 (
1558 1531 1623 1567 περὶ
1636 1529 1670 1567 ἦς
1689 1539 1784 1567 φησιν.
1801 1531 1816 1557 ὅ
1835 1540 1844 1557 ι

1051 1587 1061 1604 ι
1082 1577 1226 1613 Ἐράσθητι
1242 1577 1338 1612 αὐτῆς,
1354 1577 1401 1604 καὶ
1418 1578 1532 1613 τηρήσει
1548 1585 1577 1603 σε
1588 1586 1594 1592 ·
1608 1576 1723 1612 τίμησον
1744 1577 1842 1612 αὐτὴν.

1049 1624 1093 1652 ἵνα
1110 1632 1140 1650 σε
1157 1623 1291 1659 περιλάϐῃ
1305 1633 1314 1649 ι
1325 1623 1346 1658 )·
1365 1622 1483 1654 ἐπαξίως
1503 1623 1552 1657 τῆς
1573 1622 1720 1657 ἐπιθυμίας
1738 1621 1845 1656 ταύτης

1049 1671 1288 1705 παρασκευάσεται
1300 1670 1329 1696 ὲν
1340 1669 1449 1705 καθαρᾷ
1460 1670 1493 1706 τῇ
1509 1669 1589 1705 στολῇ
1601 1671 1656 1702 τοῖς
1667 1670 1697 1696 ἑν
1707 1669 1747 1705 τῷ
1758 1669 1845 1705 γάμῳ

1050 1713 1322 1751 συνευφραινομένοις
1344 1714 1548 1749 συνεορτάξειν·
1568 1714 1612 1741 ἵνα
1631 1713 1668 1750 μὴ
1687 1713 1846 1750 ἀπόϐλητος

1049 1761 1171 1796 γένηται,
1186 1760 1235 1794 τῆς
1257 1760 1306 1795 μὲν
1321 1759 1418 1796 ἑορτῆς
1434 1760 1634 1795 συμμετασχεῖν
1653 1759 1748 1792 ἀξιῶν,
1764 1759 1795 1786 τὺ
1813 1759 1845 1787 δὲ.

1049 1806 1150 1841 ἔνδυμα
1173 1806 1221 1833 τοῦ
1243 1805 1333 1840 γάμου
1359 1805 1396 1841 μὴ
1420 1806 1621 1842 περικείμενος.
1647 1804 1733 1840 Δῆλον
1748 1805 1777 1832 δὲ
1800 1805 1844 1833 ὅτι

1050 1852 1138 1884 κοινὸς
1152 1853 1166 1879 ό
1184 1851 1262 1887 λόγος
1285 1852 1369 1883 ἐστὶν,
1388 1852 1434 1878 ἐπί
1455 1860 1485 1878 τε
1505 1851 1610 1887 ἀνδρῶν
1631 1851 1678 1878 καὶ
1701 1851 1846 1886 γυναικῶν

1049 1897 1159 1933 ὁμοίως,
1175 1898 1215 1930 είς
1231 1897 1281 1933 τὴν
1301 1898 1364 1933 περὶ
1378 1897 1431 1924 τῶν
1448 1897 1577 1923 τοιούτων
1588 1897 1685 1931 γάμων
1701 1896 1822 1931 σπουδήν
1835 1905 1842 1911 ·

1050 1943 1142 1980 ἐπειδὴ
1159 1943 1224 1979 γὰρ,
1248 1943 1338 1975 καθώς
1358 1952 1438 1978 φησιν
1457 1943 1471 1969 ό
1496 1942 1675 1973 ’Λπόστολος,
1696 1952 1706 1967 ι
1723 1942 1782 1968 Ούκ
1802 1942 1847 1968 ενι

1050 1988 1132 2023 ἄρσεν
1147 1989 1195 2015 καὶ
1217 1988 1302 2022 θῆλυ·
1323 1988 1410 2015 πάντα
1431 1988 1458 2014 δὲ
1475 1988 1520 2014 καὶ
1544 1988 1572 2014 ἐν
1593 1988 1660 2014 πᾶσι
1677 1987 1807 2022 Χριστός·
1831 1997 1840 2013 ι

1051 2034 1161 2065 είκότως
1176 2034 1191 2060 ό
1212 2034 1262 2069 τῆς
1277 2034 1373 2068 σοφίας
1395 2033 1512 2069 ἐραστὴς
1535 2033 1580 2060 τὸν
1605 2033 1695 2060 ἔνθεον
1718 2033 1776 2068 ἔχει
1793 2033 1844 2069 τῆς

1050 2078 1197 2114 ἐπιθυμίας
1218 2079 1329 2110 σκοπὸν,
1345 2079 1374 2111 ὃς
1397 2079 1473 2106 ἐστιν
1492 2080 1509 2114 ἡ
1532 2079 1637 2114 ἀληθὴς
1653 2079 1746 2114 copia:
1762 2079 1810 2106 καὶ
1824 2081 1841 2114 ἡ

1051 2124 1089 2160 τῷ
1103 2125 1233 2161 ἀφθάρτῳ
1247 2126 1357 2161 νυμφίῳ
1372 2125 1605 2161 προσκολληθεῖσα
1618 2126 1701 2161 ψυχὴ,
1716 2126 1767 2161 τῆς
1780 2125 1843 2161 ἀλη-

1051 2171 1126 2207 θινῆς
1139 2171 1234 2206 σοφίας
1242 2171 1299 2207 ἔχει
1310 2171 1356 2198 τὸν
1367 2171 1467 2207 ἔρωτα,
1484 2172 1545 2207 ἥτις
1553 2171 1627 2198 ἐστὶν
1640 2172 1654 2198 ὀ
1664 2171 1742 2203 Θεός.
1762 2171 1842 2198 Ἀλλὰ

1054 2216 1081 2244 τι
1094 2217 1143 2252 μὲν
1155 2218 1169 2243 ό
1180 2217 1362 2252 πνευματικὸς
1373 2218 1462 2252 γάμος
1477 2217 1547 2250 ἐστὶ,
1561 2216 1608 2244 καὶ
1621 2216 1691 2252 πρὸς
1701 2217 1763 2243 τίνα
1783 2216 1842 2251 βλέ-

1053 2271 1099 2290 πει
1116 2262 1217 2289 σκοπὸν
1229 2263 1243 2289 ὁ
1255 2263 1374 2298 καθαρός
1387 2270 1416 2288 τε
1432 2259 1480 2298 διαὶ
1492 2262 1617 2298 οὐράνιος
1628 2262 1710 2298 ἔρως,
1723 2263 1844 2298 μετρίως

1053 2271 1099 2290 πει
1116 2271 1217 2289 σκοπον
1229 2271 1243 2289 ο
1255 2271 1374 2298 καυαρος
1387 2271 1416 2288 τε
1452 2271 1480 2288 αι
1492 2271 1617 2298 ουρανιος
1628 2271 1664 2298 ερ‹

1052 2308 1118 2344 ἡμῖν
1138 2309 1170 2334 ὲκ
1189 2308 1243 2335 τῶν
1261 2308 1415 2344 είρημένων
1432 2271 1664 2335 Σνακεκάλυπται.

211 2359 253 2381 est
268 2354 338 2389 apud
357 2354 516 2389 Apostolum
531 2353 552 2368 "
571 2360 579 2381 :
602 2362 611 2377 ε
627 2351 686 2378 Νοιι
701 2355 743 2378 εει
760 2350 897 2378 masculus
909 2370 917 2383 ν
935 2359 1022 2388 neque
1040 2354 1150 2386 lemma,
1169 2355 1215 2383 sed
1233 2363 1329 2383 omnes
1343 2359 1369 2383 et
1386 2355 1413 2382 in
1429 2355 1557 2382 omnibus
1573 2353 1729 2387 Christus”
1746 2355 1843 2382 merito

211 2400 259 2435 qui
276 2400 416 2435 sapientiae
429 2407 521 2427 amore
538 2398 658 2430 ducitur,
675 2397 719 2424 hic
752 2396 779 2423 in
807 2396 881 2423 omni
912 2398 1062 2433 cupiditate
1095 2401 1265 2436 propositum
1291 2401 1342 2428 sibi
1368 2400 1492 2428 divinum
1530 2407 1641 2435 scopum
1671 2400 1777 2434 habet,
1798 2400 1842 2434 qui

212 2454 276 2473 vera
289 2446 423 2489 sapientia
440 2450 492 2477 est,
510 2450 591 2480 atque
606 2444 714 2471 animus
729 2442 752 2470 is
783 2442 829 2477 qui
850 2450 912 2471 cum
945 2444 1104 2481 incorrupto
1143 2455 1244 2482 sponso
1267 2455 1328 2475 sese
1362 2447 1470 2483 jungit.
1496 2454 1567 2474 verte
1599 2447 1743 2482 sapientiae
1756 2466 1765 2479 ,
1784 2455 1842 2482 qua:

213 2493 285 2520 Deus
310 2496 363 2525 est,

408 2499 500 2519 amore
524 2495 646 2519 tenetur.-
680 2489 751 2522 Quid
781 2490 817 2516 sit
845 2494 934 2517 autem
973 2491 1114 2527 spirituale
1146 2493 1368 2526 matrimonium,

1417 2500 1506 2528 quove
1545 2500 1632 2527 purus
1666 2493 1842 2529 coelestisque

214 2546 291 2566 amor
305 2541 419 2573 spectet,
437 2545 469 2564 ex
487 2537 522 2564 iis
546 2544 612 2564 sane
627 2543 688 2570 quae
713 2536 999 2569 connuemoravimus.
1020 2539 1089 2566 satis
1112 2543 1154 2566 est
1171 2547 1186 2566 ιι
1201 2539 1280 2567 nobis
1298 2539 1527 2566 demonstratum.

500 2582 615 2610 CAPUT
631 2581 702 2610 XXI.

214 2637 267 2669 Qui
290 2641 442 2664 accuratam
460 2636 527 2663 hanc
547 2635 648 2663 vivendi
663 2635 793 2661 rationem
813 2638 899 2661 tenere
921 2635 1000 2662 insti-

250 2674 311 2704 tnit,
338 2673 370 2699 ab
387 2673 458 2698 omni
479 2672 595 2706 corporis
616 2670 779 2705 voluptatum
801 2678 892 2705 genere
911 2678 937 2696 se
953 2670 1001 2697 ab-

250 2708 340 2734 dicare
354 2707 439 2734 debet.

249 2753 383 2785 Quoniam
401 2759 467 2779 sane
492 2750 636 2778 m'anil'esto
658 2754 828 2786 compertum
855 2753 908 2783 est,
935 2758 990 2778 non

250 2811 272 2826 "
289 2810 368 2838 Prov.
388 2818 424 2842 Iv,
441 2810 466 2838 6.
506 2810 528 2826 ¹³
541 2811 646 2838 Coloss.
665 2818 706 2842 ιιι,
720 2809 760 2836 ll.

1342 2587 1468 2613 ΚΕΦΑΛ.
1487 2586 1550 2612 KA'.

1054 2638 1118 2664 Ὀτι
1134 2638 1190 2672 χρὴ
1201 2638 1254 2665 τὸν
1263 2637 1390 2672 ἀκριϐῶς
1401 2637 1456 2671 ζῇν
1468 2638 1682 2672 προελόμενον,
1692 2639 1770 2672 πρὸς
1783 2636 1842 2666 πᾶν

1106 2673 1180 2706 εἶδος
1203 2672 1374 2708 σωματικῆς
1388 2672 1502 2707 ἡδονῆς
1516 2673 1682 2707 ἀλλοτρίως
1697 2673 1790 2708 ἔχειν.

1087 2751 1195 2786 Ἐπειδὴ
1212 2751 1239 2777 δὲ
1254 2752 1287 2787 τῇ
1308 2751 1475 2788 καθαρότητι
1494 2751 1541 2779 τοῦ
1558 2750 1627 2778 Θεοῦ
1649 2753 1842 2787 προσεγγίσαι,
