1912 3080
78 148 122 178 ιοι
734 151 780 180 DE
793 152 854 181 νιιιι

907 154 1029 184 IITATE.
1654 165 1708 193 402

77 205 111 241 μὴ
125 205 208 232 αὐτόν
221 214 282 232 τινα
294 206 426 243 πρότερον
439 207 559 235 τοιοῦτον
573 209 728 245 γενόμενον,
738 211 853 239 ἀδύνατο

921 220 1001 247 posse
1017 214 1173 249 quempiam
1191 216 1224 243 ad
1250 216 1296 243 Dei
1318 217 1462 252 puritatem
1485 219 1625 253 accedere.
1652 223 1705 250 nisi

75 252 222 287 κατεφάνη·
235 253 385 288 ἀναγκαῖον
401 254 434 281 ἂν
449 254 491 290 εἴη
511 256 621 291 μεγάλῳ
634 257 687 283 τινὶ
700 257 748 284 καὶ
764 258 854 294 ἰσχυρᾷ

917 259 979 285 tz-lis
995 259 1052 294 ipse
1066 260 1143 295 prius
1162 260 1251 289 factus
1265 266 1318 294 est,
1334 262 1401 290 illud
1415 268 1490 292 certe
1514 268 1703 296 necessarium

73 296 268 333 διατειχίσματι
290 298 360 333 πρὸς
383 299 434 332 τὰς
458 299 557 334 ἡδονὰς
580 301 678 328 ἑαυτὸν
702 301 863 338 διαστῆσαιο

75 343 109 376 ὡς
121 343 154 371 ἃν
173 343 301 380 μηδαμοῦ
319 343 358 380 τῷ
378 346 577 382 προσεγγισμῷ
592 347 679 383 τούτῳ
695 349 724 375 τὸ
745 349 865 385 καθαρὸν

74 390 118 426 τῆς
131 389 248 426 καρδίας
263 390 463 426 ἐπιμολὺνοιτο.
481 391 579 427 Τεῖχος
600 393 629 419 δέ
645 394 719 421 ἐστιν
735 395 862 430 ἀσφαλὲς,

74 437 88 471 ὴ
102 436 190 463 τελεία
205 437 275 473 πρὸς
289 439 345 465 πᾶν
360 438 390 465 τὺ
405 439 538 474 ἐμπαθῶς
560 440 769 476 ὲπιτελούμενον
785 442 862 469 ἀλλο-

73 482 190 518 τρίωσις.
218 483 277 510 Μία
290 483 345 520 γάρ
361 482 430 511 οὖσα
453 484 492 520 τῷ
512 485 588 520 γένει
609 487 626 521 ἡ
652 486 743 523 ἡδονὴ,
773 487 863 520 καθὼς

73 527 177 555 ἀκούειν
194 528 255 556 ἐστι
279 529 333 557 τῶν
352 529 459 565 σοφῶν,
487 530 583 567 ὥσπερ
609 540 635 558 τι
654 532 725 569 ὕδωρ
741 533 773 560 ὲκ
795 534 862 568 μιᾶς

74 574 159 610 πηγῆς
169 574 211 606 εὶς
219 575 367 610 διαφόρους
377 575 489 611 ὀχετοὺς
499 577 690 613 μεριζόμενον,
704 578 737 605 δι’
745 579 861 606 ἑκάστου

72 619 121 646 τῶν
141 619 331 656 αἰσθητηρίων
352 622 409 653 τοῖς
435 621 590 656 φιληδόνοις
612 623 859 659 ἐγκαταμίγνυται.

71 666 171 693 οὔκοῦν
187 667 203 694 ὁ
216 666 262 694 διὰ
278 668 344 702 μιᾶς
359 676 432 700 τινος
451 668 505 694 τῶν
520 669 673 704 αἰσθήσεων
688 670 738 705 τῆς
753 671 860 705 ἐγγινο-

72 711 150 746 μένης
169 711 246 747 αὐτῷ
258 713 355 749 ἡδονῆς
381 713 527 749 ἡττηθεὶς,
556 714 665 742 ἐκεῖθεν
689 715 794 751 ἐτρώθη
811 715 859 752 τὴν

71 757 197 791 καρδίαν·
209 758 302 790 καθὼς
317 758 439 786 διδάσκει
454 760 471 795 ἠ
495 759 542 786 τοῦ
556 760 624 787 Θεοῦ
642 761 729 796 φωνὴ,
750 762 791 788 ὃτι
805 762 859 789 τῶν

69 801 210 837 ὀφθαλμῶν
230 803 280 839 τὴν
293 804 442 839 ἐπιθυμίαν
460 806 475 831 ό
489 805 646 841 πληρώσας,
664 807 692 833 ὲν
707 808 739 842 τῇ
761 807 859 843 καρδία

69 847 114 882 τὴν
126 847 230 884 βλάϐην
252 849 372 882 ἐδέξατο,
400 847 485 885 Οἶμαι
501 851 530 878 δὲ
551 851 605 877 ἀπὸ
624 852 724 888 μέρους
741 852 858 880 ἐνταῦθα

915 309 968 338 ost,
984 308 1014 332 ut
1030 313 1059 332 se
1075 313 1173 341 magno
1186 307 1277 342 aliquo
1299 308 1432 344 tirmoque
1452 310 1596 346 interiecto
1612 321 1702 345 muro,

915 359 930 378 a
949 352 1133 386 Voluptatibus
1148 357 1308 381 removeat:
1327 358 1357 381 ut
1385 355 1461 383 nullo
1484 358 1594 392 quidem
1621 366 1703 394 pacto

916 397 966 423 hac
976 397 1240 433 appropinquatione
1251 399 1344 428 cordis
1358 400 1516 436 inquinetur
1531 405 1678 434 mundities
1693 416 1700 434 :

914 450 1011 470 murus
1026 450 1091 471 vero
1107 444 1283 472 ﬁrmissimus
1296 448 1338 473 est
1360 446 1491 481 quaedam
1506 448 1540 476 ab
1555 449 1700 478 aliectuum

914 488 1029 523 imperio
1048 488 1226 517 abalienatio.
1242 489 1311 518 Cum
1329 492 1402 520 enim
1419 493 1554 528 voluptas,
1572 500 1600 522 ut
1617 503 1631 522 a
1655 504 1700 523 sa-

914 534 1051 570 pientibus
1079 535 1197 572 intelligi
1226 537 1303 570 licet,
1330 546 1430 574 genere
1456 548 1510 567 una
1538 541 1590 574 sit,
1616 543 1699 571 veluti

912 587 982 615 aqua
999 581 1100 617 aliqua,
1118 589 1179 618 qum
1193 582 1228 610 ab
1243 591 1299 611 uno
1323 583 1397 611 fonte
1415 593 1532 613 manans
1557 587 1583 614 in
1608 588 1698 615 varios

912 626 1016 654 rivulos
1033 627 1151 662 partitur
1164 635 1170 654 :
1189 627 1229 656 sic
1242 628 1289 655 illa
1302 636 1349 663 per
1362 629 1484 664 singulas
1500 638 1628 658 sensuum
1643 632 1698 659 vias

911 680 974 699 sese
992 672 1018 699 in
1033 673 1205 708 voluptatum
1231 678 1369 702 amatores
1393 675 1522 703 infundit.
1547 676 1632 711 Igitur
1652 678 1698 712 qui

910 725 941 745 ex
959 725 1013 745 lln0
1026 719 1119 754 aliquo
1134 719 1195 755 ejus
1212 719 1362 755 voluptatis
1380 728 1474 753 sensu,
1493 729 1554 756 qum
1578 722 1631 749 sibi
1657 722 1699 750 ιι..

910 763 1004 797 lueret,
1018 765 1107 793 victus
1121 770 1174 799 est,
1192 773 1226 794 ex
1237 773 1270 793 ea
1287 770 1373 801 parte,
1392 770 1420 794 ut
1438 774 1504 794 voce
1530 766 1577 795 Dei
1604 775 1698 794 moue-

909 819 982 845 mur,
1001 811 1107 847 plagam
1123 813 1150 839 in
1166 812 1248 840 corde
1273 814 1392 849 accepit,
1416 815 1545 848 quoniam
1563 814 1607 848 qui
1630 821 1698 841 oru-

910 857 1000 885 lorum
1015 865 1098 886 sensu
1118 858 1296 893 cupiditatem
1312 859 1444 895 explevit,
1461 861 1543 887 corde
1558 860 1581 887 is
1592 861 1697 895 peccati

70 893 128 940 περὶ
141 895 244 940 παντὸς
257 895 436 932 αἰσθητηρίου
463 898 657 933 προειρηκέναι
677 897 723 925 τὸν
737 899 854 935 Κύριον⁴

911 904 998 932 labem
1010 888 1245 940 concepit.-Qnod
1261 912 1325 932 vero
1348 888 1382 933 de
1396 888 1474 940 parte
1489 905 1544 933 illic
1557 888 1600 933 est
1613 913 1629 932 a
1645 906 1698 932 lio-

69 938 135 966 ὥστε
150 939 367 974 ἀκολουθοῦντας
384 943 456 977 ἡμᾶς
478 942 518 978 τῷ
535 943 688 979 εἰρημένῳ,
716 945 806 977 καλῶς
825 945 854 972 ἂν

909 951 985 978 mino
1000 950 1172 985 praedictum,
1185 951 1212 979 id
1228 950 1262 978 de
1276 951 1413 979 universis
1433 951 1559 979 sensibus
1582 951 1697 986 intelligi

70 984 237 1020 προσθεῖναι,
256 987 298 1017 ὃτι
313 987 328 1013 ὁ
343 987 462 1021 ἀκούσας
481 989 550 1024 πρὸς
565 989 595 1016 τὸ
614 990 793 1025 ἐπιθυμῆσαι,
811 991 858 1018 καὶ

68 1031 82 1057 ό
98 1030 246 1067 ἁψάμενος,
260 1033 314 1060 ’καὶ
335 1034 351 1060 ὁ
372 1035 463 1061 πᾶσαν
485 1036 534 1071 τὴν
556 1037 584 1062 ὲν
599 1037 666 1071 ἡμῖν
688 1035 803 1071 δύναμιν
817 1038 858 1070 εἰς

69 1076 215 1112 ὑπηρεσίαν
233 1078 331 1114 ἡδονῆς
354 1081 553 1114 κατασπάσας,
577 1084 610 1118 τῇ
628 1084 726 1121 καρδίᾳ
738 1084 858 1121 ἐξήμαρ-

68 1131 116 1149 τεν.
127 1123 185 1150 ’Ίνα
198 1122 249 1151 οὖν
259 1125 298 1160 μὴ
310 1125 391 1153 τοῦτο
403 1126 526 1161 γένηται,
542 1128 633 1155 κανόνι
652 1130 784 1166 χρηστέον
795 1130 857 1157 τού-

67 1177 103 1204 τῳ
115 1170 181 1205 πρὸς
192 1170 239 1197 τὸν
249 1171 383 1208 ωιονβίον
397 1172 436 1208 τῷ
451 1173 580 1210 σώςρονι,
596 1174 635 1210 τῷ
651 1176 758 1212 μήποτε
771 1186 856 1214 προσ-

69 1214 154 1242 Malim.
165 1216 222 1243 τινὶ
236 1217 308 1244 κατὰ
318 1217 417 1254 ψυχὴν,
433 1216 455 1253 ᾧ
465 1220 559 1257 δέλεάρ
574 1230 601 1247 τι
617 1222 715 1258 ἡδονῆς
733 1224 856 1259 καταμέ-

68 1269 175 1296 μικται·
202 1263 258 1298 πρό
278 1272 311 1298 γε
329 1266 438 1293 πάντων
457 1266 507 1302 τὴν
527 1267 574 1294 ἐπὶ
591 1268 642 1304 τῆς
656 1269 776 1303 γεύσεως
793 1271 855 1306 ἠδο-

68 1305 111 1342 νὴν
146 1307 331 1343 διαφερόντως
357 1310 525 1345 φυλάσσειν,
560 1312 627 1340 διότι
650 1315 856 1352 προσεχεστέρα

68 1360 122 1384 πως
143 1353 213 1390 αὕτη
236 1354 313 1381 δοκεῖ
326 1354 411 1389 εἶναι,
427 1358 474 1384 καὶ
487 1358 568 1385 οἱονεὶ
580 1361 671 1395 μήτηρ
687 1360 736 1396 τῆς
750 1362 856 1396 ἀπηγο-

68 1400 214 1436 ρευμίνης·
247 1402 275 1430 at
297 1403 351 1439 γὰρ
373 1404 444 1431 κατὰ
459 1404 562 1441 βρῶσιν
586 1408 634 1434 καὶ
653 1407 732 1434 πόσιν
751 1408 854 1444 ἡδοναὶ,

68 1445 258 1479 πλεονάζουσαι
275 1449 330 1476 τῶν
351 1449 490 1486 ἐδωδίμων
506 1451 557 1487 τὴν
571 1452 716 1488 ἀμετρίαν,
731 1453 855 1490 ἀνάγκην

67 1491 204 1525 ἐμποιοῦσι
229 1494 270 1531 τῷ
292 1494 400 1532 σώματι
426 1498 477 1531 τῆς
505 1497 561 1524 τῶν
587 1498 743 1535 ἀϐουλήτων
763 1500 855 1526 κακῶν

909 996 1039 1029 arbitror,
1055 996 1192 1032 quasique
1207 1005 1259 1024 nos
1276 997 1355 1029 illud,
1372 997 1446 1032 quod
1459 997 1562 1024 dictum
1581 1001 1623 1024 est
1636 997 1698 1024 iuti-

909 1042 1003 1074 tando,
1017 1046 1091 1070 recte
1106 1042 1164 1070 haec
1179 1042 1326 1069 addamus:
1338 1042 1388 1074 Qui
1401 1041 1435 1068 ad
1446 1041 1696 1076 concupiscendum

908 1088 1023 1120 audivit,
1038 1088 1085 1123 qui
1110 1088 1207 1123 tetigit,
1234 1088 1281 1123 qui
1305 1088 1423 1123 denique
1444 1095 1564 1120 omnem,
1587 1096 1647 1122 qua)
1670 1089 1695 1115 in

909 1133 988 1161 nobis
1007 1137 1060 1164 est.
1078 1132 1236 1160 facultatem
1256 1133 1290 1159 ad
1310 1133 1430 1168 aliquem
1448 1133 1596 1168 voluptatis
1617 1141 1696 1161 usum

907 1179 1043 1212 dissolvit,
1060 1178 1084 1207 is
1098 1179 1181 1206 corde
1197 1179 1331 1214 peccavit.
1347 1179 1438 1212 Quare
1455 1183 1484 1205 ut
1499 1186 1533 1207 ne
1556 1178 1610 1206 hoc
1633 1187 1695 1206 eve-

908 1225 976 1256 niat,
995 1225 1089 1259 regula
1103 1228 1145 1252 est
1163 1225 1221 1252 haec
1238 1224 1393 1252 adhibenda
1409 1224 1444 1251 ad
1462 1225 1524 1251 vita:
1538 1228 1694 1259 templ-rau-

908 1271 973 1298 tiam
989 1271 1207 1302 accommodata,
1229 1275 1260 1298 ut
1275 1271 1396 1298 animmn
1414 1278 1448 1298 ne
1470 1270 1502 1297 ad
1529 1269 1631 1303 aliquid
1647 1277 1697 1297 un-

907 1316 1067 1353 quamquis
1081 1315 1225 1351 adiungat,
1251 1315 1352 1351 inquo
1381 1315 1473 1350 aliqua
1497 1315 1627 1350 permista
1656 1319 1698 1342 est

906 1362 1056 1398 voluptatis
1069 1362 1226 1403 cupiditas,
1253 1366 1337 1397 atque
1363 1361 1500 1396 imprimis
1528 1361 1696 1396 voluptatem

906 1417 966 1436 eam
982 1408 1100 1436 maxime
1113 1412 1220 1440 caveat,
1240 1415 1301 1443 qua:
1315 1412 1424 1443 gustatu
1444 1407 1606 1442 percipitur,
1623 1415 1694 1442 quo-

907 1455 981 1482 niam
1004 1454 1143 1491 antiquior
1160 1454 1280 1490 quodam
1301 1454 1384 1481 modo
1408 1453 1544 1488 quasique
1561 1453 1619 1492 vitii
1638 1460 1696 1479 ma-

908 1505 949 1529 ter
964 1500 1081 1528 videtur.
1097 1500 1164 1534 Qum
1180 1499 1253 1527 enim
1274 1507 1289 1526 e
1314 1499 1377 1526 cibo
1392 1504 1474 1533 atque
1490 1495 1600 1533 potione
1623 1498 1697 1525 exsi-

66 1537 232 1584 πλησμονῆς.
244 1540 284 1574 ὥς
294 1540 330 1569 τὰ
343 1541 429 1569 πολλά
439 1544 496 1575 τοῖς
508 1543 663 1580 ἀνθρώποις
678 1545 854 1581 ὲντικτοὺσης

907 1549 983 1574 stunt
1001 1545 1165 1581 voluptates,
1180 1552 1244 1572 cum
1261 1544 1373 1572 modum
1389 1544 1450 1579 plus
1461 1543 1536 1579 justo
1550 1543 1694 1575 excedant,

67 1583 98 1609 τὰ
119 1585 232 1613 τοιαῦτα
255 1586 340 1623 πάθη.
369 1588 413 1620 Ὦς
435 1588 468 1616 ἃν
488 1587 535 1616 οὖν
560 1591 677 1626 μάλιστα
699 1592 855 1628 γαληνιαίον

67 1629 127 1663 ἡμῖν
136 1629 261 1665 διαμένοι
274 1631 306 1658 τὺ
321 1632 412 1668 σῶμα,
424 1634 519 1670 μηδενὶ
535 1634 588 1662 τῶν
600 1636 632 1663 ὲκ
647 1636 695 1663 τοῦ
707 1637 789 1672 κόρου
803 1646 855 1664 πα-

67 1673 191 1710 θημάτων
201 1676 420 1714 ἐπιθολούμενον,
437 1681 601 1716 προνοητέον
612 1681 663 1717 τῆς
672 1683 855 1719 ἐγκρατεστὲ-

67 1729 113 1756 pa;
124 1721 272 1758 διαγωγῆς,
290 1723 389 1761 μέτρον
404 1725 455 1761 μὲν
473 1727 520 1753 καὶ
533 1727 596 1762 ὅρον
612 1728 662 1764 τῆς
676 1729 853 1762 ἀπολαύσεως

66 1766 94 1791 οὗ
105 1767 152 1802 τὴν
168 1768 283 1804 ἡδονὴν,
300 1770 368 1801 ἀλλά
382 1770 432 1806 τὴν
448 1772 492 1807 ἐφ’
508 1772 617 1809 ἑκάστῳ
631 1774 724 1809 χρείαν
739 1775 852 1809 ὁρίζειν.

67 1811 95 1838 Et
107 1812 134 1840 δὲ
153 1815 186 1850 τῇ
202 1815 284 1851 χρείᾳ
297 1816 344 1843 καὶ
361 1817 391 1843 τὸ
412 1814 476 1853 ἦδος
491 1819 623 1851 πολλάκις
640 1821 852 1856 συγκαταμέμι-

67 1866 124 1886 κται
144 1860 252 1894 (πάντα
269 1861 323 1897 γὰρ
335 1860 406 1889 οἶδεν
420 1863 562 1899 ὲφηδύνειν
580 1866 598 1901 ἡ
616 1865 714 1898 ἔνδεια,
729 1866 767 1901 τῷ
789 1876 854 1902 σφο-

65 1902 118 1939 δρῷ
131 1904 180 1940 τῆς
190 1906 308 1942 ὀρέξεως
320 1908 352 1934 τὸ
366 1911 398 1944 τῇ
411 1910 491 1946 χρείᾳ
501 1911 670 1948 παρευρεοὲν
683 1912 756 1939 ἅπαν
770 1922 854 1940 κατα-

67 1949 275 1996 γλυκαίνουσα),
303 1955 353 1981 οὐκ
379 1956 519 1983 ἀπωστέον
544 1957 593 1993 τὴν
612 1958 706 1994 χρείαν
727 1959 773 1986 διὰ
800 1960 849 1996 τὴν

66 1995 293 2026 ἐπακολουθοῦσαν
307 2001 470 2029 ἀπόλαυσιν·
488 2002 549 2030 οὔτε
565 2003 618 2040 μὴν
629 2005 700 2032 κατὰ
714 2007 851 2042 προηγού-

65 2049 140 2075 μενον
151 2044 348 2078 μεταδιωκτέον
364 2048 414 2083 τὴν
427 2049 525 2084 ἡδονήν
536 2058 543 2066 ·
563 2050 621 2078 ἀλλ’
637 2052 669 2078 ὲκ
681 2052 789 2079 πάντων
804 2053 851 2079 ἐκ·

65 2085 221 2123 λεγομένους
233 2090 264 2117 τὸ
280 2093 424 2128 χρήσιμον,
441 2094 580 2131 ὑπερορᾷν
595 2097 729 2132 προσήκει
743 2096 790 2123 τοῦ
801 2097 850 2129 τὰς

65 2132 199 2169 αἰσθήσεις
212 2136 412 2172 εὐφραῖνον-τος.

905 1592 1029 1627 gravium
1046 1591 1180 1618 malorum
1198 1589 1389 1618 necessitatem
1407 1589 1515 1624 corpori
1531 1589 1692 1623 imponunt,

906 1637 1036 1673 quoniam
1052 1635 1230 1664 immoderata
1246 1635 1298 1663 cibi
1312 1635 1423 1662 satietas
1437 1636 1537 1663 multos
1548 1634 1694 1662 admodum

907 1682 1064 1718 huiusmodi
1078 1682 1187 1709 morbos
1201 1681 1363 1709 mortalibus
1377 1681 1457 1716 parit.
1475 1679 1556 1715 Ergo,
1574 1684 1604 1707 ut
1619 1680 1694 1707 nulla

906 1728 1080 1764 potissimum
1099 1727 1198 1755 horum
1213 1726 1348 1754 malorum
1369 1726 1449 1754 turba
1469 1734 1571 1761 corpus
1590 1730 1695 1761 pertur-

907 1777 999 1803 batum
1015 1774 1043 1802 in
1060 1774 1140 1802 nobis
1153 1772 1333 1809 tranquillum
1360 1776 1478 1805 maneat,
1508 1773 1695 1800 continentior

905 1822 966 1848 vita:
982 1820 1129 1856 disciplina
1147 1819 1271 1855 quaedam
1295 1823 1336 1846 est
1352 1818 1497 1853 diligenter
1523 1817 1694 1853 procuranda

904 1865 1124 1900 adhibendaque.
1141 1869 1170 1892 ut
1185 1872 1240 1892 non
1255 1864 1434 1899 voluptatem,
1447 1864 1494 1891 sed
1506 1863 1693 1891 necessarium

905 1913 931 1940 in
943 1911 1059 1947 singulis
1072 1918 1151 1939 usum
1166 1910 1359 1938 delectationis
1373 1909 1485 1937 modum
1503 1913 1530 1937 ct
1544 1909 1692 1936 terminum

904 1958 1118 1986 constituamus.
1149 1955 1281 1989 Quamvis
1303 1959 1395 1983 autem
1432 1962 1494 1982 cum
1527 1954 1693 1982 necessitate

904 2004 1064 2041 iucunditas
1080 2010 1152 2038 stupe
1164 2002 1309 2030 commista
1326 2001 1362 2028 sit
1377 2010 1383 2028 :
1408 2001 1539 2036 quoniam
1563 2001 1632 2028 solet
1651 2001 1690 2027 in-

904 2050 1024 2085 digentia
1039 2053 1138 2076 cuncta
1157 2047 1279 2079 condire,
1292 2055 1354 2082 qua:
1372 2046 1527 2074 vehementi
1541 2046 1594 2073 cibi
1610 2053 1691 2081 appe~

904 2096 1000 2130 titione
1016 2095 1042 2121 id
1068 2094 1141 2130 quod
1166 2093 1200 2120 ad
1229 2093 1414 2121 necessarium
1440 2099 1520 2119 usum
1548 2092 1691 2119 inventum

903 2127 955 2174 est,
973 2127 1109 2168 suavitate
1126 2139 1240 2167 condit:
1263 2146 1319 2166 non
1341 2142 1430 2164 tamen
1448 2140 1556 2172 oportet
1577 2140 1690 2172 propter

64 2179 269 2211 oblectationem
284 2193 344 2220 qua:
360 2189 551 2223 consequitur,
568 2189 901 2223 necessitatem.rejicere,
917 2197 1006 2224 neque
1040 2187 1205 2223 voluptatem
1238 2185 1426 2221 principaliter
1460 2186 1598 2221 persequi,
1639 2185 1685 2213 sed

64 2235 94 2256 ex
111 2232 239 2262 omnibus
254 2233 280 2260 id
298 2235 372 2269 quod
388 2235 454 2278 utile
470 2242 511 2264 est
525 2238 680 2273 deligendo,
703 2247 763 2273 qua:
783 2246 882 2266 sensus
904 2238 1063 2269 oblectant,
1079 2235 1216 2271 negligere
1235 2233 1377 2261 debemus-

339 2291 463 2319 ΚΕΦΛΑ.
485 2293 549 2320 ΚΒ¹.

64 2331 123 2359 ὀτι
135 2335 171 2361 σὺ
185 2334 234 2361 δεῖ
245 2336 320 2370 πέρα
332 2338 385 2364 τοῦ
405 2337 531 2372 δέοντος
544 2339 653 2367 ἀσκεῖν
668 2339 724 2374 τὴν
739 2339 847 2375 ἐγκρά-

406 2382 437 2400 τε
440 2381 468 2400 ια
471 2383 499 2401 ν.

99 2413 220 2451 Ὀρῶμεν
230 2416 259 2443 δὲ
278 2417 324 2444 καὶ
336 2418 400 2450 τοὺς
411 2421 552 2455 γεωργοὺς
568 2421 791 2457 ἀναμεμιγμένον
809 2421 848 2458 τῷ

63 2458 124 2504 σίτῳ
130 2460 265 2498 τὺάχυρον
273 2463 406 2498 τεχνικῶς
419 2465 605 2501 διακρίνοντας
613 2472 621 2482 ⁸
632 2467 670 2499 ὡς
676 2468 709 2494 ἂν
718 2467 848 2504 ἑκάτερον

62 2503 144 2532 αὐτῶν
156 2506 197 2536 εἰς
215 2508 407 2544 προσήκουσαν
421 2511 517 2547 χρείαν
534 2512 738 2548 παραληφθείη,
751 2514 782 2540 τὸ
799 2503 848 2549 μὲν

62 2549 99 2581 εις
111 2550 159 2587 τὴν
173 2553 228 2581 τῶν
252 2554 405 2592 ἀνθρώπων
429 2557 514 2592 ζωὴν,
541 2557 573 2585 τὸ
588 2558 616 2585 δὲ
637 2559 678 2591 εἰς
703 2559 800 2586 καῦσίν
816 2567 847 2586 τε

63 2594 115 2630 ἅμα
131 2598 177 2626 καὶ
197 2600 239 2632 εἰς
253 2601 304 2637 τὴν
321 2602 378 2630 τῶν
391 2602 497 2638 ἀλόγων
513 2605 627 2640 τροφήν.
652 2605 757 2632 Οὐκοῦν
772 2606 818 2633 καὶ
833 2606 847 2633 ὁ

61 2642 106 2676 τῆς
120 2645 295 2682 σωφροσύνης
311 2648 433 2684 ἐργάτης
455 2648 602 2686 διακρίνων
618 2650 669 2685 τῆς
684 2650 782 2686 ἡδονῆς
797 2649 847 2687 τὴν

62 2688 160 2722 χρείαν,
176 2691 271 2729 ὥσπερ
289 2693 392 2730 ἀχὺρου
405 2693 451 2722 τὸν
467 2695 552 2727 σῖτον,
563 2696 613 2731 τὴν
629 2695 678 2732 μὲν
699 2696 847 2732 ἀπορρίψει

61 2735 112 2766 W7;
124 2735 313 2775 ἀλογωτέροις,
327 2737 364 2767 ὦν
383 2740 415 2768 τὸ
429 2741 507 2773 τέλος
530 2742 570 2774 εἰς
583 2741 690 2774 καῦσιν,
706 2741 744 2774 ὦς
762 2750 845 2777 φησιν

63 2777 75 2804 ὁ
90 2780 256 2817 ’Δπόστολοςσ
266 2785 315 2821 τῆς
324 2785 353 2813 δὲ
365 2786 459 2822 χρείας
472 2787 557 2822 αὐτῆς
572 2785 642 2814 κατά
656 2787 686 2814 τὸ
699 2788 787 2814 ἐνδέον
800 2788 845 2814 εὑ-

115 2868 133 2884 ²δ
147 2869 229 2898 Heln.
245 2879 282 2905 ιι,
301 2872 328 2900 8.

1186 2290 1300 2319 CAPUT
1317 2290 1398 2318 XXII.

919 2340 1115 2369 Continentiam
1140 2345 1262 2365 exercere
1292 2346 1344 2364 non
1360 2336 1481 2364 debemus
1504 2336 1564 2371 plus
1590 2345 1669 2372 quam

1238 2378 1349 2406 oportet.

937 2421 1069 2449 Videmus
1085 2423 1175 2447 autem
1187 2418 1421 2454 quemadmodum
1446 2422 1473 2445 et
1488 2418 1614 2453 agricola:
1640 2425 1686 2452 pa-

900 2467 958 2496 leas
975 2467 1114 2494 frtunento
1128 2465 1290 2493 commistas
1308 2463 1458 2492 artiﬁciose
1476 2467 1632 2493 secet-nant.
1650 2463 1686 2489 ita

896 2507 930 2541 ἰιι
945 2520 978 2541 ex
994 2512 1037 2539 his
1055 2516 1201 2546 utrumque
1225 2510 1259 2538 ad
1285 2517 1364 2537 usqu
1391 2517 1483 2539 suum.
1508 2509 1559 2536 hoc
1578 2508 1686 2543 quidem

899 2558 934 2586 ad
950 2557 1090 2585 homian
1106 2557 1201 2587 vitam,
1218 2557 1281 2584 illas
1295 2563 1361 2583 vero
1376 2559 1402 2583 et
1416 2555 1449 2582 ad
1467 2554 1687 2582 combustionem

898 2608 926 2633 et
939 2603 974 2631 ad
990 2603 1140 2631 bestiarum
1170 2607 1279 2638 pastum
1298 2605 1451 2629 assumant.
1481 2601 1567 2635 Igitur
1586 2603 1613 2626 et
1640 2599 1686 2633 qui

900 2650 1112 2685 temperantiam
1124 2648 1200 2681 colit,
1210 2655 1225 2675 a
1238 2647 1376 2682 voluptate
1392 2645 1595 2677 necessitatem,
1606 2645 1686 2679 quasi

899 2703 914 2723 ιι
931 2695 1017 2730 paleis
1031 2694 1199 2722 frumentum
1211 2692 1343 2729 seiungit,
1356 2696 1384 2719 ιιι
1396 2691 1561 2725 voluptatem
1575 2690 1684 2726 quidem

899 2741 994 2770 bardis
1011 2741 1133 2775 obiiciat.
1158 2746 1277 2774 quorum
1303 2737 1507 2766 consummatio
1520 2740 1573 2769 est,
1600 2740 1630 2762 ut
1647 2736 1686 2762 ait

898 2786 1058 2823 Apostolus,
1074 2786 1101 2813 in
1116 2783 1340 2814 combustionem
1352 2783 1374 2800 ιδ
1388 2793 1396 2818 ;
1414 2782 1606 2811 necessitatem
1622 2789 1688 2809 vero
