1912 3080
201 150 253 179 403

820 150 849 178 S.
870 150 1033 178 GREGOIHI
1051 150 1195 179 NYSSENI

1792 148 1846 178 ωδ

202 221 293 241 rerum
311 213 450 245 sumiani,
467 216 604 248 quatenus
617 216 736 248 oportet,
751 211 810 247 ipse
826 217 914 240 sumet
926 221 933 240 ε
947 213 988 240 seu

1046 212 1182 247 χαριστῶν
1199 212 1394 248 μεταλήψεται.
1428 211 1497 238 Ἀλλ’
1521 210 1616 246 ἐπειδὴ
1637 209 1730 237 πολλοὶ
1752 210 1800 237 ἐπὶ
1814 211 1846 237 τὸ

202 259 334 293 quoniam
346 259 470 295 plerique
481 260 508 286 in
524 259 640 286 alterum
658 258 896 286 immoderatiouis
911 266 998 293 genus

205 305 311 340 delapsi
327 305 495 339 inciderunt,
511 305 693 341 studiumque
716 305 744 332 in
770 312 814 337 eo,
841 304 915 340 quod
944 305 997 332 sibi

205 353 377 388 propositum
391 352 504 385 habent,
523 351 576 387 ipsi
592 352 767 384 adhibentes,
783 360 816 379 ex
831 351 916 379 nimia
928 359 996 387 qua-

204 397 268 425 dam
286 398 427 434 di'igentia
449 398 476 425 in
494 405 539 425 res
562 398 718 427 contrarias
743 402 888 430 venerunt,
915 403 997 433 atque

205 443 260 471 alio
275 443 385 479 quidem
407 443 489 472 modo
503 451 518 470 a
544 443 629 472 rebus
654 443 814 472 caelestibus
842 451 874 472 ac
895 443 997 472 divinis

205 490 327 518 animum
343 494 528 525 removentes,
545 490 573 518 in
591 490 789 525 occupationes
800 493 827 518 et
847 497 930 518 curas
945 489 997 516 hn-

205 536 286 564 miles
301 535 476 569 ceciderunt,
492 543 555 563 eum
572 536 610 563 ita
627 535 661 563 ad
685 535 782 563 harum
806 543 910 568 rerum,
936 542 997 570 qua:

206 589 348 617 corporeae
365 586 441 614 sunt,
459 581 669 610 observationes
694 586 812 610 mentem
834 581 996 617 adiecerint,

205 629 236 653 ut
249 634 340 662 neque
355 627 479 655 cmlestia
493 627 560 660 illis,
584 635 673 663 neque
700 627 792 655 divina
822 627 937 654 liberum
961 627 997 654 sit

204 671 299 698 animo
324 672 517 706 contemplari,
545 671 594 700 sed
621 672 654 699 ad
671 672 722 700 hoc
747 672 871 699 inclinati
890 672 945 699 sint
967 675 997 699 ut

205 721 316 741 carnem
331 715 472 749 exagitent
489 720 571 750 atque
595 716 739 751 affligant:
763 717 893 751 praeclare
923 721 997 744 eet-te

206 763 333 792 ageretur
356 760 439 795 hujus
465 760 548 788 etiam
567 761 605 788 rei
629 770 724 788 curam
749 761 892 794 adhibere,
914 766 997 797 atque

207 806 279 833 hanc
303 811 448 842 utramque
471 808 728 835 immoderationem
750 809 892 843 aequaliter
923 809 996 836 refu-

205 859 280 886 gere,
298 857 328 878 ut
348 860 438 887 neque
465 854 590 887 corporis
610 853 746 880 obesitate
771 859 889 881 mentem
914 855 995 888 quasi

204 896 351 931 aggeribus
373 898 608 933 circumsepiant,
634 907 724 934 neque
748 907 846 928 rursus
874 900 994 929 inductis

204 942 438 972 imbecillitatibus
456 948 565 971 tenuem
584 943 658 971 illam
676 949 702 971 et
719 945 848 973 humilem
862 946 992 980 efﬁciant,

204 992 230 1014 et
245 987 278 1014 ad
295 988 419 1023 corporis
431 989 541 1016 labores
557 997 674 1024 prorsus
697 990 821 1018 inutilem
835 1013 842 1025 ,
862 994 993 1021 memine-

205 1032 317 1067 rintque
332 1033 399 1060 illud
413 1040 581 1069 praeceptum
597 1036 731 1070 sapientis
751 1036 812 1068 viri,
833 1038 879 1072 qui
904 1039 993 1073 prohi-

205 1077 260 1110 hct,
281 1083 310 1106 ut
327 1087 362 1106 ne
382 1080 446 1114 quis
468 1079 502 1106 ad
523 1080 674 1112 dexteram,
697 1089 784 1116 neque
800 1083 832 1109 ad
851 1083 991 1110 sinistram

204 1123 332 1151 declinet.
348 1125 447 1152 Audivi
463 1125 590 1160 equidem
603 1127 738 1155 medicum
753 1129 909 1164 quempiam
924 1129 993 1158 artis

203 1176 260 1195 sum
276 1175 411 1205 pra-cepta
435 1170 616 1199 disserentem
634 1172 737 1205 dicere,
756 1181 857 1210 corpus
869 1180 992 1203 nostrum

204 1221 325 1248 quatuor
354 1224 407 1242 non
434 1216 556 1250 ejusdem
577 1221 686 1252 generis
707 1220 868 1252 elementis,
886 1221 933 1248 sed
951 1222 993 1249 di-

203 1268 282 1287 verse
297 1261 367 1288 inter
379 1269 409 1289 se
424 1261 530 1290 affectis
547 1268 708 1291 concretnrn
720 1274 784 1292 esse
797 1287 804 1298 ,
817 1267 992 1302 calidumque

204 1306 302 1341 frigido
320 1307 428 1334 misceri
448 1315 480 1334 ac
497 1310 664 1344 temperari,
688 1311 862 1346 humidaequc
888 1316 993 1340 natura

202 1354 428 1388 lemperationem
446 1355 593 1389 quamdam
607 1364 640 1382 ex
653 1356 730 1383 arida
748 1357 876 1392 siccaque
894 1363 992 1392 prteter

201 1399 358 1434 opinionem
372 1400 440 1433 fieri,
456 1401 598 1436 mediaque
609 1402 725 1436 quadarn
737 1411 908 1438 rerum,qu:e
926 1412 992 1431 con-

200 1446 322 1479 veniunt,
344 1447 506 1481 cognatione
522 1448 642 1475 adhibita
662 1457 724 1476 cum
750 1451 992 1479 contrariiscohaz-

198 1500 272 1520 rere.
285 1492 375 1528 Atque
389 1493 481 1521 subtili
494 1493 651 1528 hujusmodi
665 1500 724 1522 arte
749 1495 804 1528 ille,
827 1497 872 1532 qui
890 1497 916 1524 in
940 1497 991 1525 hoc

201 1538 362 1574 indaganda:
373 1545 478 1567 natura:
488 1541 580 1567 studio
590 1545 726 1572 versatur,
735 1543 867 1570 rationem
881 1543 992 1571 demon-

199 1590 280 1618 strat,
295 1586 389 1620 aitque
405 1586 514 1620 singula
532 1586 589 1613 ha:c
605 1587 639 1613 ab
653 1587 791 1622 oppositis
811 1589 987 1620 naturaliter,

198 1632 276 1666 quasi
295 1631 387 1659 medio
408 1632 562 1666 interjecto.
585 1633 735 1668 disjumta,
762 1633 879 1669 quadam
898 1635 989 1670 quali-

199 1682 286 1704 tatum
327 1678 543 1713 propinquarum
573 1679 708 1707 affinitate
738 1688 801 1706 enm
839 1681 988 1708 contrariis

198 1723 356 1752 convenire.
371 1724 439 1751 Cum
455 1724 528 1752 enim
542 1724 629 1760 frigus
642 1730 669 1753 et
679 1727 755 1753 calor
769 1727 912 1761 aequaliter
925 1735 987 1754 cum

198 1769 313 1797 hutnore
332 1770 511 1806 siccitateque
531 1771 699 1805 coluereaut,
722 1780 873 1808 rut-Susque
891 1773 988 1800 humor

198 1821 226 1842 et
242 1815 357 1844 ariditas
371 1817 468 1851 atqnali
489 1818 590 1845 caloris
609 1822 637 1845 et
653 1817 765 1853 frigoris
789 1820 988 1854 temperatione

197 1853 422 1896 componantur:
445 1863 501 1890 haec
523 1864 686 1896 qualitatum
712 1864 807 1891 eadem
831 1853 986 1899 aiqualitas,

196 1914 258 1942 qua:
270 1906 298 1933 in
315 1907 465 1934 contrariis
477 1911 600 1942 apparet,
622 1916 714 1935 rerum
739 1909 810 1936 inter
831 1918 860 1936 se
875 1915 986 1937 contra-

196 1953 299 1980 riarum
319 1953 538 1981 convenientiam
562 1962 610 1989 per
628 1962 657 1981 se
682 1955 776 1989 gignit.
804 1954 856 1982 Sed
867 1956 931 1991 quid
952 1957 986 1984 ad

195 2007 239 2028 mo
256 1999 364 2036 singula
380 2000 528 2035 diligenter
548 2001 686 2034 explicare
704 2003 811 2037 attinet,
829 2009 855 2032 et
871 2012 985 2039 querno-

194 2045 230 2072 do
250 2045 307 2073 haec
326 2046 361 2074 ob
376 2050 482 2073 natura:
505 2048 716 2082 repugnantiam
740 2050 856 2077 invicem
875 2050 984 2085 disjun-

192 2095 304 2126 gantur,
320 2096 347 2118 et
361 2099 458 2118 rursus
475 2091 509 2118 ob
526 2093 693 2127 qualitatum
711 2096 904 2130 cognationem
923 2105 985 2124 mu-

193 2139 242 2163 tuo
258 2139 408 2170 temperata
419 2135 647 2171 conjuugantur‘!
666 2137 766 2165 Verum
783 2147 842 2166 eam
865 2140 900 2167 ob
920 2148 983 2167 cau-

197 2188 256 2207 sam
275 2189 325 2209 nos
341 2181 375 2209 de
386 2182 431 2214 iis,
445 2190 505 2217 qua:
516 2182 646 2215 diximus,
669 2186 835 2212 mentionem
854 2186 981 2219 fecimus,

1007 1569 1028 1598 C

1050 259 1142 294 ἕτερον
1159 257 1228 290 alio;
1247 257 1297 293 τῆς
1311 257 1445 293 ἀμετρίας
1468 257 1724 292 κατολισθήσαντες,
1738 256 1783 284 διὰ
1795 258 1846 292 τῆς

1050 303 1271 339 ὑπερὸαλλούσης
1292 303 1444 339 ἀκριϐείας,
1468 302 1564 329 ἔλαθον
1588 302 1736 329 ὑπεναντία
1759 310 1845 328 σπου-

1049 350 1175 381 δάζοντες
1187 349 1226 384 τῷ
1238 349 1296 384 ἰδίῳ
1310 348 1468 384 σκοπῷ,καὶ
1480 348 1552 383 ἄλλῳ
1562 348 1657 383 τρόπῳ
1666 348 1721 375 τῶν
1733 347 1846 383 aq,an

1048 402 1077 420 τε
1091 394 1138 420 καὶ
1163 393 1308 429 θειοτέρων
1332 394 1382 429 τὴν
1397 393 1485 428 ψυχὴν
1501 393 1722 428 ἀποστήσαντες,
1742 393 1784 424 εἰς
1797 400 1845 419 τα-

1049 440 1145 471 πεινὰς
1165 439 1308 475 φροντίδας
1324 439 1370 466 καὶ
1386 438 1514 474 ἀσχολίας
1534 438 1702 473 κατήγαγον,
1727 437 1797 473 πρὸς
1810 437 1845 464 τά

1049 485 1194 520 σωματικὰ
1206 484 1429 521 παρατηρήματα
1442 484 1492 519 τὴν
1502 483 1622 511 διάνοιαν
1631 483 1720 510 αὐτῶν
1732 483 1844 510 κλίναν-

1047 539 1108 562 τες’
1135 530 1173 562 ὡς
1191 531 1290 566 μηκέτι
1307 530 1399 562 αὐτοῖς
1416 530 1445 556 ἐν
1466 529 1607 565 ἐλευθερία
1625 529 1844 564 μετεωροπορεῖν

1046 577 1092 604 τὸν
1106 576 1168 604 νοῦν
1179 597 1186 609 ,
1211 577 1258 604 καὶ
1279 577 1314 604 τὰ
1337 577 1393 604 ἀνω
1408 576 1529 612 βλέπειν,
1552 575 1611 603 ἀλλ’
1636 576 1682 601 ἐπὶ
1695 574 1726 601 τὸ
1743 574 1843 601 πονοῦν

1047 622 1095 649 καὶ
1109 623 1318 659 ωντριὸόμενον
1331 623 1381 658 τῆς
1400 621 1501 657 σαρκὸς
1516 620 1700 648 ἐπικλίνεσθαι
1713 628 1720 636 ·
1752 619 1844 652 καλῶς

1048 668 1081 695 ἂν
1095 667 1150 704 ἔχοι
1165 669 1212 695 καί
1227 668 1321 695 τούτου
1333 668 1470 695 ποιεῖσθαι
1484 667 1534 702 τὴν
1549 666 1719 702 ἐπιμέλειαν,
1735 665 1844 697 καὶτὰς

1047 714 1077 747 ἐξ
1099 714 1238 751 ἑκατέρων
1262 715 1425 750 ἐπιμετρίας
1449 714 1547 749 ἐπίσης
1569 712 1844 749 παραφυλάττεσθαι,

1049 762 1117 798 μήτε
1143 761 1186 788 διὰ
1222 761 1409 797 πολυσαρκίας
1439 759 1664 795 καταχωννύντας
1693 759 1740 785 τὸν
1767 758 1843 788 νοῦν,

1049 807 1110 842 μηδ’
1125 805 1159 833 αὖ
1179 806 1261 834 πάλιν
1278 807 1339 838 ταῖς
1355 805 1528 837 ἐπεισάκτοις
1545 804 1698 836 ἀσθενείαις
1720 803 1844 838 ἐξίτηλον

1047 853 1128 880 αὑτὸν
1142 853 1188 879 καὶ
1200 853 1326 879 ταπεινὸν
1341 853 1438 884 ποιεῖν,
1451 851 1497 878 καὶ
1510 851 1575 886 περὶ
1587 851 1650 882 τοὺς
1668 848 1845 884 σωματικοὺς

1013 891 1034 918 Β
1055 900 1152 932 πόνους
1168 898 1353 935 ήσχολημένον
1367 906 1374 913 ⁵
1398 897 1552 934 μεμνῆσθαι
1571 896 1600 922 δὲ
1613 895 1660 922 τοῦ
1673 894 1757 930 σοφοῦ
1774 901 1845 929 παρ-

1048 945 1229 980 αγγέλματος,
1249 944 1296 971 τοῦ
1311 945 1409 980 ἐπίσης
1427 942 1610 979 ἀπειρηκότος
1630 943 1681 977 τήν
1697 949 1727 968 τε
1748 941 1796 967 ἐπὶ
1810 941 1844 967 τὰ

1046 991 1122 1024 δεξιὰ
1137 991 1183 1018 καὶ
1200 991 1235 1017 τὰ
1252 990 1362 1017 ἐναντία
1377 989 1568 1025 παρατροπήν.
1591 987 1714 1014 Ἤκουσα
1726 986 1756 1013 δέ
1771 995 1845 1018 τινος

1049 1036 1171 1072 ἰατρικοῦ
1183 1037 1217 1063 τὰ
1233 1037 1265 1063 ὲκ
1279 1035 1327 1071 τῆς
1347 1035 1444 1071 τέχνης
1461 1034 1616 1067 διεξιόντος,
1631 1034 1672 1061 ὅτι
1692 1035 1726 1060 ἐκ
1740 1033 1843 1060 τεσσά-

1047 1092 1102 1119 ρων
1117 1083 1183 1118 ὴμῖν
1197 1083 1246 1117 οὐχ
1262 1081 1394 1118 ὁμοειδῶν
1409 1082 1559 1117 στοιχείων,
1574 1080 1631 1108 ἀλλ’
1641 1079 1773 1110 ἐναντίως
1784 1087 1844 1104 κει-

1049 1129 1147 1164 μένων,
1162 1129 1191 1155 τὸ
1208 1128 1288 1164 σῶμα
1307 1128 1456 1164 συνέστηκε
1468 1135 1476 1143 ’
1503 1127 1603 1163 θερμόν
1629 1135 1658 1153 τε
1674 1126 1724 1153 καὶ
1736 1125 1844 1160 ψυχρὸν

1047 1174 1251 1211 συγκεκρᾶσθαι
1261 1183 1268 1189 ο
1281 1175 1327 1201 καὶ
1342 1173 1426 1210 ὑγροῦ
1442 1173 1511 1210 πρὸς
1525 1173 1606 1209 ξηρὸν
1618 1171 1688 1200 εἶναι
1702 1172 1754 1208 τὴν
1769 1171 1844 1207 μίξιν

1047 1221 1218 1256 παράλογον,
1242 1221 1274 1256 τῇ
1291 1220 1336 1247 διὰ
1355 1220 1439 1255 μέσου
1457 1219 1512 1246 τῶν
1529 1218 1667 1253 συζυγιῶν
1691 1217 1843 1251 οἰκειότητι

1046 1267 1115 1303 πρὸς
1129 1267 1163 1294 τὰ
1177 1267 1286 1294 ἐναντία
1298 1266 1521 1302 συναπτομένων.
1536 1265 1591 1292 Καί
1603 1273 1655 1291 τινι
1671 1263 1843 1299 λεπτουργία

1045 1312 1158 1349 τοιαύτῃ
1174 1312 1218 1338 τὸν
1241 1311 1319 1346 λόγον
1337 1311 1504 1346 φυσιολογῶν
1526 1309 1687 1337 ἀπεδείκνυε
1701 1328 1709 1341 ,
1726 1309 1842 1342 φάσκων

1046 1360 1161 1386 ἑκάστου
1176 1358 1277 1385 τούτων
1295 1360 1326 1384 ἐκ
1347 1358 1494 1393 διαμέτρου
1513 1357 1581 1392 πρὸς
1603 1356 1634 1382 τὸ
1648 1355 1842 1390 ἀντικείμενον

1046 1403 1172 1437 ἀφεστὼς
1185 1404 1218 1438 τῇ
1236 1403 1315 1437 φύσει
1329 1402 1372 1429 διὰ
1385 1402 1436 1437 τῆς
1455 1401 1616 1436 συγγενείας
1631 1400 1685 1427 τῶν
1700 1408 1842 1434 παρακει-

1048 1449 1135 1484 μένων
1151 1449 1300 1484 ποιοτήτων
1321 1450 1377 1480 τοίς
1403 1448 1536 1479 ἐναντίοις
1560 1446 1757 1473 συνάπτεσθαι.
1784 1444 1841 1472 Τοῦ

1045 1495 1099 1531 γὰρ
1115 1494 1219 1529 ψυχροῦ
1237 1495 1285 1521 καὶ
1303 1493 1349 1520 τοῦ
1365 1493 1466 1530 θερμοῦ
1488 1493 1559 1520 κατὰ
1578 1493 1608 1519 τὸ
1626 1493 1682 1519 ἴσον
1700 1493 1796 1527 ὑγροῖς
1811 1500 1842 1518 τε

1046 1541 1093 1568 καὶ
1107 1540 1198 1576 ξηροῖς
1210 1540 1403 1575 ἐγγινομένων,
1416 1540 1463 1567 καὶ
1476 1539 1507 1567 τὸ
1518 1539 1635 1574 ἔμπαλιν
1651 1538 1698 1566 τοῦ
1712 1537 1800 1574 ὑγροῦ
1811 1546 1842 1564 τε

1045 1587 1092 1614 καὶ
1108 1587 1190 1622 ξηροῦ
1217 1589 1245 1614 ἐν
1268 1589 1324 1619 τοῖς
1345 1587 1456 1622 θερμοῖς
1481 1595 1511 1613 τε
1529 1587 1575 1613 καὶ
1597 1586 1712 1621 ψυχροῖς
1736 1585 1842 1619 ὁμοίως

1044 1634 1266 1669 συνισταμένων
1296 1635 1312 1669 ἡ
1339 1634 1393 1661 τῶν
1418 1633 1568 1669 ποιοτήτων
1582 1633 1716 1667 ταυτότης
1738 1631 1841 1665 ἐπίσης

1043 1681 1099 1712 τοῖς
1122 1681 1252 1712 ἐναντίοις
1270 1680 1466 1716 ἐμφαινομένη,
1481 1679 1514 1706 δι’
1529 1679 1628 1714 ἑαυτῆς
1642 1680 1714 1705 ποιεῖ
1725 1678 1782 1704 τῶν
1793 1678 1842 1703 ἀν-

1041 1727 1202 1762 τικειμένων
1215 1727 1263 1762 τὴν
1277 1727 1392 1754 σύνοδον.
1413 1727 1492 1754 ’Λλλὰ
1506 1727 1531 1752 τί
1545 1735 1588 1762 μοι
1603 1725 1704 1752 τὰκαθ*
1721 1725 1840 1752 ἕκαστον

1041 1773 1074 1800 δι’
1092 1773 1234 1809 ἀκριϐείας
1246 1773 1357 1806 ἐξιέναι,
1371 1774 1445 1804 ὅπως
1464 1771 1551 1799 ταῦτα
1564 1772 1611 1798 καὶ
1632 1771 1768 1806 τέτμηται
1789 1771 1839 1797 ἀπ’

1041 1820 1163 1855 ἀλλήλων
1176 1821 1209 1855 τῇ
1223 1819 1378 1846 ἐναντιώσει
1392 1820 1441 1855 τῆς
1452 1819 1568 1854 φύσεως,
1581 1819 1627 1845 καὶ
1638 1818 1720 1844 πάλιν
1730 1818 1836 1852 ἥνωται

1040 1867 1073 1900 τῇ
1093 1864 1235 1900 συγγενείᾳ
1248 1864 1302 1890 τῶν
1322 1865 1472 1899 ποιοτήτων
1488 1863 1615 1899 ἀλλήλοις
1632 1863 1835 1898 συνανακιρνά-

1041 1919 1109 1946 μενα
1124 1920 1131 1944 ;
1151 1910 1222 1946 Πλὴν
1241 1906 1271 1936 οὗ
1288 1911 1368 1946 χάριν
1386 1910 1439 1936 τῶν
1459 1909 1613 1945 εἰρημένων
1633 1908 1834 1944 ἐμνήσθημεν,

1039 1958 1079 1984 ὅτι
1097 1957 1288 1984 σονεῦούλευεν
1299 1959 1312 1984 ὁ
1326 1958 1374 1992 τὴν
1383 1956 1430 1983 τοῦ
1447 1956 1571 1992 σώματος
1583 1955 1664 1990 φύσιν
1680 1957 1713 1990 τῇ
1731 1955 1837 1990 θεωρία

1038 2003 1125 2040 ταύτῃ
1141 2004 1312 2038 κατανοήσας
1328 2004 1462 2039 προνοεῖν,
1477 2002 1514 2034 ὡς
1529 1999 1584 2029 οἶόν
1602 2010 1641 2034 τε,
1656 2002 1707 2037 τῆς
1723 2003 1836 2037 ἰσοκρα-

1038 2050 1113 2081 τείας
1128 2049 1181 2076 τῶν
1194 2050 1346 2085 ποιοτήτων
1358 2057 1365 2064 ’
1389 2051 1417 2076 ἐν
1437 2049 1524 2084 τούτῳ
1540 2049 1595 2084 γὰρ
1608 2046 1677 2075 εἷναι
1695 2048 1728 2074 τὸ
1741 2048 1833 2082 ὑγιαίι

1038 2104 1103 2127 νειν,
1119 2096 1148 2121 ὲν
1166 2095 1205 2130 τῷ
1223 2095 1304 2130 μηδὲν
1319 2095 1371 2122 ὑπο
1386 2094 1432 2121 τοῦ
1451 2095 1545 2130 ἐτέρου
1562 2095 1616 2120 τῶν
1629 2095 1657 2120 ὲν
1673 2094 1741 2128 ἡμῖν
1754 2093 1834 2119 δυνα-

1038 2140 1192 2167 στεύεσθαι,
1217 2140 1320 2166 Οὐκοῦν
1344 2139 1523 2175 ἐπιμελητέον
1546 2140 1612 2174 ἡμῖν
1629 2139 1677 2173 τῆς
1700 2137 1833 2172 τοιαύτης

1037 2185 1230 2217 καταστάσεως
1248 2186 1314 2220 πρὸς
1338 2185 1386 2221 τὴν
1399 2186 1447 2220 τῆς
1461 2186 1554 2220 ὑγείας
1580 2184 1728 2219 διαμονὴν,
1754 2185 1832 2216 εἴπερ

196 2227 340 2262 quoniam,
353 2228 397 2262 qui
412 2229 453 2255 his
465 2230 547 2257 rebus
561 2231 762 2258 animadversis
785 2233 912 2266 corporis
935 2241 981 2260 na-

1036 2241 1062 2257 τι
1074 2231 1173 2267 ἀληθὲς
1190 2231 1280 2258 αὐτῶν
1297 2233 1310 2258 ό
1326 2231 1405 2265 λόγος
1424 2231 1479 2266 ἔχει
1491 2251 1498 2262 ,
1524 2230 1620 2266 μηδενὶ
1637 2229 1717 2265 μέρει
1733 2229 1788 2255 τῶν
1803 2229 1832 2260 ἐξ

1039 2275 1051 2284 τ

193 2276 283 2300 turam
300 2277 501 2302 commentatus
523 2279 577 2308 est,
591 2275 635 2302 hic
646 2277 752 2302 monuit
771 2278 902 2312 :equalem
923 2287 983 2305 eam

193 2319 356 2354 qualitatum
369 2320 518 2355 potentiam
528 2321 602 2348 omni
614 2322 720 2348 ratione
732 2323 823 2349 curari
838 2328 964 2358 oportere
974 2346 981 2357 ,

193 2364 257 2399 quia
273 2364 300 2391 in
313 2364 366 2392 hoc
383 2365 435 2393 sita
450 2369 492 2393 est
503 2365 574 2393 bona
587 2367 726 2399 valetudo,
750 2372 778 2394 ut
791 2368 859 2394 nihil
876 2376 982 2400 eorum,

193 2411 289 2446 quatin
305 2411 384 2439 nobis
398 2411 504 2444 insunt,
525 2413 560 2439 ab
580 2413 641 2440 aliis
660 2421 814 2449 superetur.
833 2415 918 2450 igitur
932 2423 983 2442 nos

194 2456 350 2492 hujusmodi
370 2458 496 2493 corporis
520 2459 757 2492 constitutionem,
781 2461 804 2487 si
831 2461 894 2495 quid
926 2462 983 2488 veri

192 2511 288 2531 earum
304 2511 394 2531 rerum
411 2506 637 2532 commemoratio
648 2506 741 2538 habet,
754 2506 787 2532 ad
802 2507 981 2534 valetudinem

193 2553 325 2584 perpetuo
345 2550 474 2578 tuendam
489 2559 588 2579 curare
610 2552 750 2583 debemus,
777 2557 805 2578 ut
822 2553 855 2580 ad
879 2554 981 2580 trullam

193 2599 298 2630 partem
315 2603 421 2629 eorum,
437 2605 469 2625 ex
487 2598 589 2633 quibus
604 2599 740 2632 compecti
762 2607 869 2631 smnus,
894 2608 982 2635 neque

191 2640 306 2668 nimium
322 2649 411 2676 neque
429 2649 528 2676 parum
550 2650 582 2669 ex
605 2643 732 2678 inaequali
758 2645 847 2671 vietus
876 2645 982 2673 ratione

191 2685 335 2714 addamus.
357 2686 392 2714 Ut
406 2687 479 2714 eiiint
493 2686 612 2714 vehiculi
630 2693 720 2716 rector
734 2689 755 2716 si
772 2690 842 2717 forte
859 2691 977 2725 equulos

192 2737 245 2758 non
259 2732 464 2759 consentientes
481 2732 688 2768 concordesque
704 2735 782 2769 regit,
808 2744 895 2771 neque
910 2737 979 2764 celes

191 2782 248 2803 rem
263 2776 424 2803 verberibus
438 2776 545 2809 incitat,
560 2785 649 2812 neque
668 2779 774 2806 tardum
795 2780 908 2808 habenis
938 2789 981 2809 re-

190 2819 293 2854 primit,
308 2828 396 2855 neque
411 2829 506 2849 rursus
523 2830 692 2858 perversum,
713 2826 873 2853 offrenatum
893 2833 918 2854 et
943 2828 982 2854 in.

190 2865 325 2894 domitum
341 2866 399 2894 suis
410 2867 486 2895 illum
498 2869 704 2899 incitationil-us
716 2871 743 2900 in
756 2872 859 2900 ordinis
870 2881 977 2908 pertur-

1035 2276 1072 2305 ὧν
1084 2279 1290 2313 συνεστήκαμεν
1309 2277 1324 2313 ἢ
1342 2277 1512 2312 πλεονασμὸν
1529 2277 1546 2312 ἢ
1561 2276 1708 2303 ἐλάττωσιν
1727 2277 1761 2302 ἐκ
1784 2276 1831 2310 τῆς

1034 2324 1106 2350 κατὰ
1119 2324 1167 2359 τὴν
1183 2324 1289 2350 δίαιταν
1305 2324 1464 2360 ἀνωμαλίας
1481 2324 1629 2358 ἐπάγοντες
1642 2330 1649 2337 ·
1665 2322 1764 2358 ὥσπερ
1778 2322 1829 2357 γὰρ

1033 2372 1047 2398 ὁ
1059 2371 1104 2398 τοῦ
1123 2371 1245 2406 ἆρματος
1258 2371 1416 2406 ἐπιστάτης.
1441 2371 1464 2396 εί
1478 2369 1515 2405 μὴ
1535 2368 1755 2404 συμφωνούντων
1766 2370 1824 2395 ἐπι-

1035 2417 1144 2452 στατοίη
1167 2416 1218 2442 τῶν
1232 2416 1346 2448 πώλων,
1370 2416 1432 2442 οὔτε
1456 2416 1500 2442 τὸν
1518 2415 1581 2448 ὀξὺν
1606 2414 1774 2450 ἐπισπέρχει
1794 2416 1826 2450 τῇ

1036 2461 1156 2496 μάστιγι,
1172 2460 1235 2488 οὔτε
1248 2462 1293 2488 τὸν
1322 2461 1422 2496 βραδὺν
1437 2460 1551 2494 κατάγει
1567 2461 1626 2491 ταῖς
1648 2460 1750 2494 ἡνίαις,
1774 2459 1825 2486 οὐδ’

1034 2505 1069 2534 αὖ
1083 2507 1165 2535 πάλιν
1179 2508 1224 2535 τὸν
1239 2508 1459 2543 ἐνδιάστροφονῆ
1473 2507 1599 2542 δυσήνιον
1613 2507 1708 2534 ἄνετον
1723 2508 1756 2542 ἐᾷ
1770 2508 1827 2538 mi;

1032 2554 1146 2585 οἰκείαις
1171 2555 1273 2590 ὁρμαῖς
1294 2554 1334 2585 εἰς
1353 2553 1467 2585 ἀταξίαν
1489 2552 1672 2587 ἐκφέρεσθαι,
1697 2552 1768 2578 ἀλλὰ
1784 2551 1827 2578 τὸν

1034 2601 1082 2636 μὲν
1097 2600 1202 2628 εὐθύνει
1212 2622 1220 2633 ,
1243 2601 1289 2627 τὸν
1303 2600 1331 2627 δὲ
1346 2600 1494 2627 ἀνακόπτει
1504 2620 1511 2630 .
1528 2599 1592 2631 τοὺς
1611 2599 1640 2626 δὲ
1656 2599 1825 2625 καθικνεῖται

1031 2646 1076 2672 διὰ
1092 2646 1143 2682 τῆς
1159 2648 1301 2681 μάστιγος,
1325 2646 1378 2678 ἕως
1392 2646 1459 2681 μίαν
1478 2647 1535 2677 τοῖς
1551 2647 1618 2672 πᾶσι
1632 2644 1682 2680 τὴν
1698 2645 1768 2680 πρὸς
1782 2644 1824 2671 τὸν

1031 2691 1133 2728 δρόμον
1158 2694 1312 2728 σύμπνοιαν
1327 2693 1481 2729 ἐμποιήσῃ’
1506 2692 1553 2718 τὸν
1567 2690 1648 2718 αὑτὸν
1661 2691 1763 2726 τρόπον
1781 2690 1825 2717 καὶ

1031 2738 1045 2764 ό
1062 2738 1196 2774 ἡμέτερος
1214 2738 1276 2769 νοῦς
1300 2739 1314 2764 ό
1330 2737 1379 2769 τὰς
1403 2738 1449 2764 τοῦ
1468 2737 1594 2772 σώματος
1608 2736 1688 2772 ἡνίας
1705 2737 1748 2771 ἐφ’
1764 2737 1823 2762 ἐαυ-

1031 2782 1077 2810 τὸν
1089 2782 1167 2818 ἔχων,
1184 2782 1245 2809 οὕτε
1261 2783 1434 2814 πλεονάζοντι
1452 2783 1491 2818 τῷ
1504 2782 1598 2818 θερμῷ
1612 2781 1683 2808 κατὰ
1703 2782 1751 2808 τὸν
1763 2790 1819 2808 x1:-

1033 2828 1079 2864 ρὺν
1092 2829 1142 2863 τῆς
1155 2829 1279 2864 νεότητος
1297 2829 1346 2860 τὰς
1362 2829 1410 2864 τῆς
1425 2828 1573 2864 πυρώσεως
1588 2828 1749 2864 προσθήκας
1766 2828 1822 2853 ἐπι·

1031 2875 1140 2910 νοήσει,
1164 2873 1225 2901 οὔτε
1246 2874 1445 2910 κατεψυγμένη)
1460 2874 1503 2902 διὰ
1524 2874 1608 2906 πάθος
1627 2874 1643 2910 ἦ
1669 2871 1824 2910 χρόνονμὶ
