1912 3080
68 143 124 171 405

729 148 774 177 DE
789 149 1022 178 VIBGINITATE.

1663 154 1714 182 406

67 201 191 248 ψύχοντα
206 203 254 229 καὶ
267 202 300 230 τὰ
315 204 484 241 μαραίνοντα
501 206 643 235 πλεονάσει
653 216 661 224 ⁸
691 208 739 235 καὶ
757 208 869 236 ἐπὶτῶν

929 211 1058 238 tationem
1074 209 1163 238 eiTcrri
1179 211 1257 244 sinit,
1283 211 1332 239 sed
1355 211 1430 239 hunc
1451 211 1557 248 dirigit,
1575 212 1652 240 illum
1669 220 1714 240 re-

69 246 173 273 λοιπῶν
197 249 349 284 ποιοτήτων
372 251 473 286 ὁμοίως
493 253 544 288 τῆς
567 253 678 289 Γραφῆς
701 254 870 281 ἁκούσεται⁶

75 293 134 319 Ἰνα
148 293 219 328 μήτε
229 295 244 320 ό
253 294 283 321 τὸ
300 295 366 323 πολὺ
382 296 528 333 πλεονάσῃ,
542 299 610 334 μήτε
626 299 640 325 ό
652 298 682 325 τὸ
692 298 782 333 ὀλίγον
792 299 871 326 ἐλατ-

69 338 171 374 τονήσῃ
182 347 190 355 α
215 340 283 366 ἀλλὰ
299 340 329 367 τὸ
343 342 373 368 ὲν
396 342 521 379 ἑκατέρῳ
538 344 658 379 ἄμετρον
682 344 868 380 περικόπτων,

69 385 119 419 τῆς
131 385 178 411 τοῦ
193 386 329 419 ἐνδέοντος
343 387 503 424 προσθήκης
525 390 732 425 ἐπιμελήσεται,
751 391 799 417 καὶ
821 391 868 416 ἐπ-

72 429 132 466 ίσης
144 431 195 467 τὴν
209 432 252 467 ἐφ’
265 433 384 469 ἑκάτερα
394 434 441 460 τοῦ
455 434 580 470 σώματος
594 436 744 471 ἀχρηστίαν
753 435 868 470 φυλάξε-

71 485 114 503 ται
127 485 134 493 ⁸
149 478 220 513 μήτε
235 478 269 505 δι’
287 479 511 516 ὑπερϐαλλούσης
525 481 674 512 εὐπαθείας
688 482 807 508 ἄτακτον
822 482 870 508 καὶ

70 522 196 558 δυσήνιον
219 525 270 560 τὴν
297 525 387 561 σάρκα
413 526 510 553 ἑαυτοῦ
538 527 717 563 ἐπασκήσας,
743 528 810 562 μήτε
826 527 870 554 διὰ

70 568 118 602 τῆς
136 569 260 606 ἀμέτρου
275 571 459 604 κακοπαθείας
475 572 580 608 νοσώδη
596 573 643 600 καὶ
656 572 807 608 λελυμένην
823 573 870 599 καὶ

71 614 168 642 ἄτονον
182 617 254 653 πρὸς
275 618 325 653 τὴν
346 619 499 653 ἀναγκαίαν
517 619 669 656 ὑπηρεσίαν
694 620 870 656 παρασκευά-

73 669 141 693 σας·
170 661 250 695 οὗτος
276 664 291 690 ὁ
313 664 481 698 τελειότατος
503 668 552 701 τῆς
572 666 734 702 ἐγκρατείας
757 666 868 699 σκοπᾰς,

71 707 131 742 οὐχὶ
154 708 224 743 πρὸς
243 709 293 744 τὴν
313 710 360 736 τοῦ
386 710 512 746 σώματος
536 711 646 746 βλέπειν
667 711 868 743 κακοπάθειαν,

72 752 141 780 ἀλλὰ
154 754 223 790 πρὸς
238 755 355 791 τὴν.τῶν
369 755 494 792 ψυχικῶν
507 757 716 793 διακονημάτων
731 757 868 784 εὐκολίαν.

924 256 1023 288 frenat,
1036 260 1063 284 et
1083 256 1165 283 alium
1181 256 1287 292 ﬂagello
1302 257 1430 295 impellit,
1442 258 1532 293 quoad
1557 267 1640 286 unam
1656 266 1716 286 ont-

923 300 1004 327 nibus
1019 299 1052 326 ad
1071 299 1236 326 currendum
1255 300 1487 335 conspirationem
1506 300 1647 328 effecerit:
1666 309 1714 328 eo~

921 345 983 373 dem
996 345 1078 372 modo
1093 352 1172 372 mens
1187 349 1292 377 nostra,
1311 353 1372 381 quae
1387 347 1512 381 corporis
1538 347 1661 375 habenas
1686 346 1714 374 in

921 397 951 418 se
971 390 1064 422 habet.
1076 398 1129 416 nott
1146 390 1216 425 ignis
1226 391 1412 419 additamenta
1426 393 1592 427 exeogitabit
1608 392 1712 424 ardori,

920 436 967 472 qui
983 435 1074 463 adulta
1091 441 1172 464 aetate
1188 436 1377 464 vehementior
1394 445 1460 465 sane
1472 442 1524 468 est,
1536 445 1618 473 quam
1635 445 1714 473 opor-

921 485 980 510 tet:
995 490 1086 517 neque
1100 482 1173 518 quod
1189 487 1237 510 aut
1257 487 1389 519 tempore,
1411 487 1459 511 aut
1476 483 1574 512 aﬂectu
1601 484 1713 511 refrixe-

920 529 967 561 rit,
987 529 1074 563 magis
1098 537 1130 556 ea
1157 529 1299 562 accendet,
1323 537 1384 565 quae
1410 529 1508 564 frigida
1532 534 1559 557 et
1578 531 1714 558 exstincta

921 578 1008 603 sunt:
1032 576 1154 610 atquein
1180 576 1294 610 reliquis
1315 576 1427 610 quidem
1455 576 1635 611 qualitatibtts
1656 577 1713 610 pari

922 619 1029 646 ratione
1048 619 1074 646 id
1104 619 1206 652 audiet,
1232 621 1305 656 quod
1330 620 1431 649 divinis
1455 621 1554 648 litteris
1580 622 1713 656 scriptum

922 668 985 692 est:
1000 663 1039 692 Ne
1056 664 1102 700 qui
1119 665 1245 698 multum,
1265 665 1385 693 abundet
1400 675 1408 700 ;
1431 666 1477 701 qui
1497 674 1604 701 parum,
1623 667 1714 693 minus

924 709 1041 738 habeat:
1065 710 1113 738 scd
1137 709 1212 746 quod
1228 711 1256 738 in
1282 715 1399 745 utroqtte
1426 711 1636 738 immoderatum
1661 715 1714 741 est.

922 759 1084 790 amputans.
1113 763 1213 792 augere
1239 756 1265 783 id
1287 756 1414 789 curabit,
1439 756 1467 784 in
1487 765 1542 792 quo
1559 756 1637 784 deest
1660 766 1666 784 :
1689 761 1716 784 et

72 802 202 836 corporis
227 802 477 832 ineornmoditatem
502 805 646 841 aequaliter
672 805 700 832 in
725 809 842 840 utroque
869 803 994 835 cavebit,
1020 811 1054 830 ne
1073 803 1113 830 vel
1133 811 1189 839 prae.
1212 804 1379 832 abundantia
1402 804 1561 831 deliciarum
1589 803 1627 830 ita
1656 811 1716 838 pcr-

73 849 187 877 turbata
211 850 248 879 sit
271 859 346 886 caro,
370 856 401 879 ut
424 853 481 888 regi
507 860 561 881 non
583 854 682 889 possit,
699 853 741 881 vel
768 861 822 888 pne
847 852 1023 880 immoderata
1044 851 1217 879 aﬂlielatione
1232 852 1302 880 male
1316 853 1424 885 alfecta,
1443 852 1533 880 tenuis
1550 855 1576 879 et
1595 851 1628 878 ad
1648 859 1716 879 usus

74 896 138 923 vine
158 898 332 926 necessarios
349 898 458 927 inﬁrma
474 899 606 928 eﬂleiatur
621 909 628 928 :
643 900 695 928 hac
715 899 819 927 ratione
842 899 906 926 illttd
927 897 1156 933 perfectissimum
1169 902 1211 925 est
1224 898 1399 926 continentia:
1414 898 1594 934 propositum,
1615 901 1645 925 ut
1661 906 1714 925 ttou

75 945 110 972 ad
127 946 256 981 corporis
273 946 489 980 alllictationem,
501 948 549 975 sed
564 948 598 976 ad
613 948 772 976 commodas
785 947 870 975 animi
891 946 1048 974 [unctiones
1063 949 1179 981 spectet.

367 1003 495 1031 ΚΕΦΔΛ.
516 1005 581 1034 ΚΓί.

76 1058 142 1096 ὀζι
154 1058 281 1096 ΔὁμοίωςΔ
292 1059 480 1088 ἐναντιοῦται
505 1060 542 1095 τῇ
562 1061 649 1096 ψυχῇ
666 1061 740 1096 πρὸς
757 1060 814 1095 τὴν
827 1069 872 1087 τε-

263 1094 282 1129 ἢ
301 1103 331 1122 τε
345 1093 596 1131 πολυσαρκίᾱκὶιι
608 1093 771 1132 ’ἤῦμὲτρος
783 1093 873 1123 κακο-

111 1174 153 1200 Τὰ
170 1174 199 1200 δὲ
217 1174 278 1202 καθ’
291 1175 416 1209 ἕκαστον,
436 1177 511 1208 ὅπως
524 1185 554 1204 τε
566 1177 619 1213 χρὴ
638 1175 769 1212 βιοτεύειν
784 1176 829 1203 τὸν
843 1176 872 1202 ἐν

77 1219 225 1256 φιλοσοφίᾳ
243 1221 328 1257 ταύτῃ
351 1221 402 1258 ζῇν
417 1223 609 1258 προελόμενον,
629 1223 677 1249 καὶ
695 1223 756 1249 τίνα
770 1221 869 1257 φυλάτ-

76 1265 183 1297 τεσθαι,
196 1266 243 1293 καὶ
261 1267 333 1294 τίσιν
353 1268 569 1304 ἐπιτηδεύμασιν
587 1269 683 1295 ἀσκεῖν
701 1267 806 1300 ἑαυτὸν,
824 1269 872 1301 ἑγ-

78 1312 210 1346 κρατείας
227 1312 326 1349 μέτρα,
345 1315 392 1340 καὶ
414 1314 555 1349 διαγωγῆς
579 1314 691 1350 τρόπον,
711 1314 758 1340 καὶ
783 1313 873 1340 πάντα

76 1357 124 1383 τὸν
142 1357 321 1385 ἑπιὸάλλοντα
339 1359 379 1394 τῷ
391 1359 505 1395 τοιούτῳ
523 1359 617 1394 σκοπῴ
638 1359 705 1395 βίον,
729 1359 783 1394 ὅτῳ
797 1358 873 1393 φίλον

77 1401 110 1428 δι’
121 1402 265 1437 ἀκριϐείας
282 1402 389 1438 μαθεῖν,
405 1404 458 1430 εἰσὶ
474 1404 524 1439 μὲν
535 1405 582 1430 καὶ
599 1405 732 1439 ἔγγραφοι
744 1403 871 1431 διδασκα-

79 1447 134 1474 λίαι
147 1448 234 1475 ταῦτα
248 1449 421 1476 διδάσκουσαι
432 1458 439 1464 ·
465 1451 647 1487 ἐνεργεστὲρα
663 1447 697 1477 δὲ’
709 1451 758 1485 τῆς
775 1451 806 1477 ὲκ
819 1450 873 1476 τῶν

79 1494 167 1529 λόγων
180 1495 321 1531 διδαχῆςή
336 1496 381 1523 διὰ
394 1495 448 1522 τῶν
462 1496 551 1532 ἔργων
565 1496 640 1523 ἐστὶν
661 1496 808 1532 ὺφήγηςις·
826 1496 872 1522 καὶ

79 1539 192 1575 οὐδεμία
207 1540 338 1576 πρόσεστι
360 1541 488 1568 δυσκολία
498 1541 538 1577 τῷ
550 1541 753 1577 προστάγματι,
766 1542 803 1573 ὡς
818 1542 873 1568 δεῖν

80 1585 97 1621 ἢ
109 1586 221 1621 μακρὰν
230 1586 422 1623 ὀδοιπορίαν,ἢ
433 1587 572 1614 ναυτιλίαν
582 1587 681 1623 πολλὴν
693 1588 873 1619 ὑποστάντας,

80 1631 221 1666 ὶπιτυχεῖν
235 1632 283 1658 τοῦ
300 1633 485 1665 παιδεύοντος·
507 1633 564 1661 ἀλλ’
579 1633 663 1668 ἐγγύς
680 1642 727 1660 σου
744 1633 774 1659 τὺ
787 1633 874 1669 ῥῆμα,

1209 1003 1324 1032 CAPUT
1343 1003 1440 1030 XXI".

926 1062 968 1088 Ad
981 1063 1064 1089 animi
1080 1062 1267 1097 perfectionem
1288 1066 1341 1087 lant
1363 1059 1610 1097 impedit‘corporis
1629 1059 1715 1086 obesi-

1069 1095 1217 1132 tkzsfquum
1231 1097 1367 1131 aﬂlictatio
1382 1095 1568 1122 immoderata.

961 1176 1013 1210 Qui
1040 1184 1105 1204 vero
1130 1176 1310 1211 philosophiae
1334 1175 1443 1203 deditus
1469 1179 1529 1205 est,
1546 1180 1626 1209 quem
1654 1173 1716 1200 vitrc

927 1230 1039 1250 cursum
1055 1222 1082 1249 in
1097 1221 1212 1258 singulis
1224 1221 1306 1249 rebus
1319 1225 1412 1248 tenere
1428 1227 1489 1247 cum
1504 1223 1636 1253 oposteat,
1651 1222 1677 1245 et
1689 1219 1716 1244 iu

927 1268 1028 1303 quibus
1042 1268 1158 1300 versari,
1182 1272 1209 1294 et
1230 1274 1292 1303 quae
1315 1273 1424 1300 cavere,
1447 1271 1475 1294 et
1491 1265 1525 1292 ad
1548 1272 1608 1300 qua:
1628 1264 1717 1292 studia

928 1315 1049 1342 animum
1075 1314 1239 1348 adjungcrc,
1263 1320 1358 1349 quaeve
1385 1312 1420 1339 sit
1437 1311 1614 1339 continentiae
1637 1311 1717 1341 ratio.

928 1360 975 1395 qui
997 1359 1151 1394 disciplima
1174 1358 1283 1392 modus,
1308 1358 1355 1393 qui
1386 1357 1504 1391 denique
1527 1358 1588 1383 vita:
1619 1363 1718 1382 cursus

927 1406 1029 1438 omnis,
1044 1406 1090 1441 qui
1106 1407 1139 1432 ad
1160 1406 1211 1432 hoc
1224 1405 1395 1441 propositum
1419 1407 1540 1438 spectat,
1564 1403 1719 1436 cuicunque

928 1457 1036 1487 gratum
1051 1455 1093 1479 est
1106 1451 1250 1486 diligenter
1262 1457 1440 1485 cognoscere,
1458 1452 1591 1484 praecepta
1607 1448 1717 1482 quidem

929 1498 1015 1525 tnulta
1042 1497 1140 1525 litteris
1167 1497 1324 1532 consignata
1351 1500 1426 1526 sunt,
1456 1494 1556 1530 quibus
1582 1494 1638 1521 haec
1660 1493 1719 1528 ipsa

929 1543 1075 1570 traduntttr
1090 1552 1097 1572 ς
1116 1542 1162 1570 sed
1179 1542 1312 1569 minorem
1328 1541 1383 1568 vim
1401 1540 1484 1567 habet
1506 1540 1550 1566 illa
1571 1543 1719 1574 prtrcepto-

928 1597 989 1623 rum
1015 1588 1172 1623 explicatio,
1198 1595 1261 1622 quae
1280 1587 1372 1615 verbis
1399 1587 1512 1622 potius,
1534 1593 1616 1621 quam
1640 1585 1720 1613 factis

929 1636 1144 1666 demonstratur,
1159 1634 1289 1669 nullaque
1304 1633 1343 1660 rei
1362 1632 1509 1660 dilIicultas
1526 1632 1607 1663 inest,
1631 1635 1660 1658 ιιι
1675 1637 1721 1658 aut

81 1678 164 1714 φησὶν
177 1679 192 1705 ό
216 1678 396 1711 ’Λπόστολος·
413 1679 468 1707 ἀπὸ
488 1681 538 1715 τῆς
554 1680 647 1712 ἑστίας
669 1680 686 1715 ἡ
709 1679 805 1715 χάρις·
833 1679 875 1706 ὲν-

929 1683 1107 1719 longinquum
1132 1681 1202 1714 iter,
1229 1683 1276 1707 aut
1301 1679 1415 1706 mttltam
1444 1678 1645 1712 navigationem
1670 1685 1720 1704 nos

81 1723 169 1751 ταῦθα
184 1724 215 1751 τὸ
226 1724 280 1752 τῶν
293 1725 403 1759 ἀγαθῶν
417 1719 611 1761 ἐργαστήριον,
632 1726 660 1752 ἐν
678 1722 700 1760 ᾧ
716 1725 745 1752 τὸ
757 1725 877 1760 ἀκρότα-

81 1778 127 1798 τον
140 1771 191 1806 τῆς
202 1771 345 1807 ἁκριὸείας
359 1773 373 1798 ό
386 1772 505 1803 τοιοῦτος
518 1772 573 1807 βίος
587 1772 692 1808 προῖὼν
707 1771 877 1807 ὲκκεκάθαρ·

80 1825 127 1844 ται
139 1825 147 1832 ’
164 1817 211 1844 καὶ
223 1817 306 1853 πολλή
317 1819 391 1845 ἐστιν
401 1818 510 1850 ἐξουσία
521 1819 568 1845 καὶ
582 1817 747 1845 σιωπώντων
760 1817 877 1845 ἐνταῦθα

81 1862 131 1890 καὶ
146 1863 340 1898 φθεγγομένων
352 1863 401 1899 τὴν
415 1863 541 1899 οὐράνιον
561 1863 662 1899 ταύτην
678 1863 815 1890 πολιτείαν
835 1863 878 1890 διὰ

82 1909 138 1935 τῶν
160 1909 250 1944 ἔργων
271 1908 462 1937 διδάσκεσθαι·
490 1910 552 1936 ἐπεὶ
574 1910 622 1936 καὶ
647 1910 701 1942 πᾶς
717 1910 796 1944 λόγος
816 1909 878 1944 δίχα

86 1955 142 1982 τῶν
163 1955 251 1991 ἔργων
268 1955 472 1991 θεωρούμενος,
488 1955 541 1983 κᾶν
554 1956 595 1982 ὃτι
609 1955 726 1992 μάλιστα
739 1955 878 1983 κεκαλλω-

85 2003 219 2039 πισμένας
235 2003 314 2039 τύχῃ,
339 2003 423 2030 εἰκόνι
438 2003 526 2030 ἔοικεν
539 2003 645 2039 ἀψύχῳ,
667 2004 696 2030 ὲν
717 2003 817 2039 pateat;
830 2003 878 2030 καὶ

84 2050 230 2086 χρώμασιν
253 2049 353 2085 εὐανθῆ
372 2059 432 2077 τινα
455 2051 617 2086 χαρακτῆρα
641 2050 875 2087 πρώεικνυοὺσῃ·

83 2098 99 2124 ὁ
113 2096 142 2123 δὲ
156 2096 240 2123 ποιῶν
258 2096 306 2122 καὶ
316 2096 461 2128 διδάσκων,
486 2096 578 2127 καθώς
591 2096 642 2123 πού
658 2105 724 2132 φησι
741 2096 772 2123 τὺ
788 2097 879 2132 Εὐαγ-

85 2146 187 2181 γέλιον,
196 2143 273 2178 οὗτος
281 2144 389 2180 ἀληθῶς
401 2144 456 2177 ζῶν
468 2146 542 2173 ἐστιν
556 2146 710 2182 ἄνθρωπος,
720 2146 767 2172 καὶ
779 2145 879 2181 ὡραῖος

84 2191 125 2228 τῷ
140 2192 249 2223 κάλλει,
279 2191 327 2217 καὶ
349 2191 478 2226 ἐνεργὸς,
500 2193 548 2219 καὶ
575 2191 744 2227 κινούμενος.
774 2191 879 2218 Οὐκοῦν

84 2237 174 2273 τούτῳ
197 2239 410 2275 προσςεοιτητέον
436 2239 495 2266 ἐστὶ
516 2237 563 2265 τὴν
590 2237 721 2273 μέλλοντα
745 2237 816 2264 κατὰ
834 2237 879 2263 τὸν

84 2284 202 2320 ἐροῦντα
223 2285 301 2320 λόγον
323 2285 373 2320 τῆς
391 2284 540 2320 παρθενίας
552 2283 714 2315 ἀνθέξεσθαι
730 2291 737 2298 ·
754 2283 878 2319 καθάπερ

85 2331 141 2366 γὰρ
157 2332 171 2357 ὁ
185 2332 277 2367 φωνὴν
297 2331 391 2364 ἔθνους
407 2331 478 2363 τινὸς
495 2330 625 2365 ἐκμαθεῖν
643 2329 878 2365 προθυμούμενος,

85 2377 136 2404 οὐκ
155 2376 230 2404 ἐστιν
251 2376 392 2414 αὖτάρκης
409 2377 498 2413 ἐαυτῷ
521 2376 698 2409 διδάσκαλος,
721 2376 788 2403 ἀλλὰ
805 2376 881 2412 παρὰ

85 2421 140 2447 τῶν
156 2422 345 2456 ἐπισταμένων
369 2421 536 2452 παιδεύεται,
552 2421 600 2447 καὶ
616 2419 689 2447 οὓτω
703 2419 809 2454 γίνεται
824 2421 879 2450 τοῖς

85 2467 287 2502 ἁλλογλὼπσοις
305 2468 456 2504 ὁμόφωνος.
483 2467 577 2499 Οὕτως
598 2464 675 2501 οἶμαι
692 2466 740 2492 καὶ
756 2465 802 2492 τοῦ
819 2465 878 2500 βίου

88 2513 183 2540 τούτου
195 2513 232 2550 μὴ
242 2514 311 2542 κατὰ
319 2515 368 2550 τὴν
377 2513 538 2542 ἀκολουθίαν
548 2512 688 2549 προίόντος
700 2511 749 2547 τῆς
762 2512 879 2546 φύσεως,

88 2559 146 2586 ἀλλ’
166 2560 375 2596 ἀπεξενωμένου
394 2562 427 2596 τῇ
443 2560 583 2594 καινότητι
604 2559 656 2594 τῆς
672 2559 822 2593 διαγωγῆς,
842 2559 879 2594 μὴ

87 2604 176 2637 ἄλλως
189 2605 249 2632 τινὰ
265 2606 361 2641 μαθεῖν
378 2606 426 2642 τὴν
448 2605 604 2641 ἀχρῖὂειαν,
620 2605 636 2639 ἢ
655 2604 731 2640 παρὰ
747 2604 794 2631 τοῦ
816 2612 882 2630 κατ-

87 2652 250 2688 ωρθωκότος
265 2652 519 2687 χειραγωγούμενον
529 2659 537 2666 ο
552 2651 600 2678 καὶ
614 2651 647 2678 τὰ
663 2650 729 2678 ἄλλα
745 2650 774 2677 δὲ
790 2650 882 2677 πάντα

87 2700 138 2726 ὃσα
157 2699 229 2726 κατὰ
247 2699 292 2726 τὸν
311 2698 366 2733 βίον
383 2698 589 2734 ἐπιτηδεύομεν,
613 2697 713 2733 μᾶλλον
740 2697 881 2732 κατορθω-

87 2745 148 2780 θεὶη
164 2744 204 2780 τῴ
228 2744 362 2780 μετιόντι,
386 2745 410 2771 εί
427 2745 503 2780 παρᾶ
516 2743 685 2775 διδασκάλοις
708 2752 749 2774 τις
764 2743 880 2770 ἑκάστου

87 2792 142 2818 τῶν
168 2790 393 2826 σπουδαζομένων
414 2790 530 2825 ἐκμάθοι
557 2789 606 2826 τὴν
629 2789 798 2824 ἐπιστήμην,
824 2789 879 2824 ἢεί

123 2880 147 2896 ¹⁸
165 2879 248 2908 Rom.
265 2887 292 2911 κ,
309 2878 335 2904 8.
352 2900 355 2901 ν
375 2878 397 2893 ¹⁶
412 2876 508 2904 Matth.
536 2885 561 2911 ν,
585 2877 625 2905 l9.

928 1729 1021 1757 subire
1041 1729 1177 1763 oporteat,
1203 1729 1233 1752 ut
1258 1728 1451 1760 praeceptorem
1474 1723 1612 1757 ltujusque
1635 1721 1721 1748 disci-

928 1775 1009 1810 plina:
1026 1772 1186 1809 magistrum
1202 1777 1393 1806 assequamur,
1411 1768 1457 1797 sed
1470 1776 1552 1804 prope
1565 1772 1591 1795 te
1608 1768 1720 1797 verbum

927 1824 981 1852 est,
994 1819 1084 1855 inquit
1099 1818 1247 1854 Apostolus
1259 1817 1292 1849 ",
1305 1820 1333 1844 et
1355 1817 1382 1843 in
1397 1815 1524 1850 praesenti
1548 1813 1646 1850 gratia.
1666 1813 1721 1839 Hoc

930 1866 990 1893 loco
1004 1866 1136 1892 virtutum
1152 1862 1263 1890 ofﬁcina
1280 1866 1331 1895 est,
1347 1861 1376 1888 in
1400 1868 1454 1896 qua
1480 1859 1639 1895 hujusmodi
1665 1859 1721 1884 vita

930 1911 962 1938 ad
987 1918 1121 1938 summam
1159 1909 1307 1946 quamdam
1342 1907 1529 1943 integritatem
1553 1913 1720 1941 progressa,

929 1957 1058 1985 sordibus
1074 1960 1188 1992 purgata
1204 1959 1255 1983 est.
1274 1954 1359 1981 Multa
1373 1955 1453 1981 etiam
1471 1953 1522 1980 hoc
1535 1952 1595 1979 loco
1610 1959 1671 1979 cum
1688 1951 1721 1978 iis

929 2005 975 2040 qui
993 2008 1094 2036 tacent,
1111 2007 1168 2031 tum
1183 2003 1251 2035 illis,
1274 2002 1321 2037 qui
1337 2002 1500 2036 loquuntur,
1524 1999 1663 2034 proposita
1679 2003 1722 2024 cst

930 2049 1059 2083 facultas,
1079 2052 1110 2076 ut
1123 2057 1156 2076 ex
1176 2048 1255 2075 factis
1276 2047 1344 2082 ipsis
1362 2045 1469 2073 caelesti
1490 2045 1542 2072 hoc
1557 2045 1618 2071 vita:
1641 2043 1720 2070 insti-

924 2101 990 2130 tuto
1004 2096 1181 2128 erudiantur,
1198 2094 1329 2130 quoniam
1343 2093 1433 2120 oratio
1443 2092 1543 2122 otttnis,
1563 2099 1622 2125 qua:
1639 2089 1720 2116 nullis

930 2143 1010 2170 lactis
1027 2140 1171 2177 perspicua
1194 2143 1247 2172 est,
1270 2138 1322 2166 etsi
1346 2136 1552 2172 ornatu,tnulto
1576 2135 1717 2171 perpolita,

930 2190 964 2217 ad
991 2188 1148 2216 inanimatae
1171 2185 1298 2220 imaginis
1323 2183 1530 2213 similittnlinetu
1561 2190 1645 2218 prope
1674 2189 1721 2208 ac-

931 2235 1032 2268 cessit,
1060 2233 1287 2268 lineamentisque
1312 2235 1339 2259 et
1368 2230 1508 2259 coloribus
1524 2229 1603 2265 quasi
1623 2228 1722 2256 ﬂoren-

933 2286 987 2309 tem
1014 2280 1135 2315 aliquattt
1164 2279 1279 2306 fortnam
1305 2285 1361 2312 pra:
1377 2284 1407 2304 se
1431 2275 1510 2303 feret.
1527 2275 1650 2310 Namque
1675 2273 1720 2308 qui

933 2327 998 2354 facit
1022 2331 1050 2354 et
1066 2326 1163 2357 docet.
1181 2329 1210 2352 ut
1224 2324 1343 2360 quodam
1360 2323 1421 2350 loco
1434 2327 1477 2351 est
1492 2322 1519 2349 in
1535 2320 1720 2356 Evangelio",

933 2374 978 2401 hic
1010 2380 1074 2401 vere
1095 2373 1176 2400 homo
1198 2375 1225 2399 et
1248 2369 1451 2406 pulchritudine
1475 2368 1601 2403 insignis.
1629 2368 1721 2400 ltaqtte

934 2419 979 2447 hic
993 2418 1018 2447 ei
1037 2416 1254 2453 frequentandus
1266 2419 1318 2449 est,
1331 2414 1392 2450 qui,
1407 2420 1436 2441 ιιι
1448 2414 1544 2440 littera:
1559 2412 1720 2446 loquuntur.

933 2465 1117 2502 virginitatem
1134 2464 1171 2492 sit
1195 2462 1428 2498 appreltensurus.
1449 2458 1485 2488 Ut
1507 2459 1579 2487 enirn
1597 2458 1644 2494 qui
1673 2457 1722 2484 ali-

933 2512 1013 2547 cujus
1027 2510 1148 2539 nationis
1162 2516 1316 2538 sermoncm
1334 2508 1441 2535 discere
1462 2506 1592 2537 instituit,
1610 2503 1722 2531 minime

935 2567 983 2594 per
995 2567 1024 2586 se
1042 2558 1110 2586 satis
1125 2561 1177 2589 est,
1197 2560 1225 2583 ut
1238 2563 1253 2582 a
1270 2563 1299 2582 se
1314 2555 1372 2589 ipse
1388 2553 1541 2582 erudiatur,
1560 2550 1608 2578 sed
1625 2549 1659 2576 ab
1673 2549 1720 2579 iis.

935 2606 982 2640 qui
996 2604 1071 2631 illius
1086 2603 1222 2631 sermonis
1247 2601 1326 2645 periti
1352 2605 1415 2628 sunt
1442 2598 1595 2627 instituitur
1609 2617 1616 2630 ,
1639 2601 1722 2630 atque

935 2651 987 2678 hoc
1003 2655 1083 2686 pacto
1101 2649 1176 2676 brevi
1189 2655 1221 2675 ex
1238 2643 1366 2674 audiendi
1381 2643 1580 2673 consuetudine
1594 2648 1722 2677 progres-

935 2684 1009 2728 sus;
1025 2694 1161 2730 peregrini
1187 2691 1324 2720 sermonis
1351 2690 1486 2726 particeps
1509 2686 1649 2716 efﬁcitur:
1680 2684 1719 2712 sic

935 2740 1154 2777 Opinor,silta:c
1170 2739 1224 2766 vita
1252 2745 1306 2764 non
1331 2741 1436 2764 natura:
1462 2735 1505 2762 via
1531 2731 1717 2768 progreditur,

935 2788 982 2816 sed
1001 2793 1072 2814 novo
1087 2785 1206 2821 quodam
1227 2782 1353 2810 instituto
1375 2781 1494 2813 aberrat,
1514 2786 1573 2806 eam
1601 2777 1718 2812 perfecte
