1912 3080
180 175 233 205 ιοτ

793 171 821 201 5.
850 170 1013 200 GREGORII
1039 169 1188 198 NYSSENI

1756 163 1811 192 ιοθ

183 240 196 258 ι
223 231 330 259 nemine
352 237 434 268 posse
463 229 576 266 percipi,
604 229 656 257 nisi
680 228 785 264 oplimo
811 229 869 255 viro
895 228 965 255 duce

1020 227 1063 262 ἀφ’
1080 226 1177 254 ἑαυτοῦ
1197 224 1403 260 κατεπιχειροίη
1426 223 1473 250 τοῦ
1497 223 1677 259 πράγματος’
1702 222 1734 249 οὐ
1755 221 1810 256 γὰρ

185 281 292 306 utatur:
311 281 393 313 alque
416 276 469 304 alia
496 276 598 307 omnia.
627 283 796 310 quaecunque
819 274 884 302 huic
905 275 968 301 vita:

184 324 271 351 itmlia
288 323 427 359 proposita
448 326 523 354 sunt,
546 321 647 349 rectius
661 321 696 348 ab
713 328 746 348 eo
760 320 966 355 perﬁcerentur,

186 371 229 406 qui
245 371 299 398 illis
309 370 418 398 deditus
436 373 489 401 est,
507 369 530 396 si
555 375 570 395 a
590 368 751 395 doctoribus
772 366 967 402 magistrisque

189 415 325 443 Scienliam
344 415 452 442 illarum
466 421 555 441 rerum
568 413 730 449 perciperet,
747 419 862 447 quarum
877 411 968 438 studio

184 467 311 493 tenetur,
338 468 420 496 quam
445 460 467 488 si
491 468 540 496 per
561 467 591 487 se
617 459 651 486 ad
677 467 734 486 rem
761 457 966 493 aggrederetur.

184 505 241 534 Non
258 508 330 534 enim
346 507 522 541 perspicuum
537 510 580 533 est
595 504 750 532 institutum
769 503 852 535 istud.
874 502 915 530 sic
938 506 968 530 ut

185 560 297 580 necesse
316 553 352 580 sit
369 552 503 588 judicium
519 559 614 580 eorum
635 559 696 586 qua)
720 550 747 578 in
763 558 820 577 rcm
843 554 967 576 nostram

185 603 274 629 futura
290 604 364 634 sunt,
387 601 466 628 nobis
485 600 660 635 permittere:
682 597 902 634 qundoquidem
925 604 968 624 re-

185 656 244 676 rum
257 639 412 684 ignotarum
428 647 624 682 experientiam
650 649 755 673 tentare
775 643 898 679 periculo
913 650 968 670 non

183 700 269 723 caret.
281 693 516 728 Quemadmodum
535 693 607 720 enim
623 691 787 719 medicinam
801 690 878 725 prius
891 689 968 716 inco-

184 741 286 777 gnitam
301 749 334 769 ex
351 749 401 769 usu
416 748 508 769 rerum
525 739 649 767 homines
662 738 836 769 invenerunt,
851 735 969 771 quibus-

184 787 302 821 damque
317 785 554 815 observationibus
570 785 631 819 eius
648 786 783 818 praecepta
800 782 875 809 brevi
891 786 968 817 pate-

185 833 318 864 fecerunt.
330 837 359 860 ιιι
371 840 432 860 cum
447 839 549 863 rerum,
566 838 681 866 quarum
697 828 848 864 periculum
865 827 968 855 factum

184 884 235 912 est,
253 879 380 914 exemplo
394 881 468 906 esset
480 878 620 913 cognitum
640 874 703 910 quid
719 874 873 910 prodesset,
888 872 969 908 quid-

1018 273 1132 308 ὲναργές
1147 273 1205 299 ἐστι
1219 271 1250 298 τδ
1265 270 1432 306 ἐπιτήδευμα
1445 269 1535 300 τοῦτο.
1556 269 1628 296 ὥστε
1645 270 1707 295 κατ’
1720 267 1808 301 ἀνάγ-

1018 329 1070 355 κην
1089 320 1195 350 ἑαυτοῖς
1211 317 1370 352 ἐπιτρέπειν
1388 316 1442 343 τῶν
1456 315 1668 343 λυσιτελούντων
1683 314 1733 351 τὴν
1748 314 1810 350 κρί-

1019 372 1060 391 σιν
1071 373 1079 379 ·
1093 364 1137 391 ὅτε
1149 363 1182 400 δὴ
1195 363 1242 391 καὶ
1254 363 1284 389 ab
1298 361 1471 398 κατατολμᾷν
1488 362 1538 398 τῆς
1549 361 1604 388 τῶν
1616 361 1809 397 ἀγνοουμένων

1018 410 1116 446 πείρας
1126 410 1175 436 οὐκ
1183 409 1236 442 ἔξω
1247 408 1372 436 κινδύνου
1383 408 1557 435 καθίσταται.
1569 408 1704 443 Καθάπερ
1716 407 1745 434 δὲ
1757 407 1808 443 τὴν

1020 455 1144 491 ἰατρικὴν
1157 455 1289 491 πρότερον
1311 454 1496 490 ἀγνοουμένην
1516 453 1560 480 διὰ
1574 453 1625 488 τῆς
1648 453 1746 489 πείρας
1763 452 1808 486 ἐξ·

1019 501 1098 536 εὖρον
1115 501 1139 527 οί
1153 500 1302 536 ἄνθρωποι,
1325 499 1541 536 παρατηρήμασί
1563 507 1618 525 τισι
1642 499 1703 525 κατ’
1717 499 1809 532 ὀλίγον

1019 545 1246 581 ἑκκαλυφθεῐσαν,
1259 545 1330 572 ὥστε
1343 545 1391 572 καὶ
1406 545 1436 572 τὸ
1448 545 1571 580 ὠφελοῦν
1585 545 1632 572 καὶ
1644 545 1676 572 τὸ
1688 545 1810 580 βλάπτον

1018 592 1062 619 διὰ
1082 592 1133 627 τῆς
1149 591 1202 619 τῶν
1223 591 1431 627 πεπειραμένων
1454 591 1608 627 μαρτυρίας
1628 591 1809 625 ἐπιγνωσθὲν,

1018 638 1104 670 οὕτως
1118 638 1158 669 είς
1179 637 1224 664 τὸν
1236 638 1286 672 τῆς
1301 637 1398 672 τέχνης
1415 636 1494 672 λόγον
1515 636 1739 673 παραληφθῆναι,
1761 637 1811 663 καὶ

1019 683 1201 720 παράγγελμα
1217 683 1285 719 πρὸς
1301 683 1332 710 τὸ
1356 683 1452 719 μέλλον
1473 683 1504 709 τὺ
1530 683 1729 718 παρατηρηθὲν
1753 683 1811 714 τοῖς

1019 730 1185 767 προλαϐοῦσι
1193 730 1314 765 γίνεσθαι
1326 738 1333 745 ·
1348 729 1397 756 νῦν
1409 729 1437 756 δὲ
1449 729 1464 756 ὸ
1482 728 1549 763 πρὸς
1563 729 1613 765 τὴν
1630 729 1729 764 τέχνην
1745 728 1812 755 ταὺ-

1018 784 1068 811 την
1084 775 1269 807 ἐσπουδακὼς,
1291 775 1342 802 οὐκ
1364 774 1421 810 ἔχει
1436 774 1560 809 ἀνάγκην
1581 776 1614 810 τῇ
1633 774 1693 801 καθ’
1712 775 1812 801 ἑαυτὸν

1018 821 1101 857 πείρᾳ
1115 819 1302 855 διαγινώσκειν
1317 819 1371 846 τῶν
1386 819 1540 855 φαρμάκων
1553 819 1603 855 τὴν
1615 819 1741 854 δύναμιν,
1755 820 1811 845 εἶτε

1017 866 1188 903 δηλητήριον,
1197 866 1252 892 εἴτε
1267 864 1438 901 ἀλεξιτήριόν
1447 865 1472 892 τί
1485 865 1576 891 ἐστιν’
1594 864 1665 892 ἀλλὰ
1676 865 1711 891 τὰ
1725 866 1812 899 ἐγνω-

184 911 349 958 renoceret,
370 923 397 951 id
416 924 468 950 hoc
488 911 568 950 modo
585 922 613 949 in
635 921 704 948 artis
728 920 863 948 rationem
887 919 966 947 reda-

1020 912 1104 947 σμένα
1120 913 1186 948 παρ’
1199 911 1300 947 ἑτέρων
1316 911 1419 947 μαθὼν.
1430 911 1511 943 αὐτὸς
1525 911 1575 946 τὴν
1582 911 1680 947 τέχνην
1699 911 1812 948 κατώρ-

182 975 256 998 ι·ιιιιιι
273 970 310 997 sit
321 990 329 1002 ,
346 968 454 1005 quodve
467 975 481 995 a
495 967 645 1003 majoribus
659 974 690 994 ea
707 965 742 993 de
755 973 785 993 re
802 969 968 1000 praeceptum

184 1017 245 1049 fuit,
262 1016 288 1043 id
302 1016 338 1044 sit
351 1019 444 1051 postea
458 1014 604 1050 diligenter
617 1013 803 1044 observatum,
815 1020 891 1039 nunc
904 1019 970 1039 vero

182 1063 229 1097 qui
244 1061 277 1089 ad
293 1062 364 1089 hanc
383 1064 472 1088 artem
485 1068 515 1088 se
531 1060 657 1092 contulit,
680 1067 734 1087 non
755 1066 868 1086 necesse
888 1057 970 1085 habet

183 1116 234 1136 suo
259 1107 381 1143 periculo
414 1105 676 1134 medicamentorum
706 1105 759 1132 vim
792 1111 969 1139 cognoscere,

184 1161 248 1180 num
263 1159 398 1180 venenum
411 1151 457 1182 sit,
475 1158 510 1178 an
527 1150 688 1182 remedium,
705 1149 752 1178 sed
773 1150 898 1184 cognitas
925 1156 970 1176 res

183 1206 245 1225 eum
260 1198 295 1224 ab
308 1197 364 1224 alio
379 1196 479 1228 discat,
496 1197 555 1232 ipse
579 1195 703 1224 medendi
721 1203 834 1223 munere
849 1195 970 1230 perfecte

183 1244 331 1279 fungetur:
345 1243 402 1278 pari
421 1243 527 1270 ratione
541 1242 574 1270 de
593 1243 748 1269 animorum
765 1241 900 1269 medicina
925 1241 969 1268 di-

183 1290 298 1317 eundum
313 1293 365 1317 est.
383 1288 445 1316 Haec
462 1292 555 1316 autem
581 1288 755 1324 plriloSOphia
780 1291 833 1320 est,
858 1296 891 1315 ex
917 1294 970 1322 qua

183 1335 274 1362 omnis
288 1334 453 1367 affectionis,
477 1342 538 1369 quae
555 1335 675 1362 animum
702 1335 822 1369 attingit,
850 1335 971 1362 curatio-

184 1388 245 1408 nem
263 1380 456 1416 cognovinms.
483 1379 543 1407 Non
569 1387 682 1407 necesse
705 1379 789 1415 igitur
805 1383 857 1411 est,
877 1379 970 1414 eonjc-

183 1425 270 1453 rturis
286 1425 452 1460 quibusdam
475 1429 559 1460 atque
580 1425 862 1453 commentationibus
878 1425 970 1453 Scien-

182 1473 247 1498 tiam
264 1472 403 1507 persequi,
418 1472 466 1499 sed
487 1471 654 1507 cognitionjs
672 1471 733 1506 ejus
750 1472 868 1500 facultas
885 1472 970 1498 multa

183 1519 210 1545 in
239 1526 272 1545 eo
297 1522 361 1552 est,
386 1518 432 1553 qui
461 1518 591 1545 diuturna
625 1518 744 1546 multave
771 1518 970 1546 consuetudine

181 1564 298 1598 adeptus
311 1567 353 1590 est
372 1562 508 1591 habitum.
529 1561 688 1590 Periculosa
705 1567 746 1590 est
763 1562 835 1590 enim
849 1563 969 1598 pleraru-

181 1617 235 1643 qnc
247 1609 289 1636 vel
304 1608 331 1635 in
358 1608 432 1636 umni
458 1607 569 1644 negotio
593 1607 772 1636 consiliorum
799 1608 969 1635 moderatrix

182 1655 370 1683 adolescentia
384 1675 392 1687 ,
409 1662 498 1689 neque
530 1654 611 1682 facile
627 1654 765 1690 quispiam
794 1653 898 1689 aliquid
921 1661 969 1681 ea-

183 1709 242 1727 rum
266 1708 358 1728 rerum
382 1708 442 1734 quae
458 1699 549 1728 studio
564 1699 653 1735 dignae
668 1704 744 1731 sunt.
776 1704 850 1727 recte
876 1700 911 1727 ab
936 1707 969 1726 eo

182 1748 217 1774 l':u
227 1751 284 1773 tum
302 1746 448 1782 corruperit,
460 1755 475 1774 ιι
491 1755 545 1781 quo
564 1754 619 1774 non
637 1751 681 1774 est
700 1750 830 1774 senectus
851 1746 880 1773 in
903 1753 969 1773 con-

182 1793 236 1820 silii
252 1792 411 1820 sacietatem
427 1793 549 1820 adhibita
563 1802 570 1820 :
589 1796 692 1828 quanto
708 1792 782 1820 enim
798 1792 871 1828 quod
889 1793 969 1820 nobis

183 1847 198 1872 p
214 1838 352 1873 opositum
367 1843 420 1870 est,
436 1838 550 1873 reliquis
565 1838 665 1866 studiis
690 1838 800 1874 gravius
826 1838 971 1873 majusque

183 1887 314 1918 apparet,
340 1880 418 1910 tanto
441 1883 602 1918 diligentius
624 1891 676 1911 nos
699 1883 850 1919 periculum
873 1890 971 1911 cavere

182 1930 323 1957 debemus.
345 1928 412 1956 Nam
430 1929 614 1968 adolescentia
625 1929 748 1965 quidem,
759 1937 821 1964 quae
835 1938 889 1956 non
903 1937 970 1957 con-

182 1975 246 2002 silio
266 1975 385 2011 regitur,
410 1975 437 2003 in
467 1975 581 2011 reliquis
607 1975 692 2003 rebus
719 1979 768 2002 aut
793 1975 970 2003 facultatibus

182 2021 240 2048 suis
262 2021 392 2048 damnum
424 2021 602 2056 importavit,
629 2025 677 2048 aut
699 2021 792 2056 aliquo
827 2021 972 2048 mundana:

183 2067 272 2096 laudis
288 2068 436 2103 splendore
458 2071 506 2095 aut
521 2067 656 2103 dignitate
671 2068 786 2103 spoliata
804 2071 865 2095 est:
883 2068 910 2095 in
920 2067 971 2095 hac

183 2120 247 2140 vero
259 2114 412 2150 cupiditate
432 2121 530 2149 magna
548 2113 595 2141 illa
610 2113 721 2149 quidem
744 2121 777 2142 ac
795 2113 901 2145 divina.
916 2121 970 2141 non

183 2160 306 2194 pecuniae
324 2160 351 2187 in
377 2160 530 2195 periculum
547 2159 673 2192 veniunt,
704 2167 758 2187 non
777 2159 863 2195 gloria
888 2168 970 2187 mun—

182 2207 263 2237 tiillla.
281 2207 362 2234 unius
378 2206 431 2234 diei
451 2207 540 2241 spatio
552 2205 695 2239 deﬁciens,
711 2214 765 2233 non
777 2206 838 2234 alia:
854 2206 971 2242 denique

1020 958 1090 984 θωσε
1099 965 1108 973 ’
1117 957 1162 984 τὸν
1176 958 1258 985 αὑτὸν
1268 957 1369 994 τρόπον
1383 958 1490 994 καὶτῆς
1503 958 1556 984 τῶν
1567 958 1660 993 ψυχῶν
1672 958 1810 993 ἰατρικῆς,

1019 1004 1068 1040 τῆς
1079 1004 1236 1040 φιλοσοφίας
1245 1003 1327 1039 λέγω,
1334 1004 1368 1031 δι’
1377 1002 1411 1040 ἧς
1421 1004 1521 1037 παντὸς
1531 1004 1634 1037 πάθους
1641 1004 1689 1031 τοῦ
1702 1005 1752 1040 τῆς
1760 1004 1814 1038 ψυ-

1019 1052 1071 1087 χῆς
1086 1051 1239 1087 ἁπτομένου
1255 1051 1303 1087 τὴν
1314 1051 1462 1087 θεραπείαν
1479 1051 1660 1087 μανθάνομεν,
1673 1051 1725 1078 οὐκ
1736 1051 1812 1078 ἔστιν

1019 1098 1127 1133 ἀνάγκη
1143 1099 1306 1133 στοχασμοῖς
1321 1105 1376 1124 τισι
1395 1097 1443 1124 καὶ
1463 1097 1602 1128 ὑπονοίαις
1623 1097 1745 1132 μετιέναι
1761 1097 1810 1133 τὴν

1020 1145 1185 1179 ἐπιστήμην,
1208 1144 1264 1170 ἀλλ’
1279 1144 1388 1178 ἐξουσία
1411 1143 1496 1178 πολλὴ
1512 1144 1562 1179 τῆς
1574 1144 1721 1180 μαθήσεως
1736 1145 1811 1180 παρά

1020 1190 1066 1217 τοῦ
1080 1190 1125 1218 διὰ
1138 1191 1245 1226 μακρᾶς
1262 1199 1292 1217 τι
1313 1191 1361 1218 καὶ
1378 1190 1478 1226 πολλῆς
1490 1191 1541 1225 τῆς
1555 1191 1653 1226 πείρας
1668 1191 1810 1226 κτησαμέ-

986 1236 990 1241 “
1020 1246 1066 1264 νου
1077 1237 1128 1273 τὴν
1139 1237 1206 1270 ἕξιν.
1230 1238 1308 1264 Ἔστι
1324 1237 1374 1273 μὲν
1394 1237 1448 1273 γὰρ
1460 1237 1497 1269 ώς
1518 1237 1565 1264 ἐπὶ
1580 1238 1610 1264 τὸ
1621 1238 1689 1264 πολὺ
1703 1238 1751 1264 καὶ
1766 1238 1811 1264 ἐπὶ

1021 1284 1120 1315 παντὸς
1136 1284 1298 1319 πράγματος
1312 1283 1463 1319 σύμϐουλος
1487 1285 1504 1319 ὴ
1525 1283 1630 1319 νεότης,
1652 1284 1700 1310 καὶ
1715 1283 1767 1310 οὐκ
1780 1283 1812 1310 ἄν

1019 1338 1061 1362 τις
1070 1329 1145 1366 εὖροι
1156 1330 1255 1366 ῥαδίως
1266 1329 1482 1366 κατωρθωμένον
1489 1338 1515 1356 τι
1526 1330 1580 1356 τῶν
1591 1330 1710 1365 σπουδῆς
1716 1330 1810 1363 ἀξίων,

1020 1373 1043 1410 ᾧ
1057 1376 1096 1411 μὴ
1109 1375 1190 1402 πολιὰ
1202 1375 1421 1412 συμπαρελήφθη
1436 1375 1504 1412 πρὸς
1513 1376 1654 1402 κοινωνίαν
1663 1376 1710 1402 τοῦ
1727 1377 1811 1411 σκέμ-

1022 1429 1120 1457 ματος·
1134 1422 1190 1457 ὅσῳ
1208 1422 1236 1448 δῖε
1253 1423 1346 1457 μεῖζον
1359 1422 1412 1449 τῶν
1436 1422 1537 1449 λοιπῶν
1555 1422 1780 1458 ἐπιτηδευμάτων
1797 1423 1812 1449 ὁ

1021 1468 1198 1503 προκείμενος
1222 1469 1279 1500 τοῖς
1301 1469 1439 1504 μετιοῦσιν
1461 1470 1518 1496 ἐστι
1545 1469 1662 1502 σκοπὶς,
1691 1469 1811 1504 τοσούτῳ

1021 1516 1068 1543 καὶ
1093 1516 1192 1551 μᾶλλον
1212 1516 1375 1551 προνοητέον
1396 1516 1461 1551 ἡμῖν
1483 1516 1533 1551 τῆς
1553 1515 1705 1551 ἀσςςαλείας
1727 1516 1810 1544 ἐστίν.

1027 1561 1089 1587 Ἐπὶ
1105 1561 1156 1596 μὲν
1178 1562 1232 1597 γὰρ
1249 1562 1303 1588 τῶν
1318 1560 1420 1588 λοιπῶν
1439 1562 1455 1597 ἡ
1472 1561 1567 1598 νεότης
1588 1563 1619 1589 οὐ
1639 1563 1711 1589 κατά
1733 1563 1811 1597 λόγον

1021 1607 1192 1643 διοικουμένη
1210 1608 1251 1639 είς
1273 1608 1404 1643 χρήματα
1421 1608 1529 1640 πάντως
1545 1608 1595 1644 τὴν
1615 1607 1718 1644 ζημίαν
1730 1610 1811 1645 ἤνεγ-

1020 1662 1078 1685 κεν,
1095 1654 1113 1689 ἦ
1127 1663 1199 1686 τινος
1212 1655 1348 1690 κοσμικῆς
1360 1656 1547 1691 περιφανείας,
1563 1655 1580 1691 ἦ
1596 1657 1642 1682 καὶ
1655 1656 1810 1692 ἀξιώματος

1020 1700 1147 1728 ἐκπεσεῖν
1162 1701 1370 1736 κατηνάγκασεν
1382 1710 1389 1717 ·
1405 1703 1451 1729 ἐπὶ
1467 1703 1494 1729 δὲ
1510 1703 1560 1739 τῆς
1577 1702 1698 1738 μεγάλης
1718 1712 1747 1730 τε
1764 1703 1810 1730 καὶ

1021 1745 1126 1781 ὑψηλῆς
1141 1745 1242 1781 ταύτης
1257 1747 1414 1782 ἐπιθυμίας,
1431 1747 1462 1774 οὗ
1473 1747 1600 1784 χρήματα
1613 1748 1644 1774 τὸ
1657 1748 1811 1776 κινδυνευό-

1022 1791 1101 1826 μενόν
1116 1792 1199 1824 ἐστιν,
1226 1792 1284 1819 οὐδὲ
1299 1792 1364 1824 δόξα
1387 1792 1507 1828 κοσμικὴ
1522 1792 1569 1820 καὶ
1588 1793 1739 1830 ἐφήμερος,
1755 1794 1809 1821 οῠδ⁴

1020 1837 1085 1864 ἄλλο
1098 1846 1124 1864 τι
1137 1838 1191 1864 τῶν
1201 1838 1301 1870 ἔξωθεν
1317 1839 1382 1874 ἡμῖν
1398 1839 1608 1876 παρεπομένων,
1625 1837 1662 1867 ὧν
1676 1841 1724 1867 καὶ
1740 1840 1811 1868 κατὰ

1020 1883 1142 1919 γνώμην,
1170 1885 1215 1911 καὶ
1236 1885 1273 1917 ὡς
1300 1885 1400 1921 ἑτέρως
1426 1886 1617 1921 διοικουμένων
1639 1887 1731 1922 ὀλίγος
1754 1888 1811 1919 τοῖς

1022 1930 1207 1966 σωφρονοῦσιν
1220 1931 1234 1957 ό
1249 1930 1340 1966 λόγος’
1356 1931 1413 1958 ἀλλ’
1427 1932 1512 1968 αὐτῆς
1529 1932 1646 1960 ἅπτεται
1657 1934 1707 1968 τῆς
1720 1933 1811 1969 ψυχῆς

1022 1977 1038 2012 ἡ
1052 1977 1174 2009 ἀδουλία,
1189 1978 1232 2004 καῖ
1245 1979 1260 2004 ὁ
1270 1978 1391 2010 κίνδυνος
1405 1978 1455 2012 τῆς
1465 1978 1593 2014 τοιαύτης
1611 1978 1714 2015 ζημίας
1724 1980 1810 2013 ἐστὶν,

1021 2022 1051 2049 οὗ
1066 2023 1097 2049 τὸ
1113 2023 1177 2050 ἄλλο
1188 2033 1213 2050 τι
1227 2024 1408 2060 ζημιωθῆναι,
1423 2021 1454 2051 οὗ
1473 2025 1554 2060 τυχὸν
1571 2026 1618 2052 καὶ
1632 2026 1732 2062 δυνατὴ
1746 2027 1810 2061 gai-

1021 2077 1096 2095 νεται
1109 2069 1126 2102 ὴ
1149 2069 1329 2104 ἐπανάληψις,
1352 2070 1419 2097 ἀλλὰ
1439 2070 1478 2100 τὸ,
1494 2071 1575 2098 αὑτὸν
1597 2072 1746 2099 ἀπολέσθαι
1765 2073 1812 2100 καὶ

1022 2114 1194 2150 ζημιωθῆναι
1215 2116 1265 2151 τὴν
1288 2115 1377 2152 ψυχὴν
1398 2116 1448 2153 τὴν
1465 2116 1543 2145 ἰδίαν.
1581 2118 1610 2144 ’0
1623 2117 1673 2153 μὲν
1694 2118 1751 2154 γάρ
1762 2119 1812 2154 τὴν

1023 2161 1152 2196 πατρῴαν
1169 2162 1363 2194 καταναλώσας
1381 2163 1486 2195 οὐσίαν,
1503 2164 1554 2190 οὐκ
1569 2165 1716 2197 ἀπελπίζει
1731 2166 1812 2201 mla-1

1024 2207 1156 2238 ἐπινοίαις
1179 2208 1234 2234 τισὶ
1259 2207 1341 2234 πάλιν
1364 2209 1410 2235 ἐπὶ
1437 2209 1487 2245 τὴν
1511 2209 1629 2245 ἀρχαίαν
1652 2211 1812 2238 ἐπανελθεῖν

183 2251 245 2278 ulla:
269 2257 325 2282 res,
353 2259 414 2286 quae
439 2251 550 2278 aliunde
576 2259 628 2279 nos
651 2255 880 2286 consequuntur:
901 2259 968 2287 quas

1023 2251 1169 2288 εὐπορίαν,
1190 2252 1243 2284 ἓως
1265 2252 1298 2279 ἂν
1314 2254 1343 2279 ὲν
1358 2255 1413 2285 τοῖς
1430 2253 1562 2291 ζῶσιν
1588 2255 1602 2281 ὁ
1622 2255 1650 2282 δὲ
1671 2255 1724 2290 τῆς
1739 2256 1812 2292 ζωῆς

182 2297 292 2333 quidem
311 2305 355 2324 res
370 2304 420 2332 ego
437 2304 504 2325 sane
525 2297 658 2332 despicio,
672 2297 855 2332 exiguamque
870 2298 968 2325 harum

182 2350 312 2379 tanquam
323 2344 495 2372 extrinsecus
504 2344 671 2371 venientium
684 2344 819 2371 rationem
834 2344 968 2371 moderati

181 2398 214 2418 ac
230 2393 415 2424 temperantes
439 2389 565 2418 homines
586 2389 711 2418 habent:
734 2389 782 2417 sed
804 2390 912 2418 consilii
930 2395 968 2418 te-

182 2437 293 2463 meritas
319 2436 409 2471 ipsum
430 2436 552 2463 animum
578 2441 754 2464 commovet:
780 2440 864 2471 atque
886 2436 968 2471 hujus

180 2482 337 2510 detrimenti
364 2482 517 2516 periculum
538 2485 598 2514 est,
627 2490 682 2509 non
712 2482 787 2509 illius
806 2490 884 2514 sane,
912 2490 969 2518 quo

180 2536 242 2555 cum
258 2528 322 2563 quis
338 2527 464 2560 allicitur,
484 2527 601 2555 fortasse
624 2527 681 2556 lleri
702 2535 783 2563 posse
806 2528 923 2560 videtur,
940 2532 970 2554 ut

186 2574 254 2602 illud
275 2575 364 2610 ipsum
382 2574 523 2607 resarciat,
548 2575 596 2601 sed
611 2574 676 2601 illud
698 2574 827 2609 quidem,
843 2579 873 2601 ut
889 2582 924 2602 ne
939 2582 969 2602 se

179 2621 269 2655 ipsum
283 2621 345 2656 quis
359 2620 466 2656 perdat,
482 2627 564 2655 atque
578 2620 677 2648 anima:
692 2628 748 2649 suae
762 2620 893 2647 damnum
910 2620 962 2647 im-

181 2670 278 2699 portet.
303 2666 355 2699 Qui
380 2668 454 2694 enim
480 2667 569 2701 patria
595 2667 668 2694 bona
693 2667 886 2701 consumpsit.
912 2674 966 2693 non

181 2711 448 2747 l‘ortassedespcral,
465 2712 587 2747 quandiu
609 2713 636 2740 in
657 2713 711 2739 vita
729 2717 783 2744 est,
801 2712 966 2748 quibusdam

180 2755 313 2783 adhibitis
336 2757 548 2791 cogitationibus
563 2779 571 2791 ,
594 2766 625 2785 se
650 2757 684 2785 ad
712 2758 844 2793 pristinas
868 2766 966 2786 rursus

181 2809 261 2835 posse
277 2801 420 2836 pervenire
433 2803 567 2830 bonorum
589 2803 704 2838 copias:
725 2804 771 2838 qui
792 2811 858 2832 vero
880 2811 895 2831 a
911 2805 966 2832 vila

181 2848 239 2880 ipsa
253 2847 365 2880 cecidit,
381 2855 489 2876 omnem
513 2849 595 2875 simul
619 2857 694 2883 spem
720 2850 815 2884 :tleicil
834 2858 915 2884 posse
937 2859 966 2878 se

181 2892 214 2919 ad
229 2894 341 2921 meliora
357 2893 457 2922 redire.
473 2893 577 2929 Itaque,
589 2895 718 2929 «pluuium
735 2895 925 2923 adolescentes
939 2900 967 2924 et

1022 2298 1124 2334 ταύτης
1138 2298 1271 2331 ἐκπεσὼν,
1288 2300 1377 2326 πᾶσαν
1387 2300 1482 2327 ἐλπίδα
1496 2301 1544 2336 τῆς
1561 2302 1628 2337 πρὸς
1642 2302 1673 2328 τὸ
1689 2304 1813 2338 κρεῖττον

1024 2343 1175 2379 μεταϐολῆς
1190 2344 1389 2380 συναφῄρηται.
1406 2345 1510 2372 Οὐκοῦν
1524 2347 1619 2382 ἐπειδὴ
1633 2347 1690 2374 νέοι
1709 2348 1750 2375 ἔτι
1768 2349 1813 2375 καὶ

1022 2390 1126 2422 ἀτελεῖς
1141 2389 1189 2425 τὴν
1209 2390 1327 2417 διάνοιαν
1350 2391 1375 2417 οἱ
1392 2391 1484 2418 πολλοὶ
1498 2392 1548 2427 τῆς
1571 2392 1724 2427 παρθενίας
1738 2395 1810 2421 ἀντιο

1021 2435 1214 2470 λαμϐάνονται,
1230 2436 1310 2463 τοῦτο
1326 2437 1378 2472 πρὸ
1394 2437 1501 2464 πάντων
1516 2438 1607 2469 αὐτοῖς
1620 2439 1813 2475 ἐπιτηδευτέον

1022 2481 1054 2509 ἂν
1070 2481 1124 2517 εἴη,
1140 2482 1170 2508 τὺ
1184 2481 1300 2517 ζητῆσαι
1316 2483 1366 2517 τῆς
1376 2482 1437 2509 ὀδοῦ
1449 2483 1550 2519 ταύτης
1565 2484 1687 2519 καθηγοῦ
1693 2487 1775 2521 μενάν
1784 2494 1813 2512 τε

1022 2528 1069 2556 καὶ
1085 2528 1246 2555 διδάσκαλον
1259 2529 1372 2563 ἀγαθὸν,
1391 2530 1429 2565 μή
1449 2539 1500 2556 που
1516 2530 1559 2557 διά
1572 2530 1620 2566 τὴν
1635 2532 1752 2566 ἄγνοιαν
1766 2533 1814 2568 τὴν

1020 2571 1102 2600 οὖσαν
1119 2574 1148 2600 ἐν
1169 2574 1277 2607 αὐτοῖς,
1291 2574 1399 2606 ἀνοδίας
1420 2574 1496 2607 τινὰς
1513 2577 1560 2603 καὶ
1584 2576 1691 2608 πλάνας
1706 2578 1814 2609 ἑαυτοῖς

1020 2619 1074 2646 ἀπὸ
1089 2619 1139 2655 τῆς
1162 2619 1269 2651 εὐθείας
1288 2621 1534 2656 καινοτομήσωσιν.
1564 2622 1753 2659 Ἀγαθοὶιγὰρ
1768 2624 1815 2650 δύο

1019 2665 1090 2702 ὑπὲρ
1115 2666 1160 2692 τὸν
1175 2667 1233 2698 ἕνα,
1258 2667 1340 2702 φησὶν
1356 2667 1370 2693 ὁ
1396 2667 1611 2703 Ἰ-Σκκλησιαστής
1623 2676 1631 2684 ⁸
1651 2669 1814 2704 εὐκαταγώ-

1022 2721 1110 2744 νιστος
1132 2712 1160 2738 δὲ
1175 2713 1189 2738 ὀ
1213 2709 1253 2743 εἷς
1272 2712 1310 2748 τῷ
1327 2713 1416 2748 ἐχθρῷ
1433 2713 1472 2749 τῷ
1492 2714 1563 2741 κατὰ
1582 2713 1632 2745 τὰς
1649 2714 1727 2747 θείας
1737 2715 1814 2747 ὀδοὺς

1022 2757 1188 2794 ἑνεδρεύοντι
1200 2766 1206 2772 ’
1224 2760 1270 2786 καὶ
1282 2760 1367 2791 ὅντως
1384 2769 1392 2785 ι
1408 2759 1477 2786 Οὐαὶ
1489 2759 1529 2795 τῷ
1541 2759 1580 2787 ἐνὶ
1591 2761 1657 2787 ὅταν
1673 2761 1757 2798 πέσῃ,
1772 2763 1813 2788 ὅτι

1022 2804 1071 2831 οὐκ
1087 2805 1143 2840 ἔχει
1156 2806 1202 2832 τὸν
1217 2805 1392 2840 ἀνορθοῦντα.
1410 2815 1419 2832 ι
1438 2807 1509 2841 Ἤδη
1522 2806 1577 2842 γάρ
1589 2815 1662 2839 τινες
1675 2808 1750 2843 ὁρμῇ
1765 2808 1813 2843 μὲν

1020 2849 1095 2885 δεξιᾷ
1106 2851 1173 2886 πρῖς
1183 2850 1231 2886 τὴν
1243 2851 1291 2878 τοῦ
1302 2852 1400 2886 σεμνοῦ
1414 2851 1471 2887 βίου
1486 2852 1634 2888 ἐπιθυμίαν
1646 2853 1808 2889 ιχρῄσαντο·

1020 2897 1056 2929 ὡς
1069 2897 1097 2925 δὲ
1111 2897 1178 2933 ὁμοῦ
1190 2897 1228 2933 τῷ
1247 2898 1422 2933 προελέσθαι,
1449 2899 1496 2926 καὶ
1515 2898 1564 2935 τῆς
1578 2898 1749 2935 τελειότητος
1763 2901 1808 2933 5-,:-
