1912 3080
88 124 138 153 509

88 185 232 221 ις-άμενοι,
248 187 336 224 ἑτέρῳ
358 188 485 226 πτώματι
509 192 554 220 διὰ
575 193 623 220 τοῦ
642 194 726 230 τύφου
741 197 884 226 ὑπεσκελί-

86 231 202 267 σθησιν,
223 233 270 262 διά
285 243 359 267 τινος
379 237 592 272 φρενοϐλαϐείας
616 241 730 275 ἑαυτοὺς
746 244 883 281 ἐξαπατή-

87 285 184 311 σαντες
205 279 299 308 tutuo
323 282 450 317 ἡγεῖσθαι
476 284 576 319 καλὸν,
617 287 660 322 ἐφ’
686 289 755 325 ὅπερ
791 279 882 318 «india

87 323 99 359 ἡ
123 323 234 372 διάξω
374 328 423 355 Ἐκ
453 330 557 357 τούτων
585 332 655 359 εἰσὶν
678 335 702 360 at
734 323 810 371 παρὰ
831 336 882 372 τῆς

83 367 406 413 σοφίοξΰνομασθέντες
431 376 542 412 ἀεργοὶ.
572 379 595 405 oi
620 379 669 411 τὰς
695 367 881 413 ὁδοὺς-αὐτᾶν)

82 411 220 449 ἀκάνθαις
234 417 407 454 στρώσαντες
419 428 426 436 ·
450 411 475 448 οἱ
491 421 594 459 βλάϐην
610 411 817 462 ἡγούμενοι-τῆς
827 428 879 463 ψυ-

81 462 131 497 χῆς
142 461 196 498 τὴν
218 463 284 500 mp}.
307 464 341 491 τὰ
362 465 431 501 ἔργα
451 467 506 494 τῶν
528 468 642 496 ἐντολῶν
659 461 815 507 προθυμίαν
828 461 839 490 ί
853 475 879 501 οἱ

81 509 335 546 παραγραψάμενοι
355 512 405 544 τὰς
422 513 605 547 ἀποστολικὰς
621 518 814 551 παραινέσεις,
830 521 879 546 καὶ

82 553 120 590 μὴ
137 554 192 601 τὸν
210 555 278 583 ἴδιον
299 556 382 592 ἄρτον
401 559 577 595 εὐσχημόνως
592 562 738 596 ἐσθίοντες,
755 565 824 592 ἀλλὰ
838 565 878 601 τῷ

239 603 476 638 προστετηκότες,
499 605 598 641 τέχνην
623 607 682 643 βίου
705 610 754 645 τὴν
777 599 878 646 ἀργίαν

79 645 261 681 ποιούμενοι·
290 648 414 676 ιντεῦθεν
430 651 454 676 οι
468 651 657 686 ὲνυπνιασταὶ,
670 654 694 680 οι
709 655 758 686 τὰς
772 645 803 682 ὲκ
823 657 877 683 τῶν

79 690 195 727 ὀνείρων
218 692 328 726 ἀπάτας
347 696 510 732 πιστοτέρας
528 697 583 725 τῶν
601 698 787 733 εὑαηελικῶν
803 701 876 728 διδα-

79 737 197 772 γμάτων
212 738 379 776 ποιούμενοι.
393 741 441 768 καὶ
457 742 645 778 ἀποκαλύψεις
656 745 706 778 τὰς
725 747 876 780 φαντασίας

79 785 332 821 προσαγορεύοντες
344 786 416 822 (ἀπὸ
431 787 533 815 τούτων
544 790 613 817 είσὶν
625 791 650 817 oi
666 792 819 825 ὲνδὺνοντες
834 794 876 826 είς

78 831 246 868 ductarius)-
257 834 304 861 καὶ
314 834 395 862 πάλιν
401 835 475 863 ἄλλοι
484 836 510 862 οἱ
520 836 550 863 τὸ
558 836 671 872 ἄμικτόν
679 847 708 864 τε
718 839 764 865 καὶ
774 839 875 875 θηριῶ-

78 877 122 910 δες
135 878 239 916 ἀρετὴν
254 880 419 915 νομίζοντες,
435 882 494 909 οὐδὲ
506 882 556 918 τῆς
570 884 762 919 μακροθυμίας
775 894 805 912 τε
825 886 873 913 καὶ¹

78 926 332 962 ταπεινοφροσύνης
351 927 397 955 τὸν
417 929 523 964 καρπὸν
548 930 735 965 ἐπιστάμενοι.
767 930 817 958 Καὶ
831 932 873 964 τίς

78 968 111 997 ἂν
128 969 262 1003 διεξέλθοι
279 973 369 1000 πάντα
391 972 426 1000 τὰ
445 973 557 1001 τοιαῦτα
587 974 739 1010 πτώματα,
761 976 802 1008 εἰς
822 977 872 1003 ὅσα

78 1016 239 1053 ἐκφέρεται,
254 1018 294 1054 τῷ
309 1018 347 1054 μὴ
362 1018 450 1046 θέλειν
463 1021 521 1052 τοῖς
536 1020 607 1048 κατὰ
617 1021 684 1048 Θεὸν
699 1020 873 1057 εὐδοκιμοῦσι

77 1063 299 1098 προστίθεσθαις
328 1065 376 1092 Ἐκ
396 1065 500 1094 τούτων
516 1066 570 1103 γὰρ
594 1067 716 1102 ἔγνωμεν
740 1067 788 1094 καὶ
808 1067 873 1100 τοὺς

76 1107 116 1145 τῷ
124 1107 201 1145 λιμῷ
214 1109 295 1146 μέχρι
308 1109 424 1138 θανάτου
435 1112 680 1148 ὲγκαρτεροῦντας,
693 1112 731 1144 ὡς
743 1111 791 1139 τοῦ
802 1111 872 1140 Θεοῦ

75 1155 137 1188 ταῖς
154 1153 296 1189 τοιαύταις
314 1155 550 1194 εὐαρεστουμένου
574 1157 698 1191 Θυσίαις·
719 1159 766 1186 καὶ
790 1159 872 1186 πάλιν

75 1201 174 1234 ἄλλους
188 1201 222 1229 ὲκ
231 1201 379 1238 διαμέτρου
397 1202 465 1239 πρὸς
483 1203 515 1231 τὸ
529 1204 650 1231 ἐναντίον
663 1205 871 1241 ἀποστατήσαν-

75 1255 125 1280 τας
136 1256 145 1264 ’
166 1247 193 1275 οἳ
206 1247 303 1284 μέχρις
324 1248 456 1285 ὀνόματος
473 1249 523 1285 τὴν
536 1250 658 1285 ἀγαμίαν
677 1250 871 1286 ἑπιτηδεύσαν-
891 1260 903 1280 .’

74 1301 130 1326 τες,
147 1293 226 1321 οὐδὲν
239 1293 397 1335 διαφέρουσι
417 1295 465 1322 τοῦ
483 1295 573 1323 κοινοῦ
591 1296 648 1331 βίου
662 1304 671 1313 ³
689 1296 725 1337 ,οὐ
742 1297 824 1332 μόνον
835 1298 868 1332 τῇ

74 1338 175 1375 γαστρὶ
201 1339 237 1366 τὰ
251 1338 320 1376 πρὸς
334 1340 430 1376 ἡδονὴν
453 1341 629 1377 χαριζόμενοι
639 1362 646 1375 ,
676 1342 745 1369 ἀλλὰ
761 1343 870 1377 γυναιξὶ

75 1385 146 1411 κατά
163 1383 197 1412 τὸ
213 1385 331 1422 φανερὸν
351 1387 550 1419 συνοικοῦντες.
573 1388 621 1414 καὶ
635 1387 802 1424 ἀδελφότητα
819 1389 869 1424 τὴν

74 1429 204 1467 τοιαύτην
223 1430 375 1468 συμϐίωσιν
390 1432 579 1468 ὀνομάζοντες,
599 1434 636 1466 ὡς
651 1434 683 1469 δὴ
697 1435 746 1471 τὴν
759 1435 827 1470 πρὸς
839 1435 869 1462 τὸ

74 1478 164 1515 χετρον
175 1478 305 1506 ὑπόνοιαν
315 1477 429 1515 ὀνόματι
440 1479 595 1515 σεμνοτέρῳ
607 1480 868 1517 περικαλύπτοντες.

74 1524 112 1550 Δι’
133 1521 174 1552 ὧν
198 1524 247 1551 καὶ
271 1525 375 1561 σφόδρα
396 1524 427 1552 τὸ
443 1525 538 1561 σεμνὸν
560 1525 639 1553 τοῦτο
678 1528 725 1553 καὶ
749 1527 869 1564 καθαρὸν

72 1570 246 1607 ἐπιτήδευμα
259 1570 459 1607 βλασφημεῖται
472 1571 547 1607 παρὰ
559 1571 614 1598 τῶν
629 1571 738 1604 ἔξωθεν,

744 138 789 167 ΒΕ
804 139 1036 179 νιιιιῖιιιιτέιτε,

1678 154 1732 188 H0

905 206 923 233 Α
941 207 1031 230 mente
1051 203 1158 232 inﬁrma
1176 206 1298 242 p'crique
1313 216 1342 236 se
1364 209 1397 237 ad
1419 211 1586 247 virginitatis
1608 217 1729 245 studium

934 249 1092 282 conferunt,
1110 252 1177 279 illud
1194 254 1220 280 in
1237 254 1335 289 primis
1362 257 1486 287 studiose
1509 260 1551 289 eis
1575 263 1728 292 curandum

933 298 986 326 est,
1003 299 1032 322 ιιι
1046 298 1180 332 Optimum
1200 299 1283 334 hujus
1304 301 1367 329 vitae
1385 303 1484 333 ducem
1507 313 1541 334 ac
1564 309 1727 344 magistrum

918 346 1068 376 'qua:rant,
1086 351 1119 371 ne
1135 346 1247 380 quando
1265 352 1378 383 propter
1393 358 1486 378 rerum
1511 353 1725 389 ignorationem,

931 395 992 422 qua:
1007 388 1034 416 in
1048 389 1103 418 illis
1117 395 1170 423 est,
1194 395 1370 423 transversas
1387 397 1522 431 quasdam
1538 400 1590 427 sibi
1607 401 1666 429 vias
1683 407 1726 429 at-

930 441 984 468 que
1001 441 1016 461 a
1031 439 1105 463 recta
1133 436 1293 467 aberrantes
1319 441 1456 469 muniant.
1480 442 1548 471 Boni
1573 446 1645 473 enim
1665 446 1722 474 duo

930 487 1014 514 supra
1030 489 1127 513 unum,
1142 482 1230 517 inquit
1249 483 1451 515 Ecclesiastes:
1480 487 1560 517 facile
1575 498 1641 518 vero
1664 492 1725 519 vin—

929 524 1001 551 citur
1022 533 1092 553 unus
1106 526 1141 554 ab
1153 528 1326 563 adversario,
1347 531 1392 566 qui
1413 531 1460 560 Dei
1481 534 1525 561 via
1550 543 1663 563 cursum
1682 541 1724 564 tc-

929 574 995 597 net:
1012 579 1096 606 reque
1113 580 1176 600 vera
1192 582 1200 598 ι
1217 572 1262 602 Vae
1276 575 1340 607 soli.
1360 577 1472 611 quando
1487 579 1571 612 cadit,
1591 582 1722 616 quoniam

928 623 981 642 non
1000 616 1090 649 habet,
1107 618 1154 653 qui
1170 627 1232 647 eum
1250 622 1337 656 erigat
1350 623 1383 650 ¹⁷.
1404 623 1485 652 )Jam
1503 626 1575 653 enim
1599 630 1722 656 nnnnnlli

927 661 960 687 ad
986 663 1078 696 gravis
1095 664 1159 692 vine
1176 666 1354 701 cupiditatem
1382 669 1511 698 laudabili
1537 672 1639 707 impetu
1664 674 1722 700 ala-

926 707 1012 735 criter
1029 709 1071 736 usi
1088 714 1164 743 sunt,
1180 715 1207 739 et
1222 712 1274 740 hoc
1291 714 1408 742 consilio
1421 716 1503 743 simul
1522 718 1720 752 perfectionem

926 755 1057 786 assecuti.
1070 764 1102 783 ex
1123 758 1253 793 superbia
1268 759 1356 787 altero
1371 761 1449 796 lapsu
1467 762 1492 789 in
1504 764 1607 790 terram
1621 764 1719 798 dejeeti

925 804 999 829 sunt.
1021 807 1084 827 cum
1107 801 1159 836 ipsi
1177 803 1313 832 dementia
1337 814 1387 833 sua
1407 807 1525 842 decrpti,
1546 808 1613 835 illud
1639 814 1721 844 puta—

926 845 1014 872 verint
1029 845 1191 880 honestum,
1213 848 1248 875 ad
1264 850 1337 884 quod
1358 858 1454 878 eorum
1479 860 1557 879 mens
1582 859 1717 889 vergeret.

890 879 909 906 Β
924 889 961 916 Ex
976 891 1018 919 his
1038 892 1077 920 illi
1093 897 1170 925 sunt,
1188 895 1234 930 qui
1249 895 1319 930 pigri
1334 901 1418 930 atque
1435 897 1538 925 inertes
1555 879 1680 927 homides
1703 910 1718 927 ιι

928 936 1066 972 Sapientia
1080 940 1169 966 vocati
1186 945 1251 968 sunt
1265 951 1272 968 :
1287 942 1334 977 qui
1350 950 1415 971 suas
1433 944 1492 971 vias
1509 945 1597 980 spinis
1613 949 1719 973 strave-

927 987 1011 1017 runt;
1028 984 1073 1019 qui
1092 985 1166 1012 illam
1183 986 1216 1012 ad
1234 987 1425 1015 mandatorum
1445 988 1491 1016 Dei
1505 997 1588 1024 opera
1604 998 1719 1026 propen-

926 1027 1042 1061 sionem,
1074 1031 1173 1058 anima:
1197 1032 1392 1060 existimarunt
1417 1034 1637 1069 detrimentum;
1670 1037 1717 1071 qui

925 1074 1112 1108 apostolorum
1134 1082 1268 1111 praecepta
1293 1078 1511 1114 traditionesque
1535 1081 1715 1116 abrogarunt,

925 1126 976 1147 nec
990 1128 1041 1148 suo
1053 1129 1123 1155 pane
1141 1122 1254 1150 honeste
1269 1129 1437 1156 vescuntur,
1456 1124 1504 1152 sed
1534 1126 1567 1153 ad
1595 1127 1714 1154 alienum

925 1165 1080 1199 intendunt,
1096 1175 1158 1195 cum
1174 1168 1282 1196 vivendi
1294 1173 1380 1197 artem
1395 1170 1421 1197 in
1433 1170 1540 1199 desidia
1554 1171 1716 1208 ignaviaqno

926 1216 1049 1246 ponant:
1066 1213 1139 1241 unde
1162 1216 1346 1243 somniatores
1370 1221 1446 1248 sunt,
1469 1217 1517 1252 qui
1544 1218 1715 1246 somniorth

923 1255 1099 1291 deceptioues
1123 1259 1322 1293 probabiliorcs
1346 1260 1470 1295 faciunt,
1493 1270 1575 1298 quam
1599 1270 1716 1299 evange-

924 1301 976 1329 lica
1000 1307 1150 1338 praecepta,
1176 1306 1413 1340 revelationesque
1437 1309 1545 1342 species
1570 1316 1663 1336 rerum
1688 1310 1716 1337 in

923 1350 1030 1376 somnis
1045 1349 1152 1377 oblatas
1167 1355 1282 1386 putant:
1295 1352 1329 1379 ab
1344 1352 1387 1380 Itis
1403 1353 1540 1380 exsistunt
1557 1355 1604 1388 qui
1619 1355 1717 1382 donzos

923 1391 1137 1427 ingrediuntur:
1157 1403 1311 1431 rursusque
1326 1396 1372 1423 alii
1390 1396 1435 1431 qui
1463 1397 1610 1425 immanem
1627 1403 1654 1424 et
1674 1397 1715 1425 fc-

922 1446 980 1465 ram
997 1439 1126 1467 virtutem
1141 1441 1301 1475 opinantur,
1317 1442 1532 1478 dilectionisque
1549 1448 1715 1478 praceptum

922 1484 1058 1520 ignorant,
1074 1493 1162 1521 neque
1182 1486 1378 1521 beneﬁcentim,
1401 1496 1490 1523 neque
1517 1489 1602 1516 animi
1620 1489 1714 1515 mode-

921 1531 980 1558 stize
1000 1531 1121 1558 fructum
1140 1537 1320 1567 cognoscunt.
1336 1533 1371 1560 At
1387 1541 1455 1561 sane
1469 1534 1533 1569 quis
1552 1542 1648 1562 omnes
1663 1534 1712 1562 bu-

921 1575 1043 1609 jusmodi
1069 1584 1152 1604 casus
1185 1579 1432 1614 prolapsionesque
1458 1585 1653 1614 percurreret,
1685 1580 1714 1607 in

71 1625 142 1654 quos
157 1618 261 1654 aliquis
279 1619 377 1653 fertur,
393 1627 457 1647 eum
474 1618 508 1645 ad
522 1626 570 1646 eos
585 1627 614 1647 se
629 1619 756 1647 conferre
772 1625 891 1654 recusat,
910 1623 956 1657 qui
974 1623 1029 1650 Deo
1047 1624 1152 1658 probati
1170 1625 1256 1652 sunt?
1268 1625 1454 1661 Cognovimus
1468 1626 1540 1654 enim
1555 1635 1605 1654 nos
1621 1635 1655 1654 ex
1671 1627 1716 1654 his

71 1665 232 1698 nonnullos,
246 1664 293 1701 qui
310 1665 407 1692 famem
419 1673 506 1701 usque
520 1664 554 1693 ad
573 1666 677 1693 obitum
695 1666 831 1701 patienter
847 1668 980 1701 tulerunt,
999 1669 1078 1704 quasi
1091 1670 1134 1697 his
1144 1671 1288 1699 sacrificiis
1308 1672 1432 1707 placetur
1449 1672 1540 1700 Deus:
1559 1680 1713 1708 rursusque

69 1710 151 1743 alios.
175 1710 224 1747 qui
240 1711 320 1747 quasi
333 1719 348 1739 ιε
368 1712 480 1748 regione
503 1711 621 1746 oppositi
646 1711 680 1738 ad
698 1712 867 1740 contrariam
886 1721 942 1741 rem
961 1722 991 1742 se
1006 1714 1203 1748 adjunxerunt,
1228 1716 1393 1752 nomineque
1407 1717 1540 1744 duntaxat
1555 1718 1710 1745 caelibatum

69 1758 245 1794 proﬁtentes,
264 1765 279 1784 a
294 1759 434 1785 communi
448 1758 558 1800 vivendi
571 1758 772 1786 consuetudine
786 1766 841 1786 non
860 1759 940 1794 longe
964 1761 1064 1789 absunt
1077 1783 1084 1794 .
1108 1767 1202 1798 utpote
1222 1764 1267 1798 qui
1283 1771 1338 1790 non
1356 1765 1459 1791 ventris
1475 1765 1562 1792 solum
1577 1765 1712 1800 voluptati

70 1803 245 1841 indulgeant,
263 1803 312 1833 sed
329 1804 412 1833 etiam
427 1813 490 1833 curn
513 1797 623 1834 fetiiinis
642 1810 735 1840 aperte
754 1806 929 1835 contubernii
955 1800 1114 1837 societatem
1137 1797 1274 1839 habt-ant:
1291 1812 1415 1846 hancque
1424 1820 1486 1839 cum
1503 1812 1536 1840 iis
1550 1812 1711 1839 familiarem

69 1853 181 1885 vivendi
203 1854 430 1882 consuetudinem
454 1855 580 1882 fraterna
598 1857 771 1890 cognationis
793 1857 903 1884 nomine
927 1858 1082 1892 appellant,
1108 1867 1207 1894 nempe
1226 1859 1377 1888 honestiori
1397 1861 1508 1889 nomine
1523 1869 1601 1889 suam
1616 1862 1712 1889 occul-

69 1897 163 1937 tiﬁtes
177 1904 310 1937 mentem,
321 1907 383 1936 quae
397 1900 430 1927 ad
453 1900 545 1935 pejora
560 1902 689 1936 proclivis
710 1907 762 1931 est.
775 1904 865 1939 Atque
885 1903 920 1930 ab
934 1903 976 1931 his
992 1903 1102 1940 quidem
1127 1912 1209 1940 grave
1225 1904 1278 1933 hoc
1295 1906 1442 1934 admodum
1458 1914 1613 1943 purumque
1629 1907 1712 1944 virgi-

67 1949 166 1977 nitatis
179 1947 303 1976 studium
320 1948 491 1983 vituperatur
510 1950 581 1985 apud
600 1949 725 1985 gentiles.

361 2005 488 2034 ΚΕΦΔΛ.
508 2006 573 2033 KA'.

1203 2004 1319 2034 CAPUT
1331 2005 1426 2033 XXIV.

66 2063 137 2103 ὀει
242 2062 297 2090 τὸν
320 2063 378 2096 τὴν
399 2062 559 2103 ’ἀκρίϐειαν
585 2063 639 2103 tot?
662 2064 736 2096 βίου
758 2059 860 2103 pedari

921 2061 974 2094 Qui
989 2066 1143 2103 naturalem
1166 2061 1235 2102 hanc
1254 2062 1459 2103 rihcjationein
1478 2064 1584 2097 assequi
1607 2064 1676 2099 vult,
1693 2074 1712 2095 α

98 2097 306 2133 βούλόμενον,
331 2099 410 2133 παρὰ
429 2099 482 2126 τοῦ
509 2097 765 2133 κατορθώσαντος
781 2099 860 2126 διδά-

1052 2097 1170 2131 perfecto
1187 2097 1243 2124 viro
1257 2097 1396 2124 erudiatur
1416 2106 1519 2124 neccue
1530 2103 1581 2126 ιέι.

102 2136 248 2162 quaom.

102 2179 211 2208 οὐκοῦν
233 2179 371 2213 λυσιτελὲς
394 2180 427 2207 ἂν
447 2179 489 2216 εἴη
516 2179 553 2217 μὴ
581 2180 736 2216 νομοθετεῖν
758 2181 860 2213 ἑαυτοῖς

955 2175 1029 2203 Utile
1052 2175 1137 2211 igitur
1161 2179 1205 2203 cst
1230 2175 1420 2205 adolescentes
1452 2176 1535 2211 hujus
1562 2177 1616 2205 sibi
1646 2179 1713 2208 vitat

66 2227 132 2260 τοὺς
148 2226 227 2259 νέους
249 2226 299 2263 τὴν
314 2226 434 2262 scipioni
451 2226 546 2253 τούτου
570 2226 639 2254 ὁδόν·
660 2226 691 2253 οὐ
706 2226 760 2263 γὰρ
775 2227 860 2254 ἐπιλέ-

921 2221 1029 2249 modum
1044 2229 1098 2248 non
1115 2221 1305 2257 praescribere,
1317 2223 1447 2257 quoniam
1462 2227 1557 2250 nostra
1573 2224 1631 2251 haec
1640 2228 1713 2253 atat

67 2273 146 2302 λοιπε
155 2274 207 2309 τὴν
223 2272 295 2309 ζωὴν
310 2273 388 2309 ἡμῶν
401 2273 436 2300 τὰ
454 2273 508 2300 τῶν
522 2273 632 2308 ἀγαθῶν
654 2273 840 2309 ὑποδείγματα
854 2281 861 2289 ·

67 2319 138 2346 ἀλλὰ
154 2320 203 2347 καὶ
218 2320 322 2356 σφόδρα
336 2319 395 2350 νῦν.
413 2320 492 2355 εἴπερ
508 2319 573 2346 ποτὲ
587 2339 595 2352 ,
626 2319 642 2355 ἡ
663 2319 794 2355 σεμνότης
813 2320 861 2354 ἧν-

69 2362 148 2400 θησε,
169 2365 217 2391 καὶ
230 2364 405 2400 ἐπιχωριάζει
420 2363 459 2400 τῷ
475 2363 526 2400 βίῳ
540 2364 629 2400 ἡμῶν,
649 2364 717 2400 πρὸς
733 2364 764 2391 τὸ
780 2363 863 2400 ἀκρό-

68 2417 149 2435 τατον
161 2409 223 2441 ταῖς
239 2410 299 2436 κατ’
311 2409 400 2443 ὀλίγον
423 2409 595 2445 προσθήκαις
610 2408 811 2444 ἅκριὸωθεῖσα·
828 2406 861 2444 ἧς

68 2454 157 2486 ἔξεστι
178 2455 325 2490 μετασχεῖν
341 2455 388 2481 τὸν
414 2456 469 2487 τοῖς
485 2454 616 2486 τοιούτοις
631 2455 717 2490 ἴχνεσι
742 2463 861 2490 περιπα-

67 2499 186 2532 τοῦντα,
210 2500 259 2527 καὶ
273 2500 323 2536 τῆς
340 2500 428 2537 ὀσμῆς
444 2500 491 2528 τοῦ
516 2499 605 2537 μύρου
628 2500 725 2528 τούτου
744 2501 861 2527 κατόπιν

67 2545 212 2581 ἑπόμενον,
227 2546 277 2581 τῆς
295 2546 408 2578 εὐωδίας
427 2546 475 2573 τοῦ
488 2546 607 2583 Χριστοῦ
623 2546 860 2582 ἀναπίμπλασθαι.

68 2590 204 2626 Καθάπερ
219 2590 274 2627 γὰρ
284 2592 349 2626 μιᾶς
358 2592 522 2628 ὲξαφθείσης
537 2592 689 2628 λαμπάδος,
705 2593 745 2624 είς
756 2592 861 2624 πάντας

66 2635 130 2669 τοὺς
145 2636 381 2672 προσεγγίζοντας
400 2637 513 2674 λύχνους
526 2638 543 2674 ὴ
563 2637 615 2673 τῆς
629 2638 728 2673 φλογὸς
743 2638 862 2671 διάδοσις

67 2682 186 2716 γίνεται,
201 2682 266 2710 οὗτε
286 2682 334 2710 τοῦ
349 2684 458 2720 πρώτου
478 2684 567 2720 φωτὸς
586 2684 799 2720 ἐλαττουμένου,
814 2684 862 2711 καὶ

66 2730 121 2761 τοῖς
146 2729 194 2757 διὰ
221 2729 400 2765 μεταλήψεως
423 2730 619 2767 φωτιζομένοις
646 2731 716 2759 κατὰ
744 2731 775 2759 τδ
803 2731 861 2758 ἴσον

67 2775 284 2811 προσγινομὲνου
297 2782 304 2789 “
322 2774 394 2803 οὕτω
406 2777 453 2804 καὶ
478 2777 494 2813 ἡ
512 2777 560 2805 τοῦ
575 2777 634 2813 βίου
653 2777 749 2805 τούτου
765 2777 861 2814 σεμνό-

102 2862 124 2879 ¹⁷
137 2862 228 2891 Ecele.
246 2871 272 2891 Iv
300 2863 340 2893 l0.

919 2268 1054 2296 bonorum
1072 2268 1205 2303 exetnplis
1217 2268 1338 2296 abundat
1352 2279 1358 2296 :
1371 2269 1437 2304 quin
1449 2269 1531 2298 etiam
1545 2270 1568 2297 si
1587 2278 1710 2306 unquam

916 2315 995 2348 alias,
1010 2323 1116 2343 morum
1128 2315 1248 2351 gravitas
1264 2316 1314 2343 hoc
1330 2320 1453 2352 tempore
1470 2316 1560 2349 ﬂoret,
1577 2315 1659 2352 atque
1678 2319 1710 2346 in

915 2361 971 2389 vita
987 2365 1123 2395 versatur,
1144 2362 1274 2396 paulatim
1294 2362 1331 2389 ita
1352 2366 1431 2389 aucta
1449 2366 1480 2389 ut
1505 2362 1540 2390 ad
1567 2370 1709 2391 summum

917 2409 1088 2443 pervenerit;
1104 2408 1190 2443 Cujus
1214 2408 1323 2444 quidem
1343 2416 1449 2435 mortnn
1472 2409 1626 2436 sanctitatis
1647 2408 1708 2437 ﬁeri

918 2455 1077 2490 participem
1106 2455 1130 2482 ei
1158 2455 1304 2490 contingit,
1325 2454 1418 2490 quiin
1447 2454 1535 2490 ipsius
1565 2455 1708 2482 curriculo

916 2500 1030 2536 vestigia
1045 2500 1195 2536 imprimit:
1209 2501 1285 2528 illum
1297 2505 1400 2533 autem,
1413 2500 1460 2535 qui
1475 2499 1558 2535 hujus
1572 2500 1708 2543 unguenti.

916 2546 1029 2574 odorem
1043 2551 1155 2574 secutus
1166 2546 1212 2579 sit,
1223 2547 1326 2581 optimo
1340 2544 1405 2574 Iesu
1420 2546 1523 2573 Christi
1539 2545 1624 2573 odore
1639 2553 1703 2580 ρετ-

916 2593 1002 2621 fundi.
1019 2591 1053 2620 Ut
1068 2593 1153 2625 enim,
1169 2592 1294 2628 lampade
1309 2599 1363 2619 una
1380 2599 1507 2624 accensa,
1530 2592 1557 2619 in
1582 2591 1703 2626 reliquas

915 2647 1011 2667 omnes
1041 2640 1211 2676 propinquas
1248 2640 1375 2667 lucernas
1409 2638 1518 2666 ﬂamma
1551 2638 1701 2669 derivatur.

914 2694 1003 2722 neque
1019 2690 1110 2714 tamen
1135 2686 1240 2721 primus
1264 2685 1337 2721 ignis
1365 2684 1547 2716 imminuitur,
1564 2684 1616 2711 etsi
1639 2690 1703 2710 cum

912 2732 949 2760 iis
962 2732 1104 2767 aequaliter
1119 2731 1290 2767 adiungitur,
1303 2731 1351 2766 qui
1372 2738 1405 2758 ex
1425 2730 1470 2758 illa
1488 2729 1602 2756 lumini:
1626 2728 1703 2756 deri-

914 2778 1024 2807 vatione
1045 2778 1174 2806 elucent:
1191 2778 1229 2805 ita
1245 2776 1328 2812 hujus
1341 2777 1404 2804 vita!
1419 2775 1541 2812 gravitas
1555 2775 1589 2804 ab
1603 2782 1636 2803 eo
1654 2773 1701 2809 qui
