1912 3080
194 130 243 159 ιιι

194 190 268 219 illam
284 192 362 217 recte
374 187 490 225 peregit,
506 188 533 215 in
552 195 601 216 eos
620 187 772 221 derivatur,
795 189 842 224 qui
867 188 985 224 proximi
1002 191 1022 218 Λ

193 240 269 265 sunt.
292 235 380 264 Verus
400 239 443 263 est
465 234 541 263 enim
563 234 587 261 is
605 233 748 270 Propheta:
769 242 863 262 sermo
875 235 896 250 ¹⁸
913 244 919 262 :
934 234 985 267 Qui

193 289 258 309 cum
274 284 372 308 sancto
382 284 411 308 et
428 279 570 307 innocenti
586 278 697 306 homine
713 280 879 315 egregioque
894 287 987 307 versa-

193 332 249 360 tur,
266 326 349 356 taleni
363 333 589 362 unumquemque
609 325 679 354 ﬁeri.
701 325 750 353 Sin
777 329 869 353 autem
896 325 984 353 docu-

194 378 286 401 menta
299 372 411 409 quaris,
426 379 544 408 quorum
562 371 690 407 praesidio
709 378 764 398 non
784 370 849 398 licet
865 370 900 398 ab
912 370 986 406 opti-

195 426 239 446 mo
255 418 381 454 exemplo
407 417 547 451 aberrare,
565 416 655 445 facilis
681 416 739 444 haec
758 420 801 444 est
818 416 984 451 explicatio;

194 471 258 491 nam
281 464 304 492 si
330 463 451 491 hominis
473 463 558 490 vitam
586 462 735 498 perspicis,
759 469 821 497 qua:
843 462 871 488 iu
896 461 986 489 medio

194 509 292 537 mortis
306 512 333 537 et
346 509 410 537 vitae
425 516 509 537 cursu
530 508 582 541 sit,
599 508 729 544 quodque
749 508 878 542 utrinque
895 511 939 534 est
952 507 985 534 ad

194 556 334 591 sapientiae
348 556 469 585 studium
485 556 552 584 utile
566 555 679 591 deligat,
707 559 737 583 ιιι
755 563 843 591 neque
862 555 935 590 quod
957 555 985 582 in

194 604 283 628 morte
300 604 342 628 est
359 601 477 629 actionis
490 608 591 636 expers
608 606 636 628 et
651 600 771 628 otiosum
786 601 813 628 in
827 600 920 628 studio
937 608 986 628 ex-

195 645 327 680 sequendi
346 646 475 673 mandata
486 647 514 674 in
531 654 561 674 se
577 646 703 682 recipiat,
720 654 809 682 neque
830 647 858 674 in
875 646 983 674 vivendi

195 695 268 718 statu
285 692 365 726 pleno
383 691 470 727 gradu
487 691 608 724 incedat,
621 692 695 727 quod
709 699 724 718 a
742 692 921 720 saecularibus
936 700 985 719 cu-

194 736 357 771 piditatibus
376 738 412 765 sit
433 738 552 771 alienus,
571 738 598 765 in
613 739 715 774 quibus
736 738 829 768 carnis
857 738 912 766 vita
937 738 982 766 de-

195 782 390 816 prehendatur,
407 784 434 811 in
450 783 493 812 his
509 784 601 812 minus
623 789 685 820 agat
699 792 781 819 quam
803 785 903 812 mortui
918 793 926 819 ;
950 784 985 812 ad

195 828 304 856 virtutis
326 833 417 856 autem
441 837 536 865 opera,
553 838 586 858 ex
608 831 709 866 quibus
726 831 773 866 qui
798 835 863 858 sunt
886 831 983 866 spiritu

193 876 330 904 ferventcs
347 884 552 912 agnoscuntur,
581 886 646 906 vere
672 879 824 906 animatum
846 882 874 907 et
891 879 984 907 effica-

193 929 253 948 cem
266 927 293 949 et
306 923 442 950 valentem
458 931 488 951 se
501 924 621 959 praebeat
634 933 640 951 :
655 924 729 951 hunc
746 932 813 953 sane
826 925 914 952 virum
932 931 984 952 tua:

194 967 256 994 vita:
272 968 404 995 amussim
421 969 548 997 intuere:
564 969 609 997 hic
625 970 673 997 tibi
686 970 787 997 divinae
805 970 868 998 vitae
883 978 984 1006 scopas

193 1013 229 1039 sit
262 1013 431 1048 propositus,
458 1018 489 1041 ut
516 1015 766 1050 gubernatoribus,
791 1024 853 1051 quae
877 1024 985 1051 semper

192 1063 326 1092 apparent
340 1059 443 1087 stellae:
457 1058 539 1094 hujus
550 1064 578 1087 et
594 1065 763 1089 senectutem
780 1066 807 1089 et
827 1061 985 1089 adolescen-

192 1104 259 1130 tiam
275 1104 384 1131 imitare
395 1124 403 1137 ,
423 1104 467 1134 vel
482 1106 573 1141 potius
588 1106 670 1141 hujus
687 1106 714 1134 in
735 1107 917 1135 adolescentia
939 1116 984 1135 se-

191 1153 340 1182 nectutem,
352 1154 504 1186 contraque
519 1151 547 1178 in
563 1151 679 1179 decursa
699 1156 777 1180 aetate
793 1153 867 1180 illius
892 1153 985 1180 adole-

191 1194 323 1222 scentiam
350 1195 452 1223 imitari
478 1196 581 1229 debes;
612 1205 700 1233 neque
723 1198 796 1225 enim
820 1199 880 1232 ejus
901 1199 984 1226 animi

190 1242 319 1269 virtutem
335 1249 502 1277 Cursumque
520 1243 730 1278 ingravescente
743 1244 799 1278 jam
814 1249 894 1272 attate
917 1249 985 1272 tem-

189 1295 243 1322 pus
259 1288 396 1320 restinxit,
409 1296 497 1324 neque
508 1289 590 1324 hujus
606 1289 790 1318 adolescentia
809 1290 836 1318 in
852 1291 885 1318 iis
901 1291 983 1319 rebus

189 1337 302 1361 actuosa
320 1333 381 1366 fuit,
395 1333 421 1361 in
434 1334 535 1369 quibus
552 1334 749 1368 adolescentia,
762 1336 826 1371 quia
846 1340 981 1368 versatur,

188 1379 382 1413 cognoscitur;
410 1379 497 1407 sedin
523 1384 639 1415 utraque
665 1380 739 1409 illius
759 1385 839 1409 a‘tate
859 1382 982 1417 quaedam

190 1424 241 1452 fuit
273 1426 475 1453 contrariarum
497 1433 590 1453 rerum
627 1427 798 1462 temperatio,
823 1428 864 1455 vel
893 1427 984 1462 potius

188 1472 280 1507 aliqua
292 1472 490 1508 proprietatum
507 1475 682 1508 permutatio,
699 1479 791 1509 utpote
805 1481 867 1502 cum
886 1474 920 1502 ad
936 1475 985 1502 bo—

189 1525 254 1544 lltlltl
271 1518 406 1553 agendum
421 1523 481 1546 acta
499 1524 577 1546 relate
597 1519 639 1547 vis
656 1523 684 1546 et
704 1524 801 1547 natura
816 1520 843 1547 in
861 1528 893 1548 eo
904 1521 981 1556 juve-
997 1538 1018 1567 ο

188 1562 281 1590 niliter
308 1566 411 1598 posset,
441 1563 602 1592 ﬂorescente
627 1572 693 1592 vero
722 1569 801 1593 aetate
825 1564 859 1593 ad
885 1566 983 1601 pra‘vas

188 1608 311 1636 actiones
335 1609 448 1636 minime
468 1609 581 1637 valeret.
604 1610 653 1637 Sin
679 1614 770 1638 autem
796 1610 870 1638 illius
893 1612 983 1639 aetatis

188 1660 295 1681 amores
315 1653 476 1689 iuvestigas,
493 1657 521 1680 tn
534 1654 615 1681 velim
629 1655 678 1682 tibi
693 1662 828 1690 proponas
847 1663 982 1683 summum

187 1699 264 1726 illum
277 1703 304 1727 et
320 1698 470 1727 ferventem
485 1699 608 1727 divinum
624 1701 766 1735 sapientiae
787 1709 919 1735 amorem,
938 1703 982 1730 cui

187 1745 222 1773 ab
243 1745 358 1772 infantia
372 1744 499 1773 addictus
522 1753 609 1781 usque
626 1746 659 1773 ad
677 1751 845 1774 senectutem
857 1754 984 1782 perman-

187 1790 234 1818 sit.
254 1791 288 1817 At
300 1790 322 1818 si
343 1790 377 1817 ad
399 1790 473 1817 hunc
490 1790 602 1819 minimc
623 1792 749 1819 contueri
766 1796 858 1828 potes,
887 1793 982 1828 quales

187 1836 205 1862 ii
217 1835 263 1870 qui
284 1835 433 1864 infirmiore
453 1840 519 1864 sunt
527 1837 670 1865 oculorum
682 1838 780 1865 obtutu
793 1839 827 1866 ad
845 1840 981 1874 aspicien-

187 1879 252 1907 dum
266 1879 363 1912 solent,
386 1880 414 1907 in
426 1885 586 1909 sanctorum
601 1882 710 1909 illorum
724 1883 864 1911 hominum
876 1885 981 1913 intuere

186 1929 302 1957 coetum,
314 1926 361 1960 qui
375 1926 411 1953 ab
425 1934 458 1953 eo
472 1926 617 1954 institutus
630 1931 682 1961 est,
695 1932 776 1962 atque
792 1930 853 1956 illos
865 1930 980 1964 imitare,

188 1971 237 2006 qui
261 1970 323 1999 vita
351 1972 498 2007 splendore
526 1972 649 2001 illustres
675 1972 844 2008 singularum
870 1979 980 2002 aetatum

186 2019 344 2047 hominibus
361 2019 395 2046 ad
408 2019 572 2047 imitandum
589 2019 725 2055 propositi
742 2025 817 2048 sunt.
832 2020 908 2048 llunc
920 2023 981 2049 vita:

187 2069 291 2093 n0strze
309 2072 423 2101 scopum
441 2065 584 2102 proposuit
602 2065 685 2093 Deus.
709 2065 784 2094 Multi
803 2067 828 2094 in
852 2067 894 2095 his
914 2069 980 2095 ado-

186 2111 321 2139 lescentes
349 2112 377 2139 in
405 2112 523 2147 simplici
552 2112 732 2146 temperantia
764 2120 978 2147 consenuerunt,

186 2158 347 2194 rationeque
370 2166 433 2186 cum
459 2163 629 2186 senectutem
647 2159 849 2195 praeripuerint,
866 2166 893 2188 et
919 2170 978 2189 mo-

185 2204 262 2232 ribus
279 2206 412 2241 temporis
423 2213 535 2233 cursum
552 2206 758 2237 anteverterint,
772 2207 798 2233 hi
820 2207 909 2235 soluunt
931 2217 973 2236 sa-
991 2209 1013 2237 ί)

186 2250 295 2285 picntiae
323 2258 444 2278 amorem
469 2254 679 2285 cognoverunt:
704 2259 759 2278 non
787 2251 859 2286 quod
881 2257 978 2280 natura

185 2296 334 2324 dissimiles
344 2301 437 2324 essent
452 2296 461 2330 (
474 2296 500 2323 in
519 2296 647 2324 oliinibus
661 2297 733 2324 enim
762 2304 828 2324 caro
845 2298 978 2326 adversus

186 2340 314 2375 spiritum
349 2341 519 2376 concupiscit
531 2341 574 2376 “),
601 2341 648 2369 sed
671 2341 800 2377 quoniam
825 2347 899 2370 recte
915 2351 976 2371 eum

186 2387 343 2419 audierunt,
359 2387 406 2421 qui
424 2392 498 2414 recte
512 2387 600 2421 dixit,
623 2387 688 2415 Vitae
710 2388 813 2424 lignum
837 2388 975 2423 quoddam

185 2433 393 2468 temperantiam
418 2440 479 2461 esse
509 2434 543 2461 iis
562 2434 608 2468 qui
634 2434 662 2461 in
687 2434 761 2461 illius
794 2434 915 2462 studium
936 2435 976 2462 iu-

185 2478 336 2506 cumbunt:
365 2478 417 2506 hoc
445 2479 530 2514 ligno,
554 2479 632 2515 quasi
653 2480 715 2506 navi
738 2480 846 2514 aliqua,
868 2480 906 2508 illi
925 2481 976 2507 ﬂu-

185 2529 312 2552 ctuosum
325 2524 516 2552 adolescentiae
531 2533 606 2552 mare
622 2526 802 2561 praetervecti,
816 2526 849 2554 ad
866 2533 975 2562 portum

185 2571 285 2598 divime
296 2571 444 2599 voluntatis
460 2572 644 2608 appulerunt:
658 2572 769 2608 jamque
786 2573 877 2600 animo
897 2578 974 2601 tran-

185 2617 271 2652 quillo
303 2621 388 2651 sunt,
411 2618 500 2645 otioso
526 2622 609 2653 atque
632 2619 667 2645 ab
685 2619 812 2646 omnibus
845 2619 973 2647 ﬂuctibus

185 2668 302 2696 reluoto,
330 2663 436 2699 hacque
464 2664 536 2692 felici
562 2665 737 2700 navigatione
764 2665 801 2692 illi
824 2666 974 2694 beatissimi

184 2709 306 2744 quidem,
330 2710 459 2745 quoniam
489 2718 551 2737 cum
582 2711 608 2737 in
636 2711 738 2745 optima
751 2719 810 2746 spe,
830 2712 909 2744 quasi
947 2712 973 2739 in

185 2755 324 2783 tutissimo
343 2756 436 2792 aliquo
459 2761 554 2791 portu.
583 2756 711 2783 anchoris
733 2756 814 2791 jactis
843 2765 884 2784 res
905 2765 969 2785 suas

220 2848 244 2865 ¹¹
255 2847 315 2875 Psal
345 2855 409 2875 xvu.
429 2847 463 2874 ‘26
515 2847 534 2862 “’
551 2846 638 2873 Galat.
660 2855 684 2874 \'.
704 2847 744 2873 l7.

819 129 848 157 S.
866 128 1029 158 GREGOREI
1048 128 1188 156 M'SSENI

1785 126 1837 156 "2

1039 197 1087 223 της
1104 188 1158 214 ἀπὸ
1179 186 1226 214 τοῦ
1242 186 1454 223 κατωρθωκότος
1477 185 1562 222 αὐτὴν
1579 183 1625 214 tiri.
1640 185 1703 220 τοῦς
1715 197 1837 224 προσεγ-

1037 234 1163 267 γίζοντας
1176 232 1336 260 διαδίδοται·
1347 232 1451 268 ἀληθὴς
1465 233 1520 268 γὰρ
1532 233 1546 259 ό
1560 233 1730 269 προφητικδς
1743 234 1835 269 λόγος,

1037 279 1082 305 τὸν
1099 278 1169 313 μετὰ
1187 278 1262 305 ὁσίου
1284 278 1331 305 καὶ
1357 277 1447 305 ἀθώου
1473 279 1521 306 καὶ
1537 279 1665 307 ὲκλεκτοῦ
1691 280 1840 315 διόιγονταἰ

1037 322 1156 349 τοιοῦτον
1175 322 1308 357 γίνεσθαι.
1322 323 1354 349 Et
1370 322 1398 349 δὲ
1413 322 1505 359 ζητεῖς
1521 324 1555 351 τὰ
1578 325 1758 360 γνωρίσματα
1768 346 1776 359 ,
1799 327 1835 353 δι’

1037 367 1074 395 ὢν
1096 368 1146 395 οὑκ
1167 367 1239 395 ἔστιν
1263 369 1394 404 ἁμαρτεῖν
1414 368 1460 396 τοῦ
1486 369 1589 404 ἀγαθοῦ
1617 369 1833 406 ὑποδείγματος,

1037 413 1147 446 εὔκολος
1161 414 1177 450 ὴ
1195 415 1352 450 ὑπογραφὴ.
1369 415 1432 442 Ἐὰν
1454 415 1512 452 ῐδῃς
1528 416 1585 451 βίον
1598 416 1695 453 ἀνδρὸς
1711 418 1741 444 ἐν
1758 418 1835 454 μέσῳ

1037 459 1153 487 θανάτου
1174 461 1221 487 κα)⁵
1238 460 1311 496 ζωῆς
1335 461 1441 488 ὲστῶτα
1459 462 1489 488 τὸ
1509 462 1681 499 ἑκατέρωθεν
1697 464 1835 499 χρήσιμον

1037 506 1076 537 είς
1091 506 1249 541 φιλοσοφίαν
1276 507 1456 542 αἱρούμενον,
1481 506 1543 534 οὔτε
1567 507 1598 534 τὸ
1616 508 1757 543 ἄπρακτον
1785 508 1834 535 τοῦ

1037 553 1153 580 θανάτου
1168 553 1383 588 καταδεχόμενον
1400 553 1429 580 ὲν
1443 554 1476 588 τῇ
1496 553 1562 589 περὶ
1578 553 1627 585 τὰς
1642 553 1753 585 ἐντολὰς
1763 562 1834 589 προ-

1037 600 1130 635 θυμίᾳ,
1146 599 1208 626 οὔτε
1220 600 1272 634 ὅλῳ
1283 600 1321 634 τῷ
1340 599 1400 625 ποδὶ
1422 600 1468 625 ἐπὶ
1490 600 1539 634 τῆς
1556 599 1628 634 ζωῆς
1641 599 1778 635 βεϐηκότα
1790 600 1835 626 διὰ

1035 647 1085 682 τὴν
1099 646 1154 673 τῶν
1165 646 1304 681 κοσμικῶν
1320 645 1471 681 ἐπιθυμιῶν
1486 645 1671 682 ἀλλοτρίωσιν,
1684 646 1714 673 ὲν
1725 644 1767 678 οίς
1783 646 1835 682 μὲν

1038 693 1137 728 σαρκὺς
1153 691 1210 728 ζωὴ
1224 692 1396 726 δοκιμάζεται
1409 712 1416 723 ,
1441 691 1494 718 τῶν
1509 691 1615 727 νεκρῶν
1627 692 1834 728 ἀπρακτότερον

1037 738 1152 774 μένοντα
1162 758 1169 770 ,
1181 738 1250 772 πρὸς
1263 737 1291 763 δὲ
1306 736 1339 762 τὰ
1353 737 1402 771 τῆς
1427 735 1529 771 ἀρετῆς
1551 736 1631 771 ἔργα,
1645 736 1679 763 δι’
1692 732 1731 763 ὧν
1751 737 1777 762 οἱ
1795 736 1835 772 τῷ

1036 782 1172 817 πνεύματι
1198 781 1298 814 ζῶντες
1319 781 1565 815 ὲπιγινώσκονται,
1580 780 1688 815 ἀληθῶς
1710 780 1835 816 ἔμψυχον

1036 828 1083 855 καὶ
1093 827 1203 863 ἐνεργὸν
1218 827 1264 854 καὶ
1280 827 1417 863 ἰσχύοντα,
1433 826 1501 862 πρὸς
1517 826 1611 853 τοῦτον
1627 827 1709 862 βλέπε
1723 827 1770 854 τὸν
1789 836 1834 854 κα-

1037 874 1099 901 νόνα
1121 873 1169 900 τοῦ
1194 873 1271 909 βίου·
1293 870 1371 905 οὗτος
1398 873 1468 900 ἔστω
1494 881 1536 900 σοι
1554 873 1654 905 σκοπὸς
1680 873 1732 908 τῆς
1757 873 1834 906 θείας

1037 920 1129 956 ζωῆς,
1145 919 1270 955 καθάπερ
1292 920 1347 951 τοῖς
1370 919 1550 955 κυϐερνήταις
1575 920 1600 946 ot
1623 920 1763 954 ὰειφανεῖς
1780 921 1834 947 τῶν

1037 966 1158 1002 ἀστέρων
1169 987 1176 998 ,
1194 966 1312 1002 μίμησαι
1326 965 1421 992 τούτου
1435 966 1482 992 καὶ
1497 965 1592 993 πολιὰν
1604 987 1612 999 ,
1629 967 1678 993 καὶ
1696 967 1814 1002 νεότητα
1825 976 1833 983 -

1038 1012 1138 1047 μᾶλλον
1151 1012 1179 1039 δὲ
1197 1013 1316 1048 μίμησαι
1329 1012 1411 1039 αὑτοῦ
1427 1013 1456 1039 τὺ
1471 1013 1499 1039 ὲν
1516 1013 1650 1048 μειρακίῳ
1660 1012 1750 1048 γῆρας
1763 1034 1770 1045 ,
1789 1014 1836 1041 καὶ

1036 1058 1086 1094 τὴν
1104 1059 1133 1085 ὲν
1150 1058 1189 1094 τῷ
1202 1059 1275 1094 γήρᾳ
1291 1059 1404 1093 νεότητα
1416 1067 1423 1074 ’
1439 1058 1501 1085 οὒτε
1513 1058 1565 1094 γὰρ
1586 1058 1616 1085 τὸ
1630 1059 1773 1094 ῥωμαλέον
1785 1060 1835 1086 αὺν

1036 1104 1083 1130 τοῦ
1098 1104 1146 1139 τῆς
1162 1103 1250 1140 ψυχῆς
1266 1103 1429 1140 δραστήριον
1453 1104 1503 1140 ἤδη
1522 1104 1590 1139 πρὸς
1614 1105 1703 1139 γῆρας
1726 1106 1836 1132 ἐπικλι-

1037 1149 1129 1183 θείσης
1141 1150 1190 1185 τῆς
1203 1150 1310 1185 ἡλικίας
1322 1150 1337 1176 ὁ
1351 1150 1444 1186 χρόνος
1459 1150 1624 1186 ἠμαύρωσεν
1633 1169 1641 1182 ,
1655 1149 1718 1176 οὔτε
1735 1151 1753 1186 ἡ
1775 1152 1835 1178 νεό-

1032 1187 1085 1231 ’της
1099 1196 1212 1231 ἐνεργὴς
1231 1194 1265 1231 ἦν
1288 1196 1317 1222 ὲν
1334 1192 1374 1227 οἷς
1400 1195 1492 1231 νεότης
1506 1196 1618 1231 ἐνεργὴς
1645 1196 1812 1232 γνωρίζεται
1826 1206 1833 1212 ·

1036 1242 1104 1269 ἀλλά
1119 1250 1159 1274 τις
1170 1240 1204 1278 ἦν
1218 1242 1290 1278 μίξις
1305 1242 1449 1278 θαυμαστὴ
1461 1242 1515 1269 τῶν
1526 1243 1654 1269 ἐναντίων
1667 1243 1696 1269 ὲν
1711 1242 1835 1279 ἑκατέρᾳ

1037 1289 1130 1325 ἡλικίᾳ
1141 1308 1148 1321 ,
1165 1289 1264 1324 μᾶλλον
1281 1288 1424 1323 ὑπαλλαγὴ
1441 1287 1496 1314 τῶν
1512 1287 1674 1323 ἰδιωμάτων.
1698 1288 1744 1314 Ἐν
1760 1289 1836 1324 γήρᾳ

1039 1335 1089 1371 μὲν
1114 1335 1163 1370 τῆς
1179 1335 1319 1370 δυνάμεως
1335 1334 1403 1370 πρὸς
1429 1334 1460 1361 τὸ
1485 1334 1589 1368 ἀγαθὸν
1607 1333 1779 1370 νεαζούσης,
1805 1335 1834 1360 ἐν

1038 1380 1173 1416 μειρακίῳ
1184 1380 1212 1407 δὲ
1227 1380 1277 1415 τῆς
1293 1380 1417 1415 νεότητος
1440 1380 1509 1415 πρὸς
1530 1379 1561 1406 τὸ
1576 1379 1660 1407 κακὸν
1675 1379 1835 1416 ἀπρακτού-

1037 1435 1097 1461 σης,
1113 1426 1145 1452 El.
1159 1426 1187 1453 δὲ
1201 1427 1247 1452 καὶ
1263 1426 1326 1457 τοὺς
1340 1425 1443 1462 ἔρωτας
1458 1425 1508 1461 τῆς
1522 1425 1631 1460 ἡλικίας
1644 1425 1753 1460 ἐκείνης
1768 1426 1834 1452 ἀνσ-

1037 1471 1180 1506 ζητήσεις,
1196 1471 1315 1506 μίμησαι
1326 1470 1355 1496 τὸ
1372 1469 1483 1506 σφοδρὸν
1499 1469 1544 1495 καὶ
1558 1469 1687 1504 διάπυρον
1698 1470 1746 1495 τοῦ
1759 1469 1832 1495 θείου

1035 1518 1084 1552 τῆς
1112 1516 1207 1551 σοφίας
1224 1516 1339 1552 ἔρωτος,
1356 1513 1378 1550 ᾧ
1405 1517 1437 1542 ὲκ
1464 1516 1563 1550 νηπίας
1589 1515 1765 1550 συνηυξήοη,
1785 1515 1832 1542 καὶ

1037 1563 1117 1599 μέχρι
1133 1563 1226 1599 γήρως
1242 1563 1393 1598 διήρκεσεν.
1409 1562 1439 1588 Ei
1454 1561 1482 1588 δὲ
1502 1561 1643 1592 ἀδυνατεῖς
1665 1560 1734 1596 πρὸς
1750 1561 1832 1588 αὑτὸν

1034 1611 1101 1646 όρᾷν
1115 1630 1122 1642 ,
1147 1609 1273 1645 καθάπερ
1290 1609 1357 1644 πρὸς
1373 1608 1418 1635 τὸν
1436 1607 1512 1643 ἥλιον
1535 1608 1559 1634 οί
1585 1607 1648 1639 τοὺς
1674 1606 1831 1642 ὀφθαλμοὺς

1035 1655 1251 1691 ὲμπαθέστεροι·
1271 1655 1303 1682 σὺ
1328 1654 1356 1681 δὲ
1383 1652 1535 1688 ἀπόϐλεψον
1559 1652 1599 1683 είς
1620 1652 1666 1679 τὸν
1693 1652 1739 1679 ὑπ’
1758 1652 1831 1687 αὐτῷ

1033 1702 1198 1738 τεταγμένον
1213 1701 1267 1728 τῶν
1280 1701 1365 1736 ἁγίων
1377 1700 1466 1735 χορὸν,
1477 1698 1542 1730 τοὺς
1555 1698 1623 1733 πρὸς
1640 1698 1756 1734 μίμησιν
1776 1698 1831 1724 τῶν

1034 1748 1094 1775 καθ’
1110 1748 1217 1783 ἡλικίαν
1242 1746 1395 1783 γενομένων
1419 1745 1458 1781 τῷ
1478 1745 1528 1781 βίῳ
1543 1744 1712 1780 λάμποντας.
1730 1744 1831 1771 Τοῦτον

1032 1794 1138 1821 τέθεικε
1180 1794 1282 1820 σκοπὸν
1311 1794 1326 1820 ό
1355 1792 1422 1825 Θεὸς
1454 1794 1490 1829 τῇ
1529 1792 1652 1828 ἡμετέρᾳ
1681 1791 1750 1828 ζωῇ.
1787 1792 1829 1819 Ἐν

1032 1837 1073 1872 οἷς
1099 1839 1190 1866 πολλοὶ
1206 1840 1266 1871 ταῖς
1291 1837 1411 1874 ἡλικίαις
1436 1837 1596 1870 νεάζοντες,
1615 1839 1643 1865 ἐν
1660 1837 1699 1873 τῷ
1716 1837 1828 1873 καθαρῷ

1032 1885 1081 1919 τῆς
1096 1883 1272 1919 σωφροσύνης
1283 1882 1480 1918 ὲπολιώθησαν.
1492 1882 1643 1919 φθάσαντες
1655 1884 1694 1918 τῷ
1705 1883 1828 1918 λογισμῷ

1031 1931 1062 1957 τὺ
1080 1930 1169 1965 γῆρας
1182 1949 1189 1961 ,
1206 1929 1251 1956 καὶ
1279 1929 1318 1964 τῷ
1341 1928 1434 1964 τρόπῳ
1449 1928 1628 1964 παρελθόντες
1649 1929 1694 1955 τὸν
1708 1928 1804 1963 χρόνον
1818 1937 1826 1944 ·

1031 1976 1056 2002 οἳ
1075 1975 1120 2002 τὸν
1135 1975 1184 2009 τῆς
1204 1974 1298 2009 σοφίας
1317 1973 1406 2010 ἔρωτα
1424 1973 1503 2009 μόνον
1526 1973 1697 2009 ἐγνώρισαν,
1720 1974 1770 2008 ούχ
1787 1974 1828 2000 ὃτι

1032 2021 1139 2056 φύσεως
1153 2020 1255 2056 ἑτέρως
1274 2017 1345 2054 εἶχον
1367 2020 1413 2055 (ὲν
1436 2019 1521 2046 ἅπασι
1545 2019 1599 2054 γὰρ
1616 2020 1632 2055 ἡ
1648 2018 1717 2055 σὰρξ
1734 2019 1828 2046 ἐπιου-

1032 2067 1078 2102 μεῖ
1087 2066 1156 2093 κατὰ
1166 2065 1213 2092 τοῦ
1229 2067 1383 2100 πνεύματος
1394 2067 1412 2097 ),
1423 2064 1480 2092 ἀλλ’
1496 2064 1588 2100 ἐπειδὴ
1601 2064 1690 2096 καλῶς
1706 2065 1828 2100 ἤκουσαν

1031 2112 1078 2139 τοῦ
1094 2111 1232 2143 εἰπόντος,
1248 2111 1317 2146 ὅτιή
1334 2109 1495 2146 σωφροσύνη
1511 2109 1588 2142 ξύλον
1603 2110 1660 2136 ἐστὶ
1672 2110 1744 2145 ζωῆς
1759 2111 1826 2137 πᾶσι

1032 2160 1088 2191 τοῖς
1106 2157 1293 2194 ἀντεχομένοις
1310 2157 1394 2192 αὐτῆς
1406 2165 1413 2172 ·
1429 2157 1475 2183 ἐπὶ
1497 2156 1593 2183 τούτου
1619 2156 1667 2183 τοῦ
1683 2156 1762 2189 ξύλου
1781 2157 1826 2184 τὸν

1026 2205 1076 2240 τῆς
1093 2204 1165 2239 ζωῆς
1187 2204 1307 2230 κλύδωνα
1322 2202 1417 2239 ὥσπερ
1430 2202 1476 2229 ἐπὶ
1492 2202 1599 2238 σχεδίας
1612 2202 1683 2234 τινὸς
1698 2202 1826 2228 διαπλεύ-

1032 2259 1142 2282 σαντες,
1157 2251 1196 2281 είς
1209 2250 1254 2277 τὸν
1267 2249 1364 2285 λιμένα
1378 2250 1424 2276 τοῦ
1444 2249 1596 2285 θελήματος
1612 2248 1658 2275 τοῦ
1672 2248 1740 2275 Θεοῦ
1758 2248 1824 2275 καθ-

1030 2296 1218 2332 ωρμίσθησαν.
1237 2296 1291 2322 Καὶ
1314 2295 1361 2322 νῦν
1384 2296 1413 2322 ὲν
1435 2296 1511 2330 εὑδίᾳ
1530 2295 1575 2322 καὶ
1593 2295 1695 2330 γαλήνη
1711 2294 1760 2330 τὴν
1773 2295 1825 2330 ψο-

1030 2344 1080 2380 χὴν
1094 2343 1250 2378 ἀκύμαντον
1269 2342 1370 2378 ἔχουσι,
1392 2342 1553 2378 μακαριστοὶ
1568 2342 1618 2377 τῆς
1641 2341 1785 2373 εὐπλοῖας·
1799 2341 1824 2367 οἳ

1028 2390 1059 2416 τὺ
1077 2389 1135 2416 καθ’
1150 2389 1261 2420 ἑαυτοὺς
1276 2390 1322 2416 ἐπὶ
1338 2389 1386 2425 τῆς
1403 2388 1508 2424 ἀγαθῆς
1527 2387 1632 2419 ἐλπίδος
1643 2407 1651 2420 ,
1667 2386 1762 2422 ὥσπερ
1779 2387 1824 2413 ὲπί

1028 2444 1100 2467 τινος
1115 2434 1253 2470 ἀσφαλοῦς
1268 2434 1391 2470 ἀγκύρας
1409 2433 1621 2469 βεδαιωσάμενοι
1635 2452 1642 2464 ,
1658 2432 1754 2468 nam,
1769 2432 1823 2458 τῶν

1028 2481 1158 2517 κυμάτων
1178 2481 1228 2513 τῆς
1247 2480 1368 2517 ταραχῆς
1387 2479 1585 2515 ἀτρεμοῦντες,
1610 2477 1736 2512 καθάπερ
1754 2486 1823 2512 πυρ-

1029 2527 1092 2559 σούς
1107 2536 1182 2559 τινας
1207 2527 1261 2554 ἀπὸ
1278 2526 1382 2561 ὑψηλῆς
1399 2525 1574 2562 φρυκτωρίας
1587 2546 1594 2557 ,
1614 2524 1664 2559 τὴν
1679 2523 1733 2550 τῶν
1750 2523 1822 2549 ἰδίων

1028 2572 1093 2607 βίων
1109 2572 1286 2607 λαμπρότητα
1307 2572 1361 2602 τοῖς
1376 2571 1518 2606 ἑπομένοις
1534 2569 1700 2605 προέθηκαν.
1715 2567 1822 2595 Οὐκοῦν

1027 2618 1125 2654 ἔχομεν
1141 2618 1208 2653 πρὸς
1232 2617 1261 2643 ὃν
1276 2617 1474 2647 ἀποὸλέποντες
1488 2615 1617 2649 ἀσφαλῶς
1637 2615 1683 2641 τὸν
1698 2613 1821 2640 κλύδωνα

1025 2665 1079 2691 τῶν
1094 2663 1253 2699 πειρασμῶν
1265 2663 1414 2697 διαφυγεῖν.
1436 2662 1468 2688 Τί
1485 2670 1529 2696 μοι
1544 2661 1783 2696 πολυπραγμονεῖς
1797 2659 1822 2685 εἴ

1025 2719 1097 2742 τινες
1120 2710 1174 2736 τῶν
1192 2709 1279 2736 ταῦτα
1306 2707 1500 2743 διανοηθέντων
1517 2706 1689 2743 ἡττήθησαν,
1706 2707 1757 2733 καὶ
1778 2705 1820 2732 διὰ

1023 2756 1103 2784 τοῦτο
1124 2755 1322 2790 ἀπογινώσκεις
1339 2754 1374 2786 ὡς
1398 2753 1540 2790 ἀμηχάνου
1567 2752 1613 2779 τοῦ
1636 2753 1819 2788 πράγματος;
