1912 3080
120 132 170 160 HS

118 191 190 227 Πρὸς
202 192 249 220 τδν
263 196 463 232 κατωρθωκότα
478 200 558 234 βλέπε
568 222 574 233 ,
590 203 636 230 καὶ
651 202 759 240 ϐαρ-ἑῶν
777 208 907 235 κατατὸλ-

120 245 206 286 μησον
221 239 271 274 τῆς
291 241 394 277 ἀγαθῆς
410 245 591 283 ναυτιλίαςτῇ
614 239 740 286 ἐπιπνοίᾳ
766 251 813 278 τοῦ
832 253 909 286 ἁγίου

120 282 277 333 {Ilvam-tato?
289 305 297 317 ,
311 287 364 314 ὑπὸ
378 289 529 327 κυϐερνήτῃ
543 293 583 328 τῷ
598 295 707 331 Χριστῷ
724 282 753 323 έν
771 297 810 332 τῷ
825 282 910 333 mith-

119 326 414 377 ἔίὲξῆξέῠφροσύνης
429 326 615 372 εὐθυνόμενος.
625 326 698 367 Ὀὺδέ
717 342 771 377 γὰρ
785 326 809 370 oi
830 326 909 371 κατα-

329 377 466 407 θάλασσαν
480 382 509 408 ἐν
524 383 636 416 πλοίοις,
652 386 698 413 καὶ
713 387 850 421 ποιοῦντες
864 390 909 425 ἐρ-

123 421 221 470 ”
237 421 267 447 ἔν
275 422 366 470 fouet.
378 469 382 470 γ
389 426 505 470 πολλοῖς,
520 429 550 455 τὸ
570 431 675 465 συμϐάν
704 441 755 459 τινι
780 421 907 469 ναυάγιον

254 466 309 514 τῶν
322 467 437 496 ἐλπίδων
452 462 611 508 πεποίηνται
625 483 632 490 ⁸
653 476 720 502 ἀλλά
733 478 782 513 τὴν
802 462 906 514 ἀγαθὴν

118 508 214 558 ἐλπίδα
225 511 329 540 ἑαυτῶν
343 515 567 552 προϐαλλόμενοι.
582 519 628 546 ἐπὶ
640 520 670 547 τὸ
683 508 766 558 πέρας
781 508 831 549 τοέ
840 508 906 551 κατ-

117 554 278 590 ορθώματος
294 559 461 598 σπεύδουσιν.
474 560 512 589 Ἦ
527 565 588 599 οὐχὶ
603 554 723 594 πάντων.
734 568 906 597 ἀτοπώτατον

116 599 151 626 ἂν
169 601 227 651 εἴη,
237 602 273 651 ’τὸ
285 603 334 651 μὲν
347 606 479 642 σφαλῆναι
495 618 555 635 τινα
570 611 598 636 ἐν
612 612 651 646 τῷ
664 613 846 651 ὴκριϐωμένῳ
858 625 906 644 πο-

115 647 198 695 νηρον
216 648 356 683 τίθεσθαι,
377 653 435 679 ὅλον
451 654 479 680 δὲ
503 655 548 681 τὸν
568 657 623 690 βίον
651 647 863 695 καταγηρῷντας
877 663 906 689 ὲν

115 693 273 745 σφάλμασιν
295 696 405 745 ἀμεινον
426 700 549 734 ἡγεῖσθαι
577 693 775 739 βουλεύεσθαι-’ς
793 708 824 734 Ει
851 693 906 745 γὰρ

113 737 200 787 δεινόν
214 741 289 787 εστιν
298 742 373 787 ἀπαξ
386 748 565 780 προσεγγίσαι
584 751 616 785 τῇ
639 737 778 787 ἁμαρτίᾳ,
802 737 906 782 καὶ-διά

113 782 193 835 τοῦἷο
207 785 326 835 ἀσφαλὲς
342 787 411 835 sivit
435 791 555 826 νομίζεις
568 782 616 820 τδη
624 782 841 833 μη-δὲΙὲγέενιρεῖν
866 787 905 835 τῷ

112 828 274 879 Ῠψηλοτέρῳ
288 834 381 879 σκοπῷ
391 842 397 850 ι
412 835 487 872 πόσῳ
508 828 696 875 χαλεπώτερόν
714 828 793 869 ἐστιν.
809 828 904 879 ὲπιτήλ

111 874 200 910 δευμα
212 876 271 911 βίου
292 878 343 914 τὴν
356 880 492 917 ἁμαρτίαν
505 874 687 920 ποιήσασθαι,
704 888 750 915 καὶ
766 888 809 916 διὰ
825 874 903 917 τοῦτο
919 882 940 909 Β

111 920 252 970 ἀμέτοχον,
261 924 373 952 καθόλου
390 927 439 962 τῆς
454 928 647 966 καθαρωτέρας
661 932 797 968 διαμεῖναι
811 935 882 970 ζωῆς
894 944 901 969 ;

113 967 175 1000 Πῶς
187 969 289 1007 ἀκούῃς
302 971 349 998 τοῦ
361 972 578 1010 ἐσταυρωμένον,
594 978 608 1003 6
621 977 684 1011 ζῶν,
695 967 741 1006 τοῦ
756 967 900 1008 ἀποθανονέ

110 1022 158 1046 τος
177 1017 211 1051 τῇ
230 1017 351 1054 ἁμαρτίᾳ
363 1038 370 1049 .
385 1020 399 1046 6
418 1022 478 1047 κατ’
503 1022 587 1058 αὐτὴν
604 1024 752 1059 ὑγιαίνων,
781 1027 828 1054 τοῦ
857 1036 903 1056 κε-

109 1058 235 1093 λεύοντος
248 1062 298 1098 τὴν
319 1064 497 1101 ἀκολούοησιν
523 1067 609 1095 ὀπίσω
634 1070 733 1103 αὑτοῦ,
760 1071 854 1107 ὥστερ
875 1082 901 1100 τι

109 1106 242 1153 τροπαιον
270 1110 340 1136 κατά
361 1111 406 1137 τοῦ
432 1112 632 1149 ’Δντικειμένου
654 1116 699 1143 τὸν
715 1106 901 1153 σταυρὸνγὲπὶ

109 1152 158 1179 τοῦ
175 1153 300 1189 σώματος
322 1156 466 1192 φέροντος,
487 1159 501 1185 6
526 1160 563 1195 μὴ
590 1162 790 1198 σταυρούμενος
803 1164 842 1199 τῷ
856 1165 901 1191 κό-

110 1206 173 1245 σμῳ
185 1219 193 1232 ,
213 1200 261 1227 καὶ
283 1201 331 1237 τὴν
345 1202 476 1238 νέκρωσιν
494 1205 544 1240 τῆς
560 1207 660 1242 σαρκὸς
679 1208 716 1244 μὴ
740 1209 899 1245 δεχόμενος;

110 1244 173 1276 Πῶς
186 1245 274 1291 ,πείθῃ
299 1247 338 1283 τῷ
356 1250 558 1285 παρακαλοῦντι
580 1260 609 1278 σε
627 1253 734 1289 Παύλῳ,
756 1244 899 1291 παραστῆ-

109 1297 155 1338 σαι
167 1290 198 1317 τὺ
209 1291 289 1327 σῶμά
305 1301 351 1320 σου
366 1293 460 1321 θυσίαν
473 1296 574 1330 ζῶσαν,
591 1298 681 1333 ἀγίαν,
700 1300 845 1334 εὐάρεστον
861 1290 900 1338 τῷ

108 1334 184 1371 Θεῷ,
199 1337 214 1363 6
230 1339 496 1384 συσχηματιζόμενος
516 1343 555 1378 τῷ
576 1344 653 1372 αἰῶνι
669 1345 774 1382 τούτῳ,
795 1349 841 1375 καὶ
862 1334 899 1384 μῆ

109 1383 369 1429 μεταμορφούμενος
381 1388 413 1422 τῇ
431 1387 612 1416 ἀνακαινώσει
626 1389 672 1417 τοῦ
684 1391 744 1423 νοός
757 1400 814 1425 σου,
831 1383 899 1429 μήδέ

108 1428 270 1473 περιπατῶν
292 1430 321 1456 ἐν
335 1432 369 1467 τῇ
385 1432 525 1469 καινότητι
550 1435 600 1470 τῆς
617 1435 689 1471 ζωῆς
701 1436 819 1473 ταύτης,
841 1439 898 1465 ἀλλ’

107 1471 149 1499 ἔτι
161 1473 212 1509 τὴν
225 1474 386 1504 ἀκολουθίαν
399 1478 450 1513 τῆς
470 1479 518 1505 τοῦ
532 1480 647 1507 παλαιοῦ
666 1471 810 1518 ἀνθρώπου
826 1484 899 1519 ζωῆς

109 1518 247 1553 περιέπων
259 1528 267 1553 ;
294 1521 356 1554 Πῶς

107 1564 186 1610 τοῦτο
199 1567 320 1601 χρισθεὶς
331 1587 338 1599 ,
363 1569 403 1601 είς
419 1570 449 1596 τὸ
474 1572 639 1607 προσφέρειν
661 1573 745 1608 δῶρον
759 1575 798 1610 τῷ
819 1575 878 1610 Θεῷ
889 1596 897 1608 ,

105 1609 192 1646 δῶρον
214 1612 242 1638 δὲ
263 1613 313 1640 οὐκ
338 1614 477 1651 ἀλλότριόν
495 1626 521 1643 τι
544 1618 671 1651 πάντως,
691 1620 750 1646 οὐδὲ
774 1609 899 1649 ἀποϐολι-

107 1658 187 1702 μαῖον
197 1657 230 1684 ἐκ
242 1658 295 1684 τῶν
310 1659 408 1692 ἔξωθέν
429 1670 468 1687 σοι
485 1665 693 1699 παρεπομένων,
708 1665 777 1692 ἀλλά
790 1666 819 1692 τὸ
830 1667 896 1702 ἁλη-

107 1700 162 1733 θῶς
179 1702 235 1735 σὺν,
252 1704 319 1739 ὅπερ
331 1706 404 1732 ἐστὶν
420 1707 433 1733 ὁ
449 1708 501 1734 ἔσω
514 1709 656 1743 ἄνθρωπος
667 1731 674 1741 ,
694 1711 796 1743 τέλειός
809 1720 838 1738 τε
851 1700 898 1739 καὶ

106 1747 222 1782 ἄμωμος
238 1747 307 1775 εἶναι
323 1750 446 1785 ὀφείλων,
462 1754 531 1780 κατά
549 1755 594 1781 τὸν
615 1757 678 1791 περὶ
695 1756 741 1783 τοῦ
754 1756 841 1792 ἀμνοῦ
853 1758 898 1784 νό-

107 1801 175 1827 μον,
193 1793 285 1839 πάσης
307 1796 414 1831 κηλῖδος
436 1807 466 1825 τε
492 1801 537 1826 καὶ
558 1801 648 1836 λώϐης
673 1803 897 1839 ἀπηλλαγμένονς

106 1838 169 1871 Πῶς
193 1838 241 1867 οὖν
266 1842 352 1870 ταῦτα
367 1846 522 1879 προσοίσεις
534 1847 609 1883 Θεῷ,
633 1848 647 1874 6
665 1849 702 1884 μὴ
720 1849 825 1877 ἀκούων
839 1851 897 1884 τοῦ,

106 1885 258 1914 κωλύεσθαι
273 1888 397 1923 ἱερᾶσθαι
410 1891 456 1918 τὸν
470 1892 585 1927 ἄναγνον
598 1902 605 1926 ;
622 1895 653 1920 Et
665 1895 693 1921 δὲ
710 1896 756 1922 καὶ
771 1896 817 1923 τὸν
831 1897 898 1925 Θεὸν

106 1930 270 1968 ἐπιφανῆναί
287 1942 328 1961 σοι
349 1935 458 1969 ποθεῖς,
477 1938 503 1964 τί
519 1939 569 1965 οὐκ
587 1939 696 1972 ἀκούεις
708 1941 754 1968 τοῦ
765 1942 897 1975 Μωσέως,

106 1977 270 2013 καθαρεύειν
285 1980 337 2007 ἀπὸ
349 1981 438 2017 γάμου
452 1983 491 2018 τῷ
505 1984 562 2020 λαῷ
581 1987 818 2022 παραγγέλλοντος
829 2008 837 2020 .
854 1989 897 2015 ἵνα

106 2025 251 2060 χωρήσωσι
269 2026 314 2052 τοῦ
326 2026 392 2054 Θεοῦ
407 2028 456 2064 τὴν
470 2030 639 2065 ὲμφάνειαν;
657 2033 687 2059 Εἰ
705 2033 733 2059 δὲ
754 2034 840 2069 μικρά
855 2043 896 2061 σοι

106 2069 192 2116 ταυτα
207 2070 289 2103 δοκεῖ,
310 2073 341 2100 τὸ
371 2076 592 2112 συσταυρωθῆναι
610 2078 738 2114 Χριστῷ,
753 2080 783 2106 τὸ
808 2089 896 2116 παρα-

107 2115 205 2151 στῆσαι
226 2117 321 2145 ἑαυτὸν
343 2118 438 2146 θυσίαν
454 2121 513 2157 Θεῷ
525 2142 532 2154 ,
549 2122 580 2148 τὸ
600 2123 675 2158 ἱερέα
702 2125 829 2159 γενέσθαι
848 2115 895 2152 τοῦ

105 2160 172 2188 Θεοῦ
188 2162 237 2189 τοῦ
258 2163 369 2199 ὑψίστου
382 2185 389 2197 ,
407 2166 437 2193 τὸ
458 2167 508 2202 τῆς
534 2169 652 2204 μεγάλης
681 2169 727 2196 τοῦ
747 2170 813 2198 Θεοῦ
840 2172 896 2198 ἐπι-

781 146 825 174 DE
847 147 1076 178 VlllGthTATE.
1108 144 1109 147 ‘

1695 144 1748 189 tu.

922 215 944 242 Α
959 211 1161 244 constituerint,
1179 212 1212 240 ah
1220 214 1292 241 omni
1306 214 1436 242 [luctuum
1451 217 1655 251 perturbatione
1667 220 1746 256 longe

961 257 1042 291 positi
1060 264 1156 285 secure
1180 259 1345 293 quiescunt,
1375 268 1484 296 suaeque
1502 264 1563 290 vita:
1586 264 1677 292 lumen
1703 273 1745 294 se-

960 302 1107 335 quentibus
1136 307 1263 337 tanquam
1295 305 1400 339 aliquas
1436 308 1557 337 cwlestis
1591 310 1745 344 Splendoris

959 348 1082 376 ﬂammas
1096 350 1269 384 protendunt.
1282 350 1368 386 Igitur
1385 351 1526 385 habemus,
1541 361 1596 389 quo
1613 363 1664 383 nos
1680 363 1742 383 cum

959 393 1169 428 respexerimus,
1185 395 1365 422 tentationum
1384 395 1575 425 ﬂuctuationes
1597 402 1656 426 tuto
1682 407 1743 434 per-

960 439 1147 467 transibimus.
1171 440 1242 473 Quid
1256 441 1365 468 curiose
1385 449 1400 468 a
1417 449 1459 469 me
1474 443 1584 477 qttazris,
1599 451 1633 471 an
1651 445 1679 478 ii,
1694 446 1742 480 qui

960 483 1016 511 haec
1031 484 1089 519 ipsa
1102 485 1363 520 animadverterunt,
1375 487 1523 521 a|iquando
1533 489 1653 523 superati
1669 489 1743 517 sint?

958 534 1039 564 atque
1066 534 1207 565 propterea
1228 531 1369 566 desperas,
1387 533 1465 567 qttasi
1483 541 1525 561 res
1547 533 1604 561 lucc
1626 534 1742 563 didicilis

957 575 1017 602 sit?
1032 575 1168 604 Conluere
1188 576 1222 604 ad
1246 585 1307 605 eum
1324 578 1371 613 qui
1390 578 1526 613 perfectus
1540 583 1600 611 cst,
1624 580 1741 615 fortique

957 628 989 648 ac
1002 620 1094 648 ﬁdenti
1111 622 1202 649 animo
1216 626 1243 650 te
1267 624 1377 658 optima:
1392 624 1456 651 huic
1482 626 1663 659 navigationi,
1689 633 1740 660 gu-

956 667 1102 696 bernatore
1114 668 1238 701 Christo,
1264 669 1382 704 Spiritus
1402 671 1489 698 sancti
1514 671 1616 702 amatu,
1636 675 1740 705 tempe-

955 714 1103 748 rantiatque
1130 714 1237 749 navigio
1262 719 1357 742 vectus
1386 716 1535 743 committe.
1554 715 1646 751 Neque
1667 716 1739 743 enim

955 759 1001 794 qui
1013 767 1087 786 mare
1104 760 1245 794 navigant,
1265 765 1503 796 mercaturamque
1516 761 1583 788 mari
1600 765 1740 793 exercent,

955 804 982 832 hi
1000 805 1034 832 ab
1048 805 1173 833 instituto
1185 806 1241 840 spei
1256 814 1338 834 cursu
1351 806 1497 838 desistunt.
1526 806 1669 842 naufragio
1692 807 1739 834 de.-

955 851 1135 886 tcrriti,quod
1156 852 1292 886 quispiam
1313 852 1428 880 fecerit:
1447 852 1494 879 sed
1521 852 1592 879 bona
1616 860 1665 880 sua
1691 860 1738 886 spe

954 897 1006 932 ipsi
1018 898 1129 924 excitati
1141 898 1173 924 ad
1197 898 1308 932 perfecti
1334 898 1456 926 muneris
1484 898 1563 925 tinem
1596 897 1737 925 festinant.

954 943 1051 970 Annon
1080 943 1197 970 maxime
1220 944 1341 971 omnium
1367 944 1516 971 absurdum
1542 948 1625 976 esset,
1642 944 1688 979 qui
1710 944 1737 970 in

952 996 1072 1016 errorem
1090 989 1192 1016 incidat
1211 989 1238 1016 in
1263 990 1478 1024 exquisitissima
1498 990 1606 1016 vivendi
1632 990 1738 1017 ratione

953 1034 1104 1069 improbum
1122 1042 1183 1061 eum
1198 1039 1302 1069 putare.
1324 1035 1371 1069 qui
1388 1042 1452 1062 vero
1482 1035 1509 1061 in
1526 1035 1599 1062 omni
1627 1034 1681 1062 vita
1709 1035 1736 1061 in

951 1078 1026 1105 vitiis
1043 1078 1226 1110 consenescit,
1244 1079 1350 1112 opinari
1368 1085 1429 1105 eum
1452 1078 1550 1106 melius
1570 1079 1738 1106 consulere?

953 1122 982 1150 Si
998 1124 1072 1151 enim
1088 1131 1171 1159 grave
1187 1127 1230 1151 est
1247 1124 1331 1151 semel
1352 1127 1495 1159 peccatum
1506 1124 1659 1157 admittere,
1675 1132 1737 1158 pro-

952 1173 1099 1206 plereaque
1114 1170 1283 1198 tutissimum
1300 1177 1362 1197 esse
1383 1169 1495 1202 statuis,
1523 1170 1670 1198 sublimius
1686 1170 1737 1197 ali~

952 1216 1023 1251 quod
1052 1216 1209 1244 institutum
1243 1223 1298 1242 non
1335 1215 1446 1250 aggredi
1476 1224 1483 1242 :
1523 1219 1626 1250 quanto
1658 1215 1736 1250 pejus

950 1267 1002 1295 est,
1021 1262 1043 1290 si
1071 1263 1134 1298 quis
1160 1262 1222 1289 vitae
1252 1260 1373 1290 studium
1404 1261 1431 1288 in
1462 1266 1575 1297 peccato
1598 1261 1735 1293 adhibeat,

950 1315 1065 1342 eamque
1083 1308 1119 1335 oh
1135 1315 1246 1335 causam
1263 1307 1403 1341 puriorem
1433 1308 1516 1334 vitam
1542 1307 1655 1335 omnino
1680 1314 1735 1334 non

949 1353 1283 1388 experiaturiouomodo
1300 1354 1346 1389 qui
1376 1353 1453 1386 vivit,
1482 1353 1655 1385 cruciﬁxum,
1687 1353 1734 1388 qui

949 1404 1062 1435 peettalo
1075 1403 1189 1435 vegetus
1203 1403 1256 1431 est,
1275 1404 1388 1434 peccato
1405 1402 1542 1426 mortuum
1558 1398 1650 1426 audiet
1665 1406 1735 1433 prte-

949 1446 1096 1480 cipientem
1115 1449 1144 1472 ut
1161 1445 1251 1480 ipsum
1266 1449 1406 1480 sequatur,
1417 1451 1526 1471 crucem
1545 1444 1619 1471 vchtt
1633 1444 1734 1471 hostile

948 1495 1080 1527 tropaeum
1107 1498 1222 1527 corpore
1243 1490 1394 1522 ferentem,
1412 1491 1437 1519 is
1453 1491 1501 1526 qui
1518 1497 1608 1525 neque
1632 1490 1735 1516 mundo

385 1523 533 1559 ίερατεὺεις
558 1525 636 1561 Θεῷ,
656 1527 743 1555 καίτοι
770 1529 809 1561 είς
833 1530 898 1556 αὐτὸ

950 1523 1113 1571 cru-cilixus,
1140 1523 1227 1571 neque
1259 1544 1371 1564 carnem
1404 1536 1569 1564 mortilicare
1600 1535 1731 1571 dignatus

949 1582 1167 1616 esl?Quomod0
1181 1582 1278 1613 Paulo,
1295 1582 1340 1617 qui
1371 1586 1397 1609 te
1414 1582 1456 1610 his
1483 1581 1576 1610 verbis
1603 1581 1734 1608 adhorta-

949 1632 993 1655 tur
1003 1628 1047 1654 “z
1071 1637 1079 1652 ι
1099 1627 1201 1654 Ειιιίὺθ
1224 1635 1324 1662 corpus
1349 1631 1425 1654 tuum
1451 1626 1567 1654 hostiam
1588 1626 1733 1657 viventem,

949 1678 1082 1705 sanctam.
1099 1673 1153 1701 Deo
1174 1673 1324 1708 placentem
1336 1693 1343 1704 ,
1362 1682 1371 1698 ›
1385 1673 1569 1708 obtemperas,
1580 1673 1628 1708 qui
1651 1672 1734 1707 hujus

949 1719 1040 1746 stnculi
1055 1719 1177 1745 habitum
1195 1718 1307 1751 induis;
1326 1718 1373 1753 qui
1394 1726 1484 1753 neque
1505 1718 1605 1745 mentis
1623 1722 1675 1745 tua:
1691 1725 1734 1745 re-

949 1766 1094 1793 novatione
1117 1764 1290 1796 immutatus,
1323 1772 1411 1800 neque
1431 1771 1529 1791 novam
1556 1764 1641 1798 hujus
1671 1764 1733 1791 vitae

948 1811 1020 1838 viam
1049 1810 1189 1845 ingressus
1217 1810 1317 1837 veteris
1336 1810 1456 1838 hominis
1486 1809 1549 1837 vita)
1576 1810 1731 1839 institutum

949 1855 1142 1891 persequeris?
1172 1854 1314 1888 Quomodo
1338 1854 1385 1882 Dei
1412 1854 1567 1882 sacerdotio
1587 1853 1730 1889 lungeris,

948 1901 994 1936 qui
1012 1901 1046 1928 ad
1062 1900 1113 1928 hoc
1128 1901 1229 1935 ipsum,
1245 1903 1274 1927 ut
1287 1908 1385 1927 munus
1407 1899 1531 1933 oﬂ‘erres,
1554 1903 1655 1927 unctus
1678 1900 1733 1927 es?

947 1947 1045 1975 Munus
1055 1954 1120 1975 sane
1133 1954 1187 1974 non
1202 1946 1317 1974 omnino
1339 1946 1471 1979 alienum,
1496 1953 1585 1980 neque
1607 1946 1733 1981 supposi-

947 1997 1004 2020 tum
1019 2000 1051 2020 ex
1066 1992 1111 2025 iis,
1126 1999 1187 2027 qua:
1199 1991 1246 2018 tibi
1267 1991 1440 2019 extrinsecus
1457 1991 1598 2023 eveniunt,
1624 1991 1673 2018 sed
1687 1998 1732 2018 re-

946 2046 1010 2066 vera
1025 2042 1115 2071 tuum,
1127 2037 1199 2073 quod
1214 2041 1256 2065 est
1270 2037 1353 2064 homo
1368 2035 1430 2064 tuus
1449 2036 1574 2068 interior,
1599 2036 1645 2071 qui
1667 2040 1731 2063 tan-

946 2091 1027 2118 quam
1043 2090 1129 2118 agnus
1150 2082 1292 2113 innocens,
1314 2086 1340 2108 et
1353 2081 1489 2116 perfectus
1507 2088 1567 2109 esse
1586 2081 1678 2112 debet.
1697 2081 1732 2108 ab

946 2128 1074 2162 omnique
1095 2126 1202 2154 macula
1225 2134 1257 2154 ac
1276 2126 1405 2154 sordibus
1430 2130 1562 2153 remotus.
1586 2125 1729 2159 Quomodo

947 2174 1004 2201 haec
1018 2174 1077 2208 ipsa
1094 2172 1149 2200 Deo
1172 2172 1279 2205 oﬂeres,
1313 2173 1359 2207 qui
1394 2172 1446 2207 legi
1475 2179 1530 2199 non
1557 2172 1730 2207 obtemperas

106 2207 218 2254 saevam;
228 2207 375 2254 ἀξιωθῆναι
391 2218 398 2225 ·
411 2211 437 2237 τί
454 2220 494 2238 σοι
510 2212 612 2240 τούτων
626 2214 812 2251 ἐπινοήσωμεν
830 2217 896 2253 ὑψη-

950 2207 1112 2254 prohibenti,
1135 2226 1169 2246 ne
1191 2225 1270 2245 sacra
1289 2217 1413 2252 impurus
1432 2217 1588 2245 faciatiAc
1608 2218 1630 2245 si
1646 2217 1729 2245 Deum

105 2250 229 2288 λάτερον,
243 2253 322 2290 εἴπερ
349 2263 391 2282 σοι
411 2257 497 2293 μικρά
512 2259 559 2285 καὶ
573 2259 607 2286 τὰ
621 2260 675 2286 ἀπὸ
688 2250 788 2288 τούτων
802 2250 892 2295 δόξεις

111 2298 157 2325 Ἐκ
174 2299 225 2334 μὲν
244 2299 299 2336 γὰρ
318 2301 363 2329 τοῦ
380 2304 619 2341 συσταυρωοῆναι,
631 2307 678 2333 καὶ
694 2307 828 2342 συζῆσαι,
846 2309 894 2336 καὶ

106 2344 316 2382 συνδοξασθῆναι
329 2367 336 2379 ,
351 2350 398 2376 καὶ
415 2351 628 2386 ωμϐασιλεῦσαι
653 2353 844 2388 προσγίνεταιο
861 2356 893 2382 ὲκ

103 2388 135 2437 δέ
144 2391 194 2419 τοῦ
204 2391 303 2437 ἑαυτὸν
319 2396 493 2431 παραστῆσαι
511 2398 550 2433 τῷ
561 2398 621 2433 Θεῷ
633 2419 640 2431 ,
660 2399 713 2426 ἀπὸ
724 2400 772 2435 τῆς
788 2401 893 2437 ἀνθρω-

104 2434 195 2472 πίνης.
203 2436 312 2471 φύσεως
326 2441 372 2466 καὶ
385 2440 463 2473 ἀξίας
474 2461 482 2474 ,
499 2443 539 2473 εἰς
551 2443 600 2476 τὴν
615 2444 761 2480 ἀγγελικήν
773 2446 830 2472 ἐστι
839 2434 891 2481 ’με-

104 2481 279 2515 τατάεασθαι.
294 2483 372 2512 Οὕτω
386 2486 440 2522 γάρ
455 2496 522 2523 φησι
538 2489 585 2515 καὶ
599 2489 614 2515 6
637 2490 735 2527 Δανιὴλ
747 2511 754 2523 ,
770 2492 811 2519 ὅτι
828 2492 891 2520 «Χί-

103 2528 158 2574 λιαι
173 2527 291 2563 χιλιάδες
303 2532 532 2567 παρειστήκεισαν
546 2534 631 2570 αὐτῷ.
646 2545 656 2561 ι
679 2536 708 2562 '0
721 2536 749 2563 δὲ
762 2537 811 2572 τῆς
823 2538 890 2574 ἀλη-

103 2571 179 2609 θινῆς
199 2574 350 2612 ἱερωσύνης
369 2577 534 2614 λαῦόμενος,
550 2580 596 2606 καὶ
610 2581 649 2617 τῷ
672 2571 890 2619 μεγάλῳγὸφχιε-

105 2619 146 2652 ρεϊ
157 2620 253 2647 ἑαυτὸν
269 2623 417 2657 συντάξας,
437 2625 512 2659 μένει
526 2627 635 2659 πάντως
647 2628 693 2655 καὶ
705 2628 786 2661 αὐτὸς
801 2630 890 2665 ἱερεὺς

103 2665 142 2696 εἰς
155 2665 202 2692 τὸν
213 2666 311 2699 αἰῶνα,
326 2667 416 2695 οὐκέτι
432 2670 538 2707 θανάτῳ
555 2673 724 2708 παραμένειν
739 2673 779 2706 είς
795 2674 826 2701 τὺ
849 2675 888 2701 δι-

103 2711 197 2746 ηνεκὲς
209 2712 389 2748 κωλυόμενος.
403 2715 455 2742 ’1ὀῦ
473 2716 502 2743 δὲ
513 2717 559 2744 τὸν
576 2717 643 2745 Θεὸν
656 2719 741 2746 εἰπεῖν
756 2719 890 2752 καταξιω-

105 2756 181 2791 θῆναι
203 2758 269 2784 ἰδεῖν
281 2778 289 2790 ,
308 2760 358 2786 οὐκ
371 2760 449 2793 ἄλλος
463 2761 505 2794 τίς
518 2763 590 2790 ἐστιν
609 2763 623 2790 6
642 2765 763 2802 καρπὸς,
783 2764 800 2800 ἢ
824 2765 890 2793 αὐτὸ

137 2844 159 2861 ¹⁰
174 2844 253 2873 nam.
269 2854 320 2877 xu.
337 2848 360 2875 l.

945 2263 993 2290 tibi
1005 2270 1135 2298 apparere
1149 2262 1265 2297 expetis,
1279 2262 1344 2297 quid
1360 2269 1450 2289 causae
1463 2267 1515 2295 est,
1536 2269 1585 2289 our
1606 2261 1726 2298 Moysem

944 2317 999 2337 non
1015 2309 1122 2341 audias,
1139 2309 1186 2344 qui
1200 2307 1301 2343 populo
1331 2307 1425 2340 edicit,
1438 2311 1468 2335 ut
1483 2316 1497 2334 a
1520 2307 1623 2341 nuptiis
1645 2316 1730 2343 purus

946 2355 993 2387 sit,
1008 2362 1063 2390 quo
1080 2354 1127 2382 Dei
1148 2358 1288 2390 aspectum
1313 2353 1546 2387 comprehendat?
1566 2353 1615 2380 Sin
1632 2354 1728 2389 exigua

943 2401 1001 2428 haec
1025 2400 1073 2428 tibi
1092 2400 1229 2432 videntur,
1249 2407 1311 2427 cum
1335 2399 1447 2427 Christo
1465 2400 1547 2427 simul
1568 2399 1727 2427 cruciﬁxum

944 2453 1014 2478 esse,
1032 2453 1061 2472 sc
1075 2444 1163 2480 ipsum
1179 2444 1296 2472 hostiam
1318 2444 1372 2471 Deo
1393 2443 1534 2477 exhibere,
1558 2445 1728 2473 sacerdotem

945 2490 1001 2518 ﬁeri
1016 2490 1163 2522 Altissimi,
1189 2497 1341 2525 magnoque
1366 2489 1413 2516 illo
1436 2489 1486 2517 Dei
1511 2490 1658 2525 splendore
1680 2489 1725 2517 di-

944 2543 1027 2571 gnum
1039 2536 1132 2563 haberi
1144 2545 1152 2563 :
1163 2543 1224 2570 qua:
1236 2535 1332 2562 altiora
1346 2542 1395 2562 nos
1410 2535 1457 2562 tihi
1468 2535 1726 2567 commentabimur,

943 2581 967 2608 si
983 2588 1043 2616 quae
1059 2588 1092 2608 ex
1110 2580 1143 2608 iis
1160 2584 1376 2615 consequantur,
1405 2580 1473 2607 levia
1498 2581 1581 2608 etiam
1598 2579 1729 2614 putabis?

944 2626 983 2654 Ex
997 2635 1030 2655 eo
1047 2626 1118 2654 enim
1136 2627 1209 2662 quod
1233 2626 1314 2654 simul
1330 2626 1500 2661 crucitigare,
1515 2633 1568 2652 una
1584 2625 1665 2652 etiam
1687 2625 1726 2651 vi-

942 2680 1006 2700 vere
1021 2679 1054 2699 ac
1076 2671 1162 2707 gloria
1187 2670 1283 2699 ﬂorere
1304 2676 1331 2699 et
1354 2679 1467 2706 regnare
1491 2670 1662 2705 acquiritur;
1692 2678 1725 2697 ex

943 2726 975 2745 eo
1004 2722 1106 2750 autem,
1132 2717 1204 2753 quod
1229 2717 1349 2752 seipsum
1372 2717 1426 2744 Deo
1443 2716 1505 2751 quis
1531 2716 1663 2747 exhibuit,
1691 2716 1726 2742 ab

943 2765 1062 2793 humana
1092 2769 1191 2792 natura
1221 2763 1407 2799 dignitateque
1434 2763 1499 2790 licet
1519 2762 1548 2789 in
1574 2762 1725 2797 angelicam
