1912 3080
188 135 243 165 415

801 130 838 164 Ὲ.
854 134 1020 164 GREGORII
1032 134 1178 166 NYSSELVI

1776 135 1832 166 ιιδ

187 196 362 225 eunmutari.
377 197 413 223 Ita
427 196 500 224 enim
519 195 613 223 Daniel
626 204 633 223 :
652 203 660 221 ι
675 194 774 223 Millies
786 196 808 210 “
823 195 897 223 mille
912 196 978 223 asti-

1038 196 1108 223 τοῦτο
1133 197 1161 223 τὸ
1180 196 1383 231 καταξιωθῆναι
1399 196 1445 223 τὸν
1467 196 1534 224 Θεὸν
1556 196 1631 224 ἰδεῖν.
1654 196 1750 232 Πάσης
1773 198 1831 232 γὰρ

188 247 281 271 terunt
293 242 329 270 ei.
343 252 351 269 ι
363 241 416 275 Qui
430 246 521 269 autem
534 245 577 269 cst
588 241 621 268 ab
631 249 664 268 eo
673 245 815 276 acceptus,
828 241 874 276 qni
887 249 980 269 verum

189 289 354 316 sacriﬁcium
379 292 433 320 est,
451 294 615 322 summoque
633 287 807 314 sacerdotum
821 287 937 322 principi
953 294 982 315 se

190 336 279 370 ipsum
292 334 447 366 constituit,
473 337 566 360 manet
581 333 695 360 omnino
715 336 741 359 ct
767 332 826 368 ipse
850 332 982 360 sacerdos

190 381 217 408 in
237 384 384 411 attat-num.
399 387 450 407 nec
466 387 480 405 a
501 383 589 406 morte
606 379 633 405 in
658 379 857 413 sempiternum
873 385 982 414 perma-

190 435 256 454 nere
280 427 454 462 prohibetur.
473 425 549 453 Illius
569 433 644 456 vero,
660 425 708 460 qui
726 424 838 460 dignum
853 432 883 452 se
897 424 981 452 Deutn

190 473 282 500 videre
299 472 416 508 putavit.
435 480 489 499 non
506 471 606 506 aliquis
621 471 693 499 alius
706 470 816 498 fructus
828 474 882 502 est.
897 478 981 506 quam

191 519 355 554 hocipsum.
380 526 478 554 nempe
493 517 566 553 quod
588 518 674 544 Deum
695 516 788 545 videre
813 516 914 553 dignus
930 517 981 544 ha-

192 565 264 592 bitus
277 569 328 591 est.
343 564 438 592 Omnis
457 563 529 591 enim
549 563 606 597 spei
622 570 741 594 summa,
760 563 852 591 omnis
877 562 981 598 cupidi-

192 610 256 636 tatis
270 609 414 644 perfectio,
431 610 522 636 omnis
535 614 564 636 et
577 609 779 641 beneﬁcentia.
802 612 829 635 ct
852 608 981 644 promissi

191 655 286 686 divini,
302 660 329 681 et
348 655 527 681 iuellabilium
545 655 690 686 honorum.
708 662 769 689 quae
785 662 873 690 neqtte
885 662 980 685 sensu.

193 708 282 734 neque
299 701 455 735 cognitione
471 700 573 735 percipi
592 708 673 735 posse
696 699 800 727 credita
824 704 898 732 sunt,
920 699 981 727 ﬁnis

193 744 236 770 hie
247 748 287 771 est
298 748 379 779 atque
391 748 482 779 caput.
499 743 553 770 lloe
565 744 669 778 Moyses
682 744 823 780 expetivit,
835 743 887 770 hoc
901 744 979 771 tnulti

193 789 339 823 prophetae,
357 790 407 816 hoc
434 794 460 817 et
489 798 566 824 rcges
602 790 696 818 videre
731 789 898 823 cupierunt:
928 789 981 817 soli

192 843 258 862 vero
288 836 315 862 hi
334 836 407 871 digni
429 840 570 870 putantur,
586 836 632 870 qui
665 834 748 862 corde
766 835 845 869 puri,
874 835 921 870 qui
945 835 981 863 ob

1032 242 1139 274 ἐλπίδος
1153 242 1170 278 ἡ
1189 242 1294 278 κορυφὴ
1306 263 1315 275 ,
1339 243 1385 269 καὶ
1403 242 1494 277 πάσης
1518 242 1667 277 ἐπιθυμίας
1678 263 1685 275 ,
1701 243 1833 278 εὐλογίας

1031 296 1061 315 τε
1072 287 1157 319 Θεοῦ,
1172 287 1338 322 ἐπαγγελίας
1354 288 1445 323 πάσης
1457 308 1464 319 ,
1481 289 1529 315 καὶ
1550 289 1604 314 τῶν
1618 289 1747 323 ἀρρήτων
1764 290 1832 322 ἀγα-

1032 333 1097 365 θῶν,
1112 333 1165 361 τῶν
1186 333 1256 369 ὑπὲρ
1271 333 1398 368 αἴσθησίν
1416 343 1445 361 τε
1462 335 1509 361 καὶ
1524 334 1625 369 γνῶσιν
1641 335 1829 370 πεπιστευμέ-

1031 387 1085 405 νων
1097 399 1105 411 ,
1120 379 1151 406 τδ
1168 380 1255 414 πέρας
1273 380 1320 406 καὶ
1334 379 1365 406 τὺ
1381 379 1529 414 κεφάλαιον
1544 380 1624 407 τοῦτό
1645 380 1718 406 ἐστιν
1729 391 1737 413 ς
1749 380 1764 407 δ
1781 381 1831 406 καὶ

1031 423 1046 450 ὁ
1058 423 1161 459 Μωσῆς
1175 424 1239 451 ἰδεῖν
1260 424 1413 459 ἐπεπόθησε
1425 444 1432 456 ,
1449 425 1496 452 καὶ
1513 425 1606 451 πολλοὶ
1621 426 1759 460 προφῆται
1781 425 1831 451 καὶ

1032 471 1152 508 βασιλεῖς
1166 470 1343 506 ἐπεθύμησαν
1353 479 1362 487 ⁸
1378 471 1516 504 ἀξιοῦνται
1535 471 1563 497 δὲ
1579 471 1653 507 μόνοι
1669 472 1693 497 0i
1712 472 1830 506 καθαροὶ

1031 517 1064 552 τῇ
1079 515 1188 551 καρδίᾳ,
1203 516 1228 543 οι
1240 515 1285 543 διὰ
1293 515 1372 543 τοῦτο
1382 516 1465 548 ὅντως
1481 516 1612 552 μακάριοι
1627 516 1673 543 καὶ
1691 517 1767 546 ὀντες
1782 517 1831 542 καὶ

1031 561 1237 597 ὀνομαζόμενοι,
1254 562 1295 589 ὅτι
1314 561 1391 589 αὐτοὶ
1405 562 1451 589 τδν
1465 562 1532 589 Θεὸν
1543 562 1654 598 ὖψονται
1667 570 1675 576 ·
1691 559 1730 588 ὢν
1745 561 1830 587 ἕνεκα

1031 610 1080 637 καὶ
1096 609 1126 636 at
1141 608 1293 645 βουλόμεθα
1309 608 1435 643 γενέσθαι
1458 607 1685 644 συστιυρωθέντα
1705 607 1829 643 Χριστῷ,

1031 655 1210 691 παραστάντα
1222 654 1262 691 τῷ
1273 654 1333 690 Θεῷ
1348 654 1429 689 ἀγνδν
1447 654 1538 691 ἱερέα,
1554 655 1601 681 καὶ
1621 653 1741 689 καθαρὴν
1753 653 1829 688 οὖμα

1031 702 1187 737 γενόμενον,
1205 702 1234 729 ἐν
1250 701 1326 738 πάσῃ
1340 700 1507 737 καθαρότητι
1520 700 1564 727 διὰ
1578 700 1627 735 τῆς
1642 699 1755 734 ἁγνείας
1769 699 1830 725 ἐαυ-

1031 747 1077 774 τὸν
1090 747 1273 783 ἑτοιμάσαντα
1286 748 1319 783 τῇ
1340 746 1388 773 τοῦ
1401 746 1468 773 Θεοῦ
1483 746 1635 782 παρουσία·
1651 746 1697 772 ἵνα
1718 746 1767 772 καὶ
1780 745 1831 771 αὑ-

1030 793 1076 826 τὰς
1091 794 1149 830 ἴδῃς
1173 793 1219 820 τὸν
1240 794 1307 821 Θεον
1326 794 1356 819 ἐν
1381 792 1488 828 καθαρᾷ
1509 793 1542 828 τῇ
1566 791 1673 827 καρδία,
1691 790 1765 817 κατὰ
1780 790 1831 825 τὴν

1033 839 1201 874 ἐπαγγελίαν
1228 839 1276 867 τοῦ
1302 839 1371 866 Θεοῦ
1400 838 1448 865 καὶ
1479 837 1603 872 Σωτῆρος
1627 837 1707 872 ἡμῶν
1739 835 1831 871 Ἰησοῦ

192 880 244 906 hoc
259 881 347 915 ipsum
365 882 434 907 beati
451 884 516 907 sunt
534 885 560 907 et
589 880 735 912 habentur,
765 881 896 915 quoniam
926 881 979 916 ipsi

1038 883 1168 919 Κριστοῦ,
1184 881 1206 919 ιῖι
1225 885 1242 920 ἡ
1265 884 1328 917 δόξα
1353 885 1394 916 εἰς
1415 884 1480 915 τοὺς
1501 883 1603 914 αἰῶνας
1625 882 1680 909 τῶν
1706 881 1828 909 αἰώνων.

193 925 276 952 Deum
291 925 421 953 videbunt
435 927 456 942 ’¹
470 935 477 959 ;
495 933 529 953 ex
549 925 652 960 quibus
670 930 696 953 te
722 933 805 953 unmu
820 927 879 954 tlcri
900 927 962 954 volu
973 942 981 947 -

1041 928 1069 955 ’Δ
1074 928 1138 965 μήν.

193 979 263 1002 mus,
281 971 327 1005 qui
350 979 411 998 cum
429 972 539 999 Christo
564 980 617 999 una
647 972 808 1005 cruciﬁxus,
835 977 862 1001 te
882 981 980 1009 purum
1002 976 1174 1003 sacerdotem
1193 975 1248 1003 Deo
1262 975 1416 1003 exhibeas:
1440 975 1521 1010 quive
1545 973 1619 1002 omni
1657 981 1726 1009 pura
1760 973 1832 1000 inte-

192 1017 290 1050 gritate
308 1016 473 1045 sacrilicium
498 1026 596 1054 purum
634 1018 724 1047 lactus
744 1020 894 1053 castitatis.
928 1021 1016 1056 ipsius
1036 1022 1164 1057 praesidio
1179 1026 1205 1050 te
1219 1023 1252 1050 ad
1268 1023 1414 1050 adventum
1436 1021 1542 1049 Domini
1559 1029 1648 1056 pares,
1664 1024 1692 1047 ut
1713 1024 1742 1045 tu
1761 1028 1833 1054 quo-

192 1072 244 1096 que
261 1072 328 1098 puro
340 1064 422 1092 corde
441 1065 524 1092 Deum
542 1066 674 1100 aspicias.
688 1069 719 1093 ut
733 1067 881 1102 promissio
903 1069 983 1096 nobis
1003 1069 1074 1096 facta
1087 1074 1130 1097 est
1153 1077 1169 1096 ιι
1193 1070 1248 1097 Deo
1266 1069 1466 1105 Servatoreque
1500 1073 1595 1096 nostro
1616 1068 1681 1096 Jesu
1702 1068 1829 1099 Christo,

191 1117 253 1136 rum
272 1118 326 1144 quo
342 1110 428 1144 gloria
442 1111 620 1146 omnipotenti
638 1112 705 1146 Deo,
723 1120 778 1140 una
796 1121 861 1141 cum
877 1114 982 1150 Spiritu
1001 1120 1097 1144 sancto
1111 1115 1140 1143 in
1156 1116 1322 1152 sempitema
1335 1116 1446 1144 saecula.
1462 1115 1561 1143 Amen.

227 1187 247 1202 “
264 1186 368 1215 Daniel.
385 1196 435 1220 \‘Il,
454 1188 497 1216 10.
536 1189 559 1204 ¹¹
575 1189 671 1217 Matth.
687 1197 714 1223 ν,
728 1189 754 1217 8.

1211 1290 1342 1300 -α

495 1356 520 1376 ‘
541 1369 692 1428 ΤΟΥ
723 1345 986 1428 γΑΥΤόΥ
1021 1370 1473 1447 ‘I‘PHI‘OPIOY

350 1484 494 1528 ΠΡΟΣ
530 1486 677 1532 ΤΟΥΣ
715 1483 1110 1529 ΒΡΑΔΥΝΟΝΤΑΣ
1146 1484 1232 1528 ΕΙΣ
1268 1485 1342 1528 ΤΟ
1378 1482 1673 1530 ΒΑΠΤΙΣΜΑ.

607 1666 925 1726 EJUSDEM
969 1666 1031 1724 S.
1079 1664 1419 1724 GREGORII

193 1786 502 1835 ADVERSUS
535 1785 648 1834 EOS
677 1787 784 1840 QUI
819 1786 1170 1831 DIFFERUNT
1195 1783 1546 1830 BAPTISMUM
1569 1781 1824 1831 ORATIO.

810 1884 924 1911 Gentium
936 1884 1039 1911 Ilcrveto
1048 1885 1185 1918 interprete.

1346 1288 1814 1302 .————q

986 1973 1021 1980 ..-

231 2039 318 2076 tlnjus
334 2040 430 2069 mundi
445 2047 536 2077 reges,
555 2048 618 2069 cum
632 2040 705 2077 leges
730 2041 901 2077 scripserint,
924 2049 983 2078 quae

1070 2043 1101 2070 Οἱ
1111 2042 1160 2077 τῆς
1170 2040 1332 2078 οἰκουμένης
1344 2040 1445 2075 ταύτης
1454 2040 1584 2076 βασιλεῖς,
1595 2040 1676 2076 ἡνίκα
1687 2040 1721 2069 ἃν
1729 2041 1830 2078 νόμους

193 2085 336 2115 hominum
362 2087 425 2115 vita:
448 2091 552 2115 certam
573 2087 694 2122 regulam
716 2088 908 2121 constituunt,
935 2094 983 2116 eas

1038 2089 1212 2124 συγγράψωσι
1235 2088 1298 2120 τοὺς
1317 2086 1371 2114 τῶν
1394 2086 1546 2123 ἀνθρώπων
1572 2086 1647 2123 βίους
1673 2087 1766 2119 καλῶς
1780 2096 1825 2114 κα-

193 2133 335 2161 tradentes
351 2133 571 2169 magistratibus,
595 2140 644 2168 per
661 2133 724 2162 illos
746 2141 794 2162 eas
810 2133 910 2168 iubent
931 2141 982 2169 pu-

1038 2135 1205 2169 νονίζοντας,
1227 2135 1284 2167 τοίς
1308 2134 1437 2170 ἄρχουσιν
1453 2134 1552 2165 αὐτοὺς
1569 2133 1781 2169 ἐγχειρίζοντες,
1796 2133 1828 2160 δι’

195 2179 290 2207 hlicari
306 2179 423 2210 civibus.
442 2183 472 2206 ttt
487 2188 548 2214 qua:
559 2179 637 2214 jussa
650 2178 763 2213 fuerint,
784 2179 824 2207 sic
838 2184 983 2207 serventur

195 2226 336 2254 inviolata.
355 2225 436 2252 Dedit
450 2230 541 2253 autent
558 2233 672 2261 magnus
692 2233 801 2261 quoque
824 2224 897 2253 Deus
913 2225 985 2260 leges

196 2273 380 2300 Ecclesiarum
398 2271 537 2303 ducibus,
560 2279 630 2307 quas
651 2271 770 2307 singulis
798 2271 878 2298 annis
902 2272 986 2299 certis

195 2317 365 2352 temporibus
392 2315 574 2351 proferentes,
605 2316 682 2344 vobis
704 2317 840 2351 legimus,
868 2319 895 2343 ct
924 2324 986 2351 qua:

196 2365 300 2399 scripta
325 2368 390 2390 sunt
410 2363 539 2398 jubemus
568 2371 679 2392 scrvare
709 2372 759 2399 pro
783 2364 898 2392 viribus.
917 2364 987 2392 Ecce

196 2417 262 2444 ergo
287 2409 375 2435 bonus
399 2408 593 2436 universorum
616 2409 800 2444 dispensator,
826 2409 873 2444 qui
899 2417 987 2437 annos

197 2457 309 2480 revocat
339 2457 366 2480 et
394 2457 547 2488 temporum
573 2454 708 2488 gubernat
738 2453 889 2485 ambitum,
915 2453 986 2480 diem

198 2498 310 2527 adduxit
326 2499 473 2530 salutarem
488 2506 543 2533 quo
557 2499 678 2526 solemus
700 2506 798 2525 vocare
814 2498 936 2533 hospites
954 2499 986 2526 ad

198 2545 372 2581 adoptionem
390 2545 418 2572 in
435 2545 517 2578 lllios.
536 2552 637 2580 egenos
661 2544 693 2572 ad
719 2545 812 2581 gratia:
842 2546 987 2580 participa-

199 2592 313 2624 tionem,
326 2591 359 2619 ad
369 2595 545 2626 peccatorum
559 2591 781 2619 emundationem
797 2598 845 2619 eos
861 2592 907 2626 qui
923 2595 988 2618 sunt

199 2637 335 2673 inquinati
354 2637 485 2666 sordibus
514 2641 702 2672 peccatorum.
722 2636 755 2664 Et
772 2637 830 2665 haec
848 2642 892 2666 est
911 2641 988 2665 vetus

200 2683 246 2711 illa
267 2683 437 2719 prtedicatio,
462 2691 523 2718 qua:
540 2683 591 2710 l'uit
609 2683 691 2718 paulo
709 2688 855 2719 antequam
874 2691 987 2719 apparo-

1035 2181 1147 2208 ἐκείνων
1167 2180 1308 2208 κελεύουσι
1330 2181 1386 2211 τοῖς
1403 2179 1533 2215 ὑπηκόοις
1547 2179 1759 2214 δημοσιεύεσθαι
1772 2200 1779 2211 ,
1797 2180 1829 2205 ἶν’

1035 2227 1120 2260 οὕτως
1150 2227 1315 2263 ἀπαράσατα
1345 2225 1378 2252 τὰ
1404 2225 1629 2261 προστεταγμένα
1657 2225 1827 2260 φυλάττοιτο.

1037 2274 1142 2301 Ἔδωκε
1166 2273 1194 2300 δὲ
1221 2274 1235 2300 ὁ
1252 2273 1338 2309 μέγας
1359 2272 1425 2303 Θεὸς
1446 2272 1544 2306 νόμους
1559 2272 1615 2303 τοῖς
1634 2271 1689 2298 τῶν
1714 2271 1829 2305 Ἐκκλη-

1037 2320 1103 2346 σιῶν
1119 2320 1268 2355 ἡγεμόσιν,
1286 2319 1332 2351 οὓς
1358 2318 1419 2345 καθ’
1442 2318 1558 2345 ἕκαστον
1582 2317 1705 2344 ἐνιαυτὸν
1730 2318 1758 2343 ἐν
1778 2319 1830 2348 τοῖς

1037 2366 1187 2401 καθήκουσι
1209 2365 1315 2401 χρόνοις
1339 2363 1543 2400 προφέροντες,
1569 2362 1830 2398 ὑπαναγινώσκομεν

1038 2413 1111 2448 ὑμῖν,
1126 2413 1173 2439 καὶ
1183 2413 1276 2447 τηρεῖν
1291 2412 1330 2443 είς
1349 2411 1464 2446 δύναμιν
1476 2410 1510 2437 τὰ
1524 2409 1705 2445 γεγραμμένα
1725 2409 1829 2436 κελεύο-

1040 2467 1098 2495 μεν.
1120 2459 1184 2486 Ἰδοὺ
1209 2458 1298 2485 τοίνυν
1328 2459 1341 2484 ὸ
1365 2457 1419 2484 τῶν
1433 2457 1501 2484 ὅλων
1516 2455 1617 2491 ἀγαθδς
1639 2456 1799 2491 οἰκονόμος,
1816 2455 1829 2481 ό

1037 2505 1100 2535 τοὺς
1128 2504 1266 2534 ἐνιαυτοὺς
1292 2502 1451 2530 ἀνακυκλῶν
1476 2503 1525 2528 καὶ
1547 2501 1686 2537 κυόερνῶν
1707 2501 1757 2536 τὴν
1776 2500 1828 2526 τῶν

1038 2552 1141 2588 χρὸνων
1161 2551 1294 2586 περίοδον,
1310 2551 1413 2586 ἧγαγεν
1432 2549 1538 2585 ἡμέραν
1552 2549 1694 2583 σωτῆριον.
1716 2547 1778 2573 καθ’
1796 2547 1826 2581 ἦν

1040 2596 1154 2632 σύνηθες
1165 2597 1230 2632 ἡμῖν
1239 2595 1330 2622 καλεῖν
1342 2596 1381 2627 εἰς
1393 2595 1528 2622 υίοϐεαίαν
1538 2594 1601 2625 τοὺς
1617 2593 1719 2626 ξένους,
1728 2591 1768 2624 εἰς
1781 2593 1827 2627 χα-

1041 2651 1114 2678 ριτος
1127 2641 1271 2678 μετουσίαν
1279 2640 1341 2672 τοὺς
1355 2640 1527 2676 πενομένους,
1539 2640 1578 2671 εἰς
1592 2639 1726 2674 κάθαρσιν
1742 2638 1829 2673 ἅμαρ-

1039 2687 1105 2715 τιῶν
1124 2687 1187 2719 τοὺς
1210 2687 1421 2723 ὲῤῥυπωμὲνους
1445 2687 1499 2717 τοῖς
1521 2685 1750 2721 πλημμελήμασι.
1777 2684 1828 2710 Καὶ

199 2734 242 2757 ret
260 2729 408 2757 Senator:
427 2738 436 2756 ι
452 2729 511 2756 Vox
534 2729 678 2757 claman’tis
698 2731 725 2758 in
739 2730 848 2758 deserto
864 2740 869 2757 :
889 2729 983 2757 Parata

1039 2733 1116 2760 τοῦτό
1132 2733 1190 2760 ἐστι
1208 2732 1238 2759 τὸ
1251 2733 1363 2768 ἀρχαῖον
1379 2732 1466 2759 ἐκεῖνο
1481 2732 1612 2767 κήρυγμα
1622 2752 1628 2764 ,
1641 2730 1672 2757 τὸ
1693 2728 1829 2765 προλαῆον

199 2776 272 2804 viam
284 2775 401 2809 Domini,
419 2780 509 2805 rectas
521 2776 602 2804 facite
614 2777 726 2805 semitas
738 2777 798 2811 ejus
809 2777 841 2805 ".
858 2776 949 2810 ιΟιιυιΙ
961 2776 983 2804 si

1038 2779 1128 2814 ὀλίγον
1144 2779 1191 2807 τοῦ
1203 2778 1328 2814 Σωτῆρος
1345 2778 1395 2814 τὴν
1411 2778 1581 2814 ἐπιφάνειαν·
1596 2787 1605 2803 ι
1618 2777 1697 2812 Φωνὴ
1713 2775 1828 2811 βοῶντος

238 2853 261 2869 ⁸³
276 2853 331 2881 lsa.
350 2861 393 2888 ιιι,
411 2853 445 2888 5;
462 2852 559 2882 Matth.
581 2861 620 2887 ιιι,
637 2853 663 2881 5.
678 2862 690 2887 ;_
711 2852 794 2881 Marc.
822 2860 841 2887 ι,
858 2853 904 2884 5.;
925 2851 1003 2881 Joan.
1019 2863 1035 2887 ι,
1053 2852 1097 2882 ‘25.
