1912 3080
191 79 245 108 “0

193 137 273 165 hodie
291 143 395 169 senem,
409 143 472 163 cras
493 134 635 162 ﬂorentem
661 138 689 162 et
712 134 862 169 elegantem
885 132 978 160 adole-
996 132 1019 161 Δ

192 188 326 214 sccnlem,
349 183 431 217 paulo
455 185 517 216 post
540 188 602 208 eum
631 181 674 208 cui
706 183 984 215 rmperat'apparere

193 229 294 264 lanugo
309 236 317 255 :
333 237 430 256 rursus
456 228 543 254 virum
562 227 704 254 robustqu
719 231 746 253 et
765 226 900 252 valentem
918 224 984 251 viri-

192 275 256 308 bus,
268 279 296 302 et
309 283 405 302 rursus
421 274 542 302 vetulam
558 273 639 300 simul
655 277 681 300 et
697 272 842 307 virginem.
867 270 930 298 lla-c
951 278 982 297 a-

193 322 341 356 spicientes
355 329 404 348 nos
416 320 584 352 muniamus,
597 323 625 346 ut
637 327 690 346 non
702 320 790 346 simus
803 322 875 345 metu
892 318 982 346 vacui.

193 366 252 393 Non
277 374 375 402 magno
401 365 509 392 eveniet
532 365 641 399 negotio
662 369 691 390 ut
718 363 894 391 exinaniatur
923 366 984 389 uter

193 413 320 447 spiritus.
339 413 361 440 si
381 420 414 440 os
442 419 537 446 parum
569 410 651 437 fuerit
668 415 809 445 apertum,
837 416 924 444 neque
941 412 984 436 est

194 458 303 486 diﬂicile
336 457 474 485 hominem
516 461 655 484 momento
692 457 825 492 temporis
863 456 982 484 animam

182 503 330 540 emittere.

230 547 325 580 Video,
353 546 462 582 quando
480 547 580 581 aliquis
606 551 685 574 terra:
707 551 798 574 motus
826 548 852 574 in
881 547 983 575 tnundo

193 597 307 621 exortus
332 593 430 624 fuerit,
455 598 501 619 aut
526 595 610 620 fames
634 593 753 627 pestisre
779 594 913 626 saeviet-it,
937 597 984 620 aut

195 639 312 673 irruptio
329 639 399 666 facla
422 640 458 666 sit
475 639 660 670 inimicorum,
685 639 816 667 festinare
834 648 930 668 otunes
949 639 982 666 ad

195 685 396 720 baptisterium,
416 693 450 712 ne
468 686 544 713 vacui
563 686 650 721 Gratia
666 685 798 713 excedam
815 687 849 712 ab
867 686 984 712 homini-

195 731 258 769 bus.
274 731 344 764 Quid
363 731 448 758 vero?
466 731 564 758 Annon
591 731 638 758 alii
655 732 722 758 varii
741 736 768 759 et
785 731 918 766 inopinati
936 739 983 758 ca-

194 785 244 805 sus
259 777 381 804 eauulem
400 778 454 805 vim
471 777 572 805 habent
589 785 671 813 quam
690 778 735 804 illa
756 778 850 804 mala?
865 778 984 813 Apople-

194 823 263 855 aiat.
279 831 407 859 syncopae
417 843 425 856 ,
441 823 591 859 inopinatae
605 823 800 851 suffocationes
810 844 818 856 ,
837 828 982 852 ventorum

199 869 336 896 irruentes
344 870 485 904 procellae?
496 869 589 896 Nonne
600 869 734 901 videmus,
743 877 790 898 eos
800 870 846 905 qui
856 875 982 903 currunt,

196 914 315 947 cadere,
331 918 358 942 et
375 915 422 950 qui
441 915 606 946 comedunt,
627 915 707 950 plane
725 923 837 944 cessare
856 924 871 944 a
893 917 984 944 nutri~

195 964 306 991 mento,
331 964 358 987 et
379 959 425 994 qui
451 959 591 986 dormiunt
619 959 683 986 duci
703 960 736 986 ad
759 965 872 987 mortem
894 961 984 988 somni

195 1004 344 1032 sororem?
364 1004 502 1032 Contirma
524 1009 551 1032 et
573 1004 664 1032 stabili
689 1005 751 1032 vita:
776 1005 983 1034 instabilitatem

196 1055 225 1078 et
245 1050 482 1078 inecrtitudinem.
504 1049 564 1077 Noli
585 1051 738 1086 negotiari,
761 1055 809 1078 aut
833 1043 983 1088 cauponari

195 1096 328 1132 gratiam,
347 1103 381 1123 ne
398 1104 413 1123 a
427 1095 500 1123 dono
518 1096 641 1123 cxcidas.
658 1096 776 1124 Tantum
791 1097 860 1126 debe
872 1119 879 1131 ,
896 1106 984 1133 quan-

196 1147 254 1168 tum
274 1141 361 1176 possit
379 1141 548 1175 condonari,
569 1146 596 1169 et
613 1142 685 1177 quod
707 1151 762 1170 non
783 1144 870 1178 possit
890 1145 985 1171 exclu-

194 1188 259 1216 dere
283 1187 356 1223 rcgis
378 1187 586 1223 benignitatem.
611 1189 706 1217 Terra:
729 1190 804 1217 enim
826 1191 983 1226 principes,

193 1233 308 1270 quando
335 1233 455 1268 aliquem
482 1234 661 1269 acceperint,
689 1235 736 1270 qui
766 1235 874 1270 publica
901 1243 984 1271 supra

194 1279 306 1307 modum
321 1279 465 1314 appetierit
475 1299 482 1312 ,
497 1285 525 1306 et
540 1288 570 1307 se
585 1279 659 1315 regia
675 1281 792 1315 pecunia
806 1282 888 1308 etiam
902 1289 984 1317 supra

194 1326 349 1353 satietatem
368 1325 538 1360 impleverit,
559 1325 704 1361 desperant
729 1327 838 1361 quidem
866 1327 925 1355 fore
956 1332 985 1354 ut

196 1371 303 1403 reddat,
319 1371 418 1398 acerbe
433 1374 523 1399 autem
538 1371 656 1406 puniunt
668 1393 675 1405 ,
692 1379 773 1406 paena
797 1373 918 1400 contenti
935 1381 985 1408 pro

194 1417 323 1452 pecunia.
347 1416 462 1444 Multum
488 1418 620 1452 temporis
642 1417 742 1445 dedisti
770 1418 922 1453 voluptati,
951 1421 984 1446 da

193 1463 278 1490 etiam
304 1462 408 1498 aliquid
434 1462 626 1497 philomphize.
653 1462 727 1491 Exue
750 1469 869 1491 veterem
897 1464 1020 1508 homi-C

194 1517 257 1538 nem
284 1513 413 1544 tanquam
439 1513 541 1537 vestem
565 1509 704 1538 sordidam
721 1530 728 1543 ,
754 1518 815 1545 quae
836 1515 879 1538 est
903 1511 982 1546 plena

196 1556 298 1592 probro
316 1560 344 1582 et
361 1555 513 1590 dedecore,
533 1564 595 1591 quae
613 1564 646 1584 ex
665 1563 841 1592 peccatorum
861 1557 980 1585 conflata

195 1608 239 1631 est
256 1601 455 1634 tuultitudine,
473 1606 498 1629 et
517 1603 710 1630 consarcinata
726 1611 760 1630 ex
780 1604 986 1631 miserabilibus

196 1648 296 1684 pannis
312 1648 479 1684 iniquitatis.
500 1648 601 1683 Accipe
619 1653 710 1676 autem
730 1649 920 1677 indumentum
942 1650 986 1677 in-

195 1694 404 1730 corruptionis,
423 1694 495 1730 quod
522 1694 688 1729 explicatum
714 1699 741 1722 et
763 1699 907 1722 extensum
937 1695 986 1722 tibi

195 1741 325 1769 Christus
346 1741 480 1777 porrigit;
500 1748 550 1768 nec
571 1741 672 1776 repelle
691 1741 792 1769 donum
805 1761 813 1773 ,
832 1749 866 1769 ne
885 1742 986 1776 injuria

195 1787 298 1815 afficias
322 1795 402 1820 eum,
424 1789 470 1823 qui
490 1787 574 1815 dedit.
594 1787 623 1814 In
643 1787 700 1814 luto
717 1787 763 1814 diu
779 1795 808 1815 es
825 1788 985 1822 volutatus;

197 1833 297 1861 festina
312 1833 346 1861 ad
365 1841 456 1872 meum
471 1833 620 1860 Iordanem
633 1853 640 1866 ,
657 1841 711 1860 non
729 1833 834 1861 Joanne
851 1838 965 1861 vocante
978 1853 986 1865 ,

184 1880 244 1915 ‘sed
265 1879 377 1907 Christo
393 1879 569 1907 adhortante.
587 1879 700 1906 Fluvios
717 1879 790 1906 cnitn
811 1879 906 1914 gratia:
928 1879 987 1906 fluit

199 1926 301 1961 ubique
312 1945 320 1956 .
339 1922 394 1953 non
410 1925 500 1953 fontes
517 1925 622 1952 habens
642 1925 670 1951 in
691 1923 837 1952 Palaestina
849 1944 856 1956 ,
873 1930 899 1952 et
921 1925 989 1952 rici-

1001 811 1021 838 Β

198 1979 263 1999 num
289 1979 365 2000 mare
392 1971 528 2002 inﬂuens,
556 1970 604 1998 sed
625 1974 712 1997 totum
731 1971 824 1998 orbem
848 1975 984 1999 terrarum

196 2019 381 2050 circmniens,
405 2022 432 2046 et
456 2017 612 2054 ingrediens
637 2017 815 2052 paradisum,
841 2017 929 2047 ﬂuens
954 2026 986 2046 ex

198 2064 314 2092 adverso
333 2064 440 2091 illorum
456 2067 587 2098 quattuor,
604 2063 651 2098 qui
673 2063 746 2089 illinc
760 2062 883 2090 emuunt
894 2085 901 2096 ,
916 2069 942 2091 et
959 2064 986 2091 in

198 2110 355 2145 paradisum
373 2109 452 2144 longe
469 2108 633 2144 pretiosiora
653 2108 774 2136 inferens
786 2128 794 2140 ,
823 2116 907 2144 quant
926 2117 987 2144 qua:

820 75 849 101 S.
862 71 1025 101 GI'tEGORIl
1052 71 1200 101 NYSSENI

1771 75 1826 103 £20

1033 131 1126 166 μάλως
1135 151 1143 164 ,
1157 132 1204 159 καὶ
1221 132 1259 163 ὡς
1283 131 1361 167 ἔτυχε
1372 151 1380 160 .
1397 132 1486 158 πᾶσαν
1498 131 1606 167 ἡλικίαν
1620 130 1727 165 ἐξάγει,
1743 132 1829 166 σήμε-

1036 186 1082 213 ρον
1095 177 1141 204 τδν
1157 177 1323 212 πρεσὸύτην,
1337 177 1431 213 αὔριον
1444 177 1474 204 τὸ
1488 177 1585 205 ἀνθοῦν
1598 177 1645 204 καὶ
1659 177 1755 213 χαρίεν
1770 185 1831 213 μει-

1037 224 1140 260 ράκιον,
1157 224 1215 259 μετ’
1229 223 1318 258 ὀλίγον
1330 224 1375 250 τὸν
1389 224 1572 259 αὐξανόμενον
1585 224 1632 251 τοῦ
1648 224 1737 251 ἰούλου
1747 243 1756 254 ,
1777 224 1832 250 πά-

1034 270 1076 297 λιν
1087 270 1132 297 τὸν
1147 270 1297 306 ῥωμαλέον,
1313 270 1359 297 καὶ
1372 270 1530 305 ἀκμάζοντα
1540 290 1548 303 ,
1565 269 1643 302 αὖθις
1661 270 1710 306 τὴν
1728 269 1830 306 γραῦν,

1034 317 1102 353 ὁμοῦ
1116 318 1165 353 τὴν
1179 317 1273 353 κόρην.
1289 317 1383 345 Ταῦτα
1404 318 1533 353 ὁρῶντες,
1547 318 1597 355 τὴν
1613 317 1726 353 ἁδηλίαν
1742 318 1832 352 ἀσφα·

1034 362 1173 398 λισώμεθα
1185 371 1192 378 ·
1209 364 1247 391 Οὺ
1259 363 1314 399 γάρ
1326 364 1400 390 ἔστιν
1417 364 1546 398 ἐργῶδες,
1558 363 1601 390 ἴνα
1619 363 1702 393 ἀσκὸς
1721 363 1831 398 κενωθῇ

1034 407 1081 434 τοῦ
1105 408 1278 443 πνεύματος,
1313 408 1411 444 μικρὸν
1434 408 1626 442 ὑπανοιγέντος
1654 408 1701 435 τοῦ
1725 408 1831 444 στόμα-

1033 463 1096 486 τος,
1121 454 1180 481 οὐδὲ
1199 454 1327 481 δύσκολον
1344 454 1487 490 ἄνθρωπον
1505 456 1534 482 ὲν
1553 455 1652 491 ἀκαρεί
1669 455 1718 491 τὴν
1739 454 1833 490 ψυχὴν

1035 500 1164 536 προέσθαι
1169 521 1175 527 .

1076 546 1147 582 Ὀρῶ
1169 547 1234 574 ὅταν
1259 547 1324 574 ποτὲ
1349 547 1460 583 σεισμὺς
1482 548 1642 583 ἐπιγένηται
1665 547 1706 583 τῷ
1729 547 1792 583 βιῳ,
1814 547 1832 583 ἢ

1034 592 1123 628 λιμὸς,
1145 592 1312 628 ἣπολεμίων
1339 593 1509 628 καταδρομὴ,
1530 593 1635 625 πάντας
1659 593 1833 628 ὲπειγμένως

1034 639 1080 665 ἐπὶ
1096 639 1126 665 τὸ
1143 638 1336 675 βαπτιστήριον
1358 639 1531 671 σπεύδοντας,
1555 639 1600 666 ἴνα
1623 638 1661 674 μὴ
1687 638 1762 665 κενοί¹
1783 638 1834 673 τῆς

1034 685 1146 721 χάριτος
1159 685 1189 717 ἐξ
1201 684 1352 720 ἀνθρώπων
1376 684 1541 711 ἀπέλθωσιν.
1567 684 1600 711 Τί
1620 682 1684 717 οὖνς
1708 684 1744 711 τά
1763 684 1834 711 ἄλλα

1034 732 1070 759 τὰ
1087 731 1196 758 ποικίλα
1221 731 1294 766 πάθη
1316 730 1364 758 καὶ
1386 730 1578 766 ἀπροσδόκητα
1601 731 1651 757 οὐκ
1675 731 1835 766 ἰσοδυναμεῖ

1034 780 1090 810 τοῖς
1106 779 1199 809 κακοῖς
1218 777 1349 809 ἐκείνοις
1371 776 1560 812 ’Λποπληξίαι,
1574 777 1746 812 παρακοπαὶ,
1773 776 1834 802 πνι-

1035 826 1090 859 ξεις
1110 826 1246 860 ἀδόκητοι,
1261 824 1425 860 πνευμάτων
1441 823 1592 856 ἐνστάσεις,
1609 823 1657 850 καὶ
1679 822 1714 850 τὰ
1729 821 1835 848 τούτων

1035 871 1186 904 ἀκολουθας
1199 871 1237 898 οὐ
1258 870 1392 906 βλέπομεν
1405 871 1468 901 τοὺς
1490 869 1518 897 ὲν
1541 868 1581 904 τῷ
1595 868 1703 905 τρέχειν
1719 867 1835 895 πίπτον-

1035 926 1093 949 τας,
1107 916 1246 948 ἐσθίοντας
1260 916 1307 943 καὶ
1326 915 1436 947 τελείως
1455 915 1506 950 τῆς
1526 913 1630 950 τροφῆς
1647 913 1834 949 παυομένους,

1035 963 1215 994 καθεύδοντας
1230 963 1277 989 καὶ
1293 961 1476 992 λανθανόντως
1499 960 1538 995 τῷ
1558 959 1665 995 ἀδελφῷ
1683 959 1731 986 τοῦ
1747 959 1834 986 ὕπνου

1035 1009 1074 1045 τῷ
1085 1009 1193 1044 θανάτῳ
1208 1008 1448 1044 προσαγομένους;
1465 1006 1625 1042 ’Δσφάλισαι
1648 1005 1680 1033 τὸ
1693 1005 1835 1041 ἀστάθμη-

1035 1064 1081 1082 τον
1093 1055 1140 1082 καὶ
1155 1055 1252 1089 ἄδηλον
1266 1055 1313 1081 τοῦ
1330 1054 1399 1089 βίου.
1421 1053 1467 1088 Μὴ
1489 1052 1642 1088 ὲμπορεύου
1666 1051 1717 1088 τὴν
1739 1051 1832 1087 χάριν,

1037 1101 1081 1128 ἶνα
1100 1101 1137 1136 μὴ
1151 1100 1270 1136 ἑκπέσης
1291 1100 1340 1135 τῆς
1361 1099 1475 1135 δωρεᾶς.
1498 1098 1623 1125 Τοσαῦτα
1645 1097 1832 1134 χρεώστησον,

1035 1148 1085 1175 ὅσα
1104 1147 1214 1175 δυνατὸν
1238 1147 1284 1174 καὶ
1302 1145 1522 1182 συγχωρηθῆναι,
1540 1145 1588 1172 ὃσα
1602 1145 1649 1172 καὶ
1669 1144 1720 1180 τὴν
1739 1144 1835 1179 φιλαν-

1037 1193 1159 1229 θρωπίαν
1177 1192 1225 1219 τοῦ
1246 1192 1377 1227 βασιλέως
1394 1192 1444 1218 οὐκ
1466 1191 1632 1218 ἀποκλείσει.
1657 1191 1713 1219 Καὶ.
1730 1191 1787 1227 γὰρ
1810 1192 1834 1218 οἰ

1035 1240 1085 1275 τῆς
1100 1239 1151 1274 γῆς
1162 1239 1291 1274 ἄρχοντες
1307 1239 1370 1266 ὃταν
1391 1237 1452 1265 τινὰ
1467 1237 1586 1264 λάϐωσιν
1603 1238 1746 1274 ὑπεράγαν
1763 1246 1836 1264 σπα-

1036 1286 1158 1321 θήσαντα
1175 1285 1210 1312 τά
1228 1285 1356 1320 δημόσια,
1369 1285 1417 1311 καὶ
1437 1284 1491 1311 τῶν
1515 1283 1661 1320 βασιλικῶν
1682 1285 1835 1320 χρημάτων

1036 1332 1106 1367 ὑπὲρ
1127 1331 1207 1366 κόρον
1231 1330 1496 1366 κατατρυφήσαντα.
1527 1329 1576 1365 τῆς
1601 1330 1650 1365 μὲν
1678 1330 1835 1361 ἀποδόσεως

1036 1377 1253 1411 ἀπογινώσκουσι
1265 1385 1271 1392 ·
1286 1376 1429 1408 κολάζουσι
1446 1376 1474 1402 δὲ
1493 1376 1609 1412 πικρῶς,
1625 1377 1685 1403 ἀντὶ
1701 1376 1757 1403 τῶν
1769 1384 1837 1412 χρη-

1038 1423 1131 1458 μάτων
1144 1424 1202 1454 ταῖς
1216 1423 1363 1466 ⁴δειμωρὶαις
1386 1421 1560 1459 ἀρκούμενοι.
1584 1421 1702 1454 Πολλοὺς
1721 1422 1836 1458 χρόνους

1037 1467 1156 1504 ἐχαρίσω
1167 1469 1199 1503 τῇ
1211 1467 1301 1503 ἡδονῗγ
1312 1467 1356 1499 δὸς
1370 1467 1417 1494 καὶ
1429 1468 1461 1503 τῇ
1476 1466 1618 1502 φιλοσοφίᾳ
1630 1466 1738 1503 σχολήν.
1755 1468 1837 1494 Ἀπό-

1036 1515 1114 1541 δυσαι
1128 1513 1172 1540 τὸν
1189 1513 1301 1540 παλαιὴν
1314 1513 1466 1547 ἄνθρωπον,
1480 1512 1518 1544 ὡς
1537 1512 1642 1547 ἱμάτιον
1655 1512 1790 1548 ρυπαρὶν,
1805 1512 1836 1538 τὸ

1037 1561 1159 1596 αἰσχρὸν,
1175 1559 1205 1586 τὸ
1221 1559 1305 1593 γέμον
1319 1559 1451 1594 αἰσχύνης
1471 1558 1502 1585 τὸ
1527 1559 1559 1585 ὲκ
1581 1558 1628 1585 τοῦ
1643 1558 1763 1594 πλήθους
1780 1559 1835 1585 τῶν

1038 1605 1178 1642 ἁμαρτιῶν
1193 1605 1402 1639 Δωλυκόλλητον,
1415 1606 1470 1636 τοῖς
1493 1605 1612 1640 οἰκτροῖς
1636 1605 1742 1639 ῥακίοις
1757 1613 1836 1640 περι-

1037 1651 1236 1687 κεκεντημένον
1246 1651 1294 1686 τῆς
1305 1650 1429 1686 ἀνομίας.
1443 1651 1523 1684 Δέξαι
1535 1650 1563 1677 δὲ
1577 1650 1608 1677 τὸ
1619 1651 1668 1685 τῆς
1680 1650 1836 1686 ἀφθαρσίας

1037 1698 1150 1733 ἔνδυμα,
1166 1698 1235 1732 ὅπερ
1247 1697 1261 1722 ὀ
1281 1697 1396 1732 Χριστός
1421 1705 1462 1722 σοι
1480 1695 1636 1727 διαπλώσας
1651 1696 1834 1731 προτείνεται,

1037 1744 1084 1771 καὶ
1098 1743 1135 1779 μὴ
1149 1742 1247 1779 ἀπώσῃ
1261 1742 1309 1778 τὴν
1321 1742 1436 1778 δωρεὰν,
1451 1742 1495 1769 ἵνα
1509 1743 1547 1778 μὴ
1562 1742 1676 1778 ὑϐρίσῃς
1691 1742 1737 1768 τὸν
1751 1742 1836 1777 δωρη-

1039 1790 1166 1824 σάμενον.
1184 1789 1245 1815 Ἐπὶ
1263 1788 1367 1823 μακρὸν
1387 1788 1535 1815 ὲνεκυλίσω
1548 1788 1586 1823 τῷ
1601 1787 1722 1823 βορϐόρῳ
1732 1796 1740 1803 ·
1753 1787 1831 1814 σπεῦ-

1039 1844 1095 1867 σον,
1111 1835 1250 1871 ἀνθρωπε,
1264 1835 1310 1861 ἐπὶ
1326 1834 1371 1861 τὸν
1386 1835 1451 1869 ἐμὸν
1474 1833 1609 1869 Ἰορδάνην
1620 1853 1627 1866 ,
1643 1834 1693 1860 οὐκ
1710 1833 1835 1860 Ἰωάννου

1038 1882 1193 1914 καλοῦντος,
1209 1881 1277 1908 ἀλλὰ
1294 1880 1413 1916 Χριστοῦ
1433 1880 1641 1916 προτρέποντος.
1664 1879 1692 1906 ’0
1711 1880 1767 1915 γὰρ
1787 1880 1836 1914 τῆς

1039 1928 1148 1964 χάριτος
1167 1926 1289 1962 ποταμὸς
1311 1927 1352 1962 ρετ
1372 1926 1520 1961 πανταχοῦ,
1544 1926 1594 1952 οὐκ
1619 1927 1647 1952 ὲν
1669 1927 1704 1962 τῇ
1735 1925 1837 1952 Παλαι-

1039 1974 1114 2009 στίνῃ
1131 1973 1179 2004 τὰς
1193 1972 1284 2007 πηγὰς
1303 1972 1382 2008 ἔχων,
1396 1972 1444 1999 καὶ
1457 1973 1497 2004 εἰς
1515 1972 1564 2007 τὴν
1578 1972 1686 2006 γείτονα
1699 1971 1837 1998 καλυπτό-

1040 2029 1120 2056 μενος
1132 2020 1280 2051 θάλασσαν,
1291 2019 1360 2046 ἀλλά
1376 2019 1467 2046 πᾶσαν
1479 2018 1528 2054 τὴν
1541 2018 1702 2054 οἰκουμένην
1714 2017 1836 2048 κυκλῶν,

1039 2067 1087 2093 καὶ
1111 2066 1258 2093 εἰσϐάλλων
1280 2066 1320 2098 εἰς
1341 2065 1388 2093 τὸν
1414 2065 1594 2102 παράδεισον·
1625 2065 1836 2099 ἀντιπρόσωπος

1041 2113 1110 2148 ῥέων
1124 2112 1178 2139 τῶν
1199 2111 1339 2146 τεσσάρων
1360 2109 1413 2137 τῶν
1434 2110 1538 2136 ἐκεῖθεν
1561 2109 1764 2146 ἀπορρεόντων,
1789 2109 1836 2136 καὶ

198 2156 275 2184 illinc
298 2158 490 2191 exportantur.
514 2153 582 2182 Nam
606 2154 645 2181 illi
665 2153 776 2189 quidem
799 2153 891 2182 ferunt
924 2163 984 2182 aro-

1047 2160 1109 2187 πολὺ
1121 2158 1271 2194 τιμιώτερα
1282 2158 1400 2192 εἰσάγων
1414 2157 1453 2188 εἰς
1464 2156 1509 2183 τὸν
1525 2156 1687 2192 παράδεισον
1701 2155 1756 2182 τῶν
1768 2157 1837 2182 ἐκεί-

199 2206 289 2234 mata,
319 2201 512 2236 agriculturam
533 2206 559 2228 et
581 2207 693 2236 germen
716 2205 811 2234 terra};
836 2201 880 2228 hic
896 2207 987 2228 autem

198 2247 283 2276 infert
293 2247 417 2274 homines
429 2253 445 2273 a
460 2245 563 2281 Spiritu
581 2251 736 2282 generatos.
749 2246 918 2282 Quocunque
934 2252 988 2274 tra-

198 2293 291 2325 xeris,
312 2293 377 2320 illuc
395 2292 536 2319 transiluit
550 2299 560 2324 ;
575 2292 717 2320 derivatur
738 2292 766 2319 in
787 2297 873 2320 totum
891 2293 986 2320 orbem

198 2343 279 2367 terra:
290 2357 298 2371 ,
315 2342 343 2365 et
358 2346 412 2365 non
428 2339 567 2365 consumit
583 2338 713 2365 fluentum
732 2338 759 2365 in
777 2338 810 2365 iis
825 2338 851 2365 in
868 2345 929 2373 quae
946 2338 989 2365 di-

187 2385 311 2416 ,viditur.
329 2383 440 2412 Fontem
458 2385 530 2411 enim
551 2384 664 2412 divitem
684 2384 767 2412 habet
785 2384 944 2417 Christum,
960 2388 986 2412 et

197 2438 232 2459 ex
248 2431 295 2457 illo
313 2430 400 2457 ﬂuens
415 2430 528 2457 inundat
544 2430 675 2457 uutndum
693 2430 864 2457 universum.
881 2429 930 2457 llic
943 2434 986 2458 est

199 2476 289 2504 dulcis
318 2481 345 2504 et
379 2477 524 2511 potabilis,
559 2478 625 2504 nihil
655 2476 814 2511 injucunda!
837 2477 988 2512 salsuginis

199 2521 352 2549 attrahens.
370 2521 463 2548 Dulcis
479 2522 551 2548 enim
570 2521 693 2549 redditur
711 2522 828 2549 adventu
845 2521 965 2557 Spiritus
978 2543 986 2555 ,

200 2572 229 2596 nt
244 2569 306 2596 fons
322 2568 394 2595 Mara
412 2573 513 2595 attactu
531 2569 595 2604 ligni
612 2569 645 2595 “.
660 2569 683 2596 Is
701 2577 715 2595 a
734 2569 786 2603 piis
803 2568 882 2596 facile
898 2574 987 2604 potest

199 2614 366 2646 transmitti,
390 2615 513 2650 profanis
531 2619 622 2642 autem
644 2615 866 2650 perprofundus,
889 2621 916 2643 et
936 2623 987 2643 nec

199 2660 288 2688 abiis
303 2660 413 2695 quidem
435 2665 523 2695 potest
543 2660 623 2687 adiri.
646 2659 755 2688 Imitare
779 2660 872 2689 Jesum
899 2661 985 2689 Nare.

197 2705 282 2735 Porta
301 2706 497 2742 Erangelium,
520 2707 593 2734 sicut
613 2707 658 2734 ille
679 2714 792 2742 arcam;
811 2707 919 2736 dimitte.
939 2709 987 2736 de-

239 2794 263 2812 “
273 2795 355 2824 Exod,
372 2804 415 2829 xv,
425 2795 468 2822 ‘23.

1043 2205 1087 2232 θεν
1106 2203 1305 2240 ἐκφερομένων.
1330 2203 1361 2229 Οἱ
1383 2203 1432 2238 μὲν
1457 2202 1512 2238 γὰρ
1537 2201 1664 2237 φέρουσιν
1689 2200 1834 2236 ἀρώματα,

1042 2251 1189 2287 γεωργίαν,
1203 2251 1250 2277 καί¹
1267 2249 1410 2284 βλάστημα
1424 2249 1485 2283 γῆς.
1505 2248 1533 2274 '0
1552 2247 1580 2274 δὲ
1599 2246 1763 2283 ἀνθρώπους
1786 2247 1838 2274 εἰσ-

1043 2298 1120 2334 φέρει
1140 2298 1298 2332 γεννήματα
1321 2295 1485 2330 πνεύματος.
1502 2294 1589 2321 Ὅπου
1608 2293 1630 2320 δ’
1648 2293 1681 2320 ἂν
1705 2293 1834 2330 έλκύσῃς,

1043 2343 1101 2369 ἐκεῖ
1125 2342 1265 2377 μεταρρεϊ,
1282 2340 1349 2375 πρὸς
1373 2340 1462 2366 πᾶσαν
1486 2339 1536 2374 τὴν
1560 2338 1724 2374 οἰκουμένην
1747 2339 1838 2374 ἐξοχε-

1036 2388 1155 2417 τεύεται.
1175 2387 1222 2414 καὶ
1235 2386 1266 2413 οὐ
1279 2386 1386 2421 δαπανᾷ
1401 2386 1429 2412 ὲν
1448 2386 1505 2416 τοῖς
1525 2385 1713 2420 μεριζομένοις
1733 2385 1764 2412 τὸ
1782 2385 1836 2420 ρεῖ-

1038 2435 1112 2470 θρον.
1131 2432 1225 2468 Πηγὴν
1248 2431 1302 2467 γὰρ
1327 2431 1383 2466 ἔχει
1413 2430 1541 2457 πλουσίαν
1565 2430 1610 2457 τὸν
1628 2430 1764 2465 Χριστὸν,
1791 2430 1838 2456 καὶ

1039 2481 1086 2507 ἀπ’
1101 2480 1205 2506 ἐκείνου
1226 2477 1306 2514 ῥέων,
1329 2477 1473 2513 σύμπαντα
1497 2477 1638 2512 πελαγίζει
1654 2477 1700 2503 τὸν
1725 2478 1835 2513 κόσμον.

1039 2525 1144 2557 Γλυκὺς
1156 2522 1233 2555 οὗτος
1248 2524 1294 2551 καὶ
1308 2523 1439 2559 πότιμος,
1462 2523 1538 2549 οὐδὲν
1552 2524 1602 2558 τῆς
1628 2523 1728 2559 ἀηδοῦς
1749 2524 1836 2558 ἅλμης

1041 2571 1247 2607 ἐπισυρόμενος.
1276 2569 1414 2596 Ἦδύνεται
1439 2569 1494 2604 γὰρ
1525 2570 1558 2604 τῇ
1592 2569 1764 2604 ἐπιφοιτήσει
1790 2569 1835 2596 τοῦ

1041 2618 1194 2654 πνεύματος
1210 2617 1248 2648 ὡς
1268 2617 1284 2652 ή
1307 2616 1403 2653 Μερῤὰ
1424 2615 1499 2652 πηγὴ
1516 2617 1549 2651 τῇ
1573 2615 1648 2650 θήξει
1669 2615 1718 2642 τοῦ
1746 2615 1834 2648 ξύλου,

1040 2664 1168 2695 διαϐατὸς
1187 2665 1243 2695 τοῖς
1266 2663 1405 2695 εὑσεὸέσι,
1428 2663 1484 2694 τοῖς
1499 2662 1527 2688 δὲ
1546 2661 1670 2697 βεϐήλοις
1687 2661 1834 2697 ἀγχιϐαθὴς

1042 2709 1089 2750 tu}
1106 2709 1261 2750 ἀπρόσιτος.
1275 2710 1402 2744 Μίμτσαι
1421 2709 1466 2736 τὸν
1495 2708 1597 2741 Ἰησοῦν
1618 2709 1663 2735 τὸν
1680 2709 1770 2735 Na‘ar’.
1789 2709 1832 2736 Bi-
