1912 3080
90 89 133 116 tat
768 92 810 118 me
835 91 1015 120 BAPTISMO.

1653 105 1708 133 £22

91 156 181 173 στασον
206 146 238 173 τὸ
262 147 441 181 Εὑαγγέλιον,
463 148 500 179 ὠς
528 148 629 179 ἐκεῖνος
662 148 711 184 τὴν
742 150 856 176 κιϐωτόν

926 156 1043 182 scrtum,
1062 159 1159 186 nempe
1179 159 1340 188 peccatum;
1367 157 1453 184 transi
1476 157 1643 194 Iordanem;
1668 163 1706 188 fe-

89 192 151 224 ᾶῳες
178 191 227 226 τὴν
250 191 361 227 ἔρημον,
382 192 430 227 τὴν
457 193 609 228 ἁμαρτίαν·
634 193 801 228 περαιὼθητι
828 193 874 220 τὸν

95 236 235 272 Ἰορδάνην·
250 237 364 264 σπεῦσον
382 238 421 269 είς
434 237 483 272 τὴν
501 238 572 264 κατὰ
594 238 710 273 Χριστὸν
727 239 872 270 πολιτείαν,

90 281 124 311 εις
137 281 183 315 τήν
197 280 249 315 γῆν
264 281 312 316 τὴν
325 282 436 317 γόνιμον
452 282 505 309 τῶν
527 283 724 318 εὐφραινόντων
747 284 872 319 καρπῶν,

89 326 131 362 τὴν
145 326 269 361 ῥέουσαν,
286 327 356 354 κατὰ
382 328 433 362 τὴν
454 328 628 362 ἐπαγγελίαν,
646 329 705 364 μέλι
723 330 770 356 καλ
791 329 872 364 γάλα·

90 372 232 398 ιατάλυσον
257 372 307 407 τὴν
334 373 457 408 Ἱεριχὼ,
483 373 534 408 τὴν
564 374 682 401 παλαιὰν
718 375 871 410 συνήθειαν,

91 417 122 452 μὴ
135 417 204 451 ἀφῇς
220 417 305 452 αὐτῆς
328 418 479 453 ὀχύρωμα”
507 419 539 445 ὲκ
561 418 693 454 θεμελίων
719 420 799 446 λῦσον
819 420 872 446 τῶν

89 463 249 498 ἁμαρτωλῶν
273 463 410 498 λογισμῶν
435 463 484 499 τὴν
515 465 635 499 μητέρα·
667 465 780 500 ποίησον
809 465 871 498 τοὺς

87 508 202 543 δολεροὺς
215 508 388 540 Γαϐαωνίτας
402 509 510 541 οἰκέτας
534 510 577 536 τοῦ
599 510 705 547 Ἰσραὴλ
716 530 723 542 ,
738 511 869 543 τουτέστι,

87 553 186 584 δούλους
201 553 264 585 τοὺς
280 554 411 589 πονηροὺς
425 555 569 589 λογισμοὺς
581 555 627 582 τοῦ
652 555 721 582 κατὰ
739 555 768 582 τὸ
783 557 871 591 Εὐαγ-

87 598 167 631 γῦλον
192 597 268 633 βίου·
297 598 484 625 λιϐοὸολείσοω
507 601 520 626 ό
546 600 674 635 σοφιστὴς
704 601 752 627 καὶ
776 600 871 627 πλεον-

88 644 160 678 έκτης
173 644 275 680 Ἄχαρ·
292 645 306 671 δ
316 645 366 680 τὴν
379 645 503 678 γλῶσσαν
519 645 568 681 τὴν
582 646 683 680 χρυσῆν
695 645 868 681 ὑφελόμενος.

88 686 162 720 Οἷτος
174 689 203 716 δέ
220 690 294 716 ἐστιν
308 690 410 721 ἐκεῖνος
421 691 435 716 ὁ
447 690 496 725 τῆς
506 690 600 725 τιμίας
615 691 725 724 ἐντολῆς
736 691 868 725 ἀφανίσας

86 733 129 769 τὴν
142 734 268 769 τήρησιν.
293 734 385 762 Πάντα
402 736 493 761 ἐκεῖνα
514 735 599 767 τύπος
616 736 762 771 ἡμέτερος,
781 737 868 763 πάντα

87 779 282 815 προμηνύματα
294 780 348 807 τῶν
366 779 413 807 νῦν
430 780 599 816 φαινομένων
613 782 793 817 πραγμάτων.

116 845 265 873 οΔπόλυσον
291 846 384 873 λοιπὸν
408 847 455 874 τοῦ
476 846 533 882 βίου
560 856 605 874 σου
629 847 675 874 τὸν
696 848 851 884 γαστρίμαρ

85 899 127 924 γον
149 890 272 926 κόρακα·
306 892 350 923 δὺς
372 893 406 927 τῇ
433 893 579 928 περιστερᾷ
603 892 698 928 καιρὸν
723 892 867 927 ὲπιπτῆναί

87 943 137 961 σοι·
161 936 194 971 ἢν
210 936 318 972 πρῶτος
341 936 443 973 Ἰησοῦς
464 937 587 968 τυπικῶς
615 938 645 971 ἱξ
666 937 779 973 οὐρανοῦ
801 947 865 964 κατ-

86 980 175 1013 ήγαγε,
190 979 240 1015 τὴν
257 981 364 1011 ἄδολον,
381 981 430 1016 τὴν
450 981 620 1018 πραῦτάτην,
636 982 686 1016 τὴν
709 980 865 1015 πολύγονον·

85 1023 138 1057 ἥτις
156 1024 264 1051 ἐπειδὰν
289 1024 355 1061 εὕρῃ
381 1025 464 1060 ἄνδρα
486 1025 690 1060 κεκαθαρμένον
712 1025 750 1057 ὡς
771 1026 867 1061 πύριον

85 1068 165 1103 καλῶς
173 1069 344 1104 ἠσκημένον,
358 1070 541 1103 εἰσοικίζεται,
554 1070 601 1097 καὶ
616 1070 776 1102 ὲπωάζουσα
787 1070 867 1105 πυροῖ

85 1117 127 1151 τὴν
140 1114 237 1150 ψυχὴν,
260 1115 307 1141 καὶ
330 1115 414 1142 πολλὰ
428 1116 514 1143 τίκτει
534 1116 580 1144 καὶ
606 1116 707 1151 εὐχαρῆ
723 1115 756 1142 τὰ
770 1115 867 1150 ἑαυτῆς

83 1162 167 1188 τέκνα.
181 1159 278 1188 Ταῦτα
289 1161 320 1188 δέ
335 1162 402 1188 εἰσιν
419 1162 519 1196 ἀγαθαὶ
533 1162 645 1197 πράξεις
667 1161 713 1188 καὶ
726 1161 799 1194 λόγοι
822 1169 866 1187 σε-

86 1206 158 1241 μνοὶ,
181 1206 292 1238 πίστις,
319 1206 462 1238 εὐσέϐεια,
496 1206 663 1241 δικαιοσύνη,
689 1205 865 1241 σωφροσύνη,

84 1252 186 1285 ἁγνεία,
212 1252 376 1287 καθαρότης.
404 1252 496 1279 Ταῦτα
519 1253 601 1279 τέκνα
626 1252 673 1279 τοῦ
701 1251 864 1287 πνεύματος,

84 1299 202 1333 κτήματα
219 1298 249 1324 δὲ
260 1297 391 1333 ἡμέτερα.
407 1298 494 1333 Μέχρι
510 1298 574 1324 πότε
591 1297 713 1333 μαθητὴς
726 1297 781 1323 τῶν
794 1295 868 1331 πρώ-

83 1352 131 1370 των
140 1343 295 1379 στοιχείων;
308 1344 430 1377 Ἀνοιξόν
444 1352 490 1370 σου
504 1344 552 1378 τὴν
564 1343 650 1378 ψυχὴν
661 1343 698 1375 ὡς
708 1343 807 1372 δέλτον,
819 1343 867 1370 καὶ

85 1388 254 1424 συγχώρησον
269 1390 334 1424 ἡμῖν
346 1388 494 1423 ἐγχαράξαι
512 1389 626 1424 μάθημα
639 1388 748 1415 τέλειον·
768 1387 805 1423 μὴ
823 1388 866 1415 ἀεὶ

85 1435 146 1469 μετὰ
159 1434 212 1461 τῶν
226 1435 329 1461 παίδων
344 1435 484 1469 ψελλίζου·
500 1433 537 1470 μὴ
551 1434 687 1469 νηπωῦδης
703 1434 752 1469 τὴν
768 1435 864 1469 φρένα.

924 195 995 221 stina
1012 195 1046 222 ad
1063 195 1125 223 vita
1140 197 1356 231 institutionem,
1381 208 1441 235 quae
1460 207 1501 230 est
1521 212 1554 231 ex
1574 205 1685 234 Christu
1697 228 1705 240 ,

924 240 958 266 ad
982 245 1083 268 terratn
1107 249 1168 276 quae
1191 242 1244 270 fert
1269 243 1376 272 fructus
1401 247 1521 276 lzutitiam
1541 250 1705 286 all'erentes,

924 293 984 318 qua:
1000 287 1197 315 convenienter
1222 289 1396 323 promissioni
1414 292 1472 320 ﬂuit
1490 295 1568 323 un-lle
1582 300 1608 323 et
1623 297 1703 326 lacte.

924 328 1020 357 Everte
1044 329 1170 363 Iericho,
1198 337 1314 360 veterem
1343 342 1439 370 nempe
1458 340 1703 373 consuetudinem,

923 381 958 400 ne
984 374 1108 403 dimittas
1130 383 1189 403 eam
1216 377 1361 406 munitam.
1387 379 1468 408 Dirue
1488 389 1501 408 ιι
1522 383 1704 412 fundamentis

923 424 1037 446 matrem
1053 421 1225 455 peccantium
1242 423 1450 457 cogitationum.
1467 425 1581 456 Dolosos
1595 429 1703 458 Gabao-

922 465 994 492 nitas
1014 464 1056 492 fac
1076 473 1170 494 servos
1190 467 1319 501 lsraelis,
1337 469 1389 497 hoc
1407 474 1469 503 est,
1492 473 1576 501 malas
1600 476 1701 510 cogita-

923 509 1012 537 tiones
1025 517 1117 538 servas
1132 512 1194 539 vitae
1211 512 1382 548 Evangelicae
1395 525 1401 543 :
1420 516 1554 551 lapidibus
1569 509 1702 549 obruatur

921 554 966 587 qui
981 553 1031 581 sibi
1047 555 1211 590 usurpabat,
1227 561 1254 584 et
1270 558 1352 585 alieni
1367 564 1498 594 appetens
1516 566 1574 588 erat
1589 562 1680 589 Achar
1691 582 1699 595 ,

920 599 967 632 qui
986 600 1103 634 linguam
1118 601 1270 629 Sufl‘uratus
1293 607 1335 630 est
1356 610 1478 632 auream.
1498 605 1522 634 Is
1541 610 1632 633 autent
1653 607 1698 634 ille

920 648 961 669 est
973 663 979 673 ,
992 645 1038 678 qui
1050 644 1203 673 honorandi
1218 649 1343 682 praecepti
1357 649 1458 676 delevit
1469 651 1699 679 observationem.

920 687 1015 715 Omnia
1034 690 1077 716 illa
1092 696 1184 718 nostra
1200 698 1264 719 sunt
1283 694 1380 728 figura.
1399 694 1495 722 Omnia
1514 700 1576 722 suat
1597 697 1694 731 praesi-

919 735 1110 768 gnilicatioucs
1125 744 1218 764 eorum
1230 757 1236 769 ,
1250 746 1310 773 qua:
1326 747 1399 766 nunc
1415 745 1557 775 apparent.

953 846 975 872 Λ
987 847 1041 873 vita
1055 851 1100 874 tua
1117 848 1191 876 solve
1206 857 1328 877 roracem
1345 859 1456 878 corvum
1469 852 1502 878 ".
1518 851 1554 878 Da
1568 851 1701 879 columba:

919 894 1027 925 tempus
1042 897 1071 919 ut
1083 894 1114 920 ad
1130 897 1156 920 te
1171 894 1294 927 advolet,
1307 904 1387 930 quam
1403 897 1506 931 primus
1519 896 1598 925 Jesus
1612 898 1701 933 typice

917 942 932 962 e
949 937 1019 963 coelo
1035 937 1189 971 deduxit",
1210 947 1270 974 quas
1285 945 1327 967 est
1343 941 1397 967 doli
1414 941 1516 974 nescia,
1536 943 1701 969 mansuetis-

917 981 985 1008 sima
1003 985 1030 1008 et
1048 982 1237 1012 fertilissima:
1258 993 1318 1019 qua:
1340 990 1483 1021 postquam
1504 987 1640 1014 invenerit
1660 988 1700 1014 vi-

917 1034 976 1052 rum
994 1032 1155 1061 purgatum,
1180 1033 1210 1056 ut
1233 1035 1373 1064 argentum
1399 1035 1471 1058 recte
1499 1032 1649 1059 exercitum
1673 1037 1700 1059 et

916 1073 1084 1106 expolitum,
1112 1073 1139 1100 in
1170 1081 1202 1100 eo
1225 1075 1347 1102 lubenter
1374 1075 1495 1109 habitat,
1525 1080 1552 1104 et
1581 1077 1698 1104 animam

917 1115 978 1150 igne
996 1120 1126 1152 tanquam
1144 1125 1192 1144 ova
1212 1117 1323 1150 fovens,
1345 1120 1446 1146 multos
1466 1120 1490 1147 ei
1515 1120 1587 1155 parit
1605 1124 1632 1147 et
1650 1120 1700 1147 do-

903 1165 963 1187 Anat
979 1161 1058 1189 filios.
1081 1161 1100 1188 li
1116 1166 1205 1190 autem
1221 1168 1284 1190 sunt
1299 1164 1376 1191 bona:
1391 1165 1513 1192 actiones
1526 1185 1534 1197 ,
1549 1169 1576 1193 et
1589 1165 1697 1193 honesti

916 1214 930 1234 s
941 1214 1059 1235 -rmones
1069 1229 1076 1240 ,
1093 1208 1160 1236 fides
1171 1228 1177 1240 ,
1193 1210 1290 1243 pietas,
1304 1209 1410 1244 iustitia
1421 1231 1428 1242 ,
1441 1210 1620 1246 temperantia
1630 1230 1638 1243 .
1652 1218 1700 1237 ca-

916 1252 1015 1284 stitas,
1033 1253 1149 1288 pttritas.
1167 1254 1197 1280 lli
1223 1259 1288 1281 sunt
1308 1255 1354 1281 lilii
1373 1255 1509 1290 Spiritus.
1534 1259 1637 1283 nostra;
1650 1262 1700 1283 au-

901 1300 970 1325 vtem
986 1299 1187 1333 possessiones.
1202 1299 1351 1335 Quomque
1363 1301 1418 1327 eris
1431 1301 1584 1336 discipulus
1597 1301 1700 1336 primo-

916 1349 977 1369 rum
995 1342 1192 1370 elementorum
1207 1345 1219 1371 ?
1241 1345 1323 1380 Aperi
1341 1346 1458 1372 animam
1475 1350 1549 1372 tuam
1568 1350 1698 1381 tanquam

916 1388 1055 1420 tabulam,
1078 1394 1105 1415 et
1127 1390 1245 1417 concede
1267 1391 1359 1422 nobis,
1377 1396 1407 1418 ut
1425 1391 1615 1426 imprimamus
1638 1399 1700 1426 ρει-α

917 1433 1015 1460 fectam
1041 1435 1231 1470 disciplinam.
1257 1444 1310 1463 non
1333 1444 1441 1472 Semper
1462 1437 1615 1465 balbutiens
1634 1445 1698 1465 cum

89 1479 214 1514 ἰῖρυοριῶ
229 1479 301 1514 ὑπὲρ
315 1479 373 1512 σοῦ,
402 1479 443 1506 ὅτι
469 1479 593 1515 γηράσας
615 1479 706 1505 λοιπὸν
723 1479 791 1514 μετὰ
811 1478 865 1505 τῶν

919 1479 1026 1512 pueris,
1039 1487 1093 1507 non
1108 1485 1198 1507 mente
1212 1481 1313 1508 infans.
1328 1481 1368 1509 Me
1381 1482 1419 1508 tui
1436 1482 1534 1517 pudet,
1548 1482 1620 1517 quod
1635 1490 1697 1509 cum

84 1526 287 1561 κατηχουμένων
306 1525 424 1562 ὲκὸάλλῃ
437 1546 445 1559 ,
476 1525 513 1557 ὼς
541 1526 684 1560 παιδάριον
712 1526 792 1552 ἄνουν
819 1525 866 1552 καὶ

83 1570 126 1597 οὐκ
141 1571 283 1606 ἐχέμυθον,
300 1571 440 1606 μέλλοντος
456 1571 603 1607 μυστηρίου
617 1571 765 1597 λαλεῖσθαι.
786 1569 868 1597 Ἑνώ-

62 1624 65 1626 ’
84 1616 139 1651 ὒητι
151 1616 189 1651 τῷ
205 1615 329 1652 μυστικῷ
341 1616 398 1651 λαῷ
421 1616 468 1643 καὶ
489 1616 555 1651 μάθε
575 1616 670 1649 λόγους
684 1615 865 1650 ἀπορρήτους.

83 1660 191 1694 φθέγξαι
211 1659 272 1696 μεθ’
295 1659 374 1695 ἡμῶν
392 1660 501 1693 ἐκεῖνα,
524 1660 543 1686 ἃ
568 1660 614 1687 καὶ
640 1660 674 1687 τὰ
694 1660 868 1694 ἐξαπτέρυγα

85 1704 200 1740 Σεραφὶμ
234 1704 304 1740 μετὰ
324 1705 379 1732 τῶν
407 1705 515 1732 τελείων
542 1705 711 1740 Χριστιανῶν
733 1704 867 1740 ὑμνοῦντα

84 1748 159 1782 λέγει.
179 1749 363 1785 Ἐπιθύμησον
395 1750 498 1785 τροφῆς
528 1749 730 1785 ὲνδυναμούσης
760 1749 866 1784 ψυχήνο

84 1794 172 1829 γεῦσαι
201 1795 324 1831 πόματος
355 1795 468 1831 καρδίαν
504 1795 712 1831 εὐφραίνοντος·
739 1794 867 1829 ὲράσθητι

86 1841 227 1876 μυστηρίου
245 1842 286 1873 εἰς
303 1841 417 1877 νεότητα
433 1841 496 1872 τοὺς
507 1840 638 1872 παλαιοὺς
654 1840 776 1875 ἀοράτως
790 1839 868 1875 ἀμεί-

85 1886 178 1918 ίοντος.
195 1886 323 1922 Μίμησαι
335 1886 380 1913 τὸν
395 1886 510 1913 Αἰθίοπα
528 1886 574 1914 τὸν
589 1885 715 1921 εὐνοῦχον
729 1885 779 1919 τῆς
793 1884 868 1916 ζεού-

86 1938 130 1965 της
144 1931 297 1966 ἐπιθυμίας.
311 1931 365 1958 Καὶ
379 1931 433 1967 γὰρ
449 1932 550 1963 ἐκεῖνος
565 1931 658 1966 ἐπειδὴ
677 1930 722 1957 τὸν
736 1930 867 1956 Φίλιππον

86 1976 267 2012 προσαχθέντα
282 1977 355 2012 παρὰ
367 1976 413 2003 τοῦ
437 1976 592 2012 Πνεύματος
614 1976 739 2011 σύνεδρον
759 1975 805 2002 ἐπὶ
820 1975 867 2002 τοῦ

86 2021 200 2056 ἅρματος
223 2022 329 2054 ἔλαϐεν,
354 2021 413 2049 ὁδοῦ
430 2022 458 2049 δὲ
479 2022 616 2058 πάρεργον
637 2021 723 2057 ἔμαθε
749 2021 786 2057 μὴ
804 2021 869 2048 ἁνα-

85 2067 221 2100 τινώσκειν
248 2067 344 2102 μόνον,
373 2067 440 2094 ἀλλὰ
469 2067 515 2094 καὶ
542 2067 686 2101 γινώσκειν
710 2067 755 2093 τὸν
788 2065 868 2100 σοφὸν

90 2111 195 2139 Ἡσαΐαν
207 2121 214 2128 ·
240 2112 370 2146 ἐγεύσατο
382 2113 409 2139 δὲ
426 2112 469 2139 διὰ
487 2112 536 2146 τῆς
557 2112 702 2148 ἑρμηνείας
713 2112 750 2142 ὡς
766 2110 868 2145 ἀγαθὸς

87 2157 180 2190 σκύλαξ
192 2157 239 2184 τοῦ
254 2158 369 2192 αἵματος
389 2158 435 2184 καὶ
453 2157 500 2184 τοῦ
522 2158 670 2193 σφαγέντος
686 2156 771 2192 ἀμνοῦ
781 2165 787 2172 ·
804 2164 866 2191 σφο-

85 2201 148 2236 δρῶς
159 2203 205 2229 τοῦ
217 2203 348 2229 Φιλίππου
363 2202 576 2238 καθυλάκτησεν,
590 2203 684 2237 μέχρις
694 2199 724 2228 οὗ
736 2201 804 2237 πρὸς
816 2201 866 2235 τὴν

85 2247 184 2274 τελείαν
200 2248 282 2275 αὑτὸν
295 2248 383 2284 θήραν
405 2249 455 2283 τῆς
476 2250 505 2275 ὲν
527 2248 604 2283 χερσὶ
619 2247 783 2282 προφητείας
797 2246 866 2281 ὡδή-

86 2301 172 2327 γησεν
187 2293 358 2329 αὐτοσχέδιον
371 2294 398 2320 δὲ
419 2294 449 2320 τὸ
472 2293 612 2329 βάπτισμα
625 2293 743 2328 ζητήσας
760 2291 865 2324 ἐλαϐεν,

86 2337 141 2364 οὒτε
160 2339 335 2373 καταγωγίαν
357 2339 512 2374 ἀναμείνας,
527 2338 589 2365 οὗτε
605 2338 680 2365 πόλιν
696 2338 713 2373 ἢ
728 2336 834 2372 κώμην,
848 2335 864 2371 ἢ

56 2405 58 2410 .
86 2383 127 2409 τὸν
146 2385 229 2411 τόπον
250 2384 419 2419 ἀγιάσματος
445 2384 632 2419 ἐκδεξάμενος,
646 2383 822 2417 λογισάμενος
839 2380 867 2407 δὲ

87 2431 238 2464 σωφρόνως,
255 2431 296 2457 ὅτι
317 2430 371 2461 πᾶς
389 2430 470 2462 τόπος
488 2430 535 2457 τοῦ
554 2429 643 2456 κοινοῦ
660 2428 805 2460 Δεσπότου,
822 2427 868 2453 καὶ

87 2475 137 2500 πᾶν
149 2473 219 2511 ὕδωρ
232 2474 384 2509 ἐπιτήδειον
398 2476 438 2506 είς
449 2475 497 2510 τὴν
509 2474 556 2501 τοῦ
570 2474 754 2509 βαπτίσματος
763 2472 867 2508 χρείαν,

88 2519 161 2552 μόνον
176 2520 225 2546 ἐὰν
240 2520 308 2556 εὕρῃ
330 2520 420 2547 πίστιν
441 2520 488 2546 τοῦ
517 2520 709 2555 λαμϐάνοντος,
725 2519 771 2546 καὶ
792 2519 867 2545 εὐλο-

87 2563 144 2595 γίαν
159 2564 205 2591 τοῦ
222 2565 379 2599 ἁγιάζοντος
398 2565 501 2601 ἱερέως.
524 2565 570 2600 Μὴ
587 2564 739 2601 παροξύνῃς
755 2564 800 2591 τὸν
819 2563 866 2598 βα-

87 2611 196 2644 πτιστήν
220 2611 367 2646 βραδύνων,
385 2611 451 2646 μηδὲ
470 2610 638 2646 παροργίσῃς
661 2610 740 2636 αὐτὸν
759 2605 865 2644 ἡμέραν
892 2639 895 2642 λ

88 2652 115 2684 ἐξ
134 2655 236 2690 ἡμέρας
256 2655 480 2690 ἀναϐαλλόμενος,
501 2656 547 2682 καὶ
567 2655 692 2682 δαπανῶν
706 2655 735 2681 ὲν
750 2653 864 2688 ὑποσχέ-

918 1525 1111 1557 consenueris,
1137 1526 1226 1552 adhuc
1253 1526 1373 1560 ejiciaris
1395 1535 1456 1554 cum
1476 1527 1697 1559 catcchumenis,

920 1573 1049 1604 tanquam
1071 1570 1204 1605 insipiens
1217 1572 1340 1605 puellus.
1359 1575 1386 1598 et
1398 1572 1443 1607 qui
1461 1579 1561 1598 arcana
1578 1579 1632 1599 non
1650 1579 1699 1606 po-

918 1617 971 1640 test
991 1614 1096 1646 celare,
1113 1622 1173 1641 cum
1197 1615 1341 1642 dicendum
1362 1616 1398 1642 sit
1419 1616 1589 1652 mysterium.
1612 1615 1698 1643 Unin:

918 1659 1017 1693 populo
1034 1660 1151 1695 mystico
1162 1679 1169 1691 ,
1188 1664 1214 1686 et
1238 1668 1353 1688 arcanos
1370 1661 1444 1688 disce
1462 1669 1613 1688 sermones.
1635 1661 1697 1687 Elo-

917 1713 1002 1738 quere
1020 1705 1162 1733 nobiscum
1178 1707 1223 1733 illa
1236 1726 1243 1737 .
1260 1714 1320 1741 qua:
1336 1715 1382 1734 sex
1400 1708 1457 1734 alas
1472 1707 1600 1734 habentia
1616 1706 1697 1734 Sera—

919 1750 991 1785 phim
1007 1758 1068 1778 cum
1084 1751 1209 1785 pcrl'ectis
1223 1751 1389 1780 Christianis
1407 1752 1503 1779 dicunt
1518 1752 1633 1787 hymnos
1647 1759 1694 1779 ca-

918 1796 1022 1822 nentia.
1050 1796 1177 1824 Desidera
1205 1797 1294 1824 cibum
1319 1797 1364 1831 qui
1389 1797 1533 1824 continuat
1557 1797 1696 1829 animam;

918 1845 996 1876 gusta
1020 1845 1111 1876 potum
1136 1842 1181 1877 qui
1204 1849 1252 1869 cor
1267 1843 1419 1874 exhilarat;
1439 1849 1499 1868 ama
1519 1843 1695 1878 mysterium,

917 1886 988 1920 quod
1003 1893 1035 1913 eo
1053 1886 1142 1918 modo,
1160 1887 1206 1920 qui
1228 1895 1282 1913 non
1298 1887 1370 1914 cadit
1385 1887 1437 1914 sub
1450 1891 1601 1921 aspectum,
1622 1890 1695 1913 vete-

918 1939 962 1958 res
978 1932 1136 1959 transmittit
1158 1933 1190 1959 ad
1212 1932 1394 1967 juventulent.
1411 1932 1695 1968 ImitareIEthiopem

918 1977 1072 2004 eunuchum
1105 1977 1235 2009 ferveut‘w
1257 1977 1398 2006 desiderii.
1417 1977 1524 2006 Etenim
1550 1977 1596 2006 ille
1620 1982 1696 2013 post-

919 2030 1000 2056 quam
1024 2022 1177 2058 Philippum
1200 2030 1215 2049 a
1239 2027 1335 2050 sancto
1355 2022 1460 2057 Spiritu
1481 2023 1628 2050 adductum
1649 2032 1696 2050 as-

918 2068 1076 2102 sumpsitin
1091 2076 1174 2094 curru
1190 2075 1379 2096 consessorem
1392 2077 1401 2102 ;
1414 2068 1442 2095 in
1458 2068 1501 2096 via
1516 2067 1606 2095 autem
1621 2066 1695 2094 aliud

919 2119 1019 2146 agens.
1046 2120 1101 2139 non
1127 2112 1334 2144 animadvertit,
1367 2121 1396 2140 se
1422 2114 1574 2148 sapientem
1597 2111 1695 2141 Isaiam

919 2166 973 2184 non
991 2158 1079 2184 solum
1099 2158 1204 2193 legere,
1220 2157 1268 2186 sed
1283 2158 1366 2186 etiam
1384 2158 1547 2193 intelligere.
1568 2157 1695 2186 Gustavit

917 2205 1007 2228 autem
1026 2202 1277 2236 interpretationem
1288 2223 1296 2235 ,
1313 2207 1444 2238 tanquam
1459 2203 1547 2232 bonus
1566 2205 1675 2231 catulus

894 2276 896 2279 ,
917 2247 1060 2282 sanguinis
1086 2251 1113 2275 et
1138 2247 1200 2282 agni
1227 2249 1329 2282 Occisi,
1360 2249 1536 2276 vehementer
1557 2249 1695 2277 allatravit

918 2291 1072 2327 Philippum
1085 2312 1092 2324 ,
1113 2292 1201 2320 donec
1221 2301 1284 2320 eum
1305 2293 1418 2321 deduxit
1436 2294 1470 2321 ad
1487 2293 1635 2328 perfectam
1650 2303 1697 2322 ve-

919 2337 1057 2365 nationem
1075 2338 1241 2373 prophetiae,
1259 2347 1342 2374 quam
1364 2339 1482 2367 habebat
1504 2339 1532 2367 in
1552 2339 1695 2372 manibus,

917 2387 944 2411 et
962 2383 1076 2411 minime
1089 2391 1235 2419 operosum
1253 2392 1268 2411 a
1283 2392 1313 2412 se
1329 2386 1440 2420 petitum
1462 2385 1597 2420 baptisma
1614 2393 1695 2413 acce-

918 2428 977 2462 pit,
994 2436 1044 2456 nec
1057 2434 1221 2463 exspectans
1235 2430 1417 2458 diversorium
1428 2451 1436 2461 ,
1454 2438 1541 2466 neque
1556 2430 1694 2458 civitatem

918 2476 965 2500 aut
978 2474 1068 2501 vicum
1078 2493 1086 2505 ,
1101 2477 1147 2500 aut
1159 2474 1248 2504 locum
1263 2474 1533 2506 sanctificationis",
1549 2474 1695 2510 prudenter

918 2523 1008 2547 autem
1031 2525 1160 2554 reputans
1183 2519 1255 2554 quod
1278 2520 1366 2547 omnis
1387 2520 1464 2546 locus
1478 2523 1521 2547 est
1541 2520 1696 2546 communis

921 2565 1044 2597 Domini,
1059 2570 1087 2592 et
1107 2566 1196 2593 oumis
1218 2572 1288 2598 aqua
1309 2569 1350 2592 est
1369 2570 1432 2599 apta
1453 2564 1485 2591 ad
1509 2572 1589 2591 usum
1605 2564 1694 2598 bapti-

920 2610 1033 2640 smatis,
1050 2609 1072 2636 si
1092 2609 1171 2637 modo
1188 2610 1319 2636 invenerit
1340 2609 1418 2636 ﬁdem
1440 2610 1518 2643 ejus,
1542 2608 1587 2643 qui
1604 2608 1632 2635 id
1650 2616 1696 2634 ac-

919 2656 1006 2690 cepit,
1024 2659 1052 2682 et
1075 2655 1291 2683 benedictionem
1314 2654 1464 2683 sacerdotis
1487 2653 1695 2683 sanctiﬁcantis.

121 2763 140 2779 ⁵⁷
157 2764 224 2792 Gen.
245 2773 305 2798 vni,
321 2764 347 2798 ὓ,
360 2765 384 2792 7.
421 2765 443 2781 ⁵³
457 2765 549 2792 Matth.
565 2773 606 2798 ιιι,
623 2765 671 2798 th;
689 2764 769 2792 llarc.
787 2771 805 2797 ι,
821 2763 861 2789 l0.

919 2763 993 2798 Ἀρι.
1015 2770 1074 2795 \‘lll,
1094 2763 1127 2790 27
1141 2771 1202 2798 sqq.
