1912 3080
199 79 254 107 ‘25

838 71 867 99 S.
883 70 1048 99 GREGORII
1064 71 1214 100 NYSSENI

1790 73 1827 105 ‘2
1832 73 1846 99 ι

201 136 262 164 Noli
289 135 373 163 nimis
399 132 537 161 tardando
562 131 674 160 irritare
698 131 918 167 baptizatorem,
944 138 995 159 nec

1059 140 1106 158 ιεσι
1125 132 1173 159 τὸν
1197 132 1294 168 ῥέοντα
1314 131 1426 167 χρόνον,
1450 131 1555 167 μήποτέ
1583 139 1631 158 σου
1654 131 1712 163 ταῖς
1736 131 1847 166 ὁμοίαις

201 189 265 209 eum
280 181 314 208 ad
331 181 400 207 iram
416 186 569 214 provocare
579 198 587 211 ,
604 178 677 205 diem
693 176 728 204 de
745 176 791 204 die
806 176 954 208 differens,
969 179 997 204 et

203 233 312 262 tempus
327 225 401 262 quod
417 224 503 252 efﬂuit
517 225 545 251 in
558 223 706 258 promissis
724 230 908 255 consumens,
921 229 956 250 ne
971 226 998 250 te

203 274 302 302 iisdem
318 272 435 300 vocibus
457 271 619 302 insectetur,
637 269 739 305 quibus
753 267 889 299 Joannes.
909 273 936 295 te
959 267 998 295 fe-

203 325 261 347 tum
277 319 377 354 viperae
392 317 538 345 nominans
553 316 588 349 ",
601 320 629 343 et
644 315 757 343 surdam
772 314 914 349 aspidem.
937 321 998 349 quae

203 366 336 393 elTeratur
351 365 385 391 ad
401 370 496 390 vocem
512 361 695 389 incantatoris
704 361 744 394 ³¹;
760 360 804 388 vel
818 365 939 392 aculam,
956 359 997 388 vel

204 411 392 446 splendentem
406 410 456 437 tibi
470 408 599 437 ostendat
619 406 750 438 securim,
763 407 843 434 sitam
854 406 933 441 juxta
954 413 999 433 ar-

204 458 299 484 borem
319 461 347 484 et
374 457 525 483 minantem
540 453 755 489 amputationem
768 452 803 478 ³¹.
820 451 849 478 1ιι
865 451 999 479 electione

205 505 341 531 malorum
365 503 453 538 magis
475 505 519 529 est
542 500 716 536 eligendum,
738 504 767 527 ut
789 499 852 536 quis
878 499 999 526 salutare

206 549 348 576 lavacrmu
365 551 514 575 assecutus
526 566 534 579 ,
552 553 652 573 rursus
668 545 705 573 sit
721 545 747 572 in
765 549 897 580 peccato,
915 551 998 579 quam

206 601 236 622 ut
251 595 348 630 gratiae
364 601 463 629 expers
478 593 562 620 vitam
582 591 669 619 finiat.
688 590 756 618 Nam
775 595 918 626 peccatum
934 590 998 625 qui-

206 642 267 668 dem
282 641 390 668 veniam
405 639 524 667 fortasse
536 643 732 673 consequetur,
745 641 793 663 aut
804 636 980 664 clementiam
990 655 997 667 ,

205 688 287 722 cujus
312 693 410 722 magna
430 690 472 714 est
490 693 554 720 spes
578 685 652 720 apud
676 685 783 715 honos;
805 683 884 709 alteri
906 685 998 708 autent

205 737 249 761 est
266 733 380 760 omnino
401 732 484 759 vetita
507 731 583 758 salus
604 738 637 757 ex
659 733 735 757 certa
757 733 785 756 et
807 727 919 755 definita
936 734 1001 754 sen-

206 779 305 806 tentia.
327 777 395 804 Nam
415 785 480 804 cum
500 776 613 804 audiero
635 783 726 802 vocem
743 782 805 810 quae
822 782 878 801 non
897 773 998 800 menti-

1048 181 1152 215 φωναῖς
1171 179 1295 206 Ἰωάννου
1319 178 1475 214 καθίκηται,
1498 177 1622 213 γέννημά
1645 186 1675 204 σε
1702 177 1848 213 ὀνομάζων

1047 227 1165 263 ἐχίδνης,
1181 227 1197 262 ἢ
1215 226 1315 254 ἀσπίδα
1337 225 1442 261 κωφὴν,
1467 225 1535 260 πρὸς
1549 225 1599 261 τὴν
1618 224 1711 260 φωνὴν
1727 225 1775 251 τοῦ
1795 225 1848 250 ἐπ-

1048 272 1157 308 ᾴδοντος
1173 271 1377 307 ἀγριαίνουσαν,
1394 271 1410 306 ἢ
1431 270 1480 306 τὴν
1504 270 1599 306 ἀξίνην
1616 278 1657 297 σοι
1675 270 1750 306 δείξῃ
1764 270 1847 305 τεθη-

1048 317 1152 352 γμένην
1177 316 1224 343 καὶ
1251 315 1422 349 πίλὸουσαν,
1445 315 1654 351 παρακειμένην
1673 315 1713 351 τῷ
1732 315 1848 351 δένδρῳ,

1048 361 1097 389 καὶ
1120 361 1170 397 τὴν
1193 361 1280 396 τομὴν
1297 360 1475 389 ἀπειλοῦσαν.
1496 361 1681 398 Αῑρετώτερον
1701 363 1730 388 ἐν
1753 362 1849 389 κακῶν

1049 407 1148 443 ἐκλογῇ
1167 407 1317 440 ἀξιωθέντα
1337 407 1399 435 τινα
1412 407 1459 434 τοῦ
1475 408 1611 443 σωτηρίου
1634 407 1760 444 λουτροῦ,
1773 409 1850 443 γενέ-

1050 453 1111 480 σθαι
1129 453 1211 480 πάλιν
1231 453 1260 479 ἐν
1278 453 1498 490 ἀμαρτήματι,ἢ
1518 455 1567 489 τῆς
1586 453 1697 489 χάριτος
1712 453 1849 489 ἀμέτοχον

1049 498 1212 533 τελευτῆσαι
1236 498 1283 525 τὸν
1305 498 1371 534 βίον.
1392 499 1430 526 Τδ
1448 499 1497 534 μὲν
1521 499 1576 535 γὰρ
1593 499 1784 535 πλημμέλημα
1802 508 1850 525 τυ-

1049 545 1096 580 χὸν
1120 544 1168 571 καὶ
1194 544 1358 580 συγγνώμης
1381 544 1398 580 ἢ
1420 545 1625 581 φιλανθρωπίας
1652 545 1848 580 ἀξιωθήσεται,

1049 589 1083 627 ἦς
1108 591 1192 626 πολλὴ
1220 591 1297 627 παρὰ
1315 591 1371 618 τῶν
1392 592 1503 626 ἀγαθῶν
1517 592 1610 624 ἐλπίς·
1636 591 1668 618 τὸ
1691 591 1720 618 δέ
1742 591 1848 618 παντά-

1050 645 1135 663 πασιν
1158 638 1389 673 ἀπηγορευμένην
1413 638 1485 673 ἐχειν
1511 638 1561 674 τὴν
1576 639 1714 674 σωτηρίαν
1730 637 1760 670 ἐξ
1779 638 1851 664 ἁπο-

1050 682 1161 717 φάσεως
1176 683 1347 720 ὡρισμένης·
1365 684 1428 711 ὅταν
1449 684 1503 720 γὰρ
1524 684 1634 712 ἀκούσω
1649 686 1699 721 τῆς
1716 683 1850 719 ἀψευδοῦς

1049 729 1142 764 φωνῆς
1164 728 1311 764 λεγούσης,
1330 738 1340 755 ι
1362 729 1459 765 ’Δμὴν,
1476 730 1551 765 ἀμὴν
1570 729 1642 764 λέγω
1663 737 1721 757 σοι·
1739 730 1790 756 ἐὰν
1812 729 1849 765 μή

1049 783 1091 806 τις
1105 774 1222 810 γεννηθῇ
1246 775 1360 807 ἄνωθεν,
1378 775 1409 802 οὐ
1425 775 1536 803 δύναται
1559 776 1626 802 ίδεῑν
1647 775 1697 811 τὴν
1708 775 1850 811 βασιλείαν

207 827 264 857 tur,
277 824 414 851 dicentem
428 832 435 850 :
449 831 458 848 ι
471 823 573 853 Amen,
585 830 663 849 amen
675 822 738 848 dico
749 821 827 848 vobis
845 830 851 847 :
869 820 921 848 nisi
935 820 998 855 quis

1059 820 1097 847 τοῦ
1114 821 1192 854 Θεοῦ,
1214 831 1223 847 ι
1242 822 1317 848 οὐδὲν
1331 821 1447 857 δύναμαι
1462 823 1519 854 τοῖς
1541 823 1674 858 ἀμυήτοις
1695 822 1850 858 προσδοκῆ-

207 874 290 897 natus
313 869 397 896 fuerit
417 868 546 903 desuper,
570 876 625 894 non
651 871 739 903 potest
763 867 858 894 videre
882 873 997 901 regnum

207 914 254 942 Dei
271 915 305 946 ³³,
321 924 331 941 ι
346 915 414 941 nihil
432 914 495 941 boni
513 921 625 949 possum
642 917 804 948 exspectare
822 912 856 940 iis
871 912 919 948 qui
937 920 998 948 my-

206 961 299 988 steriis
323 967 378 987 non
402 964 467 987 sunt
490 959 601 986 initiati.
625 958 780 991 Quamnam
803 958 877 985 enim
901 964 998 985 revera

206 1005 314 1033 veniam
333 1012 441 1040 aequum
463 1008 507 1032 est
527 1005 568 1031 eis
591 1003 745 1039 impertiri,
767 1003 814 1038 qui
841 1003 913 1039 regis
936 1010 1000 1038 gra-

206 1053 272 1078 tiam
300 1051 453 1078 aﬂeccrunt
473 1050 655 1080 contumelia.
678 1050 742 1076 aeris
764 1049 850 1077 alieni
871 1057 926 1076 non
951 1048 1000 1076 ad-

206 1097 348 1124 mittentes
363 1095 557 1123 rescissionem
569 1114 577 1126 .
599 1102 651 1122 nec
667 1095 864 1129 amplectentes
885 1094 1000 1122 liberta-

206 1147 282 1175 tem,
304 1149 366 1176 quia!
380 1149 429 1169 sua
445 1145 545 1176 sponte
568 1141 602 1167 ad
627 1147 676 1168 eos
696 1148 712 1167 e
742 1140 814 1168 «telo
834 1140 998 1174 descendit,

206 1196 255 1224 per
282 1187 348 1215 doni
371 1192 462 1214 autem
486 1191 694 1221 contemptum,
718 1194 781 1214 eum
808 1186 855 1221 qui
880 1186 997 1213 donavit

206 1235 345 1270 probi-oet
354 1233 491 1261 dedecore
508 1233 675 1260 allicientes?
691 1233 818 1260 Animam
836 1233 948 1261 minime
965 1233 999 1260 il-

208 1280 380 1310 lnminatam.
398 1284 424 1307 et
439 1278 658 1314 regenerationis
674 1278 761 1313 gratia
781 1286 836 1306 non
853 1284 997 1311 ornatam,

207 1327 305 1355 nescio
319 1334 353 1353 an
369 1325 459 1360 angeli
472 1324 627 1359 suscipiant
637 1343 644 1356 ,
657 1328 805 1359 postquam
818 1324 900 1352 fuerit
911 1331 926 1350 a
938 1333 1000 1352 cor-

207 1379 274 1408 pore
288 1375 426 1406 separata.
452 1369 597 1403 Quomodo
612 1369 702 1400 enim,
719 1376 782 1396 cum
799 1377 855 1396 non
872 1369 909 1396 sit
924 1369 999 1396 obsi-

206 1422 305 1453 gnata,
323 1423 374 1444 nec
391 1417 477 1443 ullum
497 1416 568 1442 ferat
592 1415 701 1450 signum
727 1415 769 1442 sni
792 1415 919 1442 Domini?
943 1415 998 1442 Ima

205 1469 251 1492 est
266 1463 419 1492 verisimile
433 1470 482 1498 per
498 1469 588 1489 aerem
606 1461 672 1489 ferri
691 1466 831 1490 errantem
852 1466 880 1488 et
896 1469 999 1496 vagan-

1053 876 1097 895 σαι
1121 867 1248 903 χρηστόν.
1275 868 1353 899 Τίνος
1372 868 1426 904 γὰρ
1450 867 1534 900 ὅντως
1560 868 1725 904 συγγνώμης
1743 868 1850 895 δίκαιον

1051 914 1108 945 τοῖς
1126 913 1256 945 τοιούτοις
1273 914 1454 949 μεταδιδόναι,
1477 914 1502 941 οἳ
1527 914 1577 949 τὴν
1602 913 1744 950 βασιλικὴν
1769 913 1850 949 χάριν

1052 957 1207 994 ἐνύϐρισαν,
1223 958 1262 994 μὴ
1276 957 1417 993 δεξάμενοι
1436 957 1487 990 τάς
1512 958 1656 990 ἀποκοπὰς
1674 958 1729 985 τῶν
1746 959 1847 994 χρεῶν.

1053 1003 1121 1039 μηδέ
1134 1005 1373 1040 προσκυνήσαντες
1384 1004 1434 1040 τὴν
1449 1004 1605 1040 ἐλευθερίαν
1623 1005 1671 1032 καὶ
1686 1004 1848 1039 ἀσπασάμε-

1051 1058 1103 1082 νοι,
1127 1051 1347 1086 αὖτεπάγγελτον
1365 1052 1433 1088 πρὸς
1458 1052 1558 1084 αὐτοὺς
1574 1051 1705 1079 ἐλθοῦσαν
1719 1051 1750 1084 ἐξ
1766 1051 1847 1087 οὐρα-

1052 1097 1122 1124 νῶν·
1135 1097 1179 1124 διὰ
1194 1098 1223 1124 δὲ
1237 1098 1286 1132 τῆς
1307 1100 1536 1134 καταφρονήσεως
1552 1099 1598 1126 τοῦ
1613 1098 1712 1135 δώρου,
1734 1099 1782 1125 τὸν
1798 1099 1847 1125 δω-

1054 1144 1208 1179 ρησάμενον
1230 1145 1434 1180 ὰτιμάσαντες;
1459 1145 1556 1181 Ψυχὴν
1573 1145 1725 1181 ἀφώτιστον
1742 1146 1791 1172 καὶ
1814 1147 1846 1180 τῇ

1052 1188 1143 1224 χάριτι
1156 1189 1205 1225 τῆς
1219 1189 1427 1225 παλιγγενεσίας
1445 1191 1482 1226 μὴ
1501 1190 1695 1226 κοσμηθεῖσαν,
1716 1190 1769 1217 οὐκ
1790 1187 1847 1216 οἶδα

1051 1235 1112 1262 οὑδέ
1135 1236 1159 1262 εί
1189 1236 1299 1270 ἄγγελοι
1326 1236 1395 1272 μετὰ
1422 1236 1467 1263 τὸν
1491 1237 1630 1272 χωρισμὸν
1647 1237 1695 1263 τοῦ
1721 1235 1848 1272 σώματος

1053 1281 1238 1317 ὑποδέχονται.
1257 1283 1319 1315 liti);
1337 1283 1392 1319 γάρ
1411 1283 1460 1319 τὴν
1481 1283 1678 1319 άσφράγιστον,
1694 1283 1746 1319 τὴν
1765 1282 1847 1319 μηδὲν

1051 1327 1102 1362 τῆς
1111 1328 1269 1361 δεσποτείας
1280 1329 1415 1364 ἐπίσημον
1429 1329 1564 1365 φέρουσαν
1575 1338 1582 1362 ;
1593 1327 1632 1356 Ἦ
1644 1329 1717 1361 εἰκὸς
1730 1329 1849 1364 ἐμφέρε-

1053 1369 1114 1397 σθαι
1130 1370 1170 1406 τῷ
1183 1371 1244 1407 ἀέρι
1262 1372 1441 1408 πλανωμένην
1457 1373 1504 1400 καὶ
1513 1373 1708 1409 ἀλητεύουσαν,
1723 1374 1772 1401 καὶ
1785 1374 1848 1408 ἀζή-

1051 1423 1143 1451 τητον,
1157 1416 1195 1448 ὡς
1210 1417 1373 1444 ἀδέσποτον·
1398 1418 1583 1454 ἐπιθυμοῦσαν
1604 1419 1788 1451 ἀναπαύσεως
1802 1419 1848 1446 καὶ

1054 1461 1148 1496 μονῆς,
1162 1463 1207 1489 καὶ
1222 1464 1260 1499 μὴ
1276 1464 1456 1500 εὑρίσκουσαν
1473 1464 1638 1500 ὀδυρομένην
1653 1465 1782 1501 ἀνόνητα,
1802 1465 1850 1491 καὶ

207 1515 274 1542 tem,
289 1515 317 1538 et
331 1509 445 1536 minime
460 1509 616 1543 quaesitam,
635 1511 664 1535 ut
681 1515 743 1543 qua:
759 1507 874 1534 Domino
893 1511 998 1539 careat,

1059 1507 1277 1544 ,ιεταμελομένην
1303 1510 1448 1545 άπρακταο
1472 1510 1568 1546 ὁμοίαν
1587 1510 1626 1546 τῷ
1651 1511 1792 1546 πλουσίῳ,
1817 1511 1849 1537 ἰν

204 1560 373 1592 quaerentem
390 1555 510 1590 quietem
526 1559 554 1581 ct
570 1554 660 1581 locum
671 1573 680 1585 ,
699 1553 725 1580 in
743 1561 798 1588 quo
820 1557 930 1580 maneat
942 1572 949 1584 .
970 1557 999 1580 et

206 1610 262 1632 non
278 1601 482 1633 invenientem,
509 1599 612 1628 frustra
637 1599 783 1627 deflentem
808 1603 836 1626 ct
861 1599 998 1626 inutiliter

206 1648 405 1687 pmnitentem,
423 1654 477 1674 non
495 1653 577 1674 secus
595 1650 677 1680 atque
692 1644 805 1672 divitem
823 1645 870 1679 qui
899 1644 996 1672 induc-

1052 1554 1194 1590 πορφύρα,
1218 1556 1265 1582 καὶ
1282 1555 1380 1591 βύσσος
1395 1557 1532 1592 ἡμφίαξεν
1544 1578 1552 1589 ,
1573 1558 1663 1594 τρυφὴ
1679 1558 1708 1584 δὲ
1733 1558 1848 1584 παντοία

1051 1601 1098 1628 καὶ
1114 1601 1264 1634 ἀπόλαυσις
1288 1602 1600 1639 ἀδροδίαιτοςέτρεφεν,
1618 1603 1683 1639 ὓλην
1699 1603 1745 1630 τοῦ
1765 1604 1847 1631 ἀσϐέ-

1050 1654 1114 1673 στου
1128 1656 1164 1674 πυ
1169 1647 1224 1683 ρός.

206 1697 289 1727 batur
303 1703 424 1730 purpura
440 1700 468 1722 et
485 1695 585 1730 bysso,
604 1701 741 1729 quemque
766 1693 858 1721 lautus
875 1697 904 1720 et
923 1694 1062 1723 delicatus
1079 1696 1170 1724 omnis
1187 1698 1299 1732 generis
1332 1698 1413 1726 cibus
1445 1699 1554 1732 alebat,
1586 1699 1732 1727 materiam
1763 1699 1848 1735 ignis,

205 1745 254 1780 uni
271 1751 324 1771 non
341 1746 433 1778 potest
447 1741 586 1777 exstingui
602 1741 634 1768 ".

214 1782 217 1784 i
244 1789 313 1817 Volo
329 1793 418 1817 autem
435 1789 514 1817 vobis
534 1789 618 1816 etiam
642 1795 757 1816 narrare
773 1787 921 1823 quemdam
939 1795 998 1816 ser-

206 1843 317 1867 monem
336 1836 388 1868 viri
414 1835 543 1866 infelicis,
563 1835 610 1870 qui
632 1842 757 1869 magnam
779 1842 855 1869 spem
870 1842 925 1862 non
940 1838 1000 1862 erat

205 1887 363 1915 assecutus,
374 1886 401 1909 et
416 1888 514 1917 aquam
523 1880 661 1916 quzerebat
675 1880 702 1907 in
714 1885 847 1914 tempore,
858 1887 913 1915 quo
928 1887 999 1916 aqua

207 1927 364 1960 deficiebat.
393 1925 486 1961 Nuper
504 1926 596 1958 enim,
621 1924 733 1960 quando
761 1924 926 1961 Scytharum
949 1933 999 1953 no-

207 1972 320 2004 madum
334 1972 457 2000 incursio
473 1971 621 2007 plurimum
644 1970 701 2005 agri
717 1970 799 1997 simul
818 1978 880 1997 cum
894 1970 998 1998 habita-

207 2018 318 2051 toribus
344 2018 459 2054 diripuit
482 2022 506 2044 et
537 2016 654 2047 evertit,
676 2016 702 2043 in
729 2015 780 2043 hac
814 2016 1000 2043 Comanorum

207 2065 319 2096 civitate
347 2064 437 2092 vicina
466 2062 635 2090 suburbanis
662 2061 856 2093 barbarorum,
888 2060 1000 2096 quidam

206 2111 317 2151 juvenis
331 2110 417 2138 nobili
447 2109 508 2136 loco
539 2114 628 2138 natus.
646 2107 765 2135 Archias
779 2108 900 2138 nomine.
918 2114 1000 2142 quem

208 2164 260 2192 ego
276 2156 397 2184 sciebam
409 2155 551 2190 a‘gerrinie
566 2154 638 2181 ferre
653 2157 680 2181 et
711 2153 817 2189 privata
833 2157 860 2180 et
874 2160 1001 2179 commu—

209 2190 256 2235 nia
273 2202 341 2230 mala
371 2202 478 2237 patriae,
504 2208 633 2236 egressus
659 2203 703 2228 est
729 2208 763 2227 ex
778 2200 891 2227 civitate
916 2203 944 2226 et
966 2206 999 2225 ex
1017 2190 1039 2218 θ

209 2249 350 2285 pr:esidio,
369 2253 398 2279 ut
414 2248 558 2283 diligenter
586 2247 790 2281 specularetur,
819 2250 887 2281 quot
909 2248 1000 2276 erant,

210 2297 256 2336 qui
272 2296 377 2331 predas
397 2295 514 2330 agebant
530 2293 654 2326 barbari,
671 2297 699 2321 et
720 2299 845 2327 quamam
863 2294 942 2319 erant
968 2298 1001 2318 ea

210 2350 271 2381 qua:
304 2341 509 2376 contingebant,
529 2344 557 2367 et
581 2347 644 2368 cum
671 2338 814 2367 incidisset
839 2337 867 2364 in
894 2337 1000 2368 hostes,

211 2388 319 2423 sagittis
336 2387 387 2414 fuit
406 2387 553 2422 appetitus.
577 2386 629 2420 Qui
657 2393 719 2413 cum
743 2384 889 2412 cecidisset
914 2388 942 2411 et
966 2383 1000 2410 ad

211 2438 325 2462 mortem
351 2438 521 2470 properaret,
549 2440 631 2468 quam
655 2432 774 2458 maxima
801 2433 909 2465 poterat
933 2436 1002 2456 voce

210 2479 382 2508 exclamabat
400 2479 474 2514 (erat
489 2478 561 2505 ellilll
585 2476 713 2512 baptismi
738 2479 912 2503 sacramento
929 2482 1001 2502 non-

210 2525 275 2556 dum
287 2525 422 2559 initiatus)
434 2534 440 2551 :
450 2524 556 2551 Montes
565 2527 592 2550 et
602 2524 688 2554 silvae.
705 2521 859 2556 baptizate;
875 2520 1000 2552 arbores,

210 2576 238 2601 et
254 2580 345 2610 rupes,
365 2576 392 2601 et
419 2572 519 2602 fontes,
539 2570 601 2601 date
612 2569 744 2605 gratiam!
762 2568 794 2596 Et
818 2568 869 2596 has
886 2568 1003 2596 misera-

210 2617 281 2651 biles
298 2624 380 2644 voces
394 2616 491 2648 edens,
504 2616 588 2642 vitam
606 2614 685 2641 Iiniit.
704 2614 778 2649 Quas
793 2620 856 2640 cum
871 2613 1000 2641 rescivis-

211 2667 253 2690 μοι
270 2663 379 2693 civitas,
393 2670 441 2689 eas
463 2661 550 2696 magis
569 2660 687 2692 deﬂevit,
707 2667 790 2694 qualn
806 2666 902 2687 casum
923 2659 998 2689 belli,

213 2707 282 2736 lluic
294 2708 397 2736 similes
412 2711 475 2735 sunt
498 2707 515 2734 ii
538 2714 658 2743 quoque,
669 2707 716 2741 qui
732 2713 747 2734 ιι
766 2705 869 2734 morbis
886 2709 1000 2741 repente

247 2801 270 2818 ³ο
285 2799 381 2829 Matth.
395 2806 436 2830 ιιι,
448 2798 474 2824 7.
514 2798 535 2814 ³¹
551 2796 623 2826 Psal.
638 2797 737 2829 L\|l,5.

777 2797 798 2813 ³²
813 2796 878 2826 Luc.
894 2804 935 2832 ιιι,
950 2797 977 2825 9.
1017 2796 1039 2812 "
1058 2795 1160 2825 lloan.
1182 2806 1224 2832 ιιι,
1242 2799 1268 2826 5.

1093 1788 1193 1815 Ἑθέλω
1223 1789 1252 1816 δὲ
1278 1790 1343 1825 ὑμῖν
1365 1791 1454 1818 είπεῖν
1481 1800 1542 1818 τινα
1572 1792 1619 1820 καὶ
1645 1792 1725 1828 λόγον
1752 1794 1847 1831 ἀνδρὺς

1052 1834 1157 1866 ἀθλίου,
1173 1836 1355 1871 ἀποτυχόντος
1380 1837 1431 1872 τῆς
1455 1838 1578 1874 μεγάλης
1598 1839 1714 1873 ἐλπίδος,
1735 1842 1782 1868 καὶ
1801 1841 1848 1877 ζη-

1051 1879 1160 1912 τοῦντος
1183 1879 1254 1917 ὓδωρ
1279 1881 1308 1907 ἐν
1332 1881 1438 1918 ἀνύδρῳ
1461 1882 1559 1918 καιριῖι.
1583 1884 1682 1920 Πρώην
1698 1886 1753 1922 γὰρ
1768 1887 1849 1922 ἡνίκα

1052 1926 1070 1961 ἡ
1087 1925 1245 1962 καταδρομὴ
1261 1926 1315 1953 τῶν
1330 1927 1454 1962 νομάδων
1475 1928 1595 1962 Σκυθῶν,
1611 1930 1712 1966 πολλὴν
1729 1933 1779 1959 σὺν
1794 1935 1848 1964 τοῖς

1051 1971 1157 1998 οἰκοῦσι
1176 1971 1268 2007 χώραν
1282 1973 1424 2006 ἠφάνισεν,
1439 1974 1486 2001 ἐπὶ
1499 1975 1548 2009 τῆς
1563 1976 1728 2012 Κομαναίων
1743 1978 1848 2009 πόλεως

1048 2016 1152 2052 ταύτης
1174 2017 1362 2052 ἀστυγείτονος
1385 2019 1420 2046 τά
1444 2021 1593 2055 προάστεια
1621 2021 1675 2048 τῶν
1701 2022 1848 2060 βαρϐάρων

1050 2062 1217 2098 ληϊζομένων
1227 2084 1234 2097 ,
1249 2065 1318 2099 ἀνήρ
1337 2072 1378 2096 τις
1394 2065 1453 2098 νέος
1467 2066 1522 2093 τῶν
1536 2067 1716 2103 εὐπατριδῶν,
1738 2070 1848 2106 ’Λρχὶας

1050 2108 1185 2144 τοῦνομα,
1199 2109 1228 2135 ὃν
1253 2110 1298 2136 καὶ
1318 2110 1399 2142 αὐτὸς
1418 2111 1540 2146 ἀκριϐῶς
1563 2114 1723 2150 ἠπιστάμην
1737 2117 1848 2151 περιαλ-

1051 2155 1109 2189 γεῖν
1125 2156 1181 2187 τοῖς
1197 2164 1227 2182 τε
1244 2156 1319 2188 ἰδίοις
1334 2157 1381 2184 καὶ
1398 2159 1498 2190 κοινοῖς
1520 2159 1571 2194 τῆς
1593 2161 1720 2196 πατρίδος
1743 2164 1847 2194 κακοῖς,

1052 2199 1147 2236 ἐξῆλθε
1165 2201 1215 2236 τῆς
1237 2202 1340 2234 πόλεως
1355 2202 1400 2229 καὶ
1418 2203 1466 2230 τοῦ
1483 2205 1622 2240 φρουρίου,
1637 2206 1675 2238 ὡς
1698 2208 1848 2234 κατοπτεῦ-

1054 2254 1099 2273 σαι
1111 2246 1244 2283 ἀκριϐῶς,
1262 2248 1339 2275 πόσοι
1359 2249 1408 2284 μὲν
1427 2250 1452 2276 ei
1471 2250 1599 2286 ληοῦντες
1621 2253 1767 2289 βάρϐαροι,
1791 2254 1847 2280 τίνα

1052 2292 1081 2320 δὲ
1097 2293 1132 2319 τὰ
1146 2293 1327 2329 ωμεαίνοντα
1344 2295 1418 2331 πάθη
1429 2303 1436 2310 ·
1452 2297 1499 2323 καὶ
1517 2297 1673 2333 περιπεσὼν
1695 2301 1754 2331 τοῖς
1770 2300 1846 2327 190).:—

1054 2338 1126 2374 μίοις
1138 2339 1327 2375 κατετοξεύθη.
1343 2341 1437 2368 Πεσὼν
1452 2342 1481 2369 δὲ
1504 2343 1551 2369 καὶ
1575 2343 1643 2378 πρὸς
1663 2344 1711 2371 τὸν
1736 2346 1847 2372 θάνατον

1053 2383 1239 2418 ἐπειγόμενος,
1254 2384 1292 2416 ὼς
1306 2382 1362 2420 εἶχε
1383 2385 1534 2421 δυνάμεως,
1547 2387 1645 2413 ἀνεδὸα
1666 2389 1729 2423 (καὶ
1747 2389 1803 2423 γὰρ
1817 2387 1849 2424 ἧν

1053 2428 1109 2455 τῶν
1129 2430 1279 2465 ἀμυήτων)·
1294 2431 1363 2467 Ὄρη
1382 2431 1428 2458 καὶ
1447 2432 1542 2462 νάπαι,
1557 2432 1707 2468 βαπτίσατε
1722 2442 1729 2449 ·
1743 2435 1847 2471 δένδρα,

1053 2473 1099 2499 καὶ
1114 2473 1223 2509 πέτραι,
1250 2476 1298 2502 καὶ
1317 2477 1412 2510 πηγαὶ,
1435 2476 1495 2504 δότε
1518 2478 1568 2513 τὴν
1592 2479 1682 2515 χάριν.
1709 2480 1765 2506 Καὶ
1790 2483 1849 2512 τα”ς

1052 2520 1174 2556 οίκτραῖς
1195 2523 1297 2555 φωναῖς
1315 2521 1428 2554 ταύταις
1451 2523 1673 2560 ἐπετελεύτησεν.
1692 2526 1741 2557 ’Λς
1766 2527 1812 2552 καὶ
1832 2527 1847 2559 ἡ

1053 2565 1130 2597 πόλις
1146 2566 1279 2601 μαθοῦσα,
1301 2567 1381 2595 πλέον
1400 2569 1450 2604 τῆς
1473 2571 1616 2606 συμφορᾶς
1638 2571 1688 2606 τῆς
1710 2572 1783 2599 κατά
1804 2573 1847 2598 τὶν

1053 2611 1169 2646 πόλεμον
1183 2612 1381 2648 ἁπεθρήνησεν.
1396 2614 1584 2652 Παραπλήσιοι
1604 2617 1633 2644 δὲ
1648 2617 1738 2653 τούτῳ
1756 2618 1803 2645 καὶ
1823 2618 1845 2644 οἱ

1053 2657 1128 2692 παρᾶ
1150 2657 1205 2684 τῶν
1230 2658 1315 2685 νόσων
1342 2660 1448 2695 ἀθρόως
1472 2661 1638 2697 πιεζόμενοι.
1656 2663 1742 2690 Ὅταν
1763 2663 1844 2699 γάρὸ

1053 2703 1261 2739 χθέςηύγιαίνων
1279 2705 1325 2732 καὶ
1341 2707 1464 2742 μακροὺς
1477 2708 1566 2742 ἐαυτῷ
1586 2709 1649 2741 τοὺς
1670 2709 1784 2746 χρόνους
1801 2710 1843 2744 τῆς

1308 2798 1330 2815 ³⁸
1349 2798 1414 2827 LuC.
1428 2807 1484 2832 ινι,
1504 2799 1549 2828 l9-
