1912 3080
69 118 112 146 ιέὗ
736 114 780 142 DE
796 115 843 142 BA‘

900 116 980 144 SMO.

1611 118 1615 122 ”
1630 125 1684 152 ιςο

70 177 128 212 ζωῆς
140 175 291 210 διαγράφων
307 173 380 208 πάθῃ
395 172 426 199 τὸ
441 172 488 199 τοῦ
501 172 616 199 παλαιοῦ
633 173 840 208 ματαιόφρονος,

897 176 1097 209 opprimuntur.
1115 176 1182 203 Cum
1195 177 1267 204 ettim
1287 177 1322 210 ei,
1340 179 1385 213 qui
1401 179 1458 207 fieri
1475 185 1535 208 erat
1547 189 1643 215 sanus,
1659 188 1686 210 et

70 224 107 250 καὶ
118 221 190 257 λεχθῇ
203 220 270 256 πρὸς
281 220 363 247 αὐτὸν
379 221 411 246 ὲκ
428 219 478 254 τῆς
499 217 691 253 ἀπογνώσεως,
706 220 747 246 ὅτι
760 220 845 255 ταύτῃ

68 271 94 304 τῇ
107 267 204 302 νυκτὶὴ
224 266 298 301 ψυχή
317 274 363 292 σου
384 265 432 292 τοῦ
454 264 580 300 σώματος
601 264 705 298 λύεται,
719 265 780 292 τότε
802 265 846 292 θό-

69 314 135 351 ρυϐος
147 313 190 341 καὶ
205 313 312 348 κραυγὴ
325 320 331 326 ·
350 312 398 339 καὶ
418 312 508 339 πάντα
521 312 550 337 ὲν
567 313 637 347 ῥοπῇ
652 311 748 347 καιροῦ
763 312 846 344 ὀξέως

68 361 178 395 ζητεῖται,
193 359 226 385 τὰ
239 358 336 393 σκεύη,
348 357 380 384 τὸ
392 358 472 393 ὕδωρ,
487 358 501 384 ὁ
514 359 613 394 ίερεὺς,
628 359 643 385 ὸ
661 358 739 392 λόγος
751 359 766 385 ὀ
778 357 846 393 πρὸς

68 408 106 442 τὴν
117 406 189 441 χάριν
202 403 437 440 προευτρεπίζων,
462 404 493 431 ὃν
518 405 628 431 ἀπαιτεῖ
643 405 692 439 μὲν
715 405 731 440 ὴ
755 405 844 440 χρεία,

68 453 186 479 ἐπισκοτεῖ
197 451 225 477 δὲ
241 452 258 487 ὴ
274 451 360 483 νόσος,
379 451 496 487 σφοδρὸν
512 451 559 477 καὶ
577 450 716 478 ἀνένδοτον
730 451 846 486 ἐργαζο-

67 498 123 533 μένη
143 496 172 523 τὸ
194 494 296 532 ἆσθμα.
314 496 370 522 Καὶ
391 497 463 522 ποιεῖ
487 495 533 522 τὸν
560 495 673 531 θόρυϐον
699 495 749 530 τῆς
776 496 846 522 κατὰ

67 544 166 578 πόλεμον
191 541 305 577 συνοχῆς
324 542 374 569 οὐκ
397 541 542 568 ἐλάττοναο
560 541 660 573 πάντες
676 541 706 568 δὲ
729 542 753 568 oi
775 541 846 568 κατὰ

66 590 105 625 τὴν
122 589 204 615 οἰκίαν
231 587 354 624 ἀλλήλοις
380 588 555 619 ἀπαντῶντες
577 588 772 623 ὲκρήγνυνται·
798 589 846 615 καὶ

66 635 168 670 ὠθισμός
189 636 259 666 ἐστι,
281 634 328 662 καὶ
352 633 470 670 ταραχὴ,
495 634 542 660 καὶ
566 633 645 669 θρόος
670 633 774 669 γοώδης
797 634 845 661 καὶ

66 682 164 716 ἄσημος,
178 679 273 716 ὥσπερ
294 679 324 706 ἐν
344 679 514 714 νυκτομαχίᾳ
530 678 654 714 ἀλλήλοις
673 679 845 714 ἐμπλεκομέ-

65 736 117 759 νων,
138 726 248 760 δούλων,
278 725 428 760 συγγενῶν,
456 725 553 760 φίλων,
580 725 636 751 τῶν
660 725 773 755 παίδων,
795 725 845 760 τῆς

65 772 170 808 γαμετῆς
197 772 243 804 Ὠς
259 771 298 798 ἔτι
313 771 402 798 τοίνυν
417 771 512 806 καιρὸς
524 770 647 806 εἰρήνης,
659 770 693 797 τὰ
703 770 764 796 καθ’
780 770 844 796 ἑαν-

64 820 116 850 wh;
127 818 269 854 σωφρόνως
280 817 446 853 διαθώμεθα.
465 817 510 844 Ἑν
525 817 608 852 σχολῇ
623 817 669 843 καὶ
682 817 786 852 γαλήνῃ
796 817 844 843 τοῦ

65 864 112 898 βίου
122 863 230 896 δέξασθε
244 865 295 899 τὴν
304 863 351 890 τοῦ
366 862 484 898 Χριστοῦ
497 862 613 898 δωρεὰν,
625 863 669 889 ὅτε
683 862 729 889 καὶ⁵
744 863 759 888 ὁ
774 862 841 896 λαμ-

64 909 139 936 ϐάνων
153 909 200 945 τὴν
224 909 331 944 ὑψηλὴν
351 910 398 936 καὶ
421 908 586 943 ἀσύγκριτον
607 908 766 943 εὐεργεσίαν
782 907 841 943 μεθ’

63 955 146 991 ἡδονῆς
155 955 194 990 τῷ
206 955 349 991 καταλόγῳ
367 955 422 981 τῶν
441 954 652 990 υἱοθετουμένων
667 953 841 989 συναριθμεῖ-

63 1011 115 1034 ται,
139 1003 184 1029 καὶ
204 1002 233 1029 οἱ
252 1003 384 1038 γνώριμοι
406 1001 505 1033 πάντες
525 1001 575 1036 τὴν
593 1001 698 1028 ἐκείνου
719 1000 787 1036 πρὸς
811 1000 842 1027 τὸ

62 1050 168 1084 κρεῖττον
191 1048 371 1084 μεταποίησιν
394 1048 531 1082 ἐξαίρετον
547 1047 633 1083 χαρὰν
650 1047 696 1074 καὶ
709 1046 840 1082 εὐφροσύ-

62 1103 101 1130 νην
113 1095 258 1122 ποιοῦνται.

95 1229 167 1257 Ἀλλὰ
192 1229 310 1260 δέδοικα,
335 1229 412 1265 φησὶ,
439 1229 470 1256 τὸ
495 1228 544 1264 τῆς
571 1228 677 1263 φύσεως
699 1228 777 1263 ἡμῶν
802 1228 842 1260 είς

60 1276 184 1312 ἁμαρτίαν
197 1275 318 1306 εὔκολον,
334 1275 381 1302 καὶ
391 1274 436 1302 διὰ
450 1274 530 1301 τοῦτο
545 1274 613 1310 πρὸς
633 1273 683 1310 τὴν
698 1274 777 1309 χάριν
793 1274 842 1308 τῆς

59 1322 257 1356 παλιγγενεσίας
284 1321 418 1357 βραδύνω.
442 1321 628 1356 Εὑπρόσωπον
657 1319 707 1355 μέν
731 1329 777 1346 σου
792 1319 843 1354 τῆς

59 1369 145 1400 δειλίας
157 1369 189 1395 τὺ
205 1369 364 1404 πρόσχημα,
380 1367 428 1394 καὶ
446 1367 535 1399 καλῶς
549 1367 647 1393 σαυτὸν
661 1374 841 1401 κατασχημα-

58 1413 130 1446 τίζεις
152 1414 193 1449 τῷ
213 1414 265 1448 τῆς
290 1413 433 1444 εὐλαϐείας
454 1412 608 1447 πλάσματι·
630 1411 699 1438 ἀλλά
715 1420 756 1438 σοι
781 1411 843 1438 σύν-

58 1468 129 1495 τομος
145 1459 281 1495 ἐρώτησις
300 1460 487 1495 προσαχθεῖσα
511 1458 624 1494 ἀρκέσει
645 1459 843 1494 προγυμνῶσαι

56 1505 100 1541 τὴν
108 1506 207 1541 σκηνὴν
215 1506 246 1532 εὑ
251 1505 345 1537 κόλως.
355 1505 432 1532 Ἐπεὶ
441 1505 506 1541 γὰρ,
518 1505 533 1531 ὀ
542 1504 689 1532 δεδοικέναι
699 1504 785 1539 λέγων
793 1505 843 1540 τὴν

58 1551 194 1588 ἐμαρτίαν,
207 1552 413 1588 κατηχούμενος
428 1551 571 1587 ὑπάρχεις,
581 1551 641 1577 τίνα
654 1551 709 1587 ἄρα
721 1551 771 1587 ζῇς
784 1551 841 1585 βίον

56 1598 264 1634 ἀκατηγόρητον,
280 1599 296 1634 ἢ
314 1598 361 1625 τὸν
379 1598 581 1633 ἀναμάρτητον,
599 1597 615 1632 ἢ
635 1597 681 1624 τὴν
704 1598 732 1624 ἒν
753 1598 842 1634 ἁμαρ-

56 1643 119 1676 τίαις
129 1653 135 1677 ;
147 1645 177 1671 Εἰ
196 1644 247 1680 μὲν
261 1644 314 1680 γὰρ
330 1644 374 1671 τὸν
388 1643 591 1680 ἀναμάρτητον,
607 1643 633 1670 τί
647 1643 747 1679 δειλιᾷς
757 1643 787 1669 τὸ
799 1643 843 1678 βά-

56 1698 162 1726 πτισμα,
186 1690 235 1717 καὶ
254 1690 306 1725 πρὸ
323 1690 428 1716 ἐκείνου
448 1689 540 1725 τηρῶν
557 1689 606 1725 τὴν
623 1689 842 1725 νομοθετημένην

56 1737 188 1772 ἀκρίϐειαν
201 1745 210 1770 ;
224 1738 256 1764 Ei
271 1737 299 1764 δέ
313 1745 354 1764 σοι
367 1736 520 1773 ἀκάθαρτος
534 1737 581 1764 καὶ
592 1737 746 1772 ἀφύλακτος
759 1737 774 1772 ή
787 1735 843 1772 ζωὴ

56 1782 186 1818 βραδύνων
202 1784 233 1810 ὲν
252 1782 378 1819 ἁνομίαις
388 1804 395 1816 ,
418 1784 466 1810 καὶ
484 1784 516 1819 τῇ
534 1783 628 1820 μακρᾷ
644 1783 771 1818 συνηθείᾳ
785 1782 844 1814 ’ἐξιν

57 1828 190 1864 κτώμενος
202 1829 250 1855 τοῦ
270 1828 367 1860 κακοῦ,
380 1829 512 1864 πρόδηλον
527 1829 568 1856 ὅτι
581 1830 631 1865 τὴν
650 1830 767 1864 ἐσχάτην
778 1830 844 1856 ἁνα-

56 1874 140 1909 μένεις
159 1875 315 1910 ἀναπνοήν·
329 1875 373 1902 ἴνα
387 1875 425 1909 τῷ
446 1875 614 1910 βαπτίσματι
639 1875 842 1911 παραληφθέντι

55 1921 118 1946 κατὰ
135 1920 184 1955 τὴν
196 1920 356 1948 τελευταίαν
374 1921 449 1957 ὥραν
462 1921 624 1956 συντελεσθῇ
639 1922 655 1957 ἡ
672 1922 741 1957 ζωή.
759 1921 844 1948 Τοῦτο

54 1964 79 1991 δέ
92 1966 147 1992 ἐστι
163 1966 247 2002 καινὴ
263 1967 309 1993 καὶ
324 1966 474 2002 παράδοξος
493 1967 622 2003 ἐμπορία,
636 1968 667 1994 οὐ
683 1967 783 2003 χρυσοῦ
797 1967 844 1994 καὶ

54 2011 170 2047 ἐσθῆτος,
188 2012 261 2039 ἀλλὰ
278 2012 397 2048 πλήθους
410 2013 530 2048 ἀνομιῶν
547 2013 682 2048 καπηλεία
697 2013 843 2049 περίεργος

53 2057 98 2092 τῆς
110 2057 179 2084 κατὰ
197 2058 289 2093 ψυχὴν
311 2058 480 2094 καθάρσεως.
498 2059 553 2086 Καὶ
574 2060 701 2097 καθάπερ
716 2060 742 2086 οἱ
758 2061 843 2096 χοῖροι

53 2104 132 2138 πηλὸν
144 2105 177 2130 ἐκ
194 2104 284 2140 πηλοῦ
301 2104 489 2140 μετέρχονται,
503 2106 549 2132 καὶ
563 2105 609 2132 τὸν
623 2105 754 2142 βόρϐορον
768 2106 844 2141 ἔχου-

53 2158 91 2175 σιν
111 2151 203 2183 αὐτοῖς
231 2151 413 2187 ἐνδιαίτημα·
433 2151 520 2184 οὕτως
540 2152 565 2179 οἱ
584 2154 644 2184 ταῖς
661 2153 844 2188 ἀκαθαρσίαις

900 222 963 247 vita)
987 221 1039 248 sibi
1064 221 1174 256 longum
1197 226 1306 257 tempus
1322 224 1527 258 dimetiebatur,
1554 228 1687 255 acciderit

898 265 924 291 id
943 265 1015 299 quod
1035 266 1072 292 illi
1089 266 1136 300 qni
1160 267 1224 307 olim
1246 275 1315 294 vana
1335 269 1482 304 cogitabat,
1499 277 1525 299 et
1538 272 1564 299 ei
1582 273 1685 301 dictum

900 310 983 338 fuerit
998 319 1031 339 ex
1048 311 1260 347 desperatione:
1285 313 1342 341 liae
1359 320 1437 343 nocte
1456 317 1548 345 anima
1566 322 1612 346 tua
1630 319 1687 346 sol-
1727 346 1734 350 ,

897 358 971 384 vitur
988 365 1003 383 a
1030 365 1147 393 corpore
1165 358 1197 392 ¹³,
1215 363 1279 386 tum:
1296 367 1413 395 magnus
1432 362 1523 390 oritur
1550 364 1685 392 tumultus

896 408 923 430 et
939 403 1060 436 clamor;
1093 408 1120 430 et
1145 405 1238 431 omnia
1267 411 1406 433 nimnento
1435 408 1568 442 temporis
1585 410 1685 437 acriter

896 453 1068 483 quaeruntur.
1091 457 1166 482 vasa,
1183 458 1264 485 aqua,
1285 451 1426 482 sacerdos,
1443 460 1534 480 sermo
1551 455 1597 488 qui
1615 462 1684 489 pra:-

897 497 974 528 parct
990 493 1024 520 ad
1044 494 1172 529 gratiam,
1185 502 1266 529 quem
1292 504 1358 523 usus
1367 497 1477 531 quidem
1494 499 1625 533 postulat,
1639 500 1682 527 in-

897 541 1044 575 terrumpit
1059 545 1150 568 autem
1176 542 1297 574 min-bus,
1310 542 1355 576 qui
1379 543 1469 576 efi‘icit,
1496 548 1525 570 ut
1539 544 1684 573 vehemens

896 590 923 612 et
943 585 1072 621 frequens
1094 587 1130 614 sit
1157 588 1305 621 anhelitus,
1330 592 1358 616 et
1389 588 1453 616 facit
1469 597 1522 617 non
1549 591 1684 618 minorem

896 632 1140 666 perturbationem,
1152 641 1233 668 quam
1248 642 1310 669 qua:
1324 640 1376 666 est,
1393 643 1454 662 eum
1472 640 1549 671 urget
1563 637 1683 671 bellum;

895 686 993 706 Omnes
1011 683 1101 706 autem
1114 679 1161 713 qui
1181 683 1246 707 sunt
1269 680 1354 712 domi,
1372 681 1422 708 sibi
1449 681 1565 709 invicem
1585 690 1685 710 occur-

895 728 989 751 rentes
998 729 1157 759 erumpunt;
1170 729 1267 760 estque
1283 727 1432 760 protrusio,
1449 727 1594 761 tumultus,
1607 736 1684 755 mur-

896 777 1012 804 murque
1026 776 1053 798 et
1067 778 1198 799 susurrus
1226 771 1336 803 ﬂebilis.
1361 777 1388 800 et
1407 773 1529 802 incertus
1552 778 1683 810 tanquam

897 815 923 841 in
938 815 1034 849 proelio
1051 817 1152 847 navali.
1170 824 1202 844 se
1225 817 1341 845 invicem
1365 818 1569 854 implicantibus
1584 822 1683 853 servis.

870 864 880 874 ‘
896 862 1032 896 cognatis,
1047 862 1154 895 amicis,
1172 862 1245 895 filiis,
1262 871 1358 891 uxore.
1373 863 1465 892 Donec
1479 869 1598 901 estergo
1613 871 1684 895 tem-

896 915 946 942 pus
962 908 1047 942 pacis,
1065 908 1091 934 in
1103 909 1160 935 otio
1178 913 1206 936 et
1222 909 1283 937 vitae
1303 911 1502 947 tranquillitate
1512 920 1557 939 res
1572 916 1683 941 nostras

895 960 1103 988 componamus.
1132 954 1255 989 Accipite
1273 955 1374 982 Christi
1400 955 1513 988 donum.
1532 958 1641 993 quando
1659 959 1684 986 is

895 999 942 1033 qui
953 999 1038 1026 altum
1054 1006 1081 1027 et
1095 1000 1309 1035 incnmparabile
1321 1002 1421 1036 accipit
1433 1002 1609 1035 beneﬁcium,
1620 1012 1682 1031 cum

896 1043 1035 1078 voluptate
1061 1044 1179 1072 refertur
1203 1045 1230 1072 in
1251 1053 1396 1072 numerqu
1421 1053 1516 1074 eorum
1542 1048 1587 1082 qui
1618 1048 1685 1076 ado-

896 1093 1008 1123 ptantur
1022 1089 1149 1124 intilios;
1165 1095 1190 1118 et
1202 1098 1297 1118 omnes
1307 1092 1362 1118 noti
1372 1096 1398 1118 et
1415 1091 1573 1126 familiares,
1592 1101 1624 1122 ex
1637 1094 1683 1121 illa

896 1134 1049 1162 mutatione
1064 1135 1092 1162 in
1109 1135 1208 1162 melius
1227 1142 1362 1163 summam
1388 1137 1554 1172 voluptatem
1570 1139 1684 1174 capiunt

895 1184 923 1206 et
935 1179 1066 1207 lzetitiam.

933 1225 987 1253 Sed
1012 1226 1108 1259 timeo,
1129 1227 1235 1262 inquis,
1267 1233 1374 1256 natura:
1402 1233 1504 1257 nostra!
1528 1230 1562 1258 ad
1588 1230 1684 1261 vitium

895 1272 1108 1308 proclivitatem,
1126 1277 1154 1300 et
1167 1273 1228 1301 ideo
1247 1273 1344 1302 differo
1363 1275 1495 1302 accedere
1512 1275 1546 1302 ad
1570 1277 1685 1312 gratiam

897 1320 1124 1355 regenerationis.
1142 1320 1290 1355 Spcciosus
1305 1325 1346 1348 est
1361 1322 1470 1356 quidem
1490 1327 1554 1349 tuus
1570 1328 1686 1358 praetex-

896 1371 941 1393 tns
958 1365 1123 1397 timiditatis,
1141 1370 1168 1393 et
1180 1366 1320 1401 diligentis
1346 1367 1483 1395 cautionis
1507 1370 1625 1402 speciem
1642 1377 1686 1397 rc-

896 1416 939 1439 cte
957 1419 1012 1447 prae
1029 1416 1056 1439 te
1072 1412 1144 1444 fers;
1160 1412 1206 1439 sed
1222 1412 1314 1440 brevis
1326 1412 1375 1440 tibi
1399 1413 1540 1447 proposita
1567 1414 1686 1441 interro-

896 1457 970 1492 gatio
988 1457 1107 1485 sufficiet
1137 1457 1170 1485 ad
1198 1465 1308 1485 scenam
1326 1457 1405 1485 facile
1433 1459 1619 1493 aperiendum.
1638 1459 1686 1487 ilic

895 1504 981 1535 enim,
997 1504 1043 1539 qui
1059 1503 1128 1531 dicis
1145 1508 1171 1531 te
1187 1504 1282 1531 timere
1295 1508 1447 1539 peccatum,
1468 1513 1529 1532 cum
1561 1505 1599 1532 sis
1612 1510 1682 1533 cate:

895 1549 1061 1581 cbumenus,
1078 1557 1224 1584 quemnam
1240 1549 1309 1577 dicis
1323 1550 1414 1577 vivere
1439 1551 1533 1581 vitam,
1556 1552 1582 1578 in
1603 1559 1685 1587 quam

895 1595 969 1622 nulla
995 1595 1069 1622 cadit
1094 1595 1289 1630 reprehensio?
1304 1602 1415 1628 eumne,
1432 1596 1478 1630 qui
1509 1604 1562 1623 non
1581 1603 1685 1631 peccat.

898 1648 932 1668 an
950 1648 1013 1669 cum
1027 1641 1078 1676 .qui
1094 1645 1137 1668 est
1154 1641 1181 1668 in
1196 1641 1336 1676 peccatis?
1349 1641 1376 1668 Si
1392 1642 1464 1669 enim
1476 1649 1550 1675 eum,
1564 1642 1609 1677 qui
1631 1650 1685 1670 non

894 1691 1001 1721 peccat.
1015 1686 1062 1721 qui
1072 1686 1151 1714 tintcs
1163 1686 1339 1720 baptismum,
1349 1694 1410 1713 eum
1418 1686 1501 1714 etiam
1510 1691 1572 1714 ante
1580 1695 1641 1714 eum
1649 1687 1689 1715 di-

895 1732 1009 1769 ligenter
1024 1733 1153 1760 observes
1168 1732 1195 1759 id
1209 1732 1283 1767 quod
1295 1736 1337 1760 est
1353 1733 1411 1768 lege
1424 1733 1625 1761 constitutum?
1638 1733 1688 1762 Sin

895 1783 985 1806 autem
1005 1779 1053 1806 tibi
1068 1782 1111 1806 cst
1127 1779 1181 1805 vita
1209 1778 1350 1806 immunda
1367 1783 1394 1806 et
1423 1779 1525 1806 nullam
1553 1780 1687 1808 adhibens

894 1826 1062 1857 cautionem,
1080 1832 1143 1852 cum
1167 1825 1213 1852 diu
1234 1824 1351 1852 moreris
1378 1825 1405 1852 in
1433 1825 1638 1860 iniquitatibus.
1659 1831 1687 1854 et

894 1872 975 1906 longa
991 1871 1192 1899 consuetudine
1213 1871 1277 1898 mali
1305 1870 1430 1898 habitutn
1444 1871 1597 1905 possideas.
1624 1880 1688 1907 per-

894 1919 1019 1953 spicuutn
1030 1923 1073 1945 est
1087 1917 1160 1951 qttod
1177 1917 1303 1944 ultimum
1319 1921 1463 1951 exspectas
1478 1916 1638 1948 anhelitum.
1657 1922 1688 1944 ut

894 1973 957 1992 cum
972 1964 1107 1999 baptismo
1126 1963 1222 1990 ultima
1246 1962 1314 1989 bora
1331 1967 1462 1997 suscepto
1475 1963 1530 1989 vita
1554 1963 1636 1990 simul
1656 1964 1688 1990 fi-

895 2011 998 2038 niatur.
1016 2010 1074 2037 Hoc
1090 2014 1180 2036 atttetu
1196 2014 1238 2036 est
1251 2016 1320 2036 vana
1331 2013 1359 2035 et
1376 2008 1508 2036 mirabilis
1521 2013 1685 2040 mercatura,

896 2065 949 2084 non
970 2056 1030 2083 auri
1045 2059 1072 2083 et
1086 2057 1214 2088 vestium,
1231 2055 1278 2082 sed
1293 2054 1476 2082 multitudinis
1494 2055 1683 2089 iniquitatium.

895 2107 923 2130 et
938 2109 1142 2138 supervacanea
1161 2108 1192 2128 ac
1209 2101 1319 2128 curiosa
1334 2101 1497 2134 caupotatatio
1511 2101 1606 2128 anima:
1622 2109 1686 2135 pur-

896 2149 1030 2185 gationis;
1047 2152 1075 2175 et
1092 2155 1147 2182 quo
1160 2147 1240 2174 modo
1257 2147 1331 2182 porci
1347 2154 1361 2172 a
1378 2146 1436 2173 luto
1452 2147 1480 2173 in
1494 2146 1580 2173 lutum
1596 2151 1687 2174 trans-

53 2195 183 2228 συζῶντες
202 2197 384 2223 συνάπτουσιν
402 2197 570 2232 ἐπαλλήλους
593 2198 642 2229 τὰς
660 2198 783 2233 ἀνομίας.
806 2199 841 2225 Ἦ

897 2202 969 2229 eunt,
989 2202 1013 2225 et
1032 2197 1058 2224 in
1072 2197 1130 2223 luto
1155 2196 1277 2230 jucunde
1294 2200 1320 2222 et
1343 2195 1466 2223 lubenter
1486 2196 1568 2222 vitam
1583 2202 1686 2231 agunt:

52 2241 101 2276 γὰρ
121 2243 156 2278 τῇ
179 2242 294 2278 πορνείᾳ
318 2243 488 2277 μολύνονται,
509 2243 525 2278 ἢ
543 2244 591 2278 τὴν
606 2243 762 2279 δυσώνυμον
783 2253 843 2279 μοι·

52 2287 121 2320 χείαν
137 2288 331 2323 τεχνάζουσιν,
355 2289 371 2324 ἢ
392 2289 441 2324 τὴν
456 2289 541 2324 μέθην
556 2289 668 2316 ἀσκοῦσι
685 2290 714 2316 τὸ
729 2290 782 2316 τῶν
798 2299 844 2316 τῖο-

52 2334 136 2367 νηρῶν
151 2334 311 2369 ἐπιθυμιῶν
326 2335 502 2370 ὑπέκκαυμα,
519 2336 535 2370 ἢ
552 2335 600 2367 τὰς
615 2335 732 2370 ἀδελφὰς
743 2336 844 2362 τούτων

51 2381 94 2405 καὶ
115 2381 264 2414 συγγενεξ
279 2381 416 2416 ἁμαρτίας
442 2380 639 2416 ἐπιτηδεύουσι.
654 2381 801 2408 Φοϐοὗνται
815 2381 843 2407 δὲ

51 2426 77 2451 τ’)
94 2426 252 2461 βάπτισμα,
271 2426 308 2458 ὼς
323 2427 376 2452 τῶν
395 2427 495 2462 ἡδονῶν
510 2426 634 2462 κώλυμα,
653 2427 699 2454 καὶ
715 2427 768 2454 τῶν
780 2437 843 2463 μια-

51 2471 102 2505 ρῶν
121 2471 303 2499 ἀπολαύσεων
324 2472 438 2508 ἁποχήν.
451 2472 536 2499 Ὅταν
553 2471 600 2500 οὖν
621 2473 695 2507 λέγει
709 2474 724 2499 ὁ
737 2482 844 2509 προφα-

52 2517 191 2552 σιζόμενος
212 2517 365 2554 προφάσεις
387 2519 416 2544 ἐν
445 2519 602 2554 ἁμαρτίαις,
631 2520 672 2546 ὅτι
695 2519 844 2554 Φοϐοῦμαι,

50 2564 183 2599 πράδηλός
198 2565 275 2590 ἐστιν
291 2564 320 2591 οὑ
336 2565 384 2599 τὴν
402 2565 538 2600 ἁμαρτίαν
555 2565 763 2600 εὐλαϐούμενος,
778 2566 845 2592 ἀλλὰ

51 2611 157 2645 μακρὰν
189 2609 268 2645 αὐτῷ
297 2610 422 2642 γενέσθαι
452 2611 628 2646 βουλόμενος,
656 2611 704 2646 τὴν
730 2612 758 2637 ὲν
784 2613 844 2643 ταῖς

50 2656 198 2691 ἁμαρτίαις
221 2656 406 2691 ἀναστροφήν.
425 2657 456 2682 Οἱ
474 2656 502 2683 δὲ
516 2657 617 2692 ταύτην
630 2656 737 2691 ἔχοντες
757 2657 785 2682 ὲν
806 2657 844 2692 τῷ

51 2701 124 2734 βάθει
135 2702 187 2737 τὴν
203 2701 328 2737 πονηρὰν
342 2701 465 2736 γνώμην,
477 2702 584 2733 πρῶτον
602 2702 650 2737 μὲν
667 2702 726 2729 οὐδὲ
739 2702 845 2734 ἀξιοῦν-

49 2756 89 2774 ται
104 2747 155 2782 τῆς
178 2747 309 2783 χάριτος·
326 2747 394 2773 ἀλλὰ
418 2749 477 2779 ταῖς
500 2750 590 2780 κεναῖς
605 2748 710 2774 ἐλπίσιν
733 2749 844 2780 ὲαυτοῦς

82 2836 104 2852 ¹³
116 2836 184 2864 an.
197 2843 251 2864 xu.
267 2834 314 2861 ‘20.

214 2884 351 2912 R’A‘ruot.
379 2881 426 2910 Gtt
462 2882 485 2911 Χ
495 2882 556 2911 Li".

897 2245 934 2272 ita
954 2244 1000 2279 qui
1017 2243 1115 2271 vivunt
1144 2243 1171 2269 in
1199 2242 1386 2274 immunditia,
1402 2242 1507 2268 scelera
1532 2249 1564 2268 ac
1585 2242 1688 2277 flagitia

896 2291 1012 2318 invicem
1041 2290 1222 2325 conjnngunt.
1240 2289 1293 2315 Aut
1305 2289 1378 2316 enitn
1409 2289 1568 2323 pollttuntur
1583 2294 1688 2316 scorta-

895 2337 980 2367 tione,
995 2340 1042 2362 aut
1061 2335 1274 2362 abominandum
1301 2334 1493 2361 inacliinantur
1510 2334 1686 2365 adulterium,

897 2386 944 2408 aut
959 2385 1089 2408 exercent
1115 2381 1287 2410 ebrietatem,
1314 2379 1435 2406 fomitem
1463 2379 1594 2406 malarum
1611 2381 1688 2414 cupi-

896 2428 1024 2461 ditatum,
1047 2432 1094 2454 aut
1120 2427 1163 2454 his
1180 2427 1281 2457 aflinia,
1310 2431 1336 2452 et
1356 2426 1518 2459 cognatione
1541 2426 1688 2460 conjuncta

896 2479 1024 2504 exercent
1039 2478 1160 2510 peccata.
1176 2472 1285 2500 Timent
1302 2476 1392 2498 autem
1407 2472 1582 2506 baptismum,
1598 2476 1626 2498 ut
1641 2472 1686 2506 qui

899 2521 1044 2556 prohibeat
1059 2519 1224 2552 voluptates,
1240 2521 1267 2544 et
1279 2516 1418 2543 abstinere
1442 2516 1525 2543 faciat
1541 2524 1556 2543 a
1576 2515 1689 2543 nefariis

896 2566 1012 2593 deliciis.
1040 2565 1107 2591 Cum
1135 2571 1200 2597 ergo
1232 2562 1348 2594 dixerit,
1376 2562 1422 2596 qui
1448 2561 1546 2595 quaerit
1573 2567 1688 2587 excusa-

897 2612 986 2638 tiones
1002 2611 1028 2637 in
1049 2608 1180 2644 peccatis,
1197 2609 1304 2638 timere,
1317 2607 1492 2641 perspicuum
1506 2609 1548 2633 est
1558 2613 1619 2632 eum
1633 2612 1686 2631 non

898 2657 997 2687 vereri,
1024 2659 1071 2681 aut
1088 2662 1184 2682 cavere
1209 2657 1370 2687 peccatum;
1389 2651 1436 2678 sed
1457 2651 1527 2677 velle
1554 2657 1583 2676 se
1605 2656 1686 2683 quam

898 2700 1051 2728 diutissime
1069 2699 1171 2726 versari
1189 2698 1215 2724 in
1237 2697 1359 2732 flagitiis.
1391 2695 1442 2728 Qui
1472 2699 1563 2722 autem
1581 2695 1607 2721 in
1625 2701 1689 2728 pro-

899 2746 983 2773 fundo
1007 2746 1104 2773 malam
1128 2745 1197 2771 hanc
1221 2743 1322 2770 habent
1346 2747 1473 2775 tuentem,
1496 2741 1612 2776 primum
1628 2739 1687 2774 qui-

1494 2878 1531 2907 Μ
