1912 3080
229 126 280 154 427

866 121 893 148 S.
916 119 1079 148 GREGORH
1107 119 1254 147 NYSSENI

1807 120 1858 147 ἆρὸ

229 182 290 208 dem
309 187 360 208 nec
385 179 500 215 gratiam
517 180 724 213 assequuntur;
748 176 794 204 sed
821 183 890 202 vana
906 183 954 211 spe
969 183 1013 203 se-

1067 174 1311 206 ἀποδουκολοῦντες
1332 174 1472 209 ἀδοκήτως
1494 174 1655 208 ἀπάγονται,
1671 175 1794 210 ἀψοφητὶ
1813 177 1859 204 καὶ

230 224 305 258 ipsos
319 226 472 258 pascentes.
487 226 584 257 praeter
597 222 752 256 opinionem
767 220 940 247 abducuntur
953 221 1015 248 abs-

229 278 283 305 que
293 269 407 304 strepitu
420 272 446 296 et
459 272 580 302 repente,
598 272 726 301 tanquam
745 266 859 293 insidias
891 270 1015 293 struente

231 317 300 347 l’urc,
325 314 496 350 opprimente
518 317 615 340 morte.
647 312 694 339 Sin
722 316 812 339 autem
842 311 913 338 Deus
936 318 1015 338 suam

232 363 323 389 verius
338 360 480 389 cl‘l‘undens
495 359 666 387 clementiam
695 362 721 385 et
746 358 906 388 bonitatem.
924 357 951 384 in
975 357 1016 383 ul-

230 408 298 434 timo
309 407 351 434 die
367 413 440 437 eum,
456 405 502 440 qui
517 405 668 431 delectatur
688 407 813 438 peccato,
827 401 965 437 mysteriis
981 401 1016 428 sit

229 452 370 487 dignatus,
387 458 441 478 non
458 454 499 478 est
511 449 551 477 eis
563 457 595 476 ex
616 448 800 483 negotiatione
815 452 919 474 tantum
934 446 1013 477 lucri,

229 502 364 532 quantum
395 496 564 523 existimant.
588 494 687 521 Putant
717 494 790 520 enim
816 492 958 524 futurum,
986 496 1016 518 ut

229 543 394 577 cisieguum
420 540 512 568 statim
534 539 683 575 aperiatur,
701 538 836 573 accipiant
851 542 941 564 autem
967 536 1017 563 ali-

230 595 311 622 quem
335 588 423 614 locum
440 586 549 621 plenum
567 585 646 612 bouis
667 583 885 614 admirabilibus,
910 587 938 610 et
953 590 1016 610 eos-

230 633 292 660 dem
303 636 478 660 assccuturos
490 639 550 658 esse
562 631 679 658 honores
690 638 757 665 quOs
766 630 844 664 justi.
856 628 912 655 lloc
924 633 1014 655 autem

230 682 273 705 cst
285 678 407 712 quaedam
420 684 483 712 spes
498 676 599 706 inanis.
609 675 676 703 falsa
685 675 814 709 opinione
822 674 1015 709 prmstringens

231 724 326 750 oculos
341 723 447 750 animat.
469 721 547 753 Nam,
566 725 595 748 ut
612 721 678 748 mihi
694 720 810 750 videtur.
828 718 962 746 trifariam
977 718 1016 745 di-

231 769 360 796 viduntur
373 776 417 796 res
431 768 584 801 hominum,
600 767 627 794 in
642 775 672 794 ea
686 773 747 801 quae
760 769 936 800 exspectatur
948 765 1013 796 vita,

231 819 259 841 ut
275 814 383 841 interim
412 814 497 849 magis
516 813 663 849 generatim
690 820 720 838 ea
739 818 888 846 persequar
912 811 1015 845 absque

231 860 476 888 subdivisionibus.
494 860 526 886 Et
555 859 657 893 primus
681 857 791 892 quidem
815 857 868 884 erit
888 855 957 883 ordo
970 864 1014 883 eo-
1031 856 1052 883 B

232 915 291 934 tum
306 907 352 942 qui
369 910 433 933 sunt
451 905 600 932 laudabiles
619 908 646 931 ct
663 903 749 938 justi;
762 903 900 930 secundus
914 905 1016 933 autem.

230 959 326 979 eorum
347 951 392 986 qui
411 958 497 985 neque
513 950 683 977 honorantur
711 955 760 976 nec
773 949 944 983 puniuntur;
962 952 1018 975 tcr-

231 998 287 1024 tius
310 1000 399 1024 autem
425 1003 520 1024 eorum
540 996 586 1030 qui
616 1003 664 1030 pro
680 995 798 1029 peccatis
823 994 890 1022 dant
911 1000 1016 1029 pinnas.

233 1042 283 1070 Ubi
305 1050 371 1077 ergo
385 1050 433 1069 eos
448 1049 581 1076 ponemus
596 1041 642 1075 qui
663 1041 690 1067 in
707 1040 845 1075 exsequiis
855 1045 1019 1075 acceperunt

225 1087 333 1115 .lavacri
350 1087 511 1115 beneﬁcium
525 1087 536 1113 ?
550 1086 619 1113 Num
635 1087 810 1121 perspicuum
828 1091 869 1113 est
885 1085 958 1121 quod
975 1086 1017 1112 in-

225 1138 273 1160 .ter
287 1134 436 1163 secundos.
466 1132 547 1167 idque
560 1140 622 1160 cum
648 1132 736 1164 venia,
761 1136 790 1158 ut
808 1132 864 1159 sint
896 1131 1017 1158 haeredes

232 1186 280 1214 per
294 1179 339 1206 Dei
358 1178 495 1213 propriam
516 1177 719 1212 benignitatem.
741 1176 792 1210 Qui
812 1177 884 1204 enim
909 1185 957 1212 per
970 1184 1016 1204 so-

230 1224 352 1252 eordiam
364 1228 392 1251 et
404 1224 594 1258 negligentiam
616 1223 746 1258 prodidit,
772 1230 832 1258 qua:
849 1228 922 1251 recte
944 1227 971 1250 et
984 1231 1015 1250 cx

230 1268 332 1296 virtute
346 1267 423 1299 ﬁunt,
439 1275 493 1294 non
520 1271 561 1295 est
576 1266 644 1294 liber
659 1276 673 1293 a
686 1274 767 1302 pteua
781 1271 808 1294 ct
820 1267 996 1295 damnatione
1009 1277 1015 1295 :

230 1314 365 1348 siquidem
389 1314 457 1341 velle
485 1314 587 1341 malum
607 1318 649 1341 cst
670 1314 753 1340 afﬁne
776 1314 972 1346 criminationi,
990 1320 1017 1342 et

218 1353 301 1386 bona
315 1359 416 1390 odisse.
432 1364 524 1394 aperte
541 1359 714 1387 insimulatur
737 1360 929 1394 improbitatis.
945 1360 1016 1393 Quid

229 1413 294 1440 ergo
317 1406 408 1439 niagui
433 1405 592 1436 lueraberis,
614 1405 637 1432 si
662 1412 676 1431 a
694 1412 778 1439 regno
801 1405 922 1437 excidas,
942 1406 1017 1433 etab

234 1451 288 1478 illis
304 1451 446 1486 promissis
460 1458 520 1485 quae
544 1458 593 1478 nee
608 1451 703 1478 oculus
723 1452 800 1482 vidit,
817 1459 867 1478 nec
883 1452 959 1479 auris
971 1460 1017 1479 au-

231 1497 318 1523 dirit?
330 1496 387 1524 Non
401 1497 508 1531 punior,
524 1497 621 1531 inquit.
634 1505 722 1532 neque
737 1498 818 1524 timeo
833 1498 937 1531 minas;
949 1499 1014 1525 satis

226 1547 319 1569 autent
345 1543 440 1574 habeo,
467 1543 489 1569 si
517 1550 604 1577 neque
627 1551 708 1577 grave
725 1543 790 1578 quid
808 1544 907 1578 patiar.
926 1552 1014 1579 neque

229 1588 388 1623 praedarum
404 1588 505 1623 aliquid
521 1588 620 1616 iecisse
635 1589 786 1616 renunticr.
808 1589 865 1617 lloc
889 1594 931 1617 est
949 1590 1013 1616 mali

229 1636 302 1662 servi
323 1635 488 1666 institutum,
503 1635 549 1670 qui
565 1635 673 1670 pistrini
687 1639 713 1662 et
728 1636 898 1662 vinculorum
924 1640 951 1663 et
966 1636 1014 1663 ila-

230 1689 341 1713 grorum
364 1682 451 1707 solum
476 1681 568 1707 studet
584 1681 669 1708 vitare
694 1681 849 1715 supplicia:
876 1682 1014 1709 liberalem

230 1732 319 1755 autem
336 1728 449 1762 gloriam
469 1732 496 1755 ct
518 1728 652 1755 honorum
679 1729 851 1763 splendorem
874 1737 907 1756 ne
924 1730 1016 1756 tantil-

231 1773 285 1799 lum
301 1773 410 1807 quidem
425 1773 475 1799 sibi
496 1772 624 1800 vindicat.
647 1773 695 1801 llis
719 1778 761 1801 cst
783 1774 892 1800 illilllit'a
909 1779 936 1801 et
954 1783 1016 1802 cou-

230 1817 313 1843 traria
330 1825 379 1844 vox
393 1817 515 1843 exilliiqu
529 1821 697 1848 sanctorum,
712 1818 758 1852 qui
772 1818 881 1845 fuerunt
897 1818 931 1845 ab
945 1826 1013 1845 aevo.

228 1861 269 1888 illi
283 1862 355 1888 enim
373 1869 469 1889 omnes
486 1869 534 1896 pro
548 1862 647 1890 ﬁducia
664 1863 688 1888 in
708 1862 792 1889 Deum
809 1868 835 1889 et
857 1863 941 1890 lihcra
952 1863 1014 1890 ﬁdei

226 1909 403 1935 confessione
431 1907 552 1942 pericula
584 1908 754 1940 dilexerunt,
786 1912 813 1936 et
840 1909 1015 1944 przebuerunt

229 1961 330 1988 corpus
346 1953 499 1981 volentibus
512 1953 660 1980 secandum
675 1957 701 1981 et
719 1954 793 1981 varie
806 1954 986 1981 occidendum
1006 1963 1013 1982 :

231 2007 279 2025 nec
293 1999 346 2025 ulla
364 2006 392 2026 re
408 2006 506 2033 aspera
523 1998 602 2025 fracti
620 2003 684 2025 sunt
696 2006 728 2025 ac
749 1999 857 2031 molliti,
872 2000 1015 2034 sanguinis

229 2048 256 2070 et
273 2051 361 2070 rerum
378 2044 507 2078 prmclare
532 2048 671 2078 gestarum
690 2044 828 2078 praemium
855 2050 1015 2079 exspectan-

231 2095 282 2119 tes.
299 2089 439 2120 lmnorem,
455 2089 500 2124 qui
517 2094 558 2116 est
574 2090 600 2116 in
626 2097 710 2124 regno
728 2091 871 2119 caelorum.
903 2091 1015 2126 Propter

229 2135 305 2161 illum
322 2134 416 2168 jussus
427 2135 563 2162 Abraham
579 2136 664 2162 lilium
676 2136 862 2168 sacriﬁcavit;
879 2142 905 2165 et
925 2137 1015 2166 Moses

230 2180 362 2207 laboravit
376 2181 402 2207 iu
418 2182 522 2215 asperis
534 2181 633 2209 deserti
654 2177 873 2215 difﬁcultatibus,
900 2189 926 2211 et
944 2185 1015 2211 tilias

228 2226 258 2252 in
274 2226 420 2253 solitudine
435 2226 517 2253 vitam
543 2227 598 2262 egit
624 2236 748 2263 asperant
769 2234 795 2256 ct
811 2234 966 2263 austeram;
988 2235 1016 2257 et

230 2279 324 2298 onmcs
342 2272 480 2306 prophetae
496 2272 620 2300 vixerunt
638 2275 664 2301 in
679 2275 767 2302 ovinis
779 2279 806 2302 et
819 2275 939 2310 caprinis
954 2276 1014 2310 pel-

225 2316 311 2349 libus,
331 2316 421 2343 amicti
436 2321 462 2344 et
481 2318 578 2344 vexati.
595 2318 649 2346 Pro
676 2320 722 2346 illo
747 2320 921 2355 evangelista:
943 2321 1014 2355 passi

228 2368 294 2389 sunt
312 2363 439 2397 stigmata
460 2371 508 2397 pro
525 2364 679 2398 Evangelio,
693 2369 720 2392 et
740 2371 875 2401 martyres
887 2366 1014 2393 decerta-

231 2412 292 2433 llllli.
308 2408 438 2435 adversus
456 2414 590 2436 tormenta
606 2414 798 2445 tyrannorum.
811 2410 843 2437 Ει
857 2411 1014 2445 quicunque

229 2459 270 2479 i'sl
282 2462 342 2480 vere
360 2455 464 2481 ratione
478 2455 620 2488 pneditus,
638 2459 664 2482 et
677 2455 726 2482 Dei
745 2456 845 2490 imago,
863 2460 890 2483 et
911 2456 1015 2483 habens

229 2500 418 2534 i-uguatinnem
438 2508 499 2527 cum
522 2500 555 2528 iis
570 2509 630 2535 quae
647 2506 711 2528 sunt
722 2501 830 2528 excelsa
845 2505 871 2528 et
882 2502 1014 2532 caelestia.

230 2552 262 2569 ne
277 2543 332 2569 ruit
352 2544 461 2578 quidem
489 2553 559 2575 esse,
585 2554 674 2580 neque
690 2547 771 2573 simul
801 2547 930 2574 suscitari
952 2555 1014 2574 cum

228 2588 394 2620 hominibus,
414 2590 459 2624 qui
482 2591 659 2621 reviviscunt.
672 2592 726 2619 nisi
747 2593 782 2619 sit
802 2600 816 2619 a
834 2592 887 2620 Deo
906 2594 1016 2620 laudan-

228 2633 280 2659 dus
297 2638 326 2659 ut
343 2634 429 2661 bonus
445 2643 551 2668 servus,
580 2637 716 2671 aliquibus
743 2638 841 2673 dignus
858 2639 1012 2666 censendus

229 2677 388 2706 honoribus.
411 2679 524 2714 Propter
551 2681 602 2707 hoc
631 2681 784 2709 institutum
801 2682 884 2710 David
905 2692 1013 2718 quoque

228 2723 301 2749 cervi
311 2724 382 2750 sitim
395 2725 493 2759 accipit
506 2726 537 2758 “,
552 2730 579 2752 ut
595 2727 729 2761 ostendat,
741 2733 873 2763 quantum
885 2729 922 2763 sit
932 2737 1010 2756 sumn

264 2810 287 2826 “
312 2810 382 2837 Psal.
408 2811 502 2839 nne.

1069 222 1167 257 ἀθρόον
1191 221 1229 252 ὡς
1252 220 1395 247 ἐπιϐούλου
1423 221 1540 247 κλέπτου
1562 220 1609 247 τοῦ
1633 220 1751 248 θανάτου
1776 231 1859 249 κατα-

1068 267 1262 302 λαμϐάνοντος.
1294 266 1375 292 Ἀλλὰ
1398 267 1444 293 καὶ
1468 267 1619 298 πλεονάσας
1641 268 1656 293 ὁ
1676 266 1743 298 Θεὸς
1759 267 1809 302 τὴν
1821 269 1858 294 ot-

1069 314 1144 340 κείαν
1160 313 1350 348 μακροθυμίαν
1365 314 1412 339 καὶ
1430 312 1596 347 ἀγαθὸτητα,
1609 313 1783 345 καταξιώσας
1806 314 1859 340 τῶν

1070 358 1227 393 μυστηρίων
1243 358 1288 384 τὸν
1304 357 1509 392 φιλαμὰρτητον
1526 358 1572 383 ἐπὶ
1587 358 1636 392 τῆς
1648 358 1767 393 ἐσχάτης
1790 359 1857 393 ἡμέ-

1070 411 1128 438 ρας,
1146 403 1195 429 οὑκ
1209 403 1283 429 ἐστιν
1298 403 1389 434 αὐτοῖς
1403 402 1529 429 τοσοῦτον
1548 404 1597 438 τῆς
1612 403 1806 438 πραγματείας
1829 405 1858 430 τὺ

1068 449 1174 484 κέρδος,
1207 449 1268 475 ὅσον
1295 448 1461 483 νομίζουσιν.
1494 447 1672 484 Οίονταιγὰρ
1700 449 1781 480 εὐθὺς
1809 450 1857 485 μὲν

1070 493 1314 528 ὕπανοιχθήσεσθαι
1335 492 1382 528 τὴν
1402 492 1541 528 βασιλείαν
1556 493 1661 525 αὐτοῖς·
1676 494 1810 528 λήψεσθαι
1829 495 1856 521 δέ

1067 548 1128 565 τινα
1139 539 1226 574 χῶρον
1232 539 1342 573 ἀγαθῶν
1353 539 1473 573 γέμοντα
1485 538 1659 574 θαυμαστῶν.
1672 539 1781 566 καὶτῶν
1793 540 1857 566 ἴσων

1068 584 1267 620 ἀξιωθῆσεσθαι
1286 586 1341 614 τοῖς
1364 584 1478 616 δικαίοις
1504 585 1602 620 τιμῶν.
1630 585 1666 612 Τὸ
1688 586 1717 612 δὲ
1731 587 1798 621 κενή
1816 586 1857 617 et;

1069 630 1142 655 ἐστιν
1154 629 1241 662 ἐλπὶς,
1253 628 1316 664 δόξῃ
1330 628 1421 662 ψευδεῖ
1435 629 1484 664 τὴν
1507 629 1595 664 ψυχὴν
1610 629 1791 664 γοητεύουσα.
1814 631 1857 662 Ὠς

1068 675 1122 710 γὰρ
1138 674 1200 709 ἐμοὶ
1216 674 1351 708 φαίνεται,
1365 675 1446 710 τριχῆ
1460 675 1494 701 τὰ
1515 675 1569 701 τῶν
1587 675 1739 710 ἀνθρώπων
1753 676 1855 712 διαιρε-

1069 720 1180 755 θήσεται
1193 720 1238 746 snt
1252 720 1301 755 τῆς
1316 720 1543 756 προσδοκωμένης
1559 721 1643 756 ζωῆς,
1659 722 1697 753 ὡς
1711 723 1856 756 γενικώτε-

1070 774 1116 801 ρον
1134 766 1203 797 τέως
1224 766 1308 800 χωρὶς
1329 765 1525 801 ὖπομερισμῶν
1546 766 1668 793 διελθεῖν.
1688 767 1742 793 Καὶ
1759 768 1791 793 τὺ
1809 768 1856 802 μὲν

1069 811 1176 847 πρῶτον
1197 808 1267 837 ἐστι’
1281 811 1374 845 τάγμα
1397 811 1451 838 τῶν
1472 811 1622 838 ἐπαινετῶν
1651 813 1697 838 καὶ
1725 813 1854 839 δικαίων·

1066 857 1202 893 δεύτερον,
1216 856 1271 883 τῶν
1285 856 1347 883 οὗτε
1368 857 1542 892 τιμωμένων,
1559 856 1621 884 οὔτε
1646 858 1838 894 κολαζομένων
1848 868 1855 874 ·

1067 903 1157 937 τρίτον
1176 903 1230 929 τῶν
1248 902 1373 929 διδόντων
1393 902 1471 934 δίκας
1485 903 1556 938 ὑπὲρ
1571 899 1608 929 ὧν
1627 903 1854 939 ἐπλημμέλησαν.

1068 947 1122 975 Ποῦ
1150 948 1241 975 τοίνυν
1268 947 1386 983 τάξομεν
1411 948 1475 980 τοὺς
1503 949 1629 983 ἐντάφιον
1651 949 1785 981 λαϐόντας
1809 950 1856 976 τοῦ

1068 994 1179 1029 λουτροῦ
1196 993 1244 1029 τὴν
1271 994 1445 1029 εὐεργεσίαν;
1470 994 1505 1020 ’11
1525 994 1668 1030 πρόδηλον,
1684 995 1722 1027 ὡς
1749 996 1779 1021 ἐν
1800 997 1856 1025 τοῖς

1066 1040 1213 1075 δευτέροις,
1229 1040 1276 1066 καὶ
1294 1040 1372 1066 τοῦτο
1387 1040 1456 1075 μετὰ
1471 1040 1646 1076 συγγνώμης,
1661 1041 1705 1068 ἴνα
1721 1042 1793 1068 κατὰ
1809 1042 1857 1077 τὴν

1067 1085 1168 1112 οἰκείαν
1180 1085 1227 1112 τοῦ
1242 1085 1309 1112 Θεοῦ
1325 1086 1530 1122 φιλανθρωπίαν
1550 1087 1805 1123 κληροδοτήσωμεν.
1829 1088 1857 1114 ’0

1066 1131 1120 1166 γὰρ
1135 1131 1206 1166 δκνῳ
1221 1131 1336 1166 προδοὺς
1350 1132 1383 1157 τὰ
1401 1131 1451 1166 τῆς
1468 1133 1568 1168 ἀρετῆς
1583 1133 1794 1168 κατορθώματα,
1807 1134 1857 1160 οὐκ

1067 1175 1206 1211 ἐλεύθερος
1232 1176 1330 1211 ζημίας
1349 1177 1394 1203 καὶ
1407 1177 1614 1210 καταγνώσεως,
1631 1179 1658 1204 εί
1670 1187 1702 1213 γε
1715 1179 1746 1205 τὸ
1764 1179 1843 1205 ὲθελο

1067 1222 1160 1248 κακεῖν
1171 1221 1224 1248 ὑπὸ
1234 1223 1399 1258 κατηγορίαν
1412 1223 1516 1257 ἄγεται,
1529 1224 1577 1250 καὶ
1592 1224 1621 1250 τὸ
1637 1225 1726 1259 μισεῖν
1738 1225 1773 1252 τὰ
1786 1226 1857 1252 καλά

1066 1267 1198 1302 πρόδηλον
1212 1268 1268 1302 ἔχει
1290 1268 1339 1303 τῆς
1365 1268 1496 1305 πονηρίας
1511 1269 1557 1295 τὸν
1578 1269 1696 1305 ἔλεγχον.
1714 1271 1747 1297 Τί
1764 1271 1856 1297 τοίνυν

1068 1312 1139 1346 μέγα
1155 1312 1294 1347 κερδανεῖς
1317 1313 1369 1345 ἔξω
1384 1313 1490 1339 πίπτων
1505 1314 1553 1347 τῆς
1573 1313 1720 1348 βασιλείας,
1739 1315 1787 1342 καὶ
1802 1316 1856 1341 τῶν

1066 1357 1234 1391 ἐπαγγελιῶν
1254 1358 1376 1388 ἐκείνων,
1393 1358 1425 1390 ἃς
1448 1358 1584 1394 ὀφθαλμὸς
1600 1360 1649 1386 οὐκ
1672 1358 1725 1386 εἶδε
1740 1360 1789 1386 καὶ
1811 1359 1857 1392 οὖς

1065 1403 1114 1429 οὐκ
1129 1403 1259 1438 ᾕκουσεν;
1281 1404 1318 1430 Οὐ
1340 1403 1506 1438 κολάζομαι,
1529 1404 1620 1439 φησὶν,
1637 1404 1696 1431 οὐδὲ
1717 1405 1858 1440 φοϐοῦμαι

1066 1448 1114 1479 τὰς
1134 1448 1263 1480 ἀπειλάς¹
1289 1449 1426 1484 ἀρκοῦμαι
1442 1449 1470 1475 δὲ
1488 1449 1525 1484 τῷ
1540 1450 1577 1484 μὴ
1597 1450 1692 1476 ¹παθεῖν
1710 1459 1735 1476 τι
1755 1450 1857 1483 δεινὸν,

1068 1494 1134 1529 μήτε
1149 1494 1186 1525 ὡς
1201 1493 1375 1529 κατορθώσας
1389 1503 1416 1520 τι
1429 1497 1550 1529 γενναῖον
1567 1495 1772 1531 ἀποδειχθῆναι.
1796 1497 1859 1523 Ἀν-

1066 1538 1198 1574 δραπόὸου
1214 1540 1331 1575 πονηροῦ
1349 1541 1364 1575 ἡ
1389 1540 1556 1576 προαίρεσις-
1574 1541 1695 1576 μύλωνος
1712 1542 1789 1574 ἀξίου
1811 1544 1858 1570 καὶ

1065 1585 1164 1620 δεσμοῦ
1184 1586 1231 1612 καὶ
1254 1587 1403 1621 μαστίγων,
1426 1587 1535 1613 ἐκδῦναι
1560 1588 1638 1622 μόνον
1654 1588 1702 1620 τὰς
1718 1590 1858 1625 τιμωρίας

1066 1630 1275 1662 σπουδάζοντος·
1299 1631 1451 1667 ἐλευθερίου
1476 1632 1503 1658 δὲ
1519 1633 1597 1668 δόξης
1612 1634 1658 1660 καὶ
1672 1634 1726 1661 τῶν
1741 1636 1773 1661 ὲκ
1787 1635 1858 1670 λαμ⁸

1066 1676 1198 1711 πρᾶτητος
1219 1677 1316 1712 τιμῶν,
1329 1678 1388 1704 οὐδὲ
1411 1678 1480 1704 κατὰ.
1502 1679 1599 1713 μικρὸν
1619 1680 1858 1714 ἀντιποιουμένου.

1072 1722 1171 1757 Ἑχθρὰ
1190 1723 1298 1748 πάντων
1320 1723 1387 1758 αὑτὴ
1404 1724 1457 1749 τῶν
1473 1723 1558 1757 ἁγίων
1573 1725 1658 1759 φωνὴ,
1674 1725 1786 1752 ἐναντία
1802 1727 1858 1752 τῶν

1065 1768 1113 1794 ἀπ’
1126 1767 1224 1799 αἰῶνος
1246 1768 1336 1794 ὁσίων.
1353 1768 1465 1795 Ἐκεῖνοι
1489 1768 1544 1803 γὰρ
1568 1770 1685 1801 ἅπαντες
1705 1771 1769 1801 τοὺς
1786 1771 1858 1806 ὑπὲρ

1066 1815 1221 1850 παρρησίας
1242 1815 1381 1846 κινδύνους
1398 1815 1556 1850 ἠγάπησαν,
1577 1816 1623 1841 καὶ
1645 1817 1778 1852 παρεῖχον
1801 1819 1858 1848 τοῖς

1066 1861 1235 1896 βουλομένοις
1248 1861 1355 1896 τέμνειν
1371 1862 1417 1888 καὶ
1431 1861 1552 1894 φονεύειν
1566 1862 1695 1894 ποικίλως
1713 1863 1743 1889 τὸ
1763 1864 1857 1899 σῶμα,

1066 1908 1113 1934 καὶ
1133 1908 1200 1943 πρὸς
1224 1909 1319 1935 οὐδένα
1341 1908 1490 1935 ὠδινόντων
1510 1908 1733 1944 ἐμαλακίσθησαν
1761 1908 1858 1943 ἆθλον,

1065 1953 1110 1980 τοῦ
1134 1955 1249 1989 αἵματος
1272 1955 1319 1980 καὶ
1339 1954 1393 1981 τῶν
1418 1954 1683 1989 ἀνδραγαθημάτων,
1705 1955 1754 1990 τὴν
1777 1956 1807 1982 ὲν
1825 1958 1858 1991 τῇ

1067 1999 1190 2035 βασιλείᾳ
1219 2000 1273 2026 τῶν
1303 2000 1424 2035 οὐρανῶν
1455 2000 1658 2035 προσδοκῶντες
1691 2001 1786 2036 τιμήν.
1819 2003 1858 2027 Δι’

1066 2046 1175 2071 ἐκείνων
1202 2045 1325 2081 ’Λερσιὰμ
1345 2045 1392 2071 τὸν
1417 2045 1474 2071 υἱὸν
1491 2045 1670 2081 προσταχθεὶς
1695 2047 1790 2073 ἕθυσε“
1810 2049 1858 2074 καὶ

1066 2091 1186 2125 Μωῡσῆς
1211 2091 1350 2126 ὲνεμόχθει
1380 2093 1436 2123 τοῖς
1459 2092 1554 2123 δεινοῖς
1579 2094 1627 2127 τῆς
1654 2093 1779 2128 ὲρήμου’
1811 2095 1858 2121 καὶ

1073 2136 1164 2166 Ἠλίας
1176 2136 1220 2162 τὸν
1241 2136 1344 2171 ἔρημον
1367 2137 1414 2172 ἔζη
1441 2137 1497 2172 βίον
1517 2137 1563 2163 καὶ
1588 2137 1794 2173 ἀθεράπευτον
1811 2140 1858 2166 καὶ

1032 2201 1054 2231 D
1068 2180 1167 2212 πάντες
1191 2181 1327 2215 προεξῆται
1348 2181 1438 2217 διῆγον
1463 2182 1492 2208 ὲν
1518 2182 1673 2216 μηλωταῖς,
1691 2183 1720 2209 ἐν
1741 2184 1856 2217 αἰγείοις

1067 2226 1206 2262 δέρμασιν,
1219 2227 1381 2262 θλιῖῖόμενοι,
1399 2228 1621 2262 κακουχούμενοι.
1645 2228 1731 2265 Ὑπὲρ
1746 2230 1858 2264 ἐκείνης

1066 2271 1257 2305 εὐαγγελισταὶ
1275 2271 1310 2297 τὰ
1330 2272 1398 2306 ὑπὲρ
1415 2271 1461 2298 τοῦ
1478 2272 1642 2306 Εὑαγγελίου
1666 2273 1787 2308 ἔπασχον
1800 2275 1857 2300 στί-

1065 2326 1173 2352 γματα,
1192 2317 1240 2343 καὶ
1262 2317 1400 2352 μάρτυρες
1421 2318 1479 2348 ταῖς
1493 2317 1619 2344 κολάσεσι
1635 2320 1694 2351 ταῖς
1711 2319 1788 2354 παρὰ
1801 2321 1857 2346 τῶν

1064 2363 1205 2397 τυράννων
1228 2363 1436 2398 ἐνηγωνίσαντο,
1449 2363 1495 2388 καὶ
1515 2364 1579 2395 πᾶς,
1594 2363 1671 2395 εἴτις
1684 2365 1795 2400 ἀληθῶς
1811 2366 1857 2392 λο-

1065 2407 1142 2441 γικὸς
1157 2407 1203 2433 καὶ
1213 2407 1294 2433 εἰκὼν
1310 2407 1357 2433 τοῦ
1368 2406 1435 2433 Θεοῦ
1445 2427 1452 2439 ,
1468 2407 1514 2434 καὶ
1528 2408 1687 2442 συγγένειαν
1703 2410 1773 2445 ἔχων
1788 2412 1856 2446 πρὸς

1065 2452 1098 2479 τὰ
1114 2452 1202 2487 ὑψηλὰ
1216 2452 1262 2478 καὶ
1277 2452 1404 2487 οὐράνια,
1418 2452 1478 2478 οὐδὲ
1491 2450 1561 2479 εἶναι
1578 2453 1701 2487 βούλεται
1716 2456 1776 2482 οὐδὲ
1791 2464 1855 2483 συν-

1065 2497 1209 2532 εγερθῆναι
1233 2499 1289 2529 τοῖς
1311 2497 1537 2532 ἀναϐιωσομένοις
1564 2499 1735 2534 ἀνθρὼποις’
1767 2502 1792 2527 εί
1818 2503 1857 2537 μὴ

1066 2543 1155 2578 μέλλοι
1179 2543 1348 2569 ἐπαινεῖσθαι
1365 2542 1440 2577 παρὰ
1459 2542 1504 2569 τοῦ
1520 2544 1586 2570 Θεοῦ
1609 2545 1646 2576 ὡς
1667 2546 1770 2579 ἀγαθὸς
1795 2547 1857 2573 δοῦ-

1065 2589 1119 2621 λος,
1142 2589 1188 2615 καί
1212 2597 1291 2615 τινων
1316 2587 1454 2621 ἀξιοῦσθαι
1479 2589 1578 2622 γερῶν.
1614 2590 1675 2616 Ἐπὶ
1706 2591 1792 2627 ταύτῃ
1822 2593 1855 2626 τῇ

1067 2634 1223 2670 προαιρέσει
1239 2634 1286 2660 καὶ
1302 2635 1316 2659 ὁ
1329 2633 1410 2659 Δαϐὶδ
1422 2633 1470 2667 τῆς
1483 2633 1582 2667 ἐλάφου
1597 2635 1645 2670 τὴν
1661 2636 1741 2670 δίψαν
1755 2638 1856 2663 οἰκεῖον

1067 2681 1217 2715 ὑπόδειγμα
1229 2681 1344 2705 ποιεῖται
1356 2679 1403 2713 τῆς
1417 2679 1513 2705 ἑαυτοῦ
1529 2680 1597 2715 πρὸς
1610 2681 1676 2707 θεον
1688 2683 1838 2717 ἐπιθυμίας
1848 2692 1854 2698 ι

1067 2727 1113 2754 καὶ
1131 2726 1193 2752 ἰδεῖν
1218 2725 1325 2761 εὓχεται
1346 2725 1375 2750 τὺ
1397 2724 1541 2763 πρόσωπον
1569 2726 1615 2752 τοῦ
1629 2726 1707 2760 Θεοῦ,
1728 2728 1770 2754 ἵνα
1789 2730 1856 2759 ,ταῖς
