1912 3080
183 135 238 163 MSS

804 121 832 149 S.
849 122 868 148 ti
875 117 1013 148 ltECOllll
1031 116 1177 145 NYSSENI

1763 110 1817 137 Hi6

185 195 234 225 tia,
255 191 320 218 illud
344 189 477 217 indictum
500 189 554 218 est,
587 189 617 212 ut
639 192 654 211 a
675 184 746 210 cibis
773 183 972 210 abstineamus.

1042 177 1215 215 ερατεύσασθε
1231 176 1285 203 ἀπὸ
1296 175 1344 210 τῆς
1357 174 1411 202 τῶν
1423 173 1570 209 ἀλλοτρίων
1585 172 1742 206 ἐπιθυμίαςθ
1755 170 1820 197 ἀπόι

184 239 336 273 Quodcum
352 239 388 264 ita
407 236 454 268 sit,
474 242 488 261 a
509 233 612 260 malitia
627 231 761 266 jejunate,
785 229 912 256 cohibete
935 236 977 255 re-

187 295 247 314 rum
272 286 423 312 alienarum
449 280 643 315 cupiditatem,
676 285 691 303 a
720 275 792 311 turpi
817 279 844 302 et
874 273 978 308 iujusto

188 335 292 366 quatstu
303 329 380 357 vobis
395 330 554 360 temperate.
570 323 719 350 Avaritiam
734 321 895 348 Hammona:
907 317 978 344 fame

189 363 346 404 interﬁcite.
371 372 443 399 Nihil
466 369 539 397 domi
567 367 739 395 reconditmn
768 365 876 395 habete,
906 363 977 398 quod

190 424 226 450 sit
240 429 287 456 per
302 420 355 447 vim
372 424 398 446 et
411 416 522 451 rapinas
532 416 732 448 comparatum.
748 410 818 443 Quid
830 410 902 436 enim
916 415 980 443 pro-

188 454 261 494 derit
273 474 320 493 ore
338 471 447 491 rm-uem
476 469 529 488 non
560 460 705 494 attingere,
737 457 760 484 si
788 454 979 482 maledicentia

192 514 304 541 fratrum
324 509 447 538 laceras?
465 508 594 540 Qutenam
612 505 663 532 erit
679 504 794 533 utilitas,
810 501 844 534 si,
860 501 923 528 dum
935 504 981 526 tua

193 566 247 585 non
270 555 401 586 comedis,
432 560 493 587 qua:
521 550 650 586 pauperis
681 553 755 579 sunt,
774 555 823 582 per
852 545 980 580 injuriam

193 599 380 637 subripueris?
392 599 458 632 Qua:
469 604 552 633 porro
564 596 649 631 pictas
665 594 727 626 ista,
740 593 763 620 si
775 599 873 627 aquam
888 591 982 617 bibens

195 655 286 677 struas
303 647 438 678 fraudem,
452 651 572 672 consuas
586 642 676 672 dolos,
699 644 727 667 et
750 647 782 666 ex
811 637 984 672 improbitate

195 695 355 729 sanguinem
370 691 466 719 sitias?
479 689 571 721 Quid?
592 687 687 714 Nonne
703 685 788 713 Jlulas
814 684 896 711 etiam
921 689 982 709 eunt

196 727 322 768 undecim
336 735 499 771 ieiunabat?
515 740 633 760 attamen
657 733 721 766 quia
746 737 837 757 mores
864 727 984 754 avariti:e

195 786 302 813 deditos
320 792 373 810 llOIl
394 780 551 810 refrenavit.
574 778 641 805 nihil
660 777 692 803 ad
709 776 825 803 salutem
850 773 888 800 illi
911 772 984 806 jeju-

197 833 273 859 nium
296 829 405 865 proluit.
425 826 514 860 Quid?
538 824 611 859 quod
627 822 754 850 diabolus
777 828 840 847 cum
872 819 985 854 spiritus

1029 226 1124 261 σχεσθε
1147 224 1259 260 κέρδους
1284 223 1388 249 diluo-3'
1401 221 1612 256 λιμοκτονὴσατε
1633 218 1680 245 τοῦ
1693 216 1821 252 Μαμωνᾶ

1027 272 1076 305 τὴν
1091 269 1283 305 φιλαργυρίαν·
1305 267 1387 302 μηδὲν
1406 267 1453 293 ἐπὶ
1467 266 1514 300 τῆς
1529 264 1616 295 οἰκίας
1633 263 1703 289 ἕστω
1721 262 1819 295 κειμή-

1028 318 1094 349 λιον,
1105 318 1138 343 ἐκ
1153 316 1210 350 βίας
1224 315 1271 341 καὶ
1285 313 1423 349 ἁρπαγῆς.
1444 312 1476 337 Τί
1494 311 1548 345 γὰρ
1563 309 1668 344 ὃςελος,
1687 308 1720 334 ἂν
1735 307 1821 342 κρέας

1031 363 1068 398 μὴ
1079 361 1266 398 προσενέγκῃς
1276 360 1314 395 ’ιῷ
1328 359 1451 394 στόματι,
1461 357 1507 384 καὶ
1522 356 1621 391 δάκνῃς
1636 356 1670 390 τῇ
1680 354 1765 388 κακίᾳ
1777 353 1822 378 τὸν

1029 408 1142 442 ἀδελφόν
1155 417 1162 442 ;
1180 408 1216 434 Ἢ
1230 407 1271 438 τίς
1290 406 1383 440 δνησις
1398 405 1429 431 ἂν
1444 403 1478 429 τὰ
1492 403 1525 430 σὰ
1546 402 1583 437 μὴ
1599 401 1699 437 φάγῃς.
1717 400 1765 426 καὶ
1775 399 1822 424 λὰ-

1030 454 1081 489 6ῃς
1094 454 1128 480 τὰ
1140 452 1185 479 τοῦ
1201 453 1316 487 πένητος
1328 451 1443 482 ἁδίκωςς
1456 450 1503 480 Τίς
1520 448 1548 474 δέ
1563 448 1632 481 αὓτη
1644 446 1779 474 εὐσέὸεια.
1790 444 1822 470 ἂν

1031 500 1103 535 ὓδωρ
1138 499 1233 529 πίνων,
1252 497 1341 533 paen;
1364 496 1449 527 δόλον,
1468 495 1515 521 καὶ
1533 494 1648 529 αἵματος
1663 493 1779 527 meum
1792 493 1823 517 ὲκ

1032 545 1184 581 πονηρίαςς
1202 544 1362 579 Ἐνήστευσε
1385 542 1494 572 πάντως
1517 541 1585 576 μετὰ
1601 539 1656 565 τῶν
1669 539 1765 565 ἕνδεκα
1778 538 1824 564 καὶ

1040 592 1140 623 Ἰούδας
1157 599 1163 605 “
1178 590 1247 617 ἀλλὰ
1273 589 1319 616 τὸν
1344 589 1509 624 φιλάργυρον
1524 587 1561 622 μὴ
1575 586 1699 621 δαμάσας
1713 585 1823 619 τρόπον,

1033 638 1109 665 οὐδὲν
1130 638 1169 669 εἰς
1194 635 1331 671 σωτηρίαν
1346 634 1474 670 ὠφελήθη
1489 633 1563 667 παρὰ
1576 632 1625 667 τῆς
1637 631 1756 662 ἀσιτίας.
1772 630 1825 656 Καὶ

1033 685 1050 710 ὁ
1063 683 1185 715 διάὸολος
1213 683 1263 709 οὐκ
1278 681 1373 708 ἐσθίει·
1388 680 1496 715 πνεῦμα
1507 680 1561 714 γάρ
1578 680 1651 705 ἐστιν
1666 677 1823 712 ἀσώματον·

1034 730 1103 757 ἀλλὰ
1125 729 1170 756 διὰ
1190 729 1291 755 κακίαν
1315 728 1363 754 τοῦ
1386 727 1468 761 ὕψους
1481 726 1626 752 ἀπέπεσεν.
1647 723 1765 759 Ὁμοίως
1780 722 1826 749 καὶ

1034 777 1089 803 τῶν
1101 776 1235 811 δαιμόνων
1263 775 1389 804 ἕκαστος,
1406 772 1468 800 οὗτε
1481 772 1533 806 ὄψα
1551 770 1748 806 προσφέρεται,
1765 768 1826 794 οὔτε

1037 820 1212 852 πολυποσίας,
1228 820 1245 855 ἢ
1262 820 1345 855 μέθης
1356 818 1462 853 δέχεται
1474 817 1664 852 κατηγόρημα.
1680 815 1764 846 Φύσις
1775 814 1827 849 γὰρ

196 879 233 906 sit
248 876 372 912 corporis
385 881 492 908 expers.
509 872 576 899 nihil
591 876 710 904 unquam
728 867 784 895 edit
808 867 931 898 omnino,
957 868 984 891 et

1042 867 1135 899 Minoi);
1168 866 1219 901 τῆς
1245 865 1300 891 τῶν
1329 864 1480 900 βρωμάτιον
1514 862 1656 898 μετουσίας
1685 860 1827 896 ἐχώρισεν.

196 928 286 950 tamen
298 910 413 955 propter
426 917 626 951 improbitatem
650 922 666 942 ο
683 912 792 941 sublimi
821 912 868 938 illo
887 910 984 938 occidit

197 967 338 1003 dignitatis
353 964 448 1000 gradu.
463 963 619 996 Eademque
638 960 744 988 ratione
766 958 859 985 nullus
883 958 982 984 ιιωιιιον

197 1022 263 1042 num
283 1016 335 1041 est.
349 1012 406 1045 qui,
425 1009 495 1044 quod
511 1012 557 1034 aut
571 1015 600 1035 se
616 1006 739 1034 obsoniis
757 1003 914 1038 ingurgitet,
938 1005 986 1039 aut

198 1060 342 1087 immodice
370 1057 454 1089 bibat,
472 1056 632 1083 cbriosusre
659 1053 706 1084 sit,
731 1050 856 1078 accusari
884 1050 984 1084 possit.

198 1104 300 1131 Natura
325 1103 397 1130 enim
419 1109 435 1129 a
464 1100 573 1128 bibendi
591 1098 743 1133 edendique
775 1100 938 1125 necessrtate
954 1096 986 1122 li-

199 1150 257 1178 beri
273 1152 348 1177 sunt.
361 1143 455 1178 Mtte
471 1151 562 1174 tamen
588 1145 691 1173 idcirco
705 1144 746 1171 vel
771 1144 826 1175 die.
842 1143 884 1171 vel
906 1146 987 1169 nocte

199 1202 317 1231 peraera
324 1189 454 1226 oberrant
461 1199 581 1227 unquam
591 1194 710 1222 cessant,
722 1189 885 1225 ﬂagitiorum
894 1193 988 1216 aucto-

1044 913 1113 940 Ἀλλ’
1130 913 1205 948 ὅμως
1219 912 1266 939 καὶ
1288 911 1397 946 νύκτωρ
1415 911 1461 937 καὶ
1479 909 1537 944 μεθ’
1555 908 1669 944 ἡμέραν,
1683 905 1829 942 ἐμπλανω-

1040 968 1115 995 μενοι
1138 959 1176 993 τῷ
1206 958 1278 993 ἁὲρι,
1296 957 1393 988 κακίας
1410 957 1463 982 εἰσὶ
1480 955 1589 989 ποιηταὶ
1616 954 1662 980 καὶ
1683 952 1829 988 ὑπηρέται,

1038 1006 1084 1032 καὶ
1098 1005 1148 1036 τὰς
1164 1004 1224 1039 μεθ’
1241 1003 1320 1038 ἡμῶν
1340 1001 1486 1033 ἐπιϐουλὰς
1511 999 1649 1036 ἐνεργοῦσι
1666 998 1829 1029 σπουδαίοις.

1038 1050 1130 1085 Φθόνῳ
1142 1050 1172 1077 δὲ
1184 1049 1230 1076 καὶ
1240 1048 1374 1084 βασκανίᾳ
1387 1049 1524 1083 τήκονται.
1534 1046 1604 1073 ﬁmi.
1618 1044 1728 1079 φεύγειν
1739 1043 1830 1075 καλὸν,

1040 1097 1064 1123 εἱ
1084 1096 1226 1131 μέλλοιμεν
1253 1095 1391 1130 ἄνθρωποι
1419 1094 1489 1129 πρὸς
1509 1092 1575 1118 Θεὸν
1596 1090 1735 1125 συγγενῶς
1750 1091 1831 1125 ἔχειν,

1041 1142 1153 1169 ἐκείνων
1184 1142 1355 1168 ἐκπεσόντων
1379 1140 1430 1174 τῆς
1459 1139 1527 1174 πρὸς
1552 1138 1583 1164 τὸ
1607 1137 1709 1172 ἀγαθὸν
1733 1137 1832 1163 οἰκειὸ-

1041 1196 1133 1223 τητος.

200 1249 246 1270 res
259 1239 429 1277 eun'mistri.
447 1237 531 1266 Nobis
544 1242 635 1264 autem
652 1237 726 1264 omni
741 1236 832 1263 studio
861 1236 1010 1263 moliuntur
1023 1234 1151 1262 insidias.
1183 1234 1290 1269 Quippe
1324 1234 1408 1260 livore
1442 1232 1596 1267 liqueﬁunt,
1629 1236 1656 1259 et
1689 1231 1834 1258 tabescunt

200 1286 314 1318 invidia,
331 1286 402 1321 quod
419 1285 452 1312 ad
474 1293 534 1312 eam
552 1292 601 1312 nos
617 1284 741 1311 houiinus
757 1283 970 1311 necessitudinis
986 1282 1210 1317 eonjunctionem
1235 1289 1298 1309 cum
1317 1281 1377 1316 ipso
1408 1280 1473 1313 Deo,
1501 1283 1529 1308 et
1557 1280 1697 1307 felicitatis
1723 1285 1836 1314 posses-

201 1335 316 1365 sionem.
330 1342 345 1361 e
358 1340 411 1368 qua
426 1333 477 1367 ipsi
494 1331 593 1366 dejecti
614 1334 689 1362 sunt,
706 1330 793 1357 simus
820 1329 986 1365 pervcnturi.

237 1379 365 1408 Honestis
394 1379 476 1414 igitur
508 1385 540 1404 ac
571 1377 652 1404 bonis
689 1376 812 1403 moribus
839 1376 993 1403 instruatur

200 1428 421 1455 Christianorum
434 1424 499 1451 vita.
512 1424 613 1451 Eorum
635 1422 720 1449 animi
737 1421 876 1449 declinent
900 1426 927 1449 et
955 1421 994 1447 lu-

201 1475 278 1510 giant
292 1472 402 1500 malitia:
421 1470 625 1498 detrimentum.
651 1467 719 1495 Nam
736 1468 760 1495 si
784 1468 848 1495 vino
865 1472 892 1495 et
909 1475 993 1495 carne

201 1521 396 1554 temperantes,
411 1515 560 1544 obstrictos
576 1514 651 1541 vitiis
673 1514 780 1541 animos
801 1513 992 1545 habuerimus,

202 1566 271 1595 nihil
294 1564 443 1600 quidquam
471 1562 562 1594 nobis,
588 1568 649 1588 ctuu
677 1560 757 1587 aliter
786 1560 878 1587 animo
906 1567 1023 1600 quamn

202 1613 374 1640 extrinsecus
387 1608 475 1637 allecti
502 1608 600 1638 simus.
617 1611 664 1634 aut
693 1613 804 1640 aquam,
832 1611 879 1633 aut
904 1606 991 1635 olera,

203 1662 252 1686 aut
267 1664 375 1684 mensas
391 1655 452 1683 sine
464 1653 598 1688 sanguine
622 1657 744 1680 structas
761 1651 903 1687 profutura
929 1659 995 1686 pra:-

203 1704 267 1730 dico
289 1706 371 1736 atque
395 1698 538 1727 testiﬁcor.
569 1697 683 1732 Propter
709 1697 871 1724 munditiam
897 1696 995 1722 anima:

204 1755 269 1777 sunt
289 1749 390 1775 indicta
411 1746 526 1781 jejunia.
551 1744 617 1777 Qua:
630 1745 651 1771 si
670 1748 728 1770 tmn
755 1744 906 1774 voluntate,
935 1746 993 1768 tum

205 1796 287 1823 factis
301 1793 524 1827 coinquinantur,
555 1790 619 1825 quid
638 1791 752 1821 frustra,
767 1796 849 1823 quam
861 1788 993 1818 bibimus,

205 1848 304 1876 aquam
321 1837 505 1866 iusumimus?
523 1837 577 1863 Cur
594 1836 690 1870 ingens
707 1835 757 1862 huc
775 1841 896 1863 caenum.
921 1833 994 1867 quod

206 1888 261 1914 elui
271 1895 300 1913 ex
307 1877 471 1921 purgarique
480 1891 533 1909 non
543 1885 641 1917 potest,
650 1880 804 1908 excolitur?
813 1879 881 1912 Quid
889 1878 995 1905 mttlert

205 1932 339 1967 jejunium
360 1928 493 1963 corporis,
508 1927 561 1954 nisi
579 1934 656 1953 mens
672 1933 739 1961 pura
760 1924 916 1958 mundaque
940 1923 996 1951 sit?

207 1978 281 2005 Nihil
301 1975 374 2004 enim
405 1975 502 2010 proel,
530 1980 642 2000 currum
673 1971 793 1998 validum
819 1977 852 1997 ae.
876 1969 994 1997 strenuis

208 2023 350 2059 quadrigis
366 2022 528 2049 instructum
548 2026 619 2051 esse,
632 2018 654 2045 si
664 2018 758 2052 auriga
771 2016 888 2044 insaniat
902 2025 908 2043 :
920 2016 994 2042 nulla

207 2071 260 2098 erit
277 2070 345 2096 bene
360 2067 497 2095 fabricata:
514 2065 590 2092 navis
606 2063 721 2094 utilitas,
736 2062 760 2090 si
779 2061 872 2089 ebrius
885 2062 922 2089 sit
937 2062 996 2096 ipse

208 2117 386 2150 gubernator.
406 2112 546 2147 Ieiunium
574 2109 684 2137 virtutis
705 2108 912 2136 fundamentum
940 2111 993 2135 est.

209 2159 442 2194 Quemadmodum
461 2163 549 2185 autem
564 2156 671 2183 navium
702 2155 813 2185 carinae,
841 2159 868 2181 et
897 2153 996 2181 funda-

209 2210 301 2234 menta
312 2206 410 2232 domus
424 2204 487 2231 licet
505 2203 623 2237 ingentia
641 2201 785 2234 subjicias,
802 2200 908 2227 inutilia
919 2207 996 2226 vana-

1081 1374 1295 1408 Παιδαγωγείτω
1321 1372 1413 1399 τοίνυν
1438 1372 1484 1398 τὸν
1505 1371 1562 1407 βίον
1581 1372 1636 1398 τῶν
1662 1372 1836 1407 Χριστιανῶν

1044 1421 1144 1456 τρόπος
1158 1420 1311 1454 φιλόσοφος.
1328 1419 1384 1446 Καὶ
1403 1419 1419 1454 ὴ
1435 1419 1508 1454 ψυχὴ
1528 1419 1652 1453 φευγέτω
1669 1419 1720 1454 τῆς
1738 1419 1837 1450 κακίας

1043 1468 1093 1501 τὴν
1124 1466 1234 1501 βλάϐην.
1252 1466 1300 1492 Ἂν
1321 1465 1375 1501 γὰρ
1395 1465 1466 1491 οἴνου
1489 1465 1536 1491 καὶ
1557 1464 1646 1499 κρεῶν
1661 1465 1837 1498 ἀπεχόμενοι.

1043 1513 1100 1542 τοῖς
1113 1510 1185 1537 κατὰ
1204 1510 1334 1546 πρόθεσιν
1359 1510 1554 1545 ἁμαρτήμασιν
1575 1506 1650 1543 ὦμεν
1678 1509 1837 1541 ὑπεύθυνοι,

1045 1557 1180 1592 προλέγω,
1196 1557 1243 1584 καὶ
1257 1555 1500 1591 προμαρτύρομαι.
1521 1555 1558 1587 ὡς
1570 1554 1645 1581 οὐδὲν
1658 1556 1732 1590 ἡμᾶς
1747 1556 1838 1590 ὀνήσει

1045 1602 1117 1637 ὕδωρ
1132 1602 1179 1628 καὶ
1195 1601 1300 1636 λάχανα
1318 1602 1365 1627 καὶ
1379 1601 1545 1636 ἀναίμακτος
1560 1601 1695 1636 τράπεζα.
1712 1601 1839 1636 ἀνόμοιον

1045 1647 1094 1681 τῆς
1108 1646 1208 1678 ἔξωθεν
1221 1646 1382 1680 ἐπιφανείας
1394 1646 1442 1681 τὴν
1458 1646 1563 1673 ἔνδοθεν
1581 1645 1700 1673 διάθεσιν
1711 1646 1836 1681 ἔχοντας.

1045 1692 1094 1718 Διὰ
1121 1692 1297 1727 καθαρότητα
1320 1691 1409 1727 ψυχῆς
1429 1691 1610 1727 ἐνομοθετήθη
1627 1692 1750 1727 νηστεία.
1768 1693 1840 1719 Bibe

1047 1739 1139 1773 ἐκείνη
1154 1740 1187 1774 τῇ
1202 1738 1362 1773 προαιρέσει
1377 1738 1422 1764 καὶ
1440 1739 1501 1769 ταῖς
1514 1737 1607 1768 ἄλλαις
1622 1738 1775 1773 ἐνεργείαις
1792 1747 1841 1773 μου

1046 1785 1166 1816 λύνεται,
1176 1785 1203 1811 τί
1216 1785 1305 1820 μάτην
1319 1784 1554 1820 προσδαπανιῖψεν
1561 1784 1590 1810 τὺ
1602 1784 1746 1819 πινόμενον
1756 1784 1839 1820 ὖδωρς

1046 1831 1079 1857 Τί
1095 1831 1261 1857 ἁνέκπλυτον
1280 1831 1327 1857 καὶ
1354 1831 1437 1857 πολὺν
1452 1830 1605 1866 γεωργοῦσι
1627 1829 1673 1857 τὸν
1688 1830 1817 1866 βόρϐορον
1831 1839 1840 1864 ;

1046 1877 1095 1907 Τίς
1108 1877 1200 1912 ὄνησις
1216 1877 1264 1912 τῆς
1277 1876 1436 1911 σωματικῆς
1447 1876 1583 1911 νηστείας,
1599 1876 1632 1903 ἂν
1648 1876 1685 1911 μὴ
1699 1877 1840 1912 καθαρεύῃ

1046 1923 1060 1948 ὁ
1086 1922 1162 1954 νοῦς;
1187 1921 1270 1949 Οὐδὲν
1290 1921 1345 1957 γὰρ
1359 1921 1464 1956 ὅφελος,
1476 1921 1523 1947 ἐὰν
1535 1921 1565 1948 τὸ
1581 1922 1713 1957 ἀργύριον
1729 1922 1840 1958 ίσχυρὸν

1047 1968 1158 2004 ὑπάρχῃ
1172 1968 1263 1994 καὶτὸ
1282 1968 1433 2003 τέθριππον
1451 1967 1592 1999 εὔτακτον,
1611 1968 1777 2003 μαινομένου
1793 1968 1840 1994 τοῦ

1048 2014 1167 2048 ἡνιόχου.
1182 2013 1214 2039 Τί
1238 2013 1266 2039 δὲ
1290 2013 1386 2047 ὄφελος
1398 2014 1448 2048 τῆς
1462 2011 1490 2039 εὖ
1507 2014 1681 2048 ἡρμοσμένης
1701 2014 1780 2045 νεὼς,
1792 2015 1841 2040 ἐὰν

1050 2059 1135 2094 μεθύῃ
1146 2061 1160 2085 ό
1168 2059 1350 2094 κυὸερνήτης;
1361 2060 1481 2094 Νηστεία
1488 2059 1611 2094 θεμέλιος
1618 2060 1841 2096 ἀρετῆς.Ὥσπερ

1048 2104 1076 2130 δὲ
1093 2103 1216 2138 θεμέλιος
1241 2103 1329 2135 οἰκίας
1357 2104 1403 2129 καὶ
1423 2103 1519 2138 τρόπις
1542 2103 1634 2130 πλοίου
1652 2104 1778 2139 ἄχρηστα
1794 2106 1842 2131 καὶ

1049 2148 1178 2183 ἀνόνητα,
1196 2149 1248 2175 κᾶν
1263 2149 1364 2184 σφόδρα
1381 2149 1522 2184 καρτερῶς
1537 2149 1736 2184 ὑποϐληθᾶκῐιν,
1753 2150 1787 2176 ἂν
1803 2151 1841 2186 μὴ

1049 2194 1083 2220 τὰ
1097 2194 1161 2229 ἑξῆς
1176 2194 1267 2226 αὐτοῖς
1282 2194 1335 2221 τῶν
1360 2194 1549 2229 ἐπιστημόνως
1563 2195 1761 2231 ὲποικοδομηθῇ
1775 2204 1782 2211 ·
1796 2197 1841 2223 οὖ-

210 2260 264 2287 que
280 2251 346 2282 sint,
361 2250 415 2277 nisi
431 2249 549 2283 reliquas
566 2249 630 2275 item
648 2251 739 2282 partes
753 2247 838 2281 perite
856 2251 883 2273 et
905 2245 990 2273 scien-

1049 2249 1102 2287 τως
1117 2240 1164 2287 καὶ
1178 2240 1227 2287 της
1250 2240 1413 2275 ἐγκρατείας
1427 2240 1526 2274 ταύτης
1541 2240 1617 2267 οὐδὲν
1632 2240 1738 2275 ὄφελος,
1754 2243 1787 2268 ἂν
1803 2243 1840 2277 μὴ

210 2303 253 2324 ter
267 2294 500 2324 exaedilicaveris:
532 2293 572 2320 sie
600 2292 680 2319 istius
698 2291 869 2319 abstinentia:
893 2291 998 2317 nullum

211 2344 264 2371 erit
280 2342 505 2370 emolumentum,
520 2338 571 2365 nisi
589 2338 649 2364 alim.
661 2337 774 2371 justitize
792 2340 883 2371 partes
905 2343 999 2363 acces-

212 2390 307 2417 serint.
323 2387 416 2418 Timor
430 2385 475 2413 Dei
492 2384 600 2412 erudiat
614 2384 734 2418 linguam
750 2391 782 2410 ea
797 2390 859 2417 quae
870 2381 949 2408 decet
959 2382 1000 2408 lo-

212 2435 269 2469 qui,
283 2437 373 2460 tat-ere
382 2430 531 2463 contraria,
546 2429 679 2464 temporis
689 2428 862 2455 occasionem
876 2427 1000 2454 animad-

213 2483 329 2509 vertere,
344 2476 453 2504 modum
473 2476 639 2502 observare:
664 2473 713 2500 l'ari
740 2472 914 2499 necessaria:
938 2475 1000 2506 apte

213 2523 400 2559 respondere:
423 2521 546 2548 modeste
563 2520 666 2550 dicere,
693 2526 728 2545 ne
748 2518 893 2544 verborum
916 2517 999 2544 veluti

212 2569 344 2605 grandine
358 2568 547 2602 colloquentes
561 2565 669 2592 obruat.
701 2563 806 2590 Idcirco
822 2562 894 2588 enim
917 2566 944 2588 et
961 2565 1000 2588 te-

214 2615 276 2642 nuis
292 2614 335 2641 illa
354 2611 553 2642 membranula,
574 2616 635 2644 quae
650 2616 712 2635 cum
730 2607 788 2642 ipsa
813 2606 902 2641 lingua
922 2614 999 2632 luen-

213 2666 270 2688 tum
298 2659 413 2686 inl'erius
436 2655 565 2686 devincit,
586 2655 691 2681 frenum
715 2652 826 2682 dicitur.
852 2659 885 2678 ne
909 2652 999 2685 inepte

215 2706 351 2737 loquatur.
370 2706 396 2728 et
411 2699 585 2727 inconcinne.
602 2697 741 2724 Laudibus
755 2697 847 2731 igitur,
865 2704 917 2723 non
934 2704 999 2722 cou-

216 2749 293 2775 viciis
307 2752 415 2779 utatur;
439 2745 576 2775 cantibus,
594 2751 646 2769 nou
675 2742 836 2772 maledictis.
863 2749 1001 2767 commen-

216 2792 383 2821 dationibus.
406 2798 458 2817 nou
475 2788 728 2816 obtrectationibus.
761 2785 854 2812 Matius
878 2786 1002 2820 petulans

217 2837 262 2863 Dei
282 2835 412 2862 memoria
440 2837 679 2868 tanquamcatcua
711 2832 800 2858 vincta
829 2831 998 2858 cohibeatur.

1047 2285 1096 2321 τὴν
1106 2285 1188 2321 ἄλλην
1199 2285 1372 2320 δικαιοσύνην
1391 2286 1518 2321 προσφυῆ
1536 2286 1582 2312 καὶ
1599 2287 1745 2313 ἀκόλουθον
1764 2288 1839 2321 δέξη-

1047 2340 1102 2358 ται.
1117 2331 1201 2363 Φόϐος
1213 2331 1281 2358 Θεοῦ
1298 2331 1446 2358 διδασκέτω
1470 2332 1519 2366 τὴν
1536 2331 1658 2365 γλῶτταν
1674 2332 1840 2367 φθέγγεσθαι

1048 2376 1066 2403 ἆ
1082 2377 1227 2412 προσήκει,
1253 2377 1291 2412 μὴ
1316 2376 1405 2403 λαλεῖν
1423 2377 1457 2403 τὰ
1474 2377 1587 2411 μάταια,
1612 2378 1712 2404 εἰδέναι
1728 2380 1841 2414 καιροὺς

1049 2422 1096 2448 καὶ
1112 2422 1199 2457 μέτρα
1210 2423 1257 2448 καὶ
1272 2422 1349 2456 λόγον
1361 2423 1519 2456 ἀναγκαῖον,
1531 2423 1577 2448 καὶ
1590 2423 1736 2458 ἀπόκρισιν
1749 2424 1841 2450 εὔστοε

1048 2476 1095 2502 χον
1107 2476 1113 2482 ·
1129 2467 1166 2502 μὴ
1176 2467 1266 2494 λαλεῖν
1282 2468 1431 2503 ἀρρύθμως
1442 2476 1449 2482 ·
1467 2467 1503 2503 μὴ
1517 2468 1652 2503 χαλαζοῦν
1668 2469 1731 2500 τοὺς
1746 2471 1841 2504 ἐντυγ-

1049 2513 1177 2547 χάνοντας
1203 2514 1235 2548 τῇ
1252 2513 1423 2549 σφοδρότητι.
1436 2514 1486 2540 Διὰ
1502 2514 1580 2540 τοῦτο
1588 2514 1642 2549 γὰρ
1654 2515 1702 2540 καὶ
1719 2515 1733 2540 ό
1748 2515 1843 2541 λεπτός

1049 2568 1129 2591 τατος
1157 2560 1260 2591 ἐκεῖνος
1277 2559 1358 2594 ὑμὴν,
1377 2561 1391 2586 ὁ
1413 2560 1571 2595 ὑποδεσμῶν
1584 2561 1653 2595 αὐτῇ
1668 2560 1780 2597 γλώττῃ
1795 2561 1842 2596 τὴν

1049 2605 1124 2631 κάτω
1137 2604 1225 2638 γένυν,
1239 2604 1346 2639 χαλινὸς
1359 2605 1477 2638 λέγεται,
1492 2606 1534 2631 ἵνα
1547 2605 1583 2640 μὴ
1594 2606 1698 2632 ἄτακτα
1715 2606 1762 2632 καὶ
1771 2607 1840 2632 ἀνοι-

1052 2650 1188 2684 κονόμητα
1202 2649 1363 2684 φθέγγηται.
1380 2650 1532 2684 Εὐλογεετω
1552 2651 1597 2677 καὶ
1621 2651 1658 2685 μὴ
1676 2650 1839 2685 λοιδορείτω·

1052 2696 1177 2730 ψαλλέτω
1206 2697 1252 2723 καὶ
1279 2697 1317 2731 μὴ
1345 2697 1548 2732 βλασφημείτω·
1564 2696 1722 2731 εὑφημείτω
1738 2698 1785 2723 καὶ
1806 2698 1841 2733 μὴ

1055 2743 1251 2769 καταλαλείτω·
1270 2744 1285 2777 ἡ
1301 2744 1360 2778 χεὶρ
1372 2745 1388 2778 ἡ
1411 2744 1546 2777 προπετὴς
1557 2745 1589 2777 τῇ
1603 2743 1697 2778 μνήμῃ
1714 2743 1842 2775 τοῦθεοῧ,

1057 2789 1094 2819 ὡς
1110 2788 1202 2814 ἁλύσει
1213 2788 1374 2823 δεσμείσοω.
1399 2789 1447 2814 Διὰ
1462 2788 1537 2814 τοῦτο
1552 2788 1728 2822 νηστεύομεν,
1740 2790 1781 2816 ὅτι
1801 2790 1842 2816 τὸν

1057 2834 1140 2868 ἀμνὸν
1163 2834 1207 2859 τὸν
1233 2834 1375 2869 ἡμέτερον,
1396 2834 1522 2867 λοιδορίαι
1538 2834 1583 2859 καὶ
1604 2835 1777 2868 ῥαπίσματα,
1795 2835 1844 2870 πρ)
