1912 3080
87 119 129 146 45'.
654 113 698 140 DE
713 111 933 140 PAUPERIBUS
953 111 1113 139 AMANDIS.

1640 113 1690 140 458

91 177 131 203 τῶν
146 174 225 210 ἦλων,
237 173 414 208 καθύϐρισαν.
425 172 470 208 Μὴ
485 172 574 198 τοίνυν
585 172 629 198 τὸν
645 171 790 198 Ἰουδαϊκὸν
799 171 860 205 τῴ-

916 169 967 197 Has
981 169 1053 196 enim
1078 169 1114 195 ob
1143 175 1241 195 causas
1265 168 1437 202 jejunamns,
1455 169 1583 203 quoniam
1601 168 1690 204 Agnus

87 231 128 249 πον
136 220 307 255 ζηλώσωμεν,
319 219 344 246 οἱ
360 218 407 244 τοῦ
420 217 537 253 Χριστοῦ
550 217 680 253 μαθηταί.

119 351 176 378 Ἐὰν
204 350 259 385 γὰρ
286 350 372 381 οὓτως
394 346 470 385 ὦμεν
491 348 673 384 διακείμενοι.
693 347 764 380 λέξει
792 348 859 383 ἡμῖν

89 398 190 428 Ἠσαῖας
205 403 211 410 ·
228 397 290 423 Ἵνα
301 396 328 422 τί
337 397 380 429 εὶς
394 396 507 430 κρίσεις
518 395 567 422 καὶ
575 394 674 428 μάχας
686 395 858 428 materiem,

84 443 126 470 καί
147 442 270 468 τύπτετε
298 440 428 475 πυγμαῖς
444 441 603 471 ταπεινόν;
617 440 695 475 Παρὰ
715 439 762 465 τοῦ
777 439 859 466 αὐτοῦ

86 490 209 524 προφήτου
231 487 372 522 διδάχθητι
394 487 429 512 τὰ
442 487 492 522 τῆς
505 485 597 512 ἀδόλου
610 486 656 511 καὶ
676 485 798 520 καθαρᾶς
814 495 861 521 νη-

85 535 164 565 στείας
184 534 373 569 ἑνεργήματα”
398 534 458 560 Λύε
487 532 585 559 πάντα
605 532 779 566 σύνδεσμον
798 532 861 559 ἀδι-

85 581 269 614 κίαςθΔιάλυε
289 579 492 614 στραγγαλιίις
511 579 621 611 βιαίων
646 578 861 613 συναλλαγμά-

84 637 142 654 τωι·.
164 626 326 660 Διάθρυπτε
354 625 490 652 πεινῶντι
519 625 573 651 τὸν
599 625 691 658 ἄρτον
719 632 788 655 σου,
812 623 861 651 καὶ

84 672 208 706 πτωχοὺς
231 673 379 706 dare-fove
401 671 541 705 εἰσάγαγε
555 672 599 704 εὶς
618 671 672 697 τὸν
689 669 772 697 οἶκόν
791 678 860 696 σου.

84 719 176 753 Πολλὴν
187 718 214 744 δὲ
231 718 297 753 ἡμῖν
317 717 448 751 ἀφθονίαν
462 717 515 743 τῶν
531 716 642 751 γυμνῶν
657 716 705 742 καὶ
715 716 767 742 τῶν
782 715 862 741 ἀστέ-

83 773 139 798 γων,
155 765 168 789 ό
190 763 237 788 νῦν
251 763 350 798 ἤνεγκε
368 763 473 797 χρόνος.
492 762 595 796 Πλῆθος
614 761 668 796 γὰρ
681 760 860 796 αἰχμαλώτων

85 810 142 846 πρὸς
156 811 214 841 ταῖς
234 809 330 844 θύραις
352 809 479 836 ἑκάστου.

112 878 163 904 Καὶ
185 878 199 904 ό
224 877 299 909 ξένος
321 877 368 903 καὶ
387 876 557 912 μετανάστης
571 875 600 902 οὐ
621 875 727 902 λείπει·
751 874 798 901 καὶ
811 875 860 910 τὴν

83 923 207 958 ζητοῦσαν
232 923 322 957 χεῖρα,
347 921 484 957 πανταχοῦ
508 921 658 956 τεταμένην
680 921 754 947 ἐστιν
786 921 859 947 ἰδεῖν.

82 968 183 999 Τούτοις
203 966 277 999 οἶκος
305 967 355 1002 μὲν
381 967 513 1002 ὕπαιθρος
531 967 545 993 ὸ
560 967 624 1002 ἀήρ.
652 965 815 1000 Καταγώγιοι
833 965 861 992 δὲ

83 1014 160 1045 στοαὶ,
177 1013 224 1039 καί
237 1013 356 1047 apem,
378 1013 424 1039 καὶ
453 1013 487 1038 τὰ
505 1012 556 1047 τῆς
572 1013 675 1047 ἀγορᾶς
695 1011 859 1046 ἐρημότερα.

82 1059 152 1085 Κατὰ
172 1058 200 1084 δὲ
229 1059 293 1089 τοὺς
316 1058 515 1093 νυκτικόροικας
539 1058 586 1084 καὶ
600 1057 648 1088 τὰς
664 1057 786 1090 γλαῦκας
802 1058 862 1087 ταῖς

80 1105 152 1137 ὀπαῖς
163 1104 378 1140 ὲμφωλεύουσιν.
396 1104 491 1139 Ἐσοὴς
507 1104 598 1135 αὐτοῖς
613 1104 647 1130 τὰ
668 1111 862 1139 περικεκεντη-

82 1151 143 1185 μένα
156 1151 249 1186 ῥάκια·
261 1149 391 1184 γεωργία,
403 1149 457 1175 τῶν
465 1149 610 1176 ἐλεούντων
622 1149 753 1184 ἡγνώμη·
763 1149 861 1184 τροφὴ,

80 1197 135 1223 εἴτι
151 1197 182 1223 ἂν
195 1198 228 1223 ἐκ
243 1196 290 1223 τοῦ
305 1196 503 1231 προστυχόντος
517 1195 639 1231 ἐμπέσῃ·
655 1195 745 1227 ποτὸν,
757 1195 794 1226 ὡς
805 1196 862 1226 τοῖς

80 1243 180 1276 ἀλόγοις
190 1243 218 1269 at
234 1243 348 1278 κρῆναν
364 1244 502 1277 ποτήριον,
514 1241 568 1267 τῶν
581 1241 705 1276 χειρὼνὴ
719 1241 843 1276 κοιλότης
852 1248 860 1256 ο

80 1290 204 1324 ταμιεῖον.
220 1290 235 1316 ὁ
251 1289 358 1321 κόλπος,
376 1287 423 1314 καὶ
442 1284 518 1319 οὗτος
538 1287 571 1314 ἂν
588 1288 625 1322 μὴ
645 1287 813 1323 διερρυηκώς
831 1284 860 1323 ᾖ,

80 1336 140 1363 ἀλλὰ
156 1336 261 1368 στέγων
276 1335 310 1363 τὰ
330 1334 526 1370 ἐμϐαλλόμενοι·
554 1334 687 1368 τράπεζα,
702 1335 718 1369 ἡ
745 1334 799 1360 τῶν
816 1343 862 1369 γο-

79 1382 158 1408 νάτων
173 1381 343 1417 συνέρεισις·
362 1380 450 1415 κλίνη,
479 1379 509 1406 τδ
528 1379 641 1413 ἔδαφοςε
665 1379 786 1415 λουτρὸν,
816 1388 862 1406 πο-

78 1428 156 1462 ταμὸς
169 1428 185 1464 ἢ
200 1428 295 1462 λίμνη,
308 1427 322 1453 ὃ
331 1427 345 1453 ό
357 1426 422 1458 Θεὸς
434 1426 603 1453 κοινδψπᾱσι
616 1426 662 1452 καὶ
674 1427 861 1453 ἀκατάσκευον

79 1474 180 1501 ἔδωκεν.
211 1473 352 1508 Ἀλητικδς
383 1473 472 1503 αὐτοῖς
500 1472 515 1497 ὁ
542 1471 596 1506 βίος
618 1473 664 1498 καὶ
688 1472 798 1507 ἄγριος,
829 1473 860 1499 οὐ

912 217 1007 241 noster
1023 213 1183 248 priusquam
1204 212 1290 240 clavis
1315 213 1467 247 adigeretur
1490 214 1577 244 cruci,
1597 219 1691 242 contn-

911 258 999 286 mcliis
1013 257 1136 289 aﬂ‘ectns,
1153 262 1180 285 et
1192 258 1279 292 alapis
1295 265 1383 285 «Ἅιδης
1397 263 1450 286 est.
1482 259 1571 288 Mores
1597 259 1692 287 Judai-

910 311 957 331 cos
969 312 1023 331 non
1041 305 1190 334 imitemur.
1206 311 1257 330 nos
1269 303 1370 331 Christi
1387 304 1525 339 discipuli.

945 350 1054 384 Alioqui
1069 350 1091 376 si
1108 357 1140 376 eo
1156 353 1234 384 pacto
1255 350 1385 376 fuerimus
1402 349 1503 380 atTecti,
1523 350 1613 378 verbis
1637 350 1693 379 illis

912 403 962 423 nos
985 395 1070 422 lsaias
1087 395 1256 430 increpabit:
1284 395 1337 422 Cur
1352 395 1385 422 ad
1406 395 1464 422 lites
1479 400 1504 422 et
1519 397 1694 424 contentione:

905 440 1047 475 jejunatis,
1068 445 1092 467 et
1105 441 1198 475 pugnis
1223 448 1362 474 pauperem
1378 441 1537 475 percutitis?
1563 441 1640 469 Disce
1659 443 1694 470 ab

910 485 1004 513 eodem
1014 486 1144 520 propheta
1158 487 1257 513 sinceri
1270 488 1384 521 pnriqne
1395 487 1492 521 jejuuii
1503 495 1584 521 opera
1597 498 1603 514 ι
1617 487 1694 516 Solve

912 540 1013 558 omnem
1030 539 1125 559 nexum
1144 532 1303 566 iniquitatis.
1317 532 1436 559 Dissolve
1451 532 1622 567 obligationes
1639 534 1695 560 υἱο-

912 577 1041 604 lenter-mu
1050 577 1352 612 cuntraclumn.Frange
1365 578 1490 604 esurienti
1499 586 1593 612 panem
1603 583 1674 605 tuum
1685 587 1695 611 ;

911 629 935 650 et
948 631 1039 658 egenos
1054 624 1109 650 sine
1124 628 1189 650 tecto
1206 623 1284 650 induc
1299 624 1326 650 in
1336 623 1443 650 domum
1465 628 1548 650 tuam.
1562 624 1601 658 (a)
1617 624 1695 659 [Cum

912 669 1006 695 videris
1025 669 1135 700 nudum,
1153 669 1225 702 operi
1247 677 1316 700 eum,
1337 673 1362 695 et
1378 676 1485 695 carnem
1505 673 1577 695 tuam
1597 677 1629 695 ne
1648 669 1695 695 de-

912 714 1038 749 spexeris]
1058 714 1076 740 '.
1095 713 1205 740 Multam
1231 714 1308 741 nobis
1325 714 1375 741 hoc
1393 718 1500 749 tempus
1516 713 1594 741 all‘ert
1610 714 1696 741 nudo-

914 767 971 785 rum
998 767 1183 794 vagorumque
1209 760 1326 793 copiam.
1353 759 1449 794 Magna
1472 760 1544 786 enim
1561 759 1696 794 cujusque

913 805 986 832 fores
1005 804 1158 840 frequentat
1173 805 1341 839 captivorum
1364 805 1518 832 multitudo.

947 871 1075 908 Hospites
1090 872 1252 907 exsulesque
1282 881 1336 899 non
1365 873 1473 901 desunt.
1504 872 1608 908 Ubique
1634 873 1696 900 licet

912 923 1057 951 protensas
1068 926 1147 953 opem
1165 919 1367 953 implorantium
1385 927 1482 946 manus
1498 919 1629 954 aspicere.
1648 918 1696 947 His

913 972 958 991 aer
974 965 1026 991 sub
1048 965 1094 992 dio
1121 969 1223 992 tectum
1240 965 1350 999 prmbet.
1368 965 1494 993 Porticus
1509 970 1535 992 et
1553 965 1635 997 bivia.
1669 969 1697 994 et

913 1015 1004 1045 partes
1020 1009 1070 1036 fori
1083 1010 1168 1044 magis
1182 1010 1295 1037 desertae
1315 1015 1379 1038 sunt
1393 1011 1523 1045 hospitia.
1539 1010 1696 1046 Nycticora-

912 1064 974 1083 cum
991 1061 1018 1083 et
1033 1060 1194 1083 noctuarnm
1209 1064 1284 1083 more
1299 1057 1326 1083 in
1341 1057 1466 1084 cavernis
1483 1057 1601 1084 latitant.
1624 1056 1697 1084 Pan-

913 1101 1001 1136 nosis,
1026 1102 1128 1129 attritis
1152 1105 1178 1128 et
1209 1102 1337 1129 laceratis
1362 1106 1492 1137 teguntur
1519 1102 1696 1130 indumentis.

916 1148 1097 1183 Agricultan
1122 1146 1228 1175 fructus
1255 1153 1297 1175 est
1327 1147 1380 1174 illis
1410 1148 1596 1175 miserantium
1614 1148 1698 1176 animi

913 1194 1076 1229 benignitas.
1091 1194 1186 1226 Cibus,
1204 1194 1227 1221 si
1252 1194 1318 1228 quid
1334 1194 1368 1220 ab
1393 1193 1538 1221 accedente
1569 1194 1696 1228 quopiam

913 1240 1138 1275 impetraverint;
1152 1239 1226 1274 potio
1241 1239 1346 1270 eadem,
1362 1247 1423 1273 quze
1443 1240 1558 1267 rationis
1581 1241 1698 1274 experti-

913 1286 964 1312 bus
977 1285 1173 1315 animantibus,
1190 1284 1316 1311 nimirum
1334 1284 1432 1312 fontes.
1452 1284 1552 1311 Pol-nia
1569 1293 1697 1312 manuum

913 1331 989 1358 volze.
1021 1330 1106 1362 Penu.
1131 1331 1209 1358 sinus
1240 1330 1308 1364 ipse,
1339 1330 1393 1357 nisi
1416 1331 1495 1365 plane
1514 1331 1628 1364 tlillluat,
1649 1330 1697 1358 sed

913 1377 1000 1412 possit
1016 1384 1048 1404 ea
1062 1381 1122 1411 quae
1135 1375 1295 1410 injiciuntur
1309 1375 1425 1410 operire.
1439 1375 1541 1408 Mensa,
1556 1381 1698 1404 contracta

912 1431 1020 1457 genua;
1049 1422 1174 1452 lectulus,
1198 1420 1305 1453 solum;
1322 1421 1458 1451 balneum.
1483 1421 1508 1448 id
1535 1422 1606 1456 quod
1625 1422 1697 1450 Deus

913 1466 1040 1492 omnibus
1058 1473 1202 1492 commune
1227 1472 1253 1492 et
1277 1466 1336 1492 sine
1356 1465 1489 1493 industria
1511 1471 1697 1494 constructum

77 1519 190 1550 τοιοῦτος
202 1518 243 1544 ὣν
257 1517 287 1550 ἐξ
300 1517 398 1553 ἀρχῆς,
408 1518 464 1546 ἀλλ’
478 1518 508 1544 ὲκ
521 1518 570 1553 τῆς
585 1519 726 1554 συμφορᾶς
749 1518 797 1545 καὶ
811 1517 860 1552 τῆς

916 1511 997 1542 dedit,
1011 1511 1110 1538 ﬂumen
1126 1516 1172 1538 aut
1189 1512 1278 1546 palus.
1291 1511 1390 1546 Vagam
1408 1516 1434 1538 et
1453 1516 1587 1546 agrestem
1602 1512 1698 1540 tradu-

79 1565 194 1600 ἀνάγκης
211 1565 368 1600 γενόμενος.

110 1650 229 1682 Τούτοις,
250 1651 264 1677 ὁ
280 1650 438 1686 νηστευτὴς,
461 1651 624 1686 ὑπάρκεσον.
636 1651 702 1687 Περὶ
714 1652 776 1683 τοὺς
798 1653 862 1678 ἀτυ-

77 1696 185 1730 χοῦντας
198 1695 254 1721 τῶν
274 1695 406 1729 ἀδελφῶν,
423 1695 501 1729 γενοῦ
526 1696 674 1731 φιλότιμος.
695 1696 727 1722 Ὃ
737 1697 786 1730 τῆς
811 1697 861 1731 σῆς

78 1741 179 1774 ὑφεῖλες
191 1741 318 1776 γαστρὸς,
326 1741 365 1776 τῷ
380 1740 505 1767 πεινῶντι
521 1741 647 1776 πρόσθες.
657 1742 777 1768 Γενέσθω
786 1743 800 1768 ό
815 1743 860 1769 τοῦ

77 1786 138 1812 Θεοῦ
154 1787 237 1821 φόϐος
251 1787 355 1818 δίκαιος
369 1787 516 1818 ἐξισωθείς.
527 1787 700 1822 Θεράπευσον
716 1787 862 1824 ἐγκρατείᾳ

45 1857 50 1863 ,
78 1832 191 1866 σώφρονι
201 1831 248 1858 δύο
257 1831 330 1866 πάθη
341 1832 450 1858 ἐναντία
460 1831 583 1867 ἀλλήλοις
591 1840 597 1847 ·
606 1832 652 1858 τὸν
664 1833 708 1859 σὺν
716 1833 805 1868 κόρον,
814 1833 862 1859 καὶ

76 1877 119 1903 τοῦ
130 1877 246 1911 ἀδελφοῦ
259 1877 305 1903 τὸν
319 1877 405 1912 λιμόν.
417 1877 494 1904 Οὕτω
508 1878 562 1912 γὰρ
577 1878 681 1904 ποιοῦσι
697 1878 743 1905 καὶ
764 1879 859 1914 ἰατροί⁵

76 1923 135 1955 τοὺς
159 1924 209 1958 μὲν
224 1923 351 1950 κενοῦσι·
367 1924 431 1955 τοὺς
460 1924 488 1950 δὲ
502 1923 644 1959 πληροῦσι,
669 1925 712 1950 ἵνα
728 1926 761 1961 τῇ
777 1934 861 1960 προσ-

77 1969 143 2005 Οήκῃ
155 1971 202 1996 καὶ
217 1969 359 2005 ὑφαιρέσει
369 1971 385 2005 ὴ
394 1970 457 2005 περὶ
469 1969 584 1996 ἕκαστον
597 1970 759 2006 οἰκονομηθῇ
772 1971 858 2004 ὑγεία.

77 2015 207 2050 Πείσθητε
232 2015 302 2051 καλῇ
329 2015 498 2051 παραινέσει.
531 2015 674 2048 Ἀνοιξάτω
687 2016 700 2042 ὁ
716 2016 793 2050 λόγος
807 2016 861 2043 τῶν

76 2061 265 2096 εὐπορούντων
290 2061 338 2093 τὰς
354 2061 448 2097 θύρας.
473 2060 613 2095 Εἱσαγέτω
629 2062 646 2096 ὴ
662 2061 798 2097 συμϐουλὴ
815 2062 860 2088 τὸν

76 2105 175 2141 πένητα.
196 2106 268 2142 πρὸς
297 2106 342 2132 τὸν
362 2106 467 2141 ἔχοντα.
491 2107 550 2133 Μία
564 2106 592 2132 δὲ
611 2107 683 2139 λέξις
705 2107 741 2142 μὴ
757 2107 861 2134 πλουτι-

76 2151 146 2178 σάτω
171 2153 236 2183 τοὺς
271 2152 420 2184 στένοντας.
442 2153 516 2179 Δότω
536 2154 626 2184 αὐτοῖς
641 2154 687 2179 καὶ
703 2153 801 2185 οἰκίαν,
814 2154 861 2180 καὶ

915 1557 1081 1587 cuntvitam.
1091 1563 1145 1584 non
1155 1557 1226 1591 quod
1238 1556 1315 1583 initio
1326 1557 1365 1584 sic
1378 1557 1557 1590 instituerint,
1569 1558 1616 1586 sed
1625 1559 1698 1594 quod

915 1603 948 1630 ad
964 1611 1024 1630 eam
1040 1603 1240 1630 calamitatibus
1256 1607 1283 1630 et
1303 1603 1465 1631 necessitate
1480 1604 1611 1639 compulsi
1633 1606 1698 1632 sint.

949 1649 998 1676 His
1015 1649 1168 1675 necessaria
1190 1648 1272 1675 vii-tui
1288 1649 1430 1684 snppedita
1450 1653 1488 1681 tu,
1512 1651 1557 1684 qui
1579 1650 1698 1685 jejunae.

914 1693 984 1728 Erga
996 1693 1094 1720 fratres
1102 1694 1277 1721 calamitosos
1291 1695 1423 1730 benignus
1437 1701 1506 1722 esxo.
1521 1695 1597 1728 Quod
1611 1697 1697 1724 ventri

915 1739 1064 1771 subtrahis,
1081 1739 1169 1766 tribue
1187 1740 1330 1767 esurienti.
1352 1741 1478 1775 Exaaquet
1496 1742 1586 1768 omnia
1606 1741 1698 1776 justus

917 1784 962 1812 Dei
972 1785 1063 1811 timor.
1074 1784 1146 1811 Duas
1159 1784 1229 1812 inter
1243 1793 1272 1813 se
1281 1787 1433 1813 contrarias
1445 1785 1612 1819 aﬂ‘ectioues,
1625 1792 1697 1814 tuam

914 1831 1039 1858 videlicet
1055 1830 1216 1862 satietatem,
1230 1835 1257 1858 et
1270 1830 1362 1859 fratris
1379 1831 1488 1864 famem,
1504 1833 1623 1861 modesta
1636 1842 1699 1861 con-

915 1877 1028 1904 tinentia
1042 1882 1163 1911 tempera
1176 1881 1257 1911 atque
1272 1877 1423 1905 moderare.
1442 1879 1488 1905 Sic
1501 1880 1572 1906 enim
1596 1880 1698 1907 faciunt

914 1927 941 1950 et
954 1923 1068 1950 medici:
1082 1923 1150 1951 alios
1161 1923 1334 1952 exinaniant.
1351 1924 1420 1951 alios
1436 1925 1550 1959 replent,
1564 1929 1593 1952 ut
1606 1933 1699 1953 acces-

915 1968 991 1995 sione
1007 1968 1220 2003 deccssioneque
1235 1969 1451 2003 uniuscujusque
1467 1971 1571 1998 sanitas
1587 1979 1699 1998 conser-

915 2018 1003 2041 vetur.
1020 2013 1146 2041 Honesta:
1168 2014 1346 2041 admonitioni
1371 2015 1564 2050 obtemperate.
1589 2016 1699 2052 Aperiat

917 2060 985 2086 ratio
1001 2060 1167 2094 pauperibus
1186 2059 1299 2086 divitum
1317 2059 1399 2087 fares.
1413 2061 1563 2088 Consilium
1576 2062 1648 2098 inopi
1664 2063 1697 2089 ad

916 2105 1075 2139 locupletent
1088 2105 1190 2132 aditum
1206 2104 1298 2132 faciat.
1315 2105 1430 2141 Egentes
1443 2114 1476 2134 ne
1491 2107 1636 2142 locupletet
1649 2109 1700 2136 hu-

916 2158 995 2177 mana
1013 2150 1197 2182 ratiocinatio,
1218 2151 1265 2178 sed
1295 2151 1348 2178 illis
1363 2156 1390 2178 et
1403 2153 1514 2180 domum
1530 2157 1557 2180 et
1586 2154 1696 2185 lectum,

75 2197 175 2232 κλίνην,
187 2198 237 2224 καὶ
249 2197 387 2232 τράπεζαν
402 2199 416 2224 ὁ
426 2198 473 2224 τοῦ
486 2199 553 2225 Θεοῦ
569 2199 647 2232 λόγος
661 2199 676 2224 ὁ
690 2199 860 2234 προαιώνιος.

916 2201 942 2223 et
959 2205 1079 2224 mensam
1091 2197 1193 2224 tribuat
1213 2197 1259 2224 Dei
1274 2198 1386 2224 verbum
1404 2199 1613 2234 sempiternum.
1632 2200 1698 2228 Dul-

76 2243 122 2269 Διὰ
145 2243 228 2277 λόγου
255 2243 390 2270 οἰκετικοῦ
405 2243 562 2280 γεώργησον
575 2244 608 2270 τὰ
624 2244 692 2280 πρὸς
704 2245 753 2280 τὴν
770 2245 863 2280 χρείαν

74 2290 127 2320 τοις
143 2291 200 2320 σοῖς
215 2290 350 2323 κτήμασι.
368 2289 439 2325 Πρὸς
454 2289 565 2321 τούτους
578 2289 651 2316 ἄλλοι
669 2292 771 2324 πτωχοὶ
785 2289 864 2317 ἀσθε-

75 2334 180 2365 νοῦντες
208 2335 258 2361 καὶ
283 2335 484 2370 κατακείμενοι.
498 2336 630 2368 Ἕκαστος
644 2335 864 2371 περιεργαζέσθω

73 2380 132 2411 τοὺς
151 2381 290 2414 γείτονας.
309 2381 355 2415 Μὴ
384 2381 455 2416 ἀφῇς
478 2381 543 2416 παρ’
556 2381 635 2408 ἄλλοι)
664 2381 864 2417 Θεραπευθῆναι

73 2425 115 2451 τὸν
129 2425 214 2459 ἐγγύς
237 2434 294 2452 σου.
312 2426 357 2461 Μὴ
372 2426 442 2463 λάϐῃ
456 2426 533 2459 ἄλλος
549 2427 595 2453 τὸν
610 2426 745 2463 θησαυρὸν
760 2428 805 2454 τὸν
819 2427 859 2453 σοὶ

73 2472 288 2507 παρακείμενον,

106 2558 278 2594 Περίπτυξαι
300 2559 344 2585 τὸν
359 2559 526 2594 κακούμενον
547 2560 584 2591 ὡς
601 2560 708 2595 χρυσόν.
731 2561 861 2594 Ἐναγκὰ-

71 2603 140 2630 λισαι
167 2605 216 2630 τὸν
242 2606 431 2639 κεκακωμένον
444 2604 481 2636 ὡς
494 2604 543 2639 σὴν
557 2605 660 2638 ὑγείαν,
675 2605 712 2636 ὡς
725 2605 861 2640 σωτηρίαν

69 2650 209 2684 γυναικὸς,
238 2649 350 2681 τέκνων,
376 2649 503 2683 οἰκετῶν,
521 2650 568 2676 καὶ
588 2651 677 2685 πάσης
693 2651 742 2685 τῆς
763 2651 859 2682 οἰκίας.

103 2739 111 2754 ¹
128 2739 183 2767 lsa.
196 2747 275 2770 unt.
289 2739 316 2770 4,
332 2739 393 2766 6-7.

102 2810 139 2845 (a)
155 2808 244 2836 lineis
264 2808 367 2834 inclusa
379 2808 475 2834 desunt
488 2808 514 2834 in
526 2808 620 2834 (ἔνετοι)
635 2811 719 2833 textu.

235 2854 370 2884 PATROL.
391 2854 447 2883 Gn.
468 2854 578 2884 XLVI.

914 2242 939 2269 ei
956 2246 984 2269 et
1002 2243 1119 2270 humana
1131 2243 1255 2270 oratione
1270 2244 1330 2270 usui
1344 2245 1496 2271 necessaria
1516 2253 1549 2272 ex
1578 2246 1632 2274 tuis
1658 2246 1698 2273 fa-

913 2288 1061 2315 cultatibus
1075 2288 1262 2316 subministra.
1286 2289 1364 2325 Apud
1380 2295 1406 2317 te
1430 2291 1575 2318 multitudo
1595 2300 1698 2327 paupe-

913 2342 973 2361 rum
992 2339 1074 2370 alque
1099 2335 1285 2370 languentium
1307 2336 1358 2363 sibi
1381 2336 1536 2372 profugiunt
1565 2338 1695 2365 inveniat.

913 2379 1035 2414 Quisque
1045 2380 1189 2415 diligenter
1200 2381 1352 2409 vicinorum
1364 2389 1457 2408 curam
1472 2386 1557 2417 gerat.
1571 2382 1697 2409 Studium

913 2426 1086 2460 promerendi
1104 2426 1138 2453 de
1161 2427 1320 2462 propinquis
1338 2427 1385 2454 tibi
1405 2428 1439 2454 ab
1461 2428 1515 2454 alio
1537 2429 1644 2463 praeripi
1664 2436 1698 2454 ne

913 2472 1064 2505 permittas.
1078 2470 1161 2503 Cave,
1180 2479 1215 2499 ne
1229 2472 1319 2506 capiat
1334 2472 1403 2500 alius
1418 2472 1574 2500 thesaurum
1595 2473 1699 2508 reposi-

912 2519 970 2543 tum
987 2516 1046 2542 tibi.

948 2562 1109 2589 Calamitate
1123 2561 1247 2590 aﬂ‘ectnm
1266 2562 1404 2589 ntanrum
1432 2563 1624 2597 complectere.
1652 2562 1696 2588 ln-

915 2607 1019 2634 tirnnun
1034 2608 1164 2642 pauperis
1178 2608 1361 2635 valetudinem
1379 2609 1415 2635 ita
1438 2609 1508 2639 fove,
1526 2613 1555 2634 ut
1567 2608 1593 2633 in
1611 2614 1642 2634 ea
1670 2610 1697 2633 et

915 2652 1059 2679 sanitatem
1085 2658 1169 2685 lnam,
1197 2657 1224 2679 et
1255 2653 1368 2680 salutent
1385 2653 1488 2685 uxoris,
1510 2656 1537 2678 et
1567 2651 1695 2684 ﬁliorum,

1567 2755 1638 2828 4

1496 2849 1530 2879 13
