1912 3080
86 97 140 123 463

673 105 716 132 DE
734 104 954 135 PAUPERIBUS
971 109 1135 139 AMANMS.

1665 113 1717 141 4615

86 157 193 192 ὑπάρχῃ
217 158 301 185 εἰκὼν
319 159 368 194 τῆς
385 161 496 196 πρώτης
511 164 557 189 καὶ
574 164 712 199 ἀκηράτου
726 166 772 192 καὶ
787 166 867 193 πάντα

928 169 964 195 tia
982 170 1096 198 virtutes
1116 177 1181 200 sunt
1196 174 1250 201 Deo
1266 175 1440 209 gratissimae:
1452 184 1513 211 qua:
1527 176 1549 203 si
1562 175 1641 209 cujus
1658 176 1719 202 ani-

85 203 145 229 νούν
162 203 380 241 ὑπερϐαινούσης
390 207 492 238 οὐσίας.
506 208 560 243 Τῆς
573 210 600 235 δὲ
616 210 733 246 σπουδῆς
747 211 776 238 τὸ
790 212 874 247 πέρας

84 249 174 275 ὁποῖον
192 250 346 284 ἐγγυῶνται
359 261 365 285 ;

930 223 1003 242 nium
1018 217 1190 251 ineoluerint,
1206 228 1266 247 eum
1287 221 1408 248 divinum
1426 222 1555 254 efﬁciunt,
1568 227 1595 249 et
1609 229 1718 248 sununo
1752 251 1759 256 _

935 260 973 286 illi
991 260 1062 288 bono
1081 271 1162 297 quatit
1187 264 1355 292 simillimum
1375 266 1501 298 reddunt,
1521 267 1588 293 adeo
1610 271 1639 292 ut
1660 265 1716 300 pri-

85 295 226 348 ltttelilllius
242 302 324 332 alque
336 300 499 327 immortalis
517 306 544 328 et
562 306 678 330 mentem
697 313 803 331 onmem
825 307 982 340 superantis
1012 313 1116 336 natum
1132 311 1278 339 decoretur
1295 313 1424 347 imagine.
1453 313 1487 339 At
1501 313 1624 348 ‘qualem
1658 295 1718 338 stu-

84 340 121 366 dii
139 341 299 378 laborisque
318 344 396 371 tinem
415 347 597 380 pollicentur“?

124 387 258 416 Ἐνταῦθα
276 391 327 426 μὲν
348 392 433 427 καλὴν
451 393 556 426 ἐλπίδα,
583 404 629 421 και
645 397 808 432 προσδοκίαν
828 398 874 424 εὑ-

83 434 268 468 φραίνουσαν·
295 437 323 462 ὲν
346 437 374 463 δὲ
395 439 451 469 τοῖς
476 439 585 472 ἔπειτα,
611 442 674 468 ὅταν
696 443 744 477 τὴν
762 443 875 478 ῥέουσαν

83 479 183 515 ταύτην
197 481 450 516 ἀποσκευασάμενοι
463 485 562 520 σάρκα,
576 487 623 522 τὴν
639 487 791 524 ἀφθαρσίαν
811 497 875 523 μετ-

83 523 266 559 ενδυσὼμεθα,
290 529 428 562 μακαρίαν
459 529 547 564 ζωὴν,
570 531 685 567 ἄληκτον
709 534 754 560 καὶ
777 534 876 560 ἀνώλε-

83 569 156 604 θρον,
176 571 206 597 ὲν
229 571 399 607 θαυμασταῖς
415 583 469 601 τισι
485 576 532 602 καὶ
554 577 600 603 νῦν
617 579 646 604 οὺ
661 580 876 615 γινωσκομέναις

82 617 145 650 ἡμῖν
161 617 321 650 εὐπαθείαις
337 619 569 655 ηὑτρεπισμένην,

115 701 223 728 Οὐκοῦν
236 703 260 728 οἰ
277 703 380 737 λογικοὶ
394 705 559 738 κτισθέντες,
574 707 620 734 καὶ
633 707 679 733 τὸν
690 708 751 734 νοῦν
768 709 873 744 ἔχοντες

81 746 132 771 τῶν
147 746 230 772 θείων
244 749 365 783 ἑρμηνέα
385 751 432 776 καὶ
445 751 601 787 παιδευτὴν,
619 753 656 787 μὴ
669 755 724 785 τοῖς
740 755 872 789 προσκαί-

81 801 137 825 pm;
150 792 324 828 δελεασθῆτε.
349 796 490 830 Κτήσασθε
503 797 531 823 δὲ
543 797 578 824 τὰ
592 799 725 833 μηδέποτε
739 800 870 835 καταλιμ-

81 837 201 864 πάνοντα
219 838 264 864 ’τὸν
288 840 475 875 κτησάμενον·
499 842 608 877 όρίσατε
627 844 713 880 μέτρα
726 846 758 880 τῇ
774 847 870 881 χρήσει

79 882 123 908 τοῦ
140 883 211 916 βίου.
230 884 274 920 Μὴ
297 886 386 912 πάντα
403 887 524 923 ὑμέτερα
538 897 545 903 ·
560 888 627 915 ἀλλὰ
643 891 724 925 μέρος
738 890 807 917 ἔστω
824 893 870 918 καὶ

78 930 130 955 τῶν
154 931 282 965 πενήτων
309 932 362 958 τῶν
378 933 527 967 ἀγαπητῶν
544 934 591 960 τοῦ
609 936 686 963 Θεοῦ.
712 937 803 964 Πάντα
816 938 869 974 γὰρ

78 975 123 1001 τοῦ
139 976 211 1002 Θεοῦ
231 977 277 1003 τοῦ
295 978 382 1005 κοινοῦ
397 979 512 1015 Πατρός.
540 980 634 1015 Ἡμεῖς
651 982 678 1007 δὲ
703 982 812 1017 ἀδελφοὶ
832 984 870 1015 ὼς

77 1021 219 1055 ὁμόφυλον
228 1022 358 1057 ἀδελφοὺς
368 1024 405 1056 δὲ,
415 1025 443 1051 τὸ
456 1026 504 1060 μὲν
515 1026 624 1061 ἄριστον
633 1027 679 1054 καὶ
691 1028 868 1064 δικαιότερον,

77 1068 137 1093 κατ’
157 1068 310 1102 ἰσομοιρίαν
327 1068 470 1104 λαγχάνειν
493 1071 540 1097 τοῦ
557 1072 667 1108 κλήρου.
698 1073 742 1099 Ἑν
755 1073 782 1099 δὲ
795 1073 869 1106 τάξει

77 1112 204 1148 δευτέρᾳ,
228 1113 278 1139 κᾶν
292 1114 322 1140 τὸ
336 1115 416 1141 πλέον
432 1113 500 1152 εἷςῆ
516 1116 641 1152 δεύτερος
665 1119 867 1154 σφετερίσηται,

77 1157 106 1182 τὺ
119 1157 187 1191 γοῦν
204 1158 286 1194 μέρος
300 1160 503 1195 κερδανέτωσαν
514 1163 538 1188 οἱ
555 1163 719 1198 λειπόμενοι.
737 1164 767 1190 Εἰ
782 1166 810 1191 δέ
826 1175 867 1196 τις

77 1203 195 1230 καθόλου
218 1205 311 1240 κύριος
326 1204 395 1233 εἶναι
412 1207 466 1233 τῶν
484 1208 591 1235 πάντων
607 1209 702 1242 ἐθέλοι,
725 1211 770 1237 καὶ
783 1211 867 1246 αὐτῆς

77 1249 124 1283 τῆς
146 1250 276 1286 τρίτηςῆ
295 1252 423 1287 πέμπτης
447 1254 543 1288 μοίρας
559 1255 688 1290 ἐξείργων
710 1257 771 1287 τοὺς
792 1257 869 1282 ἀδ;λ-

77 1296 153 1330 ζοὺς,
166 1293 246 1329 οὗτος
261 1299 357 1333 πικρὸς
372 1299 512 1333 τύραννος,
533 1301 668 1336 βάρϐαρος
683 1302 867 1335 ἀδιάλλακτος,

77 1342 170 1377 θηρίον
185 1343 337 1378 ἄπληστον,
358 1346 436 1380 μόνον
453 1346 537 1380 ἡδέως
561 1349 718 1382 περιχαῖνον
732 1350 764 1383 τῇ
782 1349 867 1385 θοίνῃ,

78 1388 178 1422 μᾶλλον
193 1389 221 1416 δὲ
245 1391 291 1416 καὶ
314 1391 404 1417 αὐτῶν
419 1393 585 1428 ἀγριώτερος
597 1394 650 1420 τῶν
666 1393 767 1430 θηρίων
780 1404 787 1411 ·
811 1395 868 1430 εἴγε

76 1434 156 1466 λύκος
169 1435 220 1469 μὲν
232 1436 277 1462 τὸν
289 1436 370 1463 λύκον
380 1439 419 1469 εἰς
431 1438 514 1474 βορὰν
528 1440 719 1475 παραδέχεται,
732 1442 778 1467 καὶ
788 1441 868 1473 κύνες

964 397 1040 424 Nunc
1050 399 1160 432 quidem
1177 400 1335 434 praeclaram
1353 408 1440 434 spem,
1452 405 1478 428 et
1494 401 1594 429 lzetitite
1609 403 1714 436 plenam

927 444 1176 478 exspectationem;
1195 451 1255 479 post
1271 449 1361 472 autem
1381 446 1491 481 quando
1510 447 1589 473 istius
1605 447 1715 475 assidue

926 487 1036 516 liuentis
1051 490 1143 517 carnis
1163 491 1257 524 spoliis
1273 491 1346 518 exuti
1366 491 1598 519 immortalitatem
1619 492 1714 519 indue-

927 534 1024 567 rimus,
1052 536 1133 562 vitam
1159 535 1276 568 beatam,
1307 537 1409 564 nullum
1440 537 1521 564 finem
1549 537 1712 568 habituram,

926 580 1010 607 nullis
1030 581 1109 608 malis
1123 581 1282 614 obnoxiam,
1297 583 1324 609 in
1347 583 1462 610 smnmis
1483 587 1510 609 et
1535 582 1712 613 admirandis.

925 633 1041 660 quaeque
1058 627 1101 654 hic
1129 636 1143 654 a
1166 629 1246 655 nobis
1266 629 1422 664 cognitione
1440 628 1633 662 comprehendi
1659 636 1713 654 non

923 676 1049 706 possunt,
1069 679 1222 700 versantem
1241 675 1346 708 gaudiis
1360 679 1387 701 et
1409 674 1605 709 voluptatibus.

961 717 1015 745 Vos
1033 719 1127 754 igitur,
1141 721 1187 754 qui
1207 721 1311 747 ratione
1322 720 1440 755 przediti,
1459 724 1486 746 et
1503 724 1593 747 mente
1620 728 1711 746 rerum

922 762 1077 790 divinarum
1093 765 1242 799 interprete
1256 774 1286 792 ac
1300 767 1430 800 magistra
1448 766 1570 792 decorati
1585 765 1662 796 estis,
1681 773 1714 791 ne

887 821 907 848 Β
922 809 1047 844 (quaeso)
1062 818 1109 836 vos
1130 818 1219 836 rerum
1241 811 1375 837 llnxarum
1398 816 1426 837 et
1445 810 1613 837 caducarutn
1638 809 1714 835 blan—

920 854 994 882 ditiis
1008 855 1128 887 deliniri,
1142 861 1169 882 et
1185 860 1315 891 tanquam
1333 864 1395 884 esca
1411 856 1477 883 illici
1494 862 1521 882 et
1543 856 1604 890 capi
1626 856 1712 889 patia-

919 899 997 926 mini.
1023 898 1244 934 Complectimini
1269 909 1343 932 utin.
1376 902 1423 935 qui
1464 901 1648 935 possidentem
1683 909 1712 926 se

919 952 1058 978 nunquam
1074 950 1115 972 est
1137 945 1335 979 derelicturns;
1361 947 1423 973 usui
1444 947 1506 973 vit-.e
1526 946 1634 973 modum
1660 946 1710 972 im—

920 989 1022 1023 ponite.
1040 989 1079 1017 Ne
1091 992 1182 1017 omnia
1205 996 1295 1018 vestra
1309 992 1475 1018 existimale.
1496 991 1537 1018 Sit
1554 1000 1616 1025 pars
1629 992 1710 1018 etiam

920 1043 1081 1070 pauperum.
1099 1041 1126 1063 et
1142 1038 1294 1064 amicorum
1315 1037 1372 1064 Dei.
1391 1037 1466 1064 Illius
1483 1039 1554 1064 enim
1569 1044 1632 1064 vere
1648 1042 1711 1064 sunt

919 1083 1022 1114 omnia,
1040 1090 1120 1116 quem
1136 1083 1269 1110 habemus
1286 1083 1405 1110 Patrem.
1423 1083 1478 1110 Nos
1496 1087 1587 1110 autem
1612 1083 1711 1109 ira'res

919 1135 1024 1154 smnus.
1040 1127 1213 1163 Quapropter
1231 1133 1259 1156 ut
1275 1137 1374 1163 genere
1386 1130 1549 1164 conjunclos
1565 1137 1597 1155 ac
1613 1129 1712 1156 fratres

920 1173 1018 1200 melius
1050 1174 1160 1208 quidrm
1191 1182 1222 1201 ac
1249 1175 1352 1209 justios
1383 1180 1442 1202 erat
1471 1175 1558 1209 :rqnis
1586 1175 1712 1209 partlbus

919 1225 1031 1245 cernere
1058 1219 1263 1248 lnereditatem:
1296 1229 1389 1247 verum
1423 1221 1580 1255 quandoid
1611 1221 1711 1247 factum

920 1271 975 1290 non
992 1268 1044 1294 est,
1060 1265 1107 1291 sed
1125 1273 1196 1291 unus
1212 1269 1259 1292 aut
1275 1266 1343 1293 alter
1355 1266 1417 1300 plus
1431 1266 1596 1297 interval-tit,
1614 1265 1711 1300 reliqui

920 1315 1021 1343 partem
1044 1318 1124 1336 unant
1145 1311 1240 1338 saltem
1257 1312 1412 1346 accipiant:
1431 1312 1504 1346 quod
1527 1312 1548 1338 si
1567 1313 1629 1346 quis
1653 1320 1712 1337 om-

926 1357 1002 1381 nium
1017 1363 1130 1390 prorsus
1144 1365 1205 1383 esse
1222 1357 1351 1384 dominus
1367 1362 1393 1384 et
1411 1358 1566 1383 universam
1582 1357 1637 1383 vult
1659 1360 1712 1383 lue-

919 1401 1062 1428 reditatem
1082 1406 1217 1435 avertere,
1233 1407 1260 1429 et
1281 1403 1362 1429 tertia
1381 1406 1428 1429 ant
1447 1402 1541 1436 quinta
1560 1406 1636 1436 parte
1658 1402 1711 1428 l'ia-

919 1449 974 1473 tres
999 1446 1157 1478 excludere,
1183 1448 1228 1475 ille
1258 1447 1342 1474 frater
1359 1451 1480 1480 nonest,
1513 1448 1559 1474 sed
1590 1447 1708 1474 acerbus

76 1481 103 1505 ἐν
117 1480 211 1516 ταύτῷ
231 1482 321 1508 πολλοὶ
337 1483 366 1509 ἓν
382 1485 565 1518 σπαράττουσι
592 1485 670 1520 σῶμα
685 1495 692 1501 ·
710 1487 724 1512 ὁ
737 1487 766 1513 δὲ
781 1487 867 1522 ἄπλη-

923 1496 1065 1527 tyrannus,
1080 1493 1195 1520 immitis
1209 1494 1354 1524 barbarus.
1373 1494 1427 1520 imo
1446 1502 1511 1520 vero
1535 1493 1707 1527 inexplebilis

78 1535 137 1557 στος
152 1527 249 1554 οὐδένα
266 1529 319 1554 τῶν
331 1529 472 1564 ὁμοφύλων
502 1531 542 1562 εἰς
555 1532 604 1566 τὴν
621 1533 765 1566 μετουσίαν
780 1542 868 1569 παρα-

76 1573 212 1608 λαμϐάνει
229 1575 275 1601 τοῦ
290 1576 403 1602 πλούτου
438 1577 530 1610 Ἀρκεῖ
545 1585 585 1603 σοι
600 1578 616 1612 ή
633 1577 788 1614 σύμμετρος
802 1580 868 1615 τρά-

77 1621 156 1653 πεζα.
175 1621 222 1657 Μὴ
241 1622 308 1657 προς
322 1622 350 1648 τὸ
374 1622 492 1656 πέλαγος
513 1623 562 1657 τῆς
588 1623 738 1650 ἀκολάστου
754 1625 867 1652 πανδαι-

78 1668 136 1698 σίας
151 1669 282 1704 ὲκπέσῃς.
299 1669 422 1695 Χαλεπὸν
436 1670 489 1704 γὰρ
499 1669 528 1695 τὸ
541 1670 712 1704 ἐπικείμενον
724 1673 863 1705 ναυάγιον,

77 1713 105 1739 οὐ
120 1714 235 1748 πέτραις
251 1715 447 1750 περιῤῥηγνύον
463 1715 583 1749 ὑφάλοις.
602 1715 659 1741 ἀλλ’
674 1717 714 1747 εἰς
730 1717 760 1742 τὺ
775 1718 869 1750 σκότος

77 1759 193 1791 ἐξωθοῦν
216 1760 247 1785 τὸ
269 1760 428 1794 βαθύτατον,
446 1760 506 1787 ὅθεν
523 1761 618 1787 οὔποτε
643 1761 657 1787 ὁ
680 1763 806 1796 ἐμπεσὼν
823 1765 869 1790 ἐκ-

77 1804 202 1839 ϐήσεται.

922 1537 987 1570 fera,
1005 1545 1064 1572 quae
1079 1539 1163 1565 hianti
1178 1547 1226 1566 ore
1243 1540 1301 1566 sola
1317 1547 1416 1566 suaves
1429 1539 1542 1566 devoret
1555 1539 1649 1573 dapes,
1663 1539 1705 1564 vel

922 1585 1012 1619 potius
1025 1585 1091 1619 ipsis
1105 1586 1187 1612 etiam
1206 1585 1273 1612 I'eris
1289 1585 1386 1612 savior
1401 1589 1428 1612 et
1450 1585 1605 1619 agrestior;
1622 1584 1710 1618 siqui-

921 1631 1023 1658 demet
1045 1631 1126 1665 lupus
1144 1631 1175 1657 ad
1200 1631 1384 1658 devorandum
1407 1631 1525 1666 praedam
1545 1631 1638 1664 lupum
1658 1629 1709 1655 sibi

922 1676 1026 1703 SOI'illlll
1039 1676 1172 1711 adjnngil,
1190 1677 1397 1704 elranesmulti
1414 1684 1610 1710 nommuquam
1629 1675 1709 1702 sime!

923 1722 992 1748 idem
1012 1722 1145 1748 dilaniant
1160 1731 1271 1756 corpus.
1292 1723 1325 1749 At
1350 1723 1402 1749 iste
1419 1722 1577 1749 divitiarum
1598 1729 1709 1748 suarum

922 1767 1025 1793 multum
1042 1767 1164 1801 ejusdem
1177 1768 1285 1802 generis
1299 1769 1437 1795 hominem
1456 1767 1616 1802 participem
1635 1767 1709 1794 facit.

923 1812 1059 1839 Moderata
1081 1822 1173 1840 mensa
1190 1814 1294 1840 sni'lieit
1314 1814 1374 1842 tibi.
1392 1813 1431 1841 Ne
1451 1819 1478 1841 te
1494 1815 1520 1840 in
1546 1813 1611 1840 illud
1632 1813 1710 1839 luxu-

77 1853 123 1879 lia:
138 1854 252 1888 pelagus
279 1854 424 1886 demittas,
445 1858 474 1881 ut
501 1856 625 1882 convivia
653 1856 727 1883 omni
760 1865 858 1891 genere
877 1859 1001 1888 ciborum
1019 1862 1152 1888 instructa
1183 1862 1261 1888 velis.
1295 1861 1352 1888 Illic
1387 1861 1460 1887 enim
1489 1868 1570 1895 grave
1601 1859 1710 1886 naufra-

76 1898 148 1932 gium
167 1898 205 1929 lit,
223 1906 277 1933 quo
297 1907 350 1925 non
364 1899 483 1932 scopulis
495 1900 546 1927 sub
565 1901 623 1927 salo
639 1901 785 1930 latentibus
800 1903 949 1938 collideris,
986 1906 1033 1933 sed
1066 1906 1093 1933 in
1121 1907 1283 1934 altissimam
1308 1911 1335 1934 et
1369 1906 1594 1934 obscurissimam
1632 1913 1709 1931 vora-

76 1944 164 1978 ginem
181 1944 346 1973 detrulleris.
362 1945 389 1971 in
407 1953 488 1978 quant
502 1946 546 1980 qui
566 1947 649 1973 semel
668 1948 773 1980 incidit,
790 1957 929 1984 nunquam
945 1957 1076 1988 emerget.

110 1990 230 2025 Χρῆσαι,
249 1989 285 2025 μὴ
302 1992 467 2027 παραχρήσῃ
479 2001 486 2007 ·
510 1991 588 2018 τοῦτο
605 1993 657 2028 γάρ
673 2001 702 2019 σε
725 1995 770 2020 καὶ
788 1994 864 2021 Παῦ-

77 2035 120 2066 λος
137 2035 266 2067 ἐδίδαξεν.
285 2036 362 2067 ’Λνες
385 2037 480 2062 σαυτὸν
495 2037 642 2063 ἀπολαύσει
661 2040 864 2076 μεμετρημένῃ.

78 2081 121 2115 Μὴ
137 2080 291 2116 βακχεύσῃς
306 2083 364 2112 ταῖς
379 2082 493 2116 ἡδοναῖς.
509 2083 553 2118 Μὴ
567 2083 673 2110 πάντων
687 2084 778 2116 ἁπλῶς
789 2085 865 2117 ζώων

77 2126 186 2161 ὄλεθρος
209 2125 266 2156 ἔσο,
289 2127 473 2162 τετραπόδων,
498 2128 632 2162 μεγάλων,
659 2129 774 2164 μικρῶν,
793 2131 865 2166 ὀρνί-

77 2171 138 2202 θων,
155 2171 265 2205 ἰχθύων,
277 2171 330 2198 τῶν
345 2172 524 2207 εὺπορίστων,
539 2173 592 2200 τῶν
608 2174 738 2206 σπανίων,
753 2175 808 2202 τῶν
822 2177 865 2202 εὑ-

77 2215 162 2248 ώνων,
179 2216 235 2243 τῶν
251 2217 415 2252 πολυτίμων.
434 2218 479 2252 Μὴ
496 2219 602 2246 πολλῶν
617 2219 755 2255 θηρευτῶν
778 2221 868 2257 ἱδρῶτι

78 2262 142 2296 μίαν
157 2262 261 2297 πλήρου
282 2264 402 2298 γαστέρα
415 2284 422 2295 ,
447 2263 541 2299 ὥσπερ
567 2274 593 2290 τι
614 2266 701 2301 φρέαρ
719 2266 868 2301 βαθύτατον

77 2307 235 2343 πολυχειρίᾳ
247 2309 301 2334 τῶν
312 2310 468 2344 χωννύντων
485 2310 521 2346 μὴ
536 2311 724 2346 γεμιζὸμενον.
740 2313 789 2339 Διὰ
803 2314 866 2345 τοὺς

76 2355 237 2389 τρυφῶντας
253 2356 313 2381 οὐδὲ
330 2357 344 2382 ὁ
367 2356 444 2390 βυθὸς
461 2357 509 2392 τῆς
525 2357 661 2393 Θαλάσσης
691 2359 866 2394 ἁνενόχλητος

78 2401 162 2434 μένει.
171 2402 240 2428 Οὐδὲ
252 2403 290 2436 τῷ
304 2402 379 2429 ὕδατι
389 2403 530 2437 νηχόμενοι
542 2403 640 2437 ἰχθύες,
653 2405 726 2438 μόνοι
738 2405 865 2440 ἀγρεύον-

76 2455 129 2478 ut,
154 2448 224 2474 ἀλλὰ
248 2449 292 2475 καὶ
314 2449 363 2475 ὅσα
383 2449 463 2475 ἄθλια
486 2449 543 2481 ζῶα
568 2451 598 2484 τῇ
628 2452 790 2488 ὑποστάθμῃ
812 2453 866 2479 τῶν

78 2492 179 2520 ὑδάτων
194 2495 354 2529 ἐμφέρεται,
379 2496 425 2522 καί
448 2495 533 2522 ταῦτα
550 2496 618 2531 πρὸς
628 2497 676 2532 τὴν
693 2498 804 2533 ἤπειρον
820 2499 866 2525 καὶ

76 2538 120 2563 τὸν
144 2539 214 2574 ἀέρα
238 2539 331 2566 τοῦτον
360 2540 507 2572 ἐξελκεται.
538 2541 630 2572 Οὕτως
661 2542 695 2568 τὰ
721 2543 786 2577 γένη
810 2544 865 2570 τῶν

77 2583 193 2618 ὀστρέων
217 2585 268 2610 οὐκ
291 2584 379 2618 ἔλαθε,
397 2587 442 2612 καὶ
458 2587 472 2611 ὀ
491 2587 578 2620 ἐχῖνος
608 2587 765 2620 ἀγρεύεται,
785 2589 830 2614 καὶ
847 2590 862 2624 ἡ

78 2627 162 2661 σηπία
184 2628 305 2662 ἕρπουσα
327 2631 514 2665 σαγηνεύεται,
541 2631 587 2657 καὶ
604 2632 617 2657 ὁ
641 2632 776 2663 πολύπους
801 2635 861 2665 ταῖς

77 2673 189 2708 πέτραις
200 2675 399 2708 προσπεφυκὼς
409 2677 574 2709 ἀποσπᾶται,
594 2678 638 2704 καὶ
653 2679 677 2704 οἱ
692 2679 795 2713 κοχλίαι
806 2680 860 2705 τῶν

78 2721 241 2746 πατωτάτων
267 2721 355 2754 βυθῶν
377 2723 574 2759 ἁποσύρονται·
602 2724 648 2750 καὶ
681 2725 768 2752 πάντα
795 2726 860 2761 γένη

117 2811 149 2837 ⁶1
169 2812 232 2838 Cor.
256 2820 302 2843 \‘u,
321 2812 346 2839 5.

956 1998 1037 2026 Utere
1054 1999 1147 2035 igitur,
1161 2004 1248 2031 utere,
1265 2007 1298 2026 ne
1312 2000 1435 2026 abutaris
1451 2009 1457 2025 ι
1472 1999 1511 2026 sic
1525 1999 1595 2026 enim
1610 1997 1709 2025 Paulus

918 2045 999 2071 etiam
1025 2045 1167 2073 edocuit“.
1195 2045 1315 2073 Modesta
1341 2046 1523 2072 oblectatione
1549 2050 1575 2071 te
1603 2052 1706 2071 recrea.

918 2091 1114 2126 Temperanter
1139 2093 1259 2119 animum
1282 2093 1382 2119 relaxa.
1414 2091 1453 2118 Ne
1482 2096 1508 2119 te
1535 2091 1641 2118 delicia:
1669 2090 1708 2117 sic

917 2137 1045 2169 obruant,
1070 2141 1100 2164 ut
1119 2137 1201 2164 nimia
1219 2137 1308 2164 laetitia
1326 2137 1438 2170 gestias,
1463 2139 1490 2163 et
1512 2136 1617 2163 insanis
1632 2135 1706 2163 volu-

885 2184 1042 2230 nplatibns
1072 2183 1259 2210 debaccheris.
1294 2182 1333 2209 Ne
1360 2183 1398 2210 sis
1434 2182 1593 2209 animalium
1628 2182 1708 2216 plane

922 2230 1042 2256 Olltllillll'
1056 2230 1200 2264 pernicies,
1221 2230 1383 2264 ingentium,
1399 2229 1592 2260 mediocrium,
1617 2229 1708 2255 minit-

922 2280 1020 2307 torum,
1048 2274 1241 2309 gradientium,
1271 2275 1432 2305 volantium,
1458 2273 1624 2303 natantium,
1651 2273 1708 2299 sive

920 2321 1031 2346 inventu
1051 2319 1152 2350 l‘aciiia,
1171 2319 1227 2346 sive
1248 2319 1366 2346 dilﬁcilia
1385 2320 1450 2351 sint,
1467 2327 1515 2346 seu
1542 2326 1641 2353 magno
1659 2326 1707 2345 seu

921 2365 966 2391 vili
991 2365 1079 2399 pretio
1101 2369 1228 2392 veneant.
1254 2365 1400 2391 Multorum
1428 2365 1585 2391 venantium
1608 2364 1708 2392 sudore

918 2414 1039 2436 ventrem
1057 2419 1140 2436 unum
1156 2418 1189 2437 ne
1209 2412 1324 2445 replens.
1345 2410 1384 2438 Ne
1404 2411 1459 2438 siut
1476 2410 1569 2437 fauces
1584 2414 1637 2436 tuzo
1658 2417 1703 2436 ve—

916 2456 964 2482 luti
989 2463 1108 2490 vorago,
1129 2461 1176 2482 aut
1196 2464 1306 2491 gurges,
1332 2460 1379 2483 aut
1399 2456 1574 2483 vastissimas
1597 2463 1629 2481 ac
1644 2463 1706 2489 pro—

915 2501 1096 2529 fundissimus
1122 2507 1231 2536 puteus.
1256 2502 1289 2528 ad
1314 2509 1394 2537 quem
1412 2501 1581 2529 obruendum
1607 2500 1705 2526 multo-

914 2555 973 2573 rum
993 2547 1114 2573 laborent
1133 2556 1239 2574 manus.
1268 2547 1382 2582 Pr0pter
1404 2548 1543 2574 hominum
1567 2545 1702 2572 luxuriam

913 2598 994 2628 atque
1012 2594 1135 2623 delicias.
1155 2602 1208 2620 non
1231 2594 1313 2620 modo
1330 2601 1404 2620 mare
1425 2592 1590 2628 profundum
1608 2591 1701 2617 turba-

915 2642 976 2671 tur;
993 2647 1047 2665 non
1060 2639 1140 2673 aquis
1155 2640 1243 2666 solum
1262 2640 1417 2666 innatantes
1431 2639 1576 2672 capiuntur
1590 2636 1699 2671 pisces;

916 2687 962 2710 sed
990 2685 1053 2714 alia,
1082 2692 1253 2720 quaacunque
1278 2685 1406 2711 animalia
1430 2684 1457 2710 in
1483 2683 1562 2716 aquis
1589 2682 1702 2716 degunt,

917 2729 979 2756 inde
1001 2729 1027 2755 in
1062 2734 1162 2757 terram
1194 2734 1221 2757 et
1239 2731 1339 2758 ccelum
1359 2730 1410 2757 hoc
1437 2727 1629 2756 extrahuntur.
1656 2725 1701 2754 Sic
