1912 3080
60 109 107 135 ιεθ
643 106 686 132 DE
702 105 920 133 PAUPERIBUS
936 105 1099 134 AMANDIS.

1637 112 1690 140 ΠΟ

60 168 84 194 δὲ
110 166 193 193 πάλιν
215 167 366 201 ὁμότροπος
394 165 502 198 τούτου,
529 165 710 201 κατεδικάσθη
736 166 846 193 θάνατον

902 165 1036 193 malorum
1071 167 1171 202 abysso
1206 167 1373 195 describitur
1407 169 1574 197 coerceri’?
1603 170 1692 204 Quid?

61 213 279 248 ἀπροσδόκητον,
302 214 331 239 ὲν
354 215 386 249 τῇ
412 214 516 248 ἑσπέρᾳ
540 214 588 248 τὴν
614 213 727 248 ἑωθινὴν
749 213 851 248 τροφὴν

62 260 263 295 βουλευόμενος,
287 260 332 286 καὶ
355 260 401 285 τοῦ
427 259 524 294 ὄρθρου
554 259 590 294 μὴ
619 258 779 286 καταλαϐὼν
801 259 851 294 τὴν

63 306 163 331 ἀκτῖνα.
192 305 238 340 Μὴ
261 304 352 339 θνητοὶ
379 305 427 339 τὴν
448 305 556 334 πίστιν.
581 304 628 330 καὶ
653 305 779 332 ἀθάνατοι
802 305 851 340 τὴν

63 351 217 377 ἀπόλαυσιν.
236 350 328 382 Οὕτως
345 352 399 386 γὰρ
415 351 512 386 ἔχομεν
527 350 649 386 γνώμης,
665 351 691 377 οἰ
713 351 747 378 τὰ
762 351 850 378 πάντα

64 397 180 428 [μέλοντες
203 398 234 432 τῇ
259 398 308 432 τῆς
335 397 434 432 σαρκὸς
458 397 585 433 κολακείᾳ.
612 397 789 433 χαρίζεσθαι,
813 398 850 429 ὠς

62 443 191 478 ἀδιάδοχοι
215 443 411 474 οὶκοδεσπόται,
435 444 471 475 ὡς
494 444 627 479 διηνεκεῖς
651 444 704 470 τῶν
729 444 775 470 ἐπὶ
798 443 850 478 γῆς

62 491 156 525 κύριοι,
175 491 204 515 ὲν
219 489 259 524 τῷ
271 489 345 524 θέρει
357 490 406 524 τὴν
424 489 527 524 σπορὰν
544 489 738 524 μεριμνῶντες,
760 489 806 515 καὶ
821 489 850 515 ἐν

61 537 90 571 τῇ
116 535 207 570 σπορᾷ
229 535 278 570 τὴν
303 535 350 561 τοῦ
375 535 507 571 θερισμοῦ
523 535 655 570 θυμηδίαν
672 534 847 566 ἐλπίζοντες·

62 581 220 614 φυτεύοντες
243 581 292 614 τὴν
311 580 461 611 πλάτανον,
485 579 532 606 καὶ
553 579 600 606 τοῦ
622 579 724 614 ὑψηλοῦ
740 579 848 614 δένδρου

61 626 105 662 τὴν
130 627 210 652 σκιὰν
242 626 405 658 ἐλπίζοντες
430 625 654 660 καταπηγνύντες
674 625 719 651 τὸν
741 624 850 660 πυρῆνα

60 673 101 699 τοῦ
116 672 253 706 φοίνικος,
280 672 326 698 καὶ
345 671 394 706 τὴν
409 671 565 705 γλυκύτητα
578 670 632 697 τῶν
653 669 767 705 καρπῶν
785 670 849 695 ἀνα⁴

62 717 193 751 μένοντες.
223 717 278 743 Καὶ
299 716 384 742 ταῦτα
401 715 530 747 πολλάκις
552 716 580 741 ἐν
596 714 686 750 πολιᾷ,
701 715 744 741 ὅτε
766 715 849 748 ἐγγὺς

60 762 100 788 τοῦ
118 762 238 789 θανάτου
256 761 367 797 χειμῶν’
386 762 509 788 λείπουσι
529 762 556 787 δὲ
570 763 602 796 τῇ
618 762 684 796 ζωῇ,
702 761 732 787 οὺ
750 760 848 792 κύκλος

59 806 198 839 ἐνιαυτῶν,
215 807 284 834 ἀλλὰ
296 808 369 842 τρεῖς
382 807 399 841 ἤ
416 807 544 841 τέτταρες
556 806 669 851 ἡμέραι.

904 210 974 238 Huic
990 211 1059 239 alter
1073 212 1118 240 ille
1139 213 1250 245 similis,
1267 222 1358 241 nonne
1372 222 1435 242 cum
1450 217 1556 250 vesperi
1582 218 1615 244 de
1633 226 1690 244 ma-

903 256 999 284 tutinis
1014 256 1121 284 deliciis
1143 258 1289 292 cogitaret,
1307 263 1362 285 tam
1379 259 1577 294 inexspectata,
1597 266 1623 288 et
1645 270 1689 290 re-

905 303 1017 336 pentina
1038 303 1184 331 damnatus
1201 309 1243 331 est
1268 309 1366 336 morte,
1395 309 1425 332 ut
1443 313 1477 332 ne
1501 308 1615 335 orientis
1629 309 1687 342 qui-

902 348 964 375 dem
985 349 1052 376 solis
1068 349 1175 376 radium
1197 351 1316 384 potuerit
1334 351 1471 378 intueri“!
1485 351 1604 381 Proinde
1627 362 1689 382 cum

902 395 1033 422 mortales
1057 395 1155 429 simus,
1173 396 1250 423 tidem
1269 405 1304 424 ne
1328 397 1502 432 abjiciamus,
1527 407 1594 426 neve
1612 400 1688 427 frua-

903 447 964 466 mur
987 441 1173 476 voluptatibus
1198 446 1227 468 ut
1253 442 1433 471 immortales.
1464 443 1509 471 Sic
1536 445 1608 472 enim
1634 445 1689 473 iere

904 484 993 512 allecti
1015 494 1121 518 smnus,
1140 487 1295 522 quicunque
1310 488 1391 523 genio
1405 489 1558 524 indulgere,
1572 495 1599 517 et
1612 492 1688 518 carni

901 530 928 558 iu
945 532 1073 559 omnibus
1095 533 1209 567 obsequi
1233 534 1369 561 volumus.
1395 534 1535 570 Tanquam
1554 537 1689 571 patresl'a-

900 577 992 604 milias
1013 586 1201 606 successorem
1218 587 1358 614 nunquam
1377 581 1507 613 habituri,
1525 586 1551 609 et
1566 583 1687 617 perpetui

900 631 990 650 rerum
1023 624 1204 652 humanarum
1230 626 1345 657 domini,
1371 627 1469 654 messis
1492 632 1613 663 tempore
1642 637 1687 656 se-

900 675 1019 696 mentem
1050 670 1176 703 facimus,
1207 675 1235 698 et
1272 672 1382 706 quando
1413 673 1604 700 seminandum
1633 677 1686 706 est.

901 723 1045 749 speramus
1069 716 1190 743 laetitiam
1209 718 1317 744 messis.
1338 717 1480 745 Platanum
1509 720 1638 750 serimus.
1660 725 1688 746 et

900 768 1022 795 procera:
1041 762 1147 789 arboris
1166 763 1289 789 umbram
1304 771 1458 798 speramus.
1479 764 1580 792 Palmm
1594 773 1687 793 semcn

900 812 979 834 terra:
995 809 1202 840 committimus,
1217 813 1244 836 et
1256 809 1394 837 fructuum
1406 811 1579 838 dulcedinem
1592 820 1688 847 exspe-

59 860 172 880 ctamus.
191 853 256 880 Haec
274 859 364 880 autem
384 853 440 880 fere
461 853 487 879 in
509 853 567 887 ipsa
593 855 746 884 senectute,
771 851 884 886 quando
900 853 956 887 jam
978 854 1054 880 adest
1077 854 1166 881 aetatis
1191 859 1349 888 autumnus,
1369 862 1396 883 et
1418 858 1515 885 mortis
1536 857 1623 886 hiems
1639 859 1688 886 ad-

58 903 156 929 ventat,
175 903 204 925 et
231 899 292 926 vitae
315 898 454 925 residuum
484 903 591 932 tempus
616 901 657 925 est
682 905 738 924 non
761 898 846 925 series
865 905 1012 930 annorum,
1034 899 1081 926 sed
1102 904 1158 927 tres
1175 906 1222 926 aut
1238 906 1356 935 quatuor
1373 901 1442 929 dies.

89 946 271 981 Λογισώμεθα
295 946 383 972 τοίνυν
404 946 442 977 ὡς
457 945 578 980 λογικοὶ,
599 946 640 972 ὃτι
665 946 811 982 παροδικὸς
834 947 846 972 ὁ

935 945 1092 982 Cugitemus
1104 947 1186 983 igitur
1203 956 1264 980 nos,
1281 950 1327 984 qui
1341 950 1445 977 ratione
1460 951 1564 986 praediti
1579 959 1686 985 sumus,

59 993 110 1026 βίος
125 992 216 1027 ἡμῶν,
236 992 283 1019 καὶ
301 993 370 1028 ῥέων
382 994 395 1019 ὁ
411 992 515 1028 χρόνος,
531 992 644 1023 ἄστατός
659 1001 688 1018 τε
702 992 748 1018 καὶ
765 992 845 1027 dole.

58 1048 108 1070 τος,
130 1038 227 1074 ὥσπερ
241 1047 268 1065 τι
284 1039 372 1074 ῥεῦμα
389 1038 522 1073 ποταμοῦ,
540 1039 594 1064 πᾶν
613 1038 643 1064 τὸ
656 1038 684 1064 ὲν
694 1038 769 1072 αὺτῷ
781 1046 846 1071 τυγ-

57 1085 131 1119 χάνον
147 1085 269 1111 ἐλαύνων
290 1085 357 1120 πρὸς
369 1085 399 1111 τὸ
422 1085 470 1120 τῆς
486 1085 588 1119 φοορᾶς
601 1084 676 1115 τέλος
688 1092 695 1098 ·
718 1084 765 1110 καὶ
779 1084 845 1116 εἴθε,

59 1131 155 1167 βραχὺς
170 1131 209 1158 ὼν
223 1132 271 1158 καὶ
285 1131 426 1167 ὲπίκηρος,
443 1131 564 1166 ὑπῆρχεν
578 1130 738 1162 ἀνεύθυνοςῐ
762 1130 847 1156 Τοῦτο

57 1179 83 1204 δέ
97 1179 152 1204 ἐστι
172 1178 204 1205 τὺ
226 1178 405 1209 ἐπικίνδυνον,
429 1178 458 1204 τὸ
480 1177 600 1212 ἑκάστης
623 1177 707 1212 ὧρας,
734 1177 764 1203 οὑ
793 1176 846 1212 μὴν

57 1224 119 1250 ἀλλὰ
133 1225 180 1251 καὶ
197 1224 253 1250 τῶν
279 1223 376 1257 λόγων,
399 1221 435 1250 ὧν
451 1222 637 1258 φθεγγόμεθα,
655 1222 693 1257 τῷ
706 1221 845 1257 ἀδεκάστῳ

57 1271 220 1305 δικαστηρίῳ
236 1269 285 1305 τὴν
300 1269 446 1303 ἀπολογίαν
458 1269 584 1303 ὀφείλειν.
602 1268 647 1295 Διὸ
666 1269 713 1295 καὶ
727 1269 741 1295 ὁ
758 1268 845 1303 μακά-

59 1324 110 1351 ριος
126 1315 295 1351 Ψαλμῳδὸς,
311 1316 377 1351 πρὸς
391 1315 487 1349 ὁμοίαν
501 1314 555 1341 τῶν
570 1313 616 1340 νῦν
631 1314 784 1349 λεγομένων
802 1312 844 1339 ἐν·

57 1371 125 1388 νοιαν
141 1363 240 1389 ἑαυτὸν
263 1362 417 1397 ἀναφέρων,
439 1361 570 1396 ἐπιθυμεῖ
593 1360 753 1395 γνῶναιτοῦ
781 1359 844 1386 ἰδίου

56 1408 143 1440 τέλους
157 1408 208 1442 τὴν
227 1408 405 1443 προθεσμίαν.
429 1407 586 1440 Ἐκλιπαρεῖ
606 1407 634 1432 δὲ
651 1406 695 1432 τὸν
710 1406 775 1432 Θεὸν
792 1405 845 1431 τῶν

58 1454 200 1480 ἐπιλοίπων
215 1453 326 1489 ἡμερῶν
338 1453 494 1488 διδαχθῆναι
507 1453 552 1479 τὸν
568 1452 695 1488 ἀριθμὸν,
716 1452 761 1478 ἵνα
777 1451 845 1487 πρὸς

56 1499 85 1525 τὰ
100 1500 167 1535 ἔργα
183 1500 235 1534 τῆς
252 1499 341 1532 ἐξόδου
354 1499 606 1534 παρασκευάσηται.
623 1498 667 1532 Μὴ
683 1497 804 1533 ταραχθῇ
817 1496 845 1522 δὲ

56 1546 155 1581 ἀθρόως
171 1546 209 1577 ὼς
222 1546 362 1581 ἁνέτοιμος
384 1545 522 1581 ὁδοιπόρος
541 1544 641 1580 μεταξὺ
657 1543 783 1579 βαδίζων,
798 1543 845 1569 καὶ

55 1592 86 1618 τὰ
112 1593 251 1626 ἀναγκαῖα
274 1591 328 1617 τῶν
351 1591 464 1625 ἐφοδίων
489 1589 655 1626 περιζητῶν.
674 1590 758 1625 Φησὶν
781 1587 844 1616 οὖν·

897 999 978 1026 quam
998 992 1101 1028 fragilis
1123 993 1250 1028 [luxuque
1271 995 1307 1023 sit
1323 996 1376 1022 vita
1396 1000 1501 1027 nostra.
1515 1005 1596 1032 quam
1615 999 1688 1025 velo-

897 1037 966 1064 citer
978 1037 1086 1064 labatur
1099 1042 1215 1073 tempus,
1235 1042 1264 1065 ut
1279 1039 1339 1066 sisti
1360 1039 1539 1075 cohiberique
1553 1048 1609 1067 non
1624 1048 1689 1076 pos-

898 1083 944 1114 sit,
976 1088 1005 1110 ut
1033 1084 1154 1111 ﬂuminis
1182 1092 1281 1112 cursus
1308 1085 1400 1112 omnia
1420 1093 1482 1119 qua:
1503 1086 1626 1118 metitur,
1653 1085 1687 1113 ad

897 1131 1037 1157 interitum
1069 1131 1153 1157 ducat
1180 1135 1207 1157 et
1235 1131 1337 1158 trahat.
1360 1131 1449 1166 Atque
1472 1131 1576 1158 utinam
1605 1132 1687 1160 breve

897 1180 1004 1203 tantum
1032 1180 1106 1204 esset
1131 1177 1248 1211 spatium
1271 1178 1342 1209 vitm,
1366 1176 1448 1204 modo
1472 1177 1616 1204 reddenda:
1641 1185 1688 1204 ra-

898 1222 964 1249 tioni
994 1230 1047 1249 non
1082 1230 1206 1250 essemus
1234 1223 1355 1250 obnoxii.
1389 1223 1468 1250 Nunc
1501 1228 1592 1250 autem
1621 1224 1687 1251 illud

898 1269 995 1294 merito
1011 1273 1140 1303 torquere
1161 1276 1210 1295 nos
1226 1269 1316 1299 debet.
1337 1269 1409 1304 quod
1433 1273 1460 1296 et
1480 1270 1595 1304 singulis
1614 1270 1688 1298 horis

897 1313 982 1340 instat
1007 1314 1172 1348 perieulum.
1202 1318 1229 1341 et
1261 1315 1439 1349 incorruptus
1466 1319 1548 1349 atque
1583 1316 1688 1350 integer

897 1358 1040 1387 adeundus
1073 1364 1115 1386 est
1150 1359 1254 1394 judex,
1293 1360 1365 1395 apud
1396 1368 1478 1395 quem
1512 1369 1566 1387 non
1597 1362 1687 1388 solum

901 1412 1007 1437 eorum,
1023 1413 1083 1439 qua:
1100 1406 1224 1437 fecimus,
1244 1407 1291 1433 sed
1311 1406 1445 1438 omnium,
1472 1414 1533 1441 qua:
1555 1407 1686 1438 diximus,

897 1450 1035 1478 reddenda
1051 1451 1131 1479 nobis
1149 1452 1230 1479 ratio.
1247 1451 1431 1486 Quamobrem
1444 1452 1502 1479 haec
1517 1460 1609 1479 secum
1627 1453 1686 1487 ipse

897 1499 990 1526 animo
1013 1499 1124 1527 volvens
1149 1499 1245 1527 beatus
1277 1499 1321 1527 ille
1345 1504 1422 1526 vates
1450 1505 1510 1527 avet
1536 1499 1687 1535 intelligere

897 1545 1062 1579 praeﬁnitum
1078 1545 1225 1572 terminum
1241 1546 1313 1572 vitae.
1335 1544 1429 1580 Itaque
1445 1545 1529 1572 Deum
1548 1549 1686 1580 precatur,

898 1595 927 1618 ut
952 1591 1004 1618 sibi
1030 1598 1175 1618 numerum
1201 1591 1320 1624 dierum,
1347 1592 1392 1626 qui
1418 1592 1514 1627 reliqui
1535 1596 1609 1624 sunt,
1637 1600 1688 1619 an-

56 1623 209 1672 I‘rtbpraiir
220 1647 280 1672 μοι,
295 1623 390 1671 Κύριε,
407 1637 439 1664 τὸ
455 1623 547 1671 πέρας
560 1623 629 1672 μου,
649 1636 698 1663 καὶ
708 1623 767 1662 ’τὸν
783 1636 845 1670 ἀρι-

898 1637 1018 1668 nuntiet,
1034 1644 1089 1671 quo
1111 1637 1234 1672 accingat
1251 1644 1313 1664 sese
1335 1637 1368 1664 ad
1389 1644 1432 1670 ea,
1449 1645 1509 1672 quae
1534 1637 1567 1664 ad
1583 1638 1685 1664 exitum

56 1685 125 1718 θμὸν
148 1683 209 1710 τῶν
232 1682 349 1718 ἡμερῶν
360 1692 429 1717 μου,
449 1683 494 1715 τίς
513 1683 618 1709 ἐστιν·
642 1682 692 1709 ἵνα
716 1681 794 1716 γνῶ,
816 1681 845 1707 τί

56 1729 165 1762 ὑστερῶ
183 1727 252 1764 ἐγώ.
276 1729 354 1755 Ἶδοὺ
373 1729 543 1761 παλαιστὴς
561 1729 632 1755 ἔθου
658 1728 711 1760 τὰς
731 1727 844 1762 ἡμέρας

56 1784 118 1808 μου,
142 1775 192 1801 καὶ
211 1776 230 1808 ἡ
249 1775 417 1808 ὑπόστασίς
435 1784 494 1808 μου
516 1774 586 1800 ὡσεὶ
605 1773 695 1800 οὐδὲν
715 1773 845 1799 ἐνώπιόν

55 1830 118 1849 σου.
145 1821 233 1848 Βλέπε
252 1821 341 1856 ψυχῆς
358 1821 469 1856 συνετῆς
494 1821 628 1856 μέριμναν
651 1819 772 1853 ἀγαθὴν,
798 1819 845 1846 καὶ

55 1867 136 1894 ταῦτα
153 1869 181 1893 ὲν
196 1867 329 1902 βασιλικῷ
345 1867 488 1902 ἀξιώματι.
511 1865 712 1901 Ἐνοπτρίζεται
733 1865 787 1900 γὰρ
800 1865 845 1891 τὸν

56 1914 167 1940 Βασιλέα
184 1913 239 1940 τῶν
255 1913 386 1948 βασιλέων
403 1914 449 1939 καὶ
470 1913 515 1938 τὸν
537 1911 640 1947 Κριτὴν
663 1910 717 1937 τῶν
732 1910 844 1947 κριτῶν-

56 1961 99 1986 καὶ
120 1961 208 1995 ζητεῖ,
231 1960 276 1987 τὸν
292 1960 392 1986 τέλειον
408 1960 508 1994 κόσμον
529 1959 582 1985 τῶν
601 1957 715 1984 ἐντολῶν
729 1956 838 1992 κομισά-

57 2016 142 2041 μενος,
158 2007 287 2034 ἀπελθεῖν
299 2006 390 2042 ἄρτιος
407 2007 456 2040 τῆς
471 2005 543 2040 ζωῆς
553 2005 602 2039 τῆς
615 2005 703 2030 ἐκεῖσε
722 2003 843 2038 πολίτης*

55 2051 85 2088 ἧς
99 2053 204 2086 γένοιτο
219 2052 323 2084 πάντας
336 2053 409 2086 ἡμᾶς
424 2052 562 2085 ἐπιτυχεῖν
584 2049 675 2084 χάριτι
690 2049 735 2074 καὶ
750 2048 844 2081 φιλαν-

56 2099 159 2135 θρωπίᾳ.
172 2099 219 2126 τοῦ
234 2099 337 2134 Κυρίου
353 2097 431 2133 ἡμῶν
451 2096 537 2132 Ἰησοῦ
551 2095 680 2131 Χριστοῦ,
702 2092 723 2128 ᾧ
742 2095 758 2129 ἡ
779 2094 841 2125 δόξα

56 2148 91 2177 εἰς
101 2147 163 2178 τοὺς
180 2145 283 2177 αἰῶνας
298 2145 352 2172 τῶν
366 2145 480 2171 αἰώνων.
504 2144 599 2179 Ἀμήν.

896 1684 1049 1718 pertinent,
1077 1690 1112 1710 ne
1140 1687 1270 1717 tanquam
1298 1682 1387 1710 viator
1415 1683 1596 1718 improvidus,
1621 1683 1685 1710 dum

900 1730 953 1756 iter
976 1729 1052 1759 facit.
1077 1734 1103 1756 et
1132 1729 1261 1756 viaticum
1288 1730 1475 1757 necessarium
1504 1730 1611 1764 quaerit,
1640 1738 1684 1757 ro-

896 1780 977 1811 peule
998 1776 1131 1803 turbetur.
1151 1776 1196 1803 Sic
1212 1776 1295 1810 igitur
1313 1776 1420 1811 inquit:
1436 1775 1537 1803 Natum
1551 1776 1594 1811 fac
1610 1776 1684 1808 mihi,

895 1822 1018 1854 Domine,
1033 1822 1113 1856 ﬁnem
1128 1829 1225 1853 meum,
1239 1826 1263 1848 et
1278 1830 1414 1849 numerum
1436 1821 1540 1849 dierum
1556 1830 1684 1855 meorum,

898 1868 957 1902 quis
969 1872 1019 1898 est,
1040 1871 1068 1893 ut
1088 1868 1172 1894 sciam
1184 1866 1248 1902 quid
1261 1868 1328 1894 desit
1344 1867 1417 1894 mihi.
1437 1867 1504 1894 Ecce
1522 1868 1686 1895 mensurabi-

897 1913 934 1940 [εδ
952 1912 1065 1946 posuisti
1087 1913 1142 1939 dies
1161 1920 1242 1944 meos,
1266 1917 1291 1940 et
1306 1912 1458 1939 substantia
1482 1921 1540 1939 mea
1559 1917 1686 1947 tauquam

897 1958 1009 1984 nihilum
1034 1963 1096 1985 ante
1112 1962 1135 1984 te
1146 1957 1168 1985 °.
1186 1958 1285 1985 Cernis
1309 1959 1409 1986 anitme
1425 1959 1502 1986 home
1522 1958 1684 1993 prudentem

897 2004 1122 2034 Sollicitudinem.
1141 2004 1222 2038 idque
1243 2006 1269 2031 in
1285 2004 1397 2031 homine
1420 2005 1446 2032 in
1463 2007 1534 2040 regia
1552 2005 1685 2041 dignitate

897 2051 1059 2076 constituto.
1082 2049 1136 2077 Nec
1154 2050 1252 2076 mirum
1268 2060 1274 2077 2
1289 2051 1411 2077 intuetur
1433 2052 1504 2078 enim
1525 2050 1624 2086 Regem
1642 2059 1685 2078 re-

896 2103 972 2129 gum,
994 2100 1020 2121 et
1040 2095 1164 2129 judicum
1186 2094 1318 2122 Judicem.
1345 2096 1413 2123 lllud
1431 2101 1522 2124 autem
1546 2097 1682 2129 obsecrat,

896 2145 925 2167 ut
956 2141 1081 2168 absoluta
1113 2141 1303 2168 mandatorum
1332 2142 1507 2170 observantia
1538 2143 1684 2171 decoratus

57 2193 174 2220 discedat
195 2193 302 2226 integer
319 2196 347 2218 et
363 2191 500 2225 perlectus
518 2189 638 2217 caelestis
670 2188 744 2215 illius
779 2188 873 2223 patria:
893 2187 973 2217 ciris,
998 2194 1080 2221 quant
1110 2194 1161 2213 nos
1187 2186 1252 2213 item
1283 2195 1379 2215 omnes
1400 2192 1428 2214 ut
1453 2195 1634 2222 assequamur
1655 2193 1682 2216 et

56 2245 115 2274 opto
129 2243 156 2266 et
167 2246 261 2275 spero,
280 2245 327 2273 per
341 2237 455 2273 gratiam
472 2242 498 2264 et
514 2236 709 2271 benignitatem
727 2235 834 2261 Domini
854 2234 941 2261 nostri
956 2233 1020 2260 Jesu
1034 2232 1149 2265 Christi,
1168 2233 1213 2259 cui
1235 2234 1322 2269 gloria
1357 2235 1384 2262 in
1405 2239 1548 2262 :eternulu.
1583 2234 1681 2262 Amen.

87 2333 95 2347 ⁷
116 2332 182 2360 Luc.
199 2340 261 2364 xvt,
280 2331 312 2359 19
335 2338 395 2365 sqq.
434 2329 444 2345 ⁸
459 2328 526 2356 Luc.
545 2335 594 2360 tm,
609 2327 654 2354 20.

693 2327 787 2354 'Psal.
808 2333 922 2359 xxxt'm,
939 2325 966 2356 ὅ,
983 2323 1010 2350 6.
