1912 3080
80 127 124 154 157

661 124 704 150 DE
720 122 939 150 PAUI’ERIBUS
959 122 1119 150 AMANDIS.

1647 125 1697 152 £38

83 185 126 211 τῶν
143 183 230 219 ἥλων,
242 183 421 218 καθύϐρισαν.
431 182 476 218 Μὴ
490 183 579 209 τοίνυν
592 183 636 208 τὸν
652 182 796 208 Ὶουδαῐκὺν
806 182 865 216 τρό-

920 180 973 208 Has
988 181 1060 207 enim
1084 181 1121 206 ob
1149 186 1247 206 causas
1271 179 1443 213 jejunamus,
1461 180 1589 214 quoniam
1607 180 1697 216 Agnus

80 239 124 256 πον
133 228 313 264 ζηλάηωμεν,
325 230 350 255 οἱ
366 228 413 255 τοῦ
425 228 544 264 Χριστοῦ
556 228 686 263 μαθηταί.

115 360 178 387 Ἐὰν
209 359 265 395 γὰρ
291 360 378 391 οὕτως
400 357 475 395 ὦμεν
496 359 679 394 διακείμενοι.
699 359 770 392 λέξει
798 359 865 394 ἡμῖν

83 407 194 437 Ἡσαΐας
210 414 216 420 ·
234 408 296 433 Ἵνα
306 407 333 432 τί
343 407 386 439 εἰς
399 407 513 440 κρίσεις
524 406 573 433 καὶ
581 405 680 439 μάχας
692 406 863 439 γηστεύετε,

78 452 124 478 καὶ
147 452 275 477 τύπτετε
303 451 434 485 πυγμαῖς
451 451 609 482 ταπεινόν;
623 450 701 485 Παρὰ
720 450 767 477 τοῦ
783 450 865 477 αὑτοῦ

80 500 215 533 προφήτου
238 496 378 532 διδάχθητι
400 497 435 523 τὰ
448 497 498 532 τῆς
510 496 603 523 ἀδόλου
615 497 662 522 καὶ
681 496 803 531 καθαρᾶς
820 506 866 532 νη-

79 544 167 574 στείας
189 544 378 579 ἐνεργήματα·
404 544 463 570 Ade
493 543 590 570 πάντα
610 543 785 577 σύνδεσμον
803 543 867 570 ἀδι-

79 592 153 623 κίαςη
167 590 275 617 Auitus
295 590 498 624 στραγταλιὰς
517 590 627 622 ,ϐιαίων
651 589 867 624 συναλλαγμά-

79 646 144 664 των.
168 636 332 670 Διάθρυπτε
360 635 496 662 πεινῶντι
524 636 578 662 τίὲν
604 635 696 668 ἄρτον
724 643 794 666 σου,
817 635 866 662 καὶ

79 683 215 716 πτωχοὺς
238 683 385 716 date-rom;
406 681 547 716 εἰσάγαγε
560 682 604 714 εἰς
623 681 677 708 τὸν
695 679 777 708 οἶκόν
796 689 865 707 σου.

79 729 181 763 Πολλὴν
193 729 221 754 δὲ
237 729 303 763 ἡμῖν
323 727 453 762 ἀφθονίαν
467 727 521 753 τῶν
536 726 647 762 γυμνῶν
663 727 773 753 καὶτῶν
787 725 867 753 ἀστέ-

79 783 140 808 γων,
157 774 172 799 ὁ
196 773 243 799 νῦν
257 773 355 808 ἤνεγκε
373 774 479 807 χρόνος.
498 772 600 807 [ιλ.ἧοος
619 771 673 806 γὰρ
686 771 866 807 αἰχμαλώτων

80 819 144 856 πρὸς
159 821 222 851 ταῖς
240 819 336 854 θύραις
357 819 484 846 ἑκάστου.

110 887 167 914 Καὶ
191 888 206 914 ὀ
230 887 304 919 ξένος
327 887 374 913 καὶ
392 886 562 922 μετανάστης
576 886 606 912 οὐ
626 886 713 912 λείπει
726 895 732 902 ⁸
756 885 803 912 καὶ
817 886 866 921 τὴν

79 933 214 968 ζητοῦσαν
238 933 327 967 χεῖρα.
352 931 489 966 πανταχοῦ
513 932 663 967 τεταμένην
685 932 759 958 ἔστιν
791 932 864 958 ἰδεῖν.

78 978 189 1009 Τούτοις
209 976 283 1009 οἶκος
309 977 359 1012 μὲν
387 977 518 1013 ὕπαιθρος
536 978 550 1003 ὁ
565 977 629 1012 ἀήρ.
657 977 820 1011 Καταγὼγια
838 976 866 1002 δὲ

79 1024 165 1055 στοαὶ,
182 1024 231 1049 καὶ
242 1023 361 1058 ἅμψοδα,
383 1023 429 1049 καὶ
458 1023 492 1049 τὰ
510 1023 561 1057 τῆς
577 1023 679 1058 ἀγορᾶς
699 1022 864 1057 ἐρημότερα.

78 1069 156 1095 Κατὰ
177 1068 206 1094 δὲ
235 1069 298 1100 τοὺς
321 1069 520 1103 νυκτικόρακας
544 1068 591 1094 καὶ
605 1068 653 1098 τὰς
669 1067 791 1101 γλαῦκας
807 1069 866 1098 ταῖς

76 1116 156 1146 ὀπαῖς
168 1114 382 1150 ὲμφωλεύουσιν.
401 1114 495 1149 Ἐσοὴς
512 1114 603 1146 αὐτοῖς
618 1115 652 1140 τὰ
673 1122 867 1149 περικεκεντη-

78 1161 146 1195 μένα
161 1161 254 1195 ῥάκια·
265 1159 396 1195 γεωργία,
407 1159 462 1185 τῶν
469 1159 615 1186 ἐλεούντων
626 1159 758 1195 ἡγνώμη·
767 1160 866 1195 τροφὴ,

77 1207 138 1234 εἴτι
155 1207 187 1233 ἂν
201 1208 234 1233 ἐκ
248 1207 294 1233 τοῦ
310 1206 507 1241 προστυχόντος
521 1205 643 1241 ἐμπέσῃ·
659 1206 750 1237 ποτὸν,
761 1206 798 1237 ὡς
810 1207 867 1237 τοῖς

77 1253 186 1286 ἀλόγοις
195 1253 224 1279 αξ
240 1253 353 1288 κρῆναι·
368 1254 506 1287 ποτήριον,
519 1252 573 1278 τῶν
586 1252 710 1287 χειρῶνὴ
724 1252 847 1287 κοιλότης
857 1259 865 1267 ο

76 1300 210 1334 ταμιεῖον.
227 1300 241 1326 ὁ
255 1299 363 1332 κόλπος,
381 1298 427 1325 καὶ
446 1294 523 1329 οὗτος
543 1298 575 1324 ἂν
592 1298 629 1333 μὴ
650 1298 818 1334 διερῤυηκὼς
835 1295 864 1334 ᾖ,

77 1346 144 1373 ἀλλὰ
161 1345 267 1378 στέγων
281 1346 315 1372 τὰ
334 1344 530 1380 ἐμϐαλλόμενοι·
559 1344 692 1378 τράπεζα,
706 1345 723 1380 ἡ
750 1345 803 1371 τῶν
821 1354 866 1379 γο-

75 1392 163 1419 νάτων
178 1391 328 1427 συνέρεισις
341 1399 348 1405 ·
367 1390 454 1425 κλίνη,
483 1390 513 1416 τδ
532 1390 646 1424 ἔδαφος·
670 1390 791 1425 λουτρὸν,
820 1399 866 1417 πο-

76 1439 161 1473 ταμὸς
174 1438 192 1474 ἢ
207 1438 299 1472 λίμνη,
313 1437 349 1463 ὃό
361 1437 426 1468 Θεὸς
438 1436 607 1463 κοινὸν-πᾶσι
620 1436 667 1463 καὶ
679 1437 865 1464 ἀκατάσκευον

77 1484 186 1511 ἔδωκεν.
217 1483 357 1518 Ἀλητικὸς
387 1483 477 1514 αὐτοῖς
504 1482 519 1508 ὁ
546 1482 601 1517 βίος
622 1483 669 1509 καὶ
693 1484 803 1518 ἄγριος,
834 1484 864 1510 οὺ

918 229 1013 252 noster
1029 224 1189 259 priusquam
1211 223 1296 251 clavis
1321 225 1473 259 adigeretur
1496 225 1584 256 cruci,
1603 232 1697 253 contu-

917 270 1006 297 meliis
1020 269 1142 300 affectus.
1159 273 1186 297 et
1198 270 1285 304 alapis
1302 277 1389 297 emus
1404 275 1456 298 est.
1489 271 1577 300 Mores
1603 271 1698 299 Judai-

916 323 963 343 cos
975 323 1029 342 non
1047 315 1196 346 imitemur,
1213 322 1263 342 nos
1275 315 1376 343 Christi
1393 316 1530 350 discipuli.

951 361 1060 395 Alioqui
1075 361 1097 387 si
1114 369 1146 388 eo
1162 365 1240 395 pacto
1260 361 1392 387 fuerimus
1408 361 1509 392 ail'ecti,
1528 362 1619 389 verbis
1643 363 1698 391 illis

918 414 969 434 nos
991 406 1075 434 lsaias
1093 407 1262 441 increpabit:
1289 407 1343 434 Cur
1358 407 1391 434 ad
1412 408 1470 434 lites
1485 411 1510 433 et
1524 410 1699 436 contentione:

911 451 1052 486 jejunatt's,
1074 456 1098 478 et
1111 452 1204 486 pugnis
1228 460 1368 486 pauperem
1384 453 1542 486 percutitis?
1569 453 1646 481 Disce
1665 456 1699 482 ab

916 497 1010 525 eodem
1020 498 1150 532 propheta
1163 498 1263 525 sinceri
1275 499 1390 533 parique
1401 498 1498 533 jejunii
1509 507 1590 533 opera
1603 510 1609 527 :
1623 500 1699 528 Solus

918 551 1019 569 omnem
1035 551 1131 570 nexum
1150 544 1309 578 iniquitatis.
1322 544 1441 571 Dissolve
1457 544 1627 579 obligatione;
1645 546 1700 573 ttio-

918 588 1046 615 lentornm
1056 593 1246 615 cuntracluum.
1254 589 1357 624 Frange
1371 590 1495 616 esurienti
1505 598 1598 624 partem
1608 595 1680 617 tuum
1691 600 1700 623 ,-

916 640 940 661 ει
953 643 1044 670 egenos
1059 635 1115 662 sine
1130 640 1194 661 tecto
1211 635 1290 661 induc
1305 636 1331 661 in
1342 635 1449 662 domum
1470 641 1554 663 tuam.
1568 636 1606 670 (a)
1622 636 1700 672 [Cum

917 681 1012 706 videris
1031 680 1140 712 nudum,
1158 681 1230 714 operi
1252 689 1321 711 eum,
1342 685 1367 707 et
1383 688 1490 707 carnem
1511 685 1583 706 tuam
1603 689 1633 707 ne
1653 681 1701 707 de-

917 726 1043 760 spexeris]
1063 725 1082 751 ¹.
1101 725 1210 751 Multam
1236 726 1314 753 nobis
1331 726 1381 752 hoc
1398 730 1505 761 tempus
1521 726 1599 753 affert
1615 725 1701 753 nudo-

919 778 977 796 rum
1003 778 1189 806 vagorumque
1215 772 1331 805 copiam.
1359 771 1455 806 Magna
1477 772 1549 798 enim
1567 771 1702 806 cujusque

918 815 991 843 fores
1010 815 1163 852 frequentat
1178 817 1346 851 captivorum
1369 817 1524 844 multitudo.

952 883 1080 918 Hospites
1096 884 1257 918 exsulesque
1286 892 1341 911 non
1370 885 1478 912 desunt.
1509 884 1613 920 Ubique
1639 885 1701 913 licet

917 935 1062 962 protensas
1073 937 1152 964 opem
1170 930 1372 964 implorantium
1391 939 1487 958 manus
1503 931 1634 965 aspicere.
1653 930 1701 959 llis

918 983 963 1003 aer
979 976 1031 1003 sub
1053 976 1099 1003 dio
1126 980 1228 1003 tectum
1245 977 1355 1011 pratbet.
1373 976 1499 1004 Porticus
1514 982 1540 1004 et
1558 978 1640 1009 bivia,
1674 982 1702 1006 et

918 1026 1009 1056 partcs
1025 1020 1074 1048 fori
1087 1022 1174 1055 magis
1187 1022 1301 1048 desertzc
1319 1026 1384 1049 sunt
1398 1022 1528 1057 hospitia.
1543 1022 1702 1058 Nycticora-

916 1075 979 1094 cum
996 1072 1023 1094 et
1039 1071 1199 1094 noctuarum
1214 1075 1289 1095 more
1304 1068 1331 1094 in
1346 1069 1470 1095 cavernis
1488 1069 1606 1096 latitant.
1629 1068 1702 1096 Pan-

917 1113 1005 1147 nosis,
1031 1113 1133 1140 attritis
1156 1116 1183 1140 et
1214 1113 1341 1140 laceratis
1367 1118 1496 1149 teguntur
1524 1115 1701 1142 indumentis.

921 1159 1102 1194 Agricultura:
1127 1158 1233 1187 fructus
1260 1164 1302 1186 cst
1332 1159 1385 1186 illis
1414 1160 1601 1187 miserantium
1619 1160 1702 1188 animi

918 1205 1080 1240 benignitas.
1096 1205 1191 1237 Cibus,
1208 1205 1232 1232 si
1257 1205 1322 1240 quid
1339 1205 1372 1232 ab
1398 1205 1543 1233 accedente
1574 1206 1701 1241 quopiam

917 1251 1143 1286 impetraverint;
1157 1251 1231 1285 potio
1246 1251 1351 1282 eadem,
1367 1259 1428 1285 quae
1448 1252 1562 1279 rationis
1586 1253 1703 1286 experti-

918 1297 969 1324 bus
982 1296 1177 1327 animantibus,
1194 1296 1321 1322 nimirttm
1338 1296 1437 1323 fontes.
1457 1296 1556 1323 Pocula
1574 1305 1702 1324 manuum

917 1342 993 1369 volrc.
1025 1341 1110 1373 Penu,
1136 1343 1213 1369 sinus
1244 1341 1313 1376 ipse,
1344 1342 1397 1368 nisi
1421 1342 1500 1376 plane
1519 1342 1633 1376 difﬂuat,
1654 1342 1701 1371 sed

918 1389 1004 1424 possit
1021 1395 1052 1415 ca
1067 1392 1126 1422 Quae
1139 1387 1300 1421 injiciuntur
1314 1387 1430 1422 operire.
1443 1387 1546 1420 Mensa,
1560 1393 1703 1416 contracta

916 1442 1024 1468 genua;
1054 1433 1178 1464 lectulus,
1203 1432 1309 1465 solum;
1327 1432 1463 1463 balneum.
1487 1433 1513 1460 id
1539 1434 1611 1468 quod
1629 1434 1702 1462 Deus

917 1477 1043 1504 omnibus
1062 1484 1207 1504 commune
1232 1483 1257 1504 ct
1282 1478 1341 1504 sine
1360 1477 1493 1505 industria
1515 1483 1701 1506 constructum

76 1529 196 1560 τοιοῦτος
209 1528 247 1555 ὣν
261 1527 290 1561 ἐξ
305 1528 402 1564 ἀρχῆς,
412 1528 468 1556 ἀλλ’
482 1529 513 1554 ὲκ
525 1529 574 1564 τῆς
589 1529 730 1564 συμφορᾶς
754 1529 801 1555 καὶ
816 1529 864 1564 τῆς

920 1522 1001 1553 dedit,
1015 1522 1114 1549 ﬂumen
1130 1527 1176 1549 aut
1192 1523 1282 1557 palus.
1295 1522 1394 1558 Vagam
1412 1528 1438 1550 et
1457 1528 1591 1557 agrestem
1606 1524 1702 1552 tradu-

77 1576 200 1610 ἀνάγκης
217 1575 372 1610 γενόμενος.

111 1661 234 1692 Τούτοις.
255 1662 268 1687 ὁ
284 1661 442 1696 νηστευτὴς,
465 1661 628 1698 ὑπὰρκεσον.
640 1662 706 1697 Περὶ
718 1663 780 1694 τοὺς
802 1663 865 1689 ἀτυ-

76 1706 191 1740 χοῦντας
204 1705 258 1731 τῶν
278 1705 410 1740 ἀδελφῶν,
426 1706 505 1740 γενοῦ
530 1706 678 1741 φιλότιμος.
698 1708 731 1733 Ὃ
741 1709 790 1741 τῆς
815 1708 865 1742 σῆς

77 1751 186 1785 ὑφεῖλες
196 1751 321 1786 γαστρὸς,
330 1751 369 1786 τῷ
384 1751 509 1778 πεινῶντι
525 1752 651 1787 πρόσθες.
661 1752 781 1779 Γενέσθω
790 1754 804 1779 ό
819 1754 863 1780 τοῦ

77 1796 144 1822 Θεοῦ
159 1797 241 1830 φόϐος
256 1797 359 1828 δίκαιος
373 1797 520 1829 ἐξισωθείς.
531 1798 703 1833 Θεράπευσον
720 1799 865 1834 ἐγκρατείᾳ

41 1868 47 1875 ,
78 1842 197 1876 σώφρονι
206 1841 252 1868 δύο
261 1841 333 1876 πάθη
345 1842 454 1869 ἐναντία
464 1842 586 1878 ἀλλήλοις
595 1851 602 1857 ·
609 1843 655 1869 τὸν
667 1843 712 1870 σὸν
720 1844 809 1878 κόρον,
818 1844 865 1870 καὶ

77 1888 123 1913 τοῦ
135 1887 250 1921 ἀδελφοῦ
263 1887 309 1914 τὸν
322 1887 409 1922 λιμόν.
421 1888 498 1915 Οὕτω
511 1888 565 1923 γὰρ
580 1888 684 1915 ποιοῦσι
701 1889 747 1916 καὶ
767 1890 862 1924 ἰατροί·

76 1934 141 1965 τοὺς
165 1934 214 1968 μὲν
229 1934 335 1960 κενοῧσι
345 1942 355 1952 ο
371 1935 434 1965 τοὺς
463 1934 492 1960 δὲ
505 1935 648 1970 πληροῦσι,
672 1935 715 1961 ἵνα
731 1937 764 1972 τῇ
780 1945 865 1972 προσο

78 1980 149 2015 θήκῃ
161 1981 208 2006 καὶ
222 1980 362 2015 ὑφαιρέσει
373 1981 461 2015 ήπερὶ
473 1980 587 2007 ἕκαστον
600 1981 762 2016 οἰκονομηθῇ
776 1981 862 2015 ὑγεία.

78 2025 213 2061 Πείσθητε
236 2026 305 2061 καλῇ
332 2026 502 2062 παραινέσει.
534 2026 677 2058 ’Δνοιξὰτω
690 2027 704 2053 ό
720 2027 796 2061 λόγος
810 2027 864 2054 τῶν

78 2072 268 2107 εὐπορούντων
293 2071 341 2103 τὰς
357 2071 451 2107 θύρας.
476 2071 616 2106 Εἰσαγέτω
632 2073 649 2107 ή
665 2072 802 2108 ωμὸουλὴ
818 2073 864 2099 τὸν

78 2116 183 2151 πένητα
202 2116 271 2152 πρὸς
300 2117 346 2142 τὸν
366 2117 470 2151 ἔχοντα.
495 2117 553 2144 Μία
567 2117 596 2143 δὲ
614 2117 686 2150 λέξις
708 2118 744 2153 μὴ
761 2118 864 2144 πλουτι-

79 2162 152 2188 οάτω
178 2163 240 2193 τοὺς
274 2163 423 2194 στένοντας.
445 2163 519 2189 Δότω
539 2164 629 2195 αὐτοῖς
644 2164 691 2190 καὶ
706 2164 803 2196 οὶκίαν,
817 2164 863 2191 καὶ

919 1572 984 1595 cunt
992 1568 1085 1598 vitam.
1095 1575 1149 1595 non
1159 1569 1231 1602 quod
1243 1568 1319 1595 initio
1330 1569 1370 1596 sic
1383 1569 1561 1602 instituerint,
1573 1570 1620 1598 sed
1629 1571 1702 1606 quod

919 1614 953 1641 ad
968 1622 1028 1641 eam
1044 1614 1244 1642 calamitatibus
1261 1619 1287 1642 et
1307 1615 1469 1643 necessitate
1484 1616 1615 1651 compulsi
1637 1617 1702 1644 sint.

954 1660 1002 1687 His
1019 1660 1172 1687 necessaria
1195 1659 1276 1687 victui
1292 1661 1434 1696 suppedita
1454 1665 1492 1693 tu,
1516 1662 1561 1696 qui
1583 1662 1702 1697 jejunae.

918 1704 988 1739 Erga
1000 1704 1097 1732 fratres
1106 1705 1281 1733 calamitosos
1295 1706 1427 1741 benignus
1441 1712 1510 1734 esto.
1525 1707 1602 1740 Quod
1615 1709 1702 1736 ventri

919 1751 1068 1782 subtrahis,
1084 1751 1173 1778 tribue
1192 1751 1334 1778 esurienti.
1356 1753 1483 1787 Exzequet
1500 1753 1590 1780 omnia
1610 1753 1702 1788 justus

921 1796 966 1823 Dei
976 1797 1066 1822 timor.
1077 1796 1149 1822 Duas
1163 1796 1233 1823 inter
1247 1804 1276 1824 se
1284 1798 1437 1824 contrarias
1448 1797 1616 1831 affectiones,
1628 1804 1701 1826 tuam

918 1842 1043 1869 videlicet
1058 1842 1220 1874 satietatem,
1234 1847 1260 1869 et
1274 1842 1365 1870 fratris
1383 1843 1492 1875 famem,
1507 1845 1627 1872 modesta
1640 1854 1703 1873 cou-

918 1889 1031 1915 tinentia
1046 1893 1167 1922 tempera
1179 1892 1261 1922 atque
1276 1890 1427 1917 moderare.
1446 1890 1491 1917 Sic
1505 1892 1576 1918 enitn
1600 1892 1702 1919 facinttt

918 1938 944 1961 et
957 1934 1072 1961 medici:
1085 1934 1154 1962 alios
1165 1935 1338 1964 exinaniunt.
1355 1936 1424 1963 alios
1439 1937 1554 1971 replent,
1568 1941 1597 1964 ut
1610 1945 1703 1965 acces-

919 1980 995 2007 sione
1010 1979 1224 2014 decessioneque
1239 1981 1454 2016 uniuscujusque
1471 1983 1574 2010 sanitas
1591 1991 1702 2010 conscr-

917 2030 1006 2052 vrtur.
1023 2025 1149 2052 Honestas
1171 2026 1350 2053 admonitioni
1375 2027 1568 2062 obtemperate.
1593 2029 1702 2064 Aperiat

920 2071 989 2098 ratio
1004 2071 1170 2105 pauperibus
1189 2071 1302 2098 divitum
1319 2071 1403 2099 fores.
1416 2073 1566 2100 Consilium
1579 2075 1652 2110 inopi
1667 2075 1701 2102 ad

919 2117 1079 2151 locupletem
1091 2116 1194 2143 aditum
1209 2116 1301 2144 faciat.
1318 2117 1433 2152 Egentes
1446 2126 1479 2146 ne
1494 2119 1639 2154 locupletet
1651 2121 1703 2148 hu~

919 2169 999 2188 mana
1016 2162 1201 2193 ratiocinatio.
1221 2162 1269 2189 sed
1298 2162 1352 2190 illis
1366 2167 1393 2190 et
1406 2164 1517 2192 domum
1533 2169 1560 2193 et
1589 2166 1699 2198 lectum,

78 2207 182 2242 κλίνην,
193 2208 241 2234 καὶ
254 2207 390 2243 τράπεζαν
405 2209 419 2235 ό
429 2209 476 2235 τοῦ
489 2209 556 2235 Θεοῦ
573 2209 650 2243 λόγος
664 2210 679 2236 ὁ
693 2210 864 2245 προαιώνιος.

920 2212 945 2234 et
962 2216 1082 2235 mensam
1095 2208 1196 2235 tribuat
1217 2208 1262 2236 Dei
1277 2210 1389 2236 verbum
1407 2211 1617 2246 sempiternum.
1636 2213 1701 2240 Dul-

78 2254 127 2279 Διὰ
151 2253 233 2286 λόγου
258 2253 393 2280 οὶκετικοῦ
408 2253 565 2290 γεώργησον
577 2255 611 2281 τὰ
627 2255 694 2290 πρὸς
707 2255 756 2290 τὴν
773 2256 866 2292 χρείαν

77 2300 133 2330 τοῖς
149 2300 207 2330 σοῖς
221 2299 352 2333 κτήμασι.
371 2299 441 2335 Πρὸς
457 2299 568 2332 τούτους
581 2300 654 2326 ἄλλοι
672 2302 774 2336 πτωχοὶ
787 2301 868 2328 ἀσθε-

77 2344 187 2375 νοῦντες
214 2345 261 2371 καὶ
285 2345 486 2380 κατακείμενοι.
501 2346 633 2378 Ἕκαστος
647 2346 868 2382 περιεργαζέσθω

75 2390 139 2420 τοὺς
158 2390 292 2423 γείτονας.
313 2391 358 2426 Μὴ
387 2392 458 2426 ἀφῇς
481 2391 546 2427 παρ’
559 2391 638 2418 ἄλλου
667 2391 867 2428 θεραπευθῆναι

75 2435 121 2461 τον
135 2435 219 2469 ἐγγύς
240 2444 297 2462 σου.
315 2436 360 2471 Μὴ
375 2436 444 2472 λάϐῃ
459 2437 536 2469 ἄλλος
553 2437 598 2463 τὸν
613 2437 748 2473 θησαυρὸν
763 2439 808 2465 τὸν
821 2438 862 2465 σοὶ

76 2482 291 2517 παρακείμενον.

113 2568 280 2604 Περίπτυξαι
302 2570 347 2595 τὸν
361 2570 529 2604 κακούμενον
550 2570 588 2601 ὡς
603 2571 711 2606 χρυσόν.
733 2571 864 2605 Ἐναγκά-

75 2614 146 2640 λισαι
174 2614 220 2640 τὸν
243 2615 434 2650 κεκακωμένον
447 2615 484 2646 ὡς
497 2615 545 2650 σὴν
560 2615 663 2649 ὑγείαν,
678 2616 715 2647 ὡς
728 2617 863 2652 σωτηρίαν

74 2660 214 2694 γυναικὸς,
240 2660 352 2692 τέκνων,
379 2659 506 2693 οἰκετῶν,
524 2661 570 2687 καὶ
591 2662 680 2696 πάσης
696 2662 745 2696 τῆς
766 2662 862 2694 οἰκίας.

110 2750 117 2765 ¹
135 2749 187 2777 lsa.
201 2757 276 2780 um.
291 2750 319 2780 4.
334 2750 395 2776 6-7.

107 2821 144 2855 (a)
160 2819 246 2847 Uncis
265 2818 368 2844 inclusa
380 2818 478 2844 desunt
491 2818 516 2844 in
529 2818 622 2844 Grreco
638 2822 721 2844 textu.

237 2865 372 2894 Pn‘ItOL.
393 2864 450 2894 Gn.
471 2865 580 2894 XLVI.

917 2253 942 2280 ci
960 2257 987 2280 et
1005 2254 1122 2281 humana
1134 2254 1258 2282 oratione
1273 2255 1332 2282 usui
1347 2257 1500 2284 necessaria
1519 2265 1552 2284 ex
1581 2258 1635 2286 tuis
1661 2258 1701 2285 fa-

916 2299 1064 2326 cultatibus
1078 2300 1265 2328 subministra.
1289 2301 1366 2336 Apud
1383 2307 1408 2329 te
1433 2303 1578 2330 multitudo
1598 2312 1701 2339 paupe-

916 2353 976 2372 rum
995 2350 1077 2381 atque
1102 2346 1288 2381 languentium
1310 2348 1361 2375 sibi
1384 2348 1540 2384 profugiunt
1568 2350 1698 2377 inveniat.

916 2390 1037 2426 Quisque
1048 2391 1192 2426 diligenter
1203 2393 1354 2420 vicinorum
1367 2401 1460 2420 curam
1475 2398 1560 2428 gerat.
1573 2393 1699 2422 Studium

916 2437 1089 2471 promerendi
1107 2437 1140 2465 de
1163 2439 1323 2473 propinquis
1341 2439 1388 2466 tibi
1407 2439 1442 2466 ab
1464 2440 1518 2466 alio
1540 2440 1646 2475 praeripi
1667 2448 1701 2467 ne

916 2483 1066 2516 permittas.
1081 2482 1164 2514 Cave,
1183 2491 1218 2510 ne
1232 2484 1322 2518 capiat
1336 2483 1406 2511 alius
1421 2484 1577 2512 thesaurum
1597 2485 1701 2519 reposi-

915 2531 973 2554 tum
990 2527 1049 2554 tibi.

951 2573 1112 2601 Calatnitate
1125 2572 1249 2601 aﬂ‘cctum
1268 2578 1298 2601 ut
1310 2573 1407 2601 aurum
1434 2575 1627 2609 complectere.
1655 2574 1699 2601 ln-

918 2618 1021 2645 lirmam
1037 2619 1167 2654 pauperis
1181 2620 1363 2647 valetudinem
1381 2621 1417 2646 ita
1441 2621 1511 2651 fove,
1528 2620 1596 2646 utin
1614 2627 1644 2646 ea
1673 2623 1700 2646 et

917 2663 1061 2691 sanitatem
1087 2668 1172 2696 tuam,
1199 2669 1226 2691 et
1257 2665 1371 2692 salutent
1387 2665 1491 2696 uxoris,
1512 2668 1539 2690 et
1569 2663 1697 2697 ﬁliorum,

1569 2767 1641 2839 At

1498 2860 1532 2889 13
