1912 3080
215 130 270 158 ιὶῧὶῖ

825 127 853 156 S.
875 127 1038 156 GREGOHII
1066 126 1210 154 NYSSENI

1794 131 1845 157 4(ὶο

215 194 369 218 Serrorum,
386 190 413 213 et
432 185 517 213 totius
539 184 657 219 denique
672 183 779 211 familiai
804 185 920 219 positam
950 193 998 218 pu-

1057 185 1086 210 ¹0
1108 185 1191 220 πένης
1221 185 1269 211 καὶ
1300 185 1439 220 ἄρρωστος
1461 185 1570 217 διπλοῦς
1592 187 1650 212 ἐστι
1678 188 1794 222 mox”);
1816 189 1845 214 Οἱ

218 239 269 260 tes.
286 231 353 258 Nam
373 239 434 258 cum
451 238 546 258 omnes
563 237 696 265 pauperes
713 229 820 257 fovendi
844 229 1003 264 adjuvandi-

215 286 268 313 que
287 281 362 308 sunt.
380 280 436 302 tum
462 275 502 301 illi
531 275 576 309 qui
609 278 743 309 aegrotant
769 274 906 309 praecipue
939 278 1003 301 sunt

216 322 423 358 complectendi.
441 321 492 354 Qui
509 321 581 348 enim
595 328 677 354 egens
691 324 718 347 et
743 328 813 355 aeger
828 325 879 352 est,
901 320 1002 355 duplici

216 369 322 396 laborat
341 370 510 402 paupertate.
529 365 626 400 inopes
647 366 731 396 enim,
755 367 801 399 qui
818 366 914 392 valenti
938 369 1003 392 sunt

216 422 340 450 corpore,
355 421 388 440 ex
407 413 457 439 hoc
473 411 506 438 ad
529 410 594 437 illud
623 412 723 436 ostium
750 409 924 441 accedentes,
954 409 1001 443 qui

216 460 319 496 aliquid
330 461 406 492 dent,
418 457 567 493 aliquando
580 456 688 483 tandem
703 456 855 483 inveniunt.
867 455 1001 482 Przeterca

216 509 312 535 sedent
328 508 355 533 in
374 505 472 537 triviis,
491 508 517 530 et
532 505 726 537 praetereuntes
751 508 846 528 omnes
874 501 1001 535 interpel-

1058 231 1106 265 μὲν
1134 231 1186 266 γὰρ
1214 231 1378 265 ὑγιαίνοντες
1403 232 1521 267 ἄποροι,
1543 232 1589 258 καὶ
1609 233 1692 268 θύραν
1711 235 1742 260 ἐκ
1761 234 1846 269 θύρας

1056 277 1210 311 ἀμείϐουσι,
1228 277 1273 303 καὶ
1285 277 1420 311 βαδίζουσι
1433 278 1500 313 πρὸς
1509 279 1570 310 τοὺς
1584 279 1703 314 ἔχοντας,
1718 281 1774 306 Καὶ
1789 282 1846 311 mi;

1056 322 1172 357 τριόδοις
1193 323 1400 359 ἐπικαθήμενοι,
1424 325 1527 356 πάντας
1544 325 1707 352 ἀνακαλοῦσι
1729 327 1794 357 τοὺς
1809 326 1846 352 ει-

1055 368 1205 400 οδεύοντας.
1221 370 1251 395 Ol
1262 369 1289 395 δὲ
1300 370 1372 404 παρὰ
1387 370 1435 404 τῆς
1449 369 1526 396 νόσου
1539 371 1731 405 πεπεδημένοι,
1746 372 1846 405 ἐγκαθ-

1055 413 1192 448 ειργμένοι
1212 415 1268 445 τοῖς
1295 416 1396 446 στενοῖς
1414 411 1582 450 καταλύμασι
1601 416 1647 442 καὶ
1661 418 1720 447 ταῖς
1740 419 1846 448 στεναῖς

1054 457 1176 491 γωνίαις,
1193 458 1230 490 ὡς
1251 459 1265 485 ὁ
1289 460 1387 494 Δανιὴλ
1410 460 1449 495 τῷ
1463 460 1566 494 λάκκῳ,
1583 461 1612 487 σὲ
1627 462 1672 488 τὸν
1683 462 1785 497 εὐλαϐῆ
1802 464 1846 489 καὶ

1055 503 1224 538 φιλόπτιυχον
1239 504 1276 536 ὡς
1288 504 1332 530 τὸν
1352 505 1379 532 Ἀ
1385 505 1512 540 μϐακουμ
1524 507 1700 540 ἁνιμένουσι.

216 543 281 583 lant,
303 560 381 586 opem
402 551 589 585 implorantes.
605 549 639 574 At
658 548 696 574 illi
716 555 860 582 pauperes,
886 548 930 581 qui
948 548 1061 576 adversa
1083 551 1187 584 praediti
1220 552 1384 582 valetudine,
1409 558 1578 587 angustoque
1602 553 1759 588 hospitiolo,
1794 555 1846 580 imn

216 608 281 627 vero
293 599 418 634 angustis
446 596 585 632 hospitioli
607 595 714 630 angulis
733 595 855 621 conclusi
873 598 947 626 sunt,
975 595 1012 621 uti
1031 595 1126 624 Daniel
1144 598 1170 624 in
1191 598 1262 630 lacu,
1285 603 1311 625 te
1336 599 1483 634 benignum
1508 604 1534 626 et
1566 607 1715 634 pauperum
1746 602 1846 627 studio-

216 651 276 671 sum
294 648 376 678 atque
404 645 552 671 amantem,
586 644 717 674 tanquam
749 638 876 666 ilabacuc
905 644 1074 673 exspectant.

251 687 431 720 Quamobrem
449 693 497 720 per
523 685 724 718 eleemosynam
748 683 886 717 prophetae
911 684 1004 711 socius

217 732 343 763 efﬁcere;
358 731 483 759 celeriter
499 735 525 757 et
543 730 656 764 impigre
674 729 706 755 ad
732 729 858 754 alendum
881 734 1004 763 egentem

217 779 325 806 accede.
343 778 451 804 Nullam
480 776 565 802 facies
596 775 622 800 ili
653 774 833 808 promerendo
856 774 1002 807 jarluram.

1088 686 1169 713 Γενοῦ
1180 687 1225 713 τοῦ
1236 688 1376 723 Προφήτου
1385 689 1417 715 δι’
1431 689 1492 723 ἑλεη
1497 688 1612 724 μοσύνης
1623 690 1729 725 ἑταῖρος
1741 699 1748 706 ·
1762 691 1845 725 ταχὺς

1053 731 1168 765 τροφεὺς
1194 733 1240 759 καὶ
1265 733 1369 765 ἀόκνως
1390 734 1429 768 τῷ
1453 734 1573 769 δεομένῳ
1601 735 1768 771 παράστηθι.
1791 736 1846 762 Οὐκ

1052 777 1230 813 ἔστιζημίαή
1248 778 1330 810 δόσις.
1338 779 1383 814 Μὴ
1404 779 1525 815 φοϐηθῇς
1537 788 1543 794 ⁸
1557 780 1688 815 πολύχους
1704 781 1844 816 βλαστάνει

217 824 257 851 Ne
273 823 400 850 verearis.
419 821 557 856 Multiplex
572 821 644 847 enim
671 824 698 846 et
724 820 852 854 copiosus
882 820 998 854 gignitur

1056 821 1066 847 5
1081 822 1129 856 τῆς
1140 822 1325 858 ὲλεημοσὺνης
1340 825 1454 859 καρπός.
1472 826 1585 861 Σπεῖρον
1602 826 1700 857 διδους,
1717 827 1765 853 καὶ
1778 827 1846 862 πλη-

216 869 322 896 fruetus
338 876 369 895 ex
391 867 573 900 eleemosyua.
589 864 655 892 Sere
670 864 842 895 beneficium,
857 869 886 891 ut
901 869 998 892 metere

1056 869 1152 904 ρώοεις
1166 869 1221 895 τῶν
1232 869 1342 904 ἀγαθῶν
1353 870 1518 906 δραγμάτων
1530 872 1579 906 τὴν
1592 872 1692 899 οὶκίαν.

215 914 306 950 possis
323 914 486 944 fructum,et
499 913 578 939 bonis
592 911 739 946 manipulis
756 911 865 937 domum
882 911 997 946 replere.

250 981 285 1007 At
300 980 371 1007 enim
380 983 405 1006 te
417 985 528 1013 quoque
541 984 686 1012 pauperem
707 976 792 1003 dices.
809 975 862 1002 Fac
878 976 935 1008 sis;
962 982 1001 1003 at-

215 1031 307 1054 tamen
323 1025 397 1052 dato.
432 1024 470 1049 Da
489 1022 562 1057 quod
579 1022 672 1049 habes.
701 1021 794 1056 Neque
820 1022 891 1049 enim
918 1030 999 1056 supra

215 1073 287 1099 vires
307 1078 368 1098 tuas
382 1070 530 1105 quidquam
552 1069 599 1095 alis
618 1073 644 1094 te
670 1069 784 1103 requirit
801 1068 881 1095 Deus.
908 1067 944 1094 Da
971 1073 999 1094 tu

216 1127 323 1155 panem,
337 1117 384 1144 ille
400 1117 526 1151 poculum
541 1115 607 1146 vini,
623 1115 694 1141 alius
708 1116 900 1141 vestimentum
911 1114 998 1146 dabit;

216 1170 298 1200 atque
315 1164 350 1190 ita
366 1171 398 1190 ex
417 1162 563 1189 multorum
583 1161 748 1196 benignitate
762 1160 843 1187 unius
856 1160 999 1187 calamitas

215 1209 411 1238 sublevabitur.
428 1207 465 1234 Nc
482 1207 569 1234 Moses
585 1206 694 1240 quidem
712 1205 749 1237 id,
765 1205 839 1240 quod
866 1205 999 1240 impendit

215 1258 242 1284 in
259 1255 475 1285 tabernaculum,
490 1254 524 1280 ab
538 1261 592 1279 uno
620 1257 725 1278 tantum
752 1252 863 1278 homine
881 1251 996 1285 accepit,

214 1302 262 1330 sed
275 1303 308 1329 ab
321 1302 448 1328 universo
463 1298 562 1334 popqu
578 1299 598 1324 ³.
616 1298 668 1324 Alii
683 1297 756 1324 enim
773 1304 882 1329 aurum,
898 1304 998 1331 argen-

213 1353 269 1375 tum
281 1347 337 1378 alii,
351 1351 379 1372 ut
396 1345 481 1379 magis
493 1345 617 1370 minu5ve
638 1343 741 1369 divitiis
754 1342 910 1373 afﬂuebant,
923 1343 999 1369 obtu-

213 1393 310 1421 lerunt.
328 1392 466 1426 Pauperes
482 1398 544 1418 vero
561 1391 602 1416 vel
620 1390 713 1424 pelles,
732 1389 772 1416 vel
791 1388 873 1415 etiam
901 1395 999 1422 capra-

212 1446 273 1466 rum
306 1438 386 1473 pilos,
414 1437 437 1464 si
465 1437 528 1471 quis
555 1431 666 1471 grav’ins
697 1434 788 1469 inopia
812 1434 996 1468 premebatur.

213 1483 308 1511 Nonne
321 1483 397 1510 vides
409 1481 538 1517 pauperis
551 1481 632 1508 etiam
648 1480 720 1507 illius
749 1480 837 1506 viduze
863 1479 999 1514 quadran-

212 1534 265 1557 tem
280 1530 393 1556 divitum
409 1535 521 1555 munera
533 1525 694 1562 superasse?
710 1525 754 1551 illa
775 1533 847 1551 enim
865 1525 997 1559 quidquid

212 1575 340 1606 habebat,
352 1574 497 1606 exhausit;
521 1581 583 1600 cuin
599 1580 630 1599 ex
651 1573 747 1598 horum
769 1572 857 1605 copiis
883 1571 924 1597 vix
950 1580 998 1606 pu-

1092 977 1161 1004 Ἀλλ’
1177 979 1248 1014 ἐρεῖς
1261 987 1266 994 ·
1291 979 1378 1015 Πένης
1399 981 1486 1015 κάγώ.
1502 983 1601 1009 Ἔστω.
1616 983 1748 1010 Δεδόσθω.
1768 984 1817 1015 Δὸς
1833 984 1845 1007 i‘

1049 1023 1130 1058 ἔχεις.
1143 1024 1179 1050 Οὐ
1194 1024 1248 1060 γὰρ
1261 1025 1294 1051 τὰ
1305 1026 1374 1060 ὑπὲρ
1391 1026 1504 1062 δύναμιν
1526 1028 1624 1062 ζητεῖὸ
1645 1029 1720 1060 θεός.
1740 1030 1777 1056 Σὺ
1795 1031 1846 1065 ἆρ-

1049 1078 1109 1101 τον,
1123 1070 1215 1106 ἕτερος
1232 1073 1360 1107 ποτήριον
1373 1072 1456 1104 οἴνου,
1469 1073 1545 1106 ἄλλος
1560 1075 1677 1109 ἱμάτιον,
1696 1076 1745 1102 καὶ
1758 1076 1846 1107 οὕτως

1049 1115 1081 1142 ἐκ
1096 1117 1274 1152 συνεισφορᾶς
1299 1117 1314 1152 ἡ
1345 1117 1393 1144 τοῦ
1410 1118 1468 1150 ἑνὸς
1493 1118 1586 1145 λύεται
1611 1122 1751 1156 συμφορά.
1777 1121 1847 1148 οὐδὲ

1049 1160 1150 1196 Μωσῆς
1177 1161 1226 1195 τὴν
1253 1161 1375 1196 δαπάνην
1397 1162 1447 1197 τῆς
1473 1164 1574 1199 σκηνῆς
1589 1165 1664 1200 παρά
1679 1166 1738 1197 ένδς
1764 1166 1847 1193 ἔλαϐε

1049 1205 1217 1242 λειτουργοῦ,
1234 1206 1301 1233 ἀλλὰ
1311 1207 1357 1233 τοῦ
1369 1208 1457 1243 δήμου
1473 1210 1583 1241 παντός.
1601 1212 1628 1237 ’0
1642 1212 1692 1246 μὲν
1704 1213 1760 1248 γὰρ
1778 1222 1846 1248 χρυ-

1049 1251 1095 1278 σὸν
1109 1253 1223 1287 ἤνεγκεν
1239 1254 1252 1279 ό
1271 1253 1392 1280 πλουτῶν
1407 1255 1513 1290 ἐκείνῳ,
1526 1256 1604 1288 ἄλλος
1618 1257 1750 1293 ἄργυρον,
1765 1261 1780 1285 ὁ
1796 1260 1846 1285 πέ-

1048 1306 1097 1332 νης
1110 1297 1240 1333 δέρματα,
1250 1299 1264 1324 ὀ
1272 1298 1318 1324 τοῦ
1331 1299 1446 1333 πένητος
1457 1301 1618 1336 πενέστερος
1630 1303 1738 1338 τρίχας.
1748 1304 1844 1339 Ὀρᾷς,

1048 1342 1085 1373 ὡς
1099 1342 1144 1368 καὶ
1156 1343 1170 1368 ὁ
1184 1341 1234 1376 τῆς
1246 1344 1333 1378 χήρας
1348 1344 1507 1380 κοδράντης,
1524 1346 1675 1382 ὑπερέϐαλε
1688 1348 1743 1374 τῶν
1757 1349 1844 1375 πλου-

1049 1389 1113 1414 σίων
1136 1388 1169 1414 τὰ
1193 1389 1372 1424 ἀναθήματα;
1391 1391 1423 1416 'H
1441 1391 1491 1426 μὲν
1519 1392 1572 1427 γὰρ
1591 1393 1605 1419 ὃ
1618 1391 1691 1428 εἶχεν
1707 1394 1767 1420 ὅλον
1781 1395 1845 1420 ἐκέη

1048 1441 1117 1459 νωσε
1126 1441 1132 1446 ·
1148 1434 1202 1460 τῶν
1214 1434 1254 1464 δὲ.
1271 1435 1358 1468 ὀλίγον
1375 1435 1496 1467 ἐξέπεσε.
1512 1438 1557 1472 Μὴ
1568 1440 1778 1475 καταφρονήσῃς
1789 1441 1846 1465 τῶν

1048 1480 1180 1514 κειμένων
1195 1480 1232 1512 ὡς
1247 1481 1351 1513 οὐδενὸς
1367 1482 1460 1514 ἀξίων.
1490 1483 1614 1517 Λόγισαι,
1630 1485 1702 1516 τίνες
1717 1486 1780 1517 εἰσὶ,
1796 1487 1846 1512 καὶ

1051 1526 1177 1560 εὑρήσεις
1192 1526 1281 1552 αὐτῶν
1304 1527 1334 1553 τὸ
1355 1527 1478 1564 ἀξίωμα·
1502 1529 1547 1556 τοῦ
1576 1531 1700 1566 Σωτῆρος
1715 1532 1795 1566 ήμῶν
1812 1532 1845 1558 τὸ

1055 1571 1198 1607 πρόσωπον
1214 1572 1287 1598 ἐνεδύ
1293 1581 1382 1599 παντο.

210 1622 301 1649 silium
318 1622 446 1657 quiddam
461 1621 594 1648 exciderit
610 1620 629 1646 ³.
644 1618 771 1646 Jacentes
785 1627 918 1654 pauperes
939 1623 1067 1653 tanquam
1089 1620 1191 1646 nullius
1218 1621 1297 1654 pretii
1331 1622 1396 1651 sint.
1429 1630 1463 1649 ne
1491 1622 1658 1657 despexeris.
1692 1625 1844 1655 Considera

211 1669 322 1704 quinam
339 1667 411 1699 sint.
422 1672 449 1694 et
464 1675 558 1694 eorum
573 1673 722 1701 cognosces
735 1666 894 1700 dignitatem
909 1673 916 1691 ε
932 1664 1086 1692 Servatoris
1102 1667 1190 1692 nostri
1208 1674 1352 1700 personam
1368 1667 1525 1695 induerunt.

246 1725 385 1760 Propriam
399 1724 472 1751 enim
487 1723 622 1758 benignus
643 1722 687 1748 ille
721 1729 866 1756 personam
882 1722 923 1748 eis
940 1723 993 1748 lar-
1009 1711 1032 1741 ε

210 1772 283 1807 gitus
298 1775 351 1802 est,
368 1774 408 1801 ut,
426 1768 655 1804 quemadmodum
674 1767 722 1799 illi,
735 1767 781 1802 qui
799 1767 931 1794 adversus
943 1767 996 1792 vim

212 1817 362 1844 inferentes
390 1821 521 1849 tauquam
546 1813 780 1848 propugnaculum
804 1813 894 1846 regias
929 1819 996 1845 prae-

211 1863 324 1890 tendunt
342 1862 484 1896 imagines,
497 1868 551 1895 quo
566 1859 699 1894 principis
711 1858 813 1893 effigie,
831 1858 993 1884 irruentium

212 1909 330 1944 impetus
347 1908 490 1941 frangatur
506 1910 533 1933 et
556 1905 710 1932 relardetur
724 1913 731 1936 ;
752 1905 791 1931 sic
807 1904 857 1938 ipsi
873 1911 930 1935 eos,
949 1903 996 1938 qli

212 1955 286 1982 nulla
306 1957 450 1981 moventur
466 1951 717 1980 commiseratione,
742 1950 844 1984 quique
865 1957 996 1983 pauperes

212 2001 275 2029 odio
292 2003 508 2035 prosequuntur,
525 2005 572 2031 per
589 1997 663 2022 illam
679 1995 800 2026 flectant,
823 1995 946 2029 mitigent
969 1999 995 2021 et

211 2050 335 2075 exorent.
362 2045 394 2072 Hi
422 2045 557 2072 bonorum
581 2050 643 2077 qua
663 2046 690 2068 et
716 2044 909 2076 exspectamus
932 2045 995 2068 sunt

211 2091 393 2129 promicondi.
410 2090 442 2117 Hi
456 2091 586 2125 janitores
598 2088 674 2123 regni
689 2089 833 2119 caelorum,
845 2087 891 2122 qui
906 2087 994 2114 forum

211 2139 334 2174 aperiant
350 2137 475 2172 benignis
487 2141 513 2163 et
528 2135 619 2167 bonis,
635 2134 782 2161 occludant
806 2133 886 2160 malis
905 2137 932 2160 et
953 2133 996 2159 in-

211 2185 348 2213 humanis.
365 2182 397 2209 Hi
424 2188 451 2209 et
466 2182 640 2209 vehementes
668 2184 733 2208 sunt
760 2184 947 2210 accusatores,
970 2183 997 2205 et

211 2231 305 2266 optimi
318 2229 436 2265 patroni.
453 2228 590 2254 Accusant
606 2231 695 2253 autem
709 2230 736 2253 et
759 2224 919 2256 defendunt,
939 2232 994 2250 non

212 2277 348 2306 oratione.
363 2275 410 2303 sed
437 2277 548 2308 aspectu
569 2273 640 2308 ipso,
665 2272 730 2298 dum
755 2270 964 2305 conspiciuntur
981 2278 995 2296 a

207 2323 310 2358 judice.
325 2320 391 2354 Quae
404 2320 476 2348 enim
498 2319 524 2346 in
537 2326 584 2347 eos
601 2318 678 2350 fiunt,
693 2317 764 2353 apud
779 2324 840 2344 eum
852 2317 898 2351 qui
913 2315 996 2342 corda

209 2371 359 2398 scrutatur,
376 2366 422 2401 qui
437 2365 617 2400 cogitationes
643 2363 783 2391 hominum
805 2369 900 2389 omnes
915 2366 997 2396 atque

210 2414 324 2442 intimos
335 2413 417 2439 animi
429 2418 527 2438 sensus
545 2409 630 2441 novit.
649 2409 746 2444 quovis
762 2415 886 2443 praecone
911 2408 1023 2441 clarius,

1090 1722 1118 1748 '0
1136 1723 1189 1758 γὰρ
1204 1722 1391 1757 φιλάνθρωπος
1406 1723 1520 1759 ἔχρησεν
1529 1726 1619 1757 αὐτοῖς
1633 1726 1663 1752 τὸ
1680 1727 1745 1754 ἴδιον
1760 1729 1844 1762 πρόσ-

1048 1776 1131 1798 tumv,
1144 1768 1186 1794 ἵνα
1196 1768 1229 1794 δι’
1244 1768 1348 1794 ἐκείνου
1379 1768 1522 1795 δυσωπῶσι
1537 1770 1598 1801 τοὺς
1610 1771 1783 1805 ἀσυμπαθεῖς
1795 1774 1845 1798 καὶ

1050 1813 1248 1847 μισοπτώχους,
1274 1813 1367 1848 ὥσπερ
1384 1815 1407 1839 οἱ
1430 1815 1476 1845 τὰς
1493 1814 1636 1848 βασιλικὰς
1649 1817 1758 1848 εἰκόνας
1774 1818 1845 1844 κατὰ

1047 1859 1101 1885 τῶν
1119 1859 1284 1894 βιαζομένων
1309 1860 1406 1890 αὐτοὺς
1430 1861 1641 1896 προϐαλλόμενοι
1654 1883 1661 1893 ,
1691 1863 1725 1888 ἵν’
1741 1864 1775 1889 ἐκ
1792 1864 1844 1898 τῆς

1050 1907 1156 1940 μορφῆς
1167 1905 1215 1932 τοῦ
1233 1906 1405 1941 κρατοῦντος,
1426 1908 1471 1932 τὸν
1490 1909 1698 1943 καταφρονητὴν
1713 1909 1843 1944 δυσωπή-

1049 1960 1140 1977 σωσιν.
1164 1949 1243 1978 Οὗτοί
1267 1953 1336 1978 εἰσιν
1360 1953 1385 1978 οἱ
1414 1953 1509 1987 ταμίαι
1533 1953 1586 1979 τῶν
1609 1954 1844 1989 προσδοκωμένων

1047 1997 1165 2030 ἁγαθώψ
1187 1998 1210 2022 οἱ
1225 1997 1342 2032 θυρωροὶ
1357 1998 1405 2032 τῆς
1420 1997 1566 2032 βασιλείας,
1582 2000 1606 2025 οἱ
1622 1999 1777 2033 ἀνοίγοντες
1793 2002 1842 2032 τὰς

1048 2042 1133 2077 θύρας
1146 2044 1202 2074 τοῖς
1214 2044 1353 2078 χρηστοῖς,
1366 2044 1413 2070 καὶ
1429 2043 1562 2076 κλείοντες
1573 2046 1629 2076 τοῖς
1637 2045 1779 2077 δυσκόλοις
1794 2048 1842 2072 καὶ

1049 2087 1258 2122 μισανθρώποις.
1287 2085 1375 2119 Οὗτοι,
1398 2090 1446 2115 καὶ
1469 2089 1615 2124 κατήγοροι
1642 2090 1768 2126 σφοδροὶ,
1794 2092 1842 2117 καὶ

1050 2133 1192 2167 συνήγοροι
1216 2133 1323 2166 ἀγαθοί.
1347 2133 1529 2168 Συνηγοροῦσι
1550 2134 1578 2160 δῖε
1603 2135 1649 2160 καὶ
1672 2135 1842 2170 κατηγοροῦ-

1049 2187 1100 2207 σιν,
1118 2179 1147 2204 οὐ
1164 2178 1298 2212 λέγοντες,
1313 2178 1370 2205 ἀλλ’
1386 2178 1519 2214 ὁρώμενοι
1532 2179 1606 2215 παρὰ
1617 2180 1664 2206 τοῦ
1677 2181 1791 2216 Κριτοῦ.
1804 2182 1840 2207 Τὸ

1047 2224 1101 2258 γὰρ
1119 2224 1182 2259 περὶ
1198 2225 1296 2256 αὐτοὺς
1311 2225 1451 2260 γινόμενον
1477 2224 1555 2260 ἔργον
1572 2225 1647 2258 παρὰ
1669 2226 1710 2260 τῷ
1732 2227 1841 2262 καρδιο-

1048 2268 1155 2304 γνώστῃ
1178 2269 1237 2304 βοᾷ.
1253 2270 1352 2300 παντὸς
1369 2273 1486 2304 κήρυκος
1502 2270 1694 2306 εὐσημότερον.
1713 2272 1763 2298 Διά
1777 2272 1838 2298 τοὺ-

1047 2323 1108 2346 τους
1121 2315 1186 2349 ἡμῖν
1199 2315 1247 2341 καὶ
1261 2315 1291 2341 τὸ
1305 2315 1418 2350 φοϐερὸν
1433 2315 1573 2350 ἀνεγράφη
1588 2315 1633 2342 διὰ
1646 2316 1702 2342 τῶν
1715 2318 1839 2351 ἀγγέλων

1047 2361 1094 2386 τοῦ
1111 2360 1178 2387 Θεοῦ
1193 2361 1373 2396 δικαστήριον,
1388 2359 1418 2388 οὗ
1433 2361 1561 2394 πολλάκις
1575 2361 1721 2396 ἠκούσατε.

1061 2408 1191 2442 apertius,
1219 2407 1419 2442 signiﬁcantius
1444 2408 1628 2436 vociferantur
1656 2413 1683 2436 et
1709 2410 1838 2438 clamant-

208 2461 323 2496 Propter
340 2459 391 2486 hos
407 2458 485 2485 nobis
499 2461 526 2484 et
541 2456 743 2484 formidandum
759 2454 826 2482 illud
844 2453 989 2489 judicium,
1010 2454 1083 2488 quod
1100 2462 1170 2489 saepe
1187 2454 1341 2487 audivistis,
1359 2456 1541 2489 perscriptum
1557 2460 1610 2482 est.

244 2515 301 2542 Illic
323 2514 395 2541 enim
420 2513 498 2540 video
526 2511 625 2539 Filium
651 2510 772 2537 hominis
803 2510 956 2537 venientem
979 2518 993 2536 e

1081 2508 1158 2536 Εἶδον
1172 2510 1225 2544 γὰρ
1239 2511 1298 2536 ἐκεῖ
1310 2510 1354 2536 τὸν
1370 2510 1433 2536 Υἱὸν
1447 2511 1493 2536 τοῦ
1509 2511 1634 2538 ἀνθώπου
1650 2512 1797 2548 ἐρχόμενον
1811 2513 1841 2545 ἐξ

207 2561 295 2592 caelis,
311 2567 359 2594 per
375 2567 437 2585 aera
453 2565 506 2585 ιιοιι
522 2565 602 2584 secus
623 2561 705 2590 atque
722 2564 769 2590 per
792 2559 892 2581 terram
919 2555 993 2582 ince-

208 2608 316 2633 dentem
333 2603 582 2631 innumerabilibus
598 2602 728 2636 stipatum
744 2600 865 2627 millibus
881 2601 992 2635 angelo—

208 2659 277 2678 rum.
296 2649 499 2682 Deindegloriaa
522 2648 652 2675 thronum
675 2652 796 2674 erectum
821 2648 847 2673 in
864 2647 991 2678 sublime,

207 2701 288 2730 atque
305 2696 332 2722 in
347 2703 379 2722 eo
396 2694 583 2721 considentem
606 2693 714 2729 Regem.
733 2692 809 2720 Tune
837 2693 926 2719 omnis
943 2692 991 2718 ho-

207 2741 310 2768 minum
326 2741 425 2771 tribus,
442 2747 537 2767 omnes
549 2744 654 2775 gentes,
669 2739 796 2766 nationes
809 2746 914 2771 omnes,
931 2746 992 2772 qua:

245 2829 354 2857 ’Exott.
373 2837 464 2861 xxxvr,
485 2823 544 2868 ὅῖιῚ.
581 2829 591 2844 ³
609 2829 690 2856 Marc.
709 2837 757 2862 xu,
775 2829 871 2857 l‘S-H.

1044 2556 1176 2590 οὐρανῶν,
1193 2555 1299 2582 καὶτὸν
1312 2556 1382 2591 ἀέρα
1397 2556 1433 2587 ὡς
1448 2558 1499 2591 γῆν
1517 2556 1664 2588 πεζεύοντα
1674 2579 1681 2590 ,
1709 2559 1756 2585 καὶ
1777 2561 1839 2590 ταῖς

1046 2602 1154 2633 πολλαῖς
1198 2603 1310 2636 μυριάσι
1351 2602 1406 2628 τῶν
1440 2603 1562 2636 ἀγγέλων
1590 2604 1836 2640 δορυφορούμενον.

1047 2648 1163 2674 Ἔπειτα
1186 2647 1278 2683 θρόνον
1294 2647 1371 2682 δόξης
1386 2649 1580 2683 ἀνυίζιούμενον,
1608 2650 1655 2675 καὶ
1674 2651 1728 2676 πᾶν
1753 2651 1838 2684 φῦλον

1045 2692 1195 2728 ἀνθρώπων
1211 2694 1271 2720 ὅσον
1286 2693 1423 2729 παρῆλθεν
1444 2695 1483 2725 εἰς
1497 2695 1603 2728 γένεσιν
1619 2696 1665 2721 καὶ
1686 2695 1753 2731 ἡλίῳ
1770 2705 1838 2722 κατ-

1045 2737 1183 2773 ελάμφθη,
1198 2738 1244 2765 καὶ
1269 2738 1362 2765 τούτου
1378 2739 1424 2765 τοῦ
1446 2739 1524 2774 ἀέρος
1541 2739 1693 2766 ἀνέσπασεν
1705 2760 1712 2772 ,
1740 2742 1768 2767 ἐν
1788 2740 1838 2768 δύο
