1912 3080
85 95 135 122 465

669 101 712 128 DE
731 101 950 132 PAUPERIBUS
967 105 1131 134 AlllANlilS.

1661 106 1713 134 465

85 156 190 190 ὑπάρχῃ
214 155 298 183 εἰκὼν
315 157 365 191 τῆς
383 158 492 194 πρώτης
507 161 553 186 καὶ
570 161 709 196 ἀκηράτου
722 162 769 188 καὶ
784 163 867 189 πάντα

924 164 961 191 tia
978 165 1092 194 virtutes
1112 173 1177 195 sunt
1193 169 1247 196 Deo
1262 169 1437 204 gratissimae:
1449 178 1510 205 qua:
1523 171 1545 197 si
1559 169 1638 202 cujus
1655 170 1716 196 ani-

85 201 141 227 νοῦν
158 202 377 238 ὑπερϐαινούσης
387 205 489 235 οὐσίας.
503 205 557 240 Τῆς
569 206 597 232 δὲ
613 207 730 242 σπουδῆς
744 208 773 234 τὺ
787 208 871 243 πέρας

84 247 169 274 ὁποῖον
187 248 343 282 ἐγγυῶνται
356 258 363 282 ;

927 218 1000 237 niuni
1014 212 1187 246 incoluerint,
1202 223 1263 242 eum
1283 216 1405 243 divinum
1423 216 1552 249 eﬂieiunt‘,
1565 221 1592 243 et
1606 223 1715 242 summo
1750 244 1756 249 _

932 255 970 282 illi
988 256 1059 283 bono
1078 266 1158 293 quam
1184 259 1352 287 simillimum
1372 260 1498 293 reddunt,
1517 262 1585 287 adeo
1607 265 1636 286 iit
1656 259 1713 294 pri-

85 293 223 342 mat-illius
239 300 321 329 atque
333 297 496 324 immortalis
514 302 540 325 et
559 303 675 326 mentem
693 309 801 328 omnem
822 303 979 336 superantis
1009 309 1112 332 natura:
1129 306 1275 334 decoretur
1292 307 1421 341 imagine.
1450 307 1484 333 At
1498 307 1622 342 "qualem
1656 310 1715 332 stu-

85 339 118 365 tlii
135 339 296 375 laborisque
315 341 394 369 linem
412 344 593 377 pollicentur?

121 386 255 413 Ἐνταῦθα
274 388 324 423 μὲν
345 389 430 424 καλὴν
449 390 553 422 ἐλπίδα,
580 401 627 418 και
642 393 804 428 προσδοκίαν
825 394 871 420 εὑ-

85 432 266 466 φραίνουσαν’
293 435 321 459 ὲν
344 435 372 461 δὲ
393 437 448 466 τοῖς
474 435 582 469 ἔπειτα,
608 439 672 464 ὅταν
693 439 741 473 τὴν
760 439 873 474 ῥέουσαν

85 477 179 512 ταύτην
192 478 448 514 ἀποσκευασάμενοι
460 481 559 517 σάρκα,
573 483 621 518 τὴν
637 484 789 520 ἀφθαρσίαν
808 494 873 520 μετ-

85 521 264 556 ενδυσώμεθα,
288 525 425 559 μακαρίαν
456 526 544 561 ζωὴν,
567 528 683 564 ἄληκτον
707 530 752 556 καὶ
774 530 874 557 ἀνώλε-

85 568 153 602 θρον,
172 570 202 594 ἐν
225 569 397 604 θαυμασταῖς
412 580 466 598 τισι
483 573 530 598 καὶ
551 573 598 600 νῦν
614 575 643 601 οὺ
658 576 873 611 γινωσκομέναις

84 614 142 648 ἡμῖν
157 615 320 647 εὐπαθείαις
336 616 567 652 ηὐτρεπισμένην.

115 699 219 725 Οὐκοῦν
232 700 258 725 οἱ
275 700 378 734 λογικοὶ
393 702 557 735 κτισθέντες,
571 704 618 730 καὶ
632 704 677 730 τὸν
688 705 749 731 νοῦν
766 705 871 740 ἔχοντες

84 744 132 769 τῶν
145 743 226 770 θείων
241 746 363 781 ἑρμηνέα
383 748 430 773 καὶ
443 748 599 784 παιδευτὴν,
617 750 653 784 μὴ
667 751 722 781 τοῖς
739 751 870 786 προσκαί-

84 798 136 841 ροις
149 790 323 843 δελεασθῆτε.
347 793 489 843 Ιξτήσασθε
502 793 576 843 δὲτὰ
590 795 723 830 μηδέποτε
737 796 868 831 καταλιμ-
885 817 905 843 Β

84 835 197 862 ττανοντα
215 836 263 861 τὸν
287 838 456 872 κτησάμενον
468 847 474 853 ·
498 839 606 874 ὀρίσατε
626 840 711 876 μέτρα
724 843 756 876 τῇ
772 843 868 877 χρήσει

83 881 124 906 τοῦ
140 881 207 914 βίου.
226 881 272 917 Μὴ
295 884 385 909 πάντα
402 884 523 920 ὑμέτερα
537 893 544 900 ·
558 885 626 911 ἀλλὰ
642 887 722 921 μέρος
736 887 806 914 ἔστω
823 889 869 914 καὶ

83 928 130 953 τῶν
153 929 280 963 πενήτων
308 930 361 955 τῶν
377 930 526 964 ἀγαπητῶν
542 931 590 957 τοῦ
607 932 684 959 Θεοῦ.
711 933 802 960 Πάντα
815 934 869 970 γὰρ

83 973 124 1000 τοῦ
139 974 206 1000 Θεοῦ
228 974 276 1001 τοῦ
293 976 381 1002 κοινοῦ
397 977 511 1012 Πατρός.
539 977 633 1012 Ἡμεῖς
650 978 677 1004 δὲ
702 978 811 1012 ἀδελφοὶ
831 979 868 1011 ὡς

82 1019 215 1053 ὁμόφυλοι·
225 1020 357 1054 ἀδελφοὺς
367 1021 404 1053 δὲ,
414 1022 443 1047 τὸ
455 1023 503 1056 μὲν
514 1023 623 1058 ἄριστον
631 1023 677 1050 καὶ
690 1024 867 1060 δικαιότερον,

83 1066 138 1091 κατ’
155 1066 309 1100 ἰσομοιρίαν
326 1066 469 1101 λαγχάνειν
492 1067 538 1094 τοῦ
556 1068 665 1104 κλήρου.
697 1069 741 1095 Ἐν
754 1070 781 1095 δὲ
794 1069 868 1102 τάξει

81 1110 200 1146 δευτέρᾳ,
225 1111 277 1137 κᾶν
291 1112 321 1138 τὸ
335 1112 414 1138 πλέον
431 1110 499 1149 εἷςῆ
515 1113 640 1149 δεύτερος
663 1115 866 1150 σφετερίσηται,

83 1155 110 1180 τὸ
122 1155 184 1189 γοῦν
200 1156 285 1191 μέρος
299 1158 501 1192 κερδανέτωσαν
513 1160 537 1185 οἱ
554 1159 718 1194 λειπόμενοι.
736 1161 766 1187 Εἰ
781 1162 810 1187 δέ
825 1171 866 1191 τις

83 1201 191 1228 καθόλου
215 1202 311 1238 κύριος
325 1201 394 1230 εἶναι
412 1205 465 1230 τῶν
483 1205 591 1232 πάντων
606 1206 701 1238 ἐθέλοι,
724 1208 769 1234 καὶ
782 1208 866 1242 αὐτῆς

83 1247 127 1281 τῆς
147 1248 274 1284 τρίτηςῆ
295 1250 423 1285 πέμπτης
446 1251 543 1285 μοίρας
558 1251 688 1286 ἐξείργων
709 1254 770 1284 τοὺς
792 1253 868 1279 ἀδ;λ-

84 1294 154 1328 ςοὺς,
165 1291 244 1326 οὗτος
259 1297 357 1330 πικρὸς
371 1297 511 1331 τύραννος.
532 1298 667 1333 βάρϐαρος
682 1299 867 1331 ἀδιάλλακτος,

84 1340 169 1375 θηρίον
183 1340 337 1376 ἄπληστον,
357 1343 436 1376 μόνον
452 1343 537 1378 ἡδέως
561 1346 717 1378 περιχαῖνον
731 1346 764 1380 τῇ
782 1345 866 1381 θοίνῃ,

85 1386 177 1420 μᾶλλον
190 1387 219 1413 δὲ
244 1388 291 1414 καὶ
314 1388 404 1414 αὐτῶν
419 1389 585 1424 ἀγριώτερος
596 1391 650 1417 τῶν
666 1390 767 1426 θηρίων
780 1401 786 1407 ·
811 1392 868 1425 εἴγε

84 1432 157 1463 λύκος
170 1433 218 1467 μὲν
230 1434 277 1460 τὸν
289 1433 370 1461 λύκον
380 1436 420 1466 εἰς
431 1435 514 1471 βορὰν
527 1436 719 1471 παραδέχεται,
732 1438 778 1464 καὶ
788 1438 868 1470 κύνες

961 392 1038 419 Nunc
1048 394 1157 428 quidem
1174 395 1332 429 praeclaram
1350 403 1437 429 spem,
1449 399 1476 422 et
1492 396 1591 423 lmtitize
1606 396 1711 430 plenam

924 439 1173 473 exspectationem;
1192 446 1252 475 post
1269 444 1358 467 autein
1378 441 1488 476 quando
1507 441 1586 467 istius
1603 441 1713 468 assidue

924 483 1034 511 fluentis
1048 486 1140 512 carnis
1161 486 1255 520 spoliis
1270 486 1343 512 exuti
1363 486 1595 513 immortalitatem
1617 486 1712 513 indue-

924 530 1021 562 rimtis,
1049 531 1131 557 vitam
1157 531 1273 563 beatam,
1304 532 1407 558 nullum
1438 531 1518 558 linem
1546 530 1710 561 habituram,

924 576 1008 602 nullis
1027 577 1106 603 malis
1121 577 1279 609 obnoxiam,
1294 577 1322 604 in
1345 577 1459 604 summis
1481 581 1507 603 et
1532 576 1710 607 admirandis,

923 629 1039 656 quicque
1056 623 1099 649 hic
1126 632 1141 649 a
1164 624 1243 650 nobis
1264 623 1419 658 cognitione
1437 622 1630 657 comprehendi
1656 630 1711 648 non

921 672 1047 702 possunt.
1067 675 1220 695 versantem
1238 669 1344 703 gaudiis
1358 673 1385 696 et
1407 668 1602 703 voluptatibus.

959 713 1012 741 Vos
1031 714 1124 749 igitur,
1139 716 1184 749 qtii
1205 716 1309 742 ratione
1320 714 1438 750 praediti,
1457 718 1484 741 ct
1500 719 1591 741 mente
1617 722 1709 740 reruni

920 758 1075 786 divitiarum
1091 760 1240 795 interprete
1254 769 1284 787 ac
1297 761 1428 795 magistra
1446 760 1568 786 decorati
1583 759 1660 790 estis,
1679 767 1712 785 ne

921 804 1046 839 (quaeso)
1061 814 1107 831 vos
1128 813 1217 832 rerum
1239 806 1373 832 ilnxarutn
1397 810 1424 832 et
1443 805 1611 832 caducarutn
1636 803 1711 829 blan-

918 849 993 877 ditiis
1006 850 1127 882 deliniri,
1141 856 1167 878 et
1183 856 1313 886 tanquam
1331 858 1393 878 esca
1410 851 1476 877 illici
1492 856 1519 877 et
1542 850 1603 884 capi
1624 850 1710 884 patia-

918 895 995 921 mini.
1022 894 1242 930 Complectiuiini
1267 904 1341 927 eum.
1374 896 1421 930 qui
1462 895 1647 929 possidentem
1681 903 1710 920 se

918 947 1056 974 nunquam
1072 945 1113 967 est
1135 941 1333 974 derelicturus;
1359 941 1421 968 usui
1443 942 1504 967 vita:
1525 940 1633 966 tnodtittt
1659 940 1709 966 iiii—

919 985 1021 1019 ponite.
1039 985 1078 1012 Nc
1089 987 1181 1013 omnia
1203 991 1294 1013 vestra
1307 987 1473 1013 existimate.
1495 986 1535 1012 Sit
1552 994 1615 1020 pars
1627 986 1708 1012 etiam

920 1039 1080 1066 pauperum.
1097 1036 1125 1058 et
1142 1033 1292 1059 amicorum
1314 1032 1371 1059 Dei.
1390 1032 1466 1059 Illius
1481 1033 1553 1059 enini
1569 1039 1630 1058 vere
1646 1036 1710 1058 sunt

918 1078 1021 1110 omnia,
1039 1086 1119 1112 quem
1135 1078 1268 1105 habemus
1285 1078 1404 1105 Pati-eiu.
1422 1078 1477 1105 Nos
1495 1082 1586 1104 autem
1611 1077 1710 1104 fratres

919 1131 1023 1150 stultius.
1039 1123 1212 1158 Quapropter
1230 1129 1258 1150 tit
1274 1132 1373 1158 genere
1385 1124 1549 1158 coujtinctos
1565 1131 1596 1149 ac
1612 1123 1710 1150 fratres

919 1169 1017 1196 melius
1050 1170 1159 1204 quidem
1190 1177 1221 1196 ac
1249 1170 1351 1204 justiits
1382 1175 1441 1197 erat
1471 1170 1557 1204 a‘quis
1586 1169 1711 1204 partibus

918 1221 1030 1240 cernere
1057 1215 1263 1242 litcreditatent:
1296 1223 1389 1242 verum
1423 1215 1534 1249 quando
1556 1215 1580 1241 id
1610 1215 1710 1241 factum

919 1267 975 1286 non
991 1264 1044 1290 est.
1060 1260 1106 1287 sed
1124 1268 1195 1287 unus
1212 1265 1258 1287 aut
1274 1261 1343 1287 alter
1355 1261 1416 1295 plus
1431 1261 1595 1291 intervertit,
1613 1260 1710 1294 reliqui

921 1310 1021 1339 partem
1044 1313 1124 1332 unam
1144 1307 1239 1333 saltctn
1256 1307 1411 1341 accipiant:
1431 1306 1504 1340 qttod
1527 1306 1548 1332 si
1567 1307 1629 1340 quis
1652 1313 1711 1331 ont-

926 1353 1002 1377 niuni
1017 1359 1129 1386 prorsus
1143 1360 1204 1378 esse
1222 1352 1351 1379 dominus
1366 1356 1393 1379 ct
1411 1352 1566 1378 universam
1581 1351 1637 1377 \‘llil
1658 1354 1711 1377 lia:-

920 1397 1062 1424 reditatem
1081 1401 1216 1430 avertere,
1233 1402 1259 1424 et
1281 1398 1362 1424 tertia
1381 1401 1428 1423 aut
1447 1397 1541 1431 quinta
1560 1400 1636 1430 parte
1658 1396 1711 1421 fra-

919 1445 974 1469 tres
999 1442 1156 1473 excludere.
1183 1443 1228 1470 ille
1258 1442 1342 1469 frater
1358 1451 1411 1470 non
1427 1446 1479 1474 est,
1513 1442 1558 1469 sed
1590 1441 1708 1468 acerbus

83 1478 108 1502 ὲν
121 1478 209 1513 ταύτῷ
228 1480 321 1506 πολλοὶ
337 1480 365 1506 ἓν
382 1481 566 1516 σπαράττουσι
592 1482 670 1517 σῶμα
685 1491 692 1498 ο
710 1484 724 1509 ὁ
737 1483 765 1509 δὲ
781 1483 867 1518 ἄπλη-

923 1492 1065 1523 lyrannus,
1081 1489 1195 1515 immitis
1209 1489 1354 1519 barbarus.
1373 1489 1427 1515 imo
1447 1496 1511 1515 vero
1535 1487 1706 1521 inexplebilis

85 1532 140 1555 στος
154 1525 248 1552 οὐδένα
266 1527 319 1552 τῶν
331 1527 472 1561 ὁμοφύλων
502 1528 542 1559 εἰς
555 1529 604 1563 τὴν
622 1530 765 1563 μετουσίαν
780 1539 868 1565 παρα-

84 1570 210 1605 λαμὸἀνει
227 1573 275 1599 τοῦ
290 1573 403 1600 πλούτου
438 1575 530 1608 Ἀρκεῖ
545 1582 585 1600 σοι
601 1575 616 1609 ἡ
634 1573 788 1610 σύμμετρος
802 1576 868 1611 τρά-

85 1618 158 1650 πεζα.
175 1619 221 1655 Μὴ
241 1620 308 1655 πρὸς
322 1619 351 1646 τὺ
375 1619 492 1653 πέλαγος
513 1620 563 1654 τῆς
588 1620 738 1646 ἀκολάστου
755 1621 867 1648 πανδαι-

86 1665 140 1696 aia;
154 1667 283 1702 ἑκπέσῃς.
301 1667 422 1693 Χαλεπὸν
436 1667 490 1701 γὰρ
499 1666 528 1693 τὸ
541 1667 712 1701 ἐπικείμενον
724 1669 864 1702 ναυάγιον,

85 1711 111 1736 οὺ
125 1711 234 1746 πέτραις
251 1712 448 1747 περιῤῥηγνύον
463 1712 583 1746 ὑφάλοις.
602 1712 659 1738 αλλ’
674 1714 714 1743 εἰς
731 1713 760 1738 τὸ
775 1714 870 1746 σκότος

85 1756 193 1788 ἐξωθοῦν
216 1758 247 1784 τὸ
270 1758 428 1792 βαθύτατον,
447 1758 507 1784 ὅθεν
523 1758 619 1784 οὔποτε
644 1758 658 1783 ὁ
680 1759 807 1792 ἐμπεσὼν
824 1761 870 1787 ἐκς

86 1801 202 1836 ϐήσεται.

921 1534 987 1567 fera,
1005 1541 1065 1568 qua:
1079 1534 1163 1560 hianti
1179 1542 1226 1561 ore
1243 1535 1301 1561 sola
1317 1542 1416 1561 suaves
1429 1533 1542 1560 devoret
1555 1533 1649 1567 dapes.
1663 1533 1705 1558 vel

922 1581 1012 1615 potius
1026 1580 1092 1615 ipsis
1105 1581 1187 1607 etiam
1207 1580 1273 1607 feris
1289 1580 1387 1607 SIBViOI'
1401 1585 1428 1607 et
1451 1580 1586 1614 agrestior
1599 1588 1605 1612 ;
1623 1578 1711 1612 siqui-

921 1627 982 1653 dem
998 1631 1024 1653 et
1046 1626 1126 1661 lupus
1144 1627 1176 1653 ad
1200 1626 1385 1653 devorandatii
1408 1625 1525 1661 praadatn
1545 1625 1638 1658 Ittpuni
1658 1624 1709 1649 sibi

923 1672 1027 1698 socium
1040 1672 1172 1706 adjtitigil.
1191 1677 1308 1699 ett-anes
1320 1672 1397 1698 multi
1415 1678 1611 1705 nonnunquam
1629 1669 1710 1696 simu!

923 1717 993 1745 idetti
1012 1718 1146 1744 dilaniant
1161 1726 1271 1752 corpus.
1293 1718 1326 1743 At
1351 1718 1402 1744 iste
1420 1717 1577 1744 divitiarum
1599 1723 1710 1742 suarum

923 1763 1026 1789 nullum
1042 1763 1165 1797 ejusdem
1177 1763 1286 1798 generis
1299 1763 1437 1789 hominem
1457 1762 1617 1797 participem
1636 1761 1709 1787 facit.

923 1808 1059 1835 Moderata
1082 1817 1174 1836 mensa
1191 1809 1295 1836 sufficit
1315 1809 1375 1837 tibi.
1393 1808 1432 1836 Nc
1453 1814 1478 1835 le
1494 1809 1520 1834 in
1547 1808 1612 1834 illttd
1633 1807 1710 1833 luxu-

86 1849 128 1876 ria:
142 1851 253 1886 pelagus
280 1852 426 1884 demittas,
446 1856 475 1878 ut
501 1852 625 1879 convivia
653 1853 727 1880 omni
761 1861 860 1888 genere
878 1856 1002 1884 ciborum
1020 1858 1153 1884 instructa
1183 1857 1262 1884 velis.
1296 1856 1353 1883 Illic
1388 1856 1460 1882 eniin
1489 1863 1571 1890 grave.
1601 1853 1711 1880 naufra—

86 1895 151 1929 gium
169 1896 205 1926 lit.
222 1904 278 1931 quo
299 1904 351 1923 non
365 1897 484 1930 smpulis
496 1897 546 1924 sub
565 1897 623 1924 salo
639 1898 785 1926 latentibus
800 1899 950 1934 collideris,
988 1902 1034 1930 sed
1067 1902 1095 1929 in
1122 1902 1284 1930 altissimam
1309 1905 1336 1929 et
1370 1901 1595 1929 obscurissimam
1633 1907 1710 1926 vora-

85 1942 167 1975 ginem
182 1943 347 1971 detruderis.
363 1943 390 1968 in
408 1950 489 1976 quam
503 1943 548 1977 qtti
566 1943 650 1970 semel
669 1944 774 1977 incidit,
791 1953 930 1980 nunquam
946 1953 1077 1984 emerget.

117 1988 230 2022 Χρῆσαι,
249 1987 286 2022 μὴ
303 1990 468 2024 παραχρήσῃ
480 1998 487 2004 υ
511 1988 589 2015 τοῦτο
605 1989 658 2025 γάρ
674 1998 702 2016 σε
726 1991 771 2016 καὶ
789 1991 865 2017 Παῦ-

86 2033 126 2063 λος
141 2033 267 2065 ἐδίδαξεν.
286 2034 364 2064 ’Λνες
386 2034 481 2060 σαυτὸν
496 2034 644 2061 ἀπολαύσει
662 2037 865 2073 μεμετρημένῃ,

86 2078 127 2113 Μὴ
142 2078 293 2114 βακχεὺσῃς
307 2080 366 2110 ταῖς
380 2080 494 2113 ἡδοναῖς.
510 2080 555 2115 Μὴ
568 2081 674 2107 πάντων
688 2081 780 2113 ἁπλῶς
791 2081 866 2114 ζώων

87 2123 187 2158 ὄλεθρος
210 2123 267 2154 ἔσο,
291 2125 474 2159 τετραπόδων,
499 2126 634 2159 μεγάλων,
661 2127 776 2161 μικρῶν,
794 2128 867 2162 ὀρνί-

87 2167 143 2199 θων,
158 2169 266 2203 ἰχθύων,
279 2169 332 2195 τῶν
347 2169 525 2204 εὐπορίστων,
540 2170 594 2197 τῶν
610 2171 739 2203 σπανίων,
755 2173 809 2199 τῶν
823 2173 866 2199 εὑ-

87 2212 165 2245 ὡνων,
181 2215 236 2241 τῶν
252 2215 416 2250 πολυτίμων.
436 2215 481 2250 Μὴ
498 2215 604 2243 πολλῶν
619 2217 757 2252 θηρευτῶν
780 2218 870 2253 ἱδρῶτι

88 2259 146 2293 μίαν
161 2260 263 2295 πλήρου
284 2261 404 2296 γαστέρα
417 2282 423 2292 ,
449 2261 543 2296 ὥσπερ
568 2270 595 2288 τι
616 2263 703 2298 φρέαρ
721 2263 869 2297 βαθύτατον

87 2304 236 2342 πολυχειρίᾳ.
248 2306 302 2332 τῶν
314 2307 470 2341 χωννύντων
487 2307 523 2343 μὴ
538 2308 726 2343 γεμιζόμενον.
742 2310 790 2336 Διὰ
805 2311 868 2341 τοὺς

86 2352 239 2386 τρυφῶντας
255 2353 315 2379 οὐδὲ
332 2355 346 2380 ὁ
369 2353 446 2388 βυθὸς
463 2355 511 2389 τῆς
527 2354 663 2390 θαλάσσης
693 2355 868 2390 ἁνενόχλητος

89 2398 165 2431 μένει.
174 2400 241 2426 Οὑὸὲ
254 2400 292 2434 τῷ
306 2400 382 2426 ὕδατι
391 2400 533 2434 νηχόμενοι
544 2399 643 2434 ἰχθύες,
655 2401 728 2435 μόνοι
740 2401 867 2436 ἀγρεύον-

87 2451 135 2474 τιι,
158 2446 225 2472 ἀλλὰ
249 2447 295 2472 καὶ
315 2447 366 2473 ὅσα
386 2446 465 2472 ἄθλια
489 2446 545 2478 ζῶα
571 2448 600 2481 τῇ
630 2448 792 2484 ὑποστάθμῃ
814 2449 868 2475 τῶν

89 2488 181 2517 ὑδάτων
196 2493 356 2528 ἐμφέρεται,
381 2493 428 2520 καὶ
451 2493 534 2518 ταῦτα
551 2493 620 2528 πρὸς
630 2493 678 2528 τὴν
695 2494 806 2529 ἤπειρον
822 2496 868 2521 καὶ

88 2534 128 2559 τὸν
149 2537 216 2571 ἀέρα
239 2537 332 2564 τοῦτον
362 2537 509 2569 ἑξέλκεται.
541 2538 632 2568 Οὕτως
664 2539 697 2564 τὰ
724 2540 788 2574 γένη
813 2540 867 2566 τῶν

89 2580 195 2616 ὀστρέων
219 2584 269 2609 οὐκ
292 2582 381 2615 ἔλαθε,
399 2584 445 2609 καὶ
461 2584 474 2608 ὁ
493 2584 580 2617 ἐχῖνος
611 2584 768 2617 ἀγρεύτται,
787 2585 833 2610 καὶ
849 2586 865 2620 ὴ

90 2625 166 2658 σηπία
187 2626 306 2660 ἕρπουσα
329 2628 517 2662 σαγηνεὺεται,
544 2628 590 2654 καὶ
607 2629 620 2654 ὁ
644 2628 779 2659 πολύπους
804 2631 863 2661 ταῖς

89 2669 191 2705 πέτραις
202 2673 401 2707 προσπεφυκὼς
412 2675 577 2706 ἀποσπᾶται,
596 2675 641 2701 καὶ
655 2676 679 2701 οἱ
695 2675 798 2710 κοχλίαι
809 2675 862 2701 τῶν

90 2719 242 2744 κατωτάτων
268 2718 356 2753 βυθῶν
379 2720 577 2756 ἀποσύρονται·
605 2721 650 2747 καὶ
684 2722 771 2748 πάντα
798 2722 862 2757 γένη

127 2808 156 2835 'l
173 2811 234 2837 Cor.
257 2818 304 2842 vti,
322 2811 348 2837 5.

958 1994 1038 2022 Utere
1056 1995 1148 2030 igitur,
1162 1999 1249 2026 utere,
1266 2003 1300 2021 ne
1314 1994 1436 2021 abutaris
1452 2003 1458 2020 ι
1473 1994 1512 2020 sit:
1526 1994 1596 2020 enini
1611 1992 1710 2019 Paulus

920 2041 1001 2067 etiam
1026 2041 1169 2068 edocuit“.
1196 2041 1317 2068 Modesta
1342 2040 1524 2067 ohlcctatione
1550 2044 1576 2066 te
1604 2046 1708 2065 recrea.

920 2087 1116 2122 Temperanter
1140 2089 1261 2114 animum
1283 2088 1384 2114 relaxa.
1416 2085 1455 2113 Ne
1483 2090 1509 2113 te
1536 2085 1642 2112 delicia:
1670 2085 1709 2111 sic

919 2134 1047 2164 obruant,
1072 2137 1101 2160 tit
1121 2133 1202 2159 nimia
1220 2132 1309 2159 laztiiia
1327 2131 1439 2165 gestias,
1465 2134 1491 2157 et
1513 2130 1619 2157 insanis
1633 2130 1707 2157 volu~

922 2180 1043 2214 ptatibus
1073 2178 1261 2205 dcbacclieris.
1296 2177 1334 2204 Nc
1361 2178 1400 2205 sis
1436 2177 1595 2203 animalium
1630 2176 1709 2210 planc

924 2226 1043 2252 omnium
1057 2225 1202 2260 pcrtticics,
1223 2225 1384 2259 ingentium,
1400 2223 1594 2254 mediocrium,
1619 2223 1710 2249 minii-

924 2276 1022 2302 tortttti,
1049 2270 1243 2304 gradientium,
1272 2270 1434 2299 volantium,
1460 2267 1626 2298 natantium,
1653 2267 1710 2293 sive

923 2317 1033 2342 inventu
1053 2315 1154 2346 facilia,
1173 2314 1230 2341 sive
1249 2314 1368 2341 diﬂicilia
1387 2314 1452 2345 sint,
1469 2321 1517 2340 seu
1544 2320 1643 2347 magno
1661 2320 1709 2339 seti

923 2361 967 2387 vili
993 2361 1080 2394 pretio
1104 2364 1230 2387 veneant.
1257 2360 1402 2386 Multorum
1430 2359 1587 2386 venantium
1609 2358 1709 2386 sudoro

921 2409 1041 2432 ventrem
1059 2414 1142 2432 unum
1158 2414 1191 2432 ne
1211 2407 1327 2440 repleas.
1348 2405 1386 2432 Ne
1406 2405 1461 2432 sint
1478 2405 1572 2431 fauces
1586 2408 1639 2431 tua:
1660 2412 1705 2430 ve-

918 2452 967 2478 ltiti
992 2459 1111 2486 vorago,
1132 2455 1178 2478 aut
1198 2459 1308 2486 gurges,
1334 2455 1381 2478 aut
1402 2451 1577 2478 vastissimus
1600 2457 1631 2476 ac
1646 2457 1708 2484 pro—

918 2497 1099 2524 fundissimus
1125 2502 1234 2531 puteus.
1259 2497 1292 2523 ad
1317 2504 1396 2532 quem
1414 2495 1584 2523 obruendum
1609 2495 1708 2521 multo-

916 2551 975 2569 rutn
995 2543 1117 2569 laborent
1135 2551 1242 2570 manus.
1271 2543 1384 2577 Propter
1406 2542 1545 2568 hominum
1569 2539 1705 2566 luxuriam

915 2593 996 2623 atque
1015 2589 1138 2618 delicias.
1158 2597 1211 2616 non
1234 2589 1316 2615 modo
1333 2596 1407 2615 tnare
1428 2587 1593 2622 profundum
1611 2585 1704 2611 turba-

917 2638 978 2666 tttr;
996 2642 1050 2660 ttoii
1063 2635 1143 2668 aquis
1158 2635 1245 2662 solum
1265 2635 1419 2660 innatantes
1433 2633 1579 2667 capiuntur
1593 2631 1681 2666 pisces
1695 2638 1702 2662 ;

918 2682 964 2706 sed
993 2680 1056 2710 alia,
1086 2687 1256 2714 qumcuttquc
1281 2680 1408 2706 animalia
1433 2679 1460 2705 in
1486 2677 1564 2711 aquis
1591 2677 1704 2711 degunt,

920 2724 982 2752 inde
1004 2725 1030 2751 in
1066 2730 1166 2752 terrain
1197 2729 1224 2752 ct
1243 2726 1341 2752 ccelum
1362 2724 1413 2752 hoc
1440 2722 1632 2750 extrahuntur.
1659 2720 1703 2747 Sic
