1912 3080
59 106 106 132 163

644 104 688 131 DE
703 104 921 133 PAUPERIBUS
938 105 1101 134 AMANDIS.

1638 114 1692 141 ιτο

59 165 83 192 δὲ
109 163 191 190 πᾶλιν
215 165 367 199 ὁμότροπος
395 163 504 196 τούτου,
531 164 712 200 κατεδικάσθη
738 165 844 192 θάνατοι

904 165 1037 192 malorum
1073 167 1173 202 abysso
1206 167 1375 196 describitur
1408 171 1574 198 coerceri’?
1604 172 1693 205 Quid?

60 210 280 245 ἀπροσδόκητον,
304 212 332 237 ὲν
355 212 387 247 τῇ
414 212 518 247 ἑσπέρᾳ
542 212 590 248 τὴν
616 212 729 248 ἑωθινὴν
750 213 852 248 τροφὴν

61 257 264 292 βουλευόμενος,
289 258 334 284 καὶ
355 257 402 283 τοῦ
428 257 526 293 ὄρθρου
555 258 592 292 μὴ
620 258 780 284 καταλαϐὼν
802 258 852 293 τὴν

62 304 161 328 ἀκτῖνα.
189 303 239 337 Μὴ
262 302 354 337 θνητοὶ
380 303 428 338 τὴν
449 303 557 333 πίστιν,
583 303 629 329 καὶ
654 304 780 331 ἀθάνατοι
802 305 852 339 τὴν

62 348 216 374 ἀπόλαυσιν.
237 348 330 380 Οὕτως
346 350 400 384 γὰρ
416 350 513 384 ἔχομεν
528 349 650 385 γνώμης,
667 350 691 376 οἱ
714 350 748 377 τὰ
763 351 851 378 πάντα

63 395 177 426 ὑέλου-τες
201 396 235 430 τῇ
260 396 310 430 τῆς
336 396 435 430 σαρκὸς
459 397 586 431 κολακείᾳ
613 396 790 432 χαρίζεσθαι,
813 397 851 429 ὡς

62 441 189 475 ἁδιάδοχοι
213 441 412 472 οἰκοδεσπέται,
435 442 472 473 ὡς
495 443 628 477 διηνεκεῖς
652 442 705 468 τῶν
729 443 776 469 ἐπὶ
799 443 851 477 γῆς

62 488 153 522 κύριοι,
173 488 202 512 ὲν
218 487 259 522 τῷ
272 487 345 522 θέρει
357 488 406 522 τὴν
425 488 528 523 σπορὰν
545 488 738 523 μεριμνῶντες,
761 488 807 514 καὶ
822 489 850 514 ὲν

62 535 90 568 τῇ
114 533 205 568 σπορᾷ
228 533 279 569 τὴν
303 533 350 560 τοῦ
376 533 507 569 θερισμοῦ
524 533 655 568 θυμηδίαν
673 533 848 566 ἐλπίζοντες⁸

62 578 219 612 φυτεύοντες
243 579 292 612 τὴν
311 578 461 610 πλάτανον,
486 578 532 604 καὶ
553 578 600 604 τοῦ
623 577 724 613 ὑψηλοῦ
741 578 849 613 δένδρου

61 624 105 659 τὴν
129 624 208 650 σκιὰν
242 624 405 656 ἐλπίζοντες·
430 623 654 658 καταπηγνύντες
674 623 719 650 τὸν
741 624 850 659 πυρῆνα

61 671 100 696 τοῦ
115 669 253 703 φοίνικος,
280 670 326 696 καὶ
345 669 394 704 τὴν
409 669 565 704 γλυκύτητα
578 669 632 695 τῶν
654 668 767 704 καρπῶν
785 669 849 695 ἁνα-

63 714 191 748 μένοντες.
220 715 277 741 Καὶ
298 715 384 740 ταῦτα
401 714 530 745 πολλάκις
552 715 580 740 ἐν
596 713 686 749 πολιᾷ,
701 714 744 740 ὅτε
766 714 849 748 ἐγγὺς

61 759 100 786 τοῦ
118 759 237 786 θανάτου
255 759 367 795 χειμών·
386 760 508 786 λείπουσι
529 760 556 786 δὲ
570 761 601 795 τῇ
618 760 684 795 ζωῇ,
702 760 732 786 οὐ
750 759 848 791 κύκλος

60 804 196 837 ἐνιαυτῶν,
213 805 283 832 ἀλλὰ
296 807 369 840 τρεῖς
383 805 398 840 ἥ
416 805 545 839 τέτταρες
556 805 669 850 ἡμέραι.

905 209 975 237 Huic
992 211 1060 239 alter
1074 213 1120 240 ille
1141 214 1251 245 similis,
1268 223 1359 242 nonne
1373 223 1435 242 cum
1451 218 1557 252 vesperi
1583 219 1616 246 de
1635 227 1692 246 ma-

905 255 1000 283 tutinis
1016 256 1122 284 deliciis
1144 258 1290 292 cogitaret,
1309 263 1364 286 tam
1380 260 1578 295 inexspectata,
1597 268 1624 290 et
1646 272 1690 292 re-

905 303 1019 336 pentina
1039 303 1185 331 damnatus
1202 310 1244 332 est
1269 309 1367 337 morte,
1396 310 1425 332 ut
1444 315 1478 334 ne
1502 309 1616 336 orientis
1630 311 1688 344 qui-

903 348 965 375 dem
985 349 1053 376 solis
1069 350 1176 376 radium
1198 352 1316 385 potuerit
1335 352 1472 379 intueri“?
1486 353 1605 382 Proinde
1627 363 1690 383 cum

903 395 1034 422 mortales
1058 396 1156 428 simus,
1174 396 1251 423 [idem
1270 405 1304 424 ne
1329 398 1502 433 ahjiciamus,
1528 409 1594 428 neve
1613 402 1689 429 frua-

903 447 964 467 mur
988 441 1174 475 voluptatibus
1199 447 1228 469 ut
1254 443 1434 472 immortales.
1465 445 1510 473 Sic
1536 446 1608 474 enim
1634 447 1690 474 fere

904 485 993 512 affecti
1016 494 1121 519 smnus,
1141 488 1296 522 quicunque
1310 489 1391 523 genio
1406 490 1558 525 indulgere,
1573 497 1599 519 et
1613 493 1688 520 carni

901 529 928 557 in
945 532 1073 559 omnibus
1096 533 1210 568 obsequi
1233 534 1369 562 volumus.
1396 535 1535 572 Tanquam
1555 539 1689 572 patresfa-

900 577 992 604 nIilias
1013 586 1201 606 successorem
1218 588 1358 615 nunquam
1377 582 1507 614 habituri,
1525 587 1552 610 et
1567 585 1687 619 perpetui

900 631 990 650 rerum
1024 625 1204 652 humanarum
1230 627 1345 658 domini,
1371 629 1469 656 messis
1492 633 1613 664 tempore
1642 639 1687 658 se-

899 675 1019 696 mentem
1050 671 1176 704 facimus,
1207 676 1234 699 et
1271 673 1381 707 quando
1413 675 1604 702 seminande
1633 679 1686 708 est,

901 723 1044 749 speramus
1068 716 1189 744 laetitiam
1209 719 1317 745 messis.
1337 718 1479 746 Platanum
1509 722 1638 752 serimus.
1659 727 1687 748 et

899 768 1022 795 procerae
1041 762 1147 789 arboris
1166 763 1289 790 umbram
1304 772 1457 798 speramus.
1479 765 1579 794 Palmae
1594 775 1687 795 semen

899 811 979 834 terra:
994 809 1202 841 committimus,
1217 814 1243 836 et
1256 809 1394 838 fructuum
1406 812 1578 840 dulcedinem
1591 822 1687 849 exspe-

61 858 171 878 ctamus.
189 851 255 878 Haec
274 858 364 878 autem
384 851 439 878 fere
460 851 486 878 iu
508 852 567 886 ipsa
593 854 746 882 senectute,
771 851 883 886 quando
899 852 955 887 jam
976 853 1053 880 adest
1076 855 1165 881 artatis
1191 860 1349 890 autumnus,
1369 863 1396 885 et
1417 859 1514 886 mortis
1535 859 1622 888 hiems
1638 861 1687 888 ad-

60 901 155 927 ventat,
174 901 202 923 et
228 897 291 924 vitae
314 896 454 923 residuum
483 902 591 931 tempus
615 900 656 924 est
682 904 737 924 non
760 897 846 924 series
865 905 1011 930 annorum,
1033 899 1081 926 sed
1102 904 1157 927 tres
1174 906 1221 927 aut
1237 907 1355 936 quatuor
1372 903 1441 930 dies.

90 944 270 979 Λογισώμεθα
294 945 382 971 τοίνυν
404 945 441 976 ὡς
457 944 577 978 λογικοὶ,
599 945 639 971 ὅτι
665 945 811 981 παροδικὸς
834 946 844 972 ό

934 945 1091 982 Cogitemus
1103 948 1185 983 igitur
1202 957 1263 981 nos,
1280 951 1326 984 qui
1340 951 1445 978 ratione
1459 953 1563 987 praediti
1578 961 1685 987 sumus,

61 991 111 1024 βίος
125 990 214 1025 ἡμῶν,
235 990 282 1017 καὶ
300 991 369 1026 ῥέων
381 993 394 1017 ό
410 991 514 1026 χρόνος,
531 991 643 1023 ἄστατός
658 1000 688 1017 τε
701 991 748 1018 καὶ
764 991 844 1026 ἄσχε-

61 1045 109 1068 τος,
130 1036 226 1071 ὥσπερ
240 1045 267 1063 τι
283 1037 371 1072 ῥεῦμα
388 1037 521 1072 ποταμοῦ,
539 1038 592 1063 πᾶν
612 1036 641 1063 τὸ
655 1037 683 1063 ὲν
694 1037 768 1071 αὑτῷ
780 1045 845 1070 τυγ-

60 1083 131 1116 χάνον
147 1083 267 1109 ἐλαύνων
288 1083 356 1118 πρὸς
368 1083 398 1109 τὸ
421 1084 469 1118 τῆς
485 1083 586 1119 φθορᾶς
600 1083 675 1114 τέλος
687 1091 694 1098 '
717 1083 764 1109 καὶ
777 1083 844 1116 εἴθε,

62 1129 154 1164 βραχὺς
169 1129 207 1155 ὢν
221 1130 270 1156 καὶ.
285 1130 425 1165 ὲπίκηρος,
441 1130 562 1165 ὑπῆρχεν
577 1129 736 1161 ἁνεύθυνοςῐ
761 1129 845 1156 Τοῦτο

61 1176 151 1201 δέέστι
171 1176 201 1202 τὸ
223 1176 403 1207 ἐπικίνδυνον,
428 1176 457 1202 τὸ
479 1176 598 1211 ἑκάστης
621 1176 705 1211 ὥρας,
733 1176 762 1202 οὐ
792 1176 844 1211 μὴν

61 1221 120 1248 ἀλλὰ
133 1223 179 1248 καὶ
194 1222 252 1248 τῶν
278 1221 375 1256 λόγων,
397 1219 433 1248 ὧν
450 1221 636 1257 φθεγγόμεθα,
653 1221 692 1256 τῷ
705 1221 844 1257 ἁδεκάστῳ

60 1267 218 1303 δικαστηρίῳ
235 1267 283 1303 τὴν
299 1267 444 1301 ἀπολογίαν
456 1267 583 1301 ὀφείλειν.
601 1267 646 1294 Διὸ
664 1269 711 1294 καὶ
725 1269 739 1294 ὀ
757 1267 844 1302 μακά-

63 1321 111 1348 ριος
126 1313 293 1349 Ψαλμῳδὸς,
309 1314 375 1349 πρὸς
390 1313 485 1348 ὁμοίαν
499 1313 553 1339 τῶν
568 1313 615 1339 νῦν
629 1313 782 1348 λεγομένων
799 1312 843 1338 έν-

62 1368 126 1385 νοιαν
141 1360 237 1386 ἑαυτὸν
261 1361 416 1396 ἀναφέρων,
437 1360 568 1395 ἐπιθυμεῖ
592 1359 692 1394 γνῶναι
705 1359 751 1386 τοῦ
779 1359 842 1385 ἰδίου

61 1405 143 1437 τέλους
156 1405 205 1440 τὴν
224 1406 402 1441 προθεσμίαν.
427 1406 584 1439 Ὲκλιπαρεῖ
604 1405 632 1431 δὲ
649 1404 693 1432 τὸν
708 1405 773 1432 Θεὸν
789 1404 843 1431 τῶν

63 1451 198 1477 ἐπιλοίπων
212 1451 323 1487 ἡμερῶν
335 1451 492 1486 διδαχθῆναι
505 1452 550 1478 τὸν
566 1451 693 1486 ἀριθμὸν,
714 1451 758 1477 ἵνα
775 1451 843 1486 πρὸς

61 1497 89 1522 τὰ
103 1497 166 1532 ἔργα
181 1498 231 1532 τῆς
248 1496 338 1530 ἐξόδου
351 1497 604 1533 παρασκευάσηται,
620 1497 665 1531 Μὴ
680 1496 802 1532 ταραχθῇ
814 1496 842 1522 δὲ

62 1543 155 1578 ἀθρόως
169 1544 206 1574 ὠς
218 1544 360 1579 ὰνέτοιμος
382 1544 519 1580 ὁδοιπόρος
538 1543 639 1579 μεταξὺ
654 1543 780 1578 βαδίζων,
796 1543 843 1568 καὶ

61 1589 90 1614 τὰ
114 1590 248 1623 ἀναγκαῖα
272 1589 325 1615 τῶν
349 1590 462 1623 ἐφοδίων
487 1588 652 1625 περιζητῶν.
672 1589 755 1624 Φησὶν
778 1586 841 1615 οὖν·

62 1635 205 1669 Γιὼρισόν
216 1645 277 1670 μοι,
292 1637 388 1670 Κύριε,
404 1636 437 1663 τὸ
452 1623 544 1669 πέρας
557 1623 626 1670 μου,
645 1635 695 1662 καὶ
705 1623 764 1662 iter
781 1635 842 1669 ἀρι-
856 1623 877 1652 C

61 1681 127 1714 θμὸν
148 1681 206 1707 τῶν
228 1681 346 1715 ἡμερῶν
357 1690 425 1716 μου,
446 1682 492 1713 τίς
511 1682 615 1707 ἐστιν·
640 1681 690 1708 ἵνα
713 1680 791 1715 γνῶ,
813 1681 842 1707 τί

61 1726 164 1759 ὑστερῶ
181 1725 248 1762 ἐγώ.
273 1727 351 1753 Ἰδοὺ
369 1728 539 1760 παλαιστὰς
558 1727 629 1754 ἔθου
655 1727 708 1760 τὰς
728 1726 841 1761 ἡμέρας

61 1781 120 1805 μου,
143 1773 190 1799 καί
207 1774 225 1806 ὴ
246 1773 413 1806 ὑπόστασίς
432 1782 491 1806 μου
512 1773 584 1798 ὡσεὶ
602 1772 692 1799 οὐδὲν
712 1772 842 1799 ἐνώπιόν

61 1826 120 1845 σου.
146 1819 229 1845 Βλέπε
249 1819 337 1854 ψυχῆς
355 1819 465 1853 συνετῆς
490 1819 625 1854 μέριμναν
648 1818 768 1852 ἀγαθὴν,
795 1818 841 1845 καὶ

61 1864 137 1890 ταῦτα
153 1866 179 1891 ἐν
194 1865 326 1900 βασιλικῷ
341 1865 485 1900 ἀξιώματι.
506 1863 709 1900 Ἐνοπτρίζεται
729 1863 784 1899 γὰρ
796 1864 842 1890 τὸν

61 1910 166 1937 Βασιλέα
182 1911 236 1938 τῶν
252 1911 382 1946 βασιλέων
399 1912 445 1937 καὶ
467 1911 511 1937 τὸν
533 1910 636 1946 Κριτὴν
660 1910 713 1936 τῶν
729 1909 840 1946 κριτῶψ

61 1957 102 1983 καὶ
121 1957 204 1992 ζητεῖ,
227 1958 272 1984 τὸν
288 1958 388 1984 τέλειον
404 1959 504 1992 κόσμον
525 1957 577 1984 τῶν
597 1956 711 1983 ἐντολῶν
725 1955 834 1991 κομισάι

63 2012 142 2037 μενος,
157 2005 284 2031 ἀπελθεῖν
295 2005 386 2040 ἄρτιος
403 2005 452 2039 τῆς
467 2004 539 2038 ζωῆς
549 2004 598 2038 τῆς
611 2004 700 2030 ἐκεῖσε
718 2003 839 2037 πολίτης·

61 2047 89 2083 ἧς
101 2050 200 2083 γένοιτο
215 2050 319 2081 πάντας
332 2050 405 2084 ἡμᾶς
420 2050 558 2084 ἐπιτυχεῖν
580 2048 671 2083 χάριτι
686 2048 731 2074 καὶ
746 2047 840 2081 φιλαν-

61 2095 158 2131 θρωπίᾳ
170 2097 215 2123 τοῦ
230 2097 334 2132 Κυρίου
349 2096 426 2131 ἡμῶν
447 2095 533 2130 Ἰησοῦ
547 2094 676 2130 Χριστοῦ,
698 2091 719 2128 ᾧ
738 2095 754 2128 ἡ
774 2093 837 2125 δόξα

61 2144 94 2173 εἰς
104 2144 161 2174 τοὺς
177 2143 279 2175 αἰῶνας
294 2143 348 2170 τῶν
361 2143 476 2170 αἰώνων.
499 2142 595 2177 Ἀμήν.

896 999 977 1026 quam
997 992 1101 1027 fragilis
1122 993 1249 1029 ﬂuxaque
1270 996 1307 1023 sit
1322 997 1375 1023 vita
1395 1001 1500 1028 nostra.
1514 992 1595 1033 quam
1614 1000 1687 1027 velo-

896 1036 965 1064 citer
977 1037 1085 1064 labatur
1098 1042 1213 1073 tempus,
1234 1043 1263 1066 ut
1277 1040 1338 1067 sisti
1359 1041 1538 1076 cohiberique
1553 1050 1607 1069 non
1623 1050 1687 1078 pos-

897 1083 943 1114 sit,
975 1088 1004 1110 ut
1032 1084 1152 1111 ﬂuminis
1181 1093 1279 1113 cursus
1307 1086 1398 1112 omnia
1419 1094 1480 1121 quae.
1502 1087 1624 1119 metitur,
1652 1087 1685 1115 ad

896 1130 1036 1157 interitum
1067 1131 1151 1158 ducat
1179 1135 1205 1158 et
1234 1132 1335 1158 trahat.
1359 1132 1448 1167 Atque
1471 1133 1575 1160 utinam
1604 1134 1686 1162 breve

896 1180 1003 1203 tantum
1030 1181 1104 1204 esset
1130 1177 1247 1212 spatium
1270 1179 1341 1210 vitae,
1365 1178 1446 1205 modo
1469 1178 1614 1206 reddenda:
1639 1187 1686 1205 ra-

896 1222 963 1249 tioni
991 1230 1045 1249 non
1081 1230 1204 1250 essemus
1232 1223 1354 1250 obnoxii.
1387 1224 1466 1251 Nunc
1499 1230 1590 1252 autem
1619 1226 1686 1253 illud

897 1268 993 1294 merito
1010 1273 1138 1303 torquere
1159 1277 1209 1296 nos
1224 1269 1314 1301 debet,
1335 1270 1407 1305 quod
1431 1274 1458 1298 et
1478 1271 1593 1306 singulis
1612 1272 1685 1299 horis

896 1313 980 1340 instat
1005 1314 1170 1348 periculum,
1200 1319 1227 1342 et
1259 1315 1436 1350 incorruptus
1464 1320 1546 1351 atque
1580 1318 1686 1352 integer

895 1358 1038 1386 adeundus
1071 1364 1113 1387 est
1148 1360 1252 1394 judex,
1291 1361 1363 1396 apud
1394 1369 1475 1396 quem
1510 1370 1564 1389 non
1595 1363 1684 1390 solum

899 1412 1004 1437 eorum,
1021 1413 1081 1439 qua:
1098 1406 1222 1437 fecimus,
1242 1407 1288 1434 sed
1309 1407 1442 1439 omnium,
1470 1416 1530 1443 qua:
1553 1409 1684 1440 diximus.

895 1450 1032 1477 reddenda
1049 1452 1129 1479 nobis
1147 1453 1227 1479 ratio.
1245 1452 1428 1486 Quamobrem
1442 1453 1499 1481 haec
1515 1461 1607 1481 secum
1625 1455 1683 1489 ipse

895 1499 988 1526 animo
1011 1499 1122 1527 volvens
1146 1500 1243 1527 beatus
1274 1500 1319 1527 ille
1343 1505 1419 1527 vates
1447 1506 1508 1528 avet
1533 1501 1685 1536 intelligere

895 1544 1059 1578 praefinitum
1075 1546 1222 1572 terminum
1239 1546 1310 1573 vitae.
1333 1545 1427 1580 itaque
1442 1546 1526 1573 Deum
1546 1551 1683 1581 precatur,

895 1595 924 1617 nt
949 1591 1001 1618 sibi
1027 1599 1172 1618 numerum
1198 1592 1316 1624 dierum,
1344 1593 1389 1626 qui
1416 1593 1512 1628 reliqui
1532 1598 1606 1625 sunt.
1634 1601 1685 1621 an-

894 1637 1015 1667 nuntiet,
1031 1644 1086 1671 quo
1108 1637 1231 1672 accingat
1248 1645 1310 1664 sese
1333 1638 1365 1664 ad
1386 1645 1429 1671 ea,
1446 1646 1506 1672 qua]:
1531 1638 1564 1666 atl
1581 1640 1682 1666 exitum

894 1683 1046 1717 pertinent,
1074 1691 1109 1710 ne
1137 1687 1266 1718 tanquam
1295 1683 1384 1710 viator
1412 1684 1592 1719 improvidus,
1618 1685 1682 1712 dum

897 1730 950 1756 iter
973 1730 1048 1759 facit.
1074 1734 1101 1756 et
1129 1729 1257 1756 viaticum
1285 1731 1472 1758 necessarium
1501 1732 1608 1766 quaerit,
1637 1739 1681 1758 ra-

892 1780 974 1811 pente
994 1776 1128 1803 turbetur.
1148 1776 1193 1803 Sic
1208 1776 1291 1811 igitur
1309 1777 1417 1812 inquit:
1433 1776 1534 1804 Notum
1547 1778 1590 1812 [ac
1606 1778 1681 1810 milii.

892 1821 1014 1854 Domine,
1030 1822 1110 1856 ﬁnem
1125 1830 1221 1854 meum,
1235 1827 1260 1849 et
1274 1831 1411 1849 numerum
1433 1822 1536 1850 dierum
1552 1832 1681 1857 meorum,

894 1868 953 1902 quis
966 1872 1015 1898 est,
1036 1871 1065 1893 ut
1085 1868 1168 1894 sciam
1181 1867 1245 1903 quid
1257 1869 1324 1895 desit
1340 1868 1413 1895 mihi.
1434 1869 1501 1896 Ecce
1519 1870 1683 1896 mensurabi-

893 1912 930 1939 ιρις
949 1912 1062 1946 posuisti
1083 1913 1138 1939 dies
1157 1921 1238 1944 meos,
1262 1918 1287 1941 et
1303 1913 1454 1940 substantia
1479 1922 1536 1940 mea
1556 1919 1682 1949 tanquam

893 1957 1005 1984 nihilum
1031 1962 1091 1985 ante
1108 1962 1131 1985 te
1143 1957 1164 1985 ³.
1182 1958 1281 1986 Cernis
1306 1959 1405 1987 anima:
1422 1960 1498 1987 home
1518 1960 1680 1994 prudentem

893 2004 1118 2034 Sollicitudinem.
1137 2003 1218 2039 idque
1238 2007 1265 2032 in
1281 2005 1393 2032 homine
1416 2006 1442 2033 in
1459 2007 1530 2041 regia
1548 2007 1681 2042 dignitate

893 2051 1054 2076 constituto.
1077 2049 1132 2077 Nec
1150 2051 1248 2076 mirum
1264 2061 1270 2078 ;
1285 2051 1407 2078 intuetur
1429 2052 1500 2079 enim
1521 2051 1619 2087 Regem
1639 2060 1680 2079 re-

892 2102 967 2128 gum.
989 2100 1016 2121 et
1036 2095 1160 2129 judicum
1181 2095 1314 2123 Judicem.
1340 2096 1409 2124 Illud
1427 2102 1517 2125 autent
1542 2098 1678 2130 obsecrat,

892 2145 921 2167 ut
951 2141 1076 2168 absoluta
1109 2141 1299 2168 mandatorum
1327 2143 1502 2171 observantia
1534 2143 1681 2173 decoratus

63 2189 172 2216 discedat
192 2190 298 2224 integer
315 2195 342 2216 et
358 2189 495 2224 perfectus
514 2188 633 2215 caelestis
666 2187 739 2215 illitis
774 2187 869 2222 patrima
889 2187 968 2217 civis,
994 2194 1076 2221 quam
1106 2194 1156 2213 nos
1183 2186 1246 2213 item
1278 2195 1374 2216 omnes
1395 2193 1423 2215 ut
1449 2196 1629 2224 assequamur
1650 2194 1678 2218 et

61 2241 117 2269 opto
130 2240 154 2262 et
165 2244 256 2272 spero,
275 2244 323 2271 per
336 2235 450 2271 gratiam
467 2240 494 2262 et
510 2235 704 2270 benignitatem
723 2234 830 2261 Domini
849 2234 936 2260 nostri
952 2232 1015 2260 Jesu
1030 2232 1144 2265 Christi,
1164 2233 1208 2260 cui
1230 2234 1317 2269 gloria
1352 2236 1380 2262 in
1400 2239 1543 2263 aeternum.
1579 2235 1676 2264 Amen.

91 2328 98 2342 ⁷
118 2328 180 2357 Luc.
194 2338 256 2363 xvt,
275 2330 307 2357 19
330 2336 390 2364 sqq.
429 2328 439 2344 ⁸
454 2327 521 2355 Luc.
539 2334 589 2359 ur,
604 2325 649 2353 20.

688 2326 781 2354 'Psal.
803 2333 917 2358 xxxvln,
934 2325 961 2356 5,
978 2323 1004 2350 6.
