1912 3080
791 94 820 121 S.
844 91 1008 120 GREGORII
1035 89 1182 119 NYSSENI

667 264 780 309 ΤΟΥ
799 262 986 306 ΑΥΤΟΥ
1019 258 1328 305 ΓΡΗΓΟΡΙΟΥ

558 371 765 429 ΠΕΡΙ
818 365 1438 427 ΦΙΛΟΠΤΩΧΙΑΣ

907 485 1016 513 ΛΟΓΟΣ
1034 484 1072 511 B'.

648 661 916 707 EJUSDEM

967 661 1014 705 S.
1058 657 1348 705 GREGOBII

427 780 526 837 DE
596 777 1120 836 PAUPERIBUS
1189 773 1561 833 AMANDIS

914 894 1042 924 ORATIO
1058 894 1088 921 ΙΙ.

814 989 946 1015 Franciaco
959 990 1021 1014 Zino
1040 987 1177 1019 interprete.

187 1147 219 1192 bi
230 1172 261 1191 ea
274 1162 410 1198 Evangelii
423 1162 499 1189 verba
511 1169 519 1188 :
529 1161 670 1194 Quatenus
686 1163 732 1189 uni
743 1171 774 1190 ex
789 1163 830 1190 his
837 1163 976 1190 fcetslis“.

1029 1161 1124 1196 Λόγος
1147 1161 1191 1198 ξὶς
1208 1159 1241 1198 τὸ
1255 1159 1350 1198 [inter
1375 1158 1430 1198 τοῦ
1454 1158 1655 1198 Εὺαπτεᾼίορζ
1682 1158 1739 1193 Ἐφ’
1753 1160 1816 1186 ὄιον

448 1203 472 1224 ιι
492 1206 550 1232 quia
566 1203 721 1232 sequuntur.

220 1255 315 1282 Adhuc
329 1254 356 1280 in
372 1253 541 1281 formidolosi
555 1254 644 1288 magni
663 1254 737 1281 illius
754 1255 825 1288 regis
841 1254 974 1283 adventus

188 1301 268 1328 nobis
290 1301 324 1327 ab
341 1299 486 1335 Evangelia
501 1299 632 1334 descripti
659 1300 889 1334 contemplatione
904 1300 974 1327 deti-

187 1354 264 1374 neor.
283 1346 379 1373 Adhuc
394 1349 498 1372 attente
511 1345 698 1372 consideranti
714 1349 915 1380 metum,quetn
932 1346 975 1372 in-

187 1392 245 1427 jicit
265 1399 296 1419 ca
322 1390 557 1422 commemoratio,
572 1390 669 1425 refugit
695 1390 840 1425 horretque
855 1391 973 1418 animus.

187 1438 253 1465 Nam
273 1438 411 1465 cmlestem
427 1437 514 1471 ipsum
531 1444 622 1468 regem
648 1438 675 1464 in
695 1437 796 1464 throno
811 1437 973 1471 maiestatis,

187 1487 216 1509 ut
226 1483 261 1510 tibi
277 1482 454 1514 describitur,
469 1481 584 1508 terribili
598 1482 716 1516 quodam
731 1481 811 1509 tnodo
828 1483 975 1517 praesiden-

187 1533 241 1555 tem
253 1528 319 1554 tnilti
335 1527 429 1554 videor
441 1527 551 1554 intueri.
560 1526 732 1562 Magniﬁcum
744 1527 819 1554 illum
834 1528 974 1559 thronum,

187 1574 342 1609 quicunque
355 1573 470 1600 thronus
487 1573 532 1600 ille
542 1573 588 1605 sit,
605 1579 667 1600 eum
681 1573 727 1607 qui
745 1573 820 1599 nullo
833 1577 976 1600 coercetur

188 1621 259 1654 loco,
274 1620 459 1647 continentem
477 1626 570 1646 cerno.
588 1618 800 1646 Innumerabilia
816 1620 975 1655 angelorum

189 1674 278 1701 regem
295 1665 507 1700 eonstipantium
534 1665 617 1692 millia
643 1665 730 1693 video.
759 1665 885 1700 Magnum
909 1667 975 1701 quiti

188 1712 270 1739 etiam
299 1711 387 1746 ipsum
411 1717 443 1737 ac
467 1710 668 1738 formidandum
691 1719 781 1746 regem
805 1713 918 1746 aspicio,
943 1721 975 1739 ex

190 1758 322 1784 immensa
335 1756 421 1792 gloria
432 1756 460 1783 in
469 1759 596 1783 naturam
609 1757 755 1784 humanant
770 1758 975 1792 despicientem,

190 1806 218 1828 et
231 1801 357 1828 universa
367 1808 466 1836 genera
484 1801 635 1833 hominum,
644 1802 802 1837 quicunque
819 1811 850 1830 ex
862 1811 894 1830 eo
908 1809 975 1830 tem-

191 1852 266 1881 pore,
282 1853 336 1880 quo
365 1846 482 1879 primum
511 1846 634 1880 generari
668 1847 792 1875 homines
821 1852 975 1883 coeperunt,

191 1899 279 1926 usque
300 1892 334 1919 ad
348 1893 486 1920 metuendi
500 1892 574 1921 illitis
592 1892 724 1921 adventus
747 1894 819 1921 diem
841 1895 979 1927 reperian-

192 1942 247 1968 tur,
260 1937 293 1964 ad
316 1945 346 1965 se
365 1944 587 1973 congregautem,
608 1939 778 1974 singulisque
795 1947 828 1966 ex
845 1940 979 1968 institulie

192 1988 218 2011 et
229 1989 360 2011 anteactae
374 1985 434 2011 vita:
447 1985 552 2012 ratione
566 1990 592 2012 el
610 1985 724 2018 meritis,
733 1986 774 2012 vel
787 1986 896 2020 praemia
912 1985 979 2013 dan-

193 2033 259 2060 tem.
277 2030 316 2056 vel
332 2030 498 2064 irrogantem
520 2030 665 2065 supplicia,
686 2030 739 2057 illis
755 2031 801 2065 qui
822 2037 895 2058 recte
913 2039 978 2058 san-

193 2079 292 2110 cteque
317 2075 444 2107 vixerint,
465 2074 499 2102 ad
521 2075 661 2102 dexteram
685 2080 801 2111 partem,
820 2080 849 2103 ut
874 2077 978 2104 dictum

193 2125 244 2152 est,
259 2120 399 2148 collocatis
413 2129 418 2147 :
434 2120 480 2155 qui
507 2128 572 2147 vero
591 2120 724 2156 ﬂagitiose
747 2126 774 2148 et
792 2122 928 2157 improbe,
945 2121 979 2149 ad

194 2167 334 2195 sinistram
351 2167 458 2201 positis,
474 2170 500 2193 et
515 2167 713 2194 condemnatis.
733 2165 870 2202 Utrosque
888 2173 978 2194 autent

195 2210 303 2238 diversa
331 2213 423 2237 tamen
451 2210 556 2237 ratione
578 2210 758 2245 appellantem
787 2211 878 2238 audio.
903 2211 980 2239 Alios

194 2257 266 2283 ettim
286 2255 454 2283 dulcissimis
470 2255 525 2282 illis
545 2263 576 2282 ac
600 2255 776 2283 faustissimis
800 2255 892 2284 verbis
911 2256 980 2283 allo-

195 2302 302 2337 quitur:
314 2300 414 2332 Venite,
432 2301 559 2328 benedicti
581 2301 672 2328 Patris
687 2302 737 2328 mei
751 2309 761 2332 ,'
774 2302 843 2329 alios
856 2301 980 2329 horribili

195 2354 228 2373 ac
248 2346 392 2373 metuenda
408 2346 453 2373 illa
467 2347 678 2373 comminatione
697 2355 703 2372 ε
723 2345 775 2378 Ile,
792 2345 935 2379 maledicti,
952 2347 980 2372 in

195 2393 280 2427 ignem
295 2397 431 2419 aeternum.
445 2391 491 2418 Sic
503 2396 592 2419 autent
608 2392 673 2418 mihi
690 2392 746 2419 haec
760 2392 855 2427 legenti
876 2396 899 2419 el
915 2399 981 2418 con-

195 2438 329 2466 sideranti
352 2437 466 2465 allectus
478 2441 504 2465 ct
519 2437 729 2472 perterrefactus
754 2443 795 2465 est
813 2439 929 2470 animus,
951 2441 981 2464 ut

196 2483 253 2519 [ea
278 2491 332 2510 non
347 2483 409 2519 legi,
426 2483 474 2511 sed
493 2483 561 2515 ﬁeri,
587 2491 642 2510 non
669 2483 849 2517 pronuntiari,
868 2483 914 2510 sed
937 2483 979 2518 agi

196 2529 396 2564 quodammodo
418 2529 586 2562 existiment,
599 2530 710 2564 jamque
724 2537 778 2556 non
794 2529 895 2561 audire,
914 2528 980 2564 sed]

196 2576 275 2610 plane
288 2575 369 2602 rebus
383 2575 450 2609 ipsis
461 2575 593 2602 interesse
607 2575 674 2601 mihi
690 2574 793 2602 videor.
805 2576 898 2609 Itaque
911 2582 980 2609 prie-

197 2620 314 2648 sentium
328 2619 522 2654 nihilamplius
531 2621 630 2651 sentio,
645 2626 695 2646 nec
711 2620 792 2646 ntenti
806 2624 885 2647 vacat
895 2620 981 2654 respi-

197 2673 259 2692 cere
288 2664 322 2692 ad
348 2665 422 2692 aliud
451 2664 599 2700 quidquam
631 2673 743 2699 eorum,
765 2673 824 2700 qum
855 2666 921 2692 mihi
946 2666 979 2693 ad

198 2709 392 2744 explorandum
413 2714 440 2738 et
466 2710 703 2745 contemplandum
731 2711 869 2746 proposita
896 2715 980 2744 sunt,

235 2797 258 2812 “
277 2797 370 2824 Matth.
403 2806 464 2831 xxv,
479 2798 516 2825 40
533 2807 593 2834 sqq.

1147 1195 1346 1233 ἐποιήσατε-ὲνὶ
1362 1194 1474 1226 τούτων,
1488 1194 1537 1220 καὶ
1552 1194 1587 1220 τὰ
1601 1193 1684 1227 ἑξῆς.

1061 1254 1122 1280 Ἔτι
1142 1252 1211 1288 πρὸς
1228 1251 1268 1287 τῷ
1284 1251 1400 1287 θεάματι
1421 1251 1470 1286 τῆς
1485 1250 1602 1285 φοϐερᾶς
1614 1249 1661 1276 τοῦ
1683 1248 1815 1284 βασιλέως

1024 1299 1184 1333 ἐπιφανείας
1198 1298 1267 1333 εἰμὶ,
1283 1298 1315 1332 ἣν
1339 1297 1490 1332 ὑπογράφει
1505 1296 1536 1322 τὸ
1556 1294 1734 1330 Εὑαγγέλιον.
1753 1295 1815 1322 Ἔτι

1026 1346 1198 1380 κατέπτηχεν
1221 1345 1238 1380 ἡ
1260 1344 1344 1379 ψυχὴ,
1365 1343 1432 1378 πρὸς
1443 1343 1488 1369 τδν
1501 1342 1581 1377 φόϐον
1594 1342 1649 1369 τῶν
1661 1341 1816 1378 εἰρημένων

1025 1390 1230 1422 ἐνατενίζουσα·
1250 1390 1288 1422 ὠς
1310 1388 1454 1425 καθορῶσα
1473 1389 1573 1424 τρόπον
1597 1389 1659 1415 τινὰ
1683 1389 1764 1415 αὐτόν
1785 1397 1816 1415 τε

1024 1437 1070 1464 τὸν
1088 1436 1210 1472 οὐρανῶν
1233 1435 1355 1471 βασιλέα,
1371 1434 1460 1466 καθώς
1475 1443 1556 1470 φησιν
1571 1435 1586 1461 ὁ
1607 1434 1695 1468 λόγος,
1708 1434 1754 1461 ἐπὶ
1767 1435 1815 1461 τοῦ

1026 1483 1122 1519 θρόνου
1141 1482 1192 1517 τῆς
1215 1482 1292 1517 δόξης
1312 1481 1433 1517 φοϐερῶς
1454 1481 1678 1516 προκαθήμενον·
1702 1481 1750 1508 καί
1770 1488 1816 1507 τον

1028 1527 1225 1563 μεγαλοπρεπῆ
1240 1527 1334 1562 Θρόνον
1350 1527 1451 1552 ἐκεῖνον
1463 1533 1469 1540 ·
1491 1525 1564 1556 ὅστις
1578 1525 1642 1552 ποτὲ
1661 1526 1708 1552 καὶ
1722 1526 1737 1552 ὀ
1752 1525 1817 1561 Θρό-

1026 1582 1070 1605 νος
1084 1574 1157 1600 ἐστὶν
1171 1574 1186 1600 ὁ
1208 1572 1304 1607 χωρῶν
1327 1572 1355 1598 ἐν
1377 1570 1465 1606 ἑαυτῴ
1485 1571 1531 1596 τὸν
1544 1571 1699 1607 ἀχώρητον⁴
1721 1571 1771 1603 τάς
1786 1580 1817 1598 τε

1027 1619 1155 1653 ἀπείρους
1169 1619 1224 1644 τῶν
1239 1617 1362 1652 ἀγγέλων
1378 1616 1511 1651 μυριάδας
1530 1617 1646 1649 ὲκείνας,
1669 1618 1698 1643 ὲν
1722 1617 1819 1651 κύκλῳ

1026 1664 1071 1691 τὸν
1094 1664 1204 1699 βασιλέα
1228 1663 1425 1699 περιεστώσας·
1447 1663 1527 1690 αὐτόν
1545 1672 1574 1689 τε
1594 1663 1639 1689 τὸν
1664 1663 1750 1698 μέγαν
1769 1664 1818 1689 καὶ

1027 1710 1141 1746 φοϐερδν
1166 1709 1287 1745 βασιλέα,
1315 1710 1347 1735 ὲκ
1373 1709 1422 1744 τῆς
1447 1709 1588 1745 ἀφράστου
1607 1708 1685 1741 δόξης
1704 1709 1751 1735 ἐπὶ
1767 1710 1818 1744 τὴν

1027 1756 1200 1792 ἀνθρωπίνην
1231 1756 1439 1782 κατακύπτοντα
1465 1755 1561 1790 φύσιν,
1584 1755 1631 1781 καὶ
1660 1756 1715 1781 πᾶν
1738 1755 1817 1789 γένος

1028 1802 1178 1838 ἀνθρώπων
1199 1802 1254 1828 τῶν
1273 1801 1319 1836 ἀφ’
1334 1798 1364 1827 οἶδ
1381 1801 1522 1835 γεγόνασιν
1541 1800 1688 1836 ἄνθρωποι,
1705 1800 1753 1828 καὶ
1769 1801 1818 1836 μέ-

1029 1857 1075 1884 χρι
1090 1849 1138 1883 τῆς
1162 1847 1279 1883 φοϐερᾶς
1304 1847 1453 1881 ἐμφανείας
1475 1846 1580 1882 ἐκείνης
1603 1847 1818 1882 εὑρισκομένων,

1029 1894 1190 1929 ἀθροίζοντά
1203 1902 1231 1920 τε
1249 1893 1316 1929 πρὸς
1335 1893 1439 1924 ἑαυτὸν,
1454 1893 1502 1919 καὶ
1520 1892 1592 1919 κατὰ.
1608 1893 1657 1928 τὴν
1672 1893 1751 1924 ἀξίαν
1762 1892 1818 1919 τῶν

1030 1939 1202 1973 βεὸιωμένων
1227 1937 1333 1972 ἑκάστῳ
1346 1937 1395 1972 τὴν
1411 1937 1500 1972 κρίσιν
1526 1937 1672 1971 ἐπάγοντα,
1691 1939 1748 1969 τοῖς
1769 1937 1818 1972 μὲν

1028 1984 1104 2020 δεξιᾷ
1118 1986 1150 2019 τῇ
1168 1983 1326 2020 προαιρέσει
1346 1983 1476 2018 συξήσηισι
1493 1984 1527 2009 τὰ
1549 1983 1633 2015 δεξιὰ,
1657 1983 1751 2015 καθὼς
1781 1985 1817 2010 εῖ-

1032 2039 1121 2066 ρηται,
1141 2029 1329 2064 χαριζόμενον,
1346 2030 1401 2060 τοῖς
1415 2028 1442 2055 δὲ
1460 2030 1563 2060 σκαιοῖς
1584 2037 1614 2055 τε
1634 2030 1681 2055 καὶ
1696 2029 1819 2065 ἀποϐλη-

1029 2084 1095 2107 τοις,
1111 2075 1160 2110 τὴν
1173 2073 1339 2109 κατάλληλον
1351 2074 1406 2105 τοῖς
1421 2073 1596 2108 βεῦιωμένοις
1609 2074 1819 2110 ἀποκληροῦντα

1029 2120 1119 2155 ψῆφον
1129 2128 1136 2134 '
1153 2119 1313 2153 ἐπιλέγοντα
1330 2119 1480 2154 ἑκατέροις,
1494 2120 1550 2150 τοῖς
1565 2119 1614 2154 μὲν
1629 2119 1677 2155 τὴν
1689 2120 1818 2154 γλυκεῑαν

1030 2167 1078 2193 καὶ
1099 2166 1205 2201 ἀγαθὴν
1219 2166 1325 2200 ἐκείνην
1343 2166 1452 2200 φωνὴν,
1471 2165 1511 2191 ὅτι
1527 2165 1625 2197 Δεῦτε,
1644 2167 1670 2192 οἱ
1692 2167 1806 2201 stillam

1027 2209 1113 2244 μένοι
1135 2210 1188 2236 τοῦ
1214 2211 1329 2244 Πατρός
1341 2217 1416 2244 μου’
1438 2211 1492 2241 τοῖς
1515 2209 1543 2235 δὲ
1562 2210 1610 2245 τὴν
1630 2211 1754 2246 φρικώδη
1774 2214 1820 2239 καὶ

1031 2255 1150 2291 φοϋερὰν
1175 2255 1299 2291 ἀπειλὴν,
1317 2256 1356 2281 ὃτι
1374 2255 1548 2289 Πορεύεσθε,
1565 2257 1592 2282 οἱ
1608 2257 1817 2292 κατηραμένοι.

1031 2301 1109 2329 Οὕτω
1125 2301 1153 2328 δέ
1170 2309 1214 2336 μοι
1226 2301 1274 2337 τῆς
1288 2301 1376 2336 ψυχῆς
1391 2301 1459 2337 πρὸς
1475 2301 1520 2327 τὸν
1535 2301 1590 2328 τῶν
1605 2302 1820 2336 ἀνεγνωσμένων

1031 2347 1111 2381 φόὸον
1127 2346 1304 2381 διατεθείσης,
1324 2347 1362 2378 ὡς
1373 2349 1382 2357 ·
1395 2347 1403 2357 ¹
1417 2348 1427 2358 *
1452 2347 1521 2382 πρὸς
1540 2348 1631 2379 αὐτοῖς
1645 2347 1736 2374 δοκεῖν
1751 2347 1819 2375 εἶναι
1847 2362 1851 2367 ι

1030 2394 1086 2422 τοῖς
1104 2392 1258 2428 πράγμασι.
1284 2393 1339 2419 Καὶ
1366 2392 1420 2419 τῶν
1439 2392 1581 2427 παρόντων
1604 2393 1820 2421 ὲπαισθάνεσθαι

1034 2438 1155 2472 μηδενὸς,
1174 2437 1301 2472 οὗδεμίαν
1325 2439 1339 2464 ό
1361 2438 1422 2470 νοῦς
1452 2438 1514 2472 ἄγει
1536 2438 1643 2473 σχολὴν⁹
1669 2440 1739 2475 πρὸς
1759 2440 1820 2466 ἄλλο

994 2503 1015 2531 C
1031 2493 1058 2509 τι
1085 2484 1192 2519 βλέπειν
1215 2483 1269 2510 τῶν
1293 2484 1479 2519 προκειμένων
1502 2485 1541 2516 εἰς
1569 2484 1693 2517 ἐξέτασίν
1717 2494 1748 2512 τε
1774 2487 1819 2513 καὶ

1033 2529 1149 2563 θεωρίαν
1162 2529 1201 2564 τῷ
1228 2529 1315 2564 λόγῳ·
1330 2529 1418 2556 καίτοι
1434 2538 1466 2564 γε
1483 2529 1513 2556 οὐ
1530 2530 1615 2565 μικρὰ
1630 2530 1720 2557 ταῦτά
1736 2532 1820 2562 ἐστιν,

1032 2575 1092 2602 οὐδὲ
1111 2575 1202 2610 ὀλίγης
1219 2575 1357 2610 ζητήσεως
1372 2575 1445 2608 ἄξια,
1468 2575 1498 2601 τὺ
1517 2575 1617 2609 γνῶναι
1634 2576 1692 2608 πῶς
1712 2576 1820 2612 ἔρχεται

1032 2621 1046 2647 ὁ
1069 2621 1111 2648 ἀεὶ
1137 2621 1242 2657 παρών.
1284 2621 1357 2648 Ἰδοὺ
1380 2622 1444 2657 γὰρ,
1464 2622 1541 2657 φησι,
1563 2623 1629 2656 μεθ’
1651 2623 1737 2657 ὑμῶν
1763 2624 1820 2657 εἶμι

1032 2666 1132 2699 πάσας
1155 2667 1208 2699 τὰς
1231 2667 1358 2702 ἡμέρας·
1384 2668 1430 2694 καὶ
1447 2668 1471 2693 εἱ
1495 2667 1554 2701 μεθ’
1578 2668 1657 2702 ἡμῶν
1675 2666 1746 2695 εἶναι
1773 2677 1821 2695 πε-

1035 2712 1185 2746 πίστευται,
1205 2713 1262 2745 πῶς
1273 2714 1348 2748 ἥξειν
1357 2713 1395 2745 ὡς
1405 2714 1435 2740 οὐ
1453 2713 1548 2748 παρὼν
1562 2713 1780 2748 ἐπαγγέλλεται;
1796 2713 1819 2741 ει
