1912 3080
98 89 150 116 Πό

667 86 711 114 DE
732 85 952 114 PAUPERIBUS
965 85 1126 113 AMANDIS.

1674 90 1726 117 4ῗί

96 144 152 179 γὰρ
169 143 205 170 ἐν
220 142 302 175 αὺτῷ
317 142 410 177 ζῖῦμέν
422 150 455 169 τε
474 143 523 169 καὶ
541 143 701 176 κινούμεθα
717 142 767 169 καὶ
780 142 883 176 ἐσμὲν.

936 141 1061 176 quamvis
1074 149 1105 169 ea
1122 142 1244 176 profecto
1263 149 1312 168 nec
1332 149 1414 177 parva
1434 142 1500 174 sint,
1524 150 1574 170 nrc
1599 151 1724 179 enguum

97 187 188 220 καθώς
213 196 296 223 φησιν
319 189 333 215 ὁ
365 187 541 219 Ἀπόστολος,
567 187 680 222 οὺδξμία
709 187 817 223 μηχανὴ
839 187 886 214 τοῦ

97 233 347 269 περιδεδραγμένου
363 233 417 259 τῶν
441 233 550 260 πάντων
565 233 627 264 τοὺς
644 234 672 258 ἐν
686 233 760 268 αὐτῷ
773 241 887 268 κατεχο-

99 280 196 311 μένους
209 279 330 310 τοπικῶς
342 279 507 314 ὰποστήσει·
524 278 594 305 ὣστε
610 279 626 314 ἦ
641 279 688 305 νῦν
705 279 741 314 μὴ
761 281 886 314 παρεῖναι

102 326 154 357 ,οἷς
167 324 412 360 ἐμπεριεχομένοις
422 344 429 356 ,
445 324 462 359 ἢ
477 324 582 360 χρόνοις
596 323 709 360 ὕστερον
720 324 886 359 παρέσεσθαι

98 380 163 398 ποτε
178 372 374 407 προσδοκῆσαι.
392 370 439 401 Τίς
452 370 480 396 δὲ
500 371 548 397 καὶ
594 370 640 397 τοῦ
655 370 801 405 ἀσωμάτου
819 369 886 396 καθ-

98 417 180 452 έδραι
203 417 252 443 καὶ
282 417 298 452 ὴ
324 416 371 443 τοῦ
402 409 518 451 ἀοράτου
549 416 701 451 ἑμφάνεια;
728 416 774 442 καὶ
799 416 817 451 ἡ
839 414 886 441 τοῦ

97 463 301 498 ἀσχηματίστου
327 463 435 498 pomi};
463 463 511 489 καὶ
533 463 550 498 ἡ
574 462 620 489 τοῦ
643 462 784 498 ὰχωρήτου
803 462 832 488 ὲν
849 462 887 497 τῷ

97 508 186 544 θρόνῳ
204 509 380 544 περιγραφή;
409 507 456 533 καὶ
473 507 561 534 πάντα
580 507 613 533 τὰ
629 507 750 538 τοιαῦτα,
774 507 812 538 ὡς
828 507 887 541 μείυ

98 554 162 586 ζονα
187 554 204 588 ἦ
229 553 299 580 κατὰ
326 554 371 579 τὸν
403 553 523 588 παρόντα
551 552 655 586 καιρὺν,
685 551 884 588 ὑπερθήσομαι.

97 600 193 631 Ὅπως
204 599 227 626 δ’
241 599 274 625 ἂν
291 599 328 634 μὴ
343 600 382 630 εἰς
395 599 444 633 τὴν
455 597 510 624 τῶν
522 598 681 633 ἀποὸλήτων
693 597 887 633 ἀπωσθείημεν

95 646 183 678 τάξιν,
201 646 270 680 πρὸς
292 644 381 676 τοῦτο,
406 644 496 676 καθὼς
519 644 554 670 ἂν
575 641 631 675 οἷός
657 652 686 670 τε
709 641 741 676 ὦ,
765 644 833 678 πρὸς
857 643 888 670 τὸ

97 692 186 718 κοινὸν
197 691 293 726 κέρδος
305 691 396 727 τρέψω
410 690 457 717 τὸν
470 690 557 724 λόγον.
571 690 675 726 Σφόδρα
688 690 752 725 γὰρ,
765 689 886 724 ἀδελφοὶ,

97 737 203 773 σφόδρα
229 736 297 772 πρὸς
320 737 371 772 τὴν
394 736 508 771 ἀπειλὴν
533 736 740 771 κατεπτόημαι·
765 736 813 762 καὶ
837 736 887 763 οὐκ

95 782 233 818 ἀρνοῦμαι
256 783 306 818 τῆς
331 781 420 818 ψυχῆς
440 790 490 817 μου
507 781 538 807 τὺ
559 781 655 812 πάθος.
679 780 844 816 Ἐϐουλόμην
863 781 886 808 δ’

937 186 1138 221 indagationem
1155 187 1297 222 requiram
1312 196 1319 221 ;
1335 188 1472 222 quomodo
1488 188 1614 216 videlicet
1634 191 1725 218 venire

937 232 1116 267 intelligatur,
1129 233 1176 267 qui
1191 240 1299 267 semper
1315 233 1403 263 adest,
1417 235 1567 268 prazsertim
1583 242 1644 262 cum
1667 236 1724 270 ipse

936 277 1009 305 dicat
1026 287 1032 306 :
1048 279 1114 304 Ecce
1129 278 1260 305 uobiscum
1274 286 1332 304 sum
1345 278 1464 305 omnibus
1476 279 1566 306 diebus
1583 278 1675 315 {usque
1690 282 1724 307 ait

936 324 1187 350 consummationem
1204 324 1294 350 stccult'
1313 323 1349 360 ⁸⁵]
1366 333 1373 356 ;
1391 329 1417 351 et
1441 325 1464 351 si
1492 326 1633 353 nobiscum
1663 334 1725 353 csse

936 369 1059 396 creditur
1071 389 1078 401 ,
1094 369 1231 404 quomodo
1248 374 1380 396 venturus
1391 389 1399 402 ,
1417 374 1546 405 tanquam
1571 379 1624 398 non
1642 372 1723 402 adsit,

936 414 1132 442 existimetur?
1154 414 1182 441 Si
1201 415 1274 441 enim
1297 415 1324 441 in
1342 415 1399 448 ipso
1411 417 1453 444 (ut
1467 416 1554 450 inquit
1568 417 1725 452 Apostolus)

936 459 1062 489 vivimus,
1078 466 1230 490 movemur,
1248 463 1272 486 et
1297 468 1388 486 sumus
1404 459 1436 490 “,
1455 461 1530 486 nullo
1558 462 1638 488 tnodo
1667 462 1724 488 lieri

936 509 1038 539 potest,
1055 509 1084 532 ut
1104 505 1138 532 ab
1153 505 1211 535 illo.
1227 506 1273 540 qui
1289 506 1482 540 complectitur
1493 508 1594 538 omnia,
1609 508 1638 539 ii,
1654 516 1723 543 quos

937 550 995 585 ipse
1012 551 1230 586 comprehendit,
1255 552 1317 578 loco
1339 552 1541 585 discludantnr,
1565 554 1600 581 ita
1622 559 1651 581 ut
1678 560 1724 581 aut

937 604 1010 623 nunc
1033 597 1146 624 minime
1166 597 1239 624 adsit
1259 597 1301 625 his
1328 598 1374 631 qui
1393 599 1427 625 ab
1451 599 1510 633 ipso
1539 600 1723 632 conlim-ntur,

937 648 983 669 aut
1007 647 1069 676 post
1096 643 1205 676 aliquod
1232 647 1339 678 tempus
1366 643 1514 672 adiuturus
1540 649 1720 680 exspectetur.

936 688 1080 719 Pneterea,
1090 697 1150 723 qua:
1164 689 1250 724 possit
1264 698 1325 717 esse
1340 690 1414 718 illius
1427 695 1474 718 aut
1487 691 1576 722 sedes,
1591 696 1637 718 aut
1654 699 1724 726 prae-

937 734 1035 766 sentia,
1053 740 1100 761 aut
1124 734 1210 761 forma
1223 754 1231 766 ,
1247 739 1293 762 aut
1315 737 1343 762 in
1370 736 1471 764 throno
1492 737 1724 772 circumscriptio,

937 780 984 814 qui
999 784 1026 807 et
1038 787 1155 815 corpore
1168 785 1254 812 caret,
1272 786 1300 809 et
1324 782 1410 809 videri
1432 791 1484 809 non
1507 787 1606 817 potest,
1623 788 1651 810 et
1672 782 1726 809 for-

94 828 129 854 ἃν
146 828 192 854 καὶ
214 828 285 863 ὑμᾶς
303 827 340 862 μὴ
353 826 595 862 καταφρονητικῶς
618 826 690 861 ἔχειν
707 826 762 853 τῶν
784 827 883 860 φόϐων.

938 833 1009 852 mam
1022 826 1122 853 nullam
1139 827 1230 859 habet,
1239 833 1266 854 et
1280 828 1381 863 ubique
1394 829 1434 856 sic
1448 828 1535 858 adest.
1548 832 1579 855 ut
1591 836 1726 863 nusquam

94 874 240 909 Μακάριος
255 873 311 909 γὰρ
325 872 354 904 ὃς
374 873 560 908 καταπτήσσει
576 872 666 899 πάντα
681 871 714 898 δι’
733 872 885 900 εὐλάϐειαν.

100 919 129 946 '0
158 919 187 946 δὲ
217 918 395 954 καταφρονῶν
419 918 591 953 πράγματος,
616 918 887 954 καταφρονηθήσεται

93 966 139 992 ὑπ’
160 965 254 997 αὑτοῦ,
277 964 343 1000 φησί
369 973 420 990 που
442 964 492 998 τῆς
520 964 615 999 σοφίας
631 965 645 990 ὁ
666 964 753 998 λόγος.
783 964 887 990 Οὐκοῦν

92 1011 146 1047 προ
161 1012 213 1045 τῆς
229 1010 303 1046 ὥρας
318 1010 372 1036 τῶν
388 1009 489 1041 κακῶν,
507 1010 537 1036 τὺ
555 1010 593 1044 μὴ
606 1011 634 1036 ὲν
651 1009 734 1046 πείρᾳ
751 1009 804 1036 τῶν
820 1018 886 1036 σκυ-

93 1057 212 1092 θρωπῶν
226 1056 353 1091 γενέσθαι
373 1056 569 1091 φροντίσωμεν.
587 1056 634 1088 Τίς
648 1055 676 1082 δὲ
700 1057 717 1090 ὴ
738 1055 882 1091 ἀπαλλαγὴ

91 1104 145 1130 τῶν
160 1103 300 1139 φοϐερῶν;
320 1102 356 1129 Τὸ
372 1102 473 1136 ταύτην
486 1101 534 1128 τοῦ
552 1102 608 1137 βίου
624 1102 672 1137 τὴν
688 1101 746 1128 ὁδὸν
763 1101 880 1132 ἑλέσθαι,

91 1151 124 1185 ἢν
141 1149 190 1176 νῦν
206 1148 344 1181 ὑπέδειξεν
359 1149 425 1184 ἡμῖν
439 1149 453 1175 ὸ
467 1148 555 1182 λόγος,
569 1147 618 1182 τὴν
632 1147 786 1182 πρόσφατον
798 1147 881 1178 ὅντως

90 1195 138 1222 καὶ
150 1194 252 1227 ζῶσαν.

935 872 1062 900 concludi
1082 873 1222 900 secludivc
1237 874 1333 908 possit.
1353 874 1414 901 Haac
1433 874 1516 909 igitur
1535 880 1562 902 et
1577 878 1674 902 caetera
1698 875 1726 901 id

935 925 1021 952 genus
1038 922 1166 953 tanquam
1185 920 1301 954 majora,
1325 928 1406 954 quam
1423 925 1452 947 ut
1469 928 1483 948 a
1503 921 1582 948 nobis
1604 921 1631 948 in
1656 928 1724 955 prae-

936 965 1024 991 sentia
1040 965 1172 1000 explicari
1192 966 1310 997 valeant,
1326 966 1494 998 omittemus,
1514 971 1542 994 et
1570 967 1726 994 communis

936 1010 1063 1038 utilitatis
1077 1012 1163 1046 gratia
1186 1012 1250 1039 illuc
1266 1013 1418 1039 oralionem
1443 1017 1567 1041 nostram
1583 1017 1727 1041 converte-

936 1064 1007 1086 mus.
1029 1061 1069 1088 ut,
1084 1065 1138 1092 quo
1167 1063 1246 1092 pacto
1270 1058 1328 1085 ﬁeri
1351 1059 1447 1093 possit,
1467 1068 1501 1086 ne
1524 1057 1680 1095 re’digamur
1697 1059 1724 1087 in

934 1102 1114 1136 reproborum
1150 1103 1294 1135 ordinem,
1324 1111 1373 1138 pro
1401 1105 1506 1132 viribus
1536 1105 1724 1133 ostendamus.

934 1147 1075 1182 Equidem,
1092 1152 1121 1176 ut
1138 1149 1253 1184 ingenue
1281 1149 1365 1177 fatear
1385 1151 1617 1186 perturbationem
1641 1151 1724 1178 animi

933 1194 997 1226 mei,
1019 1197 1204 1228 vehementer,
1222 1205 1239 1224 ο
1257 1197 1374 1230 fratres,
1391 1197 1565 1225 vehementer
1590 1197 1636 1224 illa
1651 1205 1725 1225 com-

90 1242 242 1270 minutione
273 1240 438 1268 conterritus
462 1247 534 1267 sum.
557 1239 614 1266 Hoc
641 1244 732 1266 autem
759 1239 856 1266 timore
885 1247 933 1267 vos
961 1241 1024 1268 item
1050 1242 1118 1269 allici
1142 1243 1222 1270 velim
1252 1252 1341 1279 neque
1372 1252 1434 1271 eum
1464 1245 1518 1271 ulla
1544 1244 1650 1272 ratione
1677 1244 1726 1271 do-

90 1289 207 1323 spiccre.
232 1288 330 1315 Beatus
355 1288 429 1314 enim
455 1287 497 1313 vir
521 1286 568 1321 qui
593 1291 702 1314 veretur
727 1286 820 1313 omnia
839 1293 887 1320 per
914 1291 1037 1320 metum,
1058 1293 1087 1315 ut
1110 1289 1229 1323 quodam
1254 1290 1315 1317 loco
1343 1290 1429 1325 inquit
1453 1290 1567 1325 Sapiens
1601 1290 1639 1323 '1;
1679 1290 1726 1324 qui

90 1340 181 1363 autem
195 1334 348 1362 contemnit
361 1342 431 1366 rem,
447 1339 637 1361 contemnetnr
659 1334 693 1361 ab
717 1341 760 1362 ea.
785 1332 949 1370 Priusquam
963 1336 1164 1371 igiturirruant
1192 1338 1280 1370 mala,
1306 1338 1403 1366 demus
1431 1345 1540 1373 operam
1570 1337 1725 1373 dlligvml-r,

91 1392 125 1410 ne
147 1383 228 1410 nobis
250 1383 308 1410 haec
334 1382 422 1409 tristia
445 1389 559 1409 necesse
585 1381 621 1409 sit
635 1382 764 1417 experiri.
782 1381 881 1409 Verum
899 1391 1018 1417 quonam
1041 1385 1122 1412 modo
1138 1393 1169 1412 ea
1195 1385 1417 1413 declinabimus?
1436 1386 1487 1412 hoc
1522 1385 1660 1417 nimirum,
1697 1393 1724 1411 ιι..

89 1436 149 1455 eam
164 1427 275 1455 vivendi
301 1427 436 1454 rationem
454 1431 481 1453 et
496 1426 578 1459 viam,
594 1434 675 1462 quam
691 1427 718 1453 in
732 1427 877 1461 praesentia
899 1428 1044 1464 Scriptura
1067 1431 1149 1458 nobis
1162 1431 1294 1464 ostendit,
1309 1439 1370 1466 quae
1385 1439 1458 1458 nunc
1475 1431 1544 1467 vigct
1557 1452 1563 1464 ,
1600 1436 1626 1458 et
1665 1438 1725 1458 rere

89 1475 167 1506 νίιὶι,
182 1474 380 1509 iugrediamnr.

124 1521 173 1553 Τίς
183 1521 212 1548 δὲ
225 1522 239 1556 ἡ
252 1521 310 1552 ὁδός
320 1529 327 1553 ;
336 1521 488 1552 Ἐπείνων,
499 1519 622 1554 ἐδίψων,
635 1519 818 1553 ξένος-ἥμην.
829 1519 876 1546 καὶ
893 1521 915 1552 c

89 1577 117 1602 τι
126 1567 204 1602 μιν-ὸς
218 1567 267 1594 καὶ
290 1567 433 1600 ἀσθενὴς,
454 1566 502 1593 καὶ
519 1566 554 1592 ἐν
570 1564 703 1599 φυλακῇ.
730 1565 791 1599 Ἐφ’
807 1564 882 1591 ὅσον

92 1613 256 1646 ἐποιήσατε
264 1613 309 1639 ἑνὶ
317 1613 430 1639 τούτων
442 1611 502 1638 τῶν
515 1611 694 1645 ἐλαχίστων,
701 1611 767 1645 ἐμοὶ
781 1610 882 1644 ἐποιή-

89 1666 175 1685 οατε.
194 1657 248 1684 Καὶ
266 1656 312 1683 διὰ
329 1656 417 1688 τοῦτο,
436 1656 512 1691 φησὶ,
528 1655 631 1688 Δεῦτε,
644 1657 670 1682 οἱ
685 1655 884 1690 εὐλογημένοι

89 1704 144 1730 τοῦ
166 1704 282 1737 Πατρός
296 1712 366 1737 μου.
388 1703 419 1728 Τί
433 1702 477 1728 διὰ
495 1702 597 1729 τούτων
615 1702 802 1738 μανθάνομεν;
820 1703 882 1729 Ὀτι

89 1749 200 1783 εὐλογία
216 1749 265 1784 μέν
281 1749 396 1783 ὲστιν,ὴ
419 1747 474 1774 τῶν
498 1748 611 1775 ἐντολῶν
629 1747 787 1783 ἐπιμέλεια·
817 1756 883 1774 κατ-

89 1796 145 1831 άρα
162 1795 200 1825 δὲ,
217 1796 233 1830 ἡ
250 1795 315 1830 περὶ
335 1795 385 1826 τὰς
400 1793 510 1826 ἐντολὰς
528 1794 660 1830 ῥᾳθυμία.
682 1794 882 1829 Ἀγαπήσωμεν

88 1840 140 1876 τὴν
156 1839 291 1874 εὐλογίαν,
309 1839 357 1866 καὶ
372 1840 502 1875 φύγωμεν
522 1840 571 1876 τὴν
588 1839 720 1875 κατάραν.
743 1840 801 1874 Ἐφ’
815 1841 882 1875 ἡμῖν

88 1886 146 1922 γάρ
159 1887 233 1912 ἐστιν
247 1885 355 1912 ἑλέσθαι
369 1886 386 1921 ἢ
402 1885 439 1921 μὴ
463 1885 568 1913 ἑλέσθαι
590 1887 650 1912 κατ’
670 1885 792 1918 ἐξουσίαν
815 1886 880 1912 ἐκά-

88 1940 169 1966 esva
182 1931 265 1967 -πρδς
288 1932 303 1958 ὅ
320 1940 348 1958 τι
363 1932 417 1967 γὰρ
439 1932 472 1958 ἂν
493 1934 527 1968 τῇ
541 1932 679 1967 προθυμίᾳ.
698 1931 835 1967 ρέψωμεν,
852 1933 881 1958 ἐν

89 1978 188 2013 ἐκείνῳ
199 1978 326 2013 ἐσόμεθα.
343 1978 447 2005 Οὐκοῦν
459 1978 664 2012 οὶκειωσώμεθα
677 1978 722 2005 τὸν
741 1978 792 2013 τῆς
805 1978 881 2005 εὐλο-

88 2024 152 2057 γίας
174 2023 286 2059 Κύριον,
310 2024 357 2051 τὸν
381 2024 470 2060 ἐαυτῷ
490 2025 538 2060 τὴν
561 2024 625 2059 περὶ
650 2025 713 2056 τοὺς
736 2023 881 2059 δεομένους

89 2069 209 2105 σπουδὴν
232 2069 424 2105 λογιζόμενονο
452 2070 499 2097 καὶ
517 2070 634 2105 μάλιστα
648 2070 705 2101 νῦν,
721 2070 764 2096 ὅτε
781 2069 881 2105 πολλὴν

88 2115 146 2150 ἔχει
171 2115 242 2142 κατὰ
263 2116 309 2142 τὸν
333 2116 454 2152 παρόντα
480 2116 537 2152 βίον
560 2115 627 2150 ὕλην
652 2117 668 2152 ή
695 2116 798 2151 ἐντολή.
825 2116 880 2143 Καὶ

87 2161 182 2188 πολλοὶ
199 2161 249 2196 μὲν
270 2162 295 2188 οἱ
311 2162 365 2189 τῶν
379 2162 533 2196 ἀναγκαίων
547 2162 663 2193 ἐνδεεῖς·
679 2161 771 2188 πολλοὶ
786 2161 814 2188 δὲ
833 2162 880 2188 καὶ

965 1520 1095 1552 Quaenam
1110 1524 1152 1548 est
1173 1521 1229 1548 haec
1243 1521 1312 1548 ratio
1326 1521 1338 1547 ‘l
1351 1528 1475 1556 quzenam
1492 1521 1549 1548 haec
1571 1521 1614 1548 via
1628 1521 1639 1548 ’ἒ
1653 1521 1724 1548 Esu-

933 1566 994 1598 riui,
1010 1566 1090 1599 sitivi,
1106 1569 1198 1600 hospes
1209 1575 1292 1599 eram,
1306 1572 1331 1594 et
1343 1567 1440 1598 nudus.
1457 1572 1482 1594 et
1508 1568 1641 1601 inﬁrmus,
1654 1573 1678 1595 et
1697 1570 1723 1595 in

932 1619 1046 1638 carcere.
1055 1612 1190 1646 Quatenus
1202 1612 1344 1639 urticarum
1354 1611 1463 1646 fecistis,
1475 1613 1538 1640 milii
1560 1613 1667 1647 fecistis.
1678 1613 1723 1641 ld-

933 1657 1222 1691 circo,Venite,inquit,
1237 1657 1362 1684 benedicti
1379 1657 1468 1684 Patris
1483 1658 1543 1685 mei.
1551 1657 1621 1691 Quid
1631 1666 1663 1686 ex
1682 1659 1723 1686 his

931 1702 1310 1730 discimus?Benedictionem
1324 1711 1356 1729 ac
1372 1711 1509 1731 summum
1525 1705 1626 1732 bonum
1645 1706 1670 1733 in
1682 1706 1724 1733 di-

932 1747 1059 1782 ligentia,
1071 1751 1099 1774 et
1109 1747 1284 1775 observantia
1297 1747 1488 1775 mandatorum
1503 1749 1620 1782 positum
1637 1757 1698 1777 esse
1711 1759 1718 1783 ;

932 1792 1149 1820 maledictionem
1169 1797 1197 1820 et
1224 1794 1355 1820 malorum
1381 1798 1532 1821 extremum
1561 1802 1593 1821 ex
1619 1795 1723 1822 desidia

932 1838 1177 1873 mandatorumque
1200 1838 1379 1873 despicientia
1396 1839 1545 1874 proﬁcisci.
1577 1838 1652 1866 illam
1671 1841 1722 1875 igi-

931 1887 977 1910 tur
994 1884 1203 1918 amplectamur,
1215 1884 1285 1911 hanc
1300 1884 1443 1920 fugiamus,
1456 1885 1566 1920 quando
1584 1886 1610 1912 in
1629 1890 1722 1913 nostra

931 1936 1012 1955 manu
1027 1929 1110 1956 situm
1131 1933 1183 1961 est,
1199 1934 1240 1961 ut,
1257 1934 1346 1956 utram
1372 1930 1506 1962 volumus,
1524 1930 1719 1965 adipiscamur.

929 1974 971 2001 Ad
986 1974 1058 2009 quod
1079 1976 1152 2003 enim
1171 1975 1280 2010 egregia
1305 1976 1389 2002 animi
1408 1976 1549 2003 alacritate
1569 1977 1722 2012 propende-

931 2020 1027 2053 rimus,
1054 2021 1081 2048 in
1110 2029 1143 2048 eo
1171 2021 1257 2048 futuri
1273 2029 1379 2048 sumus.
1407 2021 1497 2054 Quare
1520 2022 1720 2050 benedictionis

931 2065 1087 2098 Durninum,
1105 2067 1150 2101 qui
1171 2067 1284 2102 perinde
1302 2067 1380 2094 nobis
1398 2073 1539 2102 acceptum
1554 2067 1661 2095 laturus
1677 2073 1719 2095 est

930 2113 1063 2148 quidquid
1078 2113 1160 2140 studii
1175 2118 1202 2141 et
1218 2112 1298 2140 cilicii
1317 2114 1344 2140 in
1357 2121 1491 2148 pauperes
1507 2114 1718 2146 contulerimus,

932 2167 964 2185 ac
984 2159 1006 2186 si
1023 2159 1050 2185 iu
1065 2158 1154 2193 ipsum
1166 2159 1390 2192 contulissemus,
1406 2159 1584 2187 conciliemus
1597 2160 1677 2187 nobis
1692 2163 1720 2186 et

87 2207 170 2233 αὑτοῦ
185 2207 233 2233 τοῦ
253 2207 378 2242 σώματος
399 2207 505 2242 ἔχουσιν
527 2207 632 2239 ἐνδεῶς,
648 2208 681 2233 ἐκ
693 2207 743 2241 τῆς
759 2207 880 2242 πονηρᾶς

933 2205 1146 2240 obstringamus,
1167 2205 1319 2240 praesertim
1337 2205 1388 2232 hoc
1407 2210 1539 2241 tempore,
1560 2213 1615 2241 quo
1627 2206 1717 2238 nobis,

87 2253 245 2288 ἀρρωστίας
258 2253 466 2288 δαπανηθέντες.
478 2253 582 2279 Οὐκοῦν
597 2253 626 2279 ὲν
644 2253 677 2288 τῇ
694 2253 757 2288 περὶ
770 2252 880 2284 τούτους

88 2299 204 2333 σπουδῇ,
228 2298 277 2333 τὴν
299 2298 406 2333 ἀγαθὴν
425 2298 590 2333 ἐπαγγελίαν
612 2298 717 2329 ἑαυτοῖς
738 2297 877 2333 κατορθώ⁹

88 2354 182 2380 σωμεν
192 2353 198 2359 ·
217 2345 289 2378 λέγω
309 2345 336 2371 δὲ
351 2344 443 2378 σαφῶς
457 2345 555 2371 οὑτωσὶ
568 2345 631 2379 περὶ
646 2343 699 2371 τῶν
714 2344 747 2370 ὲκ
763 2343 813 2378 τῆς
829 2352 879 2378 χα-

87 2392 174 2427 λεπῆς
197 2392 275 2418 νόσου
295 2391 525 2426 διαλωσηθέντων.
542 2391 617 2423 Ὄσῳ
632 2390 686 2425 γὰρ
702 2389 803 2425 μείζων
820 2390 878 2416 ἐστὶ

86 2437 192 2463 τούτων
213 2437 230 2472 ὴ
244 2436 382 2471 ἀρρωστία
395 2457 401 2468 ,
417 2435 536 2471 τοσούτῳ
551 2435 670 2471 δηλονότι
681 2436 728 2462 καὶ
746 2435 845 2462 πλείων
862 2435 879 2470 ἡ

86 2482 198 2516 εὐλογία
214 2484 271 2513 τοῖς
283 2481 314 2508 τὸ
329 2482 457 2509 ἐπίπονον
477 2481 527 2516 τῆς
549 2481 658 2517 ἐντολῆς
679 2481 877 2517 κατορθώσασι.

87 2528 119 2554 Τί
143 2527 192 2555 οὖν
216 2528 269 2564 χρὴ
292 2529 438 2564 πράττειν;
465 2528 511 2563 Μὴ
530 2528 694 2554 ἀντιὸαίνειν
710 2529 743 2563 τῇ
759 2527 878 2559 διατάξει

86 2573 133 2599 τοῦ
150 2573 319 2608 Πνεύματος.
344 2573 418 2608 Δῦτη
433 2574 461 2600 δέ
480 2574 548 2604 ἐστι,
573 2573 604 2600 τὸ
620 2573 656 2608 μὴ
673 2572 878 2608 ἀλλοτριοῦσοαι

86 2619 141 2645 τῶν
157 2619 358 2646 κοινωνούντων
372 2620 421 2655 τῆς
438 2619 559 2654 φύσεως·
574 2619 641 2654 μηδὲ
659 2619 800 2654 μιμεῖσθαι
815 2619 878 2649 τοὺς

87 2665 116 2692 ἓν
139 2666 180 2701 τῷ
215 2666 374 2701 Εὑαγγελίῳ
406 2665 645 2701 κατηγορηθέντας
671 2664 807 2695 ἐκείνους,
832 2664 878 2690 τὸν

91 2711 166 2747 Ξερέα
201 2711 274 2745 λέγω
289 2712 335 2738 καὶ
352 2711 399 2738 τὸν
413 2711 539 2746 Λευῖτην,
557 2710 726 2746 ἀσυμπαθῶς
739 2709 880 2746 παραδρα-

121 2802 144 2818 ⁸⁸
165 2801 260 2829 Mattlt.
282 2809 378 2834 xxvm,
398 2801 441 2829 ‘20.
480 2802 503 2818 ⁸⁸
521 2801 582 2829 Act.
604 2809 669 2833 xv”,
689 2801 734 2828 ‘28.

931 2251 996 2278 dum
1015 2251 1143 2283 vivimus,
1157 2258 1254 2286 magna
1269 2251 1436 2285 exsequendi
1460 2251 1580 2278 mandati
1602 2252 1721 2278 facultas

931 2297 1076 2332 praebetur,
1099 2297 1232 2332 mullique
1257 2301 1331 2328 sunt,
1357 2297 1403 2332 qui
1429 2297 1511 2325 rebus
1535 2297 1720 2328 necessariis,

931 2343 1019 2374 multi,
1045 2343 1091 2378 qui
1112 2347 1139 2370 et
1166 2343 1226 2378 ipso
1251 2350 1365 2378 corpore
1388 2343 1536 2378 indigeant,
1561 2343 1596 2370 ab
1612 2343 1670 2377 ipsa
1692 2345 1717 2369 vi

931 2389 1019 2416 morbi
1037 2388 1154 2417 coniecti
1174 2393 1256 2424 atque
1274 2389 1439 2424 consumpti.
1457 2388 1502 2415 Sic
1525 2389 1607 2422 igitur
1623 2396 1673 2415 nos
1690 2388 1719 2414 in

929 2435 980 2462 hac
1005 2443 1045 2468 re,
1074 2435 1125 2462 hoc
1147 2438 1199 2467 est,
1231 2438 1261 2461 ut
1286 2435 1395 2469 planius
1420 2434 1526 2468 loquar,
1558 2434 1586 2461 in
1614 2433 1647 2460 iis
1669 2433 1715 2468 qui

929 2481 1026 2508 morbo
1047 2481 1212 2515 gravissimo
1233 2481 1350 2507 mutilati
1374 2484 1449 2513 sunt,
1472 2479 1596 2507 fovendis
1616 2477 1716 2506 curan-

928 2527 1027 2562 disque
1041 2527 1165 2555 studiose
1179 2526 1379 2562 diligenterque
1396 2533 1533 2561 geramus,
1555 2530 1583 2552 ut
1599 2524 1697 2559 pnecla
1708 2537 1714 2542 ‹

927 2580 989 2600 rum
1007 2572 1074 2600 illud
1099 2572 1266 2608 promissum
1282 2573 1424 2607 pratmium
1444 2577 1632 2605 assequamur.
1652 2569 1714 2602 Quo

927 2619 1000 2645 enim
1025 2618 1134 2653 gravior
1160 2619 1187 2645 in
1212 2618 1256 2645 his
1275 2618 1388 2645 morbus
1411 2618 1557 2651 reperitur,
1576 2623 1609 2642 eo
1625 2615 1713 2649 majus

928 2664 1069 2699 premium
1084 2664 1255 2691 laboriosum
1275 2664 1341 2691 illud
1355 2663 1473 2691 mandati
1493 2669 1594 2689 munus
1607 2661 1713 2688 obeun-

927 2714 969 2738 tes
985 2714 1087 2738 manet.
1104 2710 1175 2744 Quid
1188 2710 1272 2746 igitur
1288 2709 1443 2737 faciendum
1459 2707 1521 2743 est?
1538 2705 1604 2742 illud
1618 2706 1716 2740 utique

791 2801 812 2817 ⁶⁷
831 2800 910 2828 Prov.
924 2806 1018 2834 xxvm,
1035 2799 1078 2826 Η.
