1912 3080
170 100 221 125 Ᾱῖῖὶ

173 205 226 226 lem
249 204 302 231 est,
320 206 350 227 ut
370 208 426 231 eos,
447 201 491 235 qui
518 201 612 228 eadem
637 206 733 228 natura
754 200 858 235 pra-diti
883 205 956 232 sunt,

172 252 300 280 tanquam
328 247 434 273 alienos
459 255 511 273 non
542 247 687 278 evitemus,
710 255 798 282 neque
823 247 959 274 imitemur

173 293 353 327 reprehensos
371 293 431 318 illos
453 294 480 319 in
496 293 653 328 Evangelio,
670 294 839 320 sacerdotem
856 297 882 319 ct
895 293 960 319 leri-

173 342 226 364 tam
243 338 315 370 dico,
330 339 376 372 qui
390 338 573 365 miserabilem
602 339 689 368 illum,
711 347 790 374 quem
812 339 924 365 historia
945 346 960 365 a

174 383 326 410 latronibus
357 384 564 410 semimortuum
594 385 720 410 relictum
755 384 855 415 tradit,
887 384 960 410 nulla

173 430 303 455 commoti
328 430 567 457 commiseratione
593 430 826 465 prmtm‘iernnt".
853 429 917 456 Nam
938 431 959 457 si

174 479 361 509 coarguuntur
379 475 417 502 illi
438 475 512 510 quod
537 475 569 502 ad
597 475 692 510 plagas
713 476 740 503 in
758 476 832 503 nudo
847 483 962 510 corpore

175 521 388 548 intumescentes
404 529 458 548 non
480 522 651 556 respexerint
662 543 669 554 ,
684 523 822 556 quomodo
840 530 899 556 nos,
914 522 960 557 qui

175 573 236 592 reos
258 566 318 593 illos
336 566 485 599 imitamur,
504 575 558 593 non
577 567 603 594 in
630 568 752 594 canitiem
770 569 962 603 reprehensio-

175 620 235 638 nem
254 612 445 639 iucurremus?
468 620 555 647 neque
571 613 643 639 enim
665 614 790 648 profecto
805 618 859 640 tam
880 615 962 641 mise-

176 658 291 684 randum
309 659 495 693 spectaculum
517 659 632 694 pra‘bnit
648 660 703 690 ille,
720 660 766 695 qui
789 660 816 686 in
841 660 962 688 latrones

177 705 318 736 inciderat.
346 710 375 731 ut
400 705 520 739 praebent
544 706 582 736 hi,
609 705 655 739 qui
675 706 810 740 ejusmodi
837 707 961 742 oppressi

176 754 240 776 sunt
266 750 430 777 calamitate.
447 749 528 777 Vides
561 751 698 778 hominem
725 759 758 778 ex
790 752 963 786 improbitate

176 794 263 821 morbi
296 794 323 820 in
349 795 536 829 quadrupedis
564 795 678 821 formam
704 800 911 826 commutatum,
935 799 963 823 et

176 840 286 873 ungulae
295 844 376 874 atque
388 841 518 875 unguium
532 841 591 867 loco
601 840 672 875 ligna
687 840 815 868 manibus
829 841 960 874 induisse,

176 889 257 919 atque
280 886 316 912 ita
342 893 442 912 novum
465 886 573 921 vestigii
600 893 685 920 genus
705 886 833 914 humanis
856 887 962 914 semitis

176 929 387 963 imprimentem.
409 930 476 962 Quis
492 937 523 957 ex
542 938 574 957 ea
590 930 678 958 forma
703 935 786 965 queat
804 939 961 964 agnoscere,

177 974 297 1002 hominis
312 982 407 1009 gressu
419 975 556 1009 ejusmodi
571 982 634 1003 esse
644 974 716 1003 facta
731 976 862 1011 vestigia?
876 976 963 1003 llomo

177 1027 209 1045 eo
220 1020 344 1054 corporis
357 1020 452 1048 habitu
469 1025 496 1047 et
511 1021 596 1054 ﬁgura
612 1021 758 1053 formatus,
776 1027 805 1048 ut
825 1026 918 1050 rectus
936 1022 962 1049 in

178 1066 276 1092 cmlum
292 1067 418 1101 aspiciat.
433 1067 477 1094 cui
495 1074 624 1094 manuum
641 1068 853 1095 instrumentum
872 1067 904 1095 ad
920 1075 964 1095 res

179 1112 297 1144 agendas
321 1117 418 1139 natura
441 1113 527 1144 dedit.
558 1114 718 1141 incurvatur
744 1114 772 1140 in
799 1118 910 1144 terram.
937 1117 964 1141 et

180 1157 336 1191 quadrupes
367 1158 420 1189 iit,
453 1154 479 1184 et
511 1166 606 1192 parum
640 1158 717 1186 abest
751 1158 816 1192 quin
851 1158 964 1185 rationis

180 1210 278 1237 expers
293 1210 355 1230 esse
367 1203 502 1230 videatur.
519 1203 587 1230 Cum
601 1203 758 1230 difﬁcultate
772 1204 897 1238 spiritum
910 1208 966 1230 tra-

181 1248 233 1279 liit.
254 1248 425 1280 irrancescil,
446 1253 473 1275 et
489 1256 521 1274 ex
542 1248 646 1275 intimis
663 1249 816 1276 visceribus
841 1249 965 1276 fremitus

181 1294 265 1326 elicit,
289 1293 357 1328 ipsis
381 1295 462 1321 etiam
488 1294 603 1322 rationis
625 1295 782 1329 eapertibus
802 1295 965 1322 animalibus

181 1338 294 1365 t-tl'ectns
314 1338 406 1373 (liceat
431 1339 561 1366 audacter
578 1339 604 1366 id
628 1339 731 1373 dicere)
755 1340 964 1367 calamitosior:

183 1385 316 1420 siquidem
334 1386 389 1415 illa.
407 1394 488 1420 quam
511 1387 545 1413 ab
560 1386 619 1421 ipso
637 1390 699 1413 ortu
718 1386 834 1413 formam
854 1393 966 1420 accepe-

183 1436 257 1462 runt.
277 1439 335 1458 eam
352 1431 384 1458 ad
404 1432 483 1458 finem
506 1440 592 1467 usque
607 1436 789 1464 conservant;
811 1439 859 1459 nec
881 1432 965 1458 ullum

183 1485 216 1503 ex
243 1477 276 1504 iis
296 1481 407 1512 propter
429 1478 547 1511 aliquem
569 1479 695 1506 morbum
719 1487 751 1505 ex
772 1486 803 1505 ea
830 1479 916 1505 forma
939 1479 966 1504 in

185 1522 265 1548 aliam
290 1523 469 1550 convertitur.
499 1522 548 1549 llic
571 1528 675 1555 autem.
698 1527 827 1557 tanquam
849 1531 970 1550 commu-

185 1572 240 1594 tata
264 1572 373 1598 natura,
391 1576 444 1594 non
467 1567 492 1594 id
513 1570 640 1603 amplius,
655 1569 728 1604 quod
741 1575 812 1602 erat.
832 1569 878 1598 sed
896 1570 970 1597 aliud

185 1613 321 1647 quoddam
340 1614 440 1640 animal
466 1614 573 1641 videtur
590 1622 662 1642 esSe.
678 1615 781 1642 Pedum
803 1616 842 1643 illi
859 1623 971 1643 munere

186 1660 337 1693 Iunguntur
348 1667 463 1692 manus;
478 1667 565 1693 galina
580 1661 700 1694 praebent
711 1662 865 1696 plantarum
878 1669 968 1689 usum.

186 1705 253 1732 Nam
267 1705 332 1740 ipsae
350 1706 449 1740 plantae
462 1708 612 1738 naturales.
626 1712 653 1734 et
667 1708 725 1739 tali,
742 1712 790 1734 aut
810 1709 889 1743 plane
905 1708 972 1736 defi-

186 1751 270 1781 ciunt.
292 1755 339 1776 aut
356 1751 440 1776 vclnti
461 1751 570 1785 scaphm
592 1752 716 1786 quaedam
738 1754 912 1781 extrinsecus
930 1758 970 1781 te-

188 1801 262 1822 mere
287 1795 402 1822 navibus
418 1795 543 1828 admotec,
574 1797 686 1824 fortuito
709 1799 864 1825 trahuntur.
881 1799 911 1826 In
930 1800 972 1827 bis

187 1844 217 1866 tn
239 1840 374 1867 hominem
399 1842 499 1873 cernis,
517 1850 566 1869 nec
588 1843 730 1878 sanguinis
750 1845 972 1879 conjunctionem

189 1886 342 1913 revereris?
362 1894 412 1913 nec
428 1887 570 1915 miseraris
595 1889 800 1925 propinquum?
823 1892 870 1918 sed
896 1900 974 1919 aver-

188 1932 259 1958 saris
274 1931 468 1963 calamitatem,
489 1937 515 1959 et
532 1932 596 1959 odio
611 1934 762 1968 supplicem
776 1936 975 1970 prosequeris?

189 1977 313 2005 Hominis
326 1985 466 2005 accessum
481 1982 610 2013 tanquam
629 1979 693 2006 fera).
707 1981 824 2014 alicujus
844 1982 973 2016 impetum

188 2022 333 2049 declinas?
347 2023 442 2057 Atqui,
458 2031 492 2050 ne
509 2023 535 2050 id
557 2023 672 2056 faceres,
685 2025 802 2052 debebas
827 2026 868 2052 vel
883 2034 914 2053 ea
928 2033 975 2053 c0-

189 2068 321 2103 gitatione
349 2069 489 2103 prohiberi
510 2079 516 2096 :
535 2077 631 2104 nempe
659 2071 784 2106 angelum
815 2079 829 2097 a
861 2079 976 2106 corpore

191 2114 358 2148 materiaque
376 2114 504 2144 liberum,
524 2118 561 2144 te,
582 2116 708 2149 quamvis
724 2116 762 2143 sis
777 2117 869 2149 homo,
886 2122 975 2144 tmnen

190 2161 336 2194 attingere,
361 2167 412 2186 nec
439 2167 522 2187 carne
544 2165 570 2188 et
594 2161 726 2196 sanguine
755 2163 865 2190 mistum
894 2166 974 2198 atque

190 2211 348 2232 concretum
373 2206 526 2240 aspernari.
552 2207 622 2239 Quid
645 2211 736 2234 autent
762 2207 874 2242 angelos
896 2208 975 2235 dico?

191 2259 254 2277 cum
269 2251 326 2285 ipse
345 2250 476 2279 Dominus
491 2253 660 2287 angelorum,
677 2254 734 2288 ipse
753 2255 872 2281 caelestis
889 2254 975 2281 beati-

191 2296 297 2323 tudinis
312 2305 358 2324 rex
372 2302 482 2332 propter
497 2301 522 2324 te
543 2297 630 2325 factus
644 2299 679 2325 sit
693 2299 784 2330 homo,
804 2305 830 2326 et
849 2299 975 2327 sordidas

193 2342 260 2368 istas
279 2342 454 2376 abjeclasque
467 2344 558 2370 carnis
574 2344 714 2371 exnviolas
728 2352 780 2370 una
796 2353 858 2370 cum
873 2346 973 2376 anima,

192 2395 252 2422 quae
273 2386 340 2421 ipsis
355 2392 414 2414 erat
431 2388 537 2420 induta,
552 2389 603 2415 sibi
621 2390 844 2422 circumdederit,
857 2395 885 2417 ut
903 2395 974 2417 atta-

193 2437 238 2459 ctu
263 2441 313 2460 suo
335 2433 391 2461 tuis
412 2434 620 2468 mgritudinibus
647 2435 818 2462 mederetur?
840 2435 879 2462 Tu
899 2445 975 2468 vero,

193 2478 239 2512 qui
258 2483 355 2505 natura
370 2479 440 2506 idem
457 2487 487 2506 es
510 2488 570 2506 cum
586 2485 744 2515 aegrotante,
765 2481 835 2515 fingis
854 2483 976 2515 ejusdem

195 2525 304 2558 generis
319 2525 466 2551 hominem.
479 2525 516 2552 Ne
532 2526 591 2556 tibi,
608 2526 700 2558 frater,
719 2535 763 2559 ne,
781 2528 908 2559 obsecro,
922 2529 978 2562 pla-

783 96 810 122 S.
831 95 994 122 GREGORH
1024 95 1171 123 NYSSI‘LVI

173 158 200 179 ut
213 153 299 180 sancti
317 152 436 188 Spiritus
453 153 585 180 voluntati
606 161 640 181 ne
661 154 835 186 resistamus;
855 161 886 180 ea
906 162 955 180 au-
970 158 992 184 Α

1749 100 1800 126 ιτς]

1009 153 1108 188 μόντας
1123 155 1168 181 τὸν
1192 155 1265 181 ὲ.λέου
1283 155 1411 189 δεόμενον
1434 156 1547 187 ἐκεῖνον,
1567 156 1597 182 ὃν
1619 164 1684 190 φησι
1708 156 1740 182 τὸ
1761 155 1803 182 δι-

1010 200 1106 234 ήγημα
1128 200 1180 226 ὑπὸ
1200 200 1254 226 τῶν
1268 200 1373 235 λῃστῶν
1396 200 1514 236 ἡμιθανῆ
1533 200 1667 234 γενέσθαι.
1696 201 1726 227 Εἰ
1747 201 1803 236 γὰρ

1013 247 1110 272 ἐκεῖνοι
1122 246 1250 276 ὑπαίτιοι,
1267 247 1304 281 μὴ
1319 246 1532 281 ἐπιστραφέντες
1546 245 1613 280 πρὸς
1627 245 1675 277 τὰς
1693 245 1803 281 πληγὰς

1010 293 1038 317 ὲν
1055 292 1150 327 γυμνῷ
1167 292 1205 326 τῷ
1227 291 1334 326 σώματι
1359 291 1525 323 διοιδούσας·
1543 291 1600 322 πῶς
1622 291 1702 326 ἡμεῖς
1721 290 1803 317 ἀνεύ-

1011 336 1094 367 θυνοι,
1111 338 1172 368 τοὺς
1191 338 1330 368 ὑπαιτίους
1349 337 1526 372 μιμούμενοις
1545 337 1633 362 καίτοι
1652 336 1679 362 τί
1705 335 1802 362 τοσοῦ-

1011 391 1056 408 τον
1084 380 1118 417 ἧν
1135 383 1181 408 ἐπὶ
1203 383 1249 408 τοῦ
1271 384 1327 413 τοῖς
1341 382 1451 419 λῃσταῖς
1473 383 1721 418 παραπετιτωκότος
1739 382 1804 409 θεά-

1012 427 1121 459 σασθαι,
1145 425 1200 454 οἶόν
1226 429 1299 454 ἐστιν
1315 429 1360 454 ἐπὶ
1380 428 1434 455 τῶν
1449 429 1606 455 ἑαλωκότων
1619 429 1657 464 τῷ
1672 429 1752 456 πάθει
1770 429 1803 456 τὸ

1012 474 1118 508 θέαμα;
1153 474 1232 508 Ὁρᾷς
1256 474 1407 508 ἄνθρωπον,
1427 473 1471 500 διὰ
1493 474 1541 509 τῆς
1568 475 1690 509 πονηρᾶς
1708 475 1802 510 ἀρρω-

1013 519 1088 550 στίας
1103 519 1142 550 εἰς
1164 519 1328 554 τετραπέδου
1345 521 1436 554 σχῆμα
1455 520 1720 554 μεταπλασσόμενον,
1742 521 1802 547 ἀντὶ

1012 564 1097 599 ὁπλῆς
1112 565 1158 591 καὶ
1171 564 1284 599 ὀνύχων,
1301 564 1366 597 ξύλα
1382 566 1442 596 ταῖς
1457 565 1596 600 παλάμαις
1612 565 1802 600 ὑπολαμϐανό-

1015 619 1103 644 μενον,
1127 611 1220 637 καινὸν
1238 610 1310 645 ῖχνος
1326 611 1386 641 ταῖς
1409 610 1590 646 ἀνθρωπίναις
1604 610 1673 642 ὁδοῖς
1691 611 1802 637 ἐπιϐάλ-

1013 655 1108 682 λοντα·
1125 656 1168 688 τίς
1182 655 1214 682 ἂν
1236 657 1267 682 ὲκ
1283 655 1329 682 τοῦ
1346 655 1435 691 ἴχνους
1451 656 1584 691 ὲπιγνοιη,
1600 656 1641 683 ὃτι
1659 656 1802 692 ἄνθρωπος

1012 702 1075 732 τοὺς
1090 700 1225 732 τοιούτους
1241 701 1342 732 τύπους
1355 702 1540 736 ὲνεσημήνατο
1554 702 1587 736 τῇ
1605 701 1720 736 πορείᾳ;
1738 702 1802 728 ’Λν-

1015 747 1131 782 θρωπος,
1143 748 1157 773 6
1171 747 1210 782 τῷ
1222 748 1339 782 σχήματι
1354 747 1454 782 ἧροιος,
1471 748 1484 773 6
1500 747 1540 778 εἰς
1553 747 1668 782 οὐρανὸν
1682 747 1801 781 βλέπων,

1013 793 1028 819 6
1047 792 1096 824 τὰς
1114 794 1206 828 χεῖρας
1228 793 1296 827 πρὸς
1311 793 1360 828 τὴν
1380 793 1434 819 τῶν
1447 793 1534 828 ἔργων
1553 792 1704 828 ὑπηρεσίαν
1728 791 1804 826 παρὰ

1015 838 1063 872 τῆς
1081 838 1186 872 φύσεως
1210 838 1289 873 ἔχων,
1312 835 1390 870 οὗτος
1407 839 1446 870 εἱς
1466 838 1515 873 τὴν
1530 838 1582 872 γῆν
1605 837 1734 867 κλίνεται,
1756 837 1805 863 καὶ

1015 884 1177 919 τετράποδον
1201 885 1314 918 γίνεται,
1339 884 1386 911 καὶ
1403 884 1499 920 μικρὸν
1521 884 1616 910 ἀποδεῖ
1635 883 1682 910 τοῦ
1706 883 1805 917 ἀλογος

1016 928 1095 956 εἶναι.
1119 930 1162 956 Ἐν
1177 930 1253 956 δασεῖ
1268 930 1314 956 καὶ
1333 930 1484 966 βραγχῶντι
1508 929 1547 964 τῷ
1562 929 1691 964 ἄσθματι,
1709 928 1804 963 βιαίως

1016 976 1121 1003 ἔνδοθεν
1137 977 1190 1003 ἀπὸ
1204 977 1258 1002 τῶν
1274 976 1432 1011 σπλάγχνων
1449 976 1667 1010 ὑποδρυχόμενος
1678 983 1685 989 ”
1703 974 1806 1010 μᾶλλον

1017 1023 1056 1052 δὲ,
1075 1024 1098 1049 εἰ
1112 1023 1164 1058 χρὴ
1181 1023 1351 1058 τολμήσαντα
1370 1023 1466 1052 ειπεῖν,
1478 1023 1526 1048 καὶ
1540 1022 1593 1048 τῶν
1607 1021 1712 1055 ἀλόγων
1732 1020 1805 1055 γινό-

1019 1078 1098 1104 μενος
1121 1068 1293 1104 ἀθλιώτερος.
1318 1068 1359 1094 Τὰ
1387 1069 1435 1103 μὲν
1457 1068 1510 1104 γὰρ
1532 1068 1577 1094 τὸν
1601 1068 1654 1094 ἀπὸ
1669 1067 1806 1102 γενέσεως

1018 1115 1178 1150 χαρακτῆρα
1199 1115 1278 1150 μέχρι
1302 1115 1400 1146 παντὸς
1427 1115 1465 1146 ὡς
1485 1114 1520 1141 τὰ
1541 1113 1625 1140 πολλὰ
1638 1112 1805 1140 διεσώσατοσ

1019 1161 1065 1186 καὶ
1079 1160 1154 1186 οὐδὲν
1170 1160 1270 1186 τούτων
1297 1160 1328 1186 ἔκ
1352 1168 1424 1192 τινος
1445 1160 1585 1194 συμφορᾶς
1608 1159 1747 1193 τοιαύτης,
1767 1159 1808 1190 εις

1019 1206 1111 1240 ἓτερον
1121 1214 1180 1231 τινα
1192 1205 1353 1240 χαρακτῆρα
1366 1205 1538 1241 μετεκινήθη.
1553 1205 1650 1231 Οὑτοσὶ
1661 1205 1699 1235 δὲ,
1712 1204 1808 1239 ὥσπερ

1019 1250 1196 1286 ἀλλαχθείσης
1212 1251 1260 1286 τῆς
1277 1251 1393 1285 φύσεως,
1412 1250 1475 1277 ἄλλο
1498 1259 1524 1277 τι
1550 1250 1684 1285 φαίνεται,
1707 1249 1756 1276 καὶ
1777 1250 1807 1276 οὑ

1019 1295 1049 1321 τὸ
1068 1294 1182 1329 σύνηθες
1207 1295 1293 1326 ζῶον·
1313 1296 1340 1320 αἱ
1366 1296 1454 1330 χεῖρες
1476 1294 1550 1329 αὐτῷ
1572 1295 1621 1328 τὴν
1643 1294 1698 1320 τῶν
1720 1293 1808 1320 ποδῶν

1021 1341 1118 1376 χρῆσιν
1137 1340 1392 1375 καταλαμϐάνουσι’
1409 1340 1443 1366 τὰ
1459 1341 1558 1374 γόνατα
1581 1340 1658 1375 βάσις
1675 1340 1808 1374 γίνονται,

1020 1388 1048 1413 αι
1065 1387 1093 1413 δὲ
1110 1386 1181 1413 κατὰ
1194 1386 1273 1420 φύσιν
1284 1386 1385 1420 βάσεις,
1401 1387 1448 1413 καὶ
1469 1386 1503 1412 τὰ
1519 1387 1620 1421 σφυρὰ,
1638 1386 1654 1421 ἢ
1669 1385 1810 1418 παντελῶς

1021 1433 1213 1468 ἀπορρέουσιν,
1237 1433 1253 1467 ἢ
1281 1432 1319 1464 ὥς
1344 1441 1370 1459 τι
1396 1433 1448 1459 τῶν
1475 1432 1574 1464 ἔξωθεν
1592 1432 1725 1466 ὲφολκίων
1747 1430 1809 1466 εὶκῆ

1022 1476 1309 1514 παρηρτημένα,κατὰ
1322 1477 1352 1503 τὸ
1366 1477 1471 1512 συμϐὰν
1480 1476 1645 1512 ὲπισύρεται.
1663 1476 1707 1502 Ὲν
1721 1474 1809 1502 τοιού-

1025 1533 1082 1556 τοις
1107 1524 1195 1550 τοίνυν
1219 1523 1324 1559 βλέπων
1349 1523 1394 1549 τὸν
1418 1523 1576 1558 ἄνθρωπον,
1602 1522 1651 1548 οὐχ
1674 1522 1736 1556 αἰδῇ
1761 1521 1811 1556 τὴν

1025 1571 1204 1604 συγγένειαν;
1226 1570 1276 1596 οὐκ
1299 1569 1384 1602 ἐλεεῖς
1406 1569 1452 1595 τὸν
1483 1568 1632 1603 ὁμόφυλον;
1660 1567 1728 1594 ἀλλὰ
1753 1566 1812 1602 βδε-

1024 1616 1110 1652 λύσσῃ
1124 1615 1174 1651 τὴν
1192 1615 1344 1650 συμφορὰν,
1360 1615 1407 1640 καὶ
1427 1614 1514 1649 μισεῖς
1537 1613 1582 1640 τὸν
1597 1613 1700 1646 ἱκέτην,
1717 1611 1812 1646 ὥσπερ

1022 1663 1116 1698 θηρίου
1141 1663 1212 1695 τινὸς
1230 1662 1380 1698 προσὸολὴν
1402 1662 1448 1688 τὸν
1471 1661 1672 1697 προσεγγισμὸν
1686 1660 1806 1694 ἀποφεύ-

1022 1717 1096 1744 γων;
1123 1709 1220 1736 Καίτοι
1246 1708 1299 1734 ἔδει
1323 1707 1500 1742 εὐγνωμόνως
1526 1705 1751 1739 ἀναλογίζεσθαι,
1770 1705 1812 1731 ὅτι

1024 1754 1071 1780 σοῦ
1085 1753 1132 1780 τοῦ
1156 1753 1297 1788 ἀνθρώπου
1312 1752 1426 1786 ἄγγελος
1448 1752 1573 1782 ἅπτεται,
1599 1751 1645 1776 καὶ
1667 1749 1812 1785 ἀξιώματός

1024 1808 1053 1826 τε
1071 1800 1117 1825 καὶ
1138 1799 1217 1830 ἄῡλος
1242 1798 1290 1830 ὣν,
1305 1797 1351 1824 τδν
1371 1798 1452 1832 σαρκὶ
1465 1798 1511 1824 καὶ
1530 1798 1625 1832 αἵματι
1642 1796 1813 1831 ἐγκεκραμέ-

1023 1853 1067 1871 νον
1082 1845 1132 1871 οὺχ
1153 1844 1322 1876 ὲὸὂελύξατο.
1343 1844 1374 1870 Τί
1396 1843 1423 1870 δὲ
1445 1843 1576 1877 ἀγγέλους
1588 1842 1675 1875 λέγω;
1698 1841 1779 1873 αὐτὸς
1798 1843 1814 1868 6

1023 1890 1076 1916 τῶν
1098 1889 1220 1924 ἀγγέλων
1237 1889 1348 1925 Κῦριος,
1368 1890 1382 1915 6
1401 1890 1450 1924 τῆς
1466 1889 1594 1925 οὐρανίας
1615 1888 1814 1923 μακαριότητος

1026 1935 1150 1970 βασιλεὺς
1166 1936 1209 1961 διὰ
1233 1936 1261 1962 σὲ
1277 1935 1418 1971 ἄνθρωπος
1443 1935 1548 1969 γέγονε,
1573 1935 1620 1961 καὶ
1643 1935 1674 1960 τὸ
1698 1934 1815 1965 δυσῶδες

1024 1982 1102 2008 τοῦτο
1117 1982 1164 2008 καὶ
1180 1981 1302 2016 ῥυπαρὸν
1316 1982 1437 2016 σαρκίον,
1453 1981 1520 2016 μετᾶ
1535 1981 1584 2015 τῆς
1599 1979 1774 2014 ἐνδεδεμένης
1785 1980 1814 2005 ὲν

1025 2026 1098 2061 αὐτῷ
1111 2026 1211 2061 ψυχῆς,
1228 2026 1317 2060 ἐαυτῷ
1332 2026 1506 2061 περιέθηκεν,
1523 2026 1567 2052 ἵνα
1581 2025 1614 2051 τὰ
1629 2024 1663 2051 σὰ
1676 2025 1749 2059 πάθη
1770 2023 1815 2050 διὰ

1025 2073 1074 2107 τῆς
1094 2073 1161 2104 ἰδίας
1177 2072 1284 2106 ἐπαφῆς
1302 2071 1459 2106 ὲξιάσηταις
1475 2071 1511 2098 Σὺ
1525 2071 1553 2097 δὲ
1567 2071 1581 2097 ό
1598 2070 1678 2102 αὐτὸς
1692 2069 1730 2096 ὢν
1745 2068 1817 2096 κατὰ

1027 2121 1075 2155 τὴν
1085 2119 1163 2154 φύσιν
1172 2119 1210 2153 τῷ
1222 2118 1438 2154 ἀρρωστήσαντι,
1446 2116 1554 2150 φεύγεις
1562 2116 1607 2142 τὸν
1618 2116 1747 2150 ὁμογενῆ.
1759 2115 1815 2150 Μὴ,

991 2176 1012 2203 D
1027 2165 1133 2199 ἀδελφὲ.
1144 2164 1181 2199 μὴ
1191 2164 1316 2199 ἀρεσάτω
1325 2171 1365 2189 σοι
1378 2164 1393 2197 ἡ
1410 2161 1489 2196 βουλὴ
1501 2162 1518 2196 ἡ
1527 2161 1608 2195 κακή.
1619 2160 1705 2186 Γνῶθι
1717 2159 1759 2191 τις
1768 2160 1815 2192 ὢν,

1027 2210 1091 2244 περὶ
1107 2209 1186 2235 τίνων
1205 2208 1332 2243 βουλεύῃ·
1353 2207 1394 2233 ὅτι
1412 2206 1476 2241 περὶ
1488 2205 1649 2240 ἀνθρώπων,
1661 2205 1815 2241 ἄνθρωπος,

1026 2255 1102 2281 οὐδὲν
1117 2254 1216 2286 ἰδιάζον
1230 2254 1259 2280 ὲν
1269 2252 1372 2287 σεαυτῷ
1388 2252 1464 2287 παρὰ.
1477 2252 1525 2286 τὴν
1539 2251 1630 2286 κοινὴν
1646 2250 1814 2285 κεκτημένος

1027 2301 1117 2334 φύσιν.
1132 2300 1178 2335 Μὴ
1195 2298 1398 2334 προαποφαίνου
1421 2297 1468 2324 τοῦ
1493 2297 1645 2332 μέλλοντος.
1666 2297 1710 2323 Ἐν
1728 2293 1751 2330 ᾧ
1764 2296 1817 2331 γὰρ

1027 2346 1203 2382 καταψηφξζῃ
1226 2344 1274 2371 τοῦ
1295 2344 1408 2375 πάθους,
1426 2344 1493 2375 τέως
1509 2345 1537 2369 ὲν
1557 2342 1690 2378 ἀλλοτρίῳ
1710 2342 1817 2376 σώματι

1029 2393 1210 2427 φαινομένου,
1228 2392 1350 2427 ἀόριστον
1372 2390 1441 2417 κατὰ
1465 2391 1554 2424 πάσης
1573 2389 1622 2422 τῆς
1646 2388 1754 2423 φύσεως
1778 2389 1819 2414 ὲκ-

1031 2439 1123 2474 φέρεις
1147 2438 1302 2472 ἀπόφασιν
1323 2437 1444 2472 μετέχεις
1468 2436 1496 2462 δὲ
1521 2436 1567 2462 καὶ
1591 2435 1623 2461 σὺ
1644 2435 1693 2469 τῆς
1712 2434 1818 2469 φύσεως

1031 2484 1229 2519 παραπλησίως
1241 2484 1298 2514 τοῖς
1313 2484 1405 2510 πᾶσιν.
1421 2481 1524 2508 Οὐκοῦν
1535 2481 1572 2512 ὡς
1583 2480 1653 2516 ὑπὲρ
1667 2480 1758 2506 κοινοῦ
1774 2479 1818 2506 τοῦ

1032 2530 1194 2565 πράγματος
1209 2530 1223 2556 6
1235 2529 1312 2562 λόγος
1325 2528 1403 2554 ἔστω.

196 2574 256 2595 cent
272 2570 318 2596 tibi
335 2570 480 2597 consilium
506 2578 628 2605 pravum.
644 2570 695 2603 Qui
719 2572 768 2602 sis.
786 2576 813 2598 et
831 2573 863 2600 de
877 2574 977 2608 quibus
996 2574 1137 2604 consulas.
1165 2574 1309 2601 Considera
1326 2582 1333 2600 :
1348 2573 1430 2599 homo
1465 2571 1604 2602 nimirum,
1643 2570 1678 2597 de
1703 2570 1818 2597 hominis

197 2617 258 2647 bus,
281 2617 327 2651 qni
352 2617 418 2644 nihil
440 2618 466 2644 in
489 2622 515 2645 te
531 2618 680 2653 proprium,
699 2623 724 2645 et
750 2627 764 2646 a
789 2625 885 2646 natura
904 2623 1042 2649 communi
1056 2623 1211 2656 seiunctum
1227 2621 1346 2648 obtines.
1366 2619 1478 2646 Futuris
1504 2618 1537 2645 de
1568 2618 1649 2646 rebus
1682 2625 1716 2644 ne
1750 2623 1818 2651 ρη-

195 2662 327 2699 judicium
351 2663 446 2690 facias.
472 2663 539 2691 Dum
555 2665 627 2691 cuitu
645 2665 817 2693 affectionem
859 2667 885 2694 in
909 2668 999 2695 alieno
1035 2677 1150 2703 corpore
1177 2667 1353 2701 conspicuam
1387 2666 1512 2696 damnas.
1539 2664 1673 2691 incertam
1705 2663 1739 2689 de
1766 2666 1819 2688 tota

198 2711 295 2734 natura
311 2708 476 2735 sententiam
490 2709 662 2743 pronuntias.
678 2709 744 2745 Ejus
765 2715 856 2738 autem
874 2715 979 2740 natura:
999 2717 1027 2740 tu
1044 2721 1153 2748 quoque
1166 2712 1302 2748 particeps
1320 2719 1361 2744 es,
1380 2715 1409 2737 ut
1423 2709 1521 2744 reliqui
1557 2716 1663 2737 omnes.
1696 2707 1820 2742 Quapro-

199 2759 259 2789 pter
275 2759 402 2790 tanquam
420 2756 558 2784 communi
577 2756 610 2785 de
626 2765 654 2784 re
667 2759 836 2787 consulatur.

232 2811 255 2826 ⁸⁵
275 2810 340 2838 Luc.
351 2819 378 2844 x,
391 2811 425 2838 50
433 2819 496 2847 sqq.
