1912 3080
107 77 161 103 ιΠἾ

692 81 735 108 DE
753 81 972 110 PAUPERIBUS
984 83 1147 111 AMANDIS.

1684 85 1736 111 λίτῖζ

141 134 189 161 Διὰ
209 134 236 161 τί
253 136 344 162 τοίνυν
367 136 453 168 οὐδείς
473 145 514 164 σοι
534 137 588 164 τῶν
612 140 780 174 φαινομένων
795 137 884 171 οἶκτος

983 141 1038 168 Cur
1051 143 1142 177 igitur,
1162 150 1221 177 qum
1236 143 1262 168 in
1281 143 1340 169 aliis
1359 143 1434 169 vides
1450 143 1548 170 misera
1571 147 1598 169 et
1618 142 1734 170 calami-

103 181 277 216 εἰσέρχεταις
299 182 379 218 Ὁρᾷς
405 182 563 217 ἀνθρώπους
585 184 703 219 νομάδας
721 184 840 220 ὡσπερεὶ
862 185 896 212 τὰ

104 226 269 262 βοσκήματα
289 228 357 263 πρὸς
377 228 426 264 τὴν
440 229 490 263 τῆς
502 229 604 264 τροφῆς
624 229 717 264 χρείαν
731 230 895 265 ἐσκεδασμέ-

102 281 166 303 νους
179 273 276 308 -ρακία
288 274 519 309 περικεκτημένα,
528 275 607 301 τοῦτο
620 276 636 310 ἡ
649 275 730 310 ἐσθής
740 284 746 291 ·
763 276 896 311 βακτηρία

103 319 134 344 ἐν
152 320 208 349 ταῖς
223 319 312 354 χερσὶ,
328 319 404 346 τοῦτο
419 320 510 351 ὅπλον,
525 319 604 346 τοῦτο
620 321 727 356 ὄχημα·
743 322 803 348 οὐδὲ
824 323 894 357 αὑτὴ

101 364 247 396 δακτύλοις
272 365 449 400 κατεχομένη,
474 366 540 393 ἀλλά
556 375 625 393 τισιν
646 367 752 401 ὀχάνοις
766 368 832 403 πρὸς
845 369 894 399 τὰς

102 408 233 444 παλάμας
259 409 454 445 συνδεδεμένη⁴
480 411 554 446 πήρα
577 412 717 446 ῥωγαλέα,
742 413 788 438 καὶ
810 412 893 447 ἄρτου

99 455 220 490 τρύφος·
239 456 337 492 εὺρῶτι
353 457 399 483 καὶ
411 457 535 492 σηπεδόνι
552 457 746 494 διεφθαρμένον
756 467 763 474 ·
776 460 792 494 ἡ
806 459 891 491 ἑστία,

100 502 116 527 ὸ
135 499 219 533 οἶκος,
237 503 252 537 ή
279 502 381 534 στιϐὰς,
397 503 413 537 ἡ
430 503 517 538 κλίνη,
531 503 561 529 τὸ
575 506 706 539 ταμιεῖον,
721 506 737 540 ὴ
759 505 890 539 τράπεζα,

100 548 176 574 πᾶσα
190 549 206 584 ἠ
221 547 268 574 τοῦ
285 549 341 584 βίου
358 549 529 584 παρασκευὴ,
546 551 562 585 ἡ
583 551 658 585 πήρα
672 551 754 577 ἐστίν.
771 550 848 582 Εἶτα,
861 552 890 578 ού

99 593 205 630 λογίζῃ,
216 595 257 626 τίς
270 595 284 621 ο
297 595 325 621 ἐν
338 595 442 627 τούτοις
459 595 513 628 ὥν;
527 597 587 622 Ὀτι
596 597 748 632 ἄνθρωπος.
760 598 774 623 ὁ
788 599 846 624 κατ’
858 599 892 624 εἰ·

99 640 166 665 κὲνα
180 640 247 666 Θεοῦ
261 640 390 674 γεγονὼς,
407 641 421 666 ὁ
434 641 570 675 κυριεύειν
584 641 632 676 τῆς
645 642 695 677 γῆς
715 643 890 677 τεταγμένος,

98 685 279 720 ὀύποχείριον
295 686 343 720 τὴν
362 685 415 712 τῶν
430 686 532 719 ἀλόγων
540 686 691 722 ὑπηρεσίαν
710 687 778 722 ἔχων
789 695 795 702 '
814 684 892 720 οὗτος

99 731 138 761 εἰς
156 729 236 756 τοῦτο
262 731 401 766 συμφορᾶς
422 731 468 757 καὶ
489 732 638 767 μεταϐολῆς
656 733 801 769 προῆλθεν,
821 733 891 761 ὥστε

99 776 253 811 ἀμφίϐολον
272 776 302 803 τὺ
321 777 482 811 φαινόμενον
507 775 588 810 εἶναι,
607 779 668 805 οὔτε
683 779 827 815 ἀνθρώπου
844 789 892 807 κα-

100 822 202 857 θαρῶς,
222 822 284 849 οὗτε
309 823 380 854 τινὸς
399 823 477 850 ἄλλου
500 824 554 851 τῶν
578 824 656 856 ζώων
680 827 779 862 ἐναργῆ
803 827 892 862 φέρων

99 868 141 900 ἐφ’
169 868 267 894 ἑαυτοῦ
293 868 328 894 τὰ
350 869 537 904 γνωρίσματα.
574 871 636 897 Ἐὰν
662 871 729 907 πρὸς
750 872 890 908 ἄνθρωπον

99 914 225 949 εἰκάσῃς,
251 914 373 949 ἀρνεῖται
390 915 439 949 τὴν
456 915 594 951 ἀμορφίαν
617 917 631 942 ὁ
651 918 794 953 χαρακτὴρ
816 917 830 943 ὀ
845 918 892 944 ἀν-

99 958 253 994 θρώπινος·
281 960 328 986 ἐὰν
354 959 422 994 πρὸς
448 961 482 987 τὰ
507 961 590 994 ἄλογα
615 962 718 998 τρέψῃς
744 962 793 998 τὴν
816 963 891 989 είκα-

99 1004 178 1035 σίαν,
204 1004 266 1030 οὐδὲ
294 1006 385 1031 ἐκεῖνα
410 1005 460 1040 τὴν
487 1006 632 1042 ὁμοιότητα
657 1007 704 1034 τοῦ
729 1008 889 1043 φαινομένου

98 1049 255 1085 προσίεται.
271 1051 354 1077 Μόνοι
369 1051 483 1078 τοιοῦτοι
501 1052 568 1088 πρὸς
590 1053 687 1087 μόνους
704 1054 815 1085 ἑαυτοὺς
834 1053 891 1088 βλέ-

98 1103 208 1127 ποντες,
238 1096 285 1122 καὶ
314 1097 372 1131 μετ’
398 1097 520 1132 ἀλλήλων
545 1097 747 1133 ἀγελαξὸμενοι,
772 1098 816 1125 διὰ
841 1099 890 1134 τὴν

97 1141 294 1177 ὁμοιοτροπίαν
316 1142 362 1168 τοῦ
385 1142 502 1174 πάθους·
524 1144 549 1170 οἰ
575 1145 630 1175 τοῖς
652 1144 700 1179 μὲν
722 1144 812 1175 ἄλλοις
835 1143 891 1178 βδε-

97 1187 192 1213 λυκτοὶ
206 1187 356 1222 γινόμενοι,
383 1186 512 1222 ἀλλήλους
528 1188 556 1214 δὲ
574 1189 618 1214 ὑπ’
642 1189 765 1223 ἀνάγκης
780 1189 811 1215 οὐ
828 1188 889 1223 βδε-

97 1232 271 1267 λυσσόμενοι.
310 1233 481 1268 Πανταχόθεν
515 1234 568 1269 γὰρ
595 1234 796 1269 ἐξειργόμενοι,
826 1233 890 1266 ἴδιος

96 1278 204 1312 γίνεται
228 1278 330 1313 δῆμος,
359 1279 427 1314 πρὸς
451 1279 581 1314 ἀλλήλους
610 1280 778 1315 συρρέοντες.
808 1279 890 1316 Ὁρᾷς

95 1325 160 1355 τοὺς
185 1325 315 1359 ἀτερπεῖς
338 1324 479 1360 χορευτὰς,
500 1325 545 1351 τὸν
569 1325 663 1360 γοερὸν
688 1326 733 1352 καὶ
757 1334 888 1352 κατεστυ-

95 1369 252 1404 γνσσμένον
276 1369 368 1396 τοῦτον
394 1371 490 1405 χορόν;
521 1370 582 1401 Πῶς
603 1370 811 1406 ὲμπομπεύουσι
834 1371 889 1402 τοῖς

95 1415 202 1441 ἑαυτῶν
225 1415 428 1451 δυστυχήμαςι;
457 1415 518 1447 Πῶς
542 1416 727 1452 θεατρίζουσιν
747 1417 776 1443 ὲν
798 1417 889 1447 αὐτοῖς

95 1461 306 1497 ἀσχημονοῦσαν
335 1461 384 1497 τὴν
402 1461 501 1496 φύσιν.
529 1461 622 1497 ὥσπερ
648 1463 720 1494 τινὲς
750 1462 888 1497 θαυματο-

95 1509 170 1534 ποιοὶ
197 1508 246 1537 τὰς
275 1508 458 1544 πολυτρόπους
484 1509 638 1544 ἀρρωστίας
666 1509 721 1540 τοῖς
751 1508 887 1535 συνιοῦσιν

94 1553 313 1588 ἐπιδεικνύμενοι
323 1563 330 1584 ς
342 1554 454 1588 [Iam-at
465 1553 568 1590 γοερῶν
584 1553 797 1588 μελῳδημάτων,
812 1554 888 1589 μελο-

95 1600 170 1626 ποιοὶ
182 1599 236 1625 τῶν
263 1600 386 1635 πονηρῶν
406 1599 517 1626 ἐκείνων
534 1600 678 1634 ᾀσμάτων·
691 1601 824 1635 τραγῳδοὶ
839 1601 888 1636 τῆς

94 1646 178 1680 κενῆς
186 1645 286 1679 ταύτης
295 1646 341 1671 καὶ
348 1645 495 1680 δυστυχοῦς
510 1645 672 1680 τραγῳδίας,
679 1646 728 1672 οὐκ
737 1646 886 1681 ἀλλοτρίοις

94 1690 295 1725 τραγῳδήμασι
311 1690 378 1725 πρὸς
391 1690 424 1716 τὰ
441 1690 512 1725 πάθη
526 1689 660 1726 χρώμενοι
671 1701 678 1706 ·
690 1690 757 1717 ἀλλὰ
771 1691 815 1716 διὰ
830 1690 885 1717 τῶν

94 1735 205 1761 οἰκείων
219 1734 310 1760 κακῶν
329 1734 377 1769 τὴν
394 1734 494 1769 σκηνὴν
515 1734 690 1770 πληροῦντες.
707 1732 758 1761 Οἷα
774 1735 807 1761 τὰ
817 1736 884 1770 σχή-

98 1780 188 1815 ματαί
204 1777 247 1806 οἶα
260 1780 294 1806 τὰ
310 1780 481 1815 διηγήματαί
499 1780 530 1806 Τί
543 1780 570 1806 δὲ
583 1780 715 1813 λεγόντων
732 1780 883 1815 ἁκούομεν;

97 1826 161 1857 Πῶς
174 1826 249 1861 παρὰ
269 1825 323 1852 τῶν
334 1825 541 1860 γεννησαμένων
556 1826 721 1860 ἀπώσθησαν
737 1826 780 1852 ἐπ’
798 1827 886 1853 οὐδενὶ

98 1872 265 1905 ἀδικήματις
279 1871 338 1902 Πῶς
350 1870 545 1896 ἀπελαύνονται
563 1871 698 1905 συλλόγων
713 1871 887 1907 κοινῶν,ὲορ-

96 1918 152 1943 τῶν
170 1926 199 1943 τε
219 1917 265 1942 καὶ
278 1916 466 1951 πανηγύρεων,
485 1916 579 1952 ὥσπερ
595 1917 751 1952 ἀνδροφόνοι
768 1919 849 1950 τινὲς,
868 1918 885 1954 ἢ

97 1962 271 1998 πατραλοῖαι,
284 1964 316 1998 τῇ
332 1962 459 1998 ἀειφυγίᾳ
472 1963 628 1998 κατάκριτοι
639 1983 645 1994 ,
667 1963 765 1998 μᾶλλον
786 1964 816 1990 δὲ
840 1964 887 1990 κά-

95 2009 196 2035 κείνων
212 2008 355 2043 παραπολὺ
371 2008 594 2043 δυστυχέστεροι·
612 2009 669 2043 εἴγε
686 2010 742 2040 τοῖς
758 2009 886 2044 ἀνδροφό-

95 2065 154 2087 νοις
169 2055 219 2089 μὲν
235 2054 348 2087 ἔξεστιν,
373 2054 489 2089 ἀλλαχοῦ
507 2056 671 2089 μεταστᾶσιν
689 2055 758 2090 μετὰ
782 2055 884 2090 ἀνθρώ-

97 2110 159 2128 πων
175 2101 238 2136 ζῇν·
257 2098 328 2127 οὗτοι
345 2101 373 2127 δὲ
400 2101 474 2135 μόνοι
492 2100 547 2127 τῶν
569 2101 677 2128 πάντων
700 2101 886 2136 ἁπανταχόθεν

96 2147 291 2182 ἀπείργονται,
313 2146 350 2177 ὡς
372 2145 454 2172 κοινοί
477 2154 548 2177 τινες
566 2145 785 2180 ἀποδεδειγμένοι
806 2146 884 2173 πολέ-

98 2199 173 2225 μιοι·
192 2191 221 2216 οὐ
243 2190 341 2224 στέγης
362 2190 436 2224 μιᾶς,
451 2190 481 2216 ού
495 2190 633 2225 τραπέζης
650 2191 751 2225 κοινῆς,
771 2191 801 2217 οὐ
824 2192 886 2226 χρή-

97 2245 166 2267 σεως
187 2236 291 2262 σκευῶν
315 2235 477 2271 ἀξιούμενοι.
503 2236 558 2262 Καὶ
583 2235 658 2263 οὔπω
682 2236 760 2262 τοῦτο
783 2237 883 2263 δεινόν·

95 2283 154 2309 ἀλλ’
173 2282 234 2308 οὐδὲ
250 2283 336 2316 πηγαὶ
352 2282 462 2317 βρύουσι
480 2281 584 2312 τούτοις
605 2281 673 2316 πρὸς
697 2283 760 2313 τοὺς
781 2282 886 2316 ἀνθρώ-

97 2335 165 2358 πους
185 2326 284 2357 κοιναὶ,
301 2326 361 2352 οὐδὲ
388 2327 505 2360 ποταμοὶ
528 2326 698 2352 πιστεύονται
716 2327 791 2353 οὐδὲν
807 2327 886 2361 ὲφέλ-

97 2372 194 2398 κεσθαι
213 2372 260 2398 τοῦ
277 2372 326 2406 τῆς
347 2372 501 2407 ἀρρωστίας
528 2372 707 2407 μολύσματος.
734 2372 792 2400 Κᾶν
814 2373 886 2400 κύων

97 2417 168 2454 λάψῃ
187 2417 234 2443 τοῦ
249 2417 343 2448 ὓδατος
359 2418 392 2452 τῇ
406 2417 545 2453 αἱμοόόρῳ
560 2418 678 2454 γλώσσῃ,
693 2419 741 2444 οὐκ
756 2419 884 2454 ἐνομίσθη

98 2462 240 2497 βδελυκτὸν
258 2462 301 2488 διὰ
323 2462 353 2488 τὸ
368 2462 461 2497 θηρίον
487 2463 516 2488 τὺ
540 2462 611 2498 ὕδωρ
622 2471 629 2477 ·
644 2463 690 2489 ἐὰν
707 2464 720 2490 ό
746 2464 885 2499 ἄρρωστος

98 2507 269 2542 προσεγγίσῃ
294 2505 332 2540 τῷ
356 2505 451 2537 ὕδατι,
478 2507 558 2536 εὐθὺς
581 2507 759 2543 ἀπεκηρύχθη
787 2509 833 2535 καὶ
856 2509 886 2535 τὸ

98 2553 170 2588 ὓδωρ
184 2552 229 2578 διὰ
243 2552 288 2578 τὺν
311 2551 463 2587 ἄνθρωπον.
481 2552 573 2579 Ταῦτα
584 2553 774 2588 διεξέρχονται,
799 2554 886 2580 ταῦτα

96 2599 256 2635 ὁδύρονται”
276 2597 322 2624 διὰ
342 2597 419 2623 τοῦτο
436 2597 574 2632 ῥίπτουσιν
592 2599 701 2630 ἑαύτους
729 2600 885 2634 κατ’ἁνάγ-

97 2654 147 2681 κην
163 2645 233 2680 πρὸς
255 2642 309 2670 τῶν
336 2642 486 2678 ἀνθρώπων
501 2643 525 2669 οἱ
540 2643 659 2674 δείλαιοι,
683 2644 770 2670 ἱκέται
786 2645 886 2676 παντὸς

96 2690 142 2716 τοῦ
168 2689 425 2725 παρατυγχάνοντος
455 2689 601 2724 γινόμενοι.
630 2689 763 2722 Πολλάκις
787 2691 885 2717 ἐπεδά-

96 2745 185 2770 κρυσα
200 2736 240 2770 τῷ
253 2735 407 2771 σκυθρωπῷ
425 2735 511 2770 τούτῳ
529 2735 654 2770 θεάματι,
676 2736 803 2767 πολλάκις
819 2737 887 2772 πρὸς

95 2782 180 2818 αὐτὴν
204 2782 254 2817 τὴν
277 2781 357 2815 φύσιν
382 2780 608 2816 ἀπεδυσπέτησα·
636 2781 683 2808 καὶ
702 2781 749 2809 νῦν
769 2782 836 2818 πρὸς
852 2783 887 2818 τῇ

949 191 1020 218 tnsa.
1032 196 1086 215 non
1099 196 1132 216 ea
1146 194 1170 216 lc
1181 196 1258 223 aeque
1272 189 1304 215 ad
1317 190 1563 217 commiserandum
1579 190 1732 224 adducunt,

949 241 980 260 ac
992 235 1013 260 si
1036 234 1061 260 in
1077 239 1104 261 te
1127 234 1186 268 ipso
1209 235 1401 268 conspiceres?
1425 235 1508 263 Vides
1533 237 1656 264 homines
1681 245 1734 263 no-

949 279 1042 306 mades
1064 285 1090 306 et
1107 287 1200 314 vagos,
1225 284 1352 313 tauquam
1369 288 1468 315 pecora
1491 281 1524 308 ad
1547 282 1732 317 comparanda

949 326 1050 353 cibaria
1073 326 1233 360 dissipatos.
1254 326 1303 352 H-is
1326 327 1488 354 vestimenta
1513 331 1578 354 sunt
1601 328 1729 361 lacerata,

949 379 981 398 ex
996 371 1098 398 attritis
1112 372 1277 399 centonibus
1290 377 1415 402 consula.
1429 373 1455 399 in
1468 373 1593 400 manibus
1606 373 1730 406 baculus,

948 424 1002 442 non
1016 416 1050 443 ab
1068 416 1134 450 ipsis
1154 416 1245 451 digitis
1269 417 1494 452 comprehensus,
1517 418 1562 444 sed
1585 419 1650 446 loris
1665 419 1729 453 qui-

947 460 1062 487 busdam
1083 461 1115 488 ad
1140 462 1244 496 palmas
1266 462 1401 496 alligatus.
1426 462 1482 489 Hoc
1500 463 1536 489 illi
1555 471 1604 497 pro
1628 464 1728 499 gladio,

947 506 998 532 hoc
1017 513 1066 540 pro
1083 506 1207 533 vehiculo
1224 511 1339 533 utuntur
1356 516 1361 533 :
1381 508 1506 535 sacculus
1522 509 1609 539 adest.
1623 513 1650 536 et
1672 509 1728 536 fru-

947 556 1018 578 stum
1037 552 1116 586 panis
1133 552 1186 579 situ
1206 553 1332 587 carieque
1349 552 1514 580 confectum.
1527 554 1593 581 Pera
1607 555 1727 588 rimosa;

947 596 973 622 in
994 596 1045 623 hac
1069 597 1123 623 illis
1139 603 1166 624 et.
1185 597 1273 628 focus.
1291 601 1317 624 ct
1341 597 1449 630 domus,
1473 604 1500 626 et
1520 600 1681 634 stragulum,
1702 604 1730 627 et

947 642 1072 674 lectulus,
1099 647 1125 670 et
1143 651 1224 677 penu,
1250 647 1277 670 et
1301 651 1406 676 mensa,
1424 645 1513 671 omnis
1528 645 1644 680 denique
1663 653 1730 680 sup-

947 689 1035 723 pullex
1051 689 1112 715 vita:
1128 689 1155 716 in
1173 689 1225 716 hac
1245 697 1308 723 pera
1324 691 1460 717 consistit.
1480 691 1515 717 At
1532 696 1557 718 tu
1583 692 1639 718 haec
1658 693 1730 726 aspi-

945 735 997 765 cis.
1015 738 1041 762 et
1056 736 1117 769 quis
1136 736 1164 762 in
1182 737 1236 764 illis
1251 737 1297 768 sit,
1316 737 1426 764 minime
1442 738 1555 772 cogitas.
1577 737 1625 764 Hic
1645 738 1728 769 enim,

946 780 968 806 si
983 780 1081 810 nescis,
1099 785 1140 807 est
1158 781 1249 812 homo,
1263 782 1350 808 factus
1367 781 1399 808 ad
1418 782 1561 816 imaginem
1579 781 1637 809 Dei.
1649 781 1728 814 Huic,

909 820 929 848 Β
945 830 973 852 ut
987 829 1068 853 terra:
1086 827 1244 854 dominetur
1266 835 1426 854 concessum
1443 832 1485 854 est
1500 835 1507 858 ;
1527 827 1591 854 huic
1610 827 1638 854 in
1660 827 1728 855 reli-

942 878 995 905 qua
1013 872 1141 898 animalia
1164 872 1256 898 datum
1275 873 1430 907 imperium.
1449 874 1486 899 Eo
1502 878 1590 900 tamen
1615 873 1728 899 calami-

943 921 998 944 tate
1018 918 1145 945 redactus
1159 922 1211 949 est,
1228 922 1310 952 atque
1330 918 1370 944 sic
1384 918 1509 946 inversus
1524 923 1576 949 est,
1589 923 1628 949 ut.
1643 919 1726 954 quid-

942 971 1002 990 nam
1030 963 1076 995 sit,
1103 964 1266 998 ambigatur.
1292 963 1359 990 Nam
1385 972 1473 998 neque
1494 964 1613 991 hominis
1636 964 1726 998 plane,

941 1016 1030 1043 neque
1049 1009 1164 1036 aliorum
1183 1009 1363 1036 animantium
1379 1010 1541 1044 cujusquam
1559 1009 1660 1036 indicia
1671 1016 1727 1043 prae

941 1062 970 1082 se
986 1054 1047 1081 fert.
1070 1054 1097 1081 Si
1115 1062 1176 1081 cum
1195 1055 1305 1082 homine
1326 1054 1462 1086 conferas,
1481 1054 1581 1089 efﬁgies
1606 1055 1726 1082 humana

941 1099 1043 1133 respuit
1058 1106 1117 1125 eam
1133 1098 1348 1132 deformitatem;
1365 1098 1388 1125 si
1413 1105 1475 1124 cum
1500 1097 1615 1125 rationis
1628 1104 1727 1132 exper-

940 1145 1015 1172 tibus
1031 1144 1207 1174 animalibus.
1235 1152 1267 1172 ea
1290 1151 1399 1179 quoque
1415 1143 1621 1170 similitudinem
1648 1143 1726 1177 ejus-

940 1191 1014 1217 modi
1036 1197 1089 1217 non
1107 1189 1265 1217 admittunt.
1282 1190 1339 1217 Soli
1361 1190 1445 1224 igitur
1461 1190 1495 1216 ad
1517 1197 1548 1216 se
1563 1189 1636 1223 ipsos
1652 1189 1725 1216 solos

939 1237 1101 1271 respiciunt,
1128 1241 1155 1263 et
1179 1236 1296 1264 miseria:
1319 1235 1498 1263 similitudine
1519 1235 1591 1262 inter
1614 1242 1643 1262 se
1659 1242 1726 1261 cou-

939 1285 1095 1316 gregantur.
1111 1281 1162 1314 Qui
1183 1281 1218 1308 ab
1235 1281 1297 1308 aliis
1322 1281 1522 1315 despiciuntur,
1548 1288 1578 1308 se
1603 1280 1654 1315 ipsi
1670 1287 1726 1315 pne

940 1326 1104 1353 necessitate
1123 1333 1179 1352 non
1197 1325 1364 1365 despiciunt.
1386 1325 1512 1360 Undique
1534 1325 1641 1360 expulsi
1657 1333 1724 1353 con-

939 1373 1027 1399 ﬂuunt
1041 1380 1124 1399 unum
1147 1372 1175 1398 in
1189 1372 1290 1403 locum.
1313 1376 1340 1399 et
1362 1371 1499 1407 proprium
1515 1370 1658 1406 quemdam
1674 1378 1725 1405 po-

938 1419 1032 1452 pulum
1052 1417 1209 1445 conliciunt.
1233 1415 1315 1444 Vides
1340 1417 1465 1444 homines
1487 1416 1652 1451 injucundos
1677 1415 1726 1443 ﬂeo

940 1464 1020 1491 bilem
1047 1464 1209 1497 tristemque
1230 1462 1342 1489 chorum
1367 1461 1525 1489 eﬂicientes.
1547 1461 1582 1488 At
1606 1469 1671 1490 vero
1695 1465 1725 1489 ut

940 1510 1008 1545 ipsis
1024 1517 1085 1537 sese
1099 1508 1301 1543 quodammodo
1310 1507 1439 1542 jactitant
1455 1507 1674 1535 calamitatibus?
1691 1506 1725 1535 Ut

940 1556 967 1582 iu
1001 1563 1030 1583 se
1057 1555 1125 1590 ipsis
1153 1559 1280 1581 naturam
1308 1557 1448 1581 ostentant
1469 1553 1662 1588 deturpatam?
1691 1552 1725 1581 Ut

939 1603 1030 1629 varios
1047 1600 1273 1628 convenientibus
1288 1603 1417 1633 tanquam
1430 1599 1641 1634 praestigiatores
1661 1599 1725 1634 qui-

938 1648 999 1675 dam
1026 1647 1137 1674 morbos
1160 1645 1370 1673 demonstrant?
1389 1644 1480 1672 Poetae
1502 1645 1654 1671 carminqu
1681 1645 1724 1672 lu—

937 1699 1108 1724 ctuosorum,
1122 1691 1242 1719 tristium
1265 1690 1454 1717 narrationum
1472 1690 1640 1722 inventores.
1657 1697 1720 1723 gra-

937 1739 1012 1766 vium
1045 1738 1153 1764 illarum
1182 1736 1365 1763 modulatores
1399 1735 1567 1768 cantionum,
1596 1741 1724 1764 auctores

937 1792 1015 1812 nova:
1033 1784 1112 1810 istius
1136 1782 1297 1816 miseraeque
1322 1781 1470 1816 tragoediae,
1500 1781 1527 1808 in
1545 1788 1598 1816 qua
1618 1788 1672 1808 non
1689 1789 1722 1809 ex

938 1831 1045 1861 alienis,
1060 1829 1106 1856 sed
1123 1836 1155 1856 cx
1173 1828 1292 1862 propriis
1307 1827 1510 1854 calamitatibus
1533 1827 1658 1861 exempla
1674 1835 1723 1854 su—

938 1881 1015 1903 munt
1038 1875 1070 1901 ad
1089 1873 1287 1909 permovendos
1302 1873 1420 1904 animos,
1447 1876 1528 1907 atque
1546 1873 1585 1899 ita
1605 1872 1658 1901 sibi
1673 1880 1723 1900 au-

937 1922 1067 1950 dientiam
1085 1921 1190 1948 faciunt
1208 1929 1214 1946 :
1229 1919 1250 1947 0
1273 1927 1334 1954 qua:
1351 1919 1453 1955 ﬁgura,
1468 1919 1538 1947 bone
1559 1919 1641 1950 Deus.
1663 1927 1724 1954 qua

937 1968 1122 1996 narrationes!
1148 1966 1212 2001 quid
1239 1966 1314 2000 ipsos
1337 1965 1460 1995 dicentes
1481 1966 1629 1994 audimus?
1651 1965 1723 1999 Quo-

937 2015 1018 2041 modo
1041 2013 1076 2040 ab
1100 2013 1162 2044 illis,
1185 2012 1231 2046 qui
1260 2013 1333 2046 ipsos
1356 2016 1546 2046 procrearunt,
1575 2011 1652 2038 nulla
1672 2019 1722 2039 sua

937 2060 1016 2093 cu«'-pa
1042 2057 1135 2092 rejecti
1155 2057 1240 2084 sunt?
1268 2055 1410 2089 Quomodo
1434 2056 1608 2090 expelluntur
1623 2063 1639 2083 e
1652 2056 1722 2083 civi-

936 2103 1056 2130 tatibus?
1083 2101 1224 2135 Quomodo
1253 2108 1286 2128 ex
1307 2100 1451 2135 colloquiis
1474 2101 1676 2134 communibus,
1687 2108 1721 2128 ex

938 2149 1055 2184 publicis
1079 2147 1209 2182 festisque
1235 2147 1414 2174 conventibus
1437 2146 1632 2178 extruduntur,
1658 2149 1721 2173 tan--

937 2203 1017 2231 quam
1033 2194 1187 2225 homicidae,
1203 2197 1332 2228 tanquam
1348 2192 1494 2227 parricida;
1509 2192 1606 2220 exsilio
1625 2200 1721 2228 perpe-

938 2247 984 2268 tuo
1011 2239 1149 2272 mulctati,
1181 2239 1236 2266 imo
1263 2246 1344 2274 quam
1370 2238 1410 2265 illi
1438 2238 1516 2274 longe
1542 2238 1718 2266 infeliciores!

938 2286 1078 2321 Siquidem
1100 2284 1245 2312 homicidis
1270 2285 1358 2312 solum
1376 2284 1547 2312 vertentibus
1568 2284 1633 2312 licet
1656 2284 1720 2312 alibi

936 2339 998 2358 cum
1018 2330 1176 2358 hominibus
1194 2330 1294 2357 vivere.
1324 2330 1358 2355 At
1385 2329 1429 2356 isti
1447 2330 1568 2356 omnium
1592 2329 1643 2357 soli
1665 2333 1722 2356 tan-

936 2385 1017 2411 quam
1038 2383 1197 2403 communes
1217 2375 1349 2402 declarati
1373 2375 1467 2403 hostes
1489 2375 1609 2409 undique
1627 2379 1720 2403 extur-

937 2423 1037 2450 bantur
1054 2425 1084 2449 ut
1096 2429 1190 2449 canes.
1204 2420 1296 2454 Quid?
1312 2420 1384 2456 quod
1405 2420 1499 2448 eodem
1524 2425 1607 2452 tecto,
1625 2421 1719 2449 eadem

937 2475 1042 2499 tuensa,
1069 2467 1164 2495 eodem
1191 2460 1318 2495 vasorum
1351 2475 1401 2495 usu
1420 2467 1580 2502 judicantur
1601 2467 1722 2502 indigni?

937 2514 1025 2547 Quid?
1041 2514 1113 2548 quod
1125 2514 1205 2548 quasi
1221 2514 1278 2541 haec
1291 2514 1357 2541 satis
1370 2513 1464 2548 gravia
1480 2521 1533 2540 non
1548 2513 1613 2543 sint,
1627 2520 1721 2540 arcen-

936 2563 981 2586 tur
999 2567 1013 2585 a
1029 2559 1161 2590 fontibus,
1179 2559 1225 2594 qui
1250 2558 1362 2593 reliquis
1383 2549 1539 2585 hominibus
1563 2562 1627 2585 sunt
1646 2567 1723 2586 com-

937 2605 1046 2632 munes?
1062 2604 1120 2639 Ipsa
1136 2605 1202 2639 quin
1215 2604 1297 2631 etiam
1312 2604 1423 2630 ﬂumina
1438 2604 1586 2631 creduntur
1599 2603 1719 2638 ipsorum

937 2650 1098 2684 mgritudine
1120 2649 1302 2684 coinquinari.
1328 2647 1357 2674 Si
1384 2648 1476 2682 lingua
1504 2651 1616 2674 cruenta
1643 2647 1721 2674 cauis

937 2703 1035 2730 aquam
1053 2694 1189 2727 lamberit,
1210 2702 1264 2721 non
1288 2701 1347 2721 eam
1368 2693 1471 2720 idcirco
1485 2697 1618 2726 respuunt
1634 2691 1722 2720 humi-

937 2750 985 2768 nes
1000 2751 1006 2767 -.
1022 2745 1049 2767 at
1064 2742 1086 2768 si
1102 2741 1135 2767 ad
1154 2741 1227 2767 illaut
1242 2747 1312 2774 aeger
1335 2738 1494 2768 accesserit,
1509 2736 1641 2764 continuo
1656 2745 1719 2772 pro-

937 2791 997 2818 pter
1013 2787 1149 2814 hominem
1167 2786 1226 2822 ipsa
1243 2793 1351 2819 quoque
1373 2791 1442 2819 aqua
1464 2782 1636 2820 detestabilis
1653 2791 1722 2819 pra:-
