1912 3080
189 87 240 114 479

810 86 839 115 S.
860 85 1024 114 GREGORII
1050 86 1198 114 NYSSISN'I

1766 84 1818 110 ,ίῗίὶ

187 145 306 171 dicatur.
323 143 385 171 llaec
398 147 540 176 enarrant,
557 143 615 171 haec
628 143 771 178 deplorant
786 153 792 172 :
808 145 843 172 ob
859 145 917 172 haec
929 153 976 172 nc-

1035 145 1122 180 ινήμῃ
1140 142 1300 178 συτχὲομαι.
1318 140 1394 168 Εἶδον
1408 141 1492 173 πάθος
1507 141 1631 171 ἐλεεινὸν,
1646 137 1715 165 εἷῶν
1727 138 1817 173 θέαμα

188 191 310 218 cessarit)
326 197 356 218 se
369 190 402 217 ad
425 190 563 216 hominum
583 189 665 224 pedes
679 190 814 224 abjiciunt
830 191 933 221 miseri,
949 195 976 218 et

189 237 318 264 omnibus
329 236 541 264 occurrentibus
553 236 718 271 supplicant.
736 235 812 271 Sa9pc
825 237 896 264 tristi
915 245 975 271 spe-

189 282 501 318 rtuculoillacrymavi;
529 290 601 317 stepe
630 282 664 309 de
693 286 790 309 natura
810 287 977 317 conquestus

191 337 263 360 sum,
278 333 304 356 et
318 336 349 356 ea
365 336 408 356 me
425 328 580 355 recordatio
601 328 786 363 memoriaque
801 337 874 355 nunc
893 329 975 355 etiam

191 379 282 402 movet
307 379 390 409 atque
414 375 564 409 perturbat.
591 373 654 401 Vidi
678 375 867 409 aegritudinem
895 374 977 401 misc-

191 421 321 453 randam;
348 421 401 448 vidi
425 421 612 456 spectaculum
643 420 751 455 plenum
771 421 976 456 lacrymarum;

190 464 268 499 juxta
285 465 345 492 vias
361 465 493 494 celebres,
518 468 545 490 et
562 472 577 490 a
599 464 828 499 praetereuntibus
851 464 978 498 frequen-

193 515 265 538 tatas
276 511 369 545 jaceut
383 511 518 540 homines.
535 510 591 537 imo
608 517 642 538 ne
658 511 782 537 homines
793 510 915 545 quidem,
929 509 978 537 sed

192 555 318 583 infelices
341 556 481 583 hominum
500 556 631 590 reliquiae,
652 555 739 590 signis
754 560 780 582 et
804 555 913 583 iudiciis
928 556 976 582 ali-

193 601 294 634 quibus
320 600 482 636 indigentes,
501 605 530 628 ut
555 609 585 628 sc
608 601 733 628 homines
752 608 814 628 esse
834 601 912 628 ﬁdem
939 601 978 628 fa-

193 647 277 674 ciant.
300 646 393 682 Neque
407 648 479 674 cnim
497 655 531 674 ex
554 652 659 674 natura:
684 647 756 674 notis
769 647 917 682 quidquam
937 653 980 674 est

194 693 342 726 reliquum,
360 697 389 718 ut
407 693 517 727 agnosci
534 693 651 727 possint.
675 692 707 720 lli
728 693 778 720 soli
801 701 832 720 ex
852 693 979 720 omnibus

195 745 225 766 se
245 738 320 773 ipsos
342 738 469 768 oderunt.
497 739 547 765 soli
574 738 647 765 diem
661 746 742 765 suum
766 739 882 766 natalem
903 746 978 766 exse—

195 788 317 813 crantur.
344 791 376 810 ac
395 783 457 818 jure
475 783 585 818 quidem
606 784 779 811 detestantur
802 784 878 811 illum
894 785 977 815 diem.

195 828 242 862 qui
270 828 332 855 talis
356 829 418 855 vine
448 828 611 863 principium
638 827 698 855 fuit.
725 827 854 855 Homines
881 828 928 863 qui
950 835 980 855 se

195 873 332 900 communi
349 874 530 908 appellatione
546 875 687 901 nominare
697 873 875 906 erubescunt.
895 881 929 901 ne
947 881 980 901 ex

195 920 256 955 ipsa
288 920 406 947 nominis
432 920 625 947 communione
658 925 784 947 naturam
808 928 980 948 communem

195 965 369 993 dedecorem.
385 965 497 1000 Semper
513 966 539 993 in
558 966 677 994 miseriis
689 966 771 993 vitam
785 966 904 1001 degunt;
920 973 982 1000 per-

196 1015 304 1046 petuam
326 1012 415 1039 luctus
432 1013 574 1038 materiam
590 1013 700 1040 habent.
718 1012 844 1045 Quandiu
862 1012 934 1040 enim
953 1020 982 1040 se

196 1056 272 1090 ipsos
289 1057 435 1091 aspiciunt,
452 1057 545 1084 tandiu
562 1057 669 1093 lugendi
686 1058 784 1085 habent
798 1058 980 1085 occasionem.

197 1102 325 1130 Dubitant
361 1108 450 1130 autem
477 1111 545 1138 quas
574 1105 662 1139 magis
690 1104 831 1139 deplorent
859 1105 982 1139 corporis

197 1154 298 1184 partes,
314 1157 408 1180 easne.
424 1157 486 1184 quae
514 1157 568 1177 non
591 1151 690 1178 adsunt
709 1151 837 1185 amplius,
855 1158 889 1178 an
910 1151 982 1184 illas,

198 1203 258 1229 qua:
281 1200 438 1230 supersunt.
461 1195 535 1228 Quas
552 1197 664 1223 morbus
687 1196 849 1232 absumpsit,
874 1204 908 1224 an
923 1205 983 1232 qua:

198 1242 294 1268 morho
307 1242 408 1268 relicta:
420 1245 484 1268 sunt
499 1242 683 1269 absumendte.
700 1241 885 1270 Dolendumne
898 1244 983 1277 magis

197 1286 244 1318 sit,
263 1286 335 1320 quod
351 1286 377 1312 in
397 1294 426 1313 se
439 1287 506 1320 ipsis
519 1293 567 1313 eas
579 1287 704 1313 miserias
724 1290 847 1316 cernant.
865 1294 899 1313 an
911 1287 983 1322 quod

198 1339 247 1358 eas
268 1330 392 1365 adempta
418 1332 500 1358 etiam
527 1332 623 1359 morbo
641 1332 750 1359 videndi
776 1331 915 1363 facultate,
941 1333 983 1358 iu-

198 1377 267 1404 lueri
283 1385 337 1404 non
351 1378 467 1411 possint.
482 1377 560 1410 Quod
575 1377 639 1404 Ialia
653 1379 686 1405 de
702 1386 731 1406 se
746 1386 860 1406 narrare
871 1384 982 1413 queant.

198 1430 232 1449 an
243 1423 314 1457 quod
332 1423 384 1449 sibi
400 1424 434 1449 ab
450 1423 510 1458 ipso
526 1424 622 1450 morbo
637 1429 729 1458 erepta
746 1425 829 1451 etiam
848 1433 923 1457 voce,
949 1433 983 1452 ne

1027 189 1152 225 δακρύων
1171 188 1292 223 πλῆρες·
1320 187 1477 221 πρόκεινται
1499 185 1569 212 κατὰ
1591 186 1640 216 τὰς
1660 184 1738 215 ὀδοὺς
1763 183 1818 209 τῶν

1027 235 1178 270 παριόντων
1205 233 1359 268 ἄνθρωποι·
1385 232 1484 267 μᾶλλον
1501 231 1529 258 δὲ
1552 231 1643 257 οὐκέτι
1666 230 1817 264 ἄνθρωποι.

1027 280 1095 306 ἀλλὰ
1108 280 1162 306 τῶν
1176 287 1240 306 ποτε
1255 278 1406 313 ἀνθρώπων
1423 278 1503 305 ἄθλια
1518 277 1648 311 λείψανα,
1672 276 1817 310 συμΰόλων

1027 327 1108 352 τινῶν
1122 326 1169 353 καὶ
1184 325 1381 360 γνωρισμάτων
1397 325 1437 356 εἰς
1449 325 1479 350 τὸ
1495 324 1672 357 πιστευθῆναι
1684 322 1816 357 δεόμενοι.

1028 374 1065 399 Οὐ
1088 372 1143 408 γὰρ
1159 372 1266 407 ἔχουσιν
1288 371 1342 398 ἀπὸ
1364 371 1420 397 τῶν
1437 371 1488 406 τῆς
1505 370 1612 404 φύσεως
1636 370 1817 406 χαρακτήριειν

1028 418 1256 452 ἐπιγινώσκεσθαι
1280 418 1418 451 ἂνθρωποι
1431 437 1438 448 ,
1467 416 1542 452 μόνοι
1554 416 1608 443 τῶν
1629 416 1739 442 πάντων
1754 417 1817 441 ἑαυ-

1028 466 1091 495 τοὺς
1120 463 1279 499 μισοῦντες,
1308 463 1383 498 μόνοι
1410 463 1459 497 τὴν
1482 462 1618 496 γενέθλιον
1645 462 1754 497 ἡμέραν
1776 460 1818 486 διὰ

1029 509 1150 545 κατάρας
1165 509 1277 542 ἄγοντες
1288 529 1295 539 ,
1315 507 1423 543 μισοῦσι
1439 507 1494 542 γὰρ
1512 507 1624 537 εἰκότως
1644 505 1694 540 τὴν
1711 505 1818 540 ἡμέραν

1029 557 1147 592 ἐκείνην,
1171 556 1221 591 τὴν
1243 555 1363 590 ἄρξασαν
1387 555 1479 585 αὐτοῖς
1499 555 1549 589 τῆς
1580 552 1709 588 τοιαύτης
1734 551 1817 586 ζωῆς.

1031 603 1196 638 Ἄνθρωποι,
1213 602 1238 629 οἳ
1256 602 1304 629 καὶ
1322 600 1467 636 ὀνομάζειν
1485 600 1598 630 ἑαυτοὺς
1615 599 1669 625 ἀπὸ
1691 598 1742 634 τῆς
1766 606 1820 624 κοι-

1030 651 1077 685 νῆς
1091 648 1277 686 προσηγορὶας
1289 647 1462 682 αἰσχύνονται
1473 655 1479 661 ·
1494 647 1531 678 ὡς
1546 646 1578 672 ἂν
1592 645 1628 680 μὴ
1642 646 1674 680 τῇ
1690 643 1819 679 κοινωνίᾳ

1029 697 1076 723 τοῦ
1099 697 1228 729 ὀνόματος
1247 695 1298 730 τὴν
1317 694 1409 729 κοινὴν
1429 693 1509 728 φύσιν
1525 693 1557 719 δι’
1571 691 1676 718 ἑαυτῶν
1692 690 1820 724 καί)υόρί-

1031 751 1121 769 σΞιαν’
1139 743 1273 778 οτμωγαῐς
1293 741 1337 768 ἀεὶ
1360 740 1504 772 συζῶντες,
1523 740 1662 766 ἄπαυστον
1679 738 1735 764 τῶν
1753 737 1820 772 θρή-

1030 796 1083 814 νων
1105 787 1154 822 τὴν
1178 786 1307 813 ὑπόθεσιν
1335 786 1451 822 ἔχοντες.
1480 785 1553 816 Ἕως
1571 784 1625 819 γὰρ
1649 784 1682 810 ἂν
1707 782 1821 814 ἑαυτοὺς

1032 833 1177 868 βλέπωσιν,
1201 832 1245 858 ἀεὶ
1266 832 1315 864 τὰς
1339 831 1385 858 τοῦ
1413 831 1521 865 θρηνεῖν
1547 829 1653 865 ἔχουσιν
1673 829 1820 864 ἀφορμάς·

1031 878 1206 914 ἀποροῦντες,
1227 878 1277 904 ὅτι
1294 877 1340 903 καὶ
1366 876 1464 911 μᾶλλον
1488 876 1638 910 ὀδύρονται,
1662 875 1698 901 τὰ
1723 873 1822 909 μηκέτι

1031 924 1095 950 ὂντα
1109 923 1154 949 τοῦ
1169 922 1304 957 σώματος,
1321 922 1337 956 ἢ
1351 921 1386 947 τὰ
1402 920 1550 956 λειπόμενα
1560 929 1567 936 ’
1593 921 1644 946 ὅσα
1665 919 1823 954 προανήλω-

1032 979 1078 996 σεν
1095 971 1111 1004 ἡ
1136 970 1223 1000 νόσος,
1241 968 1258 1003 ἢ
1277 968 1326 994 ὅσα
1351 968 1384 1002 τῇ
1405 967 1474 1001 νόσῳ
1492 966 1630 992 λείπεταιο
1651 965 1693 991 ὅτι
1713 964 1822 998 βλέπου-

1033 1024 1074 1041 σιν
1090 1015 1132 1049 ἐᾷ’
1145 1014 1247 1041 ἑαυτῶν
1262 1013 1296 1040 τὰ
1305 1012 1426 1044 τοιαῦτα,
1440 1011 1457 1046 ἤ
1471 1011 1512 1038 ὅτι
1524 1011 1583 1037 οὐδὲ
1596 1010 1704 1045 βλέπειν
1720 1009 1823 1045 ἰσχύου-

1033 1069 1085 1090 σιν,
1105 1058 1314 1094 ἁμαυρωθείσης
1342 1059 1371 1084 ὲν
1395 1056 1434 1091 τῷ
1457 1056 1537 1083 πάθει
1570 1056 1619 1090 τῆς
1650 1055 1756 1090 bysso;-
1780 1055 1820 1080 ὃτι

1032 1105 1144 1132 τοιαῦτα
1162 1105 1253 1139 έχουσι
1275 1104 1338 1139 περὶ
1355 1102 1461 1129 ἑαυτῶν
1479 1101 1641 1137 διηγεῖσθαι,
1667 1101 1682 1136 ἢ
1707 1101 1748 1127 ὃτι
1765 1100 1823 1126 οὐδὲ

1033 1152 1183 1188 διηγεῖσθαι
1196 1152 1230 1178 τὰ
1250 1150 1323 1186 πάθη
1345 1150 1481 1180 δύνανται,
1496 1149 1547 1184 τὴν
1561 1147 1652 1183 φωνὴν
1665 1149 1698 1174 ὲκ
1712 1147 1761 1173 τοῦ
1777 1148 1824 1173 πά-

1034 1199 1098 1230 θοις
1114 1196 1298 1234 ἀφῃρημένοι·
1333 1196 1373 1221 ὅτι
1390 1194 1501 1230 τοιαύτῃ
1526 1194 1644 1228 χρῶνται
1674 1193 1781 1226 τροφῇ,
1806 1191 1822 1226 ἦ

1034 1245 1075 1270 ὅτι
1099 1244 1159 1270 οὐδὲ
1183 1242 1290 1277 ἐκείνην
1312 1241 1430 1272 εὐκόλως
1443 1241 1459 1275 ἡ
1474 1241 1551 1270 νόσος
1567 1240 1598 1274 τῇ
1622 1238 1757 1273 διαφθορᾷ
1771 1237 1822 1263 τῶν

1034 1291 1098 1326 περὶ
1116 1290 1147 1316 τὸ
1168 1289 1254 1324 στόμα
1276 1288 1376 1324 μορίων
1394 1285 1591 1321 ἐμποδιζούσης
1604 1285 1652 1319 τῆς
1665 1283 1820 1319 βρώσεως”’

1033 1337 1074 1364 ὃτι
1095 1337 1124 1362 ὲν
1146 1335 1270 1370 αἰσθήσει
1298 1334 1331 1360 τὰ
1353 1333 1407 1359 τῶν
1422 1331 1527 1366 νεκρῶν
1545 1330 1731 1365 δυστυχοῦσιν,
1750 1329 1766 1362 ἣ
1785 1329 1824 1355 ὁτι

1036 1382 1083 1408 καὶ
1103 1380 1158 1408 τῶν
1173 1379 1326 1414 αἰσθήσεων
1337 1378 1427 1405 αὐτῶν
1444 1376 1678 1412 προσαφῄρηνται.
1703 1374 1758 1401 Ποῦ
1772 1375 1825 1409 γὰρ

1037 1428 1101 1462 παρ’
1122 1426 1264 1460 ἐκείνοιςὴ
1285 1425 1393 1460 ὃρασις;
1415 1423 1470 1450 Ποῦ
1484 1423 1500 1457 ἡ
1514 1422 1665 1457 δσφρησις;
1693 1420 1749 1447 Ποῦ
1762 1420 1791 1446 δὲ
1808 1421 1824 1454 ἡ

199 1466 244 1492 illa
259 1467 368 1501 quidem
385 1467 493 1494 valeant
508 1469 658 1503 explicare.
675 1468 753 1501 Quod
767 1470 814 1496 tali
836 1475 982 1497 vescantur

1036 1474 1109 1509 ἁφής
1123 1472 1178 1499 Ποῦ
1192 1473 1220 1498 δὲ
1237 1471 1271 1497 τὰ
1284 1471 1366 1497 λοιπὰ
1379 1470 1432 1496 τῶν
1447 1468 1643 1504 αἰσθητηρίων,
1660 1467 1677 1494 a
1694 1467 1754 1493 κατ’
1772 1466 1827 1492 ολί-

197 1513 270 1544 cibo,
288 1521 321 1540 an
335 1513 406 1548 quod
426 1522 459 1541 ne
483 1514 528 1540 illo
541 1514 650 1548 quidem
667 1515 810 1542 commode
825 1516 897 1543 vesci
919 1523 983 1550 pos-

199 1558 273 1588 sint.
301 1558 428 1591 impedita
456 1564 565 1593 propter
591 1560 648 1586 oris
675 1565 819 1595 corruptas
848 1569 863 1588 a
890 1562 985 1588 morbo

198 1603 348 1637 particulas
360 1604 457 1631 edendi
471 1609 617 1639 potestate.
631 1605 709 1639 Quod
725 1607 868 1634 sentiendo
880 1615 912 1634 ca
925 1615 986 1641 qua:

199 1653 370 1675 mortuorqu
398 1653 463 1676 sunt
489 1651 609 1685 propria.
634 1651 829 1686 perpetiantur,
852 1660 886 1679 an
913 1653 984 1687 quod

199 1694 268 1729 ipsis
293 1695 375 1722 etiam
403 1696 532 1723 sensibus
553 1696 659 1731 spoliati
683 1698 747 1724 sint.
765 1697 815 1724 Ubi
834 1698 906 1725 enim
933 1698 986 1725 illis

199 1744 249 1766 aut
274 1740 392 1772 videndi,
412 1745 458 1766 aut
475 1741 618 1773 odorandi,
644 1747 691 1769 aut
713 1743 840 1778 tangendi
863 1743 919 1770 vis?
937 1743 986 1771 Ubi

207 1787 374 1820 reliquorum
398 1794 528 1813 sensuum
551 1788 641 1820 sedes,
662 1796 731 1822 quas
754 1789 885 1823 paulatim
903 1790 986 1825 depa-

202 1838 297 1859 scente
322 1833 418 1859 morbo
437 1834 515 1860 ulcus
530 1834 653 1861 arrodit?
672 1834 723 1862 Per
739 1835 830 1862 omnia
843 1836 925 1870 igitur
942 1844 988 1863 va-

199 1883 302 1913 gantur
324 1879 393 1911 loca,
413 1880 454 1906 'ad
482 1879 636 1906 uberiorem
663 1884 782 1914 pastum,
809 1885 838 1907 ut
859 1881 987 1908 animalia

201 1925 315 1953 rationis
341 1925 472 1960 expertia.
495 1925 640 1952 identidem
662 1934 692 1953 se
708 1925 914 1954 transferentes.
932 1927 986 1954 0c-

200 1971 340 1998 casionem
357 1971 389 1997 ad
413 1971 606 2004 ucgotiandum
623 1972 862 2006 comparandaquc
883 1973 987 2000 cibaria

201 2011 400 2044 circumferunt
422 2017 618 2049 calamitatem,
646 2022 673 2044 et
695 2018 904 2052 supplicationis
929 2019 988 2047 loco

202 2062 327 2089 morbum
342 2062 469 2090 omnibus
488 2063 648 2090 ostendunt.
669 2062 783 2098 Propter
799 2065 987 2099 aegritudinem

202 2112 292 2134 autem
315 2108 447 2136 ministris
470 2113 560 2143 egent.
586 2116 601 2135 a
621 2110 722 2143 quibus
744 2117 823 2137 manu
840 2110 986 2143 ducantur,

1036 1529 1084 1554 γον
1098 1518 1248 1554 νεμομένου
1270 1516 1317 1543 τοῦ
1338 1516 1440 1548 πάθους
1457 1518 1474 1551 ἡ
1491 1514 1612 1549 σηπεδὼν
1633 1514 1826 1543 ὲπιϐόσκεταις

1036 1565 1086 1592 Διά
1099 1564 1185 1591 ταῦτα
1199 1563 1269 1590 κατὰ
1283 1564 1386 1594 πάντας
1401 1562 1517 1588 ἀλῶνται
1537 1562 1599 1592 τοὺς
1612 1560 1723 1591 τόπους,
1743 1558 1823 1586 καθά-

1038 1619 1090 1646 περ
1103 1610 1136 1637 τὰ
1158 1609 1242 1643 ἄλογα
1263 1608 1330 1644 πρὸς
1360 1609 1409 1643 τὴν
1428 1607 1617 1642 ἀφθονωτέραν
1631 1606 1716 1640 νομὴν
1734 1604 1829 1640 μετεξ-

1037 1657 1210 1692 ανιστάμενοι
1222 1662 1229 1670 ·
1243 1654 1347 1688 ἑφόδιον
1357 1654 1406 1688 τῆς
1424 1652 1492 1679 κατὰ
1503 1653 1552 1686 τὴν
1566 1651 1670 1686 τροφὴν
1681 1649 1827 1684 ἐμπορίας.

1036 1702 1086 1737 τὴν
1102 1701 1244 1736 συμφορὰν
1258 1699 1460 1735 περιφέροντες,
1470 1698 1517 1724 καὶ
1531 1698 1598 1724 πᾶσι
1613 1697 1663 1731 τὴν
1679 1696 1756 1721 νόσον
1770 1694 1829 1720 ἀνθ’

1039 1746 1178 1782 ἱκετηρίας
1205 1745 1399 1781 προτείνοντες.
1430 1743 1485 1769 Καὶ
1507 1742 1562 1768 τῶν
1585 1739 1829 1776 χειραγωγούντων

1037 1792 1070 1818 δι’
1087 1791 1242 1827 ἀρρωστίαν
1267 1790 1397 1825 δεόμενοι,
1422 1789 1469 1815 καὶ
1485 1787 1616 1822 ἀλλήλους
1637 1786 1680 1812 διὰ
1697 1785 1747 1819 τὴν
1764 1784 1831 1810 ἀπο-

1041 1839 1100 1874 ρίαν
1116 1836 1351 1872 ὑποστηρίζοντες.
1368 1835 1435 1861 Καθ’
1450 1833 1545 1860 ἑαυτὸν
1556 1833 1609 1866 γὰρ
1619 1832 1734 1861 ἕκαστος
1751 1830 1829 1855 ἀσθε-

1038 1883 1162 1914 νοῦντες,
1191 1883 1305 1918 ἔρεισμα
1322 1881 1360 1916 τῷ
1382 1880 1466 1915 ἑτέρῳ
1489 1879 1607 1912 γίνονται
1631 1878 1688 1906 τοῖς
1709 1874 1829 1908 ὰλλήὶων

1041 1929 1148 1965 μέλεσιν
1163 1928 1222 1955 ἀντὶ
1236 1928 1289 1953 τῶν
1306 1926 1453 1952 λειπόντων
1467 1923 1612 1959 χρώμενοι.
1645 1922 1683 1947 Οὐ
1696 1921 1751 1955 γὰρ
1771 1919 1829 1945 καθ’

1039 1976 1087 2002 ἕνα
1104 1974 1244 2009 φαίνονται
1257 1981 1264 1988 ³
1283 1972 1350 1999 ἀλλὰ
1360 1980 1385 1997 τι
1401 1971 1457 2005 ἔχει
1471 1970 1518 1996 καὶ
1532 1971 1547 2004 ὴ
1561 1968 1733 2001 ταλαιπωρία
1751 1965 1829 2000 σοφὸν

1039 2023 1079 2052 εἰς
1095 2020 1143 2056 τὴν
1163 2019 1209 2046 τοῦ
1233 2018 1289 2053 βίου
1310 2017 1441 2048 ἐπίνοιαν,
1468 2015 1498 2041 τὸ
1523 2014 1580 2050 μετ’
1594 2013 1717 2048 ἀλλήλων
1734 2010 1830 2042 αὐτοῦς

1040 2068 1125 2094 θέλειν
1136 2067 1258 2102 ὁρᾶσθαι.
1275 2066 1370 2096 Ὀντες
1383 2065 1438 2099 γὰρ
1453 2063 1500 2089 καὶ
1514 2061 1575 2088 καθ’
1590 2061 1704 2092 ἑαυτοὺς
1717 2060 1829 2089 ἕκαστος

1041 2113 1161 2144 ὲλεεινοὶ,
1177 2113 1214 2143 ὡς
1227 2111 1260 2138 ἂν
1275 2110 1374 2146 μᾶλλον
1390 2108 1630 2144 συμπαθεστέρους
1648 2106 1711 2137 τοὺς
1726 2104 1830 2139 ἀνθρώ-

201 2154 250 2182 sed
270 2154 305 2180 ob
320 2155 439 2189 inopiam
455 2162 516 2182 sese
531 2155 651 2182 vicissun
668 2156 842 2183 conﬁrmant.
857 2157 902 2184 Sic
916 2158 982 2185 euiu‘

1043 2168 1109 2190 πους
1127 2159 1277 2193 ποιήσειαν,
1300 2156 1441 2191 προσθήκη
1461 2154 1508 2181 τοῦ
1523 2154 1624 2184 πάθους
1640 2152 1770 2187 ἀλλήλοις
1790 2150 1830 2184 γί-

202 2201 272 2227 alter
288 2201 402 2228 alterius
419 2202 506 2228 utitur
529 2202 659 2230 membris
674 2210 723 2236 pro
744 2203 778 2230 iis
796 2210 855 2238 qum
871 2205 922 2231 sibi
940 2205 988 2231 de-

203 2250 278 2277 sunt,
295 2251 335 2279 ut,
356 2248 400 2281 qui
421 2255 468 2282 per
491 2255 520 2275 se
533 2249 632 2284 singuli
657 2253 721 2276 sunt
738 2250 877 2282 imbecilli,
895 2255 989 2278 muttta

202 2293 249 2319 illa
264 2293 424 2320 accessione
438 2293 595 2321 iniciantur.
611 2295 704 2330 itaque
719 2297 745 2323 in
762 2296 902 2323 hominum
919 2305 988 2324 con-

202 2343 327 2373 spectum
345 2340 484 2374 sigillatim
501 2349 555 2368 non
579 2342 702 2373 veniunt,
722 2342 769 2369 Sed
788 2342 866 2371 (adeo
881 2348 989 2377 egestas

203 2385 284 2412 etiam
300 2385 332 2412 ad
357 2385 507 2420 parandum
526 2387 626 2414 victum
648 2388 806 2421 ingeniosos
824 2392 851 2414 et
872 2388 988 2415 solertcs

203 2430 281 2466 facit)
304 2431 424 2458 universi
450 2437 530 2467 atque
555 2433 628 2460 inter
643 2441 674 2460 se
688 2433 845 2468 congregati
866 2434 988 2468 conspici

203 2475 308 2502 volunt.
327 2476 390 2503 lude
413 2477 449 2509 lit,
472 2482 511 2509 ul,
525 2485 586 2504 cum
615 2478 715 2512 singuli
734 2477 904 2505 miserabiles
921 2469 987 2508 sint,

1043 2212 1143 2235 νονται,
1158 2203 1204 2229 τὸν
1219 2202 1334 2237 πονηρὸν
1351 2201 1390 2236 τῷ
1401 2200 1482 2234 κοινῷ
1494 2199 1714 2233 συνεισφέροντες
1726 2196 1828 2232 ἔρανον,

1042 2250 1120 2280 ἄλλος
1137 2249 1169 2275 δι’
1185 2248 1266 2282 ἄλλης
1282 2248 1351 2278 τινος
1372 2247 1513 2281 συμφορᾶς
1537 2245 1610 2271 ἔλεον
1627 2244 1733 2274 ἑαυτοῖς
1748 2241 1830 2276 ἐρανί-

1043 2294 1145 2327 ζοντες.
1177 2295 1206 2320 '0
1220 2294 1267 2329 μὲν
1284 2295 1377 2328 χεῖρας
1393 2290 1656 2327 ἠκρωτηριασμένας
1669 2289 1828 2323 προτείνων,

1043 2341 1121 2372 ἄλλος
1133 2340 1252 2374 γαστέρα
1261 2338 1443 2374 προδεικνύων
1453 2337 1681 2371 φλεγμαίνουσαν,
1691 2334 1739 2360 καὶ
1750 2332 1829 2368 πρόσ-

1042 2394 1116 2412 ωπον
1127 2384 1310 2420 ἡχρειωμένον
1325 2384 1425 2418 ἕτερος,
1447 2383 1493 2409 καὶ
1512 2382 1591 2412 ἄλλος
1605 2380 1635 2407 τὺ
1652 2379 1748 2410 σκέλος
1764 2379 1827 2404 ἁπο-

1044 2431 1194 2466 σηπόμενον
1207 2439 1214 2445 ·
1233 2431 1247 2456 ὁ
1269 2429 1296 2456 δὲ
1311 2429 1324 2455 ὃ
1338 2429 1370 2455 ἂν
1382 2429 1458 2464 τύχοι
1471 2427 1518 2454 τοῦ
1533 2427 1656 2462 σώματος
1671 2423 1828 2458 ἀπογυμνώ-

1043 2486 1102 2509 σας,
1120 2478 1149 2502 ἑν
1163 2476 1260 2510 ἐκείνῳ
1279 2475 1310 2502 τὺ
1324 2476 1408 2507 πάθος
1425 2475 1533 2507 ἔδειξεν.

203 2519 360 2548 hominibus
383 2522 420 2548 ita
441 2522 581 2555 conjuncti
598 2523 684 2557 magis
708 2522 855 2549 miserandi
893 2522 1130 2557 coadjuvandique
1164 2521 1317 2548 videantur.
1353 2520 1462 2554 Aliquid
1490 2520 1562 2546 enim
1579 2517 1697 2552 quisque
1712 2516 1740 2542 in
1757 2522 1827 2542 com-

203 2575 284 2595 mune
307 2567 425 2599 confert,
447 2572 473 2595 et
491 2569 561 2596 alius
595 2577 628 2595 ex
653 2569 704 2595 alia
737 2569 891 2595 calamitate
912 2569 1128 2595 misericordiam
1154 2572 1306 2602 comparat.
1333 2567 1383 2594 llic
1420 2565 1563 2601 praetendit
1587 2564 1731 2591 mutilatas
1771 2570 1824 2588 ma-

204 2622 278 2648 nus;
306 2614 350 2641 ille
365 2615 500 2641 tumidam
529 2619 651 2641 ventrem
679 2614 810 2646 ostendit,
826 2615 896 2641 alius
918 2614 1076 2641 dilaniatam
1093 2613 1207 2640 faciem:
1225 2621 1289 2641 crus
1319 2618 1479 2648 putresccns
1510 2611 1590 2637 alius.
1623 2609 1682 2641 Qua
1712 2608 1826 2642 denique

205 2659 319 2694 quisque
333 2663 447 2692 mgrotat
469 2660 592 2692 corporis
615 2663 701 2692 parte,
723 2666 782 2686 eam
800 2658 930 2689 denudat.
953 2663 980 2685 et
1000 2666 1077 2686 suam
1096 2658 1237 2685 miseriam
1253 2662 1384 2685 ostentat.

240 2705 309 2738 Quid
326 2713 391 2740 ergo
410 2704 563 2732 iaciendum
585 2708 627 2730 cst
643 2704 732 2735 nobis,
749 2709 777 2730 ut
796 2705 865 2731 nihil
887 2705 913 2731 in
937 2712 986 2731 na-

204 2756 272 2779 tura:
291 2752 375 2786 legem
393 2759 519 2786 peccasse
539 2750 697 2777 videamur?
712 2751 814 2777 satisne
830 2751 876 2781 sit,
893 2758 988 2777 eoruut

205 2795 362 2823 atl'cctioncs
376 2795 533 2830 deplorare,
547 2801 572 2822 ct
584 2795 706 2823 oratione
720 2796 843 2823 tuurbum
860 2796 989 2830 c_xtotture

1075 2703 1107 2730 Τί
1116 2701 1160 2729 οὖν
1172 2712 1179 2736 ;
1199 2701 1252 2738 ἆρα
1265 2702 1375 2738 ἐξαρκεῖ
1386 2701 1510 2728 τοσοῦτον
1523 2701 1588 2736 πρὸς
1599 2700 1628 2726 τὸ
1639 2699 1721 2734 μηδὲν
1736 2699 1774 2730 εἰς
1785 2697 1825 2723 τὸν

1041 2750 1091 2784 τῆς
1102 2749 1293 2784 φύσεωςνόμον
1304 2750 1475 2783 ἐξαμαρτεῖν,
1484 2747 1550 2774 αὐτὸ
1558 2747 1633 2773 τοῦτο
1643 2747 1672 2772 τὸ
1683 2745 1825 2780 τραγῳδεῖν

1043 2796 1075 2822 τὰ
1089 2795 1159 2830 παθη
1170 2795 1216 2829 τῆς
1229 2795 1343 2828 νεύσεως,
1354 2794 1399 2820 καὶ
1410 2794 1480 2829 λόγῳ
1490 2793 1675 2824 διασκευάζειν
1688 2791 1823 2827 τὴννόσον,
