1912 3080
85 140 129 166 at
878 129 976 167 A‘cs
995 138 1157 167 Att-mnis.

87 194 134 220 χιχ-ι
147 194 214 228 πρὸς
222 194 272 228 τὴν
285 194 378 230 μνήμη
398 212 403 218 .
413 218 494 244 ,εσθαι
503 231 509 237 ⁸
523 226 534 234 ν

87 241 168 275 ἔργου
184 240 265 274 χρεία
283 240 329 266 τοῦ
351 225 509 266 me???”
523 226 560 278 in
570 238 641 267 τινος
657 240 722 275 ἡμῖν
738 229 879 273 ν-ιυυτους

87 286 117 311 τὸ
129 284 272 319 συμπαθὲς
285 285 332 310 καὶ
348 285 506 319 φιλάλληλον
517 293 524 317 ;
537 281 704 321 Ὃῖηῆἷῑηη
714 286 742 312 αἱ
752 293 880 320 σκιογρα-

89 330 147 365 φίαι
161 331 231 364 πρὸς
245 330 279 357 τὰ
289 331 372 362 ὅντως
387 331 546 366 πράγματα.
561 332 639 358 τοῦτο
651 333 675 358 οἱ
691 332 764 366 λόγοι
778 331 880 363 διεζευ-

88 376 184 410 γμένοι
206 376 261 402 τῶν
292 377 389 412 ἔργων.
417 379 454 404 υὺ
476 379 529 413 γὰρ
546 380 575 405 ὲν
600 378 638 414 τῷ
664 379 753 413 λέγειν
767 379 850 413 φησὶν
865 379 881 405 ό

89 421 193 454 Κύριος
216 421 287 448 εἶναι
304 422 353 457 τὴν
369 423 506 458 σωτηρίαν
519 431 526 439 ⁶
543 424 601 450 ἀλλ’
613 425 642 450 ὲν
667 425 704 460 τῷ
734 426 821 451 ποιεῖν
847 424 880 450 τὰ

89 465 158 500 ἔργα
173 468 225 500 τῆς
243 466 389 502 σωτηρίας.
404 467 508 493 οὐκοῦν
529 468 703 504 ἀντιληπτέον
715 470 780 504 ἡμῖν
791 471 882 501 αὐτοῖς

89 512 138 546 τῆς
163 512 235 547 ὑπὲρ
249 512 339 538 αὐτῶν
362 513 481 548 ἐντολῆς,
506 514 551 548 Μὴ
566 516 619 549 γὰρ
632 515 663 550 δὴ
687 515 764 541 τοῦτο
780 516 882 549 λεγέτω

90 566 141 589 τις,
159 558 198 588 ὡς
220 558 311 584 ἱκανόν
327 559 385 585 ἐστι
403 560 497 595 πόρρω
513 569 563 586 που
583 562 632 595 τῆς
648 560 783 596 ἡμετέρας
799 561 881 595 ζωῆς,

91 603 137 628 ἐπί
150 611 223 634 τινος
235 604 362 638 ἐσχατιᾶς
377 604 558 631 ἀποικισθεῖσι
571 606 619 639 τὴν
629 605 731 640 τροφὴν
746 607 882 641 χορηγεῖν.

97 649 130 675 Ἦ
146 649 202 684 γὰρ
215 650 326 685 τοιαύτη
344 651 453 686 γνώμη¹
469 652 528 686 οὐχὶ
544 652 618 677 ἐλέου
631 652 703 683 τινὸς
719 652 764 678 καὶ
780 660 885 686 συμπα-

93 695 167 726 θείας
178 696 316 727 ἀπόδειξιν
328 695 393 731 ἔχει’
411 696 478 723 ἀλλά
488 705 528 728 τις
544 697 723 731 εὐπρόσωπός
737 698 811 723 ἐστιν
826 697 885 722 ὲπί-

93 749 166 770 νοια,
189 741 238 766 τοῦ
262 742 399 773 παντελῶς
421 742 483 773 τοὺς
506 742 663 778 ἀνθρώπους
677 744 726 778 της
750 743 886 778 ἡμετέρας

93 786 266 821 ἐξορισθῆναι
289 788 372 822 ζωῆς.
392 786 458 813 Εἶτα
477 788 527 814 οὐχ
548 788 731 823 αἰσχυνόμεθα
749 789 793 815 τὸν
808 788 886 822 ἡμῶν

93 832 182 858 αὐτῶν
202 832 269 867 βίον,
285 834 308 858 εί
320 834 437 869 χοίρους,
453 834 500 860 καὶ
515 833 596 865 κύνας
608 835 778 869 ὁμωροφίους
793 833 885 861 ποιού-

1670 139 1723 166 6κί

606 178 650 207 DE
667 183 885 231 PAUPERIBK“
895 203 916 223 Α
931 198 1011 228 atque
1024 196 1082 229 ipsa
1092 195 1353 222 commemoratione
1364 195 1530 222 commoveri
1539 194 1551 221 ?
1560 202 1595 222 an
1606 201 1721 222 perc-sae

930 244 983 271 cst,
1004 245 1033 267 ut
1052 240 1121 267 facto
1141 241 1224 268 etiam
1244 240 1336 275 aliquo
1356 241 1571 268 misericordiam
1595 244 1623 267 et
1639 241 1723 268 bette-

931 286 1076 313 volentiam
1099 294 1162 321 erga
1181 286 1242 313 illos
1265 291 1387 313 nostram
1406 286 1597 314 declaramus?
1612 286 1660 313 Sic
1679 290 1722 314 est.

932 332 1065 367 profecto.
1080 331 1147 358 Nam
1164 340 1224 367 quae
1245 333 1384 367 proportio
1399 337 1441 360 est
1456 333 1527 360 inter
1540 340 1585 360 res
1604 339 1683 360 veras
1695 339 1723 359 et

932 377 1107 404 adutubratas
1125 378 1263 412 picturas,
1284 378 1406 405 eamdem
1431 378 1554 405 obtinent
1580 378 1679 409 verba,
1696 378 1720 405 si

932 423 965 449 ab
991 422 1119 456 operibus
1144 421 1332 457 scjungantur.
1356 422 1414 449 Non
1434 423 1506 449 enim
1523 423 1551 448 in
1576 422 1666 450 verbis
1681 431 1723 450 sa-

933 467 1015 494 lutent
1043 467 1194 494 consistere
1221 468 1289 494 dicit
1323 467 1464 499 Dominus,
1493 467 1541 494 sed
1572 468 1598 493 in
1627 467 1724 495 salutis

932 514 1062 548 operibus
1086 513 1216 540 faciendis
1245 515 1277 539 ⁸ι’.
1311 513 1514 545 Quamobrem.
1542 513 1615 547 quod
1644 512 1723 539 nobis

934 561 1054 595 ipsorum
1072 567 1155 587 causa
1170 559 1327 586 mandatum
1341 564 1393 591 est,
1408 559 1434 586 id
1449 563 1558 594 oportet
1570 563 1599 585 ut
1613 559 1724 592 ipsimet

934 613 1128 640 exsequamur.
1147 604 1239 639 Neque
1263 605 1336 632 enim
1363 605 1429 632 illud
1453 605 1567 631 omnino
1587 605 1725 639 quispiam

934 653 1023 683 dicat,
1045 659 1106 679 esse
1127 652 1214 681 satis.
1230 652 1252 678 si
1274 650 1367 684 procul
1387 657 1400 676 ο
1425 650 1503 677 nobis
1527 650 1554 676 in
1577 653 1725 676 extremam

936 698 1054 732 aliquam
1071 701 1172 724 nostrae
1185 697 1304 731 regionis
1318 700 1421 731 partem
1433 715 1440 727 ,
1459 700 1588 730 tauquam
1610 695 1636 721 in
1650 695 1726 721 colo-

937 743 1009 769 niam
1026 742 1150 769 deductis
1168 742 1295 769 alimenta
1313 740 1530 776 suppeditentur.
1553 739 1590 766 Ea
1610 746 1728 772 namque

938 788 1070 815 sententia
1088 788 1189 814 nullam
1203 795 1273 814 verae
1291 787 1441 814 clementqu
1459 792 1485 814 ct
1508 786 1728 813 commiseratio-

940 835 983 861 nis
999 833 1225 869 significationem
1242 833 1338 864 habet,
1355 833 1403 860 sed
1419 832 1470 860 sub
1485 840 1516 859 ea
1531 830 1729 858 misericordiae

96 879 183 913 μεθα;
205 878 272 905 Οὐδὲ
286 879 336 913 τῆς
352 880 444 914 κοίτης
466 879 562 906 ἑαυτοῦ
586 880 715 912 πολλάκις
732 880 859 914 ἀπείργει
876 880 889 906 ὁ

943 879 1031 913 specie
1047 879 1112 906 illud
1130 878 1276 905 consilium
1295 879 1369 909 latet,
1391 883 1419 905 ut
1437 877 1561 904 homines
1577 884 1593 904 e
1611 877 1665 903 vita
1682 884 1729 903 no«

94 924 249 959 κυνηγέτης
272 925 317 950 τὸν
332 925 464 952 σκύλακα,
481 923 542 951 Οἵδε
562 926 609 952 καὶ
626 925 757 961 φιλήματι
772 926 816 951 τὸν
838 925 885 960 μό-

95 978 159 1004 σχον
173 970 187 995 ό
207 970 328 1005 γεωργὸς
343 970 532 1003 δεξιώσασθαι.
548 971 603 997 Καὶ
619 971 696 997 οὔπω
711 972 790 998 τοῦτο
808 971 886 997 πολύ⁶

95 1015 163 1041 ἀλλὰ
180 1017 241 1046 ταῖς
257 1015 335 1046 ἰδίαις
347 1016 424 1051 χερπὶ
447 1016 536 1042 νίπτει
551 1017 614 1048 τοὺς
636 1016 719 1048 πόδας
735 1016 782 1043 τοῦ
801 1016 861 1042 ὖνου
875 1017 888 1042 ὁ

95 1061 246 1096 ὀδοιπόρος,
259 1062 306 1088 καὶ
318 1062 408 1096 βάλλει
424 1062 472 1097 τὴν
488 1063 576 1097 χεῖρα.
591 1063 638 1088 καὶ
650 1062 827 1097 ὑποκαθαίρει
839 1063 889 1097 τὴν

96 1107 209 1142 κόπρον,
227 1108 275 1133 καὶ
298 1108 347 1143 τῆς
369 1107 449 1142 εὐνῆς
466 1108 644 1143 ἐπιμελεῖται·
666 1109 711 1134 τὸν
728 1108 755 1135 δὲ
771 1109 889 1144 ὁμογενῆ

97 1154 143 1179 καὶ
163 1153 316 1187 ὁμόφυλον,
345 1154 504 1189 ἀτιμότερον
526 1155 572 1181 καὶ
595 1154 648 1181 τῶν
671 1154 775 1189 ἀλόγων
800 1155 890 1181 αὐτῶν

97 1199 285 1234 ποιησόμεθα;
301 1200 345 1235 Μὴ
365 1199 458 1232 ταῦτα,
478 1200 526 1235 μὴ,
542 1200 668 1234 ἀδελφοί·
685 1200 723 1235 μὴ
739 1201 889 1236 κυρωθήτω

97 1244 167 1279 αὕτη
182 1245 252 1271 κατὰ
264 1245 317 1271 τῶν
331 1245 480 1280 ἀνθρώπων
492 1247 508 1281 ἡ
518 1246 616 1280 ψῆφος.
632 1246 791 1281 Μνησθῆναι
807 1255 890 1281 προσ-

97 1292 170 1325 ήκει.
188 1291 260 1322 τινες
276 1290 351 1322 ὄντες
365 1291 428 1326 περ)⁹
445 1291 525 1318 τίνων
549 1291 748 1326 βουλευόμεθα·
766 1292 807 1318 ὅτι
824 1292 889 1328 περὶ

98 1337 261 1372 ἀνθρώπων,
277 1337 424 1372 ἄνθρωποι,
440 1338 514 1363 οὐδὲν
529 1338 629 1370 ἰδιάζον
644 1338 718 1374 παρὰ
734 1338 783 1374 τὴν
798 1338 891 1373 κοινὴν

98 1385 180 1417 φύσιν
196 1384 238 1418 ἐφ’
253 1384 354 1410 ἑαυτῶν
368 1384 484 1419 ἔχοντες.
502 1385 561 1411 Μία
575 1383 670 1411 πᾶσιν
680 1384 731 1411 ἐπὶ
748 1385 801 1411 τὸν
817 1385 891 1416 ,βίον

99 1433 118 1464 7}
132 1431 263 1463 εἴσοδος·
277 1428 317 1461 εἷς
329 1432 342 1456 ό
354 1431 402 1465 τῆς
417 1430 489 1465 ζωῆς
502 1430 587 1456 ἄπεισι
604 1430 713 1465 τρόπος,
730 1430 830 1466 βρῶσις
844 1431 891 1457 καὶ

99 1477 188 1508 πόσις·
202 1477 219 1510 ἡ
235 1476 282 1502 τοῦ
295 1476 345 1510 ζῇν
361 1475 485 1510 ἐνέργεια
497 1475 673 1510 ὁμοιότροπος
683 1482 690 1489 ·
704 1476 721 1510 ὴ
736 1475 890 1510 κατασκευὴ

98 1522 153 1548 τῶν
168 1522 302 1556 σωμάτων
320 1521 380 1556 μία,
398 1520 445 1548 καὶ
459 1522 474 1556 ή
491 1520 665 1556 καταστροφὴ
681 1520 728 1547 τοῦ
744 1521 802 1556 βίου
819 1521 891 1548 ἅπαν

99 1569 130 1594 τὸ
144 1568 271 1594 σύνθετον
282 1569 320 1599 είς
332 1568 453 1594 διάλυσιν
466 1567 585 1602 ἔρχεται.
599 1567 680 1594 Οὐδὲν
691 1568 745 1594 τῶν
759 1568 891 1594 συνεστώ-

98 1622 154 1640 των
180 1613 281 1647 παγίαν
296 1613 352 1648 ἔχει
376 1613 424 1648 τὴν
453 1612 593 1639 σύστασιψ
618 1613 793 1648 πομφόλυγος
815 1614 893 1648 δίκην

100 1660 143 1686 ἐπ’
167 1659 258 1693 ὀλίγον
275 1659 353 1695 ἡμῶν
369 1659 408 1695 τῷ
425 1659 559 1694 πνεύματι
578 1659 764 1694 περιτεθέντος
778 1659 825 1685 τοῦ
841 1659 893 1686 σώ-

102 1715 198 1742 ματος’
211 1704 270 1733 εἶτα
288 1707 457 1742 ἀπέσϐημεν.
475 1706 550 1732 οὐδὲν
576 1706 647 1740 ἴχνος
663 1705 709 1732 τοῦ
727 1705 893 1740 προσκαίρου

100 1751 198 1777 τούτου
216 1752 374 1786 φυσήματος
390 1750 582 1781 καταλιπόντες
596 1749 634 1784 τῷ
649 1749 708 1785 βίῳ.
728 1750 771 1776 Ἐν
785 1750 896 1785 στήλαις

101 1797 149 1823 καὶ
166 1796 251 1827 λίθοις
274 1796 319 1822 καὶ
340 1797 506 1832 ἐπιγραφαῖς
522 1796 555 1822 τὰ
579 1795 749 1831 μνημόσυνα·
771 1796 816 1822 καὶ
836 1796 896 1822 οὐδὲ

102 1842 190 1868 ταῦτα
205 1842 291 1868 εἰσαεὶ
312 1842 485 1878 διαρκοῦντα.
506 1842 599 1868 Ταῦτα
615 1842 705 1868 τοίνυν
721 1843 767 1869 ἐπὶ
783 1842 896 1869 σεαυτοῦ

102 1887 288 1922 λογιζόμενος,
303 1887 350 1921 Μὴ
364 1889 580 1922 ὑψηλοςσρόνει,
593 1887 682 1919 καθώς
695 1897 776 1924 φησιν
792 1889 806 1914 ὁ
822 1889 897 1915 ’Λπό-

104 1933 210 1964 στόλος,
223 1933 303 1960 ἀλλὰ
314 1933 408 1967 φοϐοῦ
418 1942 424 1947 ·
440 1933 535 1968 ἄδηλον
548 1934 571 1959 εἰ
588 1933 624 1969 μὴ
640 1934 728 1968 σαυτῷ
743 1934 898 1969 νομοθετεῖς

104 1979 154 2014 τὴν
169 1980 312 2014 ἀπήνειαν.
326 1978 448 2012 Φεύγεις,
466 1979 526 2005 εἰπέ
540 1988 595 2014 μοι,
610 1980 654 2006 τὸν
666 1980 896 2016 ἀρῤωστήσαντα;

105 2025 138 2051 Τί
149 2025 276 2059 ἐγκαλεῖν
288 2024 366 2059 ἔχων;
382 2026 441 2051 Ὅτι
451 2025 609 2060 διέφθαρται
621 2026 650 2051 τδ
661 2026 743 2061 ὑγρὸν
751 2027 780 2052 ὲν
791 2027 897 2061 ἐκείνῳ,

105 2071 153 2098 καί
166 2080 210 2102 τις
225 2070 411 2106 σηπεδονώδης
427 2072 512 2105 χυμὸς
523 2071 715 2107 ἐγκατεσπάρη
732 2071 771 2107 τῷ
789 2073 897 2107 αἵματι,

105 2117 156 2149 τῆς
177 2116 309 2152 μελαίνης
326 2116 406 2151 χολῆς
424 2116 462 2151 τῷ
474 2116 549 2152 ὑγρῷ
566 2117 795 2152 παρεγχεθείσης;
806 2117 898 2144 Ταῦτα

105 2166 163 2198 γὰρ
183 2163 255 2190 ἐστιν
270 2163 368 2198 ἰατρῶν
384 2163 505 2194 ἀκούειν,
521 2163 750 2197 φυσιολογούντων
765 2163 799 2190 τὰ
813 2163 896 2199 πάθη.

940 929 996 952 stra
1014 932 1128 959 prorsus
1142 925 1366 952 extermiuentur.
1384 923 1486 951 Deinde
1510 928 1611 951 nostrte
1625 930 1675 950 nos
1689 923 1729 950 vi-

940 969 1019 996 vendi
1031 969 1239 996 consuetudinis
1254 977 1308 996 non
1323 969 1424 1004 pudet?
1441 969 1487 1004 qui
1504 976 1585 1000 sues,
1601 973 1628 995 et
1648 975 1730 995 canes

940 1016 1150 1043 contubernales
1174 1015 1342 1045 habeamus,
1367 1015 1436 1042 adeo
1456 1019 1485 1042 ut
1503 1022 1536 1042 nc
1553 1022 1603 1041 suo
1620 1013 1730 1048 quidem

941 1061 1039 1088 lectulo
1055 1065 1168 1088 venator
1185 1063 1306 1087 catulum
1325 1063 1427 1092 arceat,
1441 1064 1469 1086 et
1481 1060 1598 1094 agricola
1614 1058 1731 1084 vitulum

941 1107 1115 1134 exosculetur
1126 1116 1133 1134 :
1146 1112 1172 1134 et
1185 1106 1302 1141 propriis
1319 1106 1446 1133 manibus
1461 1106 1549 1132 viator
1561 1105 1631 1131 asini
1647 1104 1731 1139 pedes

941 1154 1021 1185 lavet,
1042 1158 1069 1181 et
1085 1153 1215 1180 curandis
1229 1152 1387 1180 vulneribus
1404 1151 1525 1179 medicas
1542 1159 1639 1178 manus
1654 1149 1732 1177 adbi—

941 1198 1013 1230 beat,
1031 1202 1191 1232 stercusque
1208 1198 1326 1226 auferat.
1346 1200 1374 1224 et
1394 1197 1483 1224 cubile
1497 1197 1670 1227 substcrnat,
1685 1202 1733 1222 eos

942 1249 1048 1274 autem.
1069 1243 1115 1279 qui
1133 1243 1239 1278 generis
1260 1243 1464 1271 necessitudine
1485 1243 1565 1270 nobis
1588 1241 1731 1276 conjuncti

942 1297 1021 1322 sunt,
1049 1288 1116 1325 ipsis
1140 1291 1222 1317 etiam
1247 1290 1363 1317 rationis
1382 1290 1540 1324 expertibus
1568 1288 1733 1315 animalibus

942 1336 1159 1371 postponamus?
1187 1335 1225 1364 Ne
1246 1336 1311 1362 fiant
1336 1336 1413 1367 hzeo,
1441 1342 1545 1369 quaiso,
1567 1342 1600 1361 ne
1620 1334 1700 1365 fiant,
1717 1340 1735 1359 ο

943 1383 1052 1409 fratres.
1068 1382 1103 1408 Ea
1119 1382 1253 1409 sententia
1267 1382 1399 1408 adversus
1417 1381 1541 1407 homines
1557 1384 1615 1406 rata
1632 1387 1666 1406 ne
1680 1379 1730 1405 ha-

941 1428 1048 1455 beatur.
1066 1427 1161 1462 Operae
1174 1427 1291 1462 pretium
1307 1431 1350 1454 est
1364 1426 1536 1457 meminisse,
1552 1424 1598 1459 qui
1617 1431 1713 1451 sumus
1725 1443 1735 1456 ,

942 1475 976 1502 de
995 1474 1095 1509 quibus
1114 1474 1260 1501 consilium
1277 1473 1430 1508 capiamus.
1451 1471 1551 1506 Nempe
1568 1471 1602 1497 de
1614 1468 1735 1496 homini-

943 1520 995 1547 bus
1008 1519 1142 1549 homines,
1159 1520 1206 1554 qui
1220 1518 1287 1545 nihil
1302 1517 1455 1552 proprium,
1471 1519 1498 1543 et
1513 1523 1528 1541 a
1543 1520 1640 1541 natura
1657 1521 1736 1540 com-

944 1567 1019 1593 muni
1035 1566 1189 1600 sejunctum
1204 1564 1386 1599 possidemus.
1406 1561 1479 1589 Unus
1492 1560 1652 1588 omnibusin
1667 1559 1735 1586 hanc

945 1613 1025 1639 vitam
1048 1611 1181 1642 introitus,
1198 1610 1270 1638 idetn
1288 1609 1415 1636 omnibus
1438 1608 1499 1635 vita
1514 1607 1612 1634 modus
1625 1606 1735 1638 edendi,

945 1658 1072 1690 bibendi,
1095 1658 1203 1685 vivendi
1231 1656 1330 1685 similis
1356 1656 1442 1688 ratio,
1468 1655 1562 1682 eadem
1588 1661 1736 1688 corporum

946 1704 1126 1734 constructio.
1141 1704 1209 1730 idem
1220 1711 1233 1730 ε
1243 1703 1297 1730 vita
1311 1703 1398 1729 exitus
1410 1702 1444 1728 '°.
1456 1700 1553 1727 Omnia
1573 1700 1646 1727 enim
1662 1707 1738 1726 com-

947 1751 1035 1787 posita
1047 1751 1246 1782 dissolvuntur,
1266 1754 1293 1777 et
1310 1748 1343 1776 ad
1359 1748 1498 1776 interitum
1518 1747 1640 1774 veniunt.
1659 1745 1733 1773 Nihil

946 1805 1041 1826 eorum
1054 1804 1115 1832 qua}
1132 1797 1212 1823 mista
1228 1799 1411 1830 concretaque
1428 1798 1502 1825 sunt,
1521 1801 1628 1828 semper
1643 1791 1738 1820 eodem

947 1847 1021 1872 statu
1047 1846 1148 1870 manet.
1167 1841 1299 1877 Exiguum
1319 1841 1353 1868 ad
1372 1845 1481 1875 tempus
1496 1839 1632 1867 bullarmn
1650 1839 1739 1866 instar

949 1888 1054 1924 spiritui
1069 1892 1165 1915 nostro
1175 1887 1379 1922 circumjectum
1394 1890 1436 1913 est
1450 1892 1560 1919 corpus.
1574 1883 1634 1911 Mox
1647 1887 1738 1911 autem

948 1934 1158 1967 exstinguimur,
1176 1933 1252 1959 nullo
1276 1931 1357 1966 hujus
1378 1931 1493 1958 tumoris
1514 1931 1541 1957 in
1563 1930 1618 1956 vita
1641 1930 1742 1956 relicto

948 1980 1075 2014 vestigio,
1095 1979 1122 2006 in
1136 1978 1281 2009 columnis,
1296 1982 1322 2004 et
1335 1976 1482 2012 lapidibus,
1497 1982 1522 2003 et
1540 1969 1624 2003 littdis
1641 1983 1740 2003 monu—

949 2030 1057 2057 menta,
1076 2032 1107 2051 ac
1123 2032 1156 2052 ne
1180 2024 1223 2051 illa
1244 2023 1353 2058 quidem
1374 2023 1550 2057 sempiterna.
1576 2022 1639 2049 llarc
1657 2023 1743 2056 igitur

951 2077 1040 2099 tecum
1065 2071 1123 2106 ipse
1143 2074 1292 2105 reputans,
1314 2069 1378 2096 Noli
1398 2069 1481 2096 altum
1505 2076 1613 2102 sapere.
1630 2068 1741 2101 scripsit

950 2117 1106 2152 Apostolus,
1122 2116 1166 2143 sed
1185 2117 1246 2142 time
1257 2116 1289 2141 ".
1307 2114 1441 2141 Incertum
1451 2119 1508 2145 est,
1522 2122 1555 2141 an
1571 2115 1597 2141 in
1610 2119 1636 2142 te
1651 2114 1741 2149 ipsum

952 2168 1056 2191 statuas
1070 2163 1180 2191 smvitia‘,
1201 2163 1296 2196 legem.
1315 2161 1541 2194 Eurotantemnc
1574 2161 1662 2196 fugis?
1681 2159 1741 2192 Dic,

105 2209 139 2235 Τί
155 2206 204 2235 οὖν
228 2208 315 2234 ἀδικεῖ
335 2209 348 2234 ὁ
364 2208 515 2243 ἄνθρωπος,
533 2209 556 2234 εἰ
580 2208 679 2243 ρευστὴ
699 2208 778 2235 οὐσία
793 2206 861 2235 οὖσα
883 2210 890 2234 1'

952 2210 1060 2238 amabo.
1076 2207 1172 2242 ecquid
1188 2211 1350 2241 praetexens,
1368 2205 1394 2232 id
1419 2205 1505 2232 facis?
1517 2206 1556 2232 An
1574 2206 1638 2240 quia
1653 2205 1680 2231 in
1694 2205 1741 2231 illo

106 2255 188 2289 φύσις
202 2254 249 2280 καὶ
265 2253 388 2285 ἀστατος,
405 2255 450 2280 ἐπὶ
462 2254 493 2280 τὸ
506 2251 574 2285 εἶδος
587 2253 665 2281 τοῦτο
679 2254 729 2289 τῆς
743 2255 899 2289 ἀρρωστίας

107 2298 334 2335 παρωλίσθησεν;
351 2299 386 2325 Σὺ
401 2298 428 2324 δὲ
439 2298 489 2334 οὐχ
502 2299 567 2333 ὁρᾷς
581 2299 627 2324 καὶ
638 2299 683 2324 ἐπὶ
697 2299 750 2325 τῶν
765 2299 900 2332 ὑγιαινόν-

106 2354 161 2371 των
177 2345 323 2379 σωμάτιον,
341 2345 380 2371 ὅτι
394 2344 477 2371 τᾶλλα
493 2353 534 2375 τις
546 2343 682 2375 εὐπαθῶν,
699 2344 822 2379 φλυκτίδι
836 2345 901 2370 πολ-

106 2390 218 2426 λάκιςῆ
236 2390 387 2426 ἀνθραγίερ,
410 2390 427 2424 ἥ
447 2398 499 2415 τινι
512 2389 624 2424 τοιούτῳ
639 2389 789 2424 συνηνέχθη
807 2388 897 2422 πάθει,

108 2433 344 2472 ἔκθερμανθείσης
359 2435 429 2471 πέρα
442 2435 487 2462 τοῦ
504 2436 606 2466 δέοντος
623 2435 687 2470 περὶ
706 2436 736 2462 τὸ
754 2435 836 2470 μέρος
850 2436 900 2470 τῆς

110 2485 255 2519 ὑγρασίας,
279 2483 325 2510 καὶ
346 2483 389 2509 διὰ
403 2482 480 2509 τοῦτο
504 2483 658 2518 φλεγμονήν
676 2491 706 2509 τε
726 2484 774 2510 καὶ
791 2483 900 2519 ἔρευθος

110 2531 156 2557 καί
170 2539 232 2557 τινα
247 2529 373 2565 πυαλώδη
390 2529 538 2564 διαφθορὰν
554 2528 711 2564 παθούσης;
727 2528 759 2555 Τί
773 2527 836 2560 οὗν;
854 2529 900 2564 Μὴ

111 2575 284 2610 πολεμοῦμεν
297 2574 336 2610 τῷ
350 2575 616 2611 ἀρρωστήσαντιτῆς
633 2575 733 2610 σαρκδς
751 2575 829 2610 μέρει
842 2583 849 2607 ;
864 2575 901 2601 Τὸ

111 2620 233 2646 ἐναντίον
249 2620 298 2655 μὲν
312 2618 368 2651 οὖν,
381 2620 452 2647 ἇπαν
462 2620 492 2646 τὸ
503 2621 623 2655 ὑγιαῖνον
635 2621 680 2647 τοῦ
693 2621 820 2655 σώματος
833 2621 901 2656 πρὸς

111 2665 160 2699 τὴν
176 2665 223 2691 τοῦ
237 2665 409 2700 νενοσηκότος
423 2666 559 2701 τρέπομεν
578 2666 734 2701 θεραπείαν,
748 2666 853 2693 Οὐκοῦν
871 2667 902 2693 οὺ

112 2710 142 2736 τὸ
155 2710 242 2743 πάθος
258 2711 410 2746 βδελυκτόν,
424 2709 462 2738 Ἦ
477 2712 531 2747 γὰρ
545 2711 577 2738 ἂν
589 2713 636 2738 καὶ
651 2713 692 2746 ἐφ’
707 2713 722 2747 ἡ
728 2711 786 2746 μῶν
799 2712 902 2743 αὐτῶν,

113 2757 158 2784 τοῦ
171 2757 273 2793 μέρους
289 2757 460 2791 πονέσαντος,
476 2758 507 2784 τὸ
523 2759 642 2793 ὑγιαῖνον
661 2758 834 2793 ἠλλοτριοῦτο
851 2758 901 2793 τῆς

147 2847 169 2862 ⁶⁹
185 2845 315 2879 )lattlmt,
334 2845 384 2879 22;
407 2845 472 2873 Luc.
494 2854 530 2880 vt,
550 2846 594 2873 46.
616 2855 674 2882 sqq.

714 2849 736 2864 "
759 2847 823 2882 Sap.
845 2855 892 2875 vn.
916 2847 943 2876 ὅ.

951 2258 1098 2288 corruptus
1111 2257 1153 2281 est
1168 2253 1275 2285 humor,
1297 2256 1324 2279 et
1344 2250 1472 2287 putridns
1492 2250 1603 2285 quidam
1624 2257 1742 2283 succus,

951 2306 1008 2328 atra
1023 2300 1075 2328 bile
1087 2307 1150 2327 cum
1165 2300 1224 2332 ipso
1241 2298 1355 2325 huntore
1370 2296 1501 2330 confusa,
1525 2296 1686 2331 sanguinem
1700 2295 1742 2323 in-

952 2345 1034 2372 fecit?
1048 2344 1102 2372 Has
1118 2344 1191 2385 enim
1205 2350 1303 2370 causas
1315 2341 1425 2373 medici,
1443 2349 1505 2368 cum
1521 2341 1554 2368 de
1566 2341 1668 2367 morbis
1684 2340 1742 2367 dis-

952 2395 1056 2422 serunt,
1080 2389 1180 2416 afferre
1195 2389 1295 2416 solent.
1309 2387 1452 2420 Quodnam
1469 2387 1552 2422 igitur
1566 2390 1609 2414 est
1623 2385 1741 2413 hominis

952 2438 1076 2468 crimen,
1102 2436 1124 2462 si
1145 2439 1249 2462 natura:
1271 2434 1383 2461 materia
1401 2433 1508 2460 mobilis
1526 2438 1553 2459 et
1576 2432 1736 2458 inconstans

954 2483 987 2510 ad
1006 2481 1072 2509 illud
1092 2480 1262 2516 aegritudinis
1285 2487 1371 2515 genus
1395 2478 1529 2506 deﬂuxit?
1547 2477 1586 2504 Tu
1603 2484 1667 2504 vero
1687 2484 1740 2503 non

954 2529 1044 2557 cernis
1068 2529 1096 2555 in
1120 2527 1186 2561 ipsis
1208 2527 1290 2554 etiam
1312 2518 1460 2553 valentium
1486 2524 1648 2558 Corporibus
1671 2530 1742 2556 saepe

955 2574 1122 2608 contingere,
1135 2578 1163 2599 ut
1178 2572 1224 2607 qui
1237 2576 1334 2598 caetera
1350 2578 1434 2598 sanus
1446 2573 1498 2600 est,
1515 2568 1740 2598 inflammation,

955 2623 1001 2646 aut
1013 2618 1188 2649 carbunculo,
1199 2621 1246 2643 aut
1255 2616 1388 2650 ejusmodi
1400 2615 1490 2649 aliquo
1506 2614 1599 2640 morbo
1608 2612 1742 2646 corripia-

957 2670 1012 2698 tur,
1023 2664 1134 2691 incensa
1152 2670 1235 2695 supra
1253 2668 1335 2696 quam
1352 2667 1421 2694 opus
1437 2659 1481 2690 sit,
1496 2658 1569 2685 circa
1588 2655 1740 2683 membrum

957 2715 1005 2737 aut
1022 2713 1124 2744 partem
1147 2708 1264 2743 aliquam
1282 2706 1394 2734 materia
1416 2704 1524 2731 humida
1547 2707 1574 2730 et
1596 2702 1697 2730 idcirco
1713 2702 1741 2728 in

957 2760 1111 2787 tumorem,
1132 2757 1158 2781 et
1178 2753 1305 2780 ruborem
1318 2770 1325 2783 ,
1347 2755 1373 2778 ct
1394 2749 1528 2785 putridam
1553 2747 1656 2776 saniem
1673 2754 1742 2773 con-

993 2847 1015 2862 “
1037 2845 1116 2872 Rom.
1131 2851 1169 2876 xt,
1189 2843 1224 2870 ‘20
