1912 3080
173 126 221 152 ίῖἱ
769 127 798 154 5.
824 126 988 156 GREGOBII
1015 127 1161 155 NYSSENI

1749 130 1801 156 £88

172 189 233 209 meo
248 182 356 217 quidem
372 183 478 218 judicio
503 191 589 219 neque
604 184 712 212 atTectio
731 185 777 212 illa
797 193 831 212 ex
852 192 964 212 succes-

1022 183 1061 210 isv
1085 184 1283 219 συνισταμένης
1306 183 1355 219 τῆς
1375 183 1422 210 τοῦ
1445 183 1565 211 τοιούτου
1587 184 1690 215 πάθους
1717 193 1801 212 κατα-

173 229 250 256 sione
278 229 354 256 sanis
379 230 506 256 morbutn
534 231 709 266 dispertitur,
739 231 785 258 sed
810 230 964 257 communis

175 274 334 308 pestilentia?
359 275 461 302 saevitia
492 276 579 302 morbi
605 276 810 302 similitudinem
836 275 966 302 afferente

175 321 286 348 morbus
302 321 364 348 inde
385 327 531 356 generatus
553 326 606 352 est.
623 326 651 348 et
676 322 710 348 ab
733 321 787 348 illis
812 321 857 356 qui
884 321 963 355 primi

174 367 290 400 correpti
312 371 377 392 sunt
392 366 425 392 ad
444 367 565 400 reliquos
585 367 695 401 serpsit.
719 366 753 392 At
773 366 815 392 hic
835 365 964 400 quoniam

177 411 328 439 alfectionis
344 413 385 438 vis
407 413 481 439 intus
499 413 670 439 contrahitur
687 417 713 439 et
732 412 870 442 consistit,
890 416 917 438 et
933 419 964 438 ex

176 457 346 484 tahitieorum
373 459 517 485 bumorum
557 459 734 493 permistione
764 458 966 493 quodammodo

179 503 291 536 sanguis
311 505 505 538 corrumpitur,
520 505 546 530 in
569 508 718 539 aegrotante
739 504 825 530 solum
841 503 923 530 hmret
939 506 967 529 et

179 549 414 576 circumscribitur
429 550 544 577 affectio.
576 550 633 576 Hoc
647 554 736 577 autem
751 550 791 577 sic
807 549 917 578 habere.
933 549 965 575 il-

180 594 225 620 lud
244 594 375 621 indicium
401 596 446 621 sit.
478 595 529 628 Qui
555 596 651 623 morbo
675 595 810 627 laborant,
828 594 968 628 aliquidue

180 641 300 669 melioris
319 641 487 669 habitudiuis
504 642 649 677 acquirunt
673 650 704 669 ex
720 640 928 681 \consuetudinc
941 644 967 666 et

182 687 364 714 familiaritate
383 696 490 718 eormn,
509 690 554 722 qui
572 688 712 715 commoda
727 687 852 714 feruntur
867 686 969 712 valetu~

178 733 252 763 dine,
270 735 394 768 quatuvis
411 739 541 761 curentur
558 735 591 761 ab
602 735 642 761 eis
654 732 881 768 diligentissime?
896 731 967 759 Nihil

180 780 301 806 Omnino.
332 779 376 806 Sic
401 780 483 814 igitur
499 788 514 808 e
539 779 679 807 contrario
705 778 761 806 fieri
783 785 832 812 par
858 783 917 808 est,
939 781 968 803 ut

181 825 246 850 nihil
263 833 294 851 ex
310 826 506 860 :rgrotantibus
523 826 556 852 ad
574 825 787 868 recte-valentes
802 822 968 850 incommodi

1016 230 1128 265 σκευῆς,
1145 229 1190 264 καί
1204 239 1264 257 τινα
1284 230 1330 256 τοῦ
1345 230 1462 265 αἵματος
1483 231 1513 256 ἐκ
1536 230 1585 265 τῆς
1607 230 1804 267 παρεγχύσεως

1015 277 1068 303 τῶν
1085 276 1253 312 φθοροποιῶν
1274 276 1367 311 χυμῶν
1390 276 1536 310 διαφθορὰν
1559 276 1756 310 ὑπομένοντος,
1775 278 1804 304 ἐν

1015 322 1054 356 τῷ
1068 322 1197 357 κάμνοντι
1217 322 1249 347 τὸ
1264 322 1348 353 πάθος
1373 320 1574 357 περιορίζεταιι
1594 322 1642 348 καὶ
1663 323 1704 349 ὅτι
1721 323 1805 349 ταῦτα

1016 367 1102 398 οὕτως
1120 367 1187 402 ἔχει,
1203 367 1318 402 πάρεστι
1340 368 1387 393 καὶ
1405 368 1458 394 ἀπὺ
1473 368 1566 395 τούτου
1584 369 1690 404 μαθεῖν.
1703 370 1750 404 Μή
1764 377 1805 400 τις

1016 414 1070 440 ἀπὸ
1085 414 1139 440 τῶν
1159 413 1339 440 εὐεκτούντων
1357 414 1413 444 τοῖς
1429 414 1598 449 ἀρρωστοῦσι
1617 415 1745 441 κοινωνία
1757 415 1805 450 τῆς

1017 459 1170 494 κρείττονος
1189 458 1272 490 ἕξεως
1295 458 1414 492 γίνεται,
1436 459 1486 484 κᾶν
1511 460 1613 495 σφόδρα
1633 460 1758 496 λιπαρῶς
1773 463 1804 496 τῇ

1017 504 1149 539 θεραπείᾳ
1163 504 1369 539 προσμένωσιν;
1387 505 1444 531 Οὐκ
1460 505 1516 531 ἐστι
1538 506 1633 532 ταῦτα.
1652 506 1745 538 Οὕτως
1761 505 1806 533 οὖν

1017 549 1090 580 εἰκὸς
1105 549 1152 575 καὶ
1175 549 1204 574 τὸ
1229 549 1355 583 ἔμπαλιν,
1381 549 1448 584 μηδέ
1470 550 1524 576 ἀπὸ
1546 551 1600 578 τῶν
1623 551 1806 578 ἀσθενούντων

1018 594 1085 630 πρὸς
1111 595 1174 626 τοὺς
1198 595 1375 626 εὐεκτοῦντας
1400 596 1570 629 μεταϐαίνειν
1596 597 1626 624 τὸ
1652 598 1748 629 πάθος.
1777 598 1807 624 El

1017 640 1106 666 τοίνυν
1130 640 1160 666 ct
1185 640 1235 674 μὲν
1256 641 1349 676 κέρδος
1371 641 1419 675 τῆς
1443 641 1552 677 ἐντολῆς
1574 643 1711 675 τοσοῦτον,
1737 643 1808 670 ὥστε

1020 685 1158 720 βασιλείαν
1173 686 1294 721 οὐρανῶν
1308 687 1341 712 δι’
1356 688 1440 723 αὐτῆς
1456 689 1646 724 ἑτοιμάζεσθαι
1658 710 1666 721 ,
1682 689 1770 724 ζημία
1780 689 1808 716 δὲ

1020 730 1163 764 πρόσεστιν
1178 731 1268 763 αὐτοῖς
1279 732 1392 767 οὐδεμία
1408 733 1446 768 τῷ
1460 733 1565 769 σώματι
1577 735 1623 761 τοῦ
1639 734 1808 770 θεραπεύον-

1018 784 1063 807 τος
1073 783 1079 789 ”
1096 776 1122 802 τί
1134 775 1164 802 τὸ
1179 776 1283 803 κωλύον
1297 778 1355 804 ἐστὶ
1370 778 1472 810 λοιπὸν,
1488 780 1597 814 ἐνεργὸν
1611 778 1681 806 εἶναι
1697 779 1748 816 τὴν
1768 781 1809 806 ἐν-

1018 823 1098 857 τολὴν
1112 822 1162 857 τῆς
1175 823 1299 858 ἀγάπης;

181 871 330 904 perveniat.
354 870 454 904 Quare,
473 880 534 898 cum
555 875 630 897 tanta
645 870 766 898 mandati
793 870 898 896 utilitas
919 868 963 898 sit,
985 871 1016 894 ut
1033 868 1095 895 inde
1106 876 1219 903 regnum
1237 869 1369 896 caelorum
1385 875 1577 905 comparetur;
1595 870 1621 897 in
1652 878 1685 898 eo
1719 875 1809 898 autem

179 918 447 944 cverrendomdlum
467 918 629 952 periculum,
647 923 676 944 ut
689 924 790 951 corpus
807 915 963 954 detrimenti
983 915 1132 950 quidquam
1149 915 1276 950 accipiat,
1298 916 1363 950 quid
1395 917 1590 950 impedimento
1612 920 1665 949 est,
1701 917 1808 952 quomi-

181 970 233 989 nus
254 963 340 997 ipsum
357 963 497 991 rharitatis
518 964 675 991 mandatum
687 962 846 990 excolatur?

217 1009 338 1040 Difﬁcile,
355 1014 381 1037 et
399 1012 488 1045 magni
508 1011 609 1038 laboris
623 1015 675 1041 est,
697 1011 815 1044 inquies,
831 1013 860 1036 ut
878 1008 965 1035 homi-
982 1008 1004 1038 Β

181 1061 229 1081 nes
250 1054 283 1081 ad
307 1055 373 1085 haec,
399 1063 413 1081 a
434 1056 532 1090 quibus
561 1056 722 1083 naturaliter
745 1060 772 1082 et
792 1054 967 1081 instinctione

180 1101 297 1134 quadam
320 1102 404 1128 animi
425 1102 581 1132 abhorrent,
596 1100 782 1136 amplectenda
805 1099 968 1135 pertrahun—

180 1150 236 1172 tur.
255 1145 336 1177 Belle,
362 1147 494 1173 rationem
519 1147 645 1178 admitto.
663 1151 689 1174 et
716 1147 884 1174 laboriosum
906 1152 968 1173 esse

182 1193 324 1220 confiteor.
342 1192 442 1220 Verum
469 1193 598 1228 quidnam
613 1200 708 1219 eorum
725 1201 785 1228 qua:
813 1201 846 1220 ex
865 1193 967 1219 virtute

184 1238 372 1272 perﬁciuntur,
400 1247 414 1265 a
433 1239 524 1265 labore
543 1246 659 1265 vacntttu
677 1238 825 1265 ostendes?
847 1237 968 1264 Sudorcs

180 1288 209 1310 et
223 1284 330 1311 labores
347 1285 447 1311 multos
462 1292 552 1311 rerum
570 1285 721 1311 rtelestium
740 1284 796 1318 spei
819 1283 861 1310 lcx
877 1283 968 1310 divina

186 1330 347 1364 proposuit,
372 1330 541 1364 arduamque
564 1330 597 1356 ad
626 1330 708 1356 vitam
728 1330 873 1356 ducentem
897 1329 967 1355 viatn

187 1375 339 1402 hominibus
354 1375 563 1408 demonstravit,
577 1384 690 1410 eamque
703 1374 927 1402 laboriosissimis
936 1381 968 1401 ac

184 1418 349 1446 difﬁcillimis
370 1419 525 1454 quibusque
546 1420 718 1447 documentis
735 1423 900 1454 peranguste
926 1426 969 1446 re-

186 1463 301 1490 ferciens
315 1464 434 1498 undique
448 1465 606 1491 coarctavit.
618 1467 737 1498 Angusta
750 1464 818 1491 enim
828 1469 867 1491 est
880 1469 968 1498 porta,

184 1513 209 1536 et
223 1514 308 1541 arcta,
325 1509 413 1544 inquit
425 1530 432 1540 ,
447 1515 485 1537 est
503 1511 544 1537 uia
561 1519 618 1545 qua:
631 1511 702 1536 ducit
715 1510 749 1536 ad
761 1510 879 1537 vitam".
899 1509 969 1542 Quid

183 1556 266 1590 ergo?
282 1555 393 1582 Illamne
408 1557 505 1583 summi
522 1557 584 1583 boni
599 1565 674 1592 spem
697 1557 798 1583 idcirco
812 1560 970 1583 contemne-

186 1610 257 1633 mus,
273 1602 344 1636 qttod
360 1603 392 1628 ad
405 1602 470 1629 illud
487 1603 592 1637 ignavis
602 1609 629 1630 et
639 1603 772 1630 inertibus
784 1602 905 1637 aspirare
916 1609 970 1628 non

186 1648 265 1674 lieet?
281 1649 481 1682 lnterrogcmus
493 1649 690 1680 adolescentes,
705 1653 794 1675 utrum
807 1648 970 1675 laboriosius

185 1694 232 1724 sit,
254 1694 355 1725 sobrie,
376 1697 451 1720 caste
472 1700 499 1722 et
534 1696 705 1722 continenter
735 1695 835 1728 vivere,
862 1703 896 1722 an
926 1703 970 1722 re—

187 1738 277 1766 laxare
293 1738 412 1766 habenas
435 1739 588 1774 cupiditati,
603 1745 629 1766 et
647 1740 736 1767 solute
756 1748 787 1767 ac
805 1741 889 1767 libere
904 1748 971 1767 con-

185 1786 295 1820 quisitis
309 1785 429 1820 undique
449 1786 637 1820 voluptatibus
653 1785 724 1819 frui;
747 1790 775 1813 et
798 1787 855 1814 haec
871 1794 904 1813 an
925 1787 970 1813 illa

187 1831 293 1858 vivendi
314 1832 384 1858 ratio
406 1831 526 1863 suavior,
544 1836 571 1858 et
591 1832 678 1867 magis
697 1831 817 1866 optanda
839 1831 970 1859 videatur.

186 1875 257 1910 Quid
273 1876 324 1911 ipsi
343 1867 399 1903 sint
413 1877 572 1911 responsuri
594 1877 698 1903 nemini
720 1876 832 1903 dubium
847 1881 899 1904 est.
917 1877 972 1903 Nos

188 1929 252 1957 ergo
272 1927 414 1957 propterea
436 1922 481 1953 id.
505 1922 578 1957 quod
602 1922 754 1956 jucundum
780 1926 807 1948 et
832 1922 910 1949 facile
931 1927 972 1949 est

187 1968 418 2001 complectemur;
444 1968 543 1994 virtttte
556 1972 657 1998 autem,
675 1967 747 2002 quod
761 1967 877 1995 dillicilis
898 1968 973 1994 labo-

189 2013 316 2048 riosaque
333 2015 383 2044 sit,
408 2022 455 2048 per
476 2014 610 2048 ignaviam
629 2014 812 2041 deticiemus?
834 2013 917 2048 Atqui
936 2014 973 2041 illi

187 2060 233 2094 qui
254 2060 316 2086 vita:
331 2060 403 2094 leges
429 2060 500 2091 tulit,
523 2059 573 2086 ista
599 2066 653 2086 non
676 2060 835 2094 probantur.
857 2059 975 2088 Proinde

188 2107 312 2141 spaciusa
331 2107 375 2133 illa
391 2107 518 2133 deorsum
538 2107 571 2133 ad
587 2107 733 2141 perniciem
751 2107 880 2134 tendente
895 2108 973 2134 nobis

188 2152 331 2179 interdicta
350 2153 403 2178 via.
430 2151 541 2183 Intrate,
561 2153 659 2188 inquit,
674 2161 719 2187 per
734 2158 874 2188 angustam
891 2158 915 2180 et
929 2161 974 2179 ar-

186 2203 258 2224 r:am
272 2203 384 2231 partam.
409 2198 498 2225 Unum
520 2198 603 2234 igitur
624 2207 656 2226 cx
681 2199 734 2226 illis
754 2199 897 2231 institutis,
915 2207 975 2234 qua:

188 2249 263 2270 recte
278 2250 327 2277 per
349 2243 468 2270 laborem
481 2249 653 2276 exercentur,
667 2248 694 2270 et
712 2244 764 2271 hoc
775 2245 973 2277 existimemus,

187 2293 219 2316 ut
236 2289 366 2323 rejectqu
391 2289 475 2316 evita
497 2294 578 2324 atque
603 2290 740 2317 exoletum
764 2290 920 2317 mandatum
947 2291 973 2317 in

186 2333 413 2361 consuetudinem
435 2335 605 2366 inducamus,
628 2340 656 2362 ct
677 2335 828 2362 naturalem
846 2336 974 2363 offensio—

188 2387 262 2409 nem,
280 2383 362 2414 atque
378 2379 518 2407 fastidium
538 2381 632 2411 animi,
655 2388 709 2415 quo
726 2380 760 2407 ab
780 2381 827 2408 illo
840 2381 974 2408 abhorre-
991 2363 1012 2389 ο

189 2433 260 2457 mus,
276 2425 481 2453 exercitationis
498 2427 657 2454 assiduitate
678 2427 823 2458 leniamus,
839 2431 865 2454 et
879 2435 973 2455 emen-

189 2473 295 2498 demus.
314 2470 410 2505 Magna
423 2471 496 2498 enim
512 2476 554 2498 est
564 2472 771 2500 consuetudinis
787 2473 837 2504 vis,
851 2477 878 2500 ct
894 2475 975 2501 rebus

187 2517 269 2543 etiam
296 2516 495 2544 dillicilioribus
531 2517 599 2545 solet
629 2517 796 2552 voluptatem
828 2519 973 2553 quamdam

189 2571 343 2598 aspergere.
360 2563 541 2596 Quamobrem
557 2571 591 2590 ne
606 2564 668 2598 quis
684 2564 800 2599 amplius
816 2565 973 2592 mandatum

187 2617 250 2638 esse
265 2608 372 2636 dillicile
396 2616 428 2636 ac
456 2609 622 2636 laboriosum
648 2609 782 2644 objiciat;
812 2610 858 2637 sed
883 2611 974 2645 potius

188 2663 284 2682 omnes
302 2655 369 2682 utile
386 2663 418 2683 ac
438 2654 608 2682 fructuosum
630 2656 696 2683 illud
720 2660 794 2684 recte
808 2657 974 2684 obeuntibus

190 2701 335 2727 lztteantur.
360 2700 392 2727 Et
417 2701 546 2735 quoniam
573 2706 685 2735 apparet
707 2701 776 2728 lucri
801 2701 972 2736 magnitudo,

191 2747 268 2774 labor
280 2747 368 2773 omnis
383 2747 509 2774 alacriter
525 2747 699 2782 suscipiatur.
720 2747 786 2774 Nam
801 2747 873 2781 quod
897 2747 973 2782 prin-

226 2835 249 2851 "
274 2835 367 2863 Matth.
386 2845 432 2868 vit,
456 2836 487 2863 Η
511 2845 569 2870 sqq.

1061 1006 1130 1032 Ἀλλ’
1146 1005 1272 1033 ἐπίπονον
1288 1006 1376 1040 λέγεις
1395 1004 1463 1032 εἶναι
1479 1007 1509 1032 τι
1523 1006 1667 1041 βιάσασθαι
1687 1010 1811 1042 φυσικῶς

1017 1053 1052 1079 τὰ
1068 1052 1180 1079 τοιαῦτα
1196 1052 1400 1087 μυσαττομένην
1412 1052 1466 1078 τῶν
1483 1053 1586 1079 πολλῶν
1601 1054 1650 1088 τὴν
1665 1054 1739 1087 ἓξιν;
1758 1057 1812 1082 Κα-

1017 1099 1086 1130 λῶς·
1104 1098 1263 1133 συντίθεμαι
1285 1098 1324 1133 τῷ
1339 1098 1419 1134 λόγῳ,
1436 1099 1477 1125 ὅτι
1495 1099 1632 1126 ἐπίπονον.
1655 1100 1688 1126 Τί
1703 1101 1732 1126 δέ
1747 1101 1812 1128 ἄλλο

1017 1144 1072 1170 ⁴τῶν
1086 1144 1145 1170 κατ’
1162 1143 1262 1179 ἀρετὴν
1275 1143 1442 1179 τελουμένων
1453 1143 1552 1170 ἄπονον
1565 1143 1661 1176 δείξεις
1672 1153 1680 1176 ;
1697 1145 1812 1177 πολλοὶς

1020 1190 1133 1226 ἱδρῶτας
1143 1190 1187 1216 καὶ
1197 1189 1292 1221 πόνους
1309 1189 1364 1215 τῶν
1379 1189 1511 1224 οὐρανίων
1528 1190 1642 1216 ἐλπίδων
1660 1191 1812 1225 προσέταξε

1020 1236 1109 1271 νόμος,
1125 1235 1172 1261 καὶ
1187 1234 1371 1270 δυσπόρευτον
1391 1235 1439 1270 τὴν
1459 1235 1504 1261 ἐπὶ
1524 1235 1572 1270 τὴν
1590 1235 1662 1271 ζωὴν
1680 1235 1740 1262 ὁδὸν
1755 1237 1812 1267 τοῖς

1019 1281 1172 1317 ἀνθρώποις
1193 1280 1327 1313 ὑπέδειξε,
1349 1281 1404 1311 τοῖς
1421 1281 1558 1312 ἐπιπόνοις
1573 1281 1619 1307 καὶ
1631 1282 1812 1317 τραχυτέροις

1019 1327 1071 1354 τῶν
1079 1326 1300 1362 ἐπιτηδευμάτων
1308 1325 1494 1361 ἁπανταχόθεν
1503 1326 1704 1358 ἀποστενώσας.
1716 1329 1739 1354 Σ
1740 1327 1812 1360 teri]

1018 1373 1074 1407 γὰρ
1083 1372 1132 1399 καί
1144 1371 1332 1406 τεθλιμμένη,
1354 1371 1444 1405 φησὶν,
1456 1371 1475 1405 ἡ
1488 1371 1556 1404 ὁδὸς
1568 1373 1587 1406 ἠ
1597 1372 1759 1407 ἀπάγουσα
1768 1374 1814 1405 εἰς

1018 1419 1077 1452 τὴν
1099 1417 1185 1451 ἄδήν.
1209 1418 1241 1444 Τί
1262 1415 1323 1450 οὗνς
1339 1417 1389 1444 Διὰ
1410 1418 1487 1444 τοῦτο
1509 1419 1558 1454 τῆς
1577 1418 1683 1449 ἐλπίδος
1703 1418 1813 1453 ἐκείνης

1019 1464 1073 1491 τῶν
1094 1463 1205 1498 ἀγαθῶν
1227 1463 1419 1499 ἀμελήσωμεν,
1440 1463 1483 1491 δτι
1508 1465 1544 1500 μὴ
1573 1465 1642 1499 μετὰ
1670 1466 1815 1501 ῥᾳστώνης

1021 1510 1107 1543 ἔξεστι
1119 1510 1291 1545 κτήσασθαι;
1315 1509 1511 1544 Ἐρωτήσωμεν
1527 1510 1575 1545 τὴν
1597 1510 1721 1545 νεότητα,
1736 1511 1759 1537 εξ
1775 1511 1814 1546 μὴ

1020 1558 1146 1590 ἐπίπονος
1160 1558 1176 1593 ἠ
1198 1557 1357 1593 σωφροσύνη
1371 1557 1455 1588 δοκεῖ,
1472 1557 1488 1591 ἢ
1503 1556 1532 1582 τὸ
1545 1556 1657 1590 ἀναίδην
1676 1558 1736 1587 ταῖς
1750 1556 1814 1582 ἐπι-

1021 1603 1131 1638 θυμίαις
1145 1603 1305 1638 κεχρῆσθαι,
1317 1602 1366 1637 τῆς
1377 1601 1527 1637 ἐγκρατοῦς
1539 1600 1678 1635 διαγωγῆς
1691 1601 1728 1635 μὴ
1743 1599 1814 1626 πολὺ

1021 1648 1216 1683 ποθεινότερον.
1239 1645 1302 1682 Ἆρ’
1319 1645 1365 1674 οὖν
1383 1647 1428 1673 διὰ
1444 1646 1522 1672 τοῦτο
1537 1646 1568 1671 τὸ
1593 1645 1641 1680 μὲν
1656 1645 1705 1680 ἡδύ
1720 1653 1748 1671 τε
1766 1645 1815 1671 καὶ

1022 1695 1134 1725 εὐπετὲς
1149 1693 1332 1728 ἀνοεξόμεοα,
1347 1693 1415 1728 πρὸς
1432 1692 1460 1719 δὲ
1483 1692 1513 1718 τὸ
1536 1692 1622 1727 τραχῦ
1645 1691 1694 1726 τῆς
1712 1691 1814 1725 ἀρετῆς

1022 1741 1230 1775 ἁποκνήσομεν;
1248 1740 1284 1766 Οὐ
1297 1739 1382 1766 ταῦτα
1388 1739 1462 1766 δοκεῖ
1471 1738 1510 1773 τῷ
1521 1738 1570 1772 τῆς
1584 1737 1656 1772 ζωῆς
1667 1736 1813 1772 νομοθέτῃ,

1021 1786 1060 1821 τῷ
1075 1787 1125 1822 τὴν
1140 1786 1269 1813 πλατεῖαν
1284 1786 1331 1812 καὶ
1347 1785 1492 1820 κατωφερῆ
1515 1785 1561 1810 καὶ
1579 1783 1735 1818 εὐρύχωρον
1754 1782 1816 1808 ὁδὸν

1023 1833 1092 1859 κατὰ.
1110 1833 1155 1859 τὸν
1173 1832 1228 1867 βίον
1242 1832 1402 1859 κωλύσαντι.
1419 1831 1577 1858 Είσέλθετε
1589 1829 1652 1864 γὰρ,
1670 1829 1746 1863 φησὶ,
1765 1828 1815 1853 διὰ

1023 1880 1078 1914 τῆς
1090 1879 1201 1913 στενῆς
1218 1879 1265 1906 καὶ
1286 1877 1491 1912 τεθλιμμένης.
1511 1875 1615 1902 Οὐκοῦν
1631 1874 1679 1901 καὶ
1695 1872 1816 1900 ἐνταῦθα

1023 1927 1052 1953 ἒν
1065 1926 1120 1953 τῶν
1136 1926 1180 1952 διὰ
1199 1926 1279 1952 πόνου
1299 1923 1523 1959 κατορθουμένων
1536 1921 1584 1948 καὶ
1599 1920 1679 1946 τοῦτο
1696 1919 1816 1954 νομίσωα

1025 1982 1085 2008 μεν,
1110 1972 1140 1999 τὸ
1161 1972 1276 2005 ἀγαγεῖν
1301 1971 1341 2002 είς
1363 1969 1507 2004 συνήθειαν
1527 1965 1748 2000 ἁποξενουμένην
1767 1962 1814 1990 τυῦ

1025 2019 1083 2054 βίου
1098 2018 1146 2053 τὴν
1161 2016 1280 2052 ἐντολὴν,
1303 2016 1350 2042 καὶ
1363 2015 1412 2050 τὴν
1429 2014 1547 2049 φυσικὴν
1566 2013 1619 2038 τῶν
1636 2011 1815 2046 ὑγιαινόντων

1024 2062 1197 2098 ἀποστροφὴν
1210 2063 1243 2097 τῇ
1259 2062 1376 2096 ἐπιμονῇ
1399 2059 1445 2086 τοῦ
1460 2059 1621 2095 πράγματος
1635 2055 1814 2091 Θεραπεύσω-

1027 2117 1086 2144 μεν.
1103 2108 1181 2143 Δεινὴ
1197 2108 1252 2142 γάρ
1269 2108 1342 2133 ἐστιν
1364 2107 1381 2140 ἡ
1398 2105 1526 2140 συνήθεια
1542 2103 1588 2129 καὶ
1603 2103 1659 2133 τοῖς
1677 2100 1814 2127 δυσκολω-

1024 2155 1113 2190 τέροις
1127 2151 1196 2179 εἶναι
1217 2151 1339 2179 δοκοῦσιν
1352 2150 1448 2185 ἡδονήν
1470 2157 1531 2175 τινα
1553 2147 1597 2174 διὰ
1609 2148 1659 2182 τῆς
1680 2146 1814 2180 ἐπιμονῆς

1026 2198 1233 2234 ἐνεργάσασθαι.
1251 2196 1296 2231 Μὴ
1316 2196 1404 2222 τοίνυν
1427 2194 1530 2228 λεγέτω
1546 2201 1597 2224 τις,
1617 2191 1655 2222 ὡς
1672 2190 1812 2219 ἐπίπονον,

1026 2245 1082 2271 ἀλλ’
1099 2245 1139 2270 ὅτι
1160 2242 1297 2277 ἐπωφελές
1313 2242 1367 2272 τοῖς
1389 2239 1510 2275 μετιοῦσι
1533 2239 1563 2266 τὸ
1583 2236 1812 2272 κατορθούμενον.

1026 2289 1081 2316 Καὶ
1100 2288 1192 2323 ἐπειδὴ
1210 2287 1279 2322 μέγα
1300 2286 1330 2312 τὸ
1345 2285 1454 2320 κέρδος,
1475 2284 1640 2319 ὑπεροπτέω
1654 2282 1702 2308 τοῦ
1717 2282 1813 2310 πόνου.

1025 2335 1069 2361 διὰ
1099 2334 1130 2360 τὸ
1154 2333 1259 2367 κέρδος.
1284 2331 1347 2358 Ἡδὺ
1372 2330 1402 2357 δέ
1426 2324 1471 2364 ι’τῷ
1501 2329 1588 2365 χρόνῳ
1607 2328 1636 2354 τὸ
1663 2327 1732 2358 τέως
1754 2325 1813 2351 ἐπί-

1026 2389 1106 2407 πονον
1124 2379 1168 2405 διὰ
1184 2378 1232 2413 τῆς
1257 2375 1399 2412 συνηθείας
1418 2376 1573 2410 γενήσεται.
1598 2374 1628 2400 Et
1653 2373 1682 2399 δὲ
1707 2372 1748 2398 δεῖ
1769 2371 1813 2397 καὶ

1026 2426 1104 2452 τοῦτο
1120 2424 1277 2460 προσθεῖναι
1289 2424 1345 2454 τοῖς
1358 2421 1522 2457 εἰρημένοις,
1535 2421 1575 2446 ὅτι
1590 2420 1638 2446 καὶ
1653 2420 1719 2453 παρ’
1735 2417 1813 2444 αὑτὸν

1025 2472 1119 2498 τοῦτον
1142 2471 1187 2497 τὸν
1213 2470 1267 2505 βίον
1284 2469 1426 2503 ἐπωφελής
1451 2468 1508 2493 ἐστι
1531 2467 1587 2497 τοῖς
1612 2463 1810 2498 ὑγιαίνουσινή

1027 2519 1095 2553 apt);
1119 2515 1284 2551 ἀτυχοῦντας
1307 2514 1481 2549 συμπάθεια·
1499 2512 1581 2542 καλὸς
1597 2511 1652 2545 γάρ
1674 2511 1735 2536 ἐστι
1758 2509 1811 2538 τοῖς

1026 2565 1088 2591 νοῦν
1108 2563 1213 2599 ἔχουσιν
1233 2562 1328 2597 ἔρανος
1343 2561 1432 2590 ἐλέου,
1447 2560 1476 2585 ἐν
1497 2560 1556 2587 ταῖς
1573 2557 1675 2592 ἑτέρων
1692 2556 1810 2589 δυσπρα-

1027 2611 1100 2644 γίαις
1120 2607 1361 2643 προαποκείμενος.
1384 2605 1492 2639 Ἐπειδὴ
1513 2604 1566 2638 γὰρ
1582 2603 1631 2638 μιᾷ
1649 2601 1728 2636 φύσει
1746 2600 1810 2625 διοι-

1028 2658 1114 2683 κεῖται
1131 2655 1184 2680 πᾶν
1196 2654 1227 2680 τὸ
1245 2651 1423 2687 ἀνθρώπινον,
1439 2651 1487 2677 καὶ
1502 2649 1576 2676 οὐδὲν
1591 2649 1649 2683 ἔχει
1661 2647 1750 2678 οὐδεὶς
1764 2644 1811 2678 τῆς

1027 2699 1167 2735 διηνεκοῦς
1184 2697 1335 2733 εὐπραγίας
1353 2695 1461 2731 βέῦαιόν
1478 2704 1504 2721 τι
1520 2693 1584 2730 παρ’
1600 2693 1690 2728 ἐαυτῷ
1711 2692 1742 2719 τὸ
1757 2690 1810 2716 ἐνέ-

1027 2754 1120 2780 χυρον·
1136 2744 1179 2771 διὰ
1202 2743 1300 2774 παντὸς
1315 2742 1446 2776 προσήκει
1461 2740 1614 2776 μεμνῆσθαι
1634 2738 1683 2765 τοῦ
1699 2738 1809 2771 εὐαγγε-
