1912 3080
76 49 120 76 189
682 47 821 75 CONTRA
840 48 1082 76 FORNlCAltiOS.

1655 50 1706 77 49ft

75 103 146 132 λικοῦ
161 103 405 140 παραγγέλματος,
423 104 469 130 τοῦ
491 103 728 139 συμϐουλεύοντος,
747 104 817 138 ἅπερ
831 104 864 130 ἂν

917 105 987 139 cipio
1007 107 1150 133 molestum
1165 110 1191 133 et
1205 106 1320 133 arduum
1339 106 1456 138 videtur,
1474 106 1500 133 id
1525 106 1583 141 ipsa
1603 106 1662 135 dies
1680 112 1706 134 et

76 150 193 184 θέλωμεν
204 149 249 176 ἵνα
270 149 382 176 ποιῶσιν
394 149 459 184 ἡμῖν
469 150 494 176 οἱ
505 149 654 184 ἅνθρωποι,
667 149 753 176 ταῦτα
766 151 862 177 ποιεῖν,

76 196 144 227 Ἕως
158 195 250 221 τοίνυν
267 194 401 226 εὐπλοεῐς,
417 193 509 228 ὄρεξον
525 196 602 229 χεῖρα
618 194 657 229 τῷ
670 194 862 229 ναυαγήσαντι.

77 241 157 276 Κοινὴ
183 241 200 276 ἡ
223 240 362 272 θάλασσα,
384 239 472 266 κοινὸν
494 240 523 266 τὸ
546 239 702 271 κλυδώνιον,
720 239 796 275 κοινὴ
811 239 865 265 τῶν

76 286 203 321 κυμάτων
219 286 235 321 ἡ
250 285 369 320 ταραχή·
388 285 485 319 ὕφαλοι
497 285 544 312 καὶ
562 285 689 317 σπιλάδες
709 286 755 312 καὶ
768 285 865 312 σκόπε-

75 330 129 363 λοι,
149 330 245 357 καὶτὰ
267 330 347 356 λοιπὰ
361 330 410 365 τῆς
422 329 468 356 τοῦ
490 330 548 365 βίου
569 331 700 365 ναυαγίας
717 330 787 358 κατὰ
807 329 865 357 ἴσον

76 377 189 412 παρέχει
203 378 260 408 τοῖς
273 377 491 411 ναυτιλλομένοις
506 377 550 403 τὸν
566 377 655 411 φόϐον.
673 377 745 408 Ἕως
757 377 865 412 ἀπαθὴς

75 419 108 454 εἷ,
124 422 176 453 ἕως
194 421 343 453 ἀκινδύνως
358 422 495 454 διαπλέεις
510 422 557 448 τοῦ
574 422 631 457 βίου
651 423 699 457 τὴν
715 422 864 454 θάλασσαν,

76 469 111 503 μὴ
122 468 264 504 παρέλθῃς
273 467 394 503 ἀνηλεῶς
409 468 454 494 τὸν
466 469 700 504 προσπταίσαντα.
714 468 762 500 Τίς
770 470 867 505 ἐγγυη-

74 515 121 549 τής
136 522 178 541 σοι
194 515 244 549 τῆς
261 514 401 549 διηνεκοῦς
417 514 562 547 εὐπλοῖαςς
586 514 669 541 Οὕπω
689 515 809 551 κατῆρας
826 516 866 548 εἰς

74 559 117 585 τὸν
130 559 229 595 λιμένα
240 561 290 595 τῆς
302 561 490 593 ἀναπαύσεως·
500 561 575 588 οῠπω
587 562 641 589 τῶν
651 563 779 598 κυμάτων
789 563 867 594 ἐκτὸς

75 604 208 639 ἕστηκας·
223 604 300 632 οΰπω
312 615 352 632 σοι
365 606 480 641 βέὸηκεν
491 607 537 633 ἐπὶ
550 607 680 642 σταθεροῦ
693 609 709 643 ὴ
720 607 788 643 ζωή.
806 609 866 634 Ἔτι

75 649 144 685 φέρῃ
159 649 203 677 διὰ
223 650 270 677 τοῦ
287 651 344 686 βίου
360 652 498 686 πελάγιος.
514 649 576 678 Οἶον
594 652 706 680 σεαυτὸν
720 653 815 685 δείξεις
829 653 867 688 τῷ

75 696 271 731 δυστυχήσαντι
281 718 289 730 ,
303 697 440 729 τοιούτους
451 698 671 733 παρασκευάσας
684 699 789 734 σεαυτῷ
802 699 866 731 τοὺς

78 740 276 774 συμπλέοντας,
299 740 380 772 ’Λλλᾷ
395 742 496 773 πάντες
512 743 732 778 καταντήσωμεν
753 744 794 775 εἰς
819 743 866 770 τὸν

77 785 174 820 λιμένα
197 786 248 822 τῆς
263 786 458 821 ἀναπαύσεως,
485 787 524 823 τῷ
543 788 613 823 ἁγίῳ
635 788 772 824 Πνεύματι
797 790 864 825 πρὸς

76 829 124 865 τὴν
145 831 331 868 προκειμένην
351 832 398 859 τοῦ
423 833 480 868 βίου
502 833 638 860 ναυτιλίαν
661 834 863 867 διευὸιάζοντες.

75 875 181 912 Παρείη
203 876 232 903 δὲ
252 878 317 913 ἡμῖν
332 879 349 913 ἡ
372 878 416 905 διὰ
437 879 490 905 τῶν
508 879 620 905 ἐντολῶν
635 879 760 915 ἐργασία,
776 881 865 908 καὶτὸ

75 922 125 957 τῆς
147 921 258 958 ἀγάπης
279 923 417 958 πηδάλιονσ
436 924 469 950 δι’
486 921 523 951 ὧν
546 923 728 960 εὐθυνόμενοι,
744 926 865 952 καταλά-

75 965 170 1001 ϐωμεν
184 966 234 1002 τὴν
250 967 302 1002 γῆν
321 969 370 1004 τῆς
389 969 564 1002 ἐπαγγελίας,
580 969 609 995 ἐν
657 970 672 1004 ἡ
690 970 766 1002 πόλις
791 971 864 996 ἐστὶν

76 1012 93 1046 ἡ
109 1012 229 1047 μεγάλη,
243 1010 277 1049 ἦς
290 1014 414 1048 τεχνίτης
429 1015 475 1040 καὶ
491 1014 655 1050 δημιουργός
674 1016 747 1041 ἐστιν
765 1017 778 1042 ό
798 1016 864 1048 Θεὸς

75 1057 165 1092 ἡμῶν,
183 1054 205 1091 ᾧ
221 1059 238 1093 ἡ
255 1058 316 1091 δόξα
331 1059 377 1085 καὶ
396 1059 426 1085 τὸ
442 1060 540 1094 κράτος
554 1061 593 1091 εἰς
607 1060 669 1092 τοὺς
691 1061 792 1093 αἰῶνας
811 1061 864 1087 τῶν

75 1103 193 1131 αἰώνων.
216 1105 310 1140 Ἀμήν.

916 151 1085 177 consuetudo
1099 151 1177 178 facile
1187 158 1220 178 ac
1233 150 1384 186 jucundum
1399 151 1507 178 eﬂiciet.
1532 151 1591 179 Jam
1603 160 1668 180 vero
1681 152 1706 179 si

917 196 961 228 iis,
977 203 1038 230 qme
1052 195 1125 222 dicta
1141 200 1214 228 sunt,
1227 196 1353 223 volumus
1368 197 1470 231 aliquid
1481 196 1639 233 adjungere,
1655 198 1707 224 mi-

917 241 1093 268 sericordiam
1116 248 1179 276 erga
1192 241 1367 269 calamitosos
1383 241 1410 268 in
1429 242 1479 269 hac
1493 242 1557 269 item
1572 242 1626 269 vita
1648 243 1706 270 fru-

916 286 1031 321 giferam
1042 294 1103 314 esse
1114 287 1292 321 reperiemus.
1307 286 1392 314 Nemo
1406 292 1447 314 est
1460 288 1532 314 enim
1546 287 1594 322 qui
1607 289 1704 322 sapiat,

917 331 982 365 quin
997 335 1125 365 tanquam
1141 331 1278 366 egregium
1298 332 1437 366 praemium
1452 335 1515 360 ante
1533 332 1704 359 reconditum

918 380 991 412 putet
1007 376 1045 408 id,
1059 377 1131 411 quod
1151 377 1179 403 in
1202 376 1314 404 alterius
1331 377 1532 404 calamitatibus
1549 377 1705 405 humaniter

917 425 943 448 et
955 421 1071 456 benigne
1086 420 1236 448 confertur.
1255 421 1388 454 Quoniam
1399 421 1472 447 enim
1487 421 1604 449 humana
1614 422 1705 449 omnia

917 466 1075 494 moderatur
1088 473 1142 493 uua
1160 466 1310 501 eademque
1327 470 1444 499 natura;
1464 470 1491 494 et
1509 467 1560 494 sibi
1574 471 1704 502 perpetuo

917 520 1064 548 prosperas
1076 516 1103 540 et
1117 512 1252 540 secundas
1269 519 1313 540 res
1328 511 1396 544 fore,
1408 517 1513 540 certum
1527 517 1569 541 est
1582 514 1683 543 nemini
1695 521 1703 540 :

917 559 945 586 in
961 558 1036 585 omni
1051 558 1106 585 vita
1121 558 1306 593 evangelicum
1325 558 1392 586 illud
1414 563 1578 593 praeceptum
1595 557 1706 593 expedit

917 604 1086 636 meminisse,
1106 607 1146 636 ut,
1163 612 1223 638 quae
1240 603 1365 630 volumus
1388 603 1489 630 faciant
1517 603 1597 631 nobis
1617 603 1706 630 homi-

918 657 986 681 nes,
1021 649 1116 677 eadem
1148 649 1292 677 faciamus.
1335 648 1462 681 Quandiu
1494 655 1560 683 ergo
1590 647 1705 675 feliciter

918 695 1049 730 navigas,
1078 694 1116 721 illi
1147 702 1259 721 manum
1285 694 1437 729 porrigito,
1461 693 1507 728 qui
1532 692 1703 727 naufragium

919 741 998 774 fecit;
1025 747 1169 767 commune
1192 744 1235 767 est
1257 747 1341 771 mare,
1367 743 1515 774 tempestas
1537 738 1704 771 communis,

881 783 1068 815 Bcommunis
1092 785 1223 813 ﬂuctuum
1244 785 1432 820 perturbatio.
1457 792 1523 812 saxa
1549 785 1600 812 sub
1624 783 1705 811 undis

915 833 1038 864 latentia,
1060 836 1165 867 syrtes,
1188 831 1311 867 scopuli,
1327 835 1354 858 et
1370 831 1461 858 omnia
1479 830 1597 865 denique
1623 830 1705 864 hujus

916 879 976 906 vita:
990 878 1172 913 navigationis
1197 876 1370 904 incommoda
1387 884 1478 911 parem
1494 876 1601 903 cunctis
1626 874 1704 902 navi-

915 924 1041 959 gantibus
1068 927 1168 950 metum
1189 922 1323 956 injiciunl.
1359 920 1426 948 Dum
1453 921 1556 955 integer
1577 927 1623 951 es,
1639 918 1706 946 dum

915 970 976 997 vitae
997 969 1107 1004 pelagus
1133 973 1191 996 tuto
1216 968 1386 1003 pertransis,
1406 976 1439 994 ne
1465 967 1613 994 inhumane
1637 972 1706 999 prae-

917 1020 1006 1043 tcreas
1035 1023 1096 1042 cum
1131 1015 1177 1049 qui
1207 1015 1283 1049 prius
1314 1021 1409 1041 navem
1442 1014 1526 1040 illisit.
1566 1012 1633 1045 Quis
1667 1011 1707 1038 ibi

919 1070 1053 1097 sponsor,
1082 1065 1111 1087 ut
1139 1060 1244 1087 felicem
1280 1059 1479 1095 navigationem
1510 1063 1640 1093 perpetuo
1666 1057 1705 1084 sis

919 1107 1093 1134 habiturus?
1126 1104 1249 1132 Nondum
1280 1105 1308 1132 in
1335 1108 1444 1140 portum
1482 1104 1582 1139 quietis
1616 1110 1703 1137 appu-

75 1149 133 1175 listi
160 1149 191 1174 δι’.
222 1149 348 1176 Nondum
387 1154 464 1178 extra
498 1152 630 1179 fluctuum
660 1152 812 1186 periculum
838 1161 868 1180 es
896 1153 1073 1181 constitutus.
1113 1150 1174 1178 Tibi
1211 1150 1332 1178 nondum
1361 1151 1390 1178 in
1415 1151 1475 1177 loco
1501 1154 1560 1178 tuto
1583 1150 1707 1177 constitit

74 1195 142 1221 vita.
168 1194 265 1222 Adhuc
281 1195 308 1222 in
326 1196 388 1223 vitae
412 1196 506 1232 pelago
519 1197 634 1232 iactaris
662 1199 798 1226 obnoxius
831 1199 995 1235 tempestati.
1040 1198 1153 1230 Qualem
1183 1204 1248 1232 erga
1272 1196 1435 1232 naufragum
1478 1201 1505 1223 te
1531 1196 1706 1231 praestiteris.

74 1240 146 1267 tales
160 1248 223 1274 erga
247 1246 274 1268 te
296 1248 356 1274 eos,
380 1243 427 1280 qui
451 1243 533 1271 simul
553 1244 689 1280 navigant,
705 1245 864 1280 experieris.
885 1245 986 1272 Omnes
1000 1244 1082 1279 igitur
1095 1243 1233 1277 inquietis
1247 1248 1353 1277 portum
1371 1242 1492 1270 secundo
1527 1243 1614 1270 sancti
1645 1241 1707 1277 Spiv

73 1287 148 1314 ritus
165 1286 255 1313 afflatu
275 1287 386 1322 provehi
409 1289 619 1318 contendamus.
662 1290 742 1318 Adsit
766 1291 882 1326 diligens
902 1290 1093 1318 mandatorum
1117 1289 1288 1321 exercitatio,
1317 1294 1344 1316 et
1368 1289 1582 1325 gubernaculum
1617 1289 1709 1317 chario

76 1334 160 1362 tatis!
189 1334 294 1367 Quibus
319 1335 404 1370 adjuti
428 1337 536 1364 tandem
553 1338 745 1372 promissionis
760 1342 862 1365 terram
882 1345 1073 1372 assequamur,
1090 1336 1114 1363 in
1131 1344 1185 1371 qua
1200 1336 1253 1363 sita
1269 1340 1312 1363 est
1325 1343 1421 1371 magna
1436 1335 1482 1362 illa
1515 1336 1623 1368 civitas,
1658 1343 1708 1362 cu-

73 1380 122 1416 jus
145 1380 313 1408 architectus
340 1385 367 1409 et
395 1381 543 1410 aediﬁcator
571 1387 612 1411 est
637 1383 765 1411 Christus
792 1384 862 1412 Deus
882 1389 987 1417 naster,
1007 1383 1051 1411 cui
1069 1382 1158 1421 gloria
1174 1382 1202 1410 in
1219 1386 1361 1410 mtcrnum.
1378 1382 1476 1409 Amen.

115 1437 140 1453 "
157 1436 230 1465 Psal.
247 1445 303 1471 ενι,
317 1438 361 1466 l9.

558 1630 671 1673 ΤΟΥ
697 1629 885 1674 ΑΥΤΟΥ
913 1633 1225 1678 ΓΡΗΓΟΡΙΟΥ

841 1743 895 1770 ΕΙΣ
910 1744 953 1771 ΤΟ
963 1764 971 1776 ,

394 1844 416 1869 0
435 1845 480 1871 ΔΕ
496 1844 708 1878 ΠΟΡΝΕΥῺΝ,
730 1847 794 1874 ΕΙΣ
820 1849 864 1876 ΤΟ
877 1849 983 1878 ΙΛΙΟΝ
999 1851 1095 1879 ΣΩΜΑ
1112 1852 1327 1880 ΑΜΑΡΤΔΝΕΙ
1343 1853 1393 1890 (Ι).

525 2056 798 2102 EJUSDEM
865 2058 914 2103 S.

814 2171 847 2199 IN
874 2171 977 2200 ILLUD

984 2058 1272 2105 GREGORII

417 2258 482 2292 QUI
495 2259 748 2294 FORNICATUR,
777 2261 818 2289 IN
837 2261 1033 2291 PROPRIUM
1058 2262 1201 2293 CORPUS
1219 2263 1371 2293 PECCAT.

707 2350 820 2376 Gentium;
829 2351 932 2378 Hervelo
942 2351 1077 2384 interprete.

99 2529 215 2565 Φοῆερὰ
233 2529 285 2563 τῆς
307 2529 488 2565 ἀποστολικῆς
502 2532 691 2564 παραγγελιας
705 2532 722 2566 ὴ
741 2532 864 2567 σάλπιγξ.

955 2533 1098 2564 Terribilis
1126 2536 1190 2564 tuba
1205 2538 1348 2572 apostolici
1373 2540 1514 2575 praecepti,
1538 2540 1623 2568 multa
1642 2542 1704 2576 qui-

62 2575 156 2602 πολλὰ
185 2575 238 2610 μὲν
263 2575 310 2601 καὶ
332 2575 398 2602 ἄλλα
412 2575 461 2610 τῆς
487 2575 626 2607 εὐσεσείας
657 2579 866 2614 μαρτυρουμένη

60 2621 200 2658 στρατὸν,
217 2621 335 2656 μάλιστα
358 2620 386 2646 δὲ
399 2620 453 2647 τῶν
466 2621 515 2656 τῆς
529 2621 708 2658 αἰσχρότητος
722 2623 867 2659 βαράθρων

44 2711 48 2718 '
76 2714 120 2750 (Ι)
140 2713 262 2750 Graccus
275 2715 368 2739 textus
385 2712 474 2750 editus
489 2717 531 2740 est
541 2721 579 2750 ex
595 2714 752 2750 apographo
767 2714 860 2742 Caesa-

57 2747 118 2778 reae
140 2748 322 2776 bibliothecae
349 2754 411 2773 cum
431 2748 516 2775 altero
539 2747 661 2776 Patricii'
676 2747 752 2777 Junii
775 2750 867 2777 oblato

241 2795 377 2826 ΡΑτιιοι.
395 2795 453 2825 Gn.
471 2795 582 2826 XLVI.

920 2580 980 2608 dem
1001 2582 1081 2609 etiam
1101 2583 1153 2609 alia
1183 2584 1334 2612 testificaris
1362 2586 1495 2614 exercitui
1525 2586 1653 2621 pietatis,
1677 2591 1704 2614 et

921 2627 1039 2655 maxime
1053 2635 1102 2656 eos
1114 2629 1252 2663 expellens
1268 2637 1283 2656 ιι
1296 2630 1426 2660 barathro
1456 2633 1635 2667 turpitudinis
1646 2651 1655 2665 ,
1678 2636 1704 2661 et

916 2722 989 2757 nunc
1012 2719 1040 2742 et
1062 2717 1215 2757 emendato,
1238 2719 1316 2755 cujus
1334 2722 1416 2749 variae
1434 2722 1566 2751 lectiones
1586 2724 1612 2750 iu
1630 2727 1702 2752 textu

921 2753 992 2777 inter
1009 2757 1094 2779 uncos
1113 2753 1237 2781 inclusae.

1520 2805 1557 2834 16
