1912 3080
163 94 214 120 £73

775 90 803 116 S.
824 89 987 116 GREGORII
1017 89 1163 117 NYSSENI

1741 93 1792 119 Πἔὶ

166 153 193 174 ut
205 148 292 175 sancti
309 147 429 182 Spiritus
445 147 578 175 voluntati
599 156 633 175 ne
653 149 828 181 resistamus;
848 155 879 174 ea
899 155 947 174 att-

1013 147 1100 180 ιόντας
1115 149 1160 175 τδν
1184 149 1258 175 ἐλέου
1275 149 1404 183 δεόμενον
1427 149 1540 180 ἐκεῖνον,
1561 150 1590 175 ὄν
1611 157 1677 184 φησι
1701 149 1732 176 τὺ
1754 149 1794 176 δι-

165 200 218 222 tcm
242 198 295 226 est.
312 201 343 221 ut
362 203 419 226 eos,
439 196 484 229 qui
511 196 605 222 eadem
630 200 725 222 natura
747 195 851 230 przediti
875 199 949 226 sunt,

165 247 293 275 tanquam
322 241 427 267 alienos
452 249 504 267 non
535 242 680 273 evitemus,
703 249 791 276 neque
815 241 951 268 imitemur

166 287 346 321 reprehensos
364 287 424 313 illos
446 288 473 314 in
490 287 645 322 Evangelio,
663 288 832 314 sacerdotem
849 291 875 313 et
888 288 952 313 levi~

166 337 219 358 tam
236 332 308 364 dico,
323 333 369 367 qui
383 333 566 359 miserabilem
595 333 682 363 illttm,
703 341 783 368 qttetn
805 333 917 359 historia
938 340 952 359 a

167 378 319 404 latronibus
350 378 557 405 semimortuum
587 379 713 405 relictntn
748 378 848 409 tradit,
879 378 952 404 nulla

166 424 296 450 commoti
321 425 560 451 commiseratione
587 425 819 459 prmtmernnt“.
845 423 909 450 Nam
931 425 952 450 si

167 473 354 503 Coargunntur
372 469 411 496 illi
432 470 505 504 quod
531 469 563 496 ad
591 470 684 505 plagas
706 470 732 497 in
751 470 824 497 nudo
840 478 954 505 corpore

168 515 382 543 intumescentes
397 523 450 542 non
474 516 644 551 respexerint
655 537 662 548 .
677 517 815 551 quomodo
832 524 892 549 nos,
907 516 953 551 qni

168 568 229 587 reos
251 560 312 588 illos
329 561 478 593 imitamur,
498 556 597 588 nonin
623 563 745 589 eamdem
763 563 955 597 reprehensio-

168 615 228 634 nem
247 607 438 633 incurremus?
461 615 548 642 neqtte
565 607 637 634 enim
658 607 783 642 profecto
798 612 852 634 tam
873 608 955 635 mise-

168 652 284 679 randum
302 653 488 688 spectaculum
511 654 625 688 praebuit
641 654 696 685 ille,
713 655 760 689 qui
782 655 809 680 in
834 655 956 682 latrones

170 699 312 731 inciderat,
339 704 369 726 ut
393 700 513 733 praebent
537 700 575 730 lti,
603 700 649 734 qui
669 701 804 734 ejusmodi
830 701 954 735 oppressi

169 749 234 771 sunt
259 745 424 771 calamitate.
440 744 521 771 Vides
554 745 691 772 hominem
718 753 751 772 ex
783 746 956 780 improbitate

169 789 257 815 morbi
290 789 317 815 in
343 789 529 823 quadrupedis
557 790 672 816 formam
697 793 904 820 commutatum,
929 793 956 817 et

170 834 279 869 ungulae
289 839 370 869 atque
382 835 512 869 unguium
525 835 584 862 loco
594 835 666 869 ligna
681 834 808 862 manibus
823 835 954 867 induisse.

170 883 250 914 atque
274 881 309 906 ita
336 887 435 906 novum
459 881 566 915 vestigii
593 887 679 915 genus
698 880 826 908 humanis
849 881 955 908 semitis

170 924 381 958 imprituentem.
403 924 469 957 Quis
485 931 517 952 ex
536 933 568 951 ea
583 924 672 952 forma
696 929 779 960 queat
797 933 954 958 agnoscere,

171 969 290 997 hominis
305 977 400 1004 gressu
413 969 550 1003 ejusmodi
565 977 628 997 esse
637 968 710 997 facta
724 970 856 1005 vestigia?
870 969 956 997 Homo

170 1022 203 1040 eo
213 1015 338 1049 corporis
350 1015 446 1042 habitu
463 1020 490 1042 et
504 1015 590 1048 ﬁgura
606 1015 751 1048 formatus,
770 1021 799 1042 nt
819 1020 911 1044 rectus
929 1016 956 1043 in

172 1061 270 1087 emittm
285 1062 412 1096 aspiciat,
427 1062 471 1088 cui
488 1069 618 1088 manuum
635 1062 847 1089 instrumentum
866 1062 898 1089 ad
914 1069 957 1089 res

173 1106 291 1139 agendas
314 1111 411 1134 natura
435 1107 521 1139 dedit,
552 1109 711 1135 incurvatur
738 1108 765 1134 in
793 1112 904 1138 terram,
931 1112 958 1134 et

174 1151 330 1186 quadrupes
361 1152 414 1183 lit,
446 1149 473 1179 et
505 1160 600 1187 partttn
634 1152 711 1180 abest
744 1152 810 1187 quin
844 1152 958 1179 rationis

174 1205 272 1232 expers
287 1205 349 1224 esse
361 1198 495 1224 videatur.
513 1197 581 1224 Cum
596 1197 752 1225 dillicultate
766 1198 890 1232 spiritum
904 1201 959 1224 tra-

174 1242 227 1274 hit,
248 1243 419 1274 irraucescit,
440 1247 467 1268 et
483 1251 516 1269 ex
536 1243 640 1269 intimis
657 1243 810 1270 visceribus
835 1243 959 1269 fremitus

175 1288 259 1320 elicit,
283 1288 351 1322 ipsis
375 1289 457 1315 ctiam
482 1289 598 1316 rationis
619 1289 776 1323 expertibus
797 1289 959 1316 animalibus

176 1333 288 1360 cli‘ectus
308 1333 400 1367 (liceat
425 1333 555 1360 audacter
573 1334 598 1360 id
623 1333 725 1367 dicere)
749 1334 957 1361 calamitosior:

177 1380 310 1414 siquidem
328 1380 384 1409 illa,
401 1387 483 1414 quam
505 1381 539 1407 ab
555 1381 614 1415 ipso
631 1384 694 1406 ortu
712 1380 828 1407 fortnatn
848 1387 959 1414 accepe-

178 1430 251 1456 runt.
271 1433 329 1452 eam
346 1426 378 1452 ad
398 1426 477 1452 tinent
500 1434 586 1461 nsque
601 1430 783 1458 conservant;
805 1433 853 1452 nec
875 1426 958 1452 ullum

177 1479 210 1498 ex
237 1471 270 1499 iis
291 1476 401 1506 propter
423 1472 542 1506 aliquem
563 1473 690 1500 merbum
713 1481 745 1499 ex
766 1480 797 1499 ca
825 1472 909 1499 forma
933 1473 960 1498 in

179 1517 260 1543 aliain
284 1517 463 1544 convertitur.
494 1516 543 1544 llic
566 1522 670 1548 autent,
693 1521 821 1551 tanquam
843 1525 964 1543 commu-

179 1567 234 1588 tata
258 1566 367 1592 natura.
385 1570 439 1588 non
461 1561 486 1588 id
507 1563 634 1597 amplius,
649 1563 722 1598 quod
736 1568 806 1595 erat,
826 1563 872 1591 sed
890 1563 964 1590 aliud

180 1607 316 1641 quoddam
335 1608 434 1634 anitnal
460 1608 567 1635 videtur
585 1616 656 1636 esse.
673 1609 775 1636 Pedum
798 1610 835 1636 illi
853 1617 965 1636 munere

180 1655 331 1688 Iunguntur
343 1661 458 1686 manus;
472 1661 559 1687 genua
575 1655 694 1688 praebent
706 1656 859 1689 plantarum
872 1663 962 1683 usum.

181 1700 247 1726 Nam
261 1700 326 1734 ipsa?
344 1700 443 1734 plantae
456 1701 606 1732 naturales.
621 1705 647 1728 et
661 1702 719 1732 tali,
737 1706 784 1728 aut
804 1702 883 1736 plane
899 1702 966 1729 defi-

180 1746 265 1776 ciunt,
287 1750 334 1771 aut
351 1745 435 1771 veluti
456 1745 564 1779 scapha:
587 1746 711 1780 quadam
733 1747 906 1774 extrinsecus
924 1752 964 1775 te;

182 1796 256 1816 mere
280 1789 395 1816 navibus
412 1789 538 1821 adtnottc,
569 1790 680 1817 fortuito
704 1792 858 1819 trahuntur.
875 1792 905 1819 ιιι
924 1793 967 1820 his

181 1839 211 1861 tu
234 1835 369 1862 hominem
393 1836 493 1867 cernis,
511 1844 561 1863 nec
583 1837 725 1872 sanguinis
745 1839 966 1873 conjunctionem

183 1881 337 1907 revereris?
356 1888 406 1907 nec
423 1881 564 1909 tniscraris
590 1883 794 1918 propinquum?
818 1885 864 1912 sed
891 1893 968 1912 aver-

183 1926 254 1953 saris
269 1926 462 1957 calamitatem,
483 1931 509 1952 et
526 1927 591 1953 odio
606 1928 756 1962 supplicem
770 1929 969 1963 prosequeris?

184 1971 308 1999 Hominis
320 1979 460 1998 accessum
476 1976 605 2007 tanqnatu
624 1973 688 2000 ferai
702 1974 819 2008 alicujus
839 1975 968 2010 impetum

183 2016 328 2044 declinas?
342 2016 436 2051 Atqui,
453 2024 487 2044 ne
504 2017 530 2043 id
551 2016 667 2049 faceres,
680 2018 797 2045 debebas
822 2020 862 2046 vel
878 2027 908 2046 ca
923 2027 970 2046 co-

184 2062 316 2097 gitatione
344 2062 484 2096 prohiberi
505 2072 511 2090 :
529 2071 626 2098 nempe
653 2065 779 2099 angelum
809 2072 824 2090 a
855 2072 971 2100 corpore

186 2108 354 2142 materiaque
371 2107 498 2138 liberum,
519 2111 556 2138 te,
577 2109 702 2143 quamvis
719 2109 757 2136 sis
773 2110 864 2142 homo,
881 2115 970 2137 tamen

185 2154 331 2188 attingere,
356 2161 407 2180 nec
434 2161 517 2180 carne
538 2159 565 2182 ct
589 2155 721 2190 sanguine
750 2156 860 2183 mistum
889 2159 970 2190 atque

185 2204 343 2226 concretum
368 2200 522 2233 aspernari.
547 2200 617 2232 Quid
640 2204 730 2228 autem
757 2201 868 2236 angelos
891 2201 970 2229 dico?

186 2253 249 2272 cum
264 2245 321 2279 ipse
339 2244 471 2272 Dominus
485 2246 655 2281 angelorum,
671 2247 729 2281 ipse
749 2248 867 2274 caelestis
884 2248 970 2274 beati-

187 2290 291 2317 tudinis
307 2299 353 2317 rex
367 2296 477 2325 propter
492 2295 517 2318 te
538 2291 625 2319 factus
639 2293 673 2319 sit
687 2292 778 2324 homo,
799 2299 825 2320 ct
843 2293 970 2320 sordidas

188 2336 255 2362 istas
274 2336 449 2370 abjcctasque
461 2338 553 2363 carnis
569 2337 710 2364 exuviolas
723 2346 775 2364 una
791 2346 852 2364 cuttt
868 2339 968 2370 anima,

188 2389 247 2415 quae
268 2380 335 2415 ipsis
350 2386 409 2408 erat
427 2382 532 2414 induta,
547 2383 598 2409 sibi
616 2383 839 2416 circumdederit,
852 2388 880 2410 ut
898 2389 969 2411 atta-

188 2431 233 2453 ctu
258 2434 308 2453 suo
331 2427 386 2454 tuis
407 2428 615 2462 mgritndinibus
641 2429 814 2455 mederetur?
835 2429 875 2456 Tu
895 2438 970 2462 vero,

188 2473 234 2506 qui
253 2476 350 2499 natura
366 2473 436 2500 idem
452 2481 482 2500 cs
505 2482 565 2500 cunt
581 2479 739 2508 aegrotante,
760 2475 830 2509 fugis
849 2476 972 2508 ejusdem

190 2519 299 2551 generis
314 2518 461 2545 hominem.
475 2518 511 2546 Nc
527 2520 586 2550 tibi,
603 2520 695 2551 frater,
714 2529 758 2553 ne,
776 2522 902 2552 obsecro,
916 2523 973 2557 pla-

1003 194 1099 228 ήγημα
1121 194 1172 219 ὑπὸ
1193 194 1246 219 τῶν
1260 193 1366 229 λῃστῶν
1389 193 1507 229 ἡμιθανῆ
1526 194 1660 227 γενέσθαι.
1688 194 1720 220 Εἰ
1741 194 1795 229 γὰρ

1006 241 1103 266 ἐκεῖνοι
1115 240 1242 270 ὺπαίτιοι,
1260 241 1297 274 μὴ
1312 239 1524 275 ἐπιστραφέντες
1539 239 1606 274 πρὸς
1619 239 1668 270 τὰς
1685 238 1795 274 πληγὰς

1003 287 1031 311 ἐν
1048 286 1143 321 γυμνῷ
1159 286 1198 320 τῷ
1220 285 1327 320 σιῖιματι
1352 285 1501 316 διοιδούσας
1512 293 1519 300 ·
1536 284 1593 315 πῶς
1615 285 1694 319 ἡμεῖς
1714 283 1795 310 ἀνεύ-

1004 330 1087 361 θυνοι.
1103 332 1164 362 τοὺς
1183 331 1323 362 ὑπαιτίους
1342 330 1519 365 μιμούμενοι;
1538 330 1626 356 καίτοι
1645 329 1672 355 τί
1697 328 1794 355 τοσοῦ-

1004 384 1049 402 τον
1077 374 1110 410 ἦν
1128 376 1174 402 ἐπὶ
1195 376 1242 402 τοῦ
1263 378 1319 406 τοῖς
1333 376 1444 412 λῃσταῖς
1466 376 1714 411 παραπεπτωκότος
1731 375 1795 402 Oed--

1005 421 1114 453 σασοαι,
1137 419 1193 448 οἷόν
1218 422 1292 448 ἐστιν
1308 423 1353 448 ἐπὶ
1373 422 1427 448 τῶν
1441 422 1599 448 ἑαλωκότων
1611 422 1650 457 τῷ
1665 422 1745 449 πάθει
1763 422 1794 449 τδ

1005 468 1111 502 Θέαμα;
1145 468 1225 502 Ὁρᾷς
1248 467 1400 502 ἄνθρωπον,
1419 467 1464 494 διὰ
1486 467 1534 502 τῆς
1561 469 1682 502 πονηρᾶς
1701 468 1794 503 ἀρρω-

1006 513 1081 544 στίας
1096 513 1135 544 είς
1157 513 1321 547 τετραπὸδου
1338 514 1429 548 σχῆμα
1448 513 1713 548 μεταπλασσόμενον.
1735 514 1794 540 ἀντὶ

1005 558 1090 593 ὁπλῆς
1104 558 1151 584 καὶ
1164 558 1277 593 ὀνύχων,
1294 558 1359 591 ξύλα
1375 559 1434 589 ταῖς
1450 558 1588 593 παλάμαις
1605 558 1794 593 ὑπολαμὸανό-

1008 612 1096 638 μενον,
1121 604 1213 630 καινὸν
1231 604 1303 639 ἴχνος
1320 605 1379 635 ταῖς
1401 603 1583 639 ἀνθρωπίναις
1597 604 1666 635 ὁδοῖς
1683 604 1795 630 ἐπιϐάλ-

1006 649 1084 676 λοντα
1095 658 1101 664 ·
1119 649 1160 681 τίς
1175 649 1207 676 ἂν
1229 651 1260 676 ὲκ
1276 649 1322 675 τοῦ
1339 649 1428 684 ίχνους
1443 649 1578 685 ὲπιγνοίη,
1593 650 1634 676 ὅτι
1652 649 1795 684 ἄνθρωπος

1005 695 1069 726 τοὺς
1083 694 1218 726 τοιούτους
1234 694 1335 725 τύπους
1349 695 1426 729 ὲνεση
1432 695 1533 729 μήνατο
1547 695 1580 729 τῇ
1598 694 1693 730 πορείᾳ
1705 702 1712 726 ;
1730 695 1795 720 ’Λν-

1007 741 1124 776 θρωπος,
1137 741 1150 766 ὁ
1164 740 1203 775 τῷ
1215 741 1332 775 σχήματι
1347 741 1448 776 δροιος,
1464 741 1478 766 ὁ
1493 741 1532 772 εἰς
1547 740 1661 775 οὐρανὸν
1675 740 1794 774 βλέπων,

1007 787 1021 812 ὁ
1041 786 1089 818 ’τὰς
1107 787 1199 821 χεῖρας
1222 787 1289 821 πρὸς
1305 787 1354 821 τὴν
1373 786 1426 812 τῶν
1441 786 1527 821 ἔργων
1546 785 1697 820 ὑπηρεσίαν
1720 784 1796 819 παρὰ

1008 832 1056 866 τῆς
1074 831 1180 866 φύσεως
1203 831 1282 867 ἔχων,
1306 829 1383 863 οὗτος
1400 832 1439 863 εἰς
1460 831 1508 866 τὴν
1523 831 1575 865 γῆν
1598 831 1727 861 κλίνεται,
1749 830 1797 856 καὶ

1009 877 1171 913 τετράποδον
1194 879 1307 912 γίνεται,
1332 878 1379 904 καὶ
1396 878 1493 913 μικρὸν
1514 877 1609 904 ἀποδεῖ
1629 876 1675 902 τοῦ
1699 876 1797 909 ἄλογος

1010 922 1088 950 εἶναι.
1112 924 1156 950 Ἐν
1171 923 1246 950 δασεῖ
1262 923 1308 950 καὶ
1326 923 1478 959 βραγχῶντι
1501 922 1540 958 τῷ
1556 922 1684 957 ἄσθματι,
1703 921 1797 956 βιαίως

1009 970 1114 996 ἔνδοθεν
1130 970 1184 996 ἀπὸ
1197 970 1252 996 τῶν
1267 969 1426 1004 σπλάγχνων
1442 969 1661 1004 ὑποδρυχὸμενος
1672 977 1678 982 ·
1697 967 1799 1002 μᾶλλον

1010 1017 1049 1046 δὲ.
1068 1018 1091 1043 εί
1105 1016 1157 1051 χρὴ
1175 1016 1345 1051 τολμήσαντα
1363 1016 1460 1044 εἰπεῖν.
1472 1015 1519 1041 καὶ
1533 1014 1587 1041 τῶν
1601 1014 1705 1048 ἀλόγων
1725 1013 1797 1048 γινό-

1013 1071 1091 1098 μενος
1114 1062 1287 1097 άθ).ιώτερος.
1311 1061 1352 1088 Τὰ
1380 1062 1429 1096 μὲν
1450 1061 1503 1097 γὰρ
1525 1061 1570 1087 τὸν
1594 1061 1648 1087 ἀπὺ
1663 1060 1798 1094 γενέσεως

1011 1109 1171 1144 χαρακτῆρα
1193 1108 1272 1143 μέχρι
1295 1108 1393 1139 παντὸς
1421 1108 1459 1139 ὠς
1479 1107 1513 1133 τὰ
1535 1106 1619 1133 πολλὰ
1632 1105 1798 1133 διεσώσατο⁸

1012 1155 1058 1180 καὶ
1072 1154 1148 1180 οὐδὲν
1163 1153 1264 1180 τούτων
1290 1152 1322 1179 ἔκ
1346 1162 1417 1185 τινος
1438 1153 1578 1188 συμφορᾶς
1601 1152 1739 1186 τοιαύτης,
1760 1152 1801 1183 εἰς

1012 1199 1104 1234 ἕτερον
1114 1207 1173 1224 τινα
1186 1198 1346 1233 χαρακτῆρα
1359 1198 1532 1234 μετεκινήθη.
1547 1198 1644 1224 Οὑτοσὶ
1655 1198 1692 1228 δὲ,
1706 1197 1802 1232 ὥσπερ

1013 1244 1190 1279 ἀλλαχθείσης
1205 1244 1254 1279 τῆς
1271 1244 1387 1278 φύσεως,
1405 1243 1469 1270 ἄλλο
1492 1253 1518 1270 τι
1543 1244 1678 1278 φαίνεται,
1702 1242 1749 1269 καὶ
1769 1242 1801 1269 οὑ

1013 1289 1042 1315 τδ
1061 1287 1175 1323 σύνηθες
1201 1288 1286 1320 ζῶον·
1306 1289 1334 1314 αι
1360 1289 1447 1323 χεῖρες
1470 1287 1544 1322 αὐτῷ
1566 1288 1615 1321 τὴν
1637 1287 1691 1313 τῶν
1713 1286 1803 1313 ποδῶν

1015 1334 1112 1370 χρῆσιν
1131 1333 1386 1369 καταλαμϐάνουσι·
1402 1333 1437 1359 τὰ
1453 1334 1552 1367 γόνατα
1575 1333 1652 1368 βάσις
1669 1333 1803 1367 γίνονται,

1014 1382 1042 1407 at
1059 1380 1087 1407 δὲ
1103 1380 1174 1406 κατὰ
1187 1379 1267 1414 φύσιν
1278 1379 1378 1414 βάσεις,
1395 1380 1442 1406 καὶ
1462 1379 1497 1406 τὰ
1513 1379 1614 1414 σφυρὰ,
1632 1379 1648 1414 ἢ
1663 1378 1804 1411 παντελῶς

1015 1426 1206 1462 ἀπορρέουσιν,
1230 1426 1246 1461 ἢ
1275 1425 1312 1456 ὣς
1338 1435 1364 1452 τι
1390 1426 1442 1452 τῶν
1468 1425 1568 1457 ἔξωθεν
1586 1425 1718 1459 ὲφολκὶων
1740 1423 1804 1459 εξκῆ

1015 1470 1303 1508 παρηρτημένα,κατὰ
1316 1471 1346 1496 τὸ
1360 1470 1465 1505 ωμῦὰν
1474 1470 1638 1505 ὲπισύρεται.
1657 1469 1702 1495 Ἐν
1715 1466 1805 1494 τοιού-

1018 1527 1076 1550 τοις
1100 1518 1188 1544 τοίνυν
1213 1517 1318 1552 βλέπων
1343 1517 1387 1542 τὺν
1411 1516 1570 1552 ἄνθρωπον,
1596 1515 1644 1542 οὐκ
1668 1515 1729 1549 αἰδῇ
1755 1513 1805 1549 τὴν

1019 1565 1197 1598 συγγένειαν;
1220 1564 1270 1590 οὐκ
1293 1563 1377 1595 ὲλεεῐς
1399 1562 1446 1588 τὸν
1477 1561 1627 1596 ὀμόφυλον;
1654 1560 1722 1586 ἀλλὰ
1747 1559 1806 1594 βδε-

1017 1609 1104 1646 λύσσῃ
1118 1609 1168 1644 τὴν
1186 1609 1337 1644 συμφορὰν,
1354 1608 1400 1634 καὶ
1421 1607 1508 1642 μισεῖς
1531 1607 1576 1633 τὸν
1591 1606 1694 1639 ἱκέτην,
1711 1604 1806 1639 ὥσπερ

1016 1657 1110 1692 Θηρίου
1136 1657 1206 1688 τινὸς
1223 1656 1375 1691 προσὸολὴν
1396 1655 1441 1681 τὸν
1465 1653 1666 1690 προσεγγισμὺν
1680 1653 1800 1687 ἀποφεύ-

1016 1711 1089 1737 γωνς
1117 1703 1214 1729 Καίτοι
1240 1702 1293 1728 ἔδει
1317 1700 1494 1735 εὐγνωμόνως
1520 1698 1745 1733 ἀναλογίζεσθαι,
1765 1698 1804 1724 ὅτι

1018 1747 1065 1774 σοῦ
1080 1747 1126 1773 τοῦ
1150 1747 1290 1782 ἀνθρώπου
1306 1745 1420 1779 ἄγγελος
1442 1745 1567 1775 ἅπτεται,
1593 1744 1639 1770 καὶ
1661 1743 1805 1778 ἀσώματος

1018 1801 1048 1819 τε
1065 1793 1111 1818 καὶ
1132 1792 1211 1823 άῦλος
1237 1791 1284 1823 ὣν,
1299 1791 1345 1818 τὸν
1365 1791 1446 1826 σαρκὶ
1459 1792 1505 1817 καὶ
1524 1791 1620 1826 αἵματι
1636 1789 1806 1825 ἐγκεκραμέ-

1017 1846 1062 1864 νον
1076 1838 1126 1864 οὑκ
1147 1838 1316 1869 ἐϐδελύξατο.
1336 1837 1369 1863 Τί
1390 1837 1418 1863 δὲ
1439 1836 1570 1870 ἀγγέλους
1582 1836 1669 1869 λέγω;
1693 1835 1774 1866 αὐτὸς
1792 1836 1806 1861 ό

1017 1883 1071 1910 τῶν
1092 1883 1215 1917 ἀγγέλων
1232 1883 1342 1918 Κύριος.
1362 1883 1376 1908 ὁ
1396 1883 1445 1918 τῆς
1461 1882 1588 1918 οὐρανίας
1609 1881 1807 1917 μακαριότητος

1020 1929 1144 1964 βασιλεὺς
1161 1930 1204 1955 διὰ
1227 1930 1256 1955 σὲ
1271 1929 1413 1964 ἄνθρωπος
1438 1928 1542 1962 γέγονε,
1567 1928 1614 1954 καὶ⁸
1637 1928 1668 1954 τὸ
1692 1927 1806 1958 δυσῶδες

1018 1975 1097 2001 τοῦτο
1112 1975 1159 2001 καὶ
1175 1975 1296 2010 ῥυπαρδν
1310 1975 1432 2010 σαρκίον,
1447 1974 1515 2010 μετὰ
1529 1974 1579 2008 τῆς
1593 1973 1767 2008 ὲνδεδεμένης
1779 1973 1806 1998 ὲν

1020 2019 1093 2055 αὑτῷ
1106 2019 1206 2054 ψυχῆς,
1223 2019 1312 2054 ἑαυτῷ
1326 2019 1501 2055 περιέθηκεν,
1518 2019 1562 2045 ἴνα
1575 2019 1608 2045 τὰ
1623 2017 1657 2044 σὰ
1670 2018 1744 2052 τιάοη
1763 2016 1807 2043 διὰ

1020 2067 1069 2101 τῆς
1088 2066 1155 2097 ἰδίας
1172 2066 1279 2099 ἐπαφῆς
1297 2065 1454 2100 ὲξιάσηται;
1470 2064 1505 2091 Σὺ
1520 2064 1548 2090 δὲ
1561 2065 1576 2090 ὁ
1593 2063 1673 2094 αὐτὸς
1686 2062 1724 2089 ὣν
1739 2062 1809 2089 κατὰ

1021 2114 1070 2148 τὴν
1080 2113 1158 2147 φύσιν
1167 2112 1205 2147 τῷ
1216 2111 1432 2147 ἀρρωστήσαντι,
1440 2109 1550 2144 φεύγεις
1557 2109 1602 2136 τὸν
1612 2109 1741 2144 ὁμογενῆ.
1753 2108 1806 2144 Μὴ,

985 2169 1007 2197 D
1022 2159 1128 2192 ἀδελφὲ,
1139 2158 1176 2193 μὴ
1186 2157 1311 2193 ὰρεσάτω
1320 2165 1359 2182 σοι
1372 2157 1388 2190 ὴ
1405 2155 1483 2189 βουλὴ
1496 2154 1602 2190 ὴκακὴ.
1614 2153 1699 2180 Γνῶθι
1711 2153 1753 2184 τίς
1761 2153 1807 2185 ὢν,

1022 2204 1086 2237 περὶ
1103 2203 1181 2228 τίνων
1199 2201 1327 2237 βουλεύῃ·
1347 2201 1388 2226 ὅτι
1407 2200 1470 2234 περὶ
1483 2198 1643 2233 ἀνθρώπων,
1656 2198 1808 2234 ἄνθρωπος,

1021 2249 1097 2275 οὐδὲν
1112 2247 1210 2279 ἰδιάζον
1225 2247 1254 2273 ἑν
1263 2245 1366 2280 σεαυτῷ
1383 2245 1458 2280 παρὰ
1471 2245 1520 2279 τὴν
1534 2244 1625 2279 κοινὴν
1640 2243 1807 2278 κεκτημένος

1023 2294 1112 2328 φύσιν.
1127 2293 1173 2328 Μὴ
1189 2292 1393 2328 προαποφαίνου
1415 2291 1462 2317 τοῦ
1488 2290 1640 2325 μέλλοντος.
1660 2291 1704 2316 Ἐν
1722 2287 1745 2323 ᾧ
1757 2289 1810 2324 γὰρ

1023 2339 1198 2375 καταψηφίζῃ
1221 2338 1268 2364 τοῦ
1290 2338 1402 2368 πάθους,
1421 2337 1488 2368 τέως
1503 2338 1532 2362 ἐν
1552 2336 1684 2371 ἀλλοτρίῳ
1704 2335 1811 2369 σώματι

1024 2386 1205 2421 φαινομένου,
1223 2385 1345 2420 ἀόριστον
1367 2383 1436 2410 κατὰ
1460 2383 1548 2417 πάσης
1568 2382 1616 2416 τῆς
1641 2381 1747 2416 φύσεως
1771 2382 1812 2407 ὲκ-

1026 2433 1119 2468 φέρεις
1142 2432 1297 2466 ἀπόφασιν·
1318 2430 1439 2466 μετέχεις
1463 2430 1491 2455 δὲ
1515 2429 1562 2455 καὶ
1586 2429 1618 2454 σὺ
1639 2428 1687 2462 τῆς
1706 2427 1812 2462 φύσεως

1026 2478 1224 2513 παραπλησίως
1236 2477 1292 2508 τοῖς
1307 2477 1400 2503 πᾶσιν.
1416 2474 1519 2502 οὐκοῦν
1530 2474 1568 2506 ὡς
1578 2473 1647 2508 ὑπὲρ
1662 2472 1752 2499 κοινοῦ
1767 2472 1811 2499 τοῦ

1027 2524 1188 2559 πράγματος
1204 2524 1218 2549 ὁ
1230 2523 1307 2555 λόγος
1320 2522 1398 2548 ἔστω,

191 2567 252 2589 erat
267 2563 314 2589 tibi
331 2564 475 2591 consilium
501 2572 624 2598 pravum.
639 2565 691 2597 Qui
714 2566 763 2596 sis.
780 2570 808 2592 et
826 2566 858 2593 de
872 2568 972 2602 quibus
992 2569 1132 2597 consulas,
1159 2567 1304 2594 considera
1321 2575 1327 2593 :
1343 2566 1425 2592 homo
1459 2564 1599 2595 nimirum,
1638 2563 1672 2590 de
1696 2563 1812 2590 homini-

192 2611 254 2640 bus.
277 2610 323 2644 qui
347 2611 414 2637 nihil
435 2612 462 2638 in
484 2615 510 2638 te
525 2612 675 2646 proprium,
694 2617 719 2639 et
745 2621 759 2639 a
784 2619 879 2640 natura
898 2617 1037 2643 communi
1051 2617 1206 2650 seiunctum
1222 2613 1341 2641 obtines.
1362 2613 1472 2640 Futnris
1498 2611 1532 2638 de
1562 2611 1644 2638 rebus
1676 2618 1710 2637 ne
1744 2616 1812 2644 prat-

191 2655 322 2693 jndicinm
347 2656 442 2683 facias.
468 2657 534 2685 Dum
550 2658 622 2685 enim
640 2658 811 2686 affectionem
854 2661 880 2687 in
904 2661 994 2688 alieno
1031 2670 1145 2697 corpore
1173 2661 1348 2695 conspicuam
1382 2659 1507 2689 damnas,
1534 2657 1667 2684 incertam
1699 2656 1733 2682 de
1759 2659 1814 2681 tota

193 2705 290 2728 natura
307 2701 471 2728 sententiam
485 2703 657 2737 pronuntias.
673 2703 740 2738 Ejus
760 2709 851 2731 autem
869 2709 975 2733 natura:
994 2710 1022 2733 tu
1039 2714 1148 2742 quoque
1161 2706 1298 2741 particeps
1315 2712 1356 2737 es,
1375 2709 1405 2730 ttt
1418 2703 1516 2737 reliqui
1552 2709 1658 2730 omnes.
1690 2699 1815 2735 Quapro-

194 2753 254 2783 pter
270 2752 398 2783 tanquam
416 2750 553 2778 communi
571 2750 605 2778 dc
620 2759 649 2778 re
662 2753 831 2780 consulatur.

227 2804 250 2819 “
270 2803 335 2832 Luc.
347 2813 374 2838 ι,
386 2804 420 2832 30
430 2813 490 2841 sqq.
