1912 3080
111 80 162 107 ΗἾ

690 83 733 110 DE
752 82 970 111 PAUPERIBUS
983 84 1145 111 AMANDIS.

1682 84 1734 109 ιττ

141 137 191 164 Διά
210 138 237 164 τί
253 139 343 165 τοίνυν
366 139 453 171 οὐδείς
472 148 512 166 σοι
533 139 587 166 τῶν
611 141 778 176 φαινομένων
794 139 883 172 οἶκτος

981 142 1036 169 Cur
1050 143 1141 177 igitur,
1160 150 1220 177 quae
1235 143 1261 169 in
1280 143 1339 169 aliis
1358 142 1433 169 vides
1449 142 1546 169 misera
1569 146 1596 169 et
1617 141 1732 169 calami-

106 184 277 219 εἰσέοχεται;
299 185 378 220 Ὁρᾷς
403 185 561 220 ἀνθρώπους
584 186 702 221 νομάδας
720 186 839 222 ὡσπερεὶ
861 186 895 213 τὰ

106 230 268 265 βοσκήματα
288 231 356 266 πρὸς
376 231 425 266 τὴν
440 231 488 266 τῆς
501 232 603 266 τροφῆς
623 231 715 266 χρείαν
730 232 894 266 ἐσκεδασμέ-

105 284 167 307 νους
180 276 276 311 -ρακία
287 277 518 312 περικεκτημένα,
528 277 606 303 τοῦτο
619 277 635 312 ἠ
649 277 729 312 ἐσθής
739 286 745 293 ·
763 277 895 312 βακτηρία

106 322 135 347 ἐν
151 323 208 353 ταῖς
223 322 311 357 χερσὶ,
327 322 404 349 τοῦτο
419 322 509 353 ὅπλον,
525 322 603 349 τοῦτο
619 322 726 358 ὄχημα·
742 323 802 349 οὐδὲ
823 324 894 358 αὑτὴ

104 367 247 399 δακτύλοις
271 368 449 403 κατεχομένη,
473 368 540 395 ἀλλά
555 377 625 395 τισιν
646 369 751 403 ὀχάνοις
765 369 832 404 πρὸς
844 370 893 400 τὰς

105 411 233 447 παλάμας
259 412 453 448 συνδεδεμένη⁴
480 414 554 448 πήρα
577 414 717 448 ῥωγαλέα,
741 414 787 440 καὶ
810 414 892 449 ἄρτου

103 459 221 493 τρύφοςο
240 459 337 494 εὺρῶτι
352 460 398 486 καὶ
411 459 535 495 σηπεδόνι
552 459 746 496 διεφθαρμένον
756 469 763 476 ·
776 461 792 495 ή
806 461 891 492 ἑστία,

103 506 118 531 ὀ
136 503 220 537 οἶκος,
237 507 253 540 ή
279 505 381 537 στιὸὰς,
398 505 413 539 ἡ
430 506 517 540 κλίνη,
531 506 561 532 τὸ
576 507 706 541 ταμιεῖον,
721 508 737 542 ἡ
759 506 890 541 τράπεζα,

103 552 178 578 πᾶσα
191 553 207 587 ὴ
222 550 268 577 τοῦ
285 552 341 587 βίου
358 552 529 587 παρασκευὴ,
546 553 562 587 ὴ
584 553 658 587 πήρα
672 553 754 578 ἐστίν.
772 551 848 584 Εἶτα,
861 553 891 579 οὑ

102 597 207 634 λογίζῃ,
217 598 258 629 τίς
270 599 284 623 ὑ
297 598 325 624 ἐν
338 598 442 629 τούτοις
459 597 496 624 ὢν
508 607 514 630 ;
527 599 587 625 ’Ὁτι
596 599 747 634 ἄνθρωπος.
760 599 774 624 ὁ
788 600 846 625 κατ’
858 600 892 625 εἰ-

102 643 169 669 κξνα
181 643 248 669 Θεοῦ
262 643 391 677 γεγονὼς,
408 644 422 668 ὁ
434 643 570 677 κυριεύειν
584 644 632 678 τῆς
645 644 695 678 γῆς
715 644 890 678 τεταγμένος,

101 688 279 723 ὀῦττοχείριον
295 689 343 723 τὴν
362 688 416 714 τῶν
430 688 691 724 ἀλόγωνύπηρεσίαν
710 689 795 723 ἔχων·
815 685 892 721 οὗτος

101 735 140 765 εἰς
158 732 237 759 τοῦτο
263 734 402 768 συμφορᾶς
422 733 469 759 καὶ
490 734 639 769 μεταϐολῆς
656 735 801 770 προῆλθεν,
822 735 892 761 ὥστε

102 779 254 814 ἀμφίϐολον
273 779 303 805 τὸ
322 779 483 814 φαινόμενον
508 778 588 812 εἶναι,
608 780 668 807 οὔτε
684 781 828 817 ἀνθρώπου
845 790 892 808 κα-

103 825 205 860 θαρῶς,
223 825 286 852 οὒτε
309 825 381 857 τινὸς
400 825 479 852 ἄλλου
501 826 555 852 τῶν
579 826 657 858 ζώων
681 828 780 863 ἐναργῆ
804 827 893 863 φέρων

102 871 145 905 ἐφ’
172 870 268 897 ἑαυτοῦ
294 870 328 897 τὰ
351 871 538 906 γνωρίσματα.
575 872 637 899 Ἐὰν
663 873 730 908 πρὸς
751 873 891 909 ἄνθρωπον

102 917 227 952 εἰκάσῃς,
253 917 374 952 ἀρνεῖται
392 917 440 952 τὴν
457 918 595 953 ἀμορφίαν
618 918 632 944 ὁ
653 919 796 954 χαρακτὴρ
817 919 831 944 ὁ
846 919 893 945 άν-

101 962 255 997 θρὼπινος·
283 962 330 988 ἐὰν
356 962 423 997 πρὸς
450 963 484 989 τὰ
508 963 592 996 ἄλογα
617 963 720 999 τρέψῃς
745 964 795 999 τὴν
817 965 892 990 εἰκα-

103 1007 182 1038 σίαν,
207 1007 267 1034 οὐδὲ
296 1008 386 1034 ἐκεῖνα
412 1008 461 1043 τὴν
489 1008 633 1043 ὁμοιότητα
659 1008 706 1036 τοῦ
730 1009 891 1044 φαινομένου

102 1053 257 1088 προσίεται.
273 1053 356 1080 Μόνοι
371 1053 485 1080 τοιοῦτοι
502 1055 570 1090 πρὸς
591 1055 688 1089 μόνους
705 1055 817 1086 ἑαυτοὺς
835 1054 893 1089 βλέ-

101 1107 211 1131 ποντες,
240 1099 288 1125 καὶ
315 1100 373 1134 μετ’
400 1099 521 1134 ἀλλήλων
546 1099 749 1135 ἀγελαζόμενοι,
774 1099 818 1126 διὰ
843 1100 892 1134 τὴν

100 1145 296 1181 ὁμοιοτροπίαν
318 1145 364 1171 τοῦ
387 1145 504 1177 πάθους·
526 1146 551 1172 οἱ
577 1147 632 1177 τοῖς
653 1146 701 1180 μὲν
724 1145 814 1176 ἄλλοις
837 1144 893 1179 βδε-

101 1190 195 1216 λυκτοὶ
210 1190 357 1225 γινόμενοι,
385 1189 514 1225 ἀλλήλους
530 1190 558 1216 δὲ
576 1191 620 1216 ὑπ’
644 1190 767 1225 ἀνάγκης
783 1190 813 1216 οὐ
831 1189 891 1224 βδε-

101 1236 274 1271 λυςσόμενοι.
313 1236 483 1271 Πανταχόθεν
517 1236 570 1271 γὰρ
598 1236 798 1271 ἐξειργόμενοι,
829 1235 892 1267 ἴδιος

101 1282 207 1315 γίνεται
231 1281 333 1316 δῆμος,
362 1281 430 1316 πρὸς
454 1282 583 1316 ἀλλήλους
612 1282 780 1317 συρρέοντες.
810 1281 892 1316 Ὁρᾷς

101 1328 165 1358 τοὺς
189 1328 317 1362 ἀτερπεῖς
340 1327 481 1362 χορευτὰς,
503 1327 548 1353 τὸν
571 1327 665 1362 γοερὸν
690 1327 736 1353 καὶ
760 1335 891 1353 κατεστυ-

99 1372 255 1407 γνασμένον
279 1373 371 1399 τοῦτον
397 1373 493 1407 χορόνς
523 1372 585 1403 Πῶς
606 1372 813 1407 ἑμπομπεύουσι
837 1372 892 1403 τοῖς

101 1418 206 1444 ἑαυτῶν
228 1418 431 1453 δυστυχήμασις
460 1417 520 1449 Πῶς
545 1417 730 1454 θεατρίςουσιν
749 1419 778 1444 ὲν
801 1418 891 1448 αὐτοῖς

101 1464 309 1500 ἀσχημονοῦσαν
339 1464 387 1499 τὴν
405 1464 504 1498 φύσιν.
532 1464 625 1499 ὥσπερ
651 1464 723 1496 τινὲς
753 1464 891 1499 θαυματο-

947 192 1018 219 tosa.
1030 197 1084 216 non
1098 197 1130 216 ea
1144 194 1169 216 te
1179 196 1256 223 aeque
1271 189 1303 215 ad
1315 189 1562 216 commiserandum
1577 189 1730 222 adducunt,

948 242 979 260 ac
991 235 1012 261 si
1034 235 1060 261 in
1076 239 1102 261 te
1126 235 1185 268 ipso
1207 235 1401 268 compiceres?
1424 233 1506 262 Vides
1532 235 1655 263 homines
1680 243 1733 262 no-

948 280 1041 307 mades
1062 285 1089 307 et
1104 287 1198 315 vagos,
1223 283 1352 313 tanquam
1368 287 1467 314 pecora
1490 280 1523 307 ad
1546 280 1731 315 comparanda

948 326 1049 353 cibaria
1072 326 1232 361 dissipatos.
1253 326 1302 352 His
1325 326 1486 353 vestimenta
1513 330 1577 353 sunt
1600 327 1729 359 lacerata,

948 380 980 399 ex
995 372 1098 399 attritis
1112 372 1276 398 centonibus
1289 376 1414 401 consuta.
1428 371 1455 398 in
1468 372 1593 399 manibus
1606 372 1729 404 baculus.

948 424 1000 443 non
1015 417 1049 443 ab
1067 417 1134 450 ipsis
1153 417 1244 451 digitis
1268 416 1494 450 comprehensus,
1516 416 1562 443 sed
1584 417 1650 444 loris
1664 417 1729 451 qui-

947 461 1061 488 busdam
1082 462 1115 488 ad
1140 462 1243 496 palmas
1266 462 1400 496 alligatus.
1426 461 1481 488 Hoc
1499 462 1536 488 illi
1555 470 1604 496 pro
1628 463 1728 497 gladio,

947 506 997 533 hoc
1017 514 1065 540 pro
1083 506 1207 533 vehiculo
1224 511 1339 533 utuntur
1355 515 1361 532 :
1381 507 1506 534 sacculus
1521 507 1608 538 adest,
1623 512 1651 534 et
1672 507 1728 534 fru-

947 557 1018 578 stum
1037 553 1115 587 panis
1133 552 1185 579 situ
1206 553 1332 586 carieque
1349 551 1513 579 confectum.
1527 553 1593 580 Pera
1607 554 1727 586 rimosa;

947 597 973 623 in
994 597 1045 623 hac
1069 597 1122 623 illis
1139 603 1166 623 et
1185 596 1273 627 focus.
1291 601 1317 623 et
1340 597 1449 629 domus,
1473 603 1500 625 et
1520 598 1681 633 stragulum,
1703 602 1730 626 et

947 643 1072 674 lectulus,
1099 647 1125 670 et
1144 651 1224 677 penu.
1250 647 1277 670 et
1301 650 1406 675 mensa,
1424 644 1514 671 onmis
1528 644 1645 678 denique
1664 651 1731 678 sup-

947 689 1035 723 pellex
1052 689 1113 715 vita:
1129 689 1155 715 in
1173 689 1225 716 hac
1245 697 1308 723 pera
1324 690 1460 716 consistit.
1480 690 1515 716 At
1532 695 1558 717 tu
1584 691 1640 717 haec
1658 691 1730 724 aspi-

946 735 998 766 cis,
1015 736 1118 770 etquis
1138 736 1164 762 in
1183 737 1236 764 illis
1251 737 1297 768 sit.
1316 737 1426 763 minime
1442 737 1556 770 cogitas.
1577 735 1625 763 Hic
1645 736 1728 768 enim,

947 780 969 807 si
984 781 1082 810 nescis,
1100 785 1141 807 est
1158 781 1249 812 homo,
1263 782 1352 808 factus
1368 780 1400 807 ad
1419 781 1561 815 imaginem
1580 780 1637 807 Dei.
1649 780 1728 812 Huic,

910 821 930 849 Β
946 831 974 853 ιιι
988 830 1068 853 terra:
1088 827 1245 854 dominetur
1267 834 1426 854 concessum
1444 831 1508 857 est;
1528 826 1591 853 huic
1611 826 1639 852 in
1660 826 1728 853 reli-

943 879 996 906 qua
1015 872 1143 899 animalia
1166 872 1258 899 datum
1277 872 1431 907 imperium.
1450 873 1487 898 Eo
1503 877 1591 899 tamen
1615 871 1729 898 calami-

944 922 999 945 tate
1020 918 1147 945 redactus
1161 922 1212 950 est,
1229 922 1311 952 atque
1332 918 1372 944 sic
1386 918 1510 945 inversus
1525 922 1577 948 est,
1590 922 1629 947 ut.
1645 917 1727 952 quid-

943 971 1004 991 nam
1031 963 1078 995 sit,
1104 964 1268 998 ambigatur.
1294 963 1361 990 Nam
1387 971 1475 998 neque
1496 962 1614 989 hominis
1637 962 1727 996 plane.

943 1017 1032 1044 neque
1051 1009 1166 1036 aliorum
1185 1009 1365 1036 animantium
1381 1009 1543 1043 cujusquam
1561 1008 1661 1035 indicia
1673 1015 1728 1042 prae

943 1063 972 1082 se
988 1055 1049 1082 fert.
1072 1054 1100 1081 Si
1116 1062 1178 1081 cum
1197 1055 1306 1081 homine
1328 1054 1464 1084 conferas,
1483 1053 1583 1088 eliigies
1608 1053 1727 1080 humana

943 1099 1045 1134 respuit
1060 1106 1119 1126 eam
1135 1098 1350 1131 deformitatem;
1367 1097 1390 1124 si
1414 1104 1477 1124 cum
1502 1095 1617 1124 rationis
1630 1102 1729 1130 exper-

943 1146 1017 1173 tibus
1033 1144 1209 1174 animalibus.
1237 1152 1268 1171 ea
1292 1150 1401 1178 quoque
1416 1142 1622 1170 similitudinem
1650 1141 1727 1176 ejus-

943 1191 1016 1218 modi
1038 1198 1091 1217 non
1109 1189 1267 1217 admittunt.
1285 1189 1341 1216 Soli
1363 1189 1447 1223 igitur
1463 1189 1496 1215 ad
1520 1195 1550 1215 se
1565 1188 1638 1221 ipsos
1654 1188 1727 1214 solos

942 1237 1103 1272 respiciunt,
1130 1241 1157 1263 et
1181 1236 1298 1263 miseria),
1322 1234 1500 1263 similitudine
1521 1234 1593 1261 inter
1616 1241 1645 1261 se
1661 1241 1728 1260 con-

942 1286 1098 1317 gregantur.
1114 1281 1164 1314 Qui
1186 1281 1220 1307 ab
1238 1281 1299 1308 aliis
1325 1280 1524 1314 despiciuntur,
1550 1286 1580 1307 se
1605 1279 1656 1313 ipsi
1672 1286 1728 1313 pra:

942 1326 1107 1354 necessitate
1126 1334 1182 1352 non
1200 1325 1366 1365 despiciunt.
1388 1324 1515 1359 Undique
1536 1324 1644 1359 expulsi
1659 1331 1727 1351 con-

942 1374 1030 1399 linunt
1044 1380 1127 1399 unum
1150 1372 1178 1399 in
1192 1372 1293 1403 locum,
1316 1376 1342 1398 et
1364 1370 1502 1406 proprium
1518 1369 1661 1404 quemdam
1677 1376 1728 1404 po-

941 1420 1034 1453 puium
1055 1418 1212 1445 coniiciunt.
1236 1415 1318 1444 Vides
1343 1416 1467 1443 homines
1490 1415 1655 1450 injucundos
1679 1414 1728 1442 lle-

942 1465 1023 1491 bilem
1050 1464 1212 1497 tristemque
1233 1462 1345 1489 chorum
1370 1461 1528 1489 eﬂicientes.
1550 1460 1585 1487 At
1609 1468 1674 1488 vero
1698 1464 1728 1487 ut

102 1512 174 1537 ποιοῖ
201 1510 250 1540 τὰς
279 1511 461 1546 πολυτρόπους
488 1511 641 1546 ἀρρωστίας
669 1511 724 1541 τοῖς
754 1509 890 1536 συνιοῦσιν

943 1511 1011 1545 ipsis
1028 1517 1089 1537 sese
1102 1507 1441 1544 quodammodojaetitant
1458 1506 1677 1534 calamitatibus?
1694 1505 1728 1534 Ut

101 1557 114 1582 ὲ
119 1556 238 1583 πιδεικνύ
243 1565 317 1591 μενοι
327 1565 333 1587 ;
345 1557 457 1590 Ποιηταὶ
469 1564 514 1589 γοε
518 1555 571 1592 ρῶν
587 1555 693 1590 μελῳδη
698 1555 801 1590 μάτων,
816 1555 892 1590 μελο-

102 1603 174 1629 ποιοὶ
186 1602 240 1628 τῶν
266 1602 390 1637 πονηρῶν
410 1602 521 1628 ἐκείνων
538 1602 666 1636 ᾀσμάτων
676 1610 682 1616 ⁸
695 1602 828 1636 τραγῳδοὶ
843 1602 891 1636 τῆς

100 1649 182 1683 κενῆς
189 1648 290 1682 ταύτης
298 1649 344 1674 καὶ.
352 1647 499 1682 δυστυχοῦς
514 1646 675 1682 τραγῳδίας,
683 1647 732 1673 οὐκ
740 1647 890 1682 ἀλλοτρίοις

100 1693 300 1728 τραγῳδήμασι
315 1693 382 1727 πρὸς
395 1692 428 1718 τὰ
445 1692 516 1726 πάθη
530 1691 664 1727 χρώμενοι
675 1702 682 1707 ·
694 1692 761 1718 ἀλλὰ
775 1692 819 1718 διὰ
834 1691 889 1717 τῶν

100 1738 209 1764 οἰκείων
222 1737 315 1763 κακῶν
333 1737 382 1772 τὴν
398 1736 498 1772 σκηνὴν
520 1736 694 1772 πληροῦντες.
711 1734 762 1763 Οἷα
777 1737 812 1763 τὰ
821 1737 888 1771 σχή-

103 1784 192 1818 ματαί
208 1781 251 1809 οἶα
264 1783 298 1809 τά
314 1783 485 1818 διηγήμαται
503 1782 534 1808 Τί
548 1782 574 1808 δὲ
587 1782 719 1815 λεγόντων
736 1781 887 1817 ἁκούομενς

103 1830 166 1861 Πῶς
178 1829 253 1864 παρὰ
274 1828 327 1855 τῶν
339 1827 545 1863 γεννησαμένων
561 1827 726 1862 ἀπώσοησαν
741 1828 784 1854 ἐπ’
802 1828 890 1854 οὐδενὶ

103 1875 253 1909 ἀδικήματι
264 1882 270 1904 ;
283 1873 343 1905 Πῶς
355 1873 550 1899 ἀπελαύνονται
568 1873 702 1907 συλλόγων
717 1873 891 1908 κοινῶν,ὲορ-

102 1921 158 1947 τῶν
175 1929 204 1946 τε
224 1920 270 1946 καὶ
283 1919 471 1954 πανηγύρεων,
490 1918 584 1954 ὥσπερ
600 1919 756 1954 ἀνδροφόνοι
773 1920 854 1951 τινὲς,
873 1919 889 1955 ἢ

103 1966 276 2001 πατραλοῖαι,
289 1967 321 2000 τῇ
337 1965 465 2000 ἀειφυγίᾳ
477 1965 650 2000 κατάκριτοι,
671 1965 770 2000 μᾶλλον
791 1965 820 1991 δὲ
845 1965 891 1991 κά-

101 2013 201 2039 κείνων
218 2011 360 2046 παραπολῦ
376 2010 581 2045 δυστυχέστεροι
593 2019 599 2025 ·
617 2011 674 2044 εἴγε
691 2012 747 2042 τοῖς
763 2010 891 2045 ἀνδροφό-

101 2068 159 2090 νοις
176 2059 225 2093 μὲν
241 2058 354 2090 ἔξεστιν,
379 2056 494 2091 ἀλλαχοῦ
512 2057 676 2091 μεταστᾶσιν
694 2057 763 2092 μετὰ
787 2056 889 2091 ἀνθρώ-

103 2114 164 2132 πων
180 2104 243 2140 ζῇιν
262 2101 334 2130 οὗτοι
350 2103 379 2130 δὲ
405 2103 479 2138 μόνοι
498 2102 552 2129 τῶν
574 2103 682 2129 πάντων
705 2102 891 2137 ἁπανταχόθεν

102 2151 297 2186 ἀπείργονται,
318 2149 355 2180 ὠς
378 2148 460 2174 κοινοί
483 2156 553 2179 τινες
571 2147 790 2182 ἀποδεδειγμένοι
812 2147 889 2175 πολέ-

105 2203 161 2229 μιοι
173 2203 179 2209 ⁸
198 2193 227 2219 οὺ
249 2194 347 2227 στέγης
368 2193 441 2227 μιᾶς,
457 2193 486 2219 ού
501 2192 639 2227 τραπέζης
656 2192 757 2226 κοινῆς.
777 2192 806 2218 οὺ
830 2193 892 2227 χρή-

103 2248 173 2270 σεως
193 2238 296 2265 σκευῶν
321 2238 482 2273 ἀξιούμενοι.
509 2239 563 2264 Καὶ
588 2237 664 2264 οὔπω
687 2237 766 2264 τοῦτο
789 2238 889 2264 δεινόν·

102 2286 160 2313 ἀλλ’
180 2285 240 2311 οὐδὲ
257 2285 343 2319 πηγαὶ
358 2284 468 2319 βρύουσι
486 2284 590 2315 τούτοις
612 2283 679 2318 πρὸς
703 2285 766 2315 τοὺς
787 2283 892 2318 ἀνθρώ-

104 2338 172 2361 πους
192 2329 290 2359 κοιναὶ,
308 2329 367 2354 οὐδὲ
394 2329 511 2363 ποταμοὶ
534 2328 704 2354 πιστεύονται
721 2328 797 2354 οὐδὲν
813 2329 893 2363 ἐφέλ-

104 2375 201 2402 κεσθαι
220 2375 266 2401 τοῦ
283 2375 333 2408 τῆς
353 2374 507 2409 ἀρρωστίας
535 2374 712 2409 μολύσματος.
740 2374 799 2401 Κᾶν
820 2375 892 2401 κύων

104 2421 176 2457 λάψῃ
195 2420 240 2446 τοῦ
255 2419 350 2451 ὓδατος
367 2422 398 2454 τῇ
413 2420 551 2455 αἱμοϐόρῳ
567 2420 684 2455 γλώσσῃ,
700 2420 747 2446 οὐκ
763 2420 891 2455 ἐνομίσθη

104 2465 247 2501 βδελυκτδν
264 2465 307 2491 διὰ
330 2465 359 2490 τὸ
375 2465 467 2499 θηρίον
493 2465 522 2490 τὴ
547 2464 617 2500 ὕδωρ
629 2474 635 2479 υ
651 2466 696 2491 ἐὰν
714 2466 727 2491 ὸ
753 2466 892 2500 ἄρρωστος

104 2510 276 2546 προσεγγίσῃ
300 2508 338 2544 τῷ
364 2509 457 2540 ὕδατι,
485 2509 565 2538 εὐθὺς
588 2509 766 2544 ἀπεκηρύχθη
794 2511 840 2536 καὶ
863 2511 893 2536 τὺ

104 2557 178 2592 ὕδωρ
192 2556 237 2582 διὰ
250 2556 295 2581 τὸν
318 2554 470 2590 ἄνθρωπον.
488 2555 579 2581 Ταῦτα
591 2555 781 2589 διεξέρχονται,
807 2555 893 2581 ταῦτα

103 2603 263 2638 ὀδύρονται·
283 2600 328 2627 διὰ
348 2601 426 2626 τοῦτο
443 2601 581 2635 ῥίπτουσιν
598 2602 708 2632 ἑαυτοὺς
736 2602 796 2627 κατ’
808 2602 893 2635 ἀνάγ-

104 2658 156 2684 κην
172 2648 241 2683 πρὸς
262 2646 316 2673 τῶν
343 2645 493 2681 ἀνθρώπων
508 2646 532 2671 οἱ
547 2646 666 2676 δείλαιοι,
691 2646 777 2672 ἱκέται
794 2646 893 2678 παντὸς

103 2693 151 2720 τοῦ
178 2692 432 2728 παρατυγχάνοντος
463 2691 608 2726 γινόμενοι.
637 2691 770 2723 Πολλάκις
795 2692 893 2718 ἐπεδά-

103 2748 195 2773 κρυσα
209 2738 247 2773 τῷ
261 2738 414 2774 σκυθρωπῷ
433 2737 519 2772 τούτῳ
536 2737 661 2772 θεάματι,
683 2737 811 2769 πολλάκις
826 2738 894 2773 πρὸς

103 2785 190 2820 αὐτὴν
213 2785 262 2820 τὴν
285 2783 365 2818 φύσιν
390 2782 615 2819 ἀπεδυσπέτησα·
644 2783 691 2810 καὶ
709 2782 757 2810 νῦν
777 2783 844 2819 πρὸς
860 2784 893 2819 τῇ

943 1557 971 1583 in
1004 1564 1034 1583 se
1061 1555 1128 1590 ipsis
1157 1559 1284 1581 naturam
1311 1557 1451 1580 ostentant
1473 1552 1665 1587 deturpatam?
1694 1551 1728 1580 Ut

942 1603 1034 1630 varios
1050 1600 1276 1629 convenientibus
1291 1603 1421 1633 tanquam
1433 1598 1645 1633 praestigiatores
1664 1597 1728 1632 qui-

942 1649 1003 1676 dam
1030 1648 1140 1674 morbos
1164 1645 1374 1673 demonstrant?
1393 1643 1484 1671 Poetae
1505 1644 1658 1671 carminum
1684 1644 1728 1670 lu-

942 1700 1112 1724 cluosorum,
1127 1691 1246 1719 tristium
1269 1690 1458 1717 narrationum
1476 1689 1644 1720 inventores,
1661 1695 1724 1721 gra-

941 1740 1016 1766 vium
1049 1738 1157 1765 illarum
1187 1736 1369 1763 modulatores
1402 1735 1571 1767 cantionum,
1600 1740 1728 1762 auctores

942 1793 1019 1812 nova:
1038 1784 1117 1811 istius
1141 1782 1301 1816 miseraeque
1326 1781 1475 1816 tragmdiae.
1504 1780 1531 1807 in
1549 1787 1602 1815 qua
1622 1787 1676 1807 non
1693 1788 1726 1807 ex

942 1831 1050 1861 alienis,
1064 1829 1111 1857 sed
1127 1836 1159 1856 ex
1176 1827 1296 1862 propriis
1311 1826 1514 1853 calamitatibus
1537 1826 1662 1859 exempla
1678 1833 1727 1852 su-

942 1882 1020 1903 munt
1042 1876 1075 1902 ad
1093 1873 1291 1909 permovendos
1306 1872 1425 1903 animos,
1451 1875 1532 1906 atque
1551 1872 1588 1898 ita
1609 1871 1662 1899 sibi
1677 1878 1728 1898 au-

942 1922 1072 1951 dientiam
1089 1921 1194 1948 faciunt
1213 1929 1218 1946 :
1233 1919 1255 1946 Ο
1278 1926 1338 1954 qua
1355 1919 1457 1954 ﬁgurae,
1472 1918 1542 1945 bone
1563 1917 1645 1948 Dens.
1667 1925 1729 1953 qua:

942 1968 1127 1997 narrationes!
1153 1966 1217 2001 quid
1244 1965 1319 2000 ipsos
1342 1964 1464 1993 dicentes
1486 1964 1634 1992 audimus?
1655 1964 1728 1997 Quo-

942 2015 1023 2042 modo
1046 2014 1081 2041 ab
1105 2014 1167 2044 illis,
1190 2011 1237 2046 qui
1265 2012 1338 2045 ipsos
1361 2015 1551 2045 procrearunt,
1580 2009 1656 2037 nulla
1677 2017 1727 2037 sua

942 2060 1020 2094 culpa
1047 2058 1140 2093 rejecti
1161 2056 1244 2084 sunt?
1273 2055 1415 2089 Quomodo
1439 2055 1614 2089 expelluntur
1629 2054 1727 2081 ecivi-

941 2104 1061 2131 tatibus?
1088 2101 1229 2135 Quomodo
1258 2108 1291 2127 ex
1313 2099 1456 2134 colloquiis
1479 2099 1681 2132 communibus,
1693 2107 1727 2126 ex

943 2149 1061 2185 publicis
1084 2148 1214 2182 festisque
1241 2146 1420 2174 conventibus
1443 2145 1637 2177 extruduntur,
1663 2148 1726 2171 tan--

943 2204 1023 2231 quam
1039 2195 1192 2224 homicidae,
1209 2198 1338 2227 tanquam
1354 2191 1499 2227 parricidae
1514 2190 1612 2218 exsilio
1631 2198 1727 2226 perpe-

943 2248 990 2269 tuo
1016 2240 1155 2272 mulctati,
1186 2239 1242 2266 imo
1269 2246 1350 2273 quam
1376 2238 1416 2265 illi
1444 2238 1521 2272 longe
1547 2237 1724 2265 inleliciores!

944 2287 1084 2322 Siquidem
1106 2284 1251 2312 homicidis
1276 2284 1364 2312 solum
1382 2283 1552 2311 vertentibus
1574 2283 1639 2310 licet
1662 2283 1726 2310 alibi

943 2340 1004 2360 cum
1024 2330 1182 2358 hominibus
1200 2330 1300 2357 vivere.
1329 2329 1364 2355 At
1391 2328 1436 2356 isti
1452 2329 1575 2355 omnium
1598 2328 1648 2356 soli
1671 2332 1727 2355 tan-

943 2385 1023 2413 quam
1044 2383 1203 2404 conunnnes
1223 2374 1355 2402 declarati
1379 2374 1473 2402 hostes
1495 2374 1615 2408 undique
1633 2377 1726 2401 extur-

944 2424 1043 2451 bantur
1060 2426 1090 2449 ut
1102 2430 1196 2449 canes.
1210 2420 1301 2454 Quid?
1318 2420 1390 2455 quod
1411 2420 1506 2447 eodem
1530 2424 1613 2451 tecto.
1631 2420 1726 2447 eadem

944 2476 1048 2500 mensa,
1076 2468 1170 2495 eodem
1197 2459 1324 2494 vasorum
1358 2475 1408 2494 usu
1426 2466 1586 2501 judicantur
1608 2466 1728 2501 indigni?

943 2515 1032 2548 Quid?
1048 2514 1119 2549 quod
1131 2514 1212 2549 quasi
1227 2514 1284 2541 haec
1297 2514 1363 2540 satis
1377 2512 1471 2548 gravia
1487 2520 1539 2539 non
1555 2512 1620 2542 sint,
1633 2519 1728 2539 arcen-

944 2565 988 2587 tur
1006 2568 1020 2586 a
1036 2548 1168 2590 fontibus.
1186 2559 1232 2594 qui
1256 2558 1369 2593 reliquis
1390 2548 1546 2584 hominibus
1570 2561 1634 2584 sunt
1653 2565 1730 2585 com-

943 2606 1053 2632 munes?
1069 2605 1127 2639 Ipsa
1143 2605 1208 2639 quin
1222 2604 1303 2631 etiam
1319 2603 1430 2630 ﬂumina
1445 2603 1592 2630 creduntur
1606 2603 1726 2637 ipsorum

944 2651 1104 2685 asgritudine
1127 2649 1309 2684 coinquinari.
1334 2647 1363 2674 Si
1391 2648 1483 2682 lingua
1511 2650 1623 2673 cruenta
1650 2645 1729 2673 canis

944 2704 1042 2731 aquam
1060 2695 1196 2727 Iamberit,
1217 2702 1271 2721 non
1295 2701 1354 2721 eam
1375 2693 1478 2720 idcirco
1493 2696 1625 2725 respuunt
1642 2689 1729 2717 homi-

944 2751 993 2769 nes
1008 2752 1014 2768 :
1029 2745 1056 2767 at
1072 2742 1094 2768 si
1109 2741 1142 2768 ad
1162 2741 1234 2767 illam
1249 2746 1319 2774 aeger
1343 2737 1502 2768 acceSSerit,
1516 2735 1649 2763 continuo
1664 2742 1726 2770 pro-

945 2792 1005 2819 pter
1021 2787 1156 2815 hominem
1175 2787 1234 2822 ipsa
1251 2792 1359 2820 quoque
1381 2792 1451 2819 aqua
1473 2781 1644 2818 detestabilis
1661 2789 1729 2816 prai-
