1912 3080
191 85 242 112 ΠΕ)

813 86 841 114 S.
863 85 1027 113 GREGORH
1052 85 1201 113 NYSSEl‘H

1769 84 1819 110 5“”

190 143 308 169 dicatur.
326 141 388 170 llaec
401 146 543 175 enarrant,
559 142 618 170 haec
631 142 774 178 deplorant
788 152 795 170 :
811 144 846 171 ob
862 144 919 171 haec
931 152 979 172 ne-

1036 144 1125 179 avﬁpn
1142 142 1302 178 συγχέομαι.
1320 139 1396 168 Εἶδον
1411 141 1495 173 πάθος
1510 140 1634 172 ἐλεεινὸν,
1648 137 1717 165 εἷὼν
1730 138 1818 173 Θέαμα

190 189 313 216 cessario
328 196 358 216 se
371 188 404 215 ad
427 189 566 215 hominum
585 188 668 223 pedes
682 189 816 223 abjiciunt
832 190 935 221 miseri.
951 194 979 218 et

191 235 322 263 omnibus
332 235 543 263 occurrentibus
556 235 721 270 supplicant.
739 234 814 270 Saepe
827 236 899 263 tristi
917 243 978 271 spe-

191 281 503 316 ctaculoillaerytnavi;
532 288 603 315 saape
632 281 666 308 de.
695 285 793 308 natura
812 286 980 316 conquestus

193 335 266 359 sum,
281 332 307 354 et
321 334 352 354 ea
368 335 410 354 me
428 327 582 354 recordatio
604 327 789 362 memoriaque
803 335 876 354 nunc
896 329 978 355 etiam

194 377 284 400 movet
310 377 392 407 atque
416 373 566 408 perturbat.
594 372 656 400 Vidi
680 374 869 408 aegritudinem
897 374 979 400 mise-

194 420 323 453 randam;
351 420 404 446 vidi
427 420 614 454 spectaculum
645 420 754 454 plenum
773 420 978 454 lacrymarum;

192 463 271 497 juxta
287 463 347 490 vias
364 463 496 493 celebres.
521 467 547 489 et
565 470 579 489 a
601 463 830 497 pratereuntibus
853 463 980 497 frequen-

195 513 268 536 tatas
278 509 371 544 jaceut
385 510 520 539 homines.
538 509 594 536 imo
610 517 644 537 ne
660 509 783 537 homines
795 509 917 544 quidem,
932 508 980 536 sed

195 553 320 581 infelices
343 555 484 581 hominum
503 554 632 589 reliquias,
654 554 741 589 signis
755 559 783 582 et
806 555 915 582 indiciis
930 555 978 581 ali-

195 599 297 633 quibus
322 599 484 634 indigentes.
503 603 532 626 ut
558 607 587 626 se
610 599 735 627 homines
754 607 815 627 esse
836 600 914 627 ﬁdem
941 600 980 627 fa-

196 646 279 672 ciant.
302 644 395 680 Ncque
409 646 481 672 cnim
499 654 532 673 ex
556 651 661 673 natura:
686 646 758 673 uotis
771 645 919 681 quidquam
939 652 981 673 est

196 691 344 724 reliquom,
362 695 391 717 ut
409 692 519 726 agnosci
536 692 653 726 possint.
677 691 708 718 lli
730 692 780 718 soli
803 700 835 719 ex
854 693 981 720 omnilms

197 744 226 763 se
247 736 322 771 ipsos
344 737 471 767 oderunt.
499 737 549 764 soli
577 737 649 764 diem
664 745 743 764 suum
767 738 884 765 natalem
905 745 979 765 exse-

197 786 319 811 crantur.
346 789 378 808 ac
396 782 458 816 jure
477 782 587 816 quidem
608 783 781 810 detestantur
803 783 879 810 illum
897 784 979 814 diem.

197 827 244 860 qui
273 826 334 853 talis
357 827 420 853 vitae
450 827 613 862 principium
640 826 700 854 fuit.
726 825 856 854 Homines
883 827 930 862 qui
952 835 982 854 se

197 872 335 898 communi
351 873 532 907 appellatione
547 873 689 900 nominare
699 873 877 905 erubescunt,
896 881 930 900 ne
949 880 982 900 ex

197 918 257 953 ipsa
289 918 408 946 nominis
434 919 627 946 communione
660 924 786 946 naturam
810 927 982 946 communem

197 963 371 991 dedecorant.
387 963 499 998 Semper
515 965 541 991 in
559 965 678 992 miseriis
690 965 772 992 vitam
787 965 905 1000 degunt;
922 972 983 999 per-

197 1013 306 1044 petuam
327 1010 417 1037 luctus
434 1011 575 1037 materiam
592 1011 702 1038 habent.
720 1011 845 1044 Quandiu
864 1012 936 1039 enim
954 1019 984 1039 se

198 1054 274 1088 ipsos
290 1055 437 1089 aspiciunt.
453 1055 547 1082 tandiu
564 1056 671 1091 lugendi
687 1057 786 1084 habent
799 1057 981 1084 occasionem.

199 1100 327 1128 Dubitant
363 1107 451 1128 autem
478 1109 547 1136 quas
576 1103 663 1137 magis
691 1103 833 1138 deplorent
860 1104 984 1138 corporis

199 1151 300 1182 partes,
315 1156 409 1178 easne,
426 1156 487 1183 qum
515 1156 570 1175 non
592 1149 692 1176 adsunt
710 1150 838 1184 amplius,
856 1157 890 1177 an
911 1151 983 1183 illas,

199 1200 260 1226 quae
282 1199 439 1228 supersunt.
463 1193 536 1226 Quas
554 1195 666 1222 morbus
689 1195 850 1230 absumpsit,
875 1203 909 1223 an
924 1204 984 1231 quae

199 1240 295 1265 morbo
309 1240 409 1266 relicta:
421 1244 485 1266 sunt
500 1240 685 1268 absumendaa.
702 1239 886 1269 Dolendumne
899 1243 984 1276 magis

199 1284 246 1315 sit,
264 1284 337 1318 quod
352 1284 378 1310 in
398 1292 427 1312 se
440 1284 507 1318 ipsis
521 1291 568 1311 eas
579 1285 706 1312 miserias
725 1289 848 1315 cernant.
866 1293 900 1312 an
912 1286 984 1320 quod

199 1336 248 1357 eas
269 1329 393 1363 adempta
419 1330 502 1356 etiam
528 1330 624 1357 morbo
643 1330 750 1358 videndi
777 1330 916 1362 facultate,
942 1331 984 1357 in-

199 1375 268 1402 tueri
285 1383 338 1402 non
353 1376 468 1409 possint.
483 1375 561 1408 Quod
575 1376 641 1403 talia
654 1377 687 1404 de
703 1385 732 1404 se
748 1385 861 1404 narrare
872 1382 984 1412 queant,

199 1427 233 1446 an
243 1420 315 1455 quod
333 1421 385 1447 sibi
402 1422 435 1447 ab
452 1421 511 1456 ipso
527 1422 623 1448 morbo
638 1427 730 1456 erepta
748 1423 830 1449 etiam
849 1431 924 1456 voce,
950 1431 984 1451 ne

1029 189 1154 224 δακρύων
1173 188 1295 223 πλῆρες·
1323 187 1480 221 πρόκεινται
1502 185 1572 212 κατὰ.
1594 185 1643 216 τὰς
1663 184 1741 215 ὀδοὺς
1765 183 1819 209 τῶν

1030 234 1181 269 παριόντων
1207 233 1361 268 ἄνθρωποι·
1387 231 1486 267 μᾶλλον
1503 231 1531 257 δὲ
1554 231 1645 257 οὐκέτι
1668 229 1817 264 ἄνθρωποι,

1030 280 1098 306 ἀλλὰ
1110 279 1165 306 τῶν
1178 287 1243 306 ποτε
1257 278 1408 313 ἀνθρώπων
1425 278 1505 305 ἄθλια
1520 277 1649 311 λείψανα,
1674 276 1818 311 συμὸόλων

1029 326 1110 352 τινῶν
1124 326 1171 352 καὶ
1187 325 1382 359 γνωρισμάτων
1399 326 1439 356 εἰς
1451 324 1481 350 τὸ
1497 324 1674 357 πιστευθῆναι
1687 322 1817 357 δεόμενοι.

1030 373 1067 398 Οὐ
1090 371 1145 407 γὰρ
1161 372 1267 406 ἔχουσιν
1291 371 1344 398 ἀπὺ
1366 371 1421 397 τῶν
1439 371 1490 405 τῆς
1508 370 1614 404 φύσεως
1637 370 1819 406 χαρακτήρων

1030 417 1259 452 ἐπι-γινώσκεσθαι
1282 417 1420 451 ἄνθρωποι
1433 437 1440 448 ,
1469 416 1543 451 μόνοι
1556 416 1610 442 τῶν
1631 416 1742 442 πάντων
1756 417 1819 442 ἐαυ-

1030 465 1093 495 τοὺς
1122 463 1281 498 μισοῦντες,
1310 463 1385 498 μόνοι
1412 463 1461 498 τὴν
1484 462 1619 496 γενέθλιον
1647 462 1756 497 ἡμέραν
1777 460 1820 486 διὰ

1031 509 1152 544 κατάρας
1167 509 1279 542 ἄγοντες
1290 528 1297 539 ,
1316 507 1424 543 μισοῦσι
1441 507 1495 542 γὰρ
1513 507 1626 537 εἰκότως
1647 505 1696 540 τὴν
1712 505 1819 540 ἡμέραν

1031 557 1149 591 ἐκείνην,
1173 555 1223 590 τὴν
1244 555 1365 590 ἄρξασαν
1389 554 1481 586 αὑτοῖς
1501 554 1551 588 τῆς
1582 552 1710 588 τοιαύτης
1735 551 1818 585 ζωῆς.

1033 602 1197 638 Ἄνθρωποι,
1215 601 1240 628 οἳ
1257 602 1305 628 καὶ
1324 600 1469 636 ὀνομάζειν
1487 600 1601 630 ἑαυτοὺς
1617 599 1671 625 ἀπὸ
1693 598 1744 633 τῆς
1768 607 1821 624 κοι-

1031 650 1079 685 νῆς
1093 648 1278 685 προσηγορεας
1291 647 1464 682 αἰσχύνονται
1475 655 1481 661 ι
1495 647 1533 678 ὡς
1548 646 1580 672 Ξιν
1593 645 1630 680 μὴ
1643 646 1675 680 τῇ
1692 644 1820 680 κοινωνίᾳ

1031 697 1078 722 τοῦ
1100 696 1230 728 ὀνόματος
1249 695 1299 730 τὴν
1318 694 1410 729 κοινὴν
1430 692 1510 727 φύσιν
1526 693 1558 719 δι’
1572 691 1677 718 ἑαυτῶν
1694 691 1821 725 καθυϐρί-

1033 750 1123 768 σειαν”
1141 742 1274 777 οτμωγαῖς
1294 740 1339 767 ἀεὶ
1362 740 1506 772 συζῶντες,
1525 739 1664 766 ἄπαυστον
1680 738 1736 764 τῶν
1753 737 1820 772 θρὴσ

1032 795 1085 814 νων
1106 786 1155 822 τὴν
1180 785 1308 812 ὑπόθεσιν
1336 785 1452 821 ἔχοντες.
1482 785 1555 816 Ἕως
1573 784 1627 819 γὰρ
1651 783 1684 810 ἂν
1708 783 1822 814 ἑαυτοὺς

1034 832 1178 868 βλέπωσιν,
1203 831 1246 858 ἀεὶ
1267 831 1317 863 τὰς
1340 831 1387 857 τοῦ
1415 831 1522 865 θρηνεῖν
1548 829 1654 864 ἔχουσιν
1674 828 1821 864 ἀφορμάς·

1033 877 1208 913 ἀποροῦντες,
1228 877 1278 903 ὅτι
1295 876 1341 903 καὶ
1367 875 1466 911 μᾶλλον
1489 875 1640 910 ὀδύρονται,
1663 875 1699 901 τὰ
1724 873 1823 910 μηκέτι

1032 923 1096 949 ὅντα
1111 922 1156 949 τοῦ
1170 921 1305 957 σώματος,
1322 921 1338 955 ἦ
1353 921 1388 947 τὰ
1403 920 1551 956 λειπόμενα
1561 929 1569 935 ·
1595 921 1645 946 ὅσα
1667 919 1825 954 προανήλω-

1034 978 1079 996 σεν
1096 970 1112 1003 ἡ
1137 969 1224 999 νόσος,
1243 967 1259 1003 ἢ
1278 967 1328 994 ὅσα
1353 967 1385 1002 τῇ
1406 966 1475 1000 νόσῳ
1493 965 1631 992 λείπεταν
1652 965 1693 991 ὅτι
1714 963 1824 999 βλέπου-

1034 1024 1075 1040 σιν
1091 1015 1134 1048 ἐφ’
1147 1013 1249 1040 ἑαυτῶν
1264 1012 1298 1039 τὰ
1307 1011 1427 1043 τοιαῦτα,
1441 1011 1458 1046 ἢ
1472 1011 1513 1037 Em
1525 1010 1585 1037 οὐδὲ
1597 1010 1704 1045 βλέπειν
1721 1009 1824 1045 ἰσχύου-

1035 1067 1086 1089 σιν,
1106 1057 1316 1094 ἀμαυρωθείσης
1343 1058 1372 1084 ὲν
1396 1055 1435 1090 τῷ
1458 1055 1538 1083 πάθει
1571 1056 1621 1090 ’τῆς
1651 1055 1756 1090 ὅψεως·
1780 1055 1822 1080 ὅτι

1034 1105 1146 1132 τοιαῦτα
1163 1104 1254 1139 έχουσι.
1276 1103 1339 1138 περὶ
1356 1101 1462 1129 ἑαυτῶν
1480 1101 1643 1136 διηγεῖσθαι,
1667 1101 1684 1135 ἦ
1708 1101 1749 1127 ὅτι
1766 1100 1825 1126 οὐδὲ

1034 1151 1185 1187 διηγεῖσθαι
1197 1151 1232 1177 τὰ
1251 1149 1324 1185 πάθη
1346 1149 1482 1180 δύνανται,
1497 1149 1548 1183 τὴν
1562 1147 1653 1183 φωνὴν
1667 1149 1698 1174 ὲκ
1713 1147 1761 1173 τοῦ
1777 1147 1826 1173 πά-

1035 1198 1099 1229 θοις
1115 1195 1300 1233 ἀφῃρημένον
1334 1195 1374 1221 ὃτι
1390 1193 1502 1229 τοιαύτῃ
1527 1193 1645 1228 χρῶνται
1675 1193 1782 1227 τροφῇ,
1808 1192 1824 1226 ἣ

1035 1243 1076 1270 ὃτι
1100 1243 1160 1269 οὐδὲ
1184 1242 1291 1276 ἐκείνην
1313 1240 1431 1271 εὐκόλως
1444 1241 1460 1274 ὴ
1475 1241 1552 1270 νόσος
1567 1239 1599 1274 τῇ
1623 1238 1757 1273 διαφθορᾷ
1772 1237 1825 1262 τῶν

1035 1290 1100 1324 περὶ
1117 1289 1149 1314 τὸ
1169 1288 1255 1323 στόμα
1277 1287 1378 1323 μορίων
1395 1284 1592 1320 ἐμποδιζούσης
1605 1284 1653 1319 τῆς
1666 1282 1823 1319 βρώσεως⁹’

1035 1337 1075 1362 ὅτι
1097 1336 1125 1361 ὲν
1147 1334 1270 1369 αἰσθήσει
1299 1333 1333 1360 τὰ
1355 1332 1408 1359 τῶν
1423 1331 1527 1366 νεκρῶν
1547 1330 1732 1365 δυστυχοῦσιν,
1751 1329 1767 1362 ἦ
1785 1329 1826 1355 ὃτι

1038 1381 1084 1408 καὶ⁸
1104 1379 1159 1406 τῶν
1174 1379 1326 1414 αἰσθήσεων
1338 1377 1428 1404 αὐτῶν
1444 1375 1678 1412 προσαφῄρηνται.
1703 1374 1759 1401 Ποῦ
1773 1375 1826 1408 γὰρ

1038 1427 1102 1462 παρ’
1123 1425 1265 1459 ἑκείνοιςή
1286 1425 1394 1459 ὃρασις;
1416 1423 1470 1449 Ποῦ
1485 1423 1500 1456 ὴ
1515 1422 1666 1456 ὀσφρησις;
1693 1420 1749 1447 Ποῦ
1763 1420 1791 1446 δὲ
1808 1421 1824 1454 ἡ

199 1464 246 1490 illa
259 1464 369 1499 quidem
387 1465 494 1492 valeant
509 1467 659 1501 explicare.
675 1467 754 1500 Quod
768 1468 815 1495 tali
837 1473 983 1496 vescantur

1038 1473 1110 1508 ἁφής
1124 1472 1179 1498 Ποῦ
1193 1471 1220 1498 δὲ
1238 1471 1272 1496 τὰ.
1285 1470 1367 1496 λοιπὰ
1379 1470 1433 1496 τῶν
1448 1468 1643 1504 αἰσθητηρίων,
1660 1467 1678 1494 ἃ
1694 1467 1755 1493 κατ’
1772 1466 1827 1492 ὀλί-

198 1511 271 1542 cibo,
288 1519 322 1537 an
336 1511 407 1545 quod
427 1520 460 1539 ne
483 1512 529 1538 illo
542 1512 651 1546 quidem
669 1514 811 1541 commode
826 1515 898 1542 vesci
920 1522 984 1549 pos-

200 1556 273 1587 sint,
301 1556 429 1589 impedita
457 1562 566 1592 propter
592 1558 649 1585 oris
676 1563 820 1593 corruptas
849 1568 863 1586 a
891 1561 986 1587 morbo

200 1601 349 1635 puniendus
361 1602 458 1629 edendi
471 1607 618 1637 potestate.
632 1603 710 1637 Quod
726 1605 869 1632 sentiendo
881 1613 912 1633 ea
926 1613 986 1640 qua:

200 1651 370 1674 mortuorum
399 1651 464 1674 sunt
490 1649 610 1683 propria,
634 1650 830 1684 perpetiantur,
853 1659 887 1678 an
914 1652 986 1686 quod

200 1692 269 1726 ipsis
293 1693 375 1720 etiam
404 1694 533 1721 sensibus
553 1695 660 1729 spoliati
684 1696 747 1722 sint.
766 1696 815 1723 Ubi
835 1697 906 1723 enim
933 1697 987 1724 illis

200 1742 250 1764 aut
275 1738 392 1770 videndi,
413 1743 458 1764 aut
475 1739 618 1771 odorandi,
644 1745 691 1768 aut
714 1742 840 1776 tangendi
863 1742 920 1769 vis?
938 1741 986 1770 Ubi

207 1785 374 1818 reliquorum
398 1793 529 1812 sensuum
551 1786 641 1818 sedes,
662 1795 732 1821 quas
755 1788 885 1822 paulatitn
903 1788 986 1824 depa-

203 1836 298 1857 scente
322 1831 418 1857 morbo
437 1832 515 1859 ulcus
531 1833 653 1860 arrodit?
673 1833 723 1860 Per
740 1834 830 1860 omnia
843 1835 926 1868 igitur
943 1842 988 1861 va-

200 1881 302 1911 gantur
324 1877 393 1909 loca,
422 1878 454 1904 ad
482 1877 636 1904 uberiorem
663 1882 782 1913 pastum,
810 1883 839 1905 ut
860 1879 987 1906 animalia

200 1923 315 1950 rationis
342 1923 472 1958 expertia.
495 1923 640 1950 identidem
662 1932 692 1951 se
708 1924 914 1953 transierentes.
932 1925 986 1953 0c-

200 1969 340 1996 casionem
357 1969 389 1995 ad
414 1970 606 2002 negotiandum
623 1971 862 2005 comparaudaque
884 1971 987 1999 cibaria

202 2008 401 2042 circumferunt
422 2015 618 2047 calamitatem,
646 2021 673 2043 et
695 2017 903 2051 supplicationis
930 2018 988 2046 loco

203 2060 328 2086 morbum
343 2060 470 2088 erunibus
487 2061 648 2088 ostendunt.
669 2060 783 2097 Propter
799 2063 987 2097 aegritudinem

202 2109 293 2132 autent
315 2106 448 2134 utinistris
470 2111 560 2141 egent.
586 2114 601 2133 a
621 2108 721 2141 quibus
743 2116 823 2135 manu
840 2108 986 2141 ducantur,

1037 1527 1084 1553 γον
1099 1517 1248 1553 νεμομένου
1271 1516 1318 1542 τοῦ
1339 1515 1440 1548 πάθους
1458 1517 1474 1551 ἠ
1491 1514 1612 1549 σηπεδὼν
1634 1514 1827 1543 ὲπιὸόσκεται;

1037 1564 1086 1590 Διὰ
1099 1563 1186 1590 ταῦτα
1200 1563 1269 1589 κατὰ
1284 1563 1386 1593 πάντας
1401 1562 1518 1588 ἀλῶνται
1537 1561 1600 1592 τοὺς
1613 1560 1724 1591 τόπους,
1743 1558 1823 1585 καθά-

1038 1619 1090 1645 περ
1103 1609 1137 1636 τὰ
1159 1609 1242 1642 ἄλογα
1264 1608 1331 1643 πρὸς
1360 1608 1409 1642 τὴν
1428 1606 1617 1642 ἀφθονωτέραν
1631 1605 1717 1640 νομὴν
1734 1603 1829 1639 μετεξ-

1038 1655 1210 1691 ανιστάμενοι
1223 1661 1230 1669 ·
1244 1653 1347 1687 ἐφόδιον
1358 1654 1407 1688 τῆς
1424 1651 1493 1678 κατὰ
1503 1652 1553 1686 τὴν
1566 1651 1670 1686 τροφὴν
1681 1649 1827 1685 ἐμπορίας.

1037 1701 1087 1736 τὴν
1102 1699 1244 1735 συμφορὰν
1258 1698 1517 1734 περιφέροντες,καὶ
1531 1698 1598 1723 πᾶσι
1614 1696 1663 1731 τὴν
1679 1695 1756 1721 νόσον
1770 1694 1828 1720 ἀνθ’

1039 1745 1179 1781 ἱκετηρίας
1205 1744 1399 1780 προτείνοντες.
1430 1743 1485 1769 Καὶ
1507 1741 1562 1768 τῶν
1585 1739 1828 1776 χειραγωγούντων

1037 1791 1071 1817 δι’
1087 1790 1242 1827 ὰρρωστίαν
1267 1789 1398 1824 δεόμενοι,
1422 1789 1469 1815 καὶ
1485 1787 1615 1822 ἀλλήλους
1637 1785 1680 1812 διὰ
1697 1785 1747 1820 τὴν
1763 1785 1829 1810 ἀπο·

1041 1838 1101 1872 ρίαν
1116 1835 1351 1870 ὑποστηρίζοντες.
1368 1834 1435 1860 Καθ’
1450 1833 1544 1860 ἑαυτὸν
1556 1832 1609 1866 γὰρ
1619 1831 1733 1861 ἕκαστος
1750 1829 1826 1855 ἀσθε-

1039 1882 1162 1913 νοῦντες,
1191 1881 1305 1917 ἔρεισμα
1321 1880 1360 1915 τῷ
1382 1879 1466 1914 ἑτέρῳ
1489 1878 1608 1912 γίνονται
1631 1878 1686 1906 τοῖς
1708 1874 1828 1909 ἀλλήὶων

1041 1929 1148 1964 μέλεσιν
1163 1927 1222 1954 ἀντὶ
1236 1927 1289 1952 τῶν
1306 1925 1453 1952 λειπόντων
1467 1923 1612 1959 χρώμενοι.
1644 1922 1683 1947 Οὐ
1695 1921 1750 1955 γὰρ
1770 1919 1828 1945 καθ’

1039 1975 1087 2001 ἕνα
1105 1973 1243 2008 φαίνονται
1257 1980 1264 1987 ”
1283 1971 1350 1998 ἀλλά
1360 1979 1385 1997 τι
1400 1970 1457 2005 ἔχει
1471 1969 1518 1996 καὶ
1532 1971 1548 2004 ἡ
1561 1967 1732 2002 ταλαιπωρία
1750 1965 1828 2000 σοφὸν

1039 2021 1079 2051 εἰς
1095 2019 1143 2054 τὴν
1162 2018 1209 2045 τοῦ
1233 2017 1288 2052 βίου
1309 2017 1440 2048 ἐπίνοιαν,
1468 2015 1498 2041 τὸ
1523 2014 1580 2050 μετ’
1594 2013 1716 2048 ἀλλήλων
1732 2011 1829 2042 αὐτοὺς

1040 2066 1125 2093 θέλειν
1135 2065 1258 2102 ὁρᾶσθαι.
1275 2065 1370 2095 ὀντες
1383 2064 1438 2098 γὰρ
1453 2062 1500 2088 καὶ
1514 2062 1575 2088 καθ’
1590 2061 1703 2091 ἑαυτοὺς
1716 2060 1829 2090 ἕκαστος

1040 2112 1161 2143 ὲλεεινοὶ,
1177 2112 1214 2142 ὡς
1227 2111 1260 2137 ἂν
1274 2110 1374 2145 μᾶλλον
1390 2108 1630 2144 συμπαθεστέρους
1647 2106 1710 2137 τοὺς
1724 2104 1829 2140 ἀνθρώ-

202 2151 250 2179 sed
270 2152 305 2178 ob
320 2152 440 2187 inopiam
455 2161 516 2180 sese
531 2153 651 2180 vicissnn
668 2154 842 2182 conﬁrmant.
857 2155 902 2183 Sic
916 2156 983 2184 enim

1043 2167 1109 2189 πους
1126 2158 1276 2192 ποιήσειαν,
1299 2155 1441 2191 προσθήκη
1461 2153 1508 2180 τοῦ
1523 2154 1624 2184 πάθους
1639 2152 1768 2187 ἀλλήλοις
1788 2151 1831 2184 γί-

203 2198 272 2224 alter
288 2199 402 2226 alterius
419 2200 506 2226 utitur
529 2200 659 2228 membris
673 2208 723 2234 pro
744 2201 778 2228 iis
795 2209 855 2236 qua:
871 2203 922 2229 sibi
940 2203 988 2230 dc-

203 2247 278 2275 sunt,
295 2248 335 2276 ut,
355 2245 400 2279 qui
420 2253 468 2279 per
491 2253 520 2272 se
533 2246 633 2281 singuli
657 2251 720 2274 sunt
737 2248 877 2280 imbecilli,
895 2253 989 2277 mutua

202 2290 249 2316 illa
265 2291 423 2318 accessione
438 2291 595 2319 l'ulciantur.
611 2293 704 2328 Itaque
719 2295 745 2321 in
762 2295 902 2322 hominum
919 2303 987 2322 con-

203 2341 327 2370 spectum
345 2337 483 2372 sigillatim
501 2347 555 2366 non
579 2340 702 2371 veniunt.
722 2340 768 2367 sed
787 2341 866 2370 (adeo
881 2347 989 2376 egestas

203 2382 284 2409 etiam
300 2383 332 2409 ad
357 2383 507 2417 parandum
525 2385 626 2412 rictum
648 2386 806 2420 ingeniosns
823 2390 850 2413 et
871 2387 987 2413 solertes

204 2427 281 2463 facit)
304 2429 424 2456 universi
449 2435 529 2464 atque
555 2431 627 2458 inter
643 2439 673 2458 se
688 2431 845 2466 congregati
865 2432 987 2466 conspici

203 2473 307 2499 volunt.
327 2473 389 2501 Inde
412 2474 448 2507 ﬁt,
471 2480 510 2507 ut,
524 2483 586 2501 cum
615 2475 714 2510 singuli
734 2475 903 2503 miserabiles
920 2467 986 2506 sint.

1042 2211 1142 2234 νονται,
1158 2203 1203 2228 τὸν
1218 2201 1334 2236 πονηρὸν
1351 2200 1389 2235 τῷ
1400 2200 1482 2234 κοινῷ
1494 2199 1713 2233 συνεισφέροντες
1724 2196 1828 2231 ἔρανον,

1042 2248 1120 2279 ἄλλος
1136 2248 1168 2274 δι’
1185 2247 1266 2282 ἄλλης
1281 2247 1351 2278 τινος
1372 2247 1513 2281 συμφορᾶς
1537 2245 1610 2271 ἔλεον
1627 2244 1731 2273 ἑαυτοῖς
1746 2241 1830 2276 ἐρανί-

1042 2293 1144 2326 ζοντες.
1176 2294 1204 2319 '0
1219 2293 1266 2328 μὲν
1284 2294 1377 2327 χεῖρας
1392 2290 1655 2327 ἠκρωτηριασμένας
1668 2288 1828 2324 προτείνων,

1042 2340 1120 2371 ἄλλος
1132 2339 1252 2372 γαστέρα
1261 2337 1443 2373 προδεικνύων
1453 2337 1680 2371 φλεγμαίνουσαν,
1689 2334 1737 2360 καὶ
1749 2333 1830 2368 πρόσ-

1042 2393 1115 2411 ωπον
1126 2384 1309 2419 ἡχρειιυμένον
1324 2383 1425 2418 ἕτερος,
1446 2383 1492 2409 καὶ
1511 2382 1590 2412 ἄλλος
1604 2380 1634 2407 τὸ
1650 2379 1746 2410 σκέλος
1762 2379 1829 2404 ἀπο-

1043 2429 1194 2465 σηπιὴιενον
1206 2438 1213 2444 '
1232 2430 1247 2455 ὁ
1268 2429 1295 2455 δὲ
1310 2429 1323 2455 ὃ
1337 2429 1369 2455 ἂν
1382 2428 1457 2463 τύχοι
1470 2428 1517 2454 τοῦ
1532 2427 1655 2462 σώματος
1669 2423 1830 2459 ἀπογυμνώ-

1042 2485 1101 2508 σας,
1119 2477 1148 2501 ὲν
1163 2475 1258 2509 ἐκείνῳ
1278 2475 1309 2501 τὸ
1323 2475 1407 2506 πάθος
1423 2474 1531 2506 ἔδειξεν.

203 2517 359 2545 hominibus
382 2520 419 2546 ita
441 2520 580 2553 conjtmcti
597 2521 684 2554 magis
707 2520 855 2547 miserandi
892 2521 1129 2556 coadjuvandique
1163 2521 1317 2547 videantur.
1352 2519 1461 2554 Aliquid
1489 2519 1561 2546 etiim
1579 2517 1695 2552 quisque
1711 2516 1737 2543 in
1755 2523 1829 2542 cotu-

203 2572 284 2592 mune
307 2565 424 2597 confert,
446 2570 472 2592 ct
490 2567 560 2594 alius
595 2574 627 2592 ex
652 2566 703 2592 alia
736 2567 891 2593 calamitate
912 2567 1127 2594 misericordiam
1153 2571 1305 2601 comparat.
1332 2566 1381 2593 llic
1419 2565 1562 2600 pt-aateudd
1587 2564 1729 2590 mutilatas
1770 2570 1827 2589 ma-

203 2619 277 2645 nus;
306 2612 349 2639 ille
365 2613 499 2639 tumidum
528 2616 650 2639 ventrem
679 2612 809 2643 ostendit.
825 2612 895 2639 alius
918 2612 1075 2639 dilaniatum
1091 2611 1206 2639 facient:
1223 2620 1288 2640 crus
1318 2617 1478 2647 putrescens
1508 2610 1589 2636 alios.
1622 2608 1680 2641 Qua
1711 2608 1827 2643 denique

204 2657 319 2692 quisque
333 2660 446 2690 :cgrotat
468 2657 591 2690 corporis
614 2659 699 2690 parte.
723 2664 781 2683 eam
799 2656 929 2688 denudat,
952 2661 979 2683 et
999 2665 1076 2684 suam
1095 2657 1236 2684 miseriam
1252 2661 1383 2683 ostentat.

239 2702 309 2736 Quid
326 2710 390 2738 ergo
409 2702 562 2729 faciendum
585 2706 626 2728 est
642 2702 730 2733 nobis,
747 2707 776 2728 ut
795 2702 864 2729 nihil
886 2703 912 2729 in
936 2710 986 2729 na-

203 2754 270 2776 turm
290 2750 374 2784 legem
392 2756 518 2783 peccasse
538 2747 696 2774 videamur?
711 2749 813 2775 satisne
829 2749 874 2780 sit,
891 2756 987 2775 eortnu

204 2793 362 2821 atIcctioncs
375 2793 516 2828 deplorare
525 2813 533 2825 ,
546 2797 571 2820 ct
583 2792 705 2820 oratione
719 2794 842 2821 morbum
859 2794 988 2828 cycnum

1074 2702 1106 2728 Τί
1115 2700 1159 2728 οὖν
1170 2711 1178 2735 ς
1197 2700 1251 2736 ἆρα
1264 2701 1374 2736 ἐξαρκεῖ
1384 2701 1509 2727 τοσοῦτον
1522 2701 1587 2736 πρὸς
1597 2699 1627 2726 τὸ
1637 2699 1720 2734 μηδὲν
1736 2699 1775 2730 εἰς
1785 2698 1827 2724 τὸν

1040 2749 1089 2782 τῆς
1101 2748 1205 2782 φύσεως
1213 2748 1292 2783 νόμον
1303 2749 1473 2783 ἐξαμαρτεῖν,
1483 2746 1549 2773 αὐτὸ
1557 2747 1631 2772 τοῦτο
1641 2746 1671 2772 τὸ
1682 2745 1827 2780 τραγῳδεῖν

1042 2795 1074 2820 τὰ
1088 2794 1158 2829 πάθη
1168 2794 1215 2828 τῆς
1228 2794 1342 2827 νεύσεως,
1353 2793 1674 2830 xa‘t‘lmqut5113;131:391
1686 2793 1734 2827 τὴν
1743 2792 1825 2823 νόσον,
