1912 3080
91 125 136 151 ιιςι

93 179 140 205 καὶ
153 179 220 214 πρὸς
228 179 276 213 τὴν
289 179 381 214 μνήμη¹

93 225 174 260 ἔργου
190 225 269 259 χρεία
287 225 333 250 τοῦ
355 225 458 251 ἔπιδε...
471 241 483 247 ς

514 256 520 259 ν
751 255 754 258 ⁴
780 235 882 258 .υυτους

93 270 122 296 τὸ
134 269 275 304 συμπαθὲς
288 270 335 296 καὶ
352 269 527 304 φιλάλληλον;
540 272 571 296 “b
584 296 588 304 ,

617 290 629 306 ι,
642 289 707 297 -.νη
718 271 746 297 αἱ
755 279 883 305 σκιογρα-

95 315 154 350 φίαι
167 316 236 350 πρὸς
250 315 283 342 τὰ
293 315 376 347 ὅντως
390 316 550 351 πράγματα.
564 317 642 343 τοῦτο
654 319 678 343 οἱ
695 317 767 352 λόγοι
781 316 883 349 διεζευ-

93 361 189 395 γμένοι
211 361 266 387 τῶν
296 362 393 396 ἔργων.
421 364 457 389 υῡ
479 363 532 398 γὰρ
549 365 579 390 ὲν
603 363 642 399 τῷ
667 364 757 398 λέγειν
771 364 853 398 φησὶν
869 365 884 391 ὀ

94 406 198 439 Κύριος
221 405 291 432 εἶναι
308 407 356 442 τὴν
372 408 510 443 σωτηρίαν
522 417 529 424 ·
546 409 604 434 ἀλλ’
616 410 645 435 ἐν
670 409 708 444 τῷ
738 411 824 436 ποιεῖν
850 409 884 436 τὰ

95 449 164 484 ἔργα
180 453 229 485 τῆς
247 451 393 486 σωτηρίας.
408 452 511 478 Οὐκοῦν
532 453 707 489 ἀντιληπτέον
718 455 783 489 ἡμῖν
794 456 885 486 αὐτοῖς

95 497 144 531 τῆς
169 497 238 531 ὑπὲρ
253 497 342 523 αὐτῶν
366 498 484 533 ἐντολῆς.
509 499 554 534 Μὴ
569 502 622 534 γὰρ
635 500 667 534 δὴ
690 500 768 526 τοῦτο
784 501 885 535 λεγέτω

96 551 148 574 τις,
164 542 202 573 ὡς
224 543 314 569 ἰιανόν
330 544 388 570 ἐστι
406 545 500 580 πόρῤω
516 553 567 570 που
587 547 635 580 τῆς
651 545 787 581 ἡμετέρας
802 546 884 580 ζωῆς,

97 587 143 613 ἐπί
157 596 227 619 τινος
239 589 366 622 ἐσχατιᾶς
380 589 562 616 ἀποικισθεῖσι
575 590 622 624 τὴν
632 590 734 625 τροφὴν
749 592 885 626 χορηγεῖν.

104 633 135 660 ῚΙ
151 634 206 669 γὰρ
219 634 330 669 τοιαύτη
347 635 456 670 γνώμη,
472 636 532 671 οὐχὶ
547 637 622 662 ἐλέου
634 637 706 668 τινος
722 637 767 663 καὶ
783 645 888 671 συμπα-

98 679 172 710 θείας
183 680 319 712 ἀπόδειξιν
331 680 397 715 ἔχει·
414 681 481 707 ἀλλά
492 691 531 713 τις
548 682 726 716 εὐπρόσωπός
740 683 813 708 ἐστιν
829 682 888 707 ἐπί-

98 734 171 755 νοια,
194 725 241 751 τοῦ
265 727 402 758 παντελῶς
424 727 486 758 τοὺς
509 727 667 763 ἀνθρώπους
680 729 728 762 τὴς
753 728 889 763 ἡμετέρας

99 770 269 806 ἐξορισθῆναι
293 772 375 807 ζωῆς.
395 771 462 798 Εἶτα
480 773 530 799 οὐκ
551 773 734 808 αἰσχυνόμεθα
752 774 796 800 τὸν
811 772 890 807 ἡμῶν

99 817 187 843 αὐτῶν
206 817 272 852 βίον,
288 818 312 844 εἰ
323 819 440 854 χοίρους,
457 819 504 845 καὶ
517 818 599 850 κύνας
611 820 782 854 ὁμωροφίους
797 818 888 846 ποιού-

921 132 922 139 ι
937 123 980 150 US
999 123 1161 152 AMANDIS.
1674 125 1727 152 ‘32

899 189 919 208 Α
934 183 1015 214 atque
1028 181 1086 214 ipsa
1095 180 1357 207 commemoratione
1367 179 1534 207 commoveri
1544 179 1555 205 ?
1564 187 1600 206 an
1611 186 1725 207 necesse

933 229 985 257 est,
1007 230 1035 252 ut
1055 225 1124 253 facto
1145 226 1227 253 etiam
1247 225 1340 260 aliquo
1359 225 1576 253 misericordiam
1600 229 1627 252 et
1643 225 1727 252 benc-

934 272 1079 298 volentiam
1101 279 1165 307 erga
1184 271 1245 298 illos
1268 276 1390 298 nostram
1410 271 1601 298 declaramus?
1617 271 1664 298 Sic
1683 275 1726 298 est

935 317 1068 352 profecto.
1083 317 1150 344 Nam
1166 325 1227 352 qua:
1247 318 1388 353 proportio
1402 322 1444 345 est
1459 318 1531 345 inter
1545 325 1589 345 res
1608 325 1687 345 veras
1699 323 1727 344 et

935 363 1110 390 adumbratas
1128 363 1266 397 picturas,
1287 363 1410 391 eamdem
1433 364 1558 390 obtinent
1584 363 1683 394 verba,
1701 364 1724 390 si

935 408 969 434 ab
994 407 1122 441 operibus
1146 407 1335 442 scjungantur.
1359 407 1417 434 Non
1437 408 1509 435 enim
1527 408 1554 434 in
1579 407 1670 435 verbis
1685 415 1727 435 sa-

936 453 1019 479 lutent
1046 452 1197 480 consistere
1224 453 1292 480 dicit
1326 452 1468 484 Dominus,
1496 453 1544 480 sed
1575 453 1601 479 in
1631 453 1728 480 salutis

936 499 1064 534 operibus
1088 499 1219 526 faciendis
1247 500 1280 525 '9.
1314 499 1517 532 Quamobrem,
1545 498 1618 533 quod
1647 498 1726 525 nobis

937 547 1057 580 ipsorum
1075 553 1158 573 causa
1173 545 1330 572 mandatum
1345 549 1396 577 est.
1411 545 1437 572 id
1453 549 1561 580 oportet
1574 548 1602 570 ut
1617 544 1728 578 ipsimet

937 599 1130 626 exsequamur.
1149 590 1242 625 Neque
1266 591 1339 618 enim
1366 591 1432 618 illud
1455 591 1570 617 omnino
1590 591 1728 624 quispiam

938 638 1027 668 dicat.
1047 644 1109 664 esse
1130 638 1216 666 satis.
1233 638 1255 664 si
1277 636 1370 670 procul
1389 643 1403 662 a
1428 636 1506 663 nobis
1530 635 1557 662 in
1579 639 1729 662 extremam

939 683 1057 717 aliquam
1075 687 1175 709 nostra!
1189 683 1307 717 regionis
1321 685 1424 716 partem
1436 701 1443 713 ,
1463 685 1591 716 tanquam
1613 681 1640 707 in
1653 680 1729 706 colo-

940 728 1012 755 niam
1029 727 1154 754 deductis
1171 727 1298 754 alimenta
1315 726 1533 761 suppeditentur.
1556 725 1593 752 Ea
1613 732 1731 758 namque

941 773 1074 800 sententia
1092 773 1192 800 nullam
1206 781 1276 800 verae
1294 772 1444 800 clementia:
1461 777 1488 799 et
1511 771 1731 799 commiseratio-

943 820 986 846 nis
1002 819 1228 854 significationem
1246 818 1342 849 habet,
1359 819 1406 846 sed
1422 818 1473 846 sub
1488 825 1519 844 ea
1534 816 1732 844 misericordiae

102 863 187 897 p591;
209 863 275 889 Οὐδὲ
289 864 339 898 τῆς
355 865 448 899 κοίτης
470 864 566 891 ἑαυτοῦ
590 865 718 897 πολλάκις
735 866 862 899 ἀπείργει
879 865 892 891 ό

946 865 1034 899 specie
1050 864 1115 891 illud
1134 864 1280 891 consilium
1298 864 1372 895 latel,
1395 869 1422 890 ut
1440 863 1564 890 homines
1581 870 1596 889 e
1615 863 1668 889 vita
1686 869 1733 888 no-

100 909 252 944 κυνηγὲτης
275 909 320 936 τὸν
336 910 467 936 σκύλακα.
485 908 545 936 οἶδε
565 911 612 937 καὶ
629 911 760 946 φιλήματι
775 911 819 937 τὸν
841 910 888 945 μό-

101 963 164 988 σχον
178 955 192 980 ό
211 955 331 989 γεωργὸς
346 955 536 988 δεξιώσασθαι.
551 956 606 982 Καὶ
623 956 699 982 οὔπω
714 957 793 983 τοῦτο
811 956 888 983 πολύ¹

100 999 168 1026 ἀλλὰ
185 1001 244 1031 ταῖς
260 1000 338 1032 ἰδίαις
350 1001 428 1036 χερσὶ
451 1001 539 1027 νίπτει
554 1002 617 1033 τοὺς
639 1001 722 1033 πόδας
738 1002 784 1028 τοῦ
803 1002 863 1028 ῑρνου
877 1002 891 1027 ὁ

100 1046 248 1081 ὀδοιπόρος,
263 1046 309 1072 καὶ
321 1046 411 1081 βάλλει
427 1047 475 1082 τὴν
491 1048 579 1082 χεῖρα.
594 1048 641 1073 καὶ
652 1047 829 1082 ὑποκαθαίρει
842 1048 891 1083 τὴν

101 1092 212 1127 κόπρον,
231 1093 278 1118 καὶ
301 1093 350 1128 τῆς
372 1093 452 1127 εὐνῆς
470 1093 648 1127 ἐπιμελεῖται’
668 1094 714 1120 τὸν
730 1093 758 1120 δὲ
774 1095 891 1129 ὁμογενῆ

102 1138 148 1164 καὶ
168 1138 319 1172 ὁμόφυλον,
348 1138 508 1174 ἀτιμότερον
529 1139 575 1166 καὶ
598 1139 652 1166 τῶν
674 1139 778 1174 ἀλόγων
803 1141 892 1166 αὐτῶν

101 1183 288 1218 ποιησόμεθα;
304 1184 348 1219 Μὴ
367 1183 461 1216 ταῦτα,
481 1185 529 1220 μὴ,
545 1185 652 1220 ἀδελφοί
663 1194 670 1202 ’
688 1185 726 1221 μὴ
742 1186 892 1222 κυρωθήτω

101 1228 172 1263 αὕτη
187 1229 256 1256 κατὰ
267 1229 320 1255 τῶν
334 1229 483 1265 ἀνθρώπων
495 1232 511 1266 ἡ
521 1230 620 1266 ψῆφος.
635 1231 793 1266 ΜνησΘῆναι
810 1241 893 1266 προσ-

101 1276 174 1310 ήκει,
192 1276 263 1307 τίνες
279 1275 354 1307 ὄντες
367 1276 430 1311 περί
448 1276 528 1302 τίνων
551 1276 750 1312 βουλευόμεθα·
769 1277 810 1304 ὅτι
827 1277 892 1313 περὶ

101 1321 264 1356 ἀνθρώπων,
280 1322 427 1357 ἅνθρωποι,
443 1322 517 1348 οὐδὲν
532 1323 632 1355 ἰδιάζον
647 1323 721 1359 παρὰ
737 1323 786 1360 τὴν
801 1323 893 1359 κοινὴν

102 1369 184 1401 φύσιν
200 1369 241 1402 ἐφ’
256 1369 357 1394 ἑαυτῶν
371 1368 487 1404 ἔχοντες.
505 1369 564 1396 Μία
578 1368 673 1396 πᾶσιν
683 1369 733 1396 ἐπὶ
751 1370 804 1396 τὸν
820 1370 894 1402 βίον

103 1417 122 1449 ὴ
136 1415 266 1447 dvorsatr
280 1413 320 1446 εἷς
332 1416 345 1441 ό
357 1415 405 1450 τῆς
420 1415 492 1450 ζωῆς
505 1414 589 1441 ἅπασι
607 1416 716 1450 τρόπος.
732 1415 832 1451 βρῶσις
847 1416 894 1442 καὶ

103 1461 192 1492 πόσις·
207 1461 222 1495 ή
239 1460 285 1486 τοῦ
298 1461 347 1495 ζῇν
364 1460 488 1495 ἐνέργεια
500 1460 675 1495 ὁμοιότροπος
686 1467 693 1474 ·
707 1461 723 1495 ἡ
739 1460 893 1496 κατασκευὴ

102 1506 157 1533 τῶν
171 1506 304 1540 σωμάτων
322 1506 382 1540 μία,
401 1506 477 1541 καὶὴ
494 1505 668 1541 καταστροφὴ
684 1506 730 1532 τοῦ
747 1505 804 1541 βίου
822 1506 893 1533 ἅπαν

103 1553 134 1579 τὸ
148 1552 274 1579 σύνθετον
284 1554 323 1583 εἰς
335 1552 455 1578 διάλυσιν
469 1553 587 1587 ἔρχεται.
601 1553 683 1579 Οὐδὲν
694 1553 747 1579 τῶν
762 1553 894 1580 συνεστώ-

103 1606 158 1624 των
184 1597 284 1632 παγίαν
299 1597 354 1632 ἔχει
378 1597 427 1632 τὴν
456 1597 596 1624 σύστασιν·
621 1599 795 1633 πομφόλυγος
818 1599 895 1634 δίκην

104 1645 147 1670 ἐπ’
171 1644 261 1678 ὀλίγου
278 1644 356 1679 ἡμῶν
371 1644 410 1679 τῷ
427 1644 562 1678 πνεύματι
581 1644 766 1679 περιτεθέντος
780 1645 827 1671 τοῦ
843 1645 895 1671 σώ-

107 1699 201 1726 ματος·
214 1689 273 1717 εἶτα
290 1691 459 1726 ἀπέσὸημεν.
477 1691 552 1717 οὐδὲν
578 1691 649 1725 ἴχνος
665 1690 711 1717 τοῦ
729 1691 896 1726 προσκαίρου

105 1736 201 1762 τούτου
219 1736 377 1771 φυσήματος
392 1735 584 1766 καταλιπόντες
598 1734 637 1769 τῷ
651 1734 710 1770 βίῳ.
730 1735 774 1761 Ἐν
787 1735 898 1770 στήλαις

106 1780 154 1807 καὶ
169 1780 253 1812 λίθοις
276 1781 322 1807 καὶ
343 1781 508 1816 ἐπιγραφαῖς
524 1781 558 1807 τὰ
581 1781 751 1816 μνημόσυνα·
773 1781 819 1808 καὶ
838 1781 898 1808 οὐδὲ

106 1826 193 1853 ταῦτα
208 1827 294 1853 εἰσαεὶ
314 1826 486 1862 διαρκοῦντα..
508 1827 602 1853 Ταῦτα
617 1827 707 1854 τοίνυν
724 1828 769 1854 ἐπὶ
784 1828 898 1854 σεαυτοῦ

106 1871 290 1906 λογιζόμενος,
305 1872 352 1906 Μὴ
366 1873 581 1906 ὐψηλορρόνει,
595 1873 685 1904 καθώς
697 1882 779 1909 φησιν
794 1875 808 1900 ὁ
824 1874 899 1900 ’Λπό-

108 1918 212 1949 στόλος,
225 1917 305 1944 ἀλλὰ
316 1918 409 1952 φοϐοῦ
420 1926 426 1932 ·
442 1918 537 1952 ἄδηλον
550 1919 573 1944 εἰ
590 1918 626 1953 μὴ
642 1919 730 1953 σαυτῷ
745 1919 900 1954 νομοθετεῖς

108 1963 158 1998 τὴν
172 1964 314 1998 ἀπήνειαν.
327 1963 450 1997 Φεύγεις,
468 1964 528 1990 εἰπέ
541 1973 596 1999 μοι,
611 1965 656 1990 τὸν
668 1965 897 2000 ἀρῤωστήσαντα;

109 2009 142 2035 Τί
153 2009 278 2043 ἐγκαλεῖν
290 2009 368 2043 ἔχωνς
383 2010 443 2035 Ὅτι
453 2010 610 2046 διέφθαρται
623 2011 652 2036 τὸ
663 2011 744 2046 ὑγρὸν
753 2012 781 2037 ἐν
793 2012 898 2046 ἐκείνῳ,

109 2056 157 2082 καί
170 2064 212 2087 τις
227 2055 414 2090 σηπεδονώδης
429 2057 514 2090 χυμὸς
525 2056 717 2092 ἐγκατεσπάρη
734 2056 773 2092 τῷ
791 2057 899 2093 αἵματι,

108 2101 159 2133 τῆς
180 2101 310 2136 μελαίνης
327 2101 408 2136 χολῆς
425 2101 464 2136 τῷ
475 2101 551 2137 ὑγρῷ
567 2102 900 2138 παρεγχεθείσης;Ταῦτα

109 2150 166 2182 γὰρ
185 2147 256 2174 ἐστιν
272 2147 369 2182 ἰατρῶν
385 2147 507 2179 ἀκούειν,
523 2148 752 2182 φυσιολογούντων
766 2148 801 2175 τὰ
814 2149 898 2185 πάθη.

943 913 999 937 stra
1018 917 1131 944 prorsus
1145 910 1369 937 exterminentur.
1388 909 1488 936 Deinde
1514 913 1614 936 nostra:
1629 916 1678 936 nos
1692 908 1733 935 vi-

943 954 1022 982 vendi
1034 955 1243 982 consuetudinis
1257 962 1311 981 non
1326 954 1428 989 pudet?
1444 955 1490 990 qui
1507 961 1588 985 sues,
1604 958 1631 981 et
1651 960 1733 980 canes

943 1001 1153 1028 contubernales
1177 1001 1346 1031 habeamus.
1371 1001 1439 1028 adeo
1459 1004 1488 1027 ut
1505 1008 1539 1028 ne
1556 1008 1607 1027 suo
1623 998 1733 1034 quidem

944 1047 1042 1073 lectulo
1058 1050 1171 1073 venator
1188 1048 1309 1072 catulum
1328 1049 1430 1078 arceat,
1444 1049 1471 1072 et
1484 1045 1601 1080 agricola
1618 1044 1734 1070 vitulum

943 1093 1117 1120 exosculetur
1129 1101 1136 1119 :
1149 1097 1175 1120 et
1188 1092 1305 1127 propriis
1321 1091 1449 1119 manibus
1463 1091 1552 1118 viator
1564 1091 1634 1117 asini
1650 1090 1734 1125 pedes

944 1139 1024 1171 lavet,
1044 1143 1071 1166 et
1087 1139 1218 1166 curandis
1232 1138 1389 1166 vulneribus
1407 1137 1528 1165 medicas
1544 1145 1641 1164 manus
1656 1135 1735 1163 adhi-

944 1184 1016 1216 beat,
1034 1187 1193 1218 stercusque
1211 1184 1329 1212 auferat.
1348 1186 1376 1210 el:
1397 1183 1485 1210 cubile
1499 1183 1672 1213 substernat,
1687 1189 1736 1208 eos

944 1235 1051 1259 autem.
1072 1230 1117 1264 qui
1135 1229 1242 1264 generis
1262 1229 1467 1257 necessitudine
1487 1229 1567 1256 nobis
1591 1228 1734 1262 conjuncti

944 1283 1024 1308 sunt,
1051 1274 1118 1311 ipsis
1142 1276 1225 1302 etiam
1250 1276 1366 1303 rationis
1385 1276 1543 1310 expertibus
1571 1274 1736 1301 animalibus

945 1322 1161 1356 postponamns?
1189 1321 1228 1349 Ne
1248 1321 1314 1348 fiant
1339 1322 1416 1353 haec,
1444 1328 1547 1355 qumso,
1569 1328 1603 1347 ne
1622 1320 1703 1352 fiant,
1720 1327 1738 1346 ο

946 1368 1054 1395 fratres.
1070 1367 1106 1394 Ea
1121 1367 1255 1395 sententia
1269 1368 1402 1394 adversus
1419 1367 1544 1394 homines
1560 1370 1618 1393 rata
1635 1374 1669 1393 ne
1682 1365 1733 1392 ba-

944 1413 1050 1441 beatur.
1069 1413 1164 1448 Operae
1177 1413 1294 1448 pretium
1310 1417 1352 1440 est
1367 1412 1538 1444 meminisse,
1555 1410 1601 1446 qui
1620 1418 1716 1438 situlus
1728 1430 1737 1443 ,

944 1461 979 1488 de
997 1460 1098 1495 quibus
1116 1460 1262 1487 consilium
1279 1459 1432 1494 capiamus.
1453 1457 1554 1492 Nempe
1571 1457 1604 1485 de
1617 1456 1738 1484 homini-

946 1506 997 1533 bus
1011 1505 1144 1535 homines,
1161 1506 1208 1540 qui
1222 1504 1289 1532 nihil
1305 1503 1458 1539 proprium,
1474 1506 1501 1530 et
1517 1509 1531 1529 a
1545 1507 1643 1529 natura
1661 1507 1739 1528 com-

946 1553 1022 1579 muni
1037 1551 1191 1585 sejnnctnm
1207 1550 1389 1585 possidemus.
1409 1548 1482 1576 Unus
1495 1548 1655 1575 omnibusin
1670 1546 1738 1574 hanc

947 1599 1027 1625 vitam
1050 1597 1184 1628 inlroilus.
1201 1596 1272 1624 idem
1290 1596 1418 1623 omnibus
1441 1596 1502 1622 vita
1517 1594 1614 1622 modus
1628 1593 1738 1626 edendi,

947 1644 1074 1676 bibendi,
1097 1644 1205 1671 vivendi
1234 1643 1332 1671 similis
1359 1643 1444 1675 ratio,
1471 1642 1565 1669 eadem
1590 1648 1739 1676 corporum

948 1690 1128 1720 constructio.
1143 1690 1212 1716 idem
1222 1698 1236 1716 e
1246 1689 1299 1716 vita
1314 1689 1401 1716 exitus
1413 1689 1446 1715 ⁷ο.
1459 1687 1555 1714 Omnia
1575 1688 1648 1715 enim
1664 1695 1741 1714 com-

950 1737 1038 1773 posita
1049 1737 1248 1768 dissolvuntur,
1268 1740 1296 1764 et
1312 1735 1345 1762 ad
1362 1735 1500 1763 interitum
1521 1735 1642 1762 veniunt.
1662 1733 1734 1761 Nihil

948 1791 1043 1811 eorum
1056 1790 1117 1818 qum
1134 1784 1214 1810 mista
1230 1786 1413 1816 concretaque
1429 1784 1504 1811 sunt,
1523 1788 1630 1815 semper
1644 1779 1740 1807 eodem

949 1833 1023 1857 statu
1049 1832 1150 1856 manet.
1168 1828 1301 1863 Exiguum
1321 1827 1355 1854 ad
1375 1831 1483 1862 tempus
1497 1827 1633 1854 hullarum
1653 1827 1741 1853 instar

951 1874 1056 1910 spiritui
1071 1878 1167 1901 nostro
1177 1873 1380 1908 circumjeclmn
1396 1877 1438 1900 est
1451 1879 1562 1906 corpus.
1576 1871 1635 1898 Mox
1649 1875 1738 1898 autem

950 1920 1160 1953 exstinguimur,
1178 1919 1253 1945 nullo
1277 1917 1359 1952 hujus
1380 1918 1495 1944 tumoris
1516 1918 1542 1944 in
1564 1917 1619 1943 vita
1642 1917 1743 1944 relicto

949 1966 1076 2000 vestigio.
1097 1965 1123 1992 in
1138 1964 1283 1995 columnis,
1297 1968 1324 1991 et
1337 1963 1484 1998 lapidibus,
1498 1969 1524 1990 et
1541 1956 1626 1990 tittﬂis
1643 1971 1741 1990 monu-

951 2016 1059 2043 menta,
1078 2018 1109 2037 ac
1124 2018 1158 2037 ne
1181 2011 1225 2037 illa
1245 2010 1355 2044 quidem
1375 2010 1551 2043 sempiterna.
1578 2009 1640 2036 llrec
1659 2010 1744 2044 igitur

952 2063 1041 2085 tecum
1067 2057 1124 2092 ipse
1145 2060 1294 2091 reputans,
1315 2055 1380 2083 Noli
1399 2056 1483 2082 altum
1507 2063 1615 2089 mpero.
1631 2056 1742 2089 scripsit

952 2103 1108 2138 Apostolus,
1124 2102 1168 2129 sed
1187 2103 1248 2129 time
1258 2102 1291 2128 "'.
1309 2101 1442 2128 Incertum
1453 2106 1509 2133 est,
1523 2109 1556 2128 an
1573 2102 1599 2128 in
1611 2106 1637 2129 te
1652 2102 1742 2136 ipsum

953 2154 1058 2177 statuas
1072 2149 1182 2176 saavitize
1202 2149 1297 2183 legem.
1317 2147 1542 2181 lEgrotantemnc
1575 2148 1663 2183 fugis?
1682 2147 1742 2180 Dic,

109 2193 130 2219 Τ
134 2193 142 2219 ί
158 2190 206 2219 οὖν
230 2192 316 2219 ἀδικεῖ
336 2193 350 2219 ὀ
365 2192 516 2228 ἄνθρωπος,
534 2194 558 2219 εἰ
581 2194 680 2228 ρευστὴ
701 2193 779 2220 οὐσία
794 2192 862 2221 οὖσα
884 2196 894 2220 'l

953 2195 1061 2224 amabo.
1077 2194 1173 2228 ecquid
1190 2197 1351 2228 praetexens,
1369 2192 1396 2219 id
1420 2192 1506 2219 facis?
1519 2193 1558 2219 An
1575 2193 1639 2227 quia
1655 2192 1680 2218 in
1695 2192 1742 2219 illo

110 2239 192 2273 φύσις
204 2238 251 2264 καὶ
267 2238 389 2270 ἄστατος,
407 2239 452 2265 ἐπὶ
463 2239 494 2265 τὸ
507 2236 576 2270 εἶδος
589 2238 666 2266 τοῦτο
680 2239 731 2274 τῆς
745 2241 901 2275 ἀρρωστίας

110 2283 336 2320 παρωλὶσθησενς
352 2284 387 2310 Σὺ
402 2283 430 2309 δὲ
441 2283 490 2318 οὐχ
503 2284 568 2318 ὁρᾷς
582 2284 628 2310 καὶ
639 2285 684 2310 ἐπὶ
698 2284 752 2311 τῶν
767 2285 901 2318 ὑγιαινόν-

109 2339 164 2356 των
179 2328 323 2364 σωμάτιον,
341 2329 381 2355 ὅτι
395 2329 479 2356 τᾶλλα
494 2337 536 2360 τις
547 2329 683 2361 εὺπαοῶν,
700 2329 823 2364 φλυκτίδι
837 2331 901 2357 πολ-

109 2376 190 2405 λάκις
204 2375 220 2410 ἢ
237 2374 388 2411 imperitia.
411 2374 428 2409 ἡ
447 2382 500 2400 τινι
514 2374 625 2409 τοιούτῳ
641 2375 790 2410 συνηνέχθη
808 2375 898 2408 πάθει,

110 2420 344 2456 ὲκθερμανθείσης
359 2420 430 2455 πέρα
443 2419 489 2446 τοῦ
505 2421 607 2451 δέοντος
623 2421 688 2456 περὶ
707 2421 737 2447 τὸ
755 2421 837 2456 μέρος
851 2422 900 2456 τῆς

112 2469 256 2503 ὑγρασίας,
280 2467 326 2494 καὶ
346 2468 390 2494 διὰ
404 2467 481 2494 τοῦτο
505 2467 659 2503 φλεγμονὴν
677 2476 706 2494 τε
727 2469 774 2495 καὶ
792 2469 900 2504 ἔρευθος

111 2515 158 2541 καί
172 2523 233 2541 τινα
249 2514 374 2550 πυαλώδη
390 2514 538 2549 διαφθορὰν
555 2513 712 2550 iraeadem;
728 2514 759 2540 Τί
773 2513 837 2546 οὖν;
855 2514 901 2550 Μὴ

113 2559 284 2594 πολεμοῦμεν
297 2559 336 2595 τῷ
351 2560 616 2595 ἁρῤιυστήοαντιτῆς
634 2560 734 2595 σαρκὸς
752 2560 829 2595 μέρει
843 2569 849 2593 ;
865 2561 902 2586 Τὸ

113 2604 234 2631 ἐναντίον
249 2605 298 2639 μὲν
313 2603 368 2636 οὖν,
381 2605 453 2632 ἆπαν
462 2605 492 2631 τὸ
504 2606 624 2640 ὑγιαῖνον
635 2605 681 2632 τοῦ
694 2606 820 2641 σώματος
834 2606 902 2642 πρὸς

113 2649 161 2683 τὴν
178 2649 224 2676 τοῦ
238 2650 410 2685 νενοσηκότος
424 2651 559 2686 τρέπομεν
579 2651 734 2686 θεραπείαν.
749 2652 853 2678 Οὐκοῦν
872 2653 902 2678 οὺ

114 2694 144 2720 τὸ
158 2695 243 2727 πάθος
259 2695 410 2731 βδελυκτόν.
424 2694 462 2723 Ἦ
477 2697 531 2732 γὰρ
545 2696 578 2723 ἂν
589 2697 637 2722 καὶ
651 2698 692 2730 ἐφ’
707 2697 786 2732 ἡμῶν
800 2697 902 2729 αὐτῶν,

115 2741 161 2768 τοῦ
174 2741 274 2777 μέρους
289 2743 460 2776 πονεθςαντος,
477 2743 507 2769 τὸ
524 2744 643 2778 ὑγιαῖνον
661 2743 834 2778 ἠλλοτριοῦτο
851 2743 902 2778 τῆς

152 2830 172 2845 ⁸⁵
188 2830 316 2863 llattlml,
334 2830 384 2864 ‘2'2;
407 2830 472 2858 Luc.
494 2839 530 2865 vr,
550 2831 594 2858 46.
616 2839 675 2866 sqq.

714 2834 736 2849 ⁷ο
759 2832 824 2868 Sap.
845 2840 892 2861 vn.
916 2834 943 2861 ὕ.

952 2245 1098 2274 corruptus
1112 2243 1154 2267 est
1169 2239 1276 2271 humor,
1298 2243 1326 2266 et
1346 2237 1473 2274 putridus
1493 2238 1604 2272 quidam
1626 2244 1743 2270 succus,

952 2292 1009 2314 atra
1024 2287 1076 2314 bile
1088 2294 1151 2313 cum
1166 2286 1225 2319 ipso
1242 2285 1356 2312 humore
1371 2283 1502 2317 confusa,
1527 2283 1687 2318 sanguinem
1701 2283 1743 2310 in-

953 2331 1036 2359 fecit?
1049 2330 1103 2358 Has
1119 2331 1191 2371 enim
1205 2337 1304 2357 causas
1317 2329 1426 2361 medici,
1444 2336 1506 2355 cum
1522 2328 1555 2355 de
1567 2328 1670 2355 morbis
1685 2327 1742 2354 dis-

953 2382 1058 2408 serunt,
1081 2375 1181 2403 afferre
1196 2376 1296 2403 solent.
1311 2374 1454 2407 Quodnam
1470 2374 1553 2409 igitur
1567 2377 1610 2401 est
1624 2373 1742 2400 hominis

952 2424 1056 2451 crimen
1069 2442 1077 2454 .
1103 2422 1125 2449 si
1146 2426 1250 2448 natura:
1272 2421 1384 2448 materia
1401 2420 1509 2447 mobilis
1528 2425 1554 2446 et
1577 2419 1736 2446 inconstans

954 2470 987 2496 ad
1007 2468 1071 2495 illud
1093 2467 1263 2502 aegritudinis
1285 2474 1372 2502 genus
1396 2465 1530 2493 deﬂuxit?
1548 2464 1587 2492 'I‘u
1604 2472 1668 2492 vero
1688 2472 1741 2491 non

955 2516 1045 2543 cernis
1069 2514 1096 2540 in
1121 2513 1187 2548 ipsis
1209 2513 1290 2540 etiam
1312 2511 1461 2539 valentium
1487 2512 1649 2545 corporibus
1672 2518 1744 2544 szepe

955 2560 1122 2594 contingere,
1136 2564 1164 2585 ut
1179 2558 1224 2592 qui
1238 2563 1334 2585 caetera
1351 2564 1434 2583 sanus
1446 2559 1499 2586 est,
1515 2556 1741 2586 inflammatione.

955 2609 1002 2631 aut
1013 2604 1188 2635 carbunculo,
1199 2608 1246 2629 aut
1255 2602 1388 2636 ejusmodi
1400 2602 1491 2635 aliquo
1506 2601 1600 2626 morbo
1609 2600 1742 2635 corripia-

957 2656 1012 2683 tur,
1024 2650 1134 2676 incensa
1152 2655 1234 2681 supra
1253 2654 1336 2681 quam
1352 2654 1421 2681 opus
1437 2646 1482 2676 sit.
1496 2645 1569 2671 circa
1589 2644 1741 2671 membrum

957 2700 1005 2723 aut
1022 2699 1124 2730 partem
1147 2694 1264 2728 aliquam
1282 2693 1394 2719 materia
1415 2691 1525 2718 humida
1548 2694 1575 2717 et
1597 2690 1698 2717 idcirco
1714 2690 1742 2716 in

958 2745 1111 2773 tumorem,
1132 2743 1159 2768 et
1179 2739 1305 2766 ruborem
1318 2757 1325 2769 ,
1347 2742 1374 2765 ct
1395 2736 1529 2772 putt-idum
1554 2735 1657 2762 saniem
1673 2742 1743 2762 con-

993 2832 1015 2848 ⁷¹
1037 2830 1115 2858 Rom.
1132 2837 1169 2862 xt,
1189 2829 1225 2857 20
