1912 3080
920 32 943 86 ἦῆ

170 144 220 172 685

168 249 273 279 partem
291 250 468 281 tegrotantem
493 253 661 279 versamur,
689 254 723 273 an
742 251 839 273 contra
866 247 956 281 potius

169 290 288 325 reliquas
305 292 428 327 corporis
446 297 537 326 partes
554 300 635 320 sanas
652 300 748 319 omnes
766 292 800 319 ad
826 292 900 319 illius
916 293 957 318 la-

169 336 293 364 borantis
310 338 479 365 curationem
502 338 708 365 convenimus?
731 338 788 365 Non
813 338 896 374 igitur
910 339 958 365 de-

171 383 304 410 testabilis
318 388 359 410 est
373 384 485 410 morbus
499 393 505 410 :
521 384 643 419 alioquin
657 384 683 410 in
700 385 778 411 nobis
792 385 873 411 etiant
890 384 957 419 ipsis

171 427 205 455 ab
221 436 252 455 ea
272 434 348 463 parte
364 429 484 456 curanda
497 449 504 460 ,
521 437 582 464 quae
598 430 693 456 morbo
707 430 802 457 aﬂecta
817 434 868 461 est,
885 438 959 456 same

171 477 263 508 partes
282 474 470 502 abhorrerem.
491 475 560 507 Quid
579 483 644 510 ergo
667 483 716 502 nos
733 475 767 502 ab
782 475 834 502 illis
851 475 957 509 disjun-

172 519 227 553 git?
241 520 304 553 quid
322 521 429 546 tandem
445 521 508 548 est?
522 521 588 547 Illud
606 521 739 556 profecto.
757 521 831 556 quod
848 529 901 548 non
921 523 957 548 ti-

172 571 277 591 luemus
295 564 383 592 minas
406 565 489 596 illius,
505 566 551 600 qui
577 567 641 594 dicit
660 575 667 593 :
692 566 822 593 Discedite
838 576 853 593 α
873 575 913 594 me
933 569 959 594 in

172 608 257 642 ignem
270 613 395 636 aeternum
407 618 416 636 :
433 615 562 644 quatenus
574 612 643 638 enim
666 613 712 638 uni
727 619 759 638 ea;
774 611 813 639 his
831 621 881 639 non
900 612 960 646 feci-

172 654 230 684 stis,
249 662 294 680 nec
309 654 372 681 mihi
387 655 495 690 fecistis.
514 655 542 683 Si
557 656 628 683 enim
645 657 702 683 ha-c
716 658 752 684 ita
770 658 871 685 habere
889 659 960 685 arbi-

173 702 320 731 trarentur,
334 708 470 735 nunquam
488 702 584 729 adduci
597 702 623 728 in
639 710 698 729 cam
714 705 877 730 sententiam
898 712 960 739 pos-

173 748 244 775 sent,
256 750 285 772 ut
301 750 463 780 aegrotantes
481 755 495 774 a
512 755 542 774 se
562 749 723 782 repellerent
735 769 741 780 .
758 757 808 776 nec
821 751 959 781 studium,

173 791 244 825 quod
276 792 302 818 in
328 793 502 821 calamitosos
529 795 744 830 impenderetur,
770 797 831 824 vita:
861 802 961 825 nostra:

174 837 329 872 contagium
363 839 562 867 existimarent.
591 841 773 874 Quamobrem
803 843 825 870 si
855 843 960 871 lidelem

772 143 802 171 S.
820 142 995 175 GBEGORH,

170 200 261 227 versa?
270 199 385 232 Quando
398 200 480 234 igitur
492 200 532 227 sic
540 200 626 228 affecti
639 208 744 230 sumus.
758 208 853 228 eamne
864 201 956 227 carnis
972 203 993 230 Α
1009 197 1048 235 6η
1059 225 1091 235 κ,
1108 234 1110 236 τ

1747 140 1797 166 435

1489 206 1512 221 «λ
1529 196 1570 227 τίς
1585 196 1658 222 ἐστιν
1674 195 1748 221 αἰτία
1760 215 1766 222 .
1782 195 1797 229 ἠ

1009 246 1064 272 τῶν
1081 254 1150 272 uoto.
1383 250 1462 268 ..151:
1477 241 1524 272 Τίς
1543 240 1627 275 αὖτη;
1645 240 1682 265 Τὸ
1698 238 1735 274 μὴ
1753 247 1787 272 φο

1010 291 1116 318 δεῖσθαι
1137 290 1186 325 τὴν
1196 286 1315 323 ίὰπειλὴν
1336 288 1382 314 τοῦ
1408 287 1546 318 εἰπόντος,
1574 286 1614 312 ὅτι
1631 286 1801 318 Πορεύεσθε

1011 338 1060 365 ἀπ’
1075 337 1148 372 ἐμοῦ
1160 338 1203 368 είς
1215 335 1247 362 τὸ
1264 335 1323 369 πῦρ
1338 333 1370 360 τὸ
1385 333 1511 360 αἰώνιον·
1529 333 1574 366 ἐφ’
1585 332 1660 358 ὅσον
1675 331 1730 365 γὰρ
1745 331 1800 356 οὐκ

1011 382 1172 415 ἐποιήσατε
1181 382 1225 408 ἐνὶ
1236 381 1360 412 τούτων,
1372 379 1463 414 φησιν,
1475 378 1544 405 οὐδὲ
1554 378 1616 412 ἐμοὶ
1626 376 1800 409 ἐποιήσατε.

1012 430 1043 456 Εἰ
1065 429 1118 464 γὰρ
1134 428 1220 455 ταῦτα
1238 427 1323 458 οὕτως
1342 426 1412 461 ἔχειν
1428 424 1526 460 ᾤοντο,
1544 424 1594 450 οὐκ
1616 423 1649 450 ἂν
1671 422 1800 456 τοιαύτην

1011 475 1090 509 ἔσχον
1108 475 1172 510 περὶ
1196 473 1249 500 τῶν
1275 471 1486 508 ἀρρωστούντων
1505 469 1627 504 γνώμην,
1655 468 1726 494 ὥστε
1747 468 1800 494 ὰπ-

1011 519 1139 546 ωθεῖσοαι
1156 519 1201 554 ἀφ’
1214 518 1326 548 ἑαυτῶν,
1346 517 1390 543 καὶ
1405 515 1539 552 μολυσμὸν
1555 514 1658 541 οἴεσθαι
1667 513 1712 540 τοῦ
1729 515 1800 548 ἡμε-

1011 567 1090 602 τέρου
1110 566 1176 601 βίου,
1193 565 1240 600 τὴν
1260 565 1324 599 περὶ
1345 564 1408 594 τοὺς
1423 561 1696 596 ταλαιπωρουμένους
1715 567 1800 585 σπου-

1012 613 1070 648 δήν.
1083 611 1186 638 Οὐκοῦν
1196 612 1219 637 εἰ
1236 610 1328 637 πιστὸν
1343 607 1484 644 ἡγούμεθα
1499 607 1544 633 τὸν
1555 605 1799 640 ἐπαγγειλάμενον,

1013 656 1188 692 ἀντιληπτέον
1209 656 1242 682 ἂν
1260 655 1301 688 εἴη
1317 654 1372 680 τῶν
1386 652 1509 682 ἐντολῶν,
1534 649 1570 677 ὧν
1590 652 1652 678 ἄνευ
1676 651 1726 676 οὐκ
1743 650 1800 675 ἔστι

1012 706 1066 732 τῶν
1082 704 1265 738 ἐλπιζομένων
1280 702 1436 737 ἀξιωθῆναι.
1453 701 1542 732 Ξένος,
1558 701 1602 726 καὶ
1619 699 1720 734 γυμνὸς
1731 719 1738 729 ,
1754 698 1801 724 καὶ

1014 751 1115 787 τροφῆς
1130 750 1230 785 ἐνδεὴς,
1243 749 1362 776 ἀσθενῶν
1375 748 1421 775 καὶ
1432 748 1633 777 κατάκλειστος,
1650 746 1696 772 καὶ
1712 746 1802 770 πάντα

1015 803 1055 821 σοι
1071 791 1147 825 οὗτός
1162 795 1244 824 ἐστιν,
1268 794 1316 819 ὅσα
1337 793 1366 818 ἐν
1389 791 1427 826 τῷ
1449 790 1607 825 Εὖαγγελίῳ
1628 790 1800 825 προείρηται·

1015 841 1116 875 ἀλήτης
1132 839 1178 866 καὶ
1198 839 1299 873 γυμνὸς
1324 838 1505 873 περιέρχεται,
1524 837 1624 872 γυμνὸς
1639 837 1666 863 δὲ
1683 837 1730 862 καὶ
1748 835 1801 862 τῶν

173 888 236 908 eum
253 881 298 915 qui
312 884 452 916 promisit,
466 884 641 919 arbitramur,
656 887 792 914 mandatis
807 887 890 921 illius,
903 889 961 915 sine

1020 886 1168 920 ῑιναγκαίων
1191 884 1297 919 ἐπιδεὴς
1307 905 1314 915 ,
1329 884 1373 910 διὰ
1387 883 1436 918 τὴν
1450 882 1683 909 ἐπακολουθοῦσαν
1697 881 1736 916 τῷ
1750 881 1803 908 πά-

175 927 274 961 qnibus
295 928 368 961 digiti
390 930 532 964 promissis
554 931 614 966 ejus
639 940 699 959 esse
727 941 780 960 non
803 942 960 969 possumus,

175 973 402 1008 obtemperemus.
419 975 532 1011 Hospes,
547 977 648 1008 nudus,
665 977 790 1014 indigens
803 980 874 1011 cibo,
888 980 962 1007 inﬁr-

176 1019 284 1053 tuus,in
305 1028 417 1048 carcere
432 1022 553 1054 clausus.
569 1028 596 1049 et
612 1025 703 1050 omnia
723 1032 782 1059 quae
797 1032 961 1053 commemo-

176 1068 273 1091 rantur
296 1066 322 1091 in
339 1065 501 1101 Evangelio,
521 1067 548 1094 in
567 1067 618 1095 hoc
635 1070 736 1096 misero
753 1070 802 1096 tibi
822 1071 961 1105 proposita

177 1115 252 1137 sunt.
267 1110 355 1146 Vagus
375 1113 483 1139 oberrat
500 1118 527 1140 et
544 1113 644 1147 nudus,
660 1114 795 1147 inﬁrmus,
813 1120 837 1142 et
853 1121 962 1151 propter

178 1156 307 1191 inopiam,
326 1166 386 1192 quae
406 1159 531 1186 tnorhnm
551 1159 640 1194 ipsum
665 1161 853 1196 consequitur,
871 1169 960 1189 rerum

177 1210 260 1237 egens
291 1204 517 1232 necessariarum.
541 1205 592 1239 Qui
615 1207 688 1233 enim
713 1214 762 1234 ttec
788 1207 860 1234 domi
883 1209 962 1234 habet

181 1246 253 1273 unde
268 1246 366 1279 alatur,
384 1255 433 1274 nec
451 1249 561 1276 aliunde
577 1249 668 1276 labore
682 1255 910 1285 potestqumslum
923 1251 961 1278 I'a-

178 1298 250 1322 cere,
269 1291 332 1318 huic
348 1292 440 1326 utique
454 1293 551 1320 desunt
566 1302 596 1320 ea
610 1314 617 1324 ,
634 1302 695 1329 qua:
709 1295 771 1321 vitae
791 1303 856 1322 usus
873 1297 963 1330 requi-

179 1334 224 1361 rit.
253 1334 365 1362 Vinctus
384 1342 474 1364 autem
496 1342 637 1372 propterea
657 1344 717 1371 est,
733 1341 860 1374 quoniatn
877 1341 963 1368 morbi

179 1380 296 1408 vinculis
309 1383 515 1417 constringitur.
528 1383 620 1419 Itaque
634 1385 827 1412 mandatorum
843 1387 963 1413 omttium

180 1434 314 1454 summam
326 1428 353 1454 in
365 1428 416 1456 hoc
434 1429 568 1464 expletam
583 1431 678 1461 habes.
692 1435 718 1457 ct
733 1431 820 1465 ipsum
841 1432 963 1458 omnittm

180 1472 324 1500 Dominum
335 1474 371 1500 ob
379 1481 411 1501 ea
421 1482 481 1509 quae
496 1476 610 1510 benigne
619 1476 670 1510 ipsi
681 1477 851 1511 prastiteris,
865 1477 965 1504 obstri-

180 1524 254 1546 ctum
262 1524 288 1547 et
296 1519 444 1554 obligatum
453 1521 486 1547 ".
494 1519 638 1556 Curigitur
649 1522 675 1548 in
683 1526 735 1549 tua:
747 1524 808 1549 vita:
819 1523 964 1554 perniciem

182 1563 277 1591 niteris
287 1564 298 1590 ?
307 1563 358 1597 Qui
373 1565 445 1591 enitn
457 1572 546 1591 rerum
558 1565 678 1592 omnium
691 1565 834 1592 Dominum
846 1566 962 1593 amicum

182 1608 282 1636 habere
298 1617 353 1636 non
371 1610 440 1642 vult,
460 1610 483 1637 is
506 1610 556 1637 sibi
583 1610 641 1645 ipsc
663 1611 753 1646 gravis
766 1615 809 1638 est
826 1611 963 1638 ittimicus.

183 1653 415 1687 Quemadmodum
437 1660 527 1683 autem
547 1656 666 1683 mandati
685 1657 857 1684 observantia
879 1657 969 1684 conci—

184 1701 276 1732 liatur.
297 1701 338 1728 sic
362 1701 534 1729 abalienatur
549 1702 721 1730 crudelitate.
743 1703 835 1730 Tollite
851 1703 967 1738 (inquit)

183 1747 275 1781 iugum
288 1755 372 1773 meum
381 1755 458 1781 super
469 1756 513 1775 vos
524 1748 557 1774 ⁷³.
570 1747 755 1776 Mandatorum
770 1749 969 1776 observantiam

185 1793 279 1827 jugum
295 1793 430 1827 appellat;
451 1794 558 1828 jubenti
575 1801 729 1828 pareamus.
757 1793 910 1821 Elliciamur
924 1795 969 1829 ju-

188 1842 309 1865 mentutn
326 1838 440 1869 Christi,
458 1840 602 1866 induentes
618 1841 726 1866 vincula
739 1840 890 1867 citat-italis.
905 1840 969 1868 'l‘ale

185 1885 280 1919 jugum
300 1892 334 1911 ne
348 1884 548 1916 detrectetnus.
567 1894 601 1913 ne
617 1887 802 1919 excutiamus,
817 1894 900 1914 suave
913 1891 970 1918 est,

1013 933 1053 958 Οει
1071 932 1174 959 πενίαν.
1199 931 1229 957 Ὀ
1245 931 1296 966 γὰρ
1320 932 1386 966 μήτε
1404 939 1429 956 τι
1448 929 1501 956 τῶν
1517 929 1621 955 οἴκοθεν
1635 928 1715 963 ἔχων,
1734 928 1803 962 μήτε

1014 978 1146 1014 μισθωτὸς
1163 977 1288 1011 γενέσθαι
1311 976 1467 1010 δυνάμενος,
1495 975 1524 1007 ἐξ
1549 975 1671 1009 ἀνάγκης
1693 973 1803 1005 πάντως

1012 1024 1112 1059 ἄπορος
1131 1023 1184 1049 τῶν
1203 1022 1269 1058 πρὸς
1280 1021 1328 1056 τὴν
1344 1021 1416 1056 ζωὴν
1431 1020 1591 1055 ἐπιτηδείων
1603 1020 1686 1046 ἐστίν·
1700 1018 1804 1053 δεσμώ-

1012 1077 1061 1103 της
1089 1076 1118 1093 τε
1147 1067 1199 1093 ὑπὸ
1223 1067 1273 1102 τῆς
1297 1066 1454 1101 ἀρρωστίας
1474 1065 1669 1100 πεπεδημένος.
1695 1063 1802 1090 Οὐκοῦν

1012 1115 1071 1141 ὅλον
1089 1114 1119 1140 τὸ
1134 1113 1269 1148 πλήρωμα
1283 1113 1336 1139 τῶν
1353 1112 1469 1139 ἐντολῶν
1485 1113 1513 1138 ὲν
1526 1111 1628 1143 τούτοις
1644 1110 1716 1146 ἔχεις
1731 1110 1802 1145 πλη-

1014 1159 1060 1194 ρού
1065 1167 1155 1194 μενον,
1167 1159 1212 1185 καὶ
1222 1159 1303 1185 αὑτὸν
1312 1159 1356 1184 τὸν
1365 1158 1420 1184 τῶν
1428 1158 1496 1184 ὅλων
1504 1157 1606 1192 Κύριον
1613 1155 1753 1191 ὑπόχρεων
1763 1163 1805 1181 σοι

1011 1206 1056 1232 διὰ
1077 1206 1126 1240 τῆς
1142 1206 1181 1236 είς
1195 1205 1287 1231 τοῦτον
1313 1203 1516 1238 φιλανθρωπίας
1537 1202 1689 1237 γινόμενον.
1706 1201 1739 1227 Τί
1758 1199 1806 1227 οὖν

1013 1251 1171 1286 φιλονεικείς
1180 1251 1250 1277 κατὰ
1256 1250 1305 1285 τῆς
1313 1250 1380 1280 ἰδίας
1391 1249 1473 1283 ζωῆς
1483 1249 1518 1274 Τὸ
1525 1248 1577 1284 γὰρ
1586 1248 1707 1274 σύνοικον
1715 1246 1804 1280 ἑαυτῷ

1012 1297 1057 1324 τὸν
1070 1297 1134 1322 Θεὸν
1146 1297 1198 1323 τῶν
1208 1296 1275 1322 ὅλων
1288 1295 1324 1331 μὴ
1333 1295 1458 1329 ἐθελῆσαι
1466 1294 1547 1329 ἔχειν,
1558 1294 1632 1320 οὐδὲν
1642 1294 1705 1320 ἄλλο
1717 1293 1804 1322 ἐστὶν,

1013 1343 1029 1378 ἢ
1045 1342 1105 1369 καθ’
1120 1341 1215 1368 ἑαυτοῦ
1228 1350 1287 1367 τινα
1301 1341 1408 1376 ἰσχυρὸν
1419 1339 1554 1374 γενέσθαι.
1576 1339 1620 1370 Ὠς
1632 1339 1685 1373 γὰρ
1697 1339 1741 1364 διὰ
1756 1338 1806 1371 τῆς

1014 1389 1123 1424 ἐντολῆς
1143 1387 1332 1419 εἰσοικίζεται,
1359 1386 1428 1412 οὕτω
1453 1386 1496 1412 διὰ
1520 1385 1569 1419 τῆς
1594 1384 1726 1419 ἀπηνείας
1741 1384 1808 1410 ἀπο-

1015 1434 1167 1469 χωρίζεται.
1184 1434 1300 1467 Ἀρατε,
1318 1432 1393 1467 φησι,
1412 1431 1465 1457 τὸν
1485 1430 1572 1466 ζυγόν
1583 1440 1642 1465 μου
1656 1430 1701 1464 ἐφ’
1715 1428 1802 1463 ὑμᾶς’

1016 1481 1095 1513 ζυῖδν
1109 1480 1138 1506 δὲ
1157 1479 1241 1512 λέγει,
1255 1478 1305 1513 τὴν
1316 1478 1370 1504 τῶν
1384 1477 1496 1504 ἐντολῶν
1508 1477 1647 1512 ἐργασίαν.
1666 1475 1802 1502 Ὕπακού-

1019 1532 1110 1558 σωμεν
1124 1523 1161 1558 τῷ
1177 1523 1328 1553 κελεύοντι,
1346 1522 1488 1556 γενώμεθα
1504 1522 1550 1548 τοῦ
1570 1520 1687 1556 Χριστοῦ
1703 1519 1807 1551 ὑποζύ-

1018 1579 1085 1604 γιον,
1098 1571 1158 1601 ταῖς
1172 1570 1298 1603 ξεὺγλαις
1314 1570 1362 1604 τῆς
1378 1569 1488 1604 ἀγάπης
1506 1568 1618 1598 ἑαυτοὺς
1631 1567 1804 1601 ἐνδήσαντες.

1019 1616 1064 1650 Μὴ
1076 1614 1283 1649 ὰποσεισώμεῦα
1295 1615 1339 1640 τὸν
1350 1614 1469 1640 τοιοῦτον
1485 1613 1575 1647 ζυγόιν
1588 1613 1705 1648 χρηστός
1721 1613 1808 1641 ἐστιν,

1020 1660 1135 1695 ἐλαφρός
1153 1661 1234 1686 ἐστιν’
1248 1660 1278 1685 οὐ
1293 1659 1379 1695 τρίϐει
1396 1660 1440 1685 τὸν
1457 1659 1556 1693 αὐχένα
1571 1658 1617 1684 τοῦ
1637 1657 1809 1687 ὐπελθὸντος,

1021 1706 1088 1732 ἀλλὰ
1098 1706 1206 1732 λεαίνει.
1218 1705 1437 1738 ΣπεΙρωμενὲπ¹
1451 1705 1611 1739 είιλογ-[αις.
1624 1703 1705 1738 φησιν
1717 1704 1730 1728 ὸ
1739 1701 1810 1729 Παῦπ

1022 1751 1084 1782 λος,
1105 1751 1155 1777 ἵνα
1171 1751 1220 1782 καί
1240 1751 1286 1776 ἐπ’
1306 1751 1456 1784 εὐλογίαις
1477 1750 1648 1783 θερίσωμεν.
1674 1748 1811 1781 Πολύχους

1021 1797 1118 1831 στάχυς
1135 1797 1167 1822 ὲκ
1182 1797 1231 1831 τῆς
1250 1796 1375 1831 τοιαύτης
1391 1796 1587 1830 ἀναὸλαστήσει
1605 1796 1720 1829 σπορᾶς.
1737 1793 1810 1819 Βαθὺ

1020 1841 1074 1868 τῶν
1091 1842 1205 1868 ἐντολῶν
1221 1843 1267 1868 τοῦ
1284 1843 1385 1878 Κυρίου
1408 1841 1438 1867 τὸ
1453 1842 1537 1877 λήϊον·
1554 1840 1644 1876 ὑψηλὰ
1656 1840 1689 1866 τὰ
1702 1839 1752 1874 τῆς
1768 1839 1812 1865 εὑ-

1024 1887 1117 1921 λογίας
1133 1888 1303 1922 γεννήματα.

189 1932 245 1958 leve
255 1936 305 1958 est.
318 1931 463 1959 Subeuutis
475 1933 607 1960 cervicem
622 1941 675 1960 non
688 1934 789 1965 atterit,
806 1933 852 1961 sed
864 1934 1009 1961 demulcet.
1032 1933 1194 1961 Semittemtts
1223 1935 1249 1961 in
1272 1934 1502 1965 benedictionibus,
1533 1933 1621 1968 inquit
1654 1934 1811 1967 Apostolus.

189 1983 217 2004 ut
238 1979 317 2005 etiam
337 1979 365 2005 in
384 1979 604 2006 benedictionibus
629 1985 756 2007 metamus
768 1981 802 2008 ".
830 1980 967 2016 Multiplex
989 1982 1063 2016 spica
1076 1990 1109 2009 ex
1127 1982 1172 2008 tali
1188 1986 1309 2008 semente
1326 1982 1477 2016 pullulahit.
1494 1983 1589 2017 Ampla
1629 1987 1670 2009 est
1704 1981 1811 2008 Domini

190 2024 380 2052 mandatorum
398 2033 486 2060 seges,
503 2025 634 2053 sublimes
650 2027 848 2054 benedictionis
861 2028 972 2062 stirpes.

226 2071 274 2100 Vis
284 2072 442 2107 intelligere,
460 2073 488 2100 in
501 2078 631 2108 quautam
649 2074 819 2101 altitudinem
830 2075 975 2101 extollatur

190 2118 286 2145 harum
304 2119 429 2153 stirpium
452 2119 665 2147 incrementum?
688 2121 763 2154 Ipsos
778 2121 839 2147 coeli
855 2121 972 2148 vertices

191 2164 338 2199 attingunt.
354 2165 491 2200 Quidquid
506 2166 577 2192 enim
593 2166 619 2192 in
634 2166 683 2193 hos
698 2167 856 2197 contuleris,
871 2167 897 2193 in
913 2167 974 2194 coeli

191 2209 328 2237 thesauris
344 2211 482 2238 conditum
508 2212 640 2240 invenies.
668 2211 706 2240 Ne
733 2213 838 2240 diﬂidas
857 2213 889 2240 iis
915 2220 974 2247 qum

191 2255 265 2282 dicta
287 2260 361 2286 sunt.
382 2264 449 2284 neve
466 2257 561 2284 ltorum
582 2258 727 2285 amicitiam
750 2258 974 2286 contemnendam

192 2305 281 2336 ptttes.
308 2301 403 2328 Manus
419 2302 527 2336 quidem
545 2303 665 2338 ipsorum
682 2308 744 2331 sunt
759 2304 902 2335 mutilatae,
927 2304 974 2330 sed

193 2347 225 2373 ad
242 2347 380 2375 ferendum
395 2348 525 2375 auxilium
539 2357 592 2376 non
604 2349 753 2376 imbecillaz.
767 2349 853 2376 Pedes
866 2349 975 2376 inutiles

192 2392 280 2420 elTecti
296 2398 370 2426 sunt,
385 2394 431 2421 sed
449 2402 560 2421 cttrrere
574 2395 606 2421 ad
621 2394 704 2422 Deum
720 2402 774 2421 non
787 2394 975 2428 prohibentur.

195 2438 283 2466 Eiihtit
298 2439 342 2466 lux
358 2439 498 2466 oculorum
509 2458 516 2470 ,
537 2440 583 2467 sed
598 2440 688 2466 anitno
710 2444 825 2466 cernunt
844 2440 887 2466 illa
905 2440 975 2467 bona

193 2493 254 2519 qum
267 2486 408 2511 oculorum
422 2485 494 2512 acies
505 2486 604 2512 intueri
615 2493 667 2512 non
682 2490 781 2519 potest.
796 2485 976 2517 Quamobrem

194 2530 318 2565 corporis
332 2530 530 2558 deformitatem
547 2538 580 2557 ne
596 2530 742 2565 despicias.
765 2530 915 2565 Parumper
931 2539 978 2559 ex-

194 2580 297 2610 specta,
314 2579 341 2602 et
359 2575 431 2609 quod
451 2579 560 2609 superet
581 2575 670 2602 omnis
685 2575 811 2602 miraculi
828 2575 917 2606 ﬁdem,
937 2576 980 2602 in-

195 2620 326 2647 tucberis.
343 2619 402 2646 Non
417 2621 489 2646 enim
503 2627 672 2655 quacunque
687 2621 807 2648 materiae
820 2621 898 2648 ﬂuxa:
912 2629 979 2648 con-

195 2665 314 2700 tingunt,
327 2664 421 2693 eadem
436 2666 463 2692 in
479 2670 636 2700 perpetuum
655 2672 781 2698 manent;
801 2667 846 2694 sed
870 2667 979 2701 quando

196 2712 287 2738 anima
299 2711 381 2746 hujus
395 2711 490 2739 caduci
507 2713 660 2747 terrenique
669 2713 790 2740 carceris
805 2721 874 2740 nexu
891 2713 980 2740 soluta

198 2761 250 2789 est,
268 2761 333 2785 tunc
349 2759 457 2793 propria
479 2758 602 2794 splendet
623 2759 834 2794 pulchritudine.
862 2758 917 2786 Hoc
932 2767 980 2785 au-

233 2851 256 2866 "
283 2851 363 2880 Prov.
387 2861 443 2884 λιι,
458 2851 500 2879 17.
539 2854 561 2869 ⁷³
579 2852 671 2880 Matth.
689 2860 728 2886 χι,
746 2853 792 2880 9.9.

992 2290 1012 2315 l)

1063 2071 1154 2098 Βούλει
1172 2072 1267 2106 μαθεῖν
1281 2072 1319 2104 είς
1333 2072 1393 2098 ὅσον
1413 2072 1582 2099 ἀνατείνεται
1600 2074 1666 2108 ὕψος
1685 2075 1738 2101 τῶν
1751 2084 1814 2109 γεν-

1027 2117 1154 2152 νημάτων
1169 2115 1306 2151 ήαῠξησις
1317 2125 1324 2148 ;
1336 2117 1428 2142 Αὐτῶν
1441 2116 1495 2142 τῶν
1508 2117 1640 2153 οὐρανίων
1659 2119 1815 2155 ὑψωμάτων

1028 2163 1187 2196 ἐφάπτεται.
1206 2162 1276 2187 ’Ὅσα
1288 2161 1341 2196 γὰρ
1354 2161 1386 2188 ἂν
1399 2161 1502 2194 τούτοις
1519 2164 1634 2200 ποιήσῃς
1644 2185 1651 2196 ,
1664 2167 1720 2196 τοῖς
1731 2166 1815 2200 οὐρα-

1027 2208 1093 2239 νίοις
1104 2207 1249 2242 θησαυροῖς
1260 2209 1452 2242 καρποφορεῖς.
1462 2208 1507 2243 Μὴ
1516 2209 1668 2245 ἀπελπίσῃς
1675 2210 1730 2237 τῶν
1741 2211 1817 2244 λεγο-

1030 2254 1126 2288 μένωψ
1154 2253 1190 2288 μὴ
1212 2253 1447 2288 εὐκαταφρόνητον
1457 2253 1551 2289 λογίσῃ
1561 2254 1615 2280 τῶν
1628 2255 1756 2282 τοιούτων
1768 2255 1816 2290 τὴν

1029 2299 1128 2333 φιλίαν,
1149 2299 1180 2325 Ἠ
1203 2299 1262 2334 χεὶρ
1282 2299 1504 2334 ὴκροτηρίασται,
1525 2300 1582 2326 ἀλλ’
1601 2300 1631 2326 οὺ
1651 2301 1720 2336 πρὸς
1748 2310 1818 2336 συμ-

1030 2345 1139 2380 μαχίαν.
1159 2345 1188 2370 '0
1210 2344 1276 2375 ποῦς
1290 2345 1445 2380 ἠχρείωται,
1468 2345 1536 2372 ἀλλὰ
1558 2346 1625 2380 πρὸς
1641 2346 1685 2372 τὸν
1700 2346 1768 2372 Θεὸν
1786 2348 1816 2373 οὑ

1028 2390 1160 2416 κωλύεται
1174 2391 1289 2425 τρέχειν.
1313 2391 1342 2417 '0
1354 2391 1491 2426 ὀφθαλμὸς
1504 2391 1630 2427 ἐξερρύη,
1644 2392 1711 2419 ἀλλὰ
1723 2392 1817 2427 βλέπει

1028 2436 1072 2463 διὰ
1086 2436 1135 2470 τῆς
1147 2436 1236 2471 ψυχῆς
1248 2437 1282 2463 τὰ
1302 2437 1393 2471 ἀγαθὰ
1408 2437 1442 2463 τὰ
1453 2437 1565 2464 ἀθέατα.
1586 2439 1632 2474 Μὴ
1654 2439 1745 2465 τοίνυν
1769 2440 1818 2475 τὴν

1029 2483 1166 2518 ἀμορφίαν
1180 2483 1304 2509 κατανόει
1322 2483 1368 2509 τοῦ
1384 2483 1517 2517 σώματος.
1535 2484 1640 2519 Μικρὸν
1653 2484 1816 2520 ἀνάμεινον,

1031 2530 1077 2556 καὶ
1087 2530 1146 2564 ὄψει
1158 2529 1188 2556 τὸ
1198 2530 1296 2560 παντὸς
1309 2529 1446 2564 Θαύματος
1455 2529 1642 2566 ἀπιστότερον.
1653 2531 1691 2557 οὐ
1703 2532 1758 2567 γὰρ
1770 2532 1818 2558 ὅσα

1032 2576 1094 2610 περὶ
1104 2574 1153 2609 τὴν
1165 2575 1278 2610 ῥευστὴν
1292 2575 1372 2609 φύσιν
1387 2576 1554 2611 συμϐέϐηκε,
1569 2577 1654 2603 ταῦτα
1669 2579 1716 2604 καὶ
1731 2579 1818 2604 εἰσαεὶ

1032 2621 1191 2656 παραμένει.
1215 2620 1284 2646 Ἀλλ’
1295 2622 1358 2646 ὅταν
1372 2621 1538 2657 ἐλευθερωθῇ
1551 2622 1601 2657 τῆς
1612 2623 1679 2657 πρὸς
1692 2624 1722 2650 τὸ
1735 2624 1818 2660 φθειρ-

1032 2667 1119 2693 τόντε
1141 2666 1188 2692 καὶ
1207 2667 1298 2700 γήϊνον
1313 2666 1471 2701 συμπλοκῆς
1492 2668 1508 2702 ἡ
1528 2667 1610 2703 ψυχὴ,
1624 2669 1684 2695 τότε
1701 2670 1740 2704 τῷ
1763 2670 1818 2705 ἰδίῳ

1033 2712 1126 2739 κάλλει
1147 2712 1332 2747 ὲνωραῗζεται.
1357 2713 1511 2748 Τεκμήριον
1530 2713 1572 2747 δὲ,
1590 2715 1640 2741 οὐκ
1660 2715 1818 2748 ἑϐδελύξατο

1033 2759 1080 2785 τοῦ
1093 2758 1200 2794 πτωχοῦ
1214 2759 1262 2793 τὴν
1276 2760 1354 2794 χεῖρα
1369 2758 1436 2794 μετὰ
1451 2759 1496 2785 τὸν
1509 2759 1565 2794 βίον
1576 2760 1670 2788 τοῦτον
1684 2762 1698 2788 ό
1716 2770 1818 2797 τρυφη-

831 2852 852 2868 "
878 2852 899 2879 li
916 2852 979 2880 Cor.
1001 2861 1039 2885 ιι,
1055 2851 1081 2879 6.
