1912 3080
74 129 125 156 ιδῖί

643 125 686 152 DE
707 125 924 154 I‘AUI’ERIBUS
937 126 1098 154 AM.\NDIS.

1650 126 1701 152 H’i

76 187 120 219 τὴς
140 185 246 216 ἐκεῖνος
268 185 403 217 πλούσιος·
418 185 475 212 ἀλλ’
488 185 565 219 ἠξίου
584 185 709 219 γενέσθαι
730 186 804 220 αὐτῷ
823 186 868 212 τόν

925 192 972 212 Lem
989 188 1030 213 vel
1052 187 1114 213 inde
1135 187 1274 221 conjicilo,
1290 186 1362 221 quod
1387 192 1447 220 post
1463 185 1533 212 hanc
1551 185 1631 211 vitam
1648 192 1701 212 non

75 239 137 257 ποτε
149 228 310 267 διεφθορότα
323 231 369 257 τοῦ
382 230 488 266 πτωχοῦ
499 231 639 261 δάκτυλον,
650 232 698 267 τῆς
711 231 755 258 τοῦ
769 231 864 262 ὕδατος

75 277 203 310 σταγόνος
224 277 362 303 διάκονον·
383 276 523 311 ἐπιθυμῶν
540 277 608 312 αὐτῇ
632 278 666 312 τῇ
687 276 797 313 γλώσσῃ
817 276 865 311 τὴν

76 322 137 356 περὶ
159 322 205 348 τὸν
228 322 357 348 δάκτυλον
378 322 479 356 ἰκμάδα
502 322 547 348 τοῦ
565 322 673 357 πτωχοῦ
702 322 861 357 περιλάψαιθ

77 369 123 394 οὐκ
140 368 173 394 ἂν
196 368 275 394 τοῦτο
301 367 488 402 ἐπιθυμήσας,
511 369 534 394 εἰ
558 368 607 402 τὴν
621 369 652 394 ἐκ
674 368 721 394 τοῦ
741 368 866 403 σώματος

77 414 170 449 ἀηδίαν
186 414 225 450 τῷ
241 415 392 450 χαρακτῆρι
410 414 461 448 τῆς
473 414 562 449 ψυχῆς
579 414 692 449 ἐνεώρα.
711 415 778 441 Ὅσα
794 414 867 446 εἰκὸς

77 458 107 495 ῆν
125 462 214 495 μάτην
233 460 390 494 παλινῳδεῖν
412 461 441 486 ἐν
459 461 491 495 τῇ
518 460 652 495 μεταϐολῇ
676 460 722 486 τοῦ
748 460 804 495 βίου
821 460 866 486 τὸν

77 505 213 531 πλούσιον-
233 504 301 531 πόσα
318 504 479 540 μακαρίζειν
489 506 535 539 τῆς
545 506 573 531 ὲν
585 507 618 541 τῇ
636 505 693 541 ζωῇ
708 505 794 542 ταύτῃ
805 506 866 532 δυσ-

76 551 191 586 κληρίας
203 551 248 590 τδν
262 551 364 585 πένητα
377 559 384 566 ·
400 550 471 576 πόσα
495 552 720 586 καταμέμφεσθαι
736 552 784 587 τὴν
806 553 868 578 ἐαυ-

75 596 122 623 τοῦ
136 596 226 630 λῆξιν,
244 596 281 627 ὡς
296 596 341 622 ἐπὶ
360 595 437 631 κακῷ
451 596 499 631 τῆς
522 596 611 631 ψυχῆς
628 597 867 632 ἀποκληρωθεῖσαν

75 643 114 678 τῷ
131 642 240 677 πλούτῳ
251 650 259 657 ·
274 643 298 668 εί
316 642 345 668 δὲ
366 643 397 672 δὴ
413 643 459 669 καὶ
481 642 628 668 ἀναϐιῶναι
648 643 728 670 πάλιν
743 643 816 679 ἐξῆν,
839 645 867 670 ἐν

76 689 145 716 τίσιν
162 689 196 715 ἂν
212 688 319 720 ἐδέξατο
334 689 413 715 πάλιν
427 689 570 722 γενέσθαι;
591 686 654 724 'Ap‘
675 691 704 716 ὲν
724 691 780 721 τοῖς
798 689 868 717 κατὰ

76 735 121 761 τὸν
134 734 192 768 βίον
202 733 295 760 τοῦτον
308 732 520 768 εὐδαιμονοῦσιν,
534 733 550 767 ἦ
564 732 777 768 δυσκληροῦσιν;
798 734 867 760 Ἀλλ’

77 781 126 807 οὐκ
143 779 241 815 ἄδηλον
255 780 295 805 ὃτι
316 779 483 814 προετίμησε
508 778 562 805 τῶν
583 779 806 814 δυσηιλεροὺντων
823 779 867 806 τὸν

77 827 187 861 κλῆρον.
204 820 300 858 γἈξιοῖ
322 826 374 861 γὰρ
390 825 514 859 γενέσθαι
533 826 653 861 μηνυτὴν
673 827 728 857 τοῖς
745 826 867 859 ἀδελφοῖς

77 872 108 898 ἐκ
125 871 180 897 τῶν
197 871 302 906 νεκρῶν
321 871 389 898 τινὰ·
407 871 444 902 ὡς
459 870 491 897 ἂν
515 871 552 906 μὴ
572 872 690 898 κάκεῖνοι
711 873 743 906 τῇ
767 872 868 907 ὑπερη-
883 864 904 891 Β

78 918 161 953 φανίᾳ
179 917 227 944 τοῦ
247 917 361 943 πλούτου
377 917 527 952 βλαϐέντες,
549 918 578 943 ὲν
590 919 622 952 τῇ
637 919 724 953 τρυφῇ
740 919 788 953 τῆς
800 927 868 954 σαρ-

77 963 122 994 κὸς
136 963 182 989 ἐπὶ
194 963 223 989 τὸ
236 963 302 989 αὐτὸ
311 962 404 997 χάσμα
415 962 462 989 τοῦ
477 963 540 998 ᾇδου
554 963 745 998 κατενεχθῶσι,
760 963 803 989 διὰ
819 963 867 990 τοῦ

76 1008 148 1035 λείου
169 1009 220 1044 τῆς
235 1009 331 1044 ἡδονῆς
349 1008 550 1044 ὀλισθήσαντες.
572 1009 604 1035 Τί
628 1007 674 1036 οὖν
689 1009 720 1035 οὐ
736 1018 870 1045 σωφρονι-

77 1055 181 1088 ζόμεθα
195 1055 251 1087 τοῖς
260 1055 389 1086 τοιούτοις
403 1055 457 1081 τῶν
466 1054 642 1090 διηγημάτων
654 1065 661 1088 ;
674 1056 706 1082 Τί
719 1056 768 1082 οὐκ
783 1057 869 1091 ἐμπο-

78 1101 214 1137 ρευόμεθα
223 1101 272 1136 τὴν
280 1100 364 1135 καλὴν
376 1101 519 1136 ἐμπορίαν,
534 1102 565 1136 ἢν
581 1101 758 1136 συμϐουλεύει
771 1103 786 1128 ὁ
799 1102 869 1135 θεῖος

83 1146 259 1177 Ἀπόπολος;
277 1146 311 1173 Td
332 1145 415 1180 ὑμῶν
433 1147 638 1181 περίσσευμα,
661 1147 754 1182 φησὶν,
768 1149 812 1181 εις
836 1148 868 1175 τὸ

76 1193 204 1219 ἐκείνων
215 1192 386 1226 ὑστέρημα·
404 1191 443 1224 ὼς
460 1192 498 1218 ἂν
514 1192 547 1218 τὸ
565 1193 714 1226 περισσὸν
727 1193 782 1228 τῆς
795 1194 870 1221 ἐκεί-

78 1247 140 1265 νων
165 1238 307 1270 ἀνέσεως,
334 1238 369 1264 ἐν
391 1237 431 1270 τῷ
451 1238 526 1272 μετὰ
539 1238 631 1265 ταῦτα
651 1239 710 1271 ,βίῳ
730 1241 778 1266 καὶ
799 1241 870 1275 ὑμῖν

78 1283 154 1317 πρὸς
165 1283 317 1317 σωτηρίαν
332 1283 497 1317 ἀρκέσειεν.
515 1283 545 1309 Εἰ
561 1283 648 1310 τοίνυν
660 1284 810 1320 βουλόμεθα
820 1285 869 1312 λα-

79 1329 137 1355 ϐεῖν
165 1338 192 1355 τι
213 1329 339 1364 χρηστὸν,
364 1328 542 1363 προλαὸόντες
563 1330 758 1365 παράσχωμεν·
777 1332 800 1357 εί
823 1332 870 1357 ἀν-

79 1375 174 1410 εθῆναι
193 1375 262 1410 μετὰ
282 1375 384 1407 ταῦτα,
401 1375 448 1402 νῦν
462 1375 678 1411 ἁναπαύσωμεν-
699 1378 722 1404 εἰ
741 1376 870 1414 δεχθῆναι

80 1421 147 1456 παρ’
163 1421 253 1448 αὐτῶν
270 1422 309 1453 είς
328 1421 376 1453 τὰς
390 1421 514 1453 αἰωνίους
541 1423 653 1457 σκηνὰς,
669 1423 716 1449 νῦν
729 1424 827 1456 αὐτοὺς
841 1425 870 1451 ὲν

80 1469 139 1499 ταῖς
157 1468 303 1503 ἡμετέραις
318 1467 542 1502 καταδεξώμεθα·
559 1468 584 1494 εί
599 1469 799 1504 θεραπευθῆναι
818 1471 871 1496 τῶν

81 1513 224 1549 ἁμαρτιῶν
240 1513 275 1540 τὰ
287 1513 353 1549 τραύ
359 1522 438 1548 ματα,
452 1513 531 1540 τοῦτο
544 1514 590 1540 καὶ
603 1515 679 1542 αὐτοὶ
694 1517 750 1547 τοῖς
764 1516 871 1551 σώμασι

81 1558 136 1584 τῶν
147 1558 347 1593 κεκακωμένων
359 1559 523 1593 ποιήσωμεν.
536 1559 679 1594 Μακάριοι
689 1561 742 1596 γὰρ
753 1562 779 1588 ol
791 1561 874 1595 ἐλεή-

80 1612 172 1639 μονες
182 1624 189 1636 ,
210 1604 254 1630 ὅτι
267 1603 351 1630 αὐτοὶ
366 1604 590 1638 ἐλεηθήσονται.

83 1658 203 1680 strorum
218 1653 329 1679 vulnera
346 1653 457 1685 curari,
484 1653 590 1680 illorum
615 1661 762 1690 corporum
783 1657 869 1693 plagis

83 1698 134 1732 ipsi
149 1698 358 1725 miscricordiam
369 1699 594 1733 consequentur".

126 1746 194 1772 Ἀλλ’
212 1746 276 1777 ἴσως
290 1747 348 1781 ὲρεί
363 1755 415 1777 τις,
435 1746 538 1782 ἀγαθὴν
555 1747 605 1782 μὲν
621 1749 661 1780 είς
678 1748 789 1784 ὕστερον
805 1748 875 1776 εἷναι

84 1793 135 1828 τὴν
149 1793 275 1827 ἐντολήν·
297 1792 356 1819 νυνὶ
371 1793 399 1818 δὲ
420 1793 559 1828 μετάδοσίν
582 1802 643 1821 τινα
665 1795 712 1822 καὶ
734 1797 876 1823 κοινωνίαν

85 1837 132 1863 τοῦ
146 1836 248 1868 πάθους
259 1836 437 1864 διευλαὸεῖται
449 1846 455 1852 ·
472 1838 518 1864 καὶ
531 1839 576 1865 διὰ
588 1839 619 1865 τὺ
631 1840 668 1875 μὴ
682 1840 778 1867 παθεῖν
786 1851 812 1868 τι
823 1842 876 1868 τῶν

86 1882 252 1916 ἀϐουλήτων,
273 1882 381 1916 φεύγειν
395 1882 479 1909 οἴεται
496 1883 594 1918 χρῆναι
615 1885 660 1912 τὸν
676 1887 877 1922 προσεγγισμῦν

85 1927 140 1954 τῶν
153 1927 290 1954 τοιούτων.
303 1928 385 1962 Λόγοι
401 1928 496 1961 ταῦτα,
511 1929 558 1955 καὶ
573 1931 732 1965 προφάσεις,
749 1933 795 1959 καὶ
811 1933 879 1960 πλά-

88 1981 196 2008 σματα,
212 1973 259 1999 καὶ
272 1974 321 2008 τῆς
340 1973 404 2008 περὶ
420 1974 469 2005 τὰς
481 1974 590 2006 ἐντολὰς
602 1975 649 2001 τοῦ
663 1975 729 2003 Θεοῦ
745 1977 878 2012 ῥᾳθυμίας

87 2018 253 2053 εὐπρόσωπα
273 2026 332 2044 τινα
353 2019 582 2054 προκαλύμματα.
601 2020 638 2046 Τὸ
661 2021 683 2046 δ’
700 2021 815 2056 ἀληθὲς,
830 2023 878 2057 οὐχ

87 2064 173 2096 οὕτως
188 2064 253 2099 ἔχει.
270 2064 362 2096 Οὐδεὶς
378 2064 431 2100 γὰρ
448 2064 543 2092 ὕπεστι
558 2065 639 2100 φόὸος
658 2068 691 2102 τῇ
706 2067 756 2101 τῆς
770 2067 880 2103 ἐντολῆς

88 2110 214 2146 ἐργασίᾳ.
230 2110 331 2145 Μηδεὶς
349 2110 425 2145 κακῷ
436 2111 466 2137 τὸ
478 2111 562 2138 κακὸν
574 2111 756 2146 θεραπευέτω.
774 2113 879 2144 Πόσους

88 2155 143 2191 γὰρ
156 2155 231 2182 ἔστιν
244 2156 307 2182 ἰδεῖν
321 2156 352 2182 ἐκ
365 2156 488 2191 νεότητος
500 2157 547 2183 καὶ
560 2157 639 2192 μέχρι
653 2157 746 2193 γήρως
759 2160 819 2190 ταῖς
834 2158 878 2184 θε-

90 2202 218 2236 ραπείαις
242 2201 342 2228 τούτων
357 2201 592 2236 ἁποσχολάζοντας
605 2223 612 2234 ,
628 2203 675 2229 καὶ
695 2203 770 2230 οὐδέν
789 2213 815 2230 τι
829 2205 878 2239 τῆς

916 232 1040 266 despexit
1064 233 1190 267 pauperis
1220 240 1329 258 manum
1353 232 1520 266 voluptarius
1547 231 1591 258 ille
1614 230 1700 264 dives,

915 279 982 313 quin
1006 279 1086 305 eliam
1111 278 1230 312 optavit,
1255 283 1294 308 nt,
1312 277 1358 312 qui
1375 278 1437 304 olim
1461 281 1607 312 corruptus
1632 281 1700 307 erat,

917 324 1044 358 pauperis
1073 324 1191 358 digitus.
1218 324 1269 350 sibi
1293 331 1370 357 aqua:
1393 327 1495 357 guttam
1523 324 1700 354 ministraret,

918 370 1033 404 cupiens
1055 370 1111 403 ipsa
1131 369 1221 404 lingua
1245 369 1391 394 stillantem
1409 369 1494 402 ipsius
1513 369 1625 403 digitum
1648 369 1701 395 cir-

919 413 1146 444 cumlambere”,
1168 413 1194 439 id
1213 413 1369 446 neutiquam
1387 412 1601 443 desideraturus,
1623 412 1645 439 si
1668 421 1699 439 ev

917 467 1033 493 corpore
1054 458 1256 493 provenit-mem
1277 458 1382 484 tristem
1409 457 1482 483 illatn
1505 458 1700 492 turpitudinem

920 506 946 532 in
961 506 1058 532 animae
1073 513 1182 540 quoque
1195 504 1281 531 forma
1298 504 1495 538 conspexisset.
1508 503 1593 536 Quam
1620 505 1702 531 multa

918 552 945 579 in
961 560 991 579 ea
1007 551 1068 578 vitae
1084 551 1298 578 commutatione
1318 550 1464 577 verisimile
1476 553 1517 576 est
1536 550 1643 576 divitem
1663 558 1702 576 rev

919 597 1064 625 cantasse?
1085 596 1171 630 Quam
1197 596 1291 623 multis
1313 596 1466 622 nominibus
1481 596 1588 622 beatum
1609 596 1704 622 existi-

919 651 1009 671 masse
1026 650 1170 678 pauperem
1195 642 1270 668 illum
1290 646 1399 676 propter
1428 642 1577 678 angustias,
1603 642 1702 676 quibus

918 696 1067 724 oppressus
1082 688 1169 715 fuerat
1181 687 1207 714 in
1224 688 1274 714 hac
1292 688 1365 714 vita?
1376 688 1448 720 Quot
1463 687 1551 714 modis
1565 687 1701 714 fortunam

918 743 1005 766 suam,
1025 734 1070 761 cui
1092 734 1119 761 in
1136 734 1283 768 perniciem
1301 734 1397 760 animm
1421 734 1523 760 divitiae
1553 733 1622 760 datae
1645 733 1702 759 lue-

918 785 991 812 rant.
1015 781 1188 808 incusasse?
1224 780 1302 812 Quod
1330 780 1352 806 si
1381 781 1544 807 reviviscere
1569 780 1701 808 licuisset.

920 828 1048 863 quidnam
1064 827 1125 854 data
1141 827 1251 862 optione
1264 826 1349 854 fuisse
1360 826 1472 853 creditis
1485 825 1655 852 eiecturum?
1674 826 1702 852 la

920 880 1052 900 eorumne
1072 879 1132 899 esse
1152 879 1277 902 numero.
1298 871 1343 906 qui
1366 871 1392 897 in
1411 871 1461 897 hac
1483 872 1535 897 vita
1553 871 1623 903 beati
1639 878 1703 898 cen-

919 925 1022 960 sentur,
1039 927 1073 946 an
1092 919 1118 945 in
1133 926 1227 945 eorum
1244 918 1343 952 potius,
1360 918 1406 952 qui
1424 917 1515 944 miseri
1530 917 1705 951 iudicantur?

918 965 976 993 Non
995 969 1037 993 est
1053 965 1177 996 dubium,
1195 965 1260 999 quin
1275 964 1423 991 infelicium
1442 963 1627 990 conditionem
1649 963 1706 989 fne-

919 1015 955 1038 rit
969 1015 1149 1046 accepturus;
1165 1016 1225 1037 orat
1239 1010 1321 1040 enim,
1337 1013 1365 1036 ut
1379 1009 1411 1036 ad
1433 1010 1530 1037 fratres
1544 1009 1657 1036 nuntius
1672 1017 1705 1035 ev

919 1058 1035 1085 mortuis
1052 1057 1175 1084 mittatur
1185 1056 1295 1090 aliquis.
1314 1063 1346 1082 ne
1364 1056 1414 1089 ipsi
1433 1063 1540 1090 quoque
1550 1055 1706 1082 divitiarum

920 1103 1064 1139 splendore
1081 1104 1144 1131 elati
1163 1111 1195 1130 ae
1210 1103 1318 1132 tumidi.
1337 1107 1364 1129 et
1380 1105 1491 1136 propter
1507 1101 1641 1128 lubricum
1663 1109 1708 1126 va-

920 1150 1032 1185 luptatis
1046 1149 1176 1184 prolapsi,
1198 1148 1224 1175 in
1246 1147 1371 1174 eumdem
1390 1147 1487 1174 inferni
1505 1147 1609 1173 hiatum
1626 1150 1708 1180 atque

920 1195 1076 1230 voraginem
1090 1194 1280 1221 detruduntur.
1302 1193 1356 1220 Cur
1370 1193 1452 1227 igitur
1467 1191 1602 1226 ejusmodi
1619 1199 1709 1218 exem-

921 1240 974 1275 plis
985 1239 1116 1267 admoniti
1133 1239 1251 1265 nondum
1266 1237 1471 1272 resipiscimus?
1484 1237 1538 1263 Cur
1549 1237 1708 1271 prati-larum

921 1285 987 1312 illud
1000 1285 1190 1320 negotiationis
1201 1292 1297 1319 genus,
1311 1288 1341 1310 ut
1352 1283 1471 1310 consulit
1484 1283 1642 1317 Apostolus.
1656 1289 1708 1308 non

921 1331 1100 1359 exercemus?
1126 1330 1231 1361 Vestra.
1245 1329 1374 1364 inquit".
1391 1329 1466 1362 copia
1484 1336 1574 1354 eorum
1592 1328 1709 1360 inopiam

921 1382 1056 1408 sustentet,
1068 1382 1096 1403 ut
1112 1385 1202 1403 eorum
1219 1384 1278 1409 apes
1295 1375 1321 1401 in
1335 1383 1365 1402 ea
1384 1383 1442 1409 qua:
1462 1379 1519 1408 post
1533 1377 1656 1400 secutura
1671 1377 1710 1399 est

921 1427 986 1457 vita,
1001 1424 1072 1452 vobis
1098 1423 1132 1450 ad
1159 1423 1271 1449 salutem
1297 1421 1467 1455 opitulentur.
1490 1419 1517 1446 Si
1541 1418 1606 1453 quid
1629 1418 1712 1453 igitur

923 1470 1097 1506 benignitatis
1121 1469 1262 1504 percipere
1281 1467 1417 1496 volumus,
1433 1465 1502 1492 bene
1518 1463 1648 1491 merendo
1664 1471 1712 1489 an-

887 1531 907 1560 c
925 1521 1109 1548 tevertamus;
1126 1515 1149 1542 si
1163 1513 1283 1549 posthaec
1300 1512 1385 1543 relici,
1401 1519 1447 1538 eos
1465 1511 1493 1538 in
1507 1509 1652 1545 praasentia
1668 1516 1711 1535 re-

927 1571 1067 1595 creemns;
1084 1562 1107 1589 si
1122 1560 1219 1588 abillis
1235 1567 1261 1586 In
1282 1562 1381 1585 a‘terna
1398 1557 1481 1592 recipi
1497 1555 1712 1583 tabernacula".

927 1617 999 1638 nunc
1009 1617 1058 1638 eos
1076 1609 1104 1635 in
1123 1610 1216 1634 nostra
1237 1604 1422 1638 recipiamus;
1443 1603 1465 1630 si
1481 1605 1654 1637 peccatorum
1669 1608 1715 1627 no-

889 1659 960 1688 idem
975 1655 1146 1693 praestemus.
1161 1653 1238 1681 Beati
1272 1652 1344 1679 enim
1366 1648 1559 1680 misericordes,
1592 1647 1714 1683 quoniam

963 1748 998 1773 At
1017 1744 1116 1779 aliquis
1135 1742 1253 1770 fortasse
1278 1740 1360 1770 dicet,
1380 1738 1445 1765 utile
1458 1737 1566 1772 quidem
1582 1737 1609 1764 in
1625 1741 1703 1772 posti-

929 1800 989 1820 rum
1004 1798 1066 1818 esse
1080 1788 1237 1816 mandatum
1256 1795 1265 1813 :
1281 1785 1329 1812 sed
1347 1784 1400 1811 hoc
1426 1788 1547 1817 tempore
1567 1782 1618 1809 sibi
1641 1783 1716 1808 adlu-

930 1837 1045 1865 bendam
1062 1842 1123 1863 esse
1138 1833 1304 1864 cautionem,
1326 1838 1360 1857 ne
1381 1829 1503 1863 ejusdem
1520 1828 1607 1856 morbi
1624 1833 1718 1855 conta-

931 1883 1011 1919 gione
1027 1882 1240 1909 contaminetur.
1251 1878 1339 1912 Atque
1351 1876 1386 1902 ita
1400 1883 1434 1902 ne
1449 1874 1609 1902 temeritatis
1624 1881 1718 1909 premas

932 1931 988 1960 det,
1004 1933 1031 1956 et
1042 1927 1146 1962 aliquid
1164 1932 1268 1956 eorum,
1287 1931 1346 1958 quae
1359 1922 1453 1953 nollet,
1471 1921 1646 1955 perpetiatnr,
1666 1921 1717 1947 sibi

928 1983 1023 2002 eorum
1040 1978 1218 2007 congressum
1230 1977 1261 1996 ac
1276 1967 1500 1996 consuetudinem
1519 1966 1656 1992 vitandam
1669 1974 1718 2000 pu-

930 2025 979 2048 tat.
995 2019 1078 2054 Nuga:
1091 2021 1155 2045 sunt
1172 2017 1222 2047 hae,
1247 2020 1272 2042 et
1285 2014 1478 2041 excusationes
1499 2011 1567 2038 fictae
1590 2019 1621 2038 ac
1643 2019 1719 2037 com-

930 2066 1082 2095 mentitim.
1108 2063 1209 2098 quibus
1231 2061 1314 2088 veluti
1339 2058 1500 2094 quibusdam
1527 2058 1719 2092 integumentis

930 2113 1027 2140 inertia
1043 2111 1076 2138 ad
1091 2107 1261 2137 conficienda
1277 2107 1405 2133 mandata
1423 2105 1468 2131 Dei
1488 2105 1647 2138 protegitur.
1661 2103 1718 2129 Non

931 2162 1020 2185 autem
1037 2157 1074 2182 ita
1088 2163 1117 2182 se
1137 2162 1182 2181 res
1196 2153 1288 2180 habet.
1303 2151 1399 2177 Nullus
1411 2151 1484 2177 enim
1503 2150 1529 2176 in
1545 2149 1720 2183 exsequendo

931 2202 1059 2230 mandato
1070 2200 1151 2227 timor
1163 2199 1244 2224 inest.
1258 2195 1342 2222 Nemo
1354 2195 1425 2222 malo
1438 2194 1538 2221 malum
1552 2197 1639 2220 curet.
1650 2193 1720 2225 Quot

91 2248 159 2274 κατὰ
183 2247 263 2282 φύσιν
285 2247 392 2280 εὐεξίας
413 2247 460 2274 τοῦ
479 2247 605 2282 σώματος
617 2249 662 2275 διὰ
681 2250 730 2285 τῆς
753 2250 873 2285 τοιαύτης

931 2248 1003 2276 enim
1017 2245 1141 2273 homines
1159 2244 1222 2269 licet
1233 2241 1336 2273 videre,
1352 2241 1399 2275 qui
1421 2240 1476 2274 jam
1493 2239 1555 2266 inde
1572 2246 1586 2265 a
1605 2238 1719 2269 pueritia

91 2293 211 2328 σπουδῆς
227 2291 461 2328 ἁμαυρώσαντας;
486 2292 553 2319 Οὐδὲ
571 2293 624 2327 γὰρ
638 2294 709 2325 εἰκός
728 2295 786 2320 ἐστι
803 2295 879 2327 γενέ-

91 2338 155 2365 σθαι
172 2337 269 2365 ταῦτα.
289 2338 357 2364 Ἀλλ’
377 2338 469 2373 ἐπειδή
488 2347 548 2365 τινα
568 2339 622 2365 τῶν
640 2340 811 2375 νοσημάτων.
826 2337 880 2366 οἷον

91 2385 118 2411 at
133 2383 276 2419 λοιμώδεις
300 2385 438 2419 ἐπιφοραὶ,
456 2385 502 2410 καὶ
517 2384 567 2411 ὅσα
582 2384 694 2411 τοιαῦτα
711 2386 760 2420 τῆς
783 2384 882 2417 ἔξωθεν

92 2430 181 2461 αἰτίας
195 2430 347 2466 ἠρτημένα,
366 2430 429 2456 ὃταν
448 2430 480 2456 ἐκ
498 2430 645 2465 διαφθορᾶς
659 2431 738 2466 ἀέρος
754 2431 770 2466 ἢ
787 2431 883 2463 ὕδατος

93 2476 212 2511 γίνηται,
227 2475 334 2502 ὕποπτα
348 2477 404 2507 ταῖς
423 2475 529 2508 πολλοῖς
548 2477 630 2506 ἐστιν,
649 2476 686 2508 ὼς
702 2476 800 2503 ἐκτῶν
817 2485 883 2512 προ-

93 2521 253 2548 ιαλωκότων
263 2522 309 2548 καὶ
319 2522 385 2556 πρὸς
393 2522 453 2553 τοὺς
464 2522 693 2557 προσεγγίζοντας
701 2522 882 2555 διαῦαίνοντα,

95 2568 154 2594 οὐδὲ
173 2568 232 2593 ἐκεῖ
247 2567 294 2593 τοῦ
311 2566 423 2599 πάθους,
440 2567 477 2599 ὡς
501 2565 592 2602 οἶμαι,
610 2567 648 2602 τῷ
668 2567 816 2601 ὑγιαίνοντι
834 2568 884 2602 τὴν

95 2613 251 2648 ἀρρωστίαν
270 2614 302 2639 ἐκ
319 2613 462 2644 διαδόσεως
477 2612 666 2648 ἐμποιοῦντος·
681 2613 748 2639 ἀλλὰ
765 2613 813 2648 τῆς
828 2621 884 2639 κοι-

95 2659 143 2693 γῆς
162 2659 296 2694 ἐπιφορᾶς
309 2658 357 2694 τὴν
371 2659 517 2694 ὁμοιότητα
535 2658 582 2685 τοῦ
601 2659 817 2694 ἁρρωστήματος
835 2659 884 2684 ὲπ-

96 2703 227 2738 αγοὺσης,
243 2703 322 2738 ἔσχεν
334 2703 421 2730 αἰτίαν
443 2705 460 2738 ἡ
476 2704 552 2735 νόσος
567 2705 600 2730 ἐκ
610 2703 664 2729 τῶν
676 2703 885 2738 προεαλωκότων

97 2750 142 2776 καὶ
163 2751 203 2781 εἰς
216 2750 279 2781 τοὺς
295 2750 403 2782 λοιποὺς
415 2749 599 2778 διαὸαίνουσα.
622 2749 753 2776 Ἐνταῦθα
769 2749 798 2776 δὲ
814 2749 886 2775 ἐνδο-

133 2839 157 2854 "
187 2837 254 2866 Luc.
285 2846 342 2870 ut,
371 2838 402 2865 l9
421 2845 480 2874 sqq.

519 2837 582 2865 ⁷⁸11
607 2838 669 2866 Cor.
695 2845 754 2869 vnt,
784 2837 826 2865 Η.
854 2838 876 2854 ⁷⁷
913 2837 980 2865 Luc.
1008 2843 1063 2868 xu,
1083 2836 1109 2862 9.

930 2294 963 2321 ad
976 2295 1062 2328 ipsam
1080 2298 1168 2326 usque
1191 2291 1361 2316 senectutem
1377 2294 1455 2313 suam
1476 2286 1503 2312 in
1523 2284 1658 2319 ejusmodi
1674 2292 1722 2310 cu-

930 2340 1034 2367 ratione
1047 2344 1157 2372 eperam
1173 2335 1353 2364 collocarunt,
1369 2340 1456 2366 neque
1473 2336 1563 2358 tamen
1579 2330 1614 2357 ob
1630 2330 1656 2357 id
1668 2335 1723 2357 stu-

931 2385 1005 2411 dium
1028 2383 1097 2410 bona
1118 2382 1240 2416 ipsorum
1265 2379 1396 2406 habitudo
1417 2384 1562 2412 corporum
1586 2376 1719 2403 naturalis

933 2435 975 2458 est
991 2430 1046 2456 ullo
1060 2428 1140 2454 modo
1154 2427 1225 2453 facta
1243 2424 1382 2453 deterior?
1403 2423 1576 2458 NequeJero
1589 2422 1644 2448 ulla
1661 2429 1723 2456 pro-

934 2476 1017 2504 habili
1042 2475 1147 2501 ratione
1170 2473 1196 2500 id
1225 2472 1283 2499 lieri
1304 2475 1403 2506 potest.
1431 2470 1564 2496 Caeterum
1592 2467 1720 2502 quoniam

935 2520 1082 2554 aliquando
1097 2519 1211 2546 saeviunt
1231 2517 1355 2552 quantam
1382 2515 1539 2541 morborum
1562 2519 1672 2548 genera,
1694 2515 1721 2536 ut

937 2563 1107 2597 pestilentiae,
1123 2566 1150 2589 et
1165 2562 1216 2588 alia
1237 2559 1383 2595 ejusmodi,
1400 2566 1461 2593 quae
1477 2565 1508 2585 ex
1525 2556 1614 2583 causis
1629 2559 1715 2581 exter-

936 2612 980 2638 nis
1000 2610 1127 2646 peudent,
1145 2617 1205 2643 qua:
1227 2608 1354 2634 videlicet
1376 2614 1439 2633 aere
1464 2610 1567 2639 aquave
1593 2607 1719 2635 corrupta

937 2660 1117 2691 generantur;
1141 2655 1197 2681 haec
1209 2659 1299 2681 autem
1315 2658 1445 2686 tanquam
1457 2652 1491 2678 ab
1508 2649 1570 2680 illis,
1587 2647 1632 2681 qui
1647 2647 1722 2681 prius

939 2701 1055 2735 correpti
1073 2705 1147 2731 sunt,
1160 2708 1206 2727 eos
1224 2699 1270 2734 qui
1289 2698 1518 2732 appropinquent,
1533 2692 1664 2720 invadant
1679 2698 1722 2717 ηις-

940 2755 993 2782 que
1007 2747 1195 2781 coinquinent,
1213 2745 1305 2772 midtis
1325 2747 1453 2777 suspecta
1473 2744 1554 2769 sunt:
1567 2745 1722 2773 quanquam

1148 2836 1171 2851 ⁷⁸
1200 2833 1294 2862 Matth.
1327 2839 1354 2863 v,
1382 2830 1397 2856 7
