1912 3080
169 123 217 149 lh'i
765 125 794 152 S.
820 124 983 153 οιιιῐοοιιιι
1011 124 1157 153 NYSSENI

1746 128 1797 155 483

169 187 229 206 meo
244 179 352 215 quidem
368 180 474 215 judicio
498 189 585 216 neque
601 181 708 209 affectio
727 183 773 210 illa
793 191 827 210 ex
848 190 960 210 succes-

1018 181 1057 208 iev
1081 181 1279 217 συνισταμένης
1303 181 1351 217 τῆς
1371 181 1418 208 τοῦ
1441 181 1561 208 τοιούτου
1583 181 1686 214 πάθους
1713 191 1797 210 κατα-

169 226 246 253 sione
275 226 350 253 sanis
375 227 502 254 morbunt
530 228 705 263 dispertitur,
735 228 782 255 sed
806 228 960 254 communis

172 271 330 305 pestilentiae
355 272 457 299 saevitia
488 273 575 300 morbi
601 273 806 300 similitudinem
832 272 962 299 afferente

171 318 282 344 morbus
298 318 360 345 inde
381 324 527 353 generatus
549 324 602 349 est.
619 322 647 346 et
673 319 706 346 ab
729 319 783 345 illis
807 318 852 353 qui
879 318 959 352 primi

170 364 286 397 correpti
308 368 372 390 sttttt
388 363 421 389 ad
440 364 561 398 reliquos
581 364 691 398 Serpsit.
715 364 749 390 At
769 363 811 389 ltic
831 363 960 397 quoniam

173 409 324 436 :tlTeetionis
340 410 381 436 vis
403 410 477 436 intns
496 411 666 437 contrahitur
683 415 709 437 et
727 410 866 439 consistit,
886 414 913 436 et
929 417 960 436 ex

172 455 342 481 taltiiicornm
369 456 514 482 hnntorttnt
553 457 730 490 permistione
760 455 962 490 quodammodo

174 501 288 534 sanguis
307 502 501 536 corrumpitur,
517 502 543 528 in
565 506 714 536 aegrotante
735 502 821 528 solum
837 501 919 528 hauet
935 505 963 527 et

175 546 410 574 circumscribitur
425 547 540 574 affectio.
572 547 629 574 lloc
643 552 732 574 autem
747 548 787 575 sic
803 547 913 576 habere.
929 547 961 573 il-

176 591 221 617 lud
241 591 371 618 indicium
397 593 442 619 sit.
474 593 525 625 Qui
552 593 647 620 morbo
672 593 806 624 laborant,
823 592 964 626 aliquidue

176 638 296 666 melioris
316 639 483 666 habitudinis
500 639 645 674 acquirunt
670 647 701 666 ex
716 638 924 678 \consuetndine
937 642 964 664 et

178 684 360 712 familiaritate
380 693 486 716 eorum,
505 688 550 720 qui
567 685 708 713 commoda
723 685 848 712 feruntur
863 685 965 710 valelu~

174 730 249 761 dine,
266 732 391 765 quamvis
407 737 537 759 curentur
554 733 588 759 ab
599 733 638 759 eis
650 731 877 765 diligentissime?
892 729 964 756 Nihil

176 777 298 803 omnino.
328 776 373 804 Sic
398 778 479 812 igitur
496 785 510 805 e
536 777 675 804 contrario
701 776 757 803 fieri
779 783 828 810 par
855 781 913 806 est,
935 779 964 800 ut

177 822 243 848 nihil
260 830 290 849 ex
306 824 502 857 a-grotantibus
520 823 552 850 ad
570 827 643 849 recte
663 822 783 848 valentes
798 820 964 847 incommodi

1012 228 1124 263 σκευῆς,
1141 227 1187 254 καί
1201 237 1260 254 τινα
1280 227 1326 254 τοῦ
1342 228 1458 263 αἵματος
1479 229 1510 254 ἐκ
1532 228 1581 263 τῆς
1604 228 1800 265 παρεγχύσεως

1011 275 1064 300 τῶν
1081 274 1249 310 φθοροποιῶν
1269 274 1363 308 χυμῶν
1386 274 1533 308 διαφθορὰν
1555 274 1752 309 ὑπομένοντος,
1772 276 1800 302 ὲν

1012 320 1050 354 τῷ
1065 320 1193 354 κάμνοντι
1214 319 1245 345 τὸ
1260 319 1345 351 πάθος
1369 318 1570 354 περιορὶζεται’
1590 320 1638 345 καὶ
1659 321 1699 347 ὅτι
1716 321 1802 347 ταῦτα

1012 365 1098 396 οὕτως
1115 365 1183 399 ἔχει,
1199 365 1315 399 πάρεστι
1336 365 1383 391 καὶ
1401 366 1454 391 ἀπὸ
1469 366 1562 393 τούτου
1580 366 1685 402 μαθεῖν.
1699 368 1748 402 Μήσ
1760 375 1801 398 τις

1012 412 1066 438 ἀπὸ
1082 412 1136 438 τῶν
1155 411 1335 438 εὐεκτούντων
1353 412 1409 442 τοῖς
1424 412 1594 447 ἀρρωστοῦσι
1613 413 1741 439 κοινωνία
1754 413 1801 447 τῆς

1013 456 1166 492 κρείττονος
1186 456 1268 488 ἕξεως
1291 456 1410 489 γίνεται,
1432 457 1482 483 κᾶν
1507 458 1609 493 σφόδρα
1629 458 1754 493 λιπαρῶς
1768 461 1800 494 τῇ

1013 502 1145 538 θεραπείᾳ
1160 502 1365 537 προσμένωσιν;
1383 503 1440 529 Οὐκ
1456 502 1512 529 ἐστι
1534 504 1629 530 ταῦτα.
1648 505 1741 536 Οὕτως
1756 502 1802 531 οὖν

1013 547 1086 578 εἰκὸς
1100 547 1148 573 καὶ
1171 547 1201 572 τὸ
1225 547 1351 581 ἔμπαλιν,
1377 547 1443 582 μηδὲ
1466 548 1519 574 ἀπὸ
1542 549 1596 576 τῶν
1618 549 1802 576 ἀσθενούντων

1014 593 1081 628 πρὸς
1108 593 1170 624 τοὺς
1194 593 1371 624 εὐεκτοῦντας
1395 594 1565 628 μεταῦαίνειν
1592 595 1622 621 τὸ
1648 596 1744 627 πάθος.
1772 596 1803 622 Et

1013 638 1102 664 τοίνυν
1126 638 1156 664 τὸ
1182 638 1231 673 μὲν
1252 639 1345 673 κέρδος
1367 639 1415 673 τῆς
1439 639 1548 675 ἐντολῆς
1569 641 1706 673 τοσοῦτον,
1732 641 1802 668 ὥστε

1016 683 1154 718 βασιλείαν
1169 684 1290 719 οὐρανῶν
1304 685 1337 710 δι’
1351 686 1435 720 αὐτῆς
1452 686 1641 721 ἑτοιμάζεσθαι
1653 708 1661 719 ,
1678 687 1764 722 ζημία
1776 687 1803 714 δὲ

1015 728 1159 762 πρόσεστιν
1174 729 1264 761 αὐτοῖς
1275 730 1387 765 οὐδεμία
1404 731 1442 766 τῷ
1456 731 1560 767 σώματι
1573 732 1618 758 τοῦ
1635 732 1802 767 θεραπεύον-

1014 781 1075 805 τος¹
1092 774 1118 800 τί
1130 774 1160 800 τὺ
1176 774 1278 801 κωλύον
1293 775 1351 801 ἐστὶ
1365 776 1467 808 λοιπὸν,
1483 777 1593 812 ἐνεργὸν
1607 775 1677 804 εἶναι
1693 777 1743 814 τὴν
1762 779 1803 804 ὲν-

1015 820 1095 854 τολὴν
1108 820 1158 855 τῆς
1171 821 1296 856 fuitne;

178 868 326 901 perveniat.
351 868 450 901 Quare,
470 877 530 895 cnttt
552 873 626 895 tanta
641 860 762 895 mandati
789 867 894 894 tttilitas
915 865 959 896 sit,
982 869 1012 891 nt
1029 866 1091 893 inde
1102 873 1215 900 regnum
1233 867 1365 893 caelorum
1381 872 1572 902 comparetur;
1590 868 1617 895 in
1648 876 1681 896 eo
1713 874 1803 896 autent

175 915 329 941 exercendo
342 916 444 941 nnlltnn
464 915 626 950 periculum,
643 920 672 941 ιιι
685 921 786 948 corpus
803 913 959 951 detrimenti
980 912 1128 948 quidquam
1145 912 1272 947 accipiat,
1293 913 1359 947 quid
1390 914 1585 948 impedimento
1608 918 1661 946 est,
1696 915 1802 950 quomi-

177 967 229 986 nus
251 961 337 994 ipsnnt
353 961 494 988 eltaritatis
515 961 671 988 mandatum
683 959 842 987 excolatur?

214 1006 334 1038 Difficile.
352 1011 378 1034 et
396 1009 484 1042 magni
504 1008 605 1035 laboris
619 1012 671 1039 est,
694 1008 811 1042 inquies,
828 1010 857 1033 ut
874 1006 961 1032 homi-
979 1006 1001 1035 Β

178 1059 226 1078 nes
246 1051 279 1078 ad
303 1052 370 1082 haec,
395 1060 409 1078 a
430 1053 528 1086 quibus
557 1053 718 1080 naturaliter
741 1057 769 1079 et
789 1051 963 1079 instinctione

176 1098 293 1131 quadam
317 1099 401 1125 animi
421 1099 577 1129 abhorrent,
592 1097 779 1133 amplectenda
802 1096 964 1132 pertrahan-

176 1147 232 1169 tur.
251 1142 332 1174 Belle.
359 1144 490 1170 ralioltuttt
515 1144 641 1175 admitto,
659 1148 686 1171 et
713 1144 880 1172 laboriosum
902 1150 964 1170 esse

179 1189 320 1216 confiteor.
338 1189 438 1216 Verum
465 1190 594 1224 quidnam
610 1197 704 1216 eorum
721 1197 781 1224 qute
809 1197 842 1216 ex
862 1189 963 1216 virtute

181 1236 368 1269 perficiuntur,
396 1243 410 1262 a
429 1236 520 1262 labore
539 1243 655 1262 vacuum
673 1235 822 1262 ostendes?
844 1234 964 1261 Sndores

177 1285 205 1307 et
219 1281 326 1308 labores
343 1282 442 1308 mullos
459 1289 548 1308 rerum
566 1282 717 1309 caelestium
737 1281 793 1315 spei
815 1281 857 1307 lex
873 1279 964 1306 divina

182 1327 343 1361 proposuit,
369 1327 536 1361 arduamque
560 1327 593 1353 ad
622 1327 704 1353 vitattt
723 1327 869 1353 ducentem
893 1326 964 1352 viam

182 1372 336 1399 hominibus
351 1372 559 1405 detnonstravit,
573 1380 687 1407 eamque
699 1371 923 1399 laboriosissimis
933 1378 964 1398 ac

180 1415 346 1443 difficillimis
367 1417 521 1451 qttibusqtte
542 1417 715 1444 documentis
731 1420 896 1452 peranguste
921 1423 964 1443 t'e-

182 1460 297 1487 ferciens
310 1461 429 1496 undique
443 1462 602 1488 coarctavit.
615 1464 733 1495 Angusta
746 1462 815 1488 enim
825 1466 863 1488 est
876 1466 963 1495 porta,

180 1510 206 1532 et
219 1511 304 1539 arcta,
322 1506 409 1541 inquit
421 1527 428 1538 ,
443 1513 482 1534 est
499 1508 540 1534 via
557 1516 614 1542 qua:
628 1508 699 1534 ducit
711 1507 744 1534 ad
757 1507 876 1534 vitam".
895 1506 965 1540 Quid

178 1552 262 1587 ergo?
278 1552 389 1580 lllantne
403 1554 501 1580 snmtni
519 1554 580 1581 boni
595 1562 671 1588 spem
693 1554 795 1580 idcirco
808 1557 965 1580 contemne-

182 1606 253 1630 ntus,
269 1599 340 1633 quod
356 1600 388 1625 ad
401 1599 466 1625 illud
484 1600 588 1634 ignavis
598 1606 625 1627 et
635 1600 768 1627 inertibus
780 1599 901 1634 aspirare
912 1606 965 1625 nun

182 1645 262 1671 licet?
278 1646 477 1679 lnterrogemns
489 1646 687 1678 adolescentes,
701 1650 790 1672 utrum
803 1645 966 1672 laboriosius

181 1691 228 1721 sit.
250 1691 351 1723 sobrie,
372 1695 446 1718 caste
467 1697 495 1719 et
530 1693 701 1719 continenter
731 1692 830 1724 vivere,
858 1700 891 1719 an
922 1699 965 1719 re-

182 1736 273 1762 laxare
289 1735 408 1763 habenas
431 1736 584 1770 cupiditati,
599 1742 625 1763 et
643 1737 732 1764 solute
752 1745 783 1764 ac
801 1737 885 1764 libere
900 1745 967 1764 con-

181 1782 291 1817 quisitis
305 1782 425 1817 undique
445 1783 633 1817 voluptatibus
649 1782 720 1816 frui;
744 1787 771 1810 et
794 1783 851 1810 haec
866 1791 900 1810 an
921 1784 966 1810 illa

182 1827 289 1855 vivendi
309 1828 380 1854 ratio
402 1828 522 1859 suavior,
540 1833 567 1855 et.
587 1828 674 1864 magis
693 1829 813 1863 optanda
834 1828 966 1856 videatur.

182 1872 253 1906 Quid
269 1873 319 1908 ipsi
339 1874 394 1900 sint
409 1869 569 1907 responsuri
590 1874 693 1900 nemini
716 1873 828 1900 dubium
843 1878 895 1901 est.
913 1874 968 1900 Nos

183 1925 247 1953 ergo
268 1924 410 1954 propterea
432 1919 477 1950 id,
502 1919 574 1953 quod
598 1918 750 1953 jucundum
775 1923 803 1945 et
828 1919 906 1946 facile
926 1924 967 1946 est

183 1965 415 1998 complectemur;
440 1965 540 1991 virtute
552 1969 654 1995 autent,
671 1964 744 1998 quod
757 1964 873 1992 diilicilis
893 1965 968 1991 labo-

185 2010 312 2044 riosaque
329 2011 380 2041 sit,
404 2019 451 2045 per
472 2011 606 2046 ignaviam
625 2010 808 2038 delicietnus?
830 2010 912 2046 Atqui
932 2011 968 2037 illi

183 2056 229 2090 qui
250 2056 312 2083 vita:
328 2056 399 2091 leges
425 2057 496 2088 tulit,
519 2056 570 2083 ista
595 2063 649 2082 non
671 2056 831 2090 probantur.
853 2056 970 2084 Proinde

184 2103 309 2137 spaciosa
328 2103 372 2129 illa
387 2103 514 2130 dcorsnnt
534 2104 567 2130 ad
583 2104 729 2138 perniciem
747 2104 875 2131 tendente
891 2105 969 2131 nobis

185 2148 328 2175 interdicta
347 2149 399 2174 via.
426 2148 538 2180 Intrate,
557 2149 655 2184 inquit,
670 2157 715 2184 per
730 2155 869 2184 angustam
887 2155 911 2176 et
924 2158 970 2176 ar-

182 2199 254 2220 mant
268 2199 381 2228 portam.
405 2195 494 2222 Unum
516 2195 598 2230 igitur
620 2203 652 2222 ex
677 2196 729 2222 illis
750 2195 892 2228 institutis,
910 2203 970 2230 qua:

184 2245 259 2266 recte
274 2248 323 2274 per
345 2240 464 2267 laborent
477 2245 649 2272 exercentur,
662 2245 689 2267 et
708 2241 759 2268 hoc
770 2241 968 2274 existimemus,

183 2290 214 2312 ut
232 2286 362 2320 rejecttnn
387 2286 470 2312 evita
493 2290 573 2320 atque
598 2287 734 2314 exoletum
759 2287 914 2314 mandatum
942 2288 968 2314 in

183 2330 409 2358 consuetudinem
431 2332 600 2363 inducamus,
624 2336 650 2359 et
672 2332 824 2360 naturalem
841 2333 969 2360 offensio-

184 2384 258 2406 nem,
277 2380 358 2411 atque
375 2376 513 2403 fastidium
533 2377 627 2409 animi,
650 2385 704 2412 quo
721 2377 755 2404 ab
776 2378 822 2405 illo
835 2379 969 2406 abhorre-

185 2430 256 2454 tttns,
273 2422 476 2450 exercitationis
493 2423 652 2450 assiduitate
673 2424 818 2455 leniamus,
834 2429 860 2452 et
875 2433 968 2452 emcn-

185 2469 291 2494 demus.
310 2467 406 2502 Magna
419 2469 490 2495 enint
507 2472 549 2495 est
559 2469 766 2496 consuetudinis
781 2470 832 2501 vis,
846 2474 872 2497 et
890 2472 970 2498 rebus

183 2513 265 2540 etiam
292 2513 490 2541 dillicilioribus
525 2514 594 2541 solet
624 2514 791 2549 voluptatem
823 2516 968 2550 quantdant

186 2567 339 2594 aspergere.
356 2559 536 2592 Quamobrem
553 2568 586 2587 ne
602 2561 663 2595 quis
678 2561 795 2596 amplius
811 2561 968 2589 mandatum

184 2613 246 2633 esse
261 2604 367 2632 dillicile
391 2613 423 2632 ac
451 2605 618 2633 laboriosntn
644 2606 777 2641 obiiciat;
807 2607 853 2634 sed
878 2607 969 2642 potius

184 2659 280 2678 omnes
298 2651 364 2678 utile
382 2659 414 2678 ac
433 2651 602 2679 fructuosum
625 2652 691 2680 illud
715 2656 789 2680 recte
803 2653 968 2681 obeuntibns

187 2697 332 2723 fateantur.
356 2695 388 2722 Et
413 2697 541 2731 quoniam
569 2703 679 2731 apparet
702 2698 772 2725 lttcri
796 2698 966 2732 magnitudo,

187 2743 264 2770 labor
275 2743 364 2769 omnis
378 2743 504 2770 alacriter
520 2744 694 2779 suscipiatur.
716 2743 781 2771 Nam
797 2743 868 2778 quod
892 2745 968 2779 prin-

221 2832 244 2847 "
269 2832 362 2860 Matth.
382 2842 427 2865 \‘lt,
452 2833 482 2860 Η
505 2842 564 2867 sqq.

1057 1003 1126 1029 Ἀλλ·
1142 1003 1268 1030 ἐπίπονον
1284 1003 1372 1037 λέγεις
1391 1001 1459 1030 εἶναι
1474 1004 1504 1030 τὸ
1519 1003 1663 1038 βιάσασθαι
1683 1007 1805 1040 φυσικῶς

1013 1050 1048 1076 τὰ
1064 1049 1176 1076 τοιαῦτα
1191 1049 1396 1085 μυσαττομένην
1408 1050 1461 1076 τῶν
1478 1050 1582 1077 πολλῶν
1597 1051 1646 1086 τὴν
1661 1051 1734 1084 ἓξινς
1753 1054 1806 1079 Κατ

1013 1096 1083 1127 λῶς·
1100 1095 1259 1130 συντίθεμαι
1280 1095 1320 1131 τῷ
1335 1095 1415 1131 λόγῳ,
1432 1096 1473 1123 ὅτι
1491 1096 1628 1124 ἐπίπονον.
1651 1098 1683 1124 Τί
1698 1098 1727 1124 δὲ
1743 1099 1806 1125 ἄλλο

1013 1141 1068 1167 ⁴τῶν
1082 1141 1141 1167 κατ’
1158 1140 1258 1176 ἀρετὴν
1271 1141 1437 1176 τελουμένων
1449 1141 1548 1168 ἄπονον
1561 1141 1657 1174 δείξεις
1669 1150 1676 1174 ;
1692 1143 1806 1175 πολλοὺς

1016 1187 1129 1223 ἱδρῶτας
1139 1187 1184 1213 καὶ
1193 1187 1288 1218 πόνους
1305 1186 1360 1212 τῶν
1374 1187 1506 1222 οὐρανίων
1523 1188 1638 1214 ἐλπίδων
1656 1189 1806 1223 προσέταξε

1016 1233 1106 1268 νόμος,
1121 1233 1168 1258 καὶ
1183 1232 1367 1267 δυσπὸρευτον
1387 1232 1435 1267 τὴν
1455 1233 1500 1258 ἐπὶ
1519 1233 1568 1267 τὴν
1586 1233 1658 1269 ζωὴν
1675 1233 1735 1260 ὁδὸν
1751 1235 1807 1265 τοῖς

1015 1278 1168 1314 ἀνθρώποις
1189 1277 1323 1313 ὑπέδειξε,
1344 1279 1400 1309 τοῖς
1416 1278 1554 1309 ἐπιπόνοις
1569 1279 1615 1305 καὶ
1628 1279 1806 1315 τραχυτέροις

1015 1324 1067 1351 τῶν
1075 1323 1296 1359 ἐπιτηδευμάτων
1304 1323 1490 1358 ἁπανταχόθεν
1499 1323 1700 1356 ἀποστενὼσας.
1711 1326 1734 1351 Σ
1736 1325 1806 1358 teri)

1014 1370 1070 1404 γὰρ
1079 1369 1128 1396 καὶ
1140 1368 1329 1403 τεθλιμμένη,
1349 1369 1440 1403 φησὶν,
1452 1369 1471 1403 ἡ
1484 1369 1552 1401 ὁδὸς
1563 1370 1582 1403 ἠ
1593 1369 1755 1405 ἀπάγουσα
1764 1372 1808 1404 εἰς

1014 1415 1073 1449 τὴν
1096 1415 1180 1448 (cutim
1205 1415 1237 1441 Τί
1258 1412 1318 1447 οὖν;
1335 1415 1385 1441 Διὰ
1405 1415 1483 1442 τοῦτο
1505 1416 1554 1451 τῆς
1572 1416 1678 1447 ἐλπίδος
1699 1417 1808 1451 ἐκείνης

1015 1461 1069 1488 τῶν
1090 1461 1201 1495 ἀγαθῶν
1223 1461 1414 1496 ἀμελήσωμεν,
1437 1461 1478 1488 ὅτι
1503 1462 1540 1497 μὴ
1569 1462 1638 1497 μετά
1666 1464 1809 1499 ῥᾳστώνης

1017 1507 1103 1540 ἔξεστι
1116 1507 1266 1542 κτήσασθαι
1279 1514 1287 1538 ;
1310 1506 1507 1542 Ἐρωτήσωμεν
1522 1508 1571 1543 τὴν
1593 1508 1717 1542 νεότητα,
1732 1509 1755 1534 εὶ
1770 1509 1808 1543 μὴ

1016 1555 1142 1588 ἐπίπονος
1156 1556 1172 1590 ἡ
1194 1554 1352 1590 σωφροσύνη
1367 1555 1451 1585 δοκεῖ,
1468 1554 1484 1588 ἢ
1498 1553 1528 1579 τὸ
1542 1553 1653 1588 ἀναίδην
1671 1555 1732 1585 ταῖς
1746 1554 1808 1579 ἐπι-

1017 1600 1126 1635 θυμίαις
1141 1601 1300 1635 κεχρῆσθαι,
1313 1599 1362 1634 τῆς
1373 1598 1523 1634 ἐγκρατοῦς
1535 1597 1674 1632 διαγωγῆς
1687 1598 1724 1632 μὴ
1739 1597 1808 1624 πολὺ

1017 1646 1212 1680 ποθεινότερον.
1235 1643 1298 1680 ⁷Λρ¹
1315 1643 1360 1670 οὖν
1379 1644 1423 1670 διὰ
1439 1643 1517 1669 τοῦτο
1533 1643 1563 1668 τὸ
1588 1643 1637 1677 μὲν
1652 1642 1701 1677 ἡδύ
1716 1651 1744 1668 τε
1761 1643 1809 1669 καὶ

1018 1691 1129 1722 εὐπετὲς
1145 1690 1328 1726 ἁνθεξόμεθα,
1343 1690 1410 1725 πρὸς
1427 1689 1456 1716 δὲ
1478 1689 1509 1715 τὸ
1532 1690 1618 1724 τραχὺ
1641 1689 1690 1724 τῆς
1708 1688 1808 1723 ἀρετῆς

1017 1737 1226 1772 ἀποκνήσομενς
1243 1737 1280 1763 οὑ
1292 1736 1377 1763 ταῦτα
1384 1737 1458 1762 δοκεῖ
1467 1735 1506 1770 τῷ
1517 1735 1565 1769 τῆς
1580 1735 1652 1769 ζωῆς
1663 1733 1806 1769 νομοθέτῃ,

1016 1783 1056 1819 τῷ
1071 1784 1121 1818 τὴν
1137 1783 1264 1810 πλατεῖαν
1280 1784 1326 1809 καὶ
1342 1783 1487 1817 κατωφερῆ
1512 1782 1557 1808 καὶ
1575 1781 1730 1816 εὐρύχωρον
1750 1780 1808 1806 ὁδὸν

1018 1830 1087 1856 κατὰ
1105 1830 1150 1856 τὸν
1168 1829 1223 1864 βίον
1237 1829 1398 1856 κωλύσαντι.
1415 1829 1573 1855 Είσέλθετε
1585 1828 1649 1862 γὰρ,
1666 1827 1742 1861 φησι,
1759 1825 1807 1851 διὰ

1019 1877 1074 1912 τῆς
1085 1876 1197 1910 στενῆς
1213 1876 1260 1903 καὶ
1281 1875 1487 1910 τεθλιμμένης.
1507 1873 1611 1900 Οὐκοῦν
1628 1873 1675 1899 καὶ
1691 1870 1807 1897 ἐνταῦθα

1019 1924 1047 1950 ἓν
1061 1923 1115 1950 τῶν
1132 1923 1175 1949 διὰ
1194 1923 1275 1950 πόνου
1295 1920 1519 1956 κατορθουμένων
1533 1919 1580 1946 καὶ
1595 1917 1675 1944 τοῦτο
1692 1917 1806 1952 νομέω-

1021 1979 1080 2005 μεν,
1106 1969 1136 1996 τὸ
1156 1969 1271 2002 ἀγαγεῖν
1297 1968 1336 1999 είς
1358 1966 1503 2001 συνήθειαν
1523 1963 1742 1998 ἁποξενουμένην
1761 1960 1806 1988 τυῦ

1021 2016 1078 2051 βίου
1093 2015 1142 2050 τὴν
1157 2013 1276 2049 ἐντολὴν,
1297 2013 1345 2039 καὶ
1359 2012 1408 2048 τὴν
1426 2011 1543 2047 φυσικὴν
1561 2010 1616 2036 τῶν
1632 2009 1806 2044 ὑγιαινόντων

1019 2059 1192 2095 ἀποστροφὴν
1205 2060 1238 2094 τῇ
1254 2059 1371 2094 ἐπιμονῇ
1395 2056 1441 2084 τοῦ
1456 2057 1617 2092 πράγματος
1630 2053 1806 2089 θεραπεύσω-

1022 2115 1081 2141 μεν.
1098 2105 1177 2140 Δεινὴ
1193 2105 1248 2140 γάρ
1264 2105 1338 2130 ἐστιν
1360 2104 1376 2138 ὴ
1394 2102 1522 2137 συνήθεια
1538 2101 1584 2127 καὶ
1600 2101 1655 2131 τοῖς
1672 2097 1806 2125 δυσκολω⁶

1019 2152 1108 2187 τέροις
1122 2148 1192 2177 εἶναι
1212 2149 1334 2176 δοκοῦσιν
1347 2148 1443 2183 ἡδονήν
1466 2155 1527 2173 τινα
1549 2145 1593 2172 διὰ
1606 2146 1654 2180 τῆξ
1676 2144 1806 2177 ἐπιμθνῆς

1021 2195 1229 2231 ἐνεργάσασθαι.
1246 2194 1292 2229 Μὴ
1312 2193 1400 2219 τοίνυν
1423 2191 1526 2225 λεγέτω
1542 2199 1593 2221 τις.
1613 2189 1650 2220 ὡς
1667 2188 1804 2217 ἐπίπονον,

1021 2242 1078 2268 ἀλλ’
1095 2242 1135 2268 ὅτι
1155 2239 1292 2274 ὲπωφελὲς
1308 2240 1362 2270 τοῖς
1384 2237 1506 2272 μετιοῦσι
1529 2236 1559 2263 τὸ
1580 2233 1805 2270 κατορθούμενον.

1022 2287 1076 2313 Καὶ
1095 2285 1188 2320 ἐπειδὴ
1205 2285 1275 2319 μέγα
1295 2283 1326 2310 τὸ
1341 2283 1450 2318 κέρδος,
1470 2281 1636 2316 ὑπεροπτέον
1649 2279 1697 2306 τοῦ
1711 2279 1806 2308 πόνου,

1021 2332 1064 2358 διὰ
1094 2331 1125 2357 τὺ
1150 2331 1254 2364 κέρδος.
1279 2329 1342 2355 Ἡδὺ
1367 2327 1397 2354 δὲ
1421 2321 1466 2361 ’τῷ
1496 2326 1584 2362 χρόνῳ
1602 2325 1632 2351 τὸ
1658 2324 1726 2355 τέως
1748 2322 1807 2349 ἐπε-

1021 2385 1101 2404 πονον
1119 2376 1164 2402 διὰ
1179 2375 1227 2410 τῆς
1252 2372 1394 2409 συνηθείας
1413 2373 1568 2408 γενήσεται.
1594 2371 1624 2397 Εἰ
1648 2370 1677 2396 δὲ
1701 2369 1742 2396 δεῖ
1764 2369 1808 2394 καὶ

1021 2423 1100 2449 τοῦτο
1116 2421 1272 2457 προσθεῖναι
1285 2421 1340 2450 τοῖς
1353 2418 1517 2454 εἰρημένοις,
1530 2417 1572 2443 ὃτι
1586 2417 1633 2443 καὶ
1648 2417 1713 2450 παρ’
1729 2414 1807 2441 αὑτὸν

1020 2468 1114 2495 τοῦτον
1137 2468 1182 2493 τὸν
1208 2467 1262 2502 βίον
1279 2466 1421 2500 ὲπωφελής
1447 2465 1504 2490 ἐστι
1526 2464 1583 2494 τοῖς
1607 2460 1806 2495 ὑγιαίνουσινή

1022 2516 1090 2550 πρὸς
1114 2512 1279 2548 ἀτυχοῦντας
1302 2511 1476 2546 συμπάθεια’
1495 2509 1576 2540 καλὸς
1593 2508 1648 2543 γάρ
1669 2508 1729 2533 ἐστι
1753 2507 1807 2536 τοῖς

1021 2561 1083 2588 νοῦν
1104 2560 1208 2596 ἔχουσιν
1228 2559 1323 2594 ἔρανος
1337 2557 1427 2587 ἐλέου,
1443 2557 1471 2582 ὲν
1493 2557 1551 2585 ταῖς
1569 2555 1670 2590 ἑτέρων
1686 2553 1806 2586 δυσπρα-

1022 2608 1094 2641 γίαις
1115 2603 1356 2640 προαποκείμενος.
1379 2601 1487 2636 Ἐπειδὴ
1509 2601 1562 2634 γὰρ
1578 2600 1626 2635 μιᾷ
1644 2598 1723 2633 φύσει
1741 2597 1806 2623 διοι-

1023 2655 1109 2680 κεῖται
1126 2652 1179 2677 πᾶν
1192 2651 1221 2676 τὸ
1239 2649 1418 2684 ἀνθρώπινον,
1435 2648 1482 2674 καὶ
1497 2646 1571 2673 οὐδὲν
1587 2645 1643 2680 ἔχει
1656 2644 1746 2675 οὐδεὶς
1759 2642 1808 2676 τῆς

1022 2695 1162 2732 διηνεκοῦς
1179 2694 1330 2730 εὐπραγίας
1348 2691 1456 2728 βέϐαιόν
1474 2701 1500 2718 τι
1516 2690 1579 2727 παρ’
1595 2690 1684 2725 ἑαυτῷ
1705 2689 1737 2716 τὸ
1752 2687 1808 2714 ἐνέ-

1023 2750 1115 2778 χυρον·
1131 2740 1174 2767 διὰ
1197 2739 1294 2771 παντὸς
1310 2738 1441 2773 προσήκει
1455 2736 1608 2773 μεμνῆσθαι
1629 2735 1678 2762 τοῦ
1693 2735 1807 2768 εὐαγγε-
