1912 3080
107 61 155 89 ωδ

729 69 867 97 CONTRA
882 71 1121 102 FORNICARIOS.

1692 86 1745 114 694

106 123 206 156 ἕτερον,
223 121 273 158 τὴν
293 122 341 158 τῆς
359 121 427 154 ἰδίας
442 123 542 158 σαρκὸς
560 125 762 160 φυλαττόμενος
781 127 883 163 βλάϐην

951 130 1023 157 sicut
1036 130 1171 159 homicida
1190 133 1217 161 in
1234 135 1363 169 alienum,
1377 137 1579 168 invulneratum
1593 149 1673 171 suum
1685 151 1745 172 cor-

105 168 159 195 ἀλλ’
172 169 256 200 αὐτὸς
273 169 370 196 ἑαυτοῦ
391 169 553 206 διαφθορεὺς
566 172 580 198 ὸ
594 172 707 207 πόρνος,
720 174 800 205 αὐτὸς
811 175 900 210 ἑαυτῷ

105 214 132 241 τὸ
156 214 206 249 τῆς
227 215 340 249 ἀτιμίας
366 215 522 250 περιπείρει
550 216 635 252 βέλος.
661 218 689 245 Ὁ
719 219 837 254 κλέπτης
857 221 900 247 ἵνα

104 261 190 297 θρέψῃ
207 261 239 288 τὸ
257 261 348 297 σῶμα,
365 261 452 296 τολμᾷ
471 261 520 297 τὴν
540 263 658 299 κλοπήν·
675 265 690 291 ὁ
707 266 805 301 πόρνος
820 267 848 293 δὲ
865 269 897 302 τῇ

104 307 151 342 τῆς
172 308 240 340 ἰδίας
266 308 367 343 σαρκὸς
389 308 567 344 προσεδρεύει
591 309 711 346 λῃστείᾳ.
734 312 785 338 Τὸν
805 313 899 339 πλεον-

103 354 194 389 έκτην,
205 354 274 389 πρὸς
283 354 408 389 ἁρπαγὴν
417 355 533 389 ἐρευίζει
545 356 751 394 φιλοχερδ[ε]ίας
760 358 898 395 [φιλοκερ-

102 399 158 436 δὴς]
174 400 304 436 λογισμός
315 411 320 417 ·
343 401 456 436 πορνεία
468 400 507 433 δὲ,
529 403 615 437 ζημία
628 405 692 439 περὶ
705 404 751 431 τοῦ
762 404 824 441 [καὶ
837 405 897 442 τοῦ]

103 449 229 483 σώματος
245 450 420 485 σεμνότητος.
443 450 488 486 Τῷ
506 451 633 486 βασκάνῳ
648 452 848 484 κατασκευάζει
865 453 896 479 τὸ

101 495 185 526 πάθος
195 495 373 531 δοξαζόμενος
387 496 489 532 ἕτερος
500 498 514 524 ὁ
529 497 626 532 πόρνος
643 497 671 523 δὲ
682 498 730 532 τὴν
746 498 813 524 ἰδίαν
828 499 895 525 αὑτ-

100 542 195 575 ουργεῖ
213 541 319 573 ἀδοξίαν
336 541 396 577 [τῆς
425 542 491 574 ἰδίας
509 544 582 569 ἐστὶν
597 543 746 579 αὐτουργὸς
762 544 892 579 ἀδοξίας].

100 587 131 613 Τὶ
145 587 200 622 γὰρ
214 587 375 623 ἀτιμότερον
401 589 567 623 σκευοφόρου
591 590 733 624 πορνείας;
749 591 827 616 Πᾶσα
843 590 892 625 μὲν

99 633 192 666 ἄδοξος
208 634 259 669 τῆς
280 635 417 670 ἁμαρτίας
432 635 539 662 δουλεία
555 644 561 650 ·
575 636 670 671 ἀτιμοῖ
684 636 738 671 γὰρ
754 636 825 672 [τῆς]
839 636 891 671 tivu-

98 681 149 715 χῆς
167 679 218 714 τὴν
235 680 383 714 εὐγένειαν.
406 681 436 707 '0
461 681 489 707 δὲ
509 681 606 716 πόρνος
619 682 757 717 ἁμαρτίας
771 682 892 715 ἀδοξότε-

98 735 145 761 ρος
168 726 272 758 δοῦλος.
287 726 421 762 Βόρϐορον
443 727 497 763 γὰρ
512 727 617 754 ἀντλεῖν
630 729 695 763 παρ’
710 728 794 764 αὐτῆς
815 737 892 755 τετα-

96 772 215 806 γμένος,
233 771 370 808 μολυσμοῦ
398 773 508 807 συνάγει
535 774 640 809 σωρὸν,
664 775 710 800 καὶ
735 775 890 810 ἀκάθαρτον

95 818 250 854 λειτουργεῖ
263 819 404 854 ἐργασίαν.
419 821 454 846 Ἦ
468 820 497 846 οὐ
509 820 594 847 δεινὸν
611 821 784 854 ὲγκυλίεσοαι
802 822 888 857 πηλῷ,

95 864 256 899 αἰσχρότητι
271 865 422 900 τρίϐεσθαι,
443 867 543 901 ῥάκους
560 866 631 901 ἔχειν
640 867 671 893 τὸ
686 867 765 902 σῶμα
776 868 806 894 οὺ
821 868 891 894 διαλ-

94 908 208 941 litum;
224 910 292 936 Ποία
312 911 366 946 γὰρ
382 911 481 945 ῥάκους
505 911 553 937 καὶ
569 911 669 946 πόρνου
685 911 801 947 διαφορά
816 921 823 945 ;
837 913 889 939 Τοῦ

93 950 143 988 ’ἰῆς
173 954 338 990 Ἐκκλησίας
363 956 539 991 ἀποσχίζεται
569 956 711 991 σώματος·
749 958 889 993 φθείρεται

93 1000 267 1036 καθημερινῇ
287 1001 414 1036 σηπεδόνι
424 1003 484 1033 ταῖς
499 1002 549 1037 τῆς
567 1002 704 1038 ἁμαρτίας
720 1003 837 1037 ἡδοναῖς,
850 1004 888 1035 ὠς

92 1046 230 1082 ἄχρηστον
251 1048 478 1084 ὲναπορῤίπτεται
501 1049 593 1083 ῥάκος,
607 1050 695 1075 κεῖται
717 1050 784 1075 πᾶσι
802 1058 887 1076 κατα-

92 1094 209 1129 πάτημα
218 1095 275 1125 τοῖς
291 1094 425 1130 δαίμοσιν.
439 1095 486 1127 Εἰς
501 1095 583 1121 αὐτὸν
596 1096 610 1121 ὁ
619 1095 741 1127 διάϐολος
756 1096 806 1131 τὴν
818 1096 886 1123 ἰδίαν

91 1140 284 1175 ἁπομάσσεται
297 1141 388 1176 σῆψιν.

952 183 1004 210 pus
1017 184 1205 207 conservans:
1222 188 1276 208 non
1293 182 1365 210 sicut
1379 191 1477 214 avarus
1492 186 1519 214 in
1541 187 1668 222 alterum,
1685 198 1742 218 sua:

952 223 1043 251 carnis
1062 231 1162 252 cavens
1186 226 1363 256 offensionem
1382 240 1388 257 :
1411 232 1458 258 sed
1482 233 1540 267 ipse
1564 235 1607 261 sui
1642 244 1743 265 corru-

949 273 1020 302 ptor,
1040 269 1189 299 fornicator
1206 275 1352 310 configitur
1371 276 1429 311 ipse
1450 279 1503 306 telo
1530 288 1587 308 sua:
1609 281 1738 312 infanxim.

950 313 1004 341 Fur
1019 320 1047 342 ut
1073 316 1126 342 alat
1147 325 1257 353 corpus,
1284 320 1366 348 audet
1390 324 1500 357 aggredi
1529 325 1646 355 facinus.
1667 328 1737 355 For-

949 360 1055 387 nicalor
1081 366 1171 389 autem
1191 371 1248 391 sua
1271 365 1346 392 carni
1374 371 1453 402 parat
1477 369 1592 399 insidias
1605 393 1613 404 ,
1629 376 1659 400 ut
1678 381 1738 401 eam

948 405 1129 440 deprmdetur.
1151 409 1270 437 Avarum
1299 412 1332 438 ad
1348 413 1470 447 rapinam
1487 416 1584 444 incitat
1607 419 1674 446 lucri
1689 427 1738 455 ap-

947 457 1043 486 petens
1069 455 1220 490 cogitatio:
1241 457 1387 486 fornicatio
1412 465 1502 488 autem
1528 462 1657 492 damnum
1687 467 1736 494 ho-

948 501 1062 526 nestatis
1084 503 1220 536 corporis.
1255 503 1358 532 Invidia
1391 507 1472 534 struit
1488 507 1594 538 facinus
1608 530 1615 542 ,
1633 515 1660 538 et
1676 513 1735 547 glo-

946 545 1014 573 riam
1032 547 1109 574 alteri
1127 549 1205 575 atrcrt
1221 549 1389 579 ;fornicator
1403 556 1492 580 autem
1514 555 1567 582 sibi
1583 563 1661 582 suam
1672 565 1735 592 cpe-

945 594 1022 617 ratur
1048 591 1235 626 ignotiiinimn.
1263 594 1333 627 Quid
1362 601 1404 623 est
1430 598 1502 624 enim
1532 591 1733 631 fornicatione.

944 643 1004 669 quae
1019 643 1147 671 tanquam
1166 639 1218 666 lixa
1245 639 1296 667 fct‘l.
1325 641 1542 676 impedimenta,
1576 646 1684 680 turpius
1707 652 1735 674 et

943 681 1176 716 ignominiosius?
1201 684 1296 714 Omnis
1324 689 1396 715 enim
1416 691 1533 717 servitus
1559 693 1662 726 peccati
1676 698 1733 719 tur-

942 729 984 762 pis
999 734 1040 756 est
1055 734 1081 756 et
1100 730 1282 765 ignominiosa
1297 742 1302 759 :
1322 733 1404 762 afficit
1420 735 1492 762 enim
1511 737 1660 770 ignominia
1677 740 1734 766 ani-

942 781 992 801 mae
1014 774 1197 803 nobilitatem.
1220 776 1381 807 Formantur
1399 784 1490 809 autem
1515 784 1619 817 peccati
1635 791 1732 812 servus

1400 803 1490 809 πη...
1515 803 1619 817 νην...
1635 803 1732 812 mum

907 803 928 829 Β
942 820 1046 855 turpior
1065 826 1092 848 et
1106 821 1314 856 ignominiosior
1333 826 1377 852 cui
1395 827 1490 854 datum
1507 832 1550 856 est
1572 829 1607 856 ab
1630 836 1662 857 eo
1685 838 1733 857 nc-

941 867 1042 900 gotium
1058 888 1065 900 ,
1079 872 1109 894 ut
1127 876 1235 896 omnum
1257 870 1363 899 hauriat
1378 892 1385 904 ,
1401 876 1428 900 et
1457 874 1580 901 sordium
1607 876 1732 910 congerit

939 913 1089 945 cumulum,
1103 918 1184 949 atque
1198 915 1338 943 immundo
1353 926 1465 946 tnunere
1476 919 1607 954 fungitur.
1624 921 1664 948 An
1675 930 1730 949 non

938 962 980 985 cst
996 966 1039 986 res
1054 960 1156 994 gravis,
1181 965 1207 988 et
1231 967 1309 994 tetra,
1331 964 1446 992 volutari
1461 966 1489 992 in
1504 973 1594 998 emno,
1615 968 1732 1001 turpitu-

938 1003 1000 1032 dine
1017 1006 1108 1037 atteri,
1125 1006 1224 1034 habere
1245 1016 1346 1043 corpus
1364 1017 1417 1037 n0n
1442 1011 1570 1038 difl‘crens
1587 1020 1602 1038 a
1618 1014 1732 1047 panno?

940 1049 1069 1082 Quaenam
1086 1052 1158 1079 enim
1173 1057 1215 1080 est
1227 1055 1307 1087 panni
1322 1059 1348 1081 et
1364 1055 1538 1084 fornicatoris
1557 1057 1731 1086 differentia?

941 1096 979 1123 Eo
999 1097 1071 1132 quod
1088 1099 1123 1124 ab
1137 1098 1266 1126 Ecclesia:
1287 1101 1324 1126 sit
1341 1101 1481 1130 abscissus
1501 1110 1626 1139 corpore,
1641 1105 1732 1139 quotio

938 1143 1019 1170 diana
1038 1145 1225 1179 corrumpitur
1241 1146 1405 1180 putredine;
1424 1149 1562 1182 projectus
1575 1150 1649 1184 jacet
1667 1154 1730 1178 tan-

91 1194 173 1222 quam
191 1193 299 1221 pannus
314 1187 429 1221 inutilis,
446 1186 473 1215 ct
487 1188 522 1216 ab
536 1189 664 1218 omnibus
683 1190 862 1218 conculcatur
881 1191 1062 1219 dmmonibus.
1082 1192 1112 1218 ln
1132 1200 1164 1219 eo
1186 1192 1311 1221 diabolus
1333 1202 1411 1221 suam
1433 1195 1535 1231 subigit
1553 1201 1581 1224 et
1598 1197 1732 1232 imprimit

90 1242 124 1269 pn
130 1233 185 1262 tref
184 1233 320 1261 actionem
326 1254 332 1261 .

123 1305 181 1340 Τῆς
188 1304 217 1331 δὲ
231 1305 329 1340 νοητῆς
339 1304 384 1331 τοῦ
401 1305 499 1340 πόρνου
514 1306 705 1342 κακοπραγίας
720 1307 736 1341 ἡ
753 1307 885 1343 πρόδηλος

88 1351 138 1377 οὐκ
154 1350 284 1378 ἐλάττων.
303 1349 381 1377 Ἐστι
398 1351 452 1386 γὰρ
466 1351 595 1385 φευκτέος
605 1351 692 1383 οίκίας
709 1351 835 1387 [φευκτὸς
851 1353 886 1378 ol-

89 1394 185 1432 κίαις],
195 1395 331 1427 ἀπευκτὸς
344 1395 508 1430 συντυχίαις,
517 1397 572 1427 τοῖς
588 1395 782 1430 πλησιάζουσιν
795 1396 884 1431 ὕϐρις,
899 1411 920 1440 c

88 1444 144 1474 τοῖς
159 1441 349 1478 ὲχθραίνουσιν
365 1441 475 1473 ὄνειδος,
487 1444 645 1476 συγγενέσιν
662 1441 786 1478 αἰσχύνη,
799 1443 886 1469 συνοί-

88 1498 145 1520 κοις
155 1489 302 1524 ἐπάρατος,
309 1487 411 1523 ἀθυμία
433 1487 568 1521 γονεῦσιν,
577 1487 696 1519 οἰκέταις
709 1488 883 1524 θεατρισμος,

87 1535 174 1570 γέλως
201 1535 249 1561 καὶ
269 1534 390 1570 διήγημα
408 1533 579 1570 [γελώμενον
599 1533 739 1570 διήγημαί
755 1534 884 1568 γείτοσιν,

86 1582 176 1617 γῆμαι
194 1581 354 1612 σπουδάζων
373 1581 534 1616 ἀπόϐλητος,
559 1580 680 1612 ὕποπτος
697 1580 766 1616 μετὰ
794 1581 884 1616 γάμον

86 1627 212 1662 νυμφίος.
230 1626 364 1654 Τοσοῦτου
383 1627 500 1662 πλήθους
515 1627 564 1662 τὴν
589 1627 717 1661 πορνείαν
741 1627 846 1662 μητέρα
865 1628 879 1654 ὁ

86 1672 193 1705 Παῦλος
211 1672 357 1708 θεώμενος,
368 1673 418 1708 τὴν
430 1673 586 1709 νικητήριον
598 1673 686 1708 φυγὴν
696 1672 878 1707 ἐγκελεύεται’

85 1720 214 1754 Φεύγετε
227 1719 285 1754 τὴν
303 1720 455 1754 πορνείαν.

973 1305 1010 1332 Ea
1031 1309 1132 1338 autem,
1159 1315 1220 1341 quae
1236 1307 1309 1335 cadit
1334 1309 1386 1337 sub
1414 1310 1621 1346 intelligentiam
1643 1313 1729 1342 forni-

938 1351 1040 1377 caloris
1057 1351 1166 1378 miseria
1191 1356 1218 1379 et
1244 1352 1421 1386 infelicitate.
1446 1363 1501 1383 non
1521 1363 1563 1384 est
1592 1359 1680 1393 major
1694 1368 1727 1390 ea

938 1403 998 1430 qua:
1019 1400 1061 1422 est
1080 1400 1173 1430 aperta
1188 1401 1215 1424 et
1240 1398 1396 1427 manifesta.
1416 1401 1464 1428 Est
1487 1403 1559 1430 enim
1580 1402 1606 1431 in
1620 1404 1727 1435 adibus

936 1441 1092 1475 fugiendus.
1118 1443 1146 1469 in
1166 1445 1360 1478 congressibus
1383 1447 1584 1476 abominandus
1600 1469 1607 1482 ,
1626 1455 1724 1478 contu-

935 1488 1015 1514 melia
1042 1489 1325 1527 appropinquantibus
1338 1513 1345 1524 ,
1366 1491 1487 1521 inimicis
1520 1497 1698 1530 opprobrium
1714 1519 1723 1532 ,

934 1534 1059 1568 cognatis
1081 1535 1223 1568 probrum,
1244 1544 1276 1563 ac
1292 1536 1412 1565 dedecus
1432 1539 1466 1567 iis
1491 1541 1537 1575 qui
1548 1542 1633 1573 simul
1649 1543 1726 1572 habi—

933 1581 1007 1608 tant,
1025 1580 1239 1612 exsecrandum,
1261 1581 1339 1610 dolor
1358 1585 1527 1619 parentibus,
1546 1586 1656 1617 famulis
1675 1597 1726 1625 pu.

933 1624 1033 1651 blicum
1051 1625 1208 1660 ludibrium,
1221 1627 1318 1655 vicinis
1334 1629 1449 1657 ridicula
1465 1633 1597 1660 narratio.
1618 1633 1646 1661 Si
1661 1624 1726 1667 velit

935 1682 1047 1701 uxorem
1061 1675 1161 1702 ducere
1177 1696 1184 1707 ,
1206 1677 1382 1711 rejiciendus.
1406 1678 1435 1707 In
1453 1680 1630 1709 matrimonio
1662 1691 1726 1711 sus-

935 1725 1031 1754 pectus
1048 1728 1178 1755 sponsus.
1195 1722 1276 1750 Pater
1301 1723 1363 1753 filiis
1388 1725 1502 1754 odiosus
1517 1746 1524 1758 ,
1549 1727 1726 1764 despicabilis

85 1767 272 1800 consiliarius,
299 1767 418 1803 largiens
445 1768 587 1802 ingratus,
612 1770 708 1802 petens
735 1766 877 1801 ingratior,
898 1771 1025 1796 mortuus
1041 1771 1129 1804 magis
1145 1769 1273 1799 laborans
1306 1771 1430 1801 infamia.
1467 1773 1560 1802 Tanta:
1591 1777 1727 1820 malorum

85 1813 272 1841 multitudinis
288 1818 404 1841 matrem
424 1813 521 1841 videns
541 1813 642 1841 Paulus
658 1813 880 1846 fornicationem,
900 1813 1042 1842 victricem
1064 1817 1143 1845 nobis
1171 1819 1252 1845 modo
1290 1819 1453 1855 praecipiens
1482 1821 1585 1857 fugam.
1623 1814 1726 1852 clama-

84 1859 149 1888 bal:
167 1859 264 1894 Fugite
278 1860 488 1894 fornicationem.

120 1929 197 1963 Αὐτὴ
210 1929 226 1963 ἡ
239 1927 314 1963 φωνὴ
322 1927 464 1954 νεανίσκου
479 1936 511 1960 με
525 1927 572 1954 νῦν
582 1928 718 1963 ἀνέμνησε
732 1928 878 1964 σώφρονος,

85 1976 147 2003 κατ’
162 1973 353 2008 Αἰγυπτιακῆς
376 1973 505 2009 πορνείας
526 1974 569 2000 διὰ
596 1975 684 2010 φυγῆς
705 1975 880 2010 ἀριστεύσαν-

83 2030 140 2054 τος.
171 2020 268 2047 Καίτοι
295 2019 380 2045 πολλὰ
404 2019 444 2054 τῷ
470 2020 603 2055 νεανίσκῳ
624 2021 674 2056 τὴν
702 2021 787 2048 πειθὼ
812 2031 877 2049 κατ-

970 1930 1029 1958 Vox
1054 1930 1130 1959 Pauli
1156 1941 1229 1961 nunc
1245 1934 1325 1962 nobis
1349 1938 1488 1965 revocavit
1515 1939 1542 1966 in
1562 1943 1724 1971 memoriam

932 1977 1060 2012 pudicum
1075 1978 1274 2008 adolescentem
1295 1982 1341 2016 qui
1363 1990 1392 2010 se
1409 1983 1516 2011 fortiter
1527 1987 1611 2020 gessit
1627 1989 1725 2017 adver-

932 2031 980 2051 sus
995 2023 1186 2060 (Egyptiacam
1199 2026 1420 2056 fornicationem.
1441 2029 1524 2064 Atqui
1541 2033 1626 2059 multa
1648 2039 1726 2062 erant

83 2067 244 2099 εσκεύαζεν,
260 2066 353 2102 ἡλικία
367 2065 516 2101 φιλήδονος,
534 2066 654 2098 δουλείας
669 2067 760 2100 ζυγὸς,
772 2068 875 2094 δεσποί-

941 2077 991 2104 mm
1007 2069 1208 2098 adolescentem
1226 2071 1306 2100 facile
1322 2081 1431 2101 movere
1450 2081 1587 2110 poterant,
1610 2083 1640 2106 ut
1663 2088 1725 2115 per-

83 2123 133 2150 νης
157 2113 277 2150 ἐρωτικὴ
298 2112 438 2139 κολακεία.
460 2112 595 2147 Ἐγένετο
613 2113 666 2147 γὰρ
686 2114 808 2147 τοιαύτη
833 2123 878 2147 τις

82 2159 191 2194 ἡμέρα,
209 2160 286 2194 φησὶ,
300 2159 349 2186 καὶ
363 2158 506 2192 εισῆλθεν
524 2159 635 2194 Ἰωσὴφ
652 2162 696 2192 εἰς
710 2160 768 2195 τὴν
780 2162 878 2187 οὶκίαν

82 2206 181 2233 ποιεῖν
200 2208 236 2233 τὰ
253 2207 325 2240 ἔργα
343 2206 453 2237 αὐτοῦ,
472 2205 521 2232 καὶ
540 2205 638 2238 οὐδεὶς
654 2205 694 2240 ἦν
717 2207 776 2234 τῶν
788 2207 823 2233 ἐν
840 2207 877 2241 τῇ

82 2254 163 2286 οικίῃ
177 2251 248 2283 ἔσω,
265 2251 314 2279 καὶ
330 2251 525 2278 ἐπεσπάσατο
541 2252 561 2285 ἡ
581 2252 668 2284 κιφία
684 2251 743 2278 τῶν
755 2254 878 2286 [partem

81 2297 187 2329 αὐτοῦ,
205 2297 341 2331 λέγουσα
355 2305 362 2312 ⁸
384 2298 544 2332 Κοιμήθητι
564 2298 628 2331 μετ’
644 2298 727 2332 ἐμοῦ.
744 2299 823 2332 Μέγα
846 2300 877 2325 τὸ

81 2344 133 2379 τῆς
153 2343 332 2378 σωφροσύνης
349 2343 457 2378 ἀξίωμα
473 2352 479 2359 ·
492 2344 538 2370 τοῦ
553 2344 645 2370 δούλου
671 2344 721 2378 τὴν
735 2344 877 2371 δέσποιναν

81 2389 269 2415 κατεσκεύασε
285 2388 392 2423 δούλην.
417 2389 619 2424 Πεπυρωμένον
641 2389 692 2424 τῆς
707 2390 835 2425 πορνείας
848 2392 878 2417 τὸ

83 2434 177 2468 βέλος,
202 2435 259 2461 ἀλλ’
284 2434 350 2469 ὖλην
375 2434 465 2470 ψυχῆς
489 2436 637 2470 καιομένης
661 2436 710 2471 οὐχ
736 2433 816 2471 εὗρε,
837 2438 878 2469 εἰς

81 2479 184 2514 ἐσθῆτα
206 2479 236 2506 δὲ
258 2480 308 2515 τὴν
327 2480 447 2506 διάλυσιν
471 2479 549 2515 ἔσχεν
568 2479 750 2517 [καιομένην].
771 2482 805 2508 Ἥ
828 2482 876 2517 μὲν

80 2525 157 2559 ἔλεγε
175 2533 181 2540 ·
205 2525 368 2561 Κοιμήθητι
396 2527 460 2559 μετ’
485 2526 578 2560 ἐμοῦ’
600 2527 783 2563 ἀντεκήρυττε
807 2528 835 2555 δὲ
859 2529 875 2563 ἡ

81 2570 245 2606 σωφροσύνη
257 2570 297 2605 τῷ
311 2571 363 2606 νέῳ
373 2579 379 2585 ·
391 2571 567 2606 Γρηγόρησον
584 2571 642 2606 μετ’
655 2571 723 2607 ἐμοῦ
734 2580 741 2588 °
760 2573 807 2598 καὶ
820 2574 876 2603 τοῖς

78 2615 171 2652 ἔργοις
184 2616 289 2647 ἐκεῖνος
307 2616 401 2651 ἐδήλου
415 2617 445 2642 τὸ
458 2616 606 2651 ἄγρυπνον.
624 2617 660 2643 Οὐ
678 2617 732 2653 γὰρ
745 2618 875 2650 ὲνύσταξε

77 2663 139 2693 ταῖς
152 2662 309 2693 κολακείαις
322 2663 336 2688 ὁ
351 2662 435 2694 τόνος.
461 2663 515 2698 Οὐχ
529 2662 654 2690 ὕπνωσεν
672 2664 688 2697 ἡ
704 2663 800 2700 γνώμη
815 2666 874 2695 ταῖς

79 2706 215 2741 ἐπῳδαῖς·
240 2706 308 2733 ἀλλὰ
335 2704 369 2742 ἦν
393 2707 467 2742 αὐτῷ
495 2709 645 2744 πικροτέρα
668 2708 800 2744 λοιδορίας
823 2710 871 2745 τῆς

112 2796 136 2813 ¹’
150 2794 218 2822 Gen.
231 2803 326 2829 xxxix,
344 2796 387 2828 fl,
404 2797 437 2824 1‘).
454 2804 514 2832 sqq.

932 2115 1114 2144 suaderctur:
1128 2121 1194 2144 aetas
1205 2118 1308 2145 libidini
1318 2119 1447 2153 obnoxia,
1457 2122 1553 2157 jugum
1571 2126 1724 2159 servitutis,

928 2160 1046 2188 dominae
1060 2163 1201 2190 amatoriae
1226 2163 1376 2197 blanditia»,
1403 2166 1440 2194 de
1463 2167 1603 2203 impudico
1632 2179 1725 2201 amore

927 2211 1075 2241 perpetuus
1092 2215 1192 2240 sermo,
1209 2209 1245 2236 ad
1269 2211 1446 2239 concubitum
1478 2214 1549 2241 clam
1580 2215 1652 2244 facta
1677 2219 1726 2245 atl-

927 2252 1058 2281 hortatio.
1077 2253 1142 2281 Fuit
1156 2255 1229 2282 enim
1251 2256 1348 2291 inquit.
1369 2259 1476 2292 quidam
1491 2260 1557 2293 dies,
1574 2267 1599 2289 ει
1615 2263 1722 2298 ingres-

927 2306 973 2324 sus
989 2303 1027 2325 est
1044 2299 1143 2334 Ioseph
1157 2302 1184 2327 in
1212 2301 1331 2334 domum,
1355 2310 1384 2330 ut
1412 2305 1510 2338 faceret
1529 2315 1609 2340 opera
1621 2318 1681 2340 sua.
1698 2315 1723 2337 et

927 2352 1003 2370 nemo
1019 2351 1075 2372 erat
1091 2354 1124 2373 ea:
1143 2347 1177 2374 iis
1200 2349 1245 2382 qui
1265 2349 1337 2375 domi
1360 2356 1454 2384 erant,
1479 2353 1570 2385 fulua;
1589 2359 1615 2382 et
1640 2361 1723 2384 vestes

927 2389 983 2424 ejus
1000 2392 1114 2418 attraxit
1143 2393 1262 2425 domina,
1295 2395 1403 2423 dicens:
1435 2396 1528 2425 Darmi
1556 2407 1657 2427 mecum
1686 2403 1719 2429 ’⁸.

928 2435 1024 2471 Magna
1041 2441 1084 2464 est
1103 2437 1223 2473 dignitas
1245 2441 1434 2475 temperantiae
1449 2452 1456 2469 :
1470 2443 1610 2472 dominam
1631 2446 1723 2473 reddi-

927 2482 966 2509 dit
983 2490 1088 2510 servam
1107 2486 1188 2512 servi.
1210 2485 1296 2521 [Nam
1319 2487 1357 2514 illi
1377 2488 1487 2522 quidem
1503 2491 1720 2526 supplicabatur.

927 2528 984 2556 haec
1000 2537 1066 2557 vero
1078 2531 1272 2566 supplicabat:
1290 2532 1384 2560 Dormi
1402 2535 1526 2571 mecum]
1544 2535 1660 2571 Ignitum
1678 2541 1721 2564 est

925 2575 1009 2602 telum
1027 2575 1241 2612 fornicationis;
1263 2579 1310 2607 sed
1330 2587 1392 2615 qua:
1410 2586 1588 2615 cremaretur,
1604 2590 1659 2609 non
1677 2583 1720 2610 in-

924 2620 999 2647 venit
1019 2622 1172 2655 materiam,
1191 2623 1246 2650 ituo
1263 2632 1330 2652 vero
1346 2625 1374 2652 in
1389 2630 1466 2654 veste
1484 2626 1600 2653 fractum
1624 2626 1675 2653 fuit
1693 2632 1719 2655 et

926 2665 1101 2696 dissolutum.
1122 2668 1198 2704 [Quae
1225 2670 1414 2699 fornicationis
1442 2671 1611 2699 circumdala
1629 2672 1718 2706 impu.

926 2711 1029 2746 dentia,
1046 2714 1182 2742 clamabat
1198 2725 1203 2743 :
1223 2716 1315 2744 Donni
1326 2725 1437 2744 mecum.
1451 2716 1632 2747 Fornicatorii
1647 2717 1716 2748 desi-
