  <div class='ocr_page' id='page_1' title='image "/cluster/home/n/w/nwhite01/storage/ocr_20150623/46/njp.32101077772604/302.png"; bbox 0 0 1912 3080; ppageno 0'>
   <div class='ocr_carea' id='block_1_1' title="bbox 115 131 164 159">
    <p class='ocr_par' dir='ltr' id='par_1_1' title="bbox 115 131 164 159">
     <span class='ocr_line' id='line_1_1' title="bbox 115 131 164 159; baseline -0.041 0"><span class='ocrx_word' id='word_1_1' title='bbox 115 131 164 159; x_wconf 67' lang='lat'><strong>50!</strong></span> 
     </span>
    </p>
   </div>
   <div class='ocr_carea' id='block_1_2' title="bbox 117 182 818 225">
    <p class='ocr_par' dir='ltr' id='par_1_2' title="bbox 117 182 818 225">
     <span class='ocr_line' id='line_1_2' title="bbox 117 182 818 225; baseline -0.013 -9"><span class='ocrx_word' id='word_1_2' title='bbox 117 191 197 225; x_wconf 81' lang='grc' dir='ltr'>κτῆρι</span> <span class='ocrx_word' id='word_1_3' title='bbox 217 188 264 215; x_wconf 75' lang='grc' dir='ltr'>τοῦ</span> <span class='ocrx_word' id='word_1_4' title='bbox 287 186 369 214; x_wconf 77' lang='grc' dir='ltr'>καλοῦ</span> <span class='ocrx_word' id='word_1_5' title='bbox 387 185 558 221; x_wconf 72' lang='grc' dir='ltr'>θεωρεῖσθαι,</span> <span class='ocrx_word' id='word_1_6' title='bbox 577 184 632 210; x_wconf 78' lang='grc' dir='ltr'>εἴτε</span> <span class='ocrx_word' id='word_1_7' title='bbox 656 184 702 210; x_wconf 75' lang='grc' dir='ltr'><strong>καὶ</strong></span> <span class='ocrx_word' id='word_1_8' title='bbox 719 182 818 217; x_wconf 76' lang='grc' dir='ltr'>ἑτέρως</span> 
     </span>
    </p>
   </div>
   <div class='ocr_carea' id='block_1_3' title="bbox 120 227 904 270">
    <p class='ocr_par' dir='ltr' id='par_1_3' title="bbox 120 227 904 270">
     <span class='ocr_line' id='line_1_3' title="bbox 120 227 904 270; baseline -0.014 -8"><span class='ocrx_word' id='word_1_9' title='bbox 120 236 147 263; x_wconf 72' lang='grc' dir='ltr'>ιδ</span> <span class='ocrx_word' id='word_1_10' title='bbox 168 235 223 270; x_wconf 75' lang='grc' dir='ltr'>γὰρ</span> <span class='ocrx_word' id='word_1_11' title='bbox 248 233 441 269; x_wconf 76' lang='grc' dir='ltr'><strong>εὑρισκόμενον</strong></span> <span class='ocrx_word' id='word_1_12' title='bbox 469 232 533 266; x_wconf 77' lang='grc' dir='ltr'>περὶ</span> <span class='ocrx_word' id='word_1_13' title='bbox 559 230 643 265; x_wconf 84' lang='grc' dir='ltr'>αὐτῆς</span> <span class='ocrx_word' id='word_1_14' title='bbox 668 229 719 255; x_wconf 81' lang='grc' dir='ltr'><strong>ὑπὸ</strong></span> <span class='ocrx_word' id='word_1_15' title='bbox 740 227 787 254; x_wconf 80' lang='grc' dir='ltr'>τοῦ</span> <span class='ocrx_word' id='word_1_16' title='bbox 809 227 904 260; x_wconf 79' lang='grc' dir='ltr'>λόγου,</span> 
     </span>
    </p>
   </div>
   <div class='ocr_carea' id='block_1_4' title="bbox 119 272 906 317">
    <p class='ocr_par' dir='ltr' id='par_1_4' title="bbox 119 272 906 317">
     <span class='ocr_line' id='line_1_4' title="bbox 119 272 906 317; baseline -0.017 -7"><span class='ocrx_word' id='word_1_17' title='bbox 119 282 246 317; x_wconf 73' lang='grc' dir='ltr'>ὁδηγήσει,</span> <span class='ocrx_word' id='word_1_18' title='bbox 268 280 375 310; x_wconf 85' lang='grc' dir='ltr'>πάντως</span> <span class='ocrx_word' id='word_1_19' title='bbox 389 278 437 314; x_wconf 81' lang='grc' dir='ltr'><strong>τὴν</strong></span> <span class='ocrx_word' id='word_1_20' title='bbox 461 277 516 304; x_wconf 78' lang='grc' dir='ltr'><strong>τῶν</strong></span> <span class='ocrx_word' id='word_1_21' title='bbox 542 275 754 310; x_wconf 73' lang='grc' dir='ltr'>ἑπεσκεμμένιυν</span> <span class='ocrx_word' id='word_1_22' title='bbox 778 272 906 302; x_wconf 81' lang='grc' dir='ltr'>διάνοιαν,</span> 
     </span>
    </p>
   </div>
   <div class='ocr_carea' id='block_1_5' title="bbox 120 318 909 362">
    <p class='ocr_par' dir='ltr' id='par_1_5' title="bbox 120 318 909 362">
     <span class='ocr_line' id='line_1_5' title="bbox 120 318 909 362; baseline -0.015 -7"><span class='ocrx_word' id='word_1_23' title='bbox 120 330 191 359; x_wconf 74' lang='grc' dir='ltr'>ὅπως</span> <span class='ocrx_word' id='word_1_24' title='bbox 207 327 260 362; x_wconf 85' lang='grc' dir='ltr'>χρὴ</span> <span class='ocrx_word' id='word_1_25' title='bbox 270 325 333 361; x_wconf 75' lang='grc' dir='ltr'>περὶ</span> <span class='ocrx_word' id='word_1_26' title='bbox 346 325 394 360; x_wconf 83' lang='grc' dir='ltr'>τὴν</span> <span class='ocrx_word' id='word_1_27' title='bbox 405 323 509 351; x_wconf 79' lang='grc' dir='ltr'><strong>ἐνθένδε</strong></span> <span class='ocrx_word' id='word_1_28' title='bbox 525 322 721 358; x_wconf 73' lang='grc' dir='ltr'><strong>μετανάστασιν</strong></span> <span class='ocrx_word' id='word_1_29' title='bbox 733 319 814 355; x_wconf 83' lang='grc' dir='ltr'>ἔχειν.</span> <span class='ocrx_word' id='word_1_30' title='bbox 831 318 909 344; x_wconf 83' lang='grc' dir='ltr'>Ἔστι</span> 
     </span>
    </p>
   </div>
   <div class='ocr_carea' id='block_1_6' title="bbox 121 364 911 408">
    <p class='ocr_par' dir='ltr' id='par_1_6' title="bbox 121 364 911 408">
     <span class='ocr_line' id='line_1_6' title="bbox 121 364 911 408; baseline -0.014 -7"><span class='ocrx_word' id='word_1_31' title='bbox 121 374 209 401; x_wconf 80' lang='grc' dir='ltr'>τοίνυν</span> <span class='ocrx_word' id='word_1_32' title='bbox 228 374 246 408; x_wconf 77' lang='grc' dir='ltr'>ἡ</span> <span class='ocrx_word' id='word_1_33' title='bbox 261 372 309 399; x_wconf 82' lang='grc' dir='ltr'>τοῦ</span> <span class='ocrx_word' id='word_1_34' title='bbox 332 371 457 406; x_wconf 83' lang='grc' dir='ltr'>σώματος</span> <span class='ocrx_word' id='word_1_35' title='bbox 475 370 553 405; x_wconf 78' lang='grc' dir='ltr'>ἡμῶν</span> <span class='ocrx_word' id='word_1_36' title='bbox 579 368 646 404; x_wconf 81' lang='grc' dir='ltr'>ζωὴ,</span> <span class='ocrx_word' id='word_1_37' title='bbox 664 366 803 403; x_wconf 79' lang='grc' dir='ltr'>πλήρωσίς</span> <span class='ocrx_word' id='word_1_38' title='bbox 819 374 849 391; x_wconf 87' lang='grc' dir='ltr'><strong>τε</strong></span> <span class='ocrx_word' id='word_1_39' title='bbox 863 364 911 391; x_wconf 54' lang='grc' dir='ltr'><strong>καὶ¹</strong></span> 
     </span>
    </p>
   </div>
   <div class='ocr_carea' id='block_1_7' title="bbox 121 410 910 453">
    <p class='ocr_par' dir='ltr' id='par_1_7' title="bbox 121 410 910 453">
     <span class='ocr_line' id='line_1_7' title="bbox 121 410 910 453; baseline -0.014 -7"><span class='ocrx_word' id='word_1_40' title='bbox 121 420 235 451; x_wconf 83' lang='grc' dir='ltr'><strong>κένωσις</strong></span> <span class='ocrx_word' id='word_1_41' title='bbox 246 418 350 453; x_wconf 82' lang='grc' dir='ltr'><strong>διχόθεν</strong></span> <span class='ocrx_word' id='word_1_42' title='bbox 367 416 550 451; x_wconf 75' lang='grc' dir='ltr'><strong>ἐνεργουμένη</strong></span> <span class='ocrx_word' id='word_1_43' title='bbox 561 423 567 430; x_wconf 94' lang='grc'><strong>·</strong></span> <span class='ocrx_word' id='word_1_44' title='bbox 583 416 599 448; x_wconf 85' lang='grc' dir='ltr'>ὴ</span> <span class='ocrx_word' id='word_1_45' title='bbox 617 414 665 449; x_wconf 81' lang='grc' dir='ltr'><strong>μὲν</strong></span> <span class='ocrx_word' id='word_1_46' title='bbox 677 413 721 440; x_wconf 73' lang='grc' dir='ltr'><strong>διὰ</strong></span> <span class='ocrx_word' id='word_1_47' title='bbox 735 410 861 447; x_wconf 76' lang='grc' dir='ltr'>βρώσεως</span> <span class='ocrx_word' id='word_1_48' title='bbox 880 417 910 436; x_wconf 82' lang='grc' dir='ltr'><strong>τε</strong></span> 
     </span>
    </p>
   </div>
   <div class='ocr_carea' id='block_1_8' title="bbox 122 456 912 498">
    <p class='ocr_par' dir='ltr' id='par_1_8' title="bbox 122 456 912 498">
     <span class='ocr_line' id='line_1_8' title="bbox 122 456 912 498; baseline -0.014 -6"><span class='ocrx_word' id='word_1_49' title='bbox 122 466 170 492; x_wconf 76' lang='grc' dir='ltr'>καὶ</span> <span class='ocrx_word' id='word_1_50' title='bbox 191 465 308 495; x_wconf 79' lang='grc' dir='ltr'><strong>πόσεως,</strong></span> <span class='ocrx_word' id='word_1_51' title='bbox 324 464 340 498; x_wconf 90' lang='grc' dir='ltr'>ὴ</span> <span class='ocrx_word' id='word_1_52' title='bbox 359 463 387 489; x_wconf 82' lang='grc' dir='ltr'><strong>δὲ</strong></span> <span class='ocrx_word' id='word_1_53' title='bbox 403 461 448 488; x_wconf 80' lang='grc' dir='ltr'>διὰ</span> <span class='ocrx_word' id='word_1_54' title='bbox 470 462 519 496; x_wconf 75' lang='grc' dir='ltr'><strong>τῆς</strong></span> <span class='ocrx_word' id='word_1_55' title='bbox 544 460 590 486; x_wconf 77' lang='grc' dir='ltr'>τοῦ</span> <span class='ocrx_word' id='word_1_56' title='bbox 615 460 694 494; x_wconf 83' lang='grc' dir='ltr'>ἀέρος</span> <span class='ocrx_word' id='word_1_57' title='bbox 711 458 793 492; x_wconf 75' lang='grc' dir='ltr'>ὁλκῆς</span> <span class='ocrx_word' id='word_1_58' title='bbox 809 465 838 482; x_wconf 89' lang='grc' dir='ltr'><strong>τε</strong></span> <span class='ocrx_word' id='word_1_59' title='bbox 865 456 912 482; x_wconf 68' lang='grc' dir='ltr'>καὶ</span> 
     </span>
    </p>
   </div>
   <div class='ocr_carea' id='block_1_9' title="bbox 122 503 912 545">
    <p class='ocr_par' dir='ltr' id='par_1_9' title="bbox 122 503 912 545">
     <span class='ocr_line' id='line_1_9' title="bbox 122 503 912 545; baseline -0.013 -7"><span class='ocrx_word' id='word_1_60' title='bbox 122 511 324 545; x_wconf 67' lang='grc' dir='ltr'>ἀποποιήσεως,</span> <span class='ocrx_word' id='word_1_61' title='bbox 344 506 381 535; x_wconf 82' lang='grc' dir='ltr'>ὧν</span> <span class='ocrx_word' id='word_1_62' title='bbox 398 508 462 535; x_wconf 85' lang='grc' dir='ltr'>ἄνευ</span> <span class='ocrx_word' id='word_1_63' title='bbox 479 509 495 542; x_wconf 83' lang='grc' dir='ltr'>ὴ</span> <span class='ocrx_word' id='word_1_64' title='bbox 513 506 582 533; x_wconf 79' lang='grc' dir='ltr'>κατὰ</span> <span class='ocrx_word' id='word_1_65' title='bbox 603 506 691 541; x_wconf 86' lang='grc' dir='ltr'>σάρκα</span> <span class='ocrx_word' id='word_1_66' title='bbox 705 504 761 539; x_wconf 85' lang='grc' dir='ltr'>ζωὴ</span> <span class='ocrx_word' id='word_1_67' title='bbox 783 503 912 537; x_wconf 79' lang='grc' dir='ltr'><strong>συστῆναι</strong></span> 
     </span>
    </p>
   </div>
   <div class='ocr_carea' id='block_1_10' title="bbox 124 549 914 593">
    <p class='ocr_par' dir='ltr' id='par_1_10' title="bbox 124 549 914 593">
     <span class='ocr_line' id='line_1_10' title="bbox 124 549 914 593; baseline -0.013 -9"><span class='ocrx_word' id='word_1_68' title='bbox 124 558 206 593; x_wconf 77' lang='grc' dir='ltr'>φύσιν</span> <span class='ocrx_word' id='word_1_69' title='bbox 218 557 269 583; x_wconf 84' lang='grc' dir='ltr'><strong>οὐκ</strong></span> <span class='ocrx_word' id='word_1_70' title='bbox 282 556 347 591; x_wconf 80' lang='grc' dir='ltr'>ἔχει.</span> <span class='ocrx_word' id='word_1_71' title='bbox 364 555 430 581; x_wconf 83' lang='grc' dir='ltr'>Τότε</span> <span class='ocrx_word' id='word_1_72' title='bbox 444 553 497 589; x_wconf 82' lang='grc' dir='ltr'>γὰρ</span> <span class='ocrx_word' id='word_1_73' title='bbox 517 553 563 579; x_wconf 75' lang='grc' dir='ltr'>τοῦ</span> <span class='ocrx_word' id='word_1_74' title='bbox 578 552 628 587; x_wconf 79' lang='grc' dir='ltr'><strong>ζῇν</strong></span> <span class='ocrx_word' id='word_1_75' title='bbox 641 553 655 578; x_wconf 85' lang='grc' dir='ltr'>ὁ</span> <span class='ocrx_word' id='word_1_76' title='bbox 670 550 811 586; x_wconf 79' lang='grc' dir='ltr'>ἄνθρωπος</span> <span class='ocrx_word' id='word_1_77' title='bbox 831 549 914 576; x_wconf 82' lang='grc' dir='ltr'>παύε-</span> 
     </span>
    </p>
   </div>
   <div class='ocr_carea' id='block_1_11' title="bbox 124 594 915 637">
    <p class='ocr_par' dir='ltr' id='par_1_11' title="bbox 124 594 915 637">
     <span class='ocr_line' id='line_1_11' title="bbox 124 594 915 637; baseline -0.014 -6"><span class='ocrx_word' id='word_1_78' title='bbox 124 613 181 635; x_wconf 85' lang='grc' dir='ltr'>ται,</span> <span class='ocrx_word' id='word_1_79' title='bbox 198 603 262 630; x_wconf 70' lang='grc' dir='ltr'>ὃταν</span> <span class='ocrx_word' id='word_1_80' title='bbox 283 603 301 637; x_wconf 84' lang='grc' dir='ltr'>ἡ</span> <span class='ocrx_word' id='word_1_81' title='bbox 317 601 371 627; x_wconf 68' lang='grc' dir='ltr'><strong>τῶν</strong></span> <span class='ocrx_word' id='word_1_82' title='bbox 396 599 525 626; x_wconf 72' lang='grc' dir='ltr'>ἐναντίων</span> <span class='ocrx_word' id='word_1_83' title='bbox 551 598 654 624; x_wconf 84' lang='grc' dir='ltr'>τούτων</span> <span class='ocrx_word' id='word_1_84' title='bbox 680 596 788 631; x_wconf 82' lang='grc' dir='ltr'>διαδοχὴ</span> <span class='ocrx_word' id='word_1_85' title='bbox 817 594 915 630; x_wconf 85' lang='grc' dir='ltr'>μηκέτι</span> 
     </span>
    </p>
   </div>
   <div class='ocr_carea' id='block_1_12' title="bbox 125 640 914 684">
    <p class='ocr_par' dir='ltr' id='par_1_12' title="bbox 125 640 914 684">
     <span class='ocr_line' id='line_1_12' title="bbox 125 640 914 684; baseline -0.014 -8"><span class='ocrx_word' id='word_1_86' title='bbox 125 649 217 684; x_wconf 83' lang='grc' dir='ltr'>διοχλῇ</span> <span class='ocrx_word' id='word_1_87' title='bbox 230 648 280 683; x_wconf 87' lang='grc' dir='ltr'><strong>τὴν</strong></span> <span class='ocrx_word' id='word_1_88' title='bbox 299 648 389 681; x_wconf 82' lang='grc' dir='ltr'>φύσιν.</span> <span class='ocrx_word' id='word_1_89' title='bbox 408 646 530 672; x_wconf 85' lang='grc' dir='ltr'>Ἴσταται</span> <span class='ocrx_word' id='word_1_90' title='bbox 546 643 600 678; x_wconf 83' lang='grc' dir='ltr'>γὰρ</span> <span class='ocrx_word' id='word_1_91' title='bbox 616 642 684 678; x_wconf 78' lang='grc' dir='ltr'>μετὰ</span> <span class='ocrx_word' id='word_1_92' title='bbox 698 641 776 668; x_wconf 74' lang='grc' dir='ltr'>τοῦτο</span> <span class='ocrx_word' id='word_1_93' title='bbox 800 640 914 667; x_wconf 75' lang='grc' dir='ltr'>καθόλου</span> 
     </span>
    </p>
   </div>
   <div class='ocr_carea' id='block_1_13' title="bbox 126 688 915 730">
    <p class='ocr_par' dir='ltr' id='par_1_13' title="bbox 126 688 915 730">
     <span class='ocr_line' id='line_1_13' title="bbox 126 688 915 730; baseline -0.013 -9"><span class='ocrx_word' id='word_1_94' title='bbox 126 695 144 730; x_wconf 87' lang='grc' dir='ltr'>ἠ</span> <span class='ocrx_word' id='word_1_95' title='bbox 155 694 266 728; x_wconf 84' lang='grc' dir='ltr'>τοιαύτη</span> <span class='ocrx_word' id='word_1_96' title='bbox 278 693 410 728; x_wconf 77' lang='grc' dir='ltr'>ἐνέργεια,</span> <span class='ocrx_word' id='word_1_97' title='bbox 421 690 526 721; x_wconf 78' lang='grc' dir='ltr'>οὐδενὸς</span> <span class='ocrx_word' id='word_1_98' title='bbox 534 690 588 716; x_wconf 79' lang='grc' dir='ltr'><strong>τῶν</strong></span> <span class='ocrx_word' id='word_1_99' title='bbox 598 688 697 722; x_wconf 74' lang='grc' dir='ltr'>ἔξωθεν</span> <span class='ocrx_word' id='word_1_100' title='bbox 709 688 737 713; x_wconf 79' lang='grc' dir='ltr'>ὲν</span> <span class='ocrx_word' id='word_1_101' title='bbox 748 688 803 717; x_wconf 84' lang='grc' dir='ltr'>τοῖς</span> <span class='ocrx_word' id='word_1_102' title='bbox 813 695 915 720; x_wconf 87' lang='grc' dir='ltr'>νεκρω-</span> 
     </span>
    </p>
   </div>
   <div class='ocr_carea' id='block_1_14' title="bbox 127 731 915 773">
    <p class='ocr_par' dir='ltr' id='par_1_14' title="bbox 127 731 915 773">
     <span class='ocr_line' id='line_1_14' title="bbox 127 731 915 773; baseline -0.013 -6"><span class='ocrx_word' id='word_1_103' title='bbox 127 741 213 767; x_wconf 80' lang='grc' dir='ltr'>θεῖσιν</span> <span class='ocrx_word' id='word_1_104' title='bbox 228 739 289 766; x_wconf 75' lang='grc' dir='ltr'>οὗτε</span> <span class='ocrx_word' id='word_1_105' title='bbox 305 738 465 773; x_wconf 82' lang='grc' dir='ltr'>είσρέοντος,</span> <span class='ocrx_word' id='word_1_106' title='bbox 477 735 539 761; x_wconf 69' lang='grc' dir='ltr'>οὔτε</span> <span class='ocrx_word' id='word_1_107' title='bbox 550 734 757 769; x_wconf 75' lang='grc' dir='ltr'>ἀπογινομένου,</span> <span class='ocrx_word' id='word_1_108' title='bbox 771 732 837 759; x_wconf 67' lang='grc' dir='ltr'>ἀλλὰ</span> <span class='ocrx_word' id='word_1_109' title='bbox 849 731 915 766; x_wconf 69' lang='grc' dir='ltr'>πρδς</span> 
     </span>
    </p>
   </div>
   <div class='ocr_carea' id='block_1_15' title="bbox 128 777 919 818">
    <p class='ocr_par' dir='ltr' id='par_1_15' title="bbox 128 777 919 818">
     <span class='ocr_line' id='line_1_15' title="bbox 128 777 919 818; baseline -0.011 -7"><span class='ocrx_word' id='word_1_110' title='bbox 128 784 163 811; x_wconf 70' lang='grc' dir='ltr'>τὰ</span> <span class='ocrx_word' id='word_1_111' title='bbox 180 783 298 818; x_wconf 85' lang='grc' dir='ltr'>συγγενῆ</span> <span class='ocrx_word' id='word_1_112' title='bbox 316 783 433 817; x_wconf 86' lang='grc' dir='ltr'>στοιχεῖα</span> <span class='ocrx_word' id='word_1_113' title='bbox 449 780 494 808; x_wconf 83' lang='grc' dir='ltr'>τοῦ</span> <span class='ocrx_word' id='word_1_114' title='bbox 506 781 536 806; x_wconf 83' lang='grc' dir='ltr'>ὲκ</span> <span class='ocrx_word' id='word_1_115' title='bbox 549 779 650 806; x_wconf 83' lang='grc' dir='ltr'>τούτων</span> <span class='ocrx_word' id='word_1_116' title='bbox 665 778 856 813; x_wconf 77' lang='grc' dir='ltr'>συνεστηκότος</span> <span class='ocrx_word' id='word_1_117' title='bbox 868 777 919 803; x_wconf 87' lang='grc' dir='ltr'><strong>σώ-</strong></span> 
     </span>
    </p>
   </div>
   <div class='ocr_carea' id='block_1_16' title="bbox 131 823 921 866">
    <p class='ocr_par' dir='ltr' id='par_1_16' title="bbox 131 823 921 866">
     <span class='ocr_line' id='line_1_16' title="bbox 131 823 921 866; baseline -0.011 -8"><span class='ocrx_word' id='word_1_118' title='bbox 131 839 217 866; x_wconf 86' lang='grc' dir='ltr'>ματος</span> <span class='ocrx_word' id='word_1_119' title='bbox 235 829 419 865; x_wconf 68' lang='grc' dir='ltr'>διακμθέντος</span> <span class='ocrx_word' id='word_1_120' title='bbox 437 827 485 855; x_wconf 68' lang='grc' dir='ltr'><strong>καὶ</strong></span> <span class='ocrx_word' id='word_1_121' title='bbox 499 826 692 857; x_wconf 84' lang='grc' dir='ltr'>ἀναλύσαντος,</span> <span class='ocrx_word' id='word_1_122' title='bbox 706 826 806 861; x_wconf 70' lang='grc' dir='ltr'>ἠρεμεῖ</span> <span class='ocrx_word' id='word_1_123' title='bbox 819 824 849 850; x_wconf 76' lang='grc' dir='ltr'><strong>τὸ</strong></span> <span class='ocrx_word' id='word_1_124' title='bbox 865 823 921 849; x_wconf 81' lang='grc' dir='ltr'>λοι-</span> 
     </span>
    </p>
   </div>
   <div class='ocr_carea' id='block_1_17' title="bbox 130 870 921 912">
    <p class='ocr_par' dir='ltr' id='par_1_17' title="bbox 130 870 921 912">
     <span class='ocr_line' id='line_1_17' title="bbox 130 870 921 912; baseline -0.011 -8"><span class='ocrx_word' id='word_1_125' title='bbox 130 878 182 904; x_wconf 70' lang='grc' dir='ltr'>πὸν</span> <span class='ocrx_word' id='word_1_126' title='bbox 198 877 232 904; x_wconf 87' lang='grc' dir='ltr'>δι’</span> <span class='ocrx_word' id='word_1_127' title='bbox 248 875 362 912; x_wconf 76' lang='grc' dir='ltr'><strong>ἡσυχίας</strong></span> <span class='ocrx_word' id='word_1_128' title='bbox 375 876 392 910; x_wconf 85' lang='grc' dir='ltr'>ἡ</span> <span class='ocrx_word' id='word_1_129' title='bbox 410 874 499 909; x_wconf 75' lang='grc' dir='ltr'>φύσις,</span> <span class='ocrx_word' id='word_1_130' title='bbox 523 873 561 908; x_wconf 88' lang='grc' dir='ltr'>τῷ</span> <span class='ocrx_word' id='word_1_131' title='bbox 577 871 669 907; x_wconf 83' lang='grc' dir='ltr'>οἰκείῳ</span> <span class='ocrx_word' id='word_1_132' title='bbox 690 870 813 906; x_wconf 84' lang='grc' dir='ltr'>στοιχείῳ</span> <span class='ocrx_word' id='word_1_133' title='bbox 838 877 921 905; x_wconf 79' lang='grc' dir='ltr'>προσ-</span> 
     </span>
    </p>
   </div>
   <div class='ocr_carea' id='block_1_18' title="bbox 131 914 922 953">
    <p class='ocr_par' dir='ltr' id='par_1_18' title="bbox 131 914 922 953">
     <span class='ocr_line' id='line_1_18' title="bbox 131 914 922 953; baseline -0.014 -3"><span class='ocrx_word' id='word_1_134' title='bbox 131 922 312 950; x_wconf 86' lang='grc' dir='ltr'>αναπαύσασα</span> <span class='ocrx_word' id='word_1_135' title='bbox 330 921 361 946; x_wconf 83' lang='grc' dir='ltr'>τὸ</span> <span class='ocrx_word' id='word_1_136' title='bbox 389 919 518 953; x_wconf 83' lang='grc' dir='ltr'>συγγενὲς</span> <span class='ocrx_word' id='word_1_137' title='bbox 539 917 587 944; x_wconf 75' lang='lat' dir='ltr'><strong>xal.</strong></span> <span class='ocrx_word' id='word_1_138' title='bbox 607 917 752 952; x_wconf 82' lang='grc' dir='ltr'>ὁμόφυλον,</span> <span class='ocrx_word' id='word_1_139' title='bbox 778 917 811 950; x_wconf 83' lang='grc' dir='ltr'>τῇ</span> <span class='ocrx_word' id='word_1_140' title='bbox 834 916 869 949; x_wconf 84' lang='grc' dir='ltr'>γῇ</span> <span class='ocrx_word' id='word_1_141' title='bbox 892 914 922 940; x_wconf 74' lang='grc' dir='ltr'>τὸ</span> 
     </span>
    </p>
   </div>
   <div class='ocr_carea' id='block_1_19' title="bbox 132 962 921 1004">
    <p class='ocr_par' dir='ltr' id='par_1_19' title="bbox 132 962 921 1004">
     <span class='ocr_line' id='line_1_19' title="bbox 132 962 921 1004; baseline -0.013 -8"><span class='ocrx_word' id='word_1_142' title='bbox 132 969 244 1004; x_wconf 83' lang='grc' dir='ltr'><strong>γεῶδες,</strong></span> <span class='ocrx_word' id='word_1_143' title='bbox 257 967 304 994; x_wconf 76' lang='grc' dir='ltr'>καὶ</span> <span class='ocrx_word' id='word_1_144' title='bbox 317 966 356 1001; x_wconf 83' lang='grc' dir='ltr'>τῷ</span> <span class='ocrx_word' id='word_1_145' title='bbox 368 966 429 1001; x_wconf 83' lang='grc' dir='ltr'>ἀέρι</span> <span class='ocrx_word' id='word_1_146' title='bbox 442 965 472 991; x_wconf 80' lang='grc' dir='ltr'><strong>τὸ</strong></span> <span class='ocrx_word' id='word_1_147' title='bbox 483 964 558 996; x_wconf 62' lang='grc' dir='ltr'>ὤιον,</span> <span class='ocrx_word' id='word_1_148' title='bbox 571 964 617 991; x_wconf 79' lang='grc' dir='ltr'>καὶ</span> <span class='ocrx_word' id='word_1_149' title='bbox 631 963 670 997; x_wconf 86' lang='grc' dir='ltr'>τῷ</span> <span class='ocrx_word' id='word_1_150' title='bbox 685 962 760 997; x_wconf 85' lang='grc' dir='ltr'>ὑγρῷ</span> <span class='ocrx_word' id='word_1_151' title='bbox 772 962 801 988; x_wconf 72' lang='grc' dir='ltr'>τὸ</span> <span class='ocrx_word' id='word_1_152' title='bbox 813 962 921 992; x_wconf 73' lang='grc' dir='ltr'>οἰκεῖον,</span> 
     </span>
    </p>
   </div>
   <div class='ocr_carea' id='block_1_20' title="bbox 133 1006 923 1050">
    <p class='ocr_par' dir='ltr' id='par_1_20' title="bbox 133 1006 923 1050">
     <span class='ocr_line' id='line_1_20' title="bbox 133 1006 923 1050; baseline -0.014 -8"><span class='ocrx_word' id='word_1_153' title='bbox 133 1015 182 1042; x_wconf 76' lang='grc' dir='ltr'><strong>καὶ</strong></span> <span class='ocrx_word' id='word_1_154' title='bbox 196 1013 235 1050; x_wconf 85' lang='grc' dir='ltr'>τῷ</span> <span class='ocrx_word' id='word_1_155' title='bbox 249 1013 344 1048; x_wconf 86' lang='grc' dir='ltr'>θερμῷ</span> <span class='ocrx_word' id='word_1_156' title='bbox 353 1012 383 1039; x_wconf 86' lang='grc' dir='ltr'><strong>τὸ</strong></span> <span class='ocrx_word' id='word_1_157' title='bbox 397 1010 575 1045; x_wconf 77' lang='grc' dir='ltr'>κατάλληλον.</span> <span class='ocrx_word' id='word_1_158' title='bbox 592 1009 699 1043; x_wconf 81' lang='grc' dir='ltr'>Μηκέτι</span> <span class='ocrx_word' id='word_1_159' title='bbox 713 1008 767 1042; x_wconf 86' lang='grc' dir='ltr'>γὰρ</span> <span class='ocrx_word' id='word_1_160' title='bbox 780 1006 827 1033; x_wconf 82' lang='grc' dir='ltr'>τοῦ</span> <span class='ocrx_word' id='word_1_161' title='bbox 841 1006 923 1039; x_wconf 76' lang='grc' dir='ltr'>ὄγκου</span> 
     </span>
    </p>
   </div>
   <div class='ocr_carea' id='block_1_21' title="bbox 134 1052 925 1093">
    <p class='ocr_par' dir='ltr' id='par_1_21' title="bbox 134 1052 925 1093">
     <span class='ocr_line' id='line_1_21' title="bbox 134 1052 925 1093; baseline -0.011 -7"><span class='ocrx_word' id='word_1_162' title='bbox 134 1059 182 1086; x_wconf 80' lang='grc' dir='ltr'>τοῦ</span> <span class='ocrx_word' id='word_1_163' title='bbox 196 1060 228 1085; x_wconf 77' lang='grc' dir='ltr'>ἐκ</span> <span class='ocrx_word' id='word_1_164' title='bbox 244 1058 299 1085; x_wconf 82' lang='grc' dir='ltr'><strong>τῶν</strong></span> <span class='ocrx_word' id='word_1_165' title='bbox 319 1056 484 1093; x_wconf 79' lang='grc' dir='ltr'>ἑτερογενῶν</span> <span class='ocrx_word' id='word_1_166' title='bbox 499 1054 703 1090; x_wconf 77' lang='grc' dir='ltr'>συνεστηκότος,</span> <span class='ocrx_word' id='word_1_167' title='bbox 720 1053 815 1088; x_wconf 80' lang='grc' dir='ltr'>βιαίως</span> <span class='ocrx_word' id='word_1_168' title='bbox 828 1061 857 1078; x_wconf 83' lang='grc' dir='ltr'><strong>τε</strong></span> <span class='ocrx_word' id='word_1_169' title='bbox 878 1052 925 1077; x_wconf 74' lang='grc' dir='ltr'>καὶ</span> 
     </span>
    </p>
   </div>
   <div class='ocr_carea' id='block_1_22' title="bbox 136 1098 927 1140">
    <p class='ocr_par' dir='ltr' id='par_1_22' title="bbox 136 1098 927 1140">
     <span class='ocr_line' id='line_1_22' title="bbox 136 1098 927 1140; baseline -0.013 -8"><span class='ocrx_word' id='word_1_170' title='bbox 136 1104 407 1140; x_wconf 81' lang='grc' dir='ltr'>κατηναγκασμένως</span> <span class='ocrx_word' id='word_1_171' title='bbox 423 1101 681 1137; x_wconf 78' lang='grc' dir='ltr'>συμπεπλεγμένου,</span> <span class='ocrx_word' id='word_1_172' title='bbox 698 1098 765 1125; x_wconf 79' lang='grc' dir='ltr'>ἀλλὰ</span> <span class='ocrx_word' id='word_1_173' title='bbox 778 1098 839 1125; x_wconf 82' lang='grc' dir='ltr'>κατ’</span> <span class='ocrx_word' id='word_1_174' title='bbox 855 1098 927 1130; x_wconf 76' lang='grc' dir='ltr'>ἐξου-</span> 
     </span>
    </p>
   </div>
   <div class='ocr_carea' id='block_1_23' title="bbox 137 1144 928 1183">
    <p class='ocr_par' dir='ltr' id='par_1_23' title="bbox 137 1144 928 1183">
     <span class='ocr_line' id='line_1_23' title="bbox 137 1144 928 1183; baseline -0.014 -3"><span class='ocrx_word' id='word_1_175' title='bbox 137 1153 200 1179; x_wconf 78' lang='grc' dir='ltr'>σίαν</span> <span class='ocrx_word' id='word_1_176' title='bbox 217 1151 332 1178; x_wconf 75' lang='grc' dir='ltr'>ἑκάστου</span> <span class='ocrx_word' id='word_1_177' title='bbox 354 1149 407 1176; x_wconf 88' lang='grc' dir='ltr'><strong>τῶν</strong></span> <span class='ocrx_word' id='word_1_178' title='bbox 425 1149 453 1175; x_wconf 83' lang='grc' dir='ltr'>ἐν</span> <span class='ocrx_word' id='word_1_179' title='bbox 476 1149 541 1183; x_wconf 83' lang='grc' dir='ltr'>ἡμῖν</span> <span class='ocrx_word' id='word_1_180' title='bbox 561 1147 628 1183; x_wconf 83' lang='grc' dir='ltr'>πρὸς</span> <span class='ocrx_word' id='word_1_181' title='bbox 644 1146 693 1181; x_wconf 84' lang='grc' dir='ltr'>τὴν</span> <span class='ocrx_word' id='word_1_182' title='bbox 717 1145 820 1172; x_wconf 79' lang='grc' dir='ltr'>οἰκείαν</span> <span class='ocrx_word' id='word_1_183' title='bbox 835 1144 928 1170; x_wconf 76' lang='grc' dir='ltr'>ἑστίαν</span> 
     </span>
    </p>
   </div>
   <div class='ocr_carea' id='block_1_24' title="bbox 137 1190 929 1229">
    <p class='ocr_par' dir='ltr' id='par_1_24' title="bbox 137 1190 929 1229">
     <span class='ocr_line' id='line_1_24' title="bbox 137 1190 929 1229; baseline -0.014 -4"><span class='ocrx_word' id='word_1_184' title='bbox 137 1198 342 1229; x_wconf 74' lang='grc' dir='ltr'>ἐπανελθόντος,</span> <span class='ocrx_word' id='word_1_185' title='bbox 366 1195 482 1222; x_wconf 88' lang='grc' dir='ltr'>παύεται</span> <span class='ocrx_word' id='word_1_186' title='bbox 506 1193 559 1221; x_wconf 78' lang='grc' dir='ltr'>ἀπὸ</span> <span class='ocrx_word' id='word_1_187' title='bbox 588 1192 684 1219; x_wconf 82' lang='grc' dir='ltr'>τούτου</span> <span class='ocrx_word' id='word_1_188' title='bbox 705 1192 721 1226; x_wconf 81' lang='grc' dir='ltr'>ἡ</span> <span class='ocrx_word' id='word_1_189' title='bbox 747 1190 837 1225; x_wconf 79' lang='grc' dir='ltr'>φύσις,</span> <span class='ocrx_word' id='word_1_190' title='bbox 867 1198 929 1215; x_wconf 80' lang='grc' dir='ltr'>συν-</span> 
     </span>
    </p>
   </div>
   <div class='ocr_carea' id='block_1_25' title="bbox 140 1234 927 1279">
    <p class='ocr_par' dir='ltr' id='par_1_25' title="bbox 140 1234 927 1279">
     <span class='ocr_line' id='line_1_25' title="bbox 140 1234 927 1279; baseline -0.015 -8"><span class='ocrx_word' id='word_1_191' title='bbox 140 1245 243 1279; x_wconf 80' lang='grc' dir='ltr'>έχουσα</span> <span class='ocrx_word' id='word_1_192' title='bbox 253 1242 348 1278; x_wconf 83' lang='grc' dir='ltr'>βιαίως</span> <span class='ocrx_word' id='word_1_193' title='bbox 362 1241 391 1267; x_wconf 85' lang='grc' dir='ltr'>ὲν</span> <span class='ocrx_word' id='word_1_194' title='bbox 404 1241 472 1275; x_wconf 78' lang='grc' dir='ltr'>αὐτῇ</span> <span class='ocrx_word' id='word_1_195' title='bbox 483 1239 537 1265; x_wconf 80' lang='grc' dir='ltr'><strong>τῶν</strong></span> <span class='ocrx_word' id='word_1_196' title='bbox 545 1237 700 1272; x_wconf 72' lang='grc' dir='ltr'>ἀλλοφύλων</span> <span class='ocrx_word' id='word_1_197' title='bbox 714 1235 762 1271; x_wconf 86' lang='grc' dir='ltr'>τὴν</span> <span class='ocrx_word' id='word_1_198' title='bbox 779 1244 810 1262; x_wconf 90' lang='grc' dir='ltr'><strong>συ</strong></span> <span class='ocrx_word' id='word_1_199' title='bbox 815 1234 927 1270; x_wconf 78' lang='grc' dir='ltr'>μφυῖαν.</span> 
     </span>
    </p>
   </div>
   <div class='ocr_carea' id='block_1_26' title="bbox 139 1278 931 1319">
    <p class='ocr_par' dir='ltr' id='par_1_26' title="bbox 139 1278 931 1319">
     <span class='ocr_line' id='line_1_26' title="bbox 139 1278 931 1319; baseline -0.014 -4"><span class='ocrx_word' id='word_1_200' title='bbox 191 1288 220 1314; x_wconf 84' lang='grc' dir='ltr'><strong>δέ</strong></span> <span class='ocrx_word' id='word_1_201' title='bbox 231 1295 273 1319; x_wconf 88' lang='grc' dir='ltr'><strong>τις</strong></span> <span class='ocrx_word' id='word_1_202' title='bbox 287 1286 334 1313; x_wconf 72' lang='grc' dir='ltr'><strong>καὶ</strong></span> <span class='ocrx_word' id='word_1_203' title='bbox 351 1285 396 1312; x_wconf 82' lang='grc' dir='ltr'><strong>τὸν</strong></span> <span class='ocrx_word' id='word_1_204' title='bbox 411 1285 503 1315; x_wconf 71' lang='grc' dir='ltr'>ὕπνον,</span> <span class='ocrx_word' id='word_1_205' title='bbox 520 1283 566 1309; x_wconf 80' lang='grc' dir='ltr'>καὶ</span> <span class='ocrx_word' id='word_1_206' title='bbox 582 1282 629 1317; x_wconf 82' lang='grc' dir='ltr'>τὴν</span> <span class='ocrx_word' id='word_1_207' title='bbox 645 1281 808 1316; x_wconf 73' lang='grc' dir='ltr'>ἐγρήγορσιν</span> <span class='ocrx_word' id='word_1_208' title='bbox 824 1279 891 1314; x_wconf 82' lang='grc' dir='ltr'>πρὸς</span> <span class='ocrx_word' id='word_1_209' title='bbox 901 1278 931 1305; x_wconf 84' lang='grc' dir='ltr'><strong>τὸ</strong></span> 
     </span>
    </p>
   </div>
   <div class='ocr_carea' id='block_1_27' title="bbox 138 1325 932 1369">
    <p class='ocr_par' dir='ltr' id='par_1_27' title="bbox 138 1325 932 1369">
     <span class='ocr_line' id='line_1_27' title="bbox 138 1325 932 1369; baseline -0.015 -8"><span class='ocrx_word' id='word_1_210' title='bbox 138 1334 190 1369; x_wconf 79' lang='grc' dir='ltr'><strong>τῆς</strong></span> <span class='ocrx_word' id='word_1_211' title='bbox 206 1333 279 1368; x_wconf 84' lang='grc' dir='ltr'><strong>ζωῆς</strong></span> <span class='ocrx_word' id='word_1_212' title='bbox 297 1330 399 1365; x_wconf 84' lang='grc' dir='ltr'>ταύτης</span> <span class='ocrx_word' id='word_1_213' title='bbox 423 1327 492 1360; x_wconf 78' lang='grc' dir='ltr'>εἶδος</span> <span class='ocrx_word' id='word_1_214' title='bbox 512 1327 579 1364; x_wconf 85' lang='grc' dir='ltr'>μετὰ</span> <span class='ocrx_word' id='word_1_215' title='bbox 594 1327 649 1353; x_wconf 82' lang='grc' dir='ltr'><strong>τῶν</strong></span> <span class='ocrx_word' id='word_1_216' title='bbox 669 1325 822 1361; x_wconf 77' lang='grc' dir='ltr'>εἰρημένων</span> <span class='ocrx_word' id='word_1_217' title='bbox 843 1332 932 1359; x_wconf 81' lang='grc' dir='ltr'>παρα-</span> 
     </span>
    </p>
   </div>
   <div class='ocr_carea' id='block_1_28' title="bbox 139 1370 933 1415">
    <p class='ocr_par' dir='ltr' id='par_1_28' title="bbox 139 1370 933 1415">
     <span class='ocr_line' id='line_1_28' title="bbox 139 1370 933 1415; baseline -0.015 -9"><span class='ocrx_word' id='word_1_218' title='bbox 139 1379 288 1415; x_wconf 72' lang='grc' dir='ltr'>λαμϐάνει,</span> <span class='ocrx_word' id='word_1_219' title='bbox 301 1377 351 1403; x_wconf 84' lang='grc' dir='ltr'><strong>οὐκ</strong></span> <span class='ocrx_word' id='word_1_220' title='bbox 376 1375 427 1408; x_wconf 74' lang='grc' dir='ltr'><strong>ἔξω</strong></span> <span class='ocrx_word' id='word_1_221' title='bbox 443 1375 494 1410; x_wconf 76' lang='grc' dir='ltr'><strong>τῆς</strong></span> <span class='ocrx_word' id='word_1_222' title='bbox 512 1373 640 1409; x_wconf 83' lang='grc' dir='ltr'>ἀληθείας</span> <span class='ocrx_word' id='word_1_223' title='bbox 657 1372 704 1398; x_wconf 80' lang='grc' dir='ltr'>τὸν</span> <span class='ocrx_word' id='word_1_224' title='bbox 721 1371 798 1404; x_wconf 64' lang='grc' dir='ltr'>λέγον</span> <span class='ocrx_word' id='word_1_225' title='bbox 820 1370 933 1404; x_wconf 83' lang='grc' dir='ltr'>ποιήσε-</span> 
     </span>
    </p>
   </div>
   <div class='ocr_carea' id='block_1_29' title="bbox 141 1417 935 1460">
    <p class='ocr_par' dir='ltr' id='par_1_29' title="bbox 141 1417 935 1460">
     <span class='ocr_line' id='line_1_29' title="bbox 141 1417 935 1460; baseline -0.015 -6"><span class='ocrx_word' id='word_1_226' title='bbox 141 1435 198 1454; x_wconf 71' lang='grc' dir='ltr'>ται.</span> <span class='ocrx_word' id='word_1_227' title='bbox 214 1425 322 1460; x_wconf 81' lang='grc' dir='ltr'>Κάμνει</span> <span class='ocrx_word' id='word_1_228' title='bbox 340 1423 393 1459; x_wconf 80' lang='grc' dir='ltr'>γὰρ</span> <span class='ocrx_word' id='word_1_229' title='bbox 414 1422 462 1449; x_wconf 73' lang='grc' dir='ltr'>καὶ</span> <span class='ocrx_word' id='word_1_230' title='bbox 476 1421 520 1448; x_wconf 78' lang='grc' dir='ltr'><strong>διὰ</strong></span> <span class='ocrx_word' id='word_1_231' title='bbox 541 1421 643 1448; x_wconf 84' lang='grc' dir='ltr'>τούτων</span> <span class='ocrx_word' id='word_1_232' title='bbox 658 1421 674 1455; x_wconf 87' lang='grc' dir='ltr'>ἡ</span> <span class='ocrx_word' id='word_1_233' title='bbox 695 1418 785 1452; x_wconf 79' lang='grc' dir='ltr'>φύσις,</span> <span class='ocrx_word' id='word_1_234' title='bbox 808 1418 852 1445; x_wconf 77' lang='grc' dir='ltr'><strong>ἀεὶ</strong></span> <span class='ocrx_word' id='word_1_235' title='bbox 867 1417 935 1452; x_wconf 75' lang='grc' dir='ltr'>πρὸς</span> 
     </span>
    </p>
   </div>
   <div class='ocr_carea' id='block_1_30' title="bbox 142 1461 936 1504">
    <p class='ocr_par' dir='ltr' id='par_1_30' title="bbox 142 1461 936 1504">
     <span class='ocr_line' id='line_1_30' title="bbox 142 1461 936 1504; baseline -0.015 -5"><span class='ocrx_word' id='word_1_236' title='bbox 142 1472 178 1499; x_wconf 79' lang='grc' dir='ltr'>τὰ</span> <span class='ocrx_word' id='word_1_237' title='bbox 194 1469 303 1498; x_wconf 78' lang='grc' dir='ltr'>ἐναντία</span> <span class='ocrx_word' id='word_1_238' title='bbox 328 1467 523 1504; x_wconf 80' lang='grc' dir='ltr'>μεθελκομένη,</span> <span class='ocrx_word' id='word_1_239' title='bbox 547 1466 594 1492; x_wconf 68' lang='grc' dir='ltr'><strong>καὶ</strong></span> <span class='ocrx_word' id='word_1_240' title='bbox 608 1465 655 1492; x_wconf 81' lang='grc' dir='ltr'>νῦν</span> <span class='ocrx_word' id='word_1_241' title='bbox 682 1464 731 1499; x_wconf 77' lang='grc' dir='ltr'>μὲν</span> <span class='ocrx_word' id='word_1_242' title='bbox 754 1462 871 1497; x_wconf 76' lang='grc' dir='ltr'>λυομένη</span> <span class='ocrx_word' id='word_1_243' title='bbox 897 1461 936 1496; x_wconf 85' lang='grc' dir='ltr'><strong>τῷ</strong></span> 
     </span>
    </p>
   </div>
   <div class='ocr_carea' id='block_1_31' title="bbox 144 1506 971 1551">
    <p class='ocr_par' dir='ltr' id='par_1_31' title="bbox 144 1506 971 1551">
     <span class='ocr_line' id='line_1_31' title="bbox 144 1506 971 1551; baseline -0.015 -8"><span class='ocrx_word' id='word_1_244' title='bbox 144 1517 234 1551; x_wconf 77' lang='grc' dir='ltr'>ὓπνῳ,</span> <span class='ocrx_word' id='word_1_245' title='bbox 250 1515 331 1542; x_wconf 72' lang='grc' dir='ltr'>πάλιν</span> <span class='ocrx_word' id='word_1_246' title='bbox 349 1514 378 1540; x_wconf 79' lang='grc' dir='ltr'><strong>δὲ</strong></span> <span class='ocrx_word' id='word_1_247' title='bbox 394 1512 543 1548; x_wconf 85' lang='grc' dir='ltr'>τονουμένη</span> <span class='ocrx_word' id='word_1_248' title='bbox 561 1511 605 1538; x_wconf 74' lang='grc' dir='ltr'>διὰ</span> <span class='ocrx_word' id='word_1_249' title='bbox 621 1511 669 1545; x_wconf 85' lang='grc' dir='ltr'><strong>τῆς</strong></span> <span class='ocrx_word' id='word_1_250' title='bbox 686 1509 885 1544; x_wconf 76' lang='grc' dir='ltr'>ἐγρηγόρσεως,</span> <span class='ocrx_word' id='word_1_251' title='bbox 903 1506 935 1533; x_wconf 83' lang='grc' dir='ltr'>δι’</span> <span class='ocrx_word' id='word_1_252' title='bbox 950 1519 971 1546; x_wconf 75' lang='lat' dir='ltr'><strong><em>C</em></strong></span> 
     </span>
    </p>
   </div>
   <div class='ocr_carea' id='block_1_32' title="bbox 144 1553 939 1598">
    <p class='ocr_par' dir='ltr' id='par_1_32' title="bbox 144 1553 939 1598">
     <span class='ocr_line' id='line_1_32' title="bbox 144 1553 939 1598; baseline -0.016 -8"><span class='ocrx_word' id='word_1_253' title='bbox 144 1560 185 1590; x_wconf 77' lang='grc' dir='ltr'>ὧν</span> <span class='ocrx_word' id='word_1_254' title='bbox 196 1561 359 1598; x_wconf 82' lang='grc' dir='ltr'>ἀμφοτέρων</span> <span class='ocrx_word' id='word_1_255' title='bbox 373 1559 441 1595; x_wconf 76' lang='grc' dir='ltr'>πρὸς</span> <span class='ocrx_word' id='word_1_256' title='bbox 451 1558 479 1585; x_wconf 75' lang='grc' dir='ltr'>τὲ</span> <span class='ocrx_word' id='word_1_257' title='bbox 493 1556 636 1584; x_wconf 81' lang='grc' dir='ltr'>κενοῦσθαι</span> <span class='ocrx_word' id='word_1_258' title='bbox 649 1556 694 1582; x_wconf 72' lang='grc' dir='ltr'><strong>καὶ</strong></span> <span class='ocrx_word' id='word_1_259' title='bbox 708 1553 876 1589; x_wconf 76' lang='grc' dir='ltr'>πληροῦσθαι</span> <span class='ocrx_word' id='word_1_260' title='bbox 891 1561 939 1578; x_wconf 90' lang='grc' dir='ltr'>πα-</span> 
     </span>
    </p>
   </div>
   <div class='ocr_carea' id='block_1_33' title="bbox 148 1598 939 1646">
    <p class='ocr_par' dir='ltr' id='par_1_33' title="bbox 148 1598 939 1646">
     <span class='ocr_line' id='line_1_33' title="bbox 148 1598 939 1646; baseline -0.018 -9"><span class='ocrx_word' id='word_1_261' title='bbox 148 1608 357 1646; x_wconf 73' lang='grc' dir='ltr'>ρασκευάζεται.</span> <span class='ocrx_word' id='word_1_262' title='bbox 374 1607 405 1633; x_wconf 82' lang='grc' dir='ltr'><strong>Εἰ</strong></span> <span class='ocrx_word' id='word_1_263' title='bbox 415 1605 504 1632; x_wconf 81' lang='grc' dir='ltr'>τοίνυν</span> <span class='ocrx_word' id='word_1_264' title='bbox 516 1601 654 1638; x_wconf 87' lang='grc' dir='ltr'>πλήρωσίς</span> <span class='ocrx_word' id='word_1_265' title='bbox 665 1609 695 1627; x_wconf 89' lang='grc' dir='ltr'><strong>τε</strong></span> <span class='ocrx_word' id='word_1_266' title='bbox 710 1600 754 1627; x_wconf 77' lang='grc' dir='ltr'>καὶ</span> <span class='ocrx_word' id='word_1_267' title='bbox 768 1599 881 1629; x_wconf 80' lang='grc' dir='ltr'>κένωσις</span> <span class='ocrx_word' id='word_1_268' title='bbox 891 1598 939 1633; x_wconf 83' lang='grc' dir='ltr'><strong>τῆς</strong></span> 
     </span>
    </p>
   </div>
   <div class='ocr_carea' id='block_1_34' title="bbox 148 1645 941 1691">
    <p class='ocr_par' dir='ltr' id='par_1_34' title="bbox 148 1645 941 1691">
     <span class='ocr_line' id='line_1_34' title="bbox 148 1645 941 1691; baseline -0.02 -7"><span class='ocrx_word' id='word_1_269' title='bbox 148 1645 223 1691; x_wconf 75' lang='grc' dir='ltr'>ζωῆς</span> <span class='ocrx_word' id='word_1_270' title='bbox 237 1654 315 1690; x_wconf 81' lang='grc' dir='ltr'>ἡμῶν</span> <span class='ocrx_word' id='word_1_271' title='bbox 330 1655 389 1680; x_wconf 83' lang='grc' dir='ltr'>ἐστι</span> <span class='ocrx_word' id='word_1_272' title='bbox 403 1652 434 1678; x_wconf 85' lang='grc' dir='ltr'>τὺ</span> <span class='ocrx_word' id='word_1_273' title='bbox 448 1651 555 1685; x_wconf 80' lang='grc' dir='ltr'>ἰδίωμα,</span> <span class='ocrx_word' id='word_1_274' title='bbox 568 1648 658 1679; x_wconf 82' lang='grc' dir='ltr'>καλῶς</span> <span class='ocrx_word' id='word_1_275' title='bbox 676 1647 708 1674; x_wconf 79' lang='grc' dir='ltr'><strong>ἂν</strong></span> <span class='ocrx_word' id='word_1_276' title='bbox 725 1646 781 1681; x_wconf 78' lang='grc' dir='ltr'>ἔχοι</span> <span class='ocrx_word' id='word_1_277' title='bbox 795 1645 841 1671; x_wconf 82' lang='grc' dir='ltr'><strong>τὸν</strong></span> <span class='ocrx_word' id='word_1_278' title='bbox 856 1645 941 1679; x_wconf 78' lang='grc' dir='ltr'>προῤ-</span> 
     </span>
    </p>
   </div>
   <div class='ocr_carea' id='block_1_35' title="bbox 151 1688 941 1736">
    <p class='ocr_par' dir='ltr' id='par_1_35' title="bbox 151 1688 941 1736">
     <span class='ocr_line' id='line_1_35' title="bbox 151 1688 941 1736; baseline -0.016 -9"><span class='ocrx_word' id='word_1_279' title='bbox 151 1688 269 1736; x_wconf 75' lang='grc' dir='ltr'>ῥηθέντα</span> <span class='ocrx_word' id='word_1_280' title='bbox 286 1698 350 1733; x_wconf 78' lang='grc' dir='ltr'>περὶ</span> <span class='ocrx_word' id='word_1_281' title='bbox 362 1697 412 1732; x_wconf 82' lang='grc' dir='ltr'><strong>τῆς</strong></span> <span class='ocrx_word' id='word_1_282' title='bbox 425 1696 472 1723; x_wconf 81' lang='grc' dir='ltr'><strong>τοῦ</strong></span> <span class='ocrx_word' id='word_1_283' title='bbox 487 1693 571 1722; x_wconf 83' lang='grc' dir='ltr'>καλοῦ</span> <span class='ocrx_word' id='word_1_284' title='bbox 585 1692 701 1728; x_wconf 77' lang='grc' dir='ltr'>κρίσεως</span> <span class='ocrx_word' id='word_1_285' title='bbox 719 1691 879 1726; x_wconf 70' lang='grc' dir='ltr'>χαρακτῆρα</span> <span class='ocrx_word' id='word_1_286' title='bbox 894 1688 941 1714; x_wconf 78' lang='grc' dir='ltr'>νῦν</span> 
     </span>
    </p>
   </div>
   <div class='ocr_carea' id='block_1_36' title="bbox 150 1735 942 1779">
    <p class='ocr_par' dir='ltr' id='par_1_36' title="bbox 150 1735 942 1779">
     <span class='ocr_line' id='line_1_36' title="bbox 150 1735 942 1779; baseline -0.016 -6"><span class='ocrx_word' id='word_1_287' title='bbox 150 1745 327 1779; x_wconf 76' lang='grc' dir='ltr'>ἀντεξετάσαι</span> <span class='ocrx_word' id='word_1_288' title='bbox 340 1744 396 1775; x_wconf 81' lang='grc' dir='ltr'>τοῖς</span> <span class='ocrx_word' id='word_1_289' title='bbox 409 1743 458 1778; x_wconf 86' lang='grc' dir='ltr'><strong>τῆς</strong></span> <span class='ocrx_word' id='word_1_290' title='bbox 477 1741 549 1776; x_wconf 87' lang='grc' dir='ltr'>ζωῆς</span> <span class='ocrx_word' id='word_1_291' title='bbox 572 1739 722 1775; x_wconf 82' lang='grc' dir='ltr'>ἰδιώμασιν,</span> <span class='ocrx_word' id='word_1_292' title='bbox 739 1737 809 1763; x_wconf 81' lang='grc' dir='ltr'>ὥστε</span> <span class='ocrx_word' id='word_1_293' title='bbox 823 1735 942 1762; x_wconf 84' lang='grc' dir='ltr'>κατιδεῖν</span> 
     </span>
    </p>
   </div>
   <div class='ocr_carea' id='block_1_37' title="bbox 152 1779 944 1824">
    <p class='ocr_par' dir='ltr' id='par_1_37' title="bbox 152 1779 944 1824">
     <span class='ocr_line' id='line_1_37' title="bbox 152 1779 944 1824; baseline -0.018 -6"><span class='ocrx_word' id='word_1_294' title='bbox 152 1792 208 1820; x_wconf 82' lang='grc' dir='ltr'>εἴτε</span> <span class='ocrx_word' id='word_1_295' title='bbox 224 1790 255 1817; x_wconf 83' lang='grc' dir='ltr'><strong>τδ</strong></span> <span class='ocrx_word' id='word_1_296' title='bbox 268 1788 394 1824; x_wconf 83' lang='grc' dir='ltr'>ἀληθινόν</span> <span class='ocrx_word' id='word_1_297' title='bbox 409 1788 483 1813; x_wconf 73' lang='grc' dir='ltr'>ἐστιν</span> <span class='ocrx_word' id='word_1_298' title='bbox 499 1785 601 1820; x_wconf 72' lang='grc' dir='ltr'>ἀγαθὸν</span> <span class='ocrx_word' id='word_1_299' title='bbox 619 1785 634 1819; x_wconf 83' lang='grc' dir='ltr'>ἡ</span> <span class='ocrx_word' id='word_1_300' title='bbox 649 1783 705 1817; x_wconf 81' lang='grc' dir='ltr'><strong>ζωὴ</strong></span> <span class='ocrx_word' id='word_1_301' title='bbox 728 1781 808 1816; x_wconf 79' lang='grc' dir='ltr'>αὕτη,</span> <span class='ocrx_word' id='word_1_302' title='bbox 822 1780 875 1806; x_wconf 75' lang='grc' dir='ltr'>εἴτε</span> <span class='ocrx_word' id='word_1_303' title='bbox 897 1779 944 1805; x_wconf 75' lang='grc' dir='ltr'>καὶ</span> 
     </span>
    </p>
   </div>
   <div class='ocr_carea' id='block_1_38' title="bbox 152 1825 945 1870">
    <p class='ocr_par' dir='ltr' id='par_1_38' title="bbox 152 1825 945 1870">
     <span class='ocr_line' id='line_1_38' title="bbox 152 1825 945 1870; baseline -0.016 -7"><span class='ocrx_word' id='word_1_304' title='bbox 152 1836 217 1863; x_wconf 85' lang='grc' dir='ltr'>ἄλλο</span> <span class='ocrx_word' id='word_1_305' title='bbox 229 1844 255 1861; x_wconf 89' lang='grc' dir='ltr'><strong>τι</strong></span> <span class='ocrx_word' id='word_1_306' title='bbox 268 1834 344 1870; x_wconf 76' lang='grc' dir='ltr'>παρὰ</span> <span class='ocrx_word' id='word_1_307' title='bbox 352 1833 440 1860; x_wconf 84' lang='grc' dir='ltr'>τοῦτο.</span> <span class='ocrx_word' id='word_1_308' title='bbox 458 1832 518 1858; x_wconf 79' lang='grc' dir='ltr'>’Ότι</span> <span class='ocrx_word' id='word_1_309' title='bbox 534 1831 583 1866; x_wconf 77' lang='grc' dir='ltr'><strong>μὲν</strong></span> <span class='ocrx_word' id='word_1_310' title='bbox 594 1828 639 1856; x_wconf 76' lang='grc' dir='ltr'><strong>οὖν</strong></span> <span class='ocrx_word' id='word_1_311' title='bbox 657 1828 717 1855; x_wconf 80' lang='grc' dir='ltr'>καθ’</span> <span class='ocrx_word' id='word_1_312' title='bbox 733 1826 831 1861; x_wconf 76' lang='grc' dir='ltr'>ἑαυτὴν</span> <span class='ocrx_word' id='word_1_313' title='bbox 847 1827 864 1861; x_wconf 85' lang='grc' dir='ltr'>ὴ</span> <span class='ocrx_word' id='word_1_314' title='bbox 878 1825 945 1860; x_wconf 73' lang='grc' dir='ltr'>πλήι</span> 
     </span>
    </p>
   </div>
   <div class='ocr_carea' id='block_1_39' title="bbox 153 1872 945 1919">
    <p class='ocr_par' dir='ltr' id='par_1_39' title="bbox 153 1872 945 1919">
     <span class='ocr_line' id='line_1_39' title="bbox 153 1872 945 1919; baseline -0.014 -10"><span class='ocrx_word' id='word_1_315' title='bbox 153 1890 239 1919; x_wconf 87' lang='grc' dir='ltr'>ρωσις</span> <span class='ocrx_word' id='word_1_316' title='bbox 249 1881 299 1908; x_wconf 81' lang='grc' dir='ltr'>οὐκ</span> <span class='ocrx_word' id='word_1_317' title='bbox 315 1880 348 1907; x_wconf 86' lang='grc' dir='ltr'><strong>ἂν</strong></span> <span class='ocrx_word' id='word_1_318' title='bbox 359 1880 471 1910; x_wconf 81' lang='grc' dir='ltr'>εἰκότως</span> <span class='ocrx_word' id='word_1_319' title='bbox 482 1879 510 1907; x_wconf 82' lang='grc' dir='ltr'>ὲν</span> <span class='ocrx_word' id='word_1_320' title='bbox 522 1879 554 1913; x_wconf 87' lang='grc' dir='ltr'>τῇ</span> <span class='ocrx_word' id='word_1_321' title='bbox 572 1876 618 1903; x_wconf 79' lang='grc' dir='ltr'>τοῦ</span> <span class='ocrx_word' id='word_1_322' title='bbox 636 1875 719 1903; x_wconf 82' lang='grc' dir='ltr'>καλοῦ</span> <span class='ocrx_word' id='word_1_323' title='bbox 732 1874 812 1909; x_wconf 85' lang='grc' dir='ltr'>φύσει</span> <span class='ocrx_word' id='word_1_324' title='bbox 826 1872 945 1909; x_wconf 81' lang='grc' dir='ltr'>κριθείη,</span> 
     </span>
    </p>
   </div>
   <div class='ocr_carea' id='block_1_40' title="bbox 155 1918 947 1962">
    <p class='ocr_par' dir='ltr' id='par_1_40' title="bbox 155 1918 947 1962">
     <span class='ocr_line' id='line_1_40' title="bbox 155 1918 947 1962; baseline -0.014 -8"><span class='ocrx_word' id='word_1_325' title='bbox 155 1928 225 1954; x_wconf 81' lang='grc' dir='ltr'>πᾶσι</span> <span class='ocrx_word' id='word_1_326' title='bbox 239 1926 317 1962; x_wconf 85' lang='grc' dir='ltr'>δῆλον</span> <span class='ocrx_word' id='word_1_327' title='bbox 334 1925 365 1952; x_wconf 79' lang='grc' dir='ltr'>τὸ</span> <span class='ocrx_word' id='word_1_328' title='bbox 378 1924 496 1952; x_wconf 80' lang='grc' dir='ltr'>τοιοῦτόν</span> <span class='ocrx_word' id='word_1_329' title='bbox 516 1924 600 1954; x_wconf 77' lang='grc' dir='ltr'>ἐστιν,</span> <span class='ocrx_word' id='word_1_330' title='bbox 616 1923 648 1948; x_wconf 80' lang='grc' dir='ltr'><strong>ἐκ</strong></span> <span class='ocrx_word' id='word_1_331' title='bbox 659 1920 705 1947; x_wconf 82' lang='grc' dir='ltr'><strong>τοῦ</strong></span> <span class='ocrx_word' id='word_1_332' title='bbox 719 1920 764 1946; x_wconf 74' lang='grc' dir='ltr'><strong>καὶ</strong></span> <span class='ocrx_word' id='word_1_333' title='bbox 780 1919 811 1945; x_wconf 88' lang='grc' dir='ltr'>τὸ</span> <span class='ocrx_word' id='word_1_334' title='bbox 828 1918 947 1945; x_wconf 75' lang='grc' dir='ltr'>ἐναντίον</span> 
     </span>
    </p>
   </div>
   <div class='ocr_carea' id='block_1_41' title="bbox 156 1963 946 2007">
    <p class='ocr_par' dir='ltr' id='par_1_41' title="bbox 156 1963 946 2007">
     <span class='ocr_line' id='line_1_41' title="bbox 156 1963 946 2007; baseline -0.013 -8"><span class='ocrx_word' id='word_1_335' title='bbox 156 1973 238 2007; x_wconf 78' lang='grc' dir='ltr'>αὐτῇ,</span> <span class='ocrx_word' id='word_1_336' title='bbox 255 1971 326 2006; x_wconf 82' lang='grc' dir='ltr'>λέγω</span> <span class='ocrx_word' id='word_1_337' title='bbox 342 1970 370 1996; x_wconf 84' lang='grc' dir='ltr'><strong>δὲ</strong></span> <span class='ocrx_word' id='word_1_338' title='bbox 383 1970 414 1996; x_wconf 83' lang='grc' dir='ltr'>τὸ</span> <span class='ocrx_word' id='word_1_339' title='bbox 428 1967 580 1999; x_wconf 80' lang='grc' dir='ltr'>κενοῦσθαι,</span> <span class='ocrx_word' id='word_1_340' title='bbox 595 1966 677 1993; x_wconf 79' lang='grc' dir='ltr'>καλὸν</span> <span class='ocrx_word' id='word_1_341' title='bbox 691 1963 760 1992; x_wconf 79' lang='grc' dir='ltr'>εἶναι</span> <span class='ocrx_word' id='word_1_342' title='bbox 778 1963 946 2000; x_wconf 83' lang='grc' dir='ltr'>νομίζεσθαι.</span> 
     </span>
    </p>
   </div>
   <div class='ocr_carea' id='block_1_42' title="bbox 164 2010 950 2053">
    <p class='ocr_par' dir='ltr' id='par_1_42' title="bbox 164 2010 950 2053">
     <span class='ocr_line' id='line_1_42' title="bbox 164 2010 950 2053; baseline -0.014 -7"><span class='ocrx_word' id='word_1_343' title='bbox 164 2019 227 2046; x_wconf 67' lang='grc' dir='ltr'><strong>Ἐπὶ</strong></span> <span class='ocrx_word' id='word_1_344' title='bbox 240 2017 294 2053; x_wconf 84' lang='grc' dir='ltr'>γὰρ</span> <span class='ocrx_word' id='word_1_345' title='bbox 305 2017 359 2044; x_wconf 83' lang='grc' dir='ltr'><strong>τῶν</strong></span> <span class='ocrx_word' id='word_1_346' title='bbox 370 2015 493 2050; x_wconf 84' lang='grc' dir='ltr'>ἀλλήλων</span> <span class='ocrx_word' id='word_1_347' title='bbox 508 2015 540 2041; x_wconf 79' lang='grc' dir='ltr'>ἐκ</span> <span class='ocrx_word' id='word_1_348' title='bbox 554 2013 601 2040; x_wconf 78' lang='grc' dir='ltr'>τοῦ</span> <span class='ocrx_word' id='word_1_349' title='bbox 618 2011 739 2039; x_wconf 76' lang='grc' dir='ltr'>ἐναντίου</span> <span class='ocrx_word' id='word_1_350' title='bbox 757 2010 950 2045; x_wconf 76' lang='grc' dir='ltr'>ἀντικαθεστη-</span> 
     </span>
    </p>
   </div>
   <div class='ocr_carea' id='block_1_43' title="bbox 159 2056 951 2096">
    <p class='ocr_par' dir='ltr' id='par_1_43' title="bbox 159 2056 951 2096">
     <span class='ocr_line' id='line_1_43' title="bbox 159 2056 951 2096; baseline -0.015 -4"><span class='ocrx_word' id='word_1_351' title='bbox 159 2066 258 2096; x_wconf 78' lang='grc' dir='ltr'>κότων,</span> <span class='ocrx_word' id='word_1_352' title='bbox 277 2065 326 2091; x_wconf 83' lang='grc' dir='ltr'><strong>οὐκ</strong></span> <span class='ocrx_word' id='word_1_353' title='bbox 342 2063 400 2090; x_wconf 77' lang='grc' dir='ltr'>ἐστι</span> <span class='ocrx_word' id='word_1_354' title='bbox 413 2061 524 2089; x_wconf 75' lang='grc' dir='ltr'>δυνατὸν</span> <span class='ocrx_word' id='word_1_355' title='bbox 536 2061 582 2087; x_wconf 80' lang='grc' dir='ltr'><strong>τὸν</strong></span> <span class='ocrx_word' id='word_1_356' title='bbox 596 2059 643 2086; x_wconf 79' lang='grc' dir='ltr'>τοῦ</span> <span class='ocrx_word' id='word_1_357' title='bbox 660 2058 742 2086; x_wconf 78' lang='grc' dir='ltr'>καλοῦ</span> <span class='ocrx_word' id='word_1_358' title='bbox 757 2058 835 2091; x_wconf 79' lang='grc' dir='ltr'>λόγον</span> <span class='ocrx_word' id='word_1_359' title='bbox 853 2056 951 2091; x_wconf 78' lang='grc' dir='ltr'>ἐπίσης</span> 
     </span>
    </p>
   </div>
   <div class='ocr_carea' id='block_1_44' title="bbox 159 2102 951 2143">
    <p class='ocr_par' dir='ltr' id='par_1_44' title="bbox 159 2102 951 2143">
     <span class='ocr_line' id='line_1_44' title="bbox 159 2102 951 2143; baseline -0.015 -4"><span class='ocrx_word' id='word_1_360' title='bbox 159 2113 216 2143; x_wconf 86' lang='grc' dir='ltr'>τοῖς</span> <span class='ocrx_word' id='word_1_361' title='bbox 232 2108 460 2138; x_wconf 81' lang='grc' dir='ltr'>ἀντικαθεστῶσιν</span> <span class='ocrx_word' id='word_1_362' title='bbox 477 2105 644 2143; x_wconf 78' lang='grc' dir='ltr'>ἁρμόζεσθαι</span> <span class='ocrx_word' id='word_1_363' title='bbox 658 2113 665 2120; x_wconf 66' lang='grc'><em>⁸</em></span> <span class='ocrx_word' id='word_1_364' title='bbox 686 2104 744 2131; x_wconf 82' lang='grc' dir='ltr'>ἀλλ’</span> <span class='ocrx_word' id='word_1_365' title='bbox 762 2105 786 2130; x_wconf 80' lang='grc' dir='ltr'>εἰ</span> <span class='ocrx_word' id='word_1_366' title='bbox 806 2102 886 2129; x_wconf 76' lang='grc' dir='ltr'>τοῦτο</span> <span class='ocrx_word' id='word_1_367' title='bbox 900 2111 951 2128; x_wconf 85' lang='grc' dir='ltr'>κα-</span> 
     </span>
    </p>
   </div>
   <div class='ocr_carea' id='block_1_45' title="bbox 160 2146 952 2192">
    <p class='ocr_par' dir='ltr' id='par_1_45' title="bbox 160 2146 952 2192">
     <span class='ocr_line' id='line_1_45' title="bbox 160 2146 952 2192; baseline -0.013 -9"><span class='ocrx_word' id='word_1_368' title='bbox 160 2157 207 2183; x_wconf 75' lang='grc' dir='ltr'><strong>λὸν</strong></span> <span class='ocrx_word' id='word_1_369' title='bbox 222 2156 264 2192; x_wconf 69' lang='grc' dir='ltr'>εἴη</span> <span class='ocrx_word' id='word_1_370' title='bbox 277 2155 347 2182; x_wconf 70' lang='grc' dir='ltr'>κατὰ</span> <span class='ocrx_word' id='word_1_371' title='bbox 360 2154 409 2189; x_wconf 82' lang='grc' dir='ltr'>τὴν</span> <span class='ocrx_word' id='word_1_372' title='bbox 422 2153 517 2181; x_wconf 78' lang='grc' dir='ltr'>ἑαυτοῦ</span> <span class='ocrx_word' id='word_1_373' title='bbox 531 2152 623 2186; x_wconf 87' lang='grc' dir='ltr'>φύσιν,</span> <span class='ocrx_word' id='word_1_374' title='bbox 635 2151 665 2177; x_wconf 85' lang='grc' dir='ltr'><strong>τὸ</strong></span> <span class='ocrx_word' id='word_1_375' title='bbox 682 2149 868 2183; x_wconf 82' lang='grc' dir='ltr'>ἀντικείμενον</span> <span class='ocrx_word' id='word_1_376' title='bbox 879 2146 952 2182; x_wconf 79' lang='grc' dir='ltr'>αὐτῷ</span> 
     </span>
    </p>
   </div>
   <div class='ocr_carea' id='block_1_46' title="bbox 162 2182 937 2233">
    <p class='ocr_par' dir='ltr' id='par_1_46' title="bbox 162 2182 937 2233">
     <span class='ocr_line' id='line_1_46' title="bbox 162 2182 937 2233; baseline -0.015 -2"><span class='ocrx_word' id='word_1_377' title='bbox 162 2182 273 2233; x_wconf 64' lang='grc' dir='ltr'>πάντως</span> <span class='ocrx_word' id='word_1_378' title='bbox 286 2202 362 2229; x_wconf 77' lang='grc' dir='ltr'>ἔσται</span> <span class='ocrx_word' id='word_1_379' title='bbox 377 2182 473 2227; x_wconf 69' lang='grc' dir='ltr'>κακόν.</span> <span class='ocrx_word' id='word_1_380' title='bbox 491 2182 570 2225; x_wconf 80' lang='grc' dir='ltr'>Ἀλλὰ</span> <span class='ocrx_word' id='word_1_381' title='bbox 584 2198 636 2233; x_wconf 85' lang='grc' dir='ltr'>μὴν</span> <span class='ocrx_word' id='word_1_382' title='bbox 652 2196 767 2223; x_wconf 73' lang='grc' dir='ltr'>ἐνταῦθα</span> <span class='ocrx_word' id='word_1_383' title='bbox 778 2182 875 2229; x_wconf 78' lang='grc' dir='ltr'>ἐπίσης</span> <span class='ocrx_word' id='word_1_384' title='bbox 888 2203 937 2229; x_wconf 57' lang='grc' dir='ltr'>παις</span> 
     </span>
    </p>
   </div>
   <div class='ocr_carea' id='block_1_47' title="bbox 987 2182 1330 2233">
    <p class='ocr_par' dir='ltr' id='par_1_47' title="bbox 987 2182 1330 2217">
     <span class='ocr_line' id='line_1_47' title="bbox 987 2182 1330 2217; baseline -0.029 0"><span class='ocrx_word' id='word_1_385' title='bbox 987 2193 991 2211; x_wconf 63' lang='grc' dir='ltr'>ν</span> <span class='ocrx_word' id='word_1_386' title='bbox 1006 2191 1111 2217; x_wconf 86' lang='lat' dir='ltr'><strong>litatem</strong></span> <span class='ocrx_word' id='word_1_387' title='bbox 1128 2185 1221 2213; x_wconf 88' lang='lat' dir='ltr'><strong>habet.</strong></span> <span class='ocrx_word' id='word_1_388' title='bbox 1240 2182 1330 2215; x_wconf 84' lang='lat' dir='ltr'><strong>Quare</strong></span> 
     </span>
    </p>
   </div>
   <div class='ocr_carea' id='block_1_48' title="bbox 163 2240 955 2284">
    <p class='ocr_par' dir='ltr' id='par_1_48' title="bbox 163 2240 955 2284">
     <span class='ocr_line' id='line_1_48' title="bbox 163 2240 955 2284; baseline -0.014 -8"><span class='ocrx_word' id='word_1_389' title='bbox 163 2248 297 2284; x_wconf 84' lang='grc' dir='ltr'>ἑκατέρου</span> <span class='ocrx_word' id='word_1_390' title='bbox 313 2247 416 2274; x_wconf 81' lang='grc' dir='ltr'>τούτων</span> <span class='ocrx_word' id='word_1_391' title='bbox 429 2246 458 2272; x_wconf 79' lang='grc' dir='ltr'>τὸ</span> <span class='ocrx_word' id='word_1_392' title='bbox 475 2245 609 2280; x_wconf 80' lang='grc' dir='ltr'>χρήσιμον</span> <span class='ocrx_word' id='word_1_393' title='bbox 622 2245 639 2277; x_wconf 90' lang='grc' dir='ltr'>ἡ</span> <span class='ocrx_word' id='word_1_394' title='bbox 655 2242 735 2277; x_wconf 75' lang='grc' dir='ltr'>φύσις</span> <span class='ocrx_word' id='word_1_395' title='bbox 750 2241 815 2276; x_wconf 79' lang='grc' dir='ltr'>ἔχει.</span> <span class='ocrx_word' id='word_1_396' title='bbox 830 2240 887 2267; x_wconf 86' lang='grc' dir='ltr'>Ούκ</span> <span class='ocrx_word' id='word_1_397' title='bbox 902 2240 955 2274; x_wconf 84' lang='grc' dir='ltr'>ἄρα</span> 
     </span>
    </p>
   </div>
   <div class='ocr_carea' id='block_1_49' title="bbox 164 2285 956 2328">
    <p class='ocr_par' dir='ltr' id='par_1_49' title="bbox 164 2285 956 2328">
     <span class='ocr_line' id='line_1_49' title="bbox 164 2285 956 2328; baseline -0.014 -6"><span class='ocrx_word' id='word_1_398' title='bbox 164 2294 272 2322; x_wconf 77' lang='grc' dir='ltr'>τὸν-τοῦ</span> <span class='ocrx_word' id='word_1_399' title='bbox 294 2292 376 2320; x_wconf 80' lang='grc' dir='ltr'>καλοῦ</span> <span class='ocrx_word' id='word_1_400' title='bbox 393 2292 506 2328; x_wconf 74' lang='grc' dir='ltr'>ὁρισμὸν</span> <span class='ocrx_word' id='word_1_401' title='bbox 522 2289 650 2322; x_wconf 78' lang='grc' dir='ltr'>δέξασθαι</span> <span class='ocrx_word' id='word_1_402' title='bbox 666 2287 788 2318; x_wconf 86' lang='grc' dir='ltr'>δυνατῶς</span> <span class='ocrx_word' id='word_1_403' title='bbox 810 2287 877 2321; x_wconf 76' lang='grc' dir='ltr'>ἔχει,</span> <span class='ocrx_word' id='word_1_404' title='bbox 895 2285 956 2312; x_wconf 80' lang='grc' dir='ltr'>οὗτε</span> 
     </span>
    </p>
   </div>
   <div class='ocr_carea' id='block_1_50' title="bbox 166 2330 957 2376">
    <p class='ocr_par' dir='ltr' id='par_1_50' title="bbox 166 2330 957 2376">
     <span class='ocr_line' id='line_1_50' title="bbox 166 2330 957 2376; baseline -0.015 -8"><span class='ocrx_word' id='word_1_405' title='bbox 166 2342 184 2375; x_wconf 83' lang='grc' dir='ltr'>ὴ</span> <span class='ocrx_word' id='word_1_406' title='bbox 202 2340 353 2376; x_wconf 78' lang='grc' dir='ltr'>πλήρωσις,</span> <span class='ocrx_word' id='word_1_407' title='bbox 369 2338 430 2365; x_wconf 73' lang='grc' dir='ltr'>οὔτε</span> <span class='ocrx_word' id='word_1_408' title='bbox 445 2338 461 2372; x_wconf 85' lang='grc' dir='ltr'><strong>ἡ</strong></span> <span class='ocrx_word' id='word_1_409' title='bbox 481 2337 606 2367; x_wconf 78' lang='grc' dir='ltr'>κένωσις.</span> <span class='ocrx_word' id='word_1_410' title='bbox 630 2333 734 2361; x_wconf 79' lang='grc' dir='ltr'>Οὐκοῦν</span> <span class='ocrx_word' id='word_1_411' title='bbox 753 2331 817 2359; x_wconf 83' lang='grc' dir='ltr'>ἄλλο</span> <span class='ocrx_word' id='word_1_412' title='bbox 840 2340 866 2358; x_wconf 89' lang='grc' dir='ltr'><strong>τι</strong></span> <span class='ocrx_word' id='word_1_413' title='bbox 883 2330 957 2365; x_wconf 81' lang='grc' dir='ltr'>παρὰ</span> 
     </span>
    </p>
   </div>
   <div class='ocr_carea' id='block_1_51' title="bbox 166 2374 959 2419">
    <p class='ocr_par' dir='ltr' id='par_1_51' title="bbox 166 2374 959 2419">
     <span class='ocr_line' id='line_1_51' title="bbox 166 2374 959 2419; baseline -0.018 -6"><span class='ocrx_word' id='word_1_414' title='bbox 166 2374 199 2413; x_wconf 72' lang='grc' dir='ltr'>τὸ</span> <span class='ocrx_word' id='word_1_415' title='bbox 215 2374 317 2419; x_wconf 70' lang='grc' dir='ltr'>ἀγαθὸν</span> <span class='ocrx_word' id='word_1_416' title='bbox 327 2383 513 2410; x_wconf 81' lang='grc' dir='ltr'>ἀποδέδεικται</span> <span class='ocrx_word' id='word_1_417' title='bbox 529 2378 597 2406; x_wconf 73' lang='grc' dir='ltr'>εἶναι</span> <span class='ocrx_word' id='word_1_418' title='bbox 614 2380 630 2414; x_wconf 91' lang='grc' dir='ltr'>ἠ</span> <span class='ocrx_word' id='word_1_419' title='bbox 650 2378 800 2412; x_wconf 83' lang='grc' dir='ltr'>πλήρωσις.</span> <span class='ocrx_word' id='word_1_420' title='bbox 815 2374 884 2401; x_wconf 76' lang='grc' dir='ltr'>Οὔτε</span> <span class='ocrx_word' id='word_1_421' title='bbox 906 2374 959 2408; x_wconf 78' lang='grc' dir='ltr'>γὰρ</span> 
     </span>
    </p>
   </div>
   <div class='ocr_carea' id='block_1_52' title="bbox 170 2419 960 2462">
    <p class='ocr_par' dir='ltr' id='par_1_52' title="bbox 170 2419 960 2462">
     <span class='ocr_line' id='line_1_52' title="bbox 170 2419 960 2462; baseline -0.016 -4"><span class='ocrx_word' id='word_1_422' title='bbox 170 2431 263 2462; x_wconf 75' lang='grc' dir='ltr'>παντὶ,</span> <span class='ocrx_word' id='word_1_423' title='bbox 280 2429 342 2456; x_wconf 67' lang='grc' dir='ltr'>οὔτε</span> <span class='ocrx_word' id='word_1_424' title='bbox 366 2429 491 2458; x_wconf 82' lang='grc' dir='ltr'>πάντοτε,</span> <span class='ocrx_word' id='word_1_425' title='bbox 506 2425 568 2453; x_wconf 76' lang='grc' dir='ltr'>οὔτε</span> <span class='ocrx_word' id='word_1_426' title='bbox 585 2424 656 2451; x_wconf 77' lang='grc' dir='ltr'>κατὰ</span> <span class='ocrx_word' id='word_1_427' title='bbox 679 2423 733 2449; x_wconf 82' lang='grc' dir='ltr'><strong>πᾶν</strong></span> <span class='ocrx_word' id='word_1_428' title='bbox 760 2419 829 2453; x_wconf 78' lang='grc' dir='ltr'>εἶδος</span> <span class='ocrx_word' id='word_1_429' title='bbox 853 2419 960 2455; x_wconf 83' lang='grc' dir='ltr'>αἱρετὸν</span> 
     </span>
    </p>
   </div>
   <div class='ocr_carea' id='block_1_53' title="bbox 170 2465 962 2508">
    <p class='ocr_par' dir='ltr' id='par_1_53' title="bbox 170 2465 962 2508">
     <span class='ocr_line' id='line_1_53' title="bbox 170 2465 962 2508; baseline -0.016 -5"><span class='ocrx_word' id='word_1_430' title='bbox 170 2475 241 2503; x_wconf 81' lang='grc' dir='ltr'>εἶναι</span> <span class='ocrx_word' id='word_1_431' title='bbox 253 2475 284 2502; x_wconf 82' lang='grc' dir='ltr'><strong>τὸ</strong></span> <span class='ocrx_word' id='word_1_432' title='bbox 296 2473 416 2501; x_wconf 80' lang='grc' dir='ltr'>τοιοῦτον</span> <span class='ocrx_word' id='word_1_433' title='bbox 427 2472 503 2508; x_wconf 78' lang='grc' dir='ltr'>παρὰ</span> <span class='ocrx_word' id='word_1_434' title='bbox 514 2471 621 2498; x_wconf 81' lang='grc' dir='ltr'>πάντων</span> <span class='ocrx_word' id='word_1_435' title='bbox 633 2468 817 2503; x_wconf 84' lang='grc' dir='ltr'>ὡμολόγηται.</span> <span class='ocrx_word' id='word_1_436' title='bbox 830 2466 868 2492; x_wconf 83' lang='grc' dir='ltr'><strong>Οὐ</strong></span> <span class='ocrx_word' id='word_1_437' title='bbox 883 2465 962 2500; x_wconf 87' lang='grc' dir='ltr'>μόνον</span> 
     </span>
    </p>
   </div>
   <div class='ocr_carea' id='block_1_54' title="bbox 172 2510 964 2557">
    <p class='ocr_par' dir='ltr' id='par_1_54' title="bbox 172 2510 964 2557">
     <span class='ocr_line' id='line_1_54' title="bbox 172 2510 964 2557; baseline -0.016 -9"><span class='ocrx_word' id='word_1_438' title='bbox 172 2522 227 2557; x_wconf 86' lang='grc' dir='ltr'>γὰρ</span> <span class='ocrx_word' id='word_1_439' title='bbox 241 2522 270 2548; x_wconf 78' lang='grc' dir='ltr'>ὲν</span> <span class='ocrx_word' id='word_1_440' title='bbox 284 2521 339 2552; x_wconf 86' lang='grc' dir='ltr'>τοῖς</span> <span class='ocrx_word' id='word_1_441' title='bbox 353 2519 508 2554; x_wconf 86' lang='grc' dir='ltr'>βλαπτικοῖς</span> <span class='ocrx_word' id='word_1_442' title='bbox 524 2515 650 2551; x_wconf 81' lang='grc' dir='ltr'>γενέσθαι</span> <span class='ocrx_word' id='word_1_443' title='bbox 664 2514 709 2540; x_wconf 76' lang='grc' dir='ltr'>τὸν</span> <span class='ocrx_word' id='word_1_444' title='bbox 725 2513 805 2549; x_wconf 85' lang='grc' dir='ltr'>κόρον</span> <span class='ocrx_word' id='word_1_445' title='bbox 820 2512 893 2538; x_wconf 75' lang='grc' dir='ltr'>ἐστὶν</span> <span class='ocrx_word' id='word_1_446' title='bbox 906 2510 964 2536; x_wconf 79' lang='grc' dir='ltr'>ὀλέ-</span> 
     </span>
    </p>
   </div>
   <div class='ocr_carea' id='block_1_55' title="bbox 173 2557 963 2604">
    <p class='ocr_par' dir='ltr' id='par_1_55' title="bbox 173 2557 963 2604">
     <span class='ocr_line' id='line_1_55' title="bbox 173 2557 963 2604; baseline -0.018 -9"><span class='ocrx_word' id='word_1_447' title='bbox 173 2568 260 2604; x_wconf 80' lang='grc' dir='ltr'>θριον,</span> <span class='ocrx_word' id='word_1_448' title='bbox 274 2566 342 2593; x_wconf 76' lang='grc' dir='ltr'>ἀλλὰ</span> <span class='ocrx_word' id='word_1_449' title='bbox 356 2565 404 2593; x_wconf 70' lang='grc' dir='ltr'><strong>καὶ</strong></span> <span class='ocrx_word' id='word_1_450' title='bbox 415 2565 446 2591; x_wconf 86' lang='grc' dir='ltr'><strong>τὸ</strong></span> <span class='ocrx_word' id='word_1_451' title='bbox 462 2565 491 2590; x_wconf 80' lang='grc' dir='ltr'><strong>ὲν</strong></span> <span class='ocrx_word' id='word_1_452' title='bbox 504 2564 560 2594; x_wconf 82' lang='grc' dir='ltr'>τοῖς</span> <span class='ocrx_word' id='word_1_453' title='bbox 577 2560 754 2595; x_wconf 67' lang='grc' dir='ltr'>καταλλήλας</span> <span class='ocrx_word' id='word_1_454' title='bbox 773 2557 917 2593; x_wconf 80' lang='grc' dir='ltr'>παρελθεῖν</span> <span class='ocrx_word' id='word_1_455' title='bbox 931 2557 963 2590; x_wconf 84' lang='grc' dir='ltr'>τῇ</span> 
     </span>
    </p>
   </div>
   <div class='ocr_carea' id='block_1_56' title="bbox 175 2601 967 2648">
    <p class='ocr_par' dir='ltr' id='par_1_56' title="bbox 175 2601 967 2648">
     <span class='ocr_line' id='line_1_56' title="bbox 175 2601 967 2648; baseline -0.016 -8"><span class='ocrx_word' id='word_1_456' title='bbox 175 2612 295 2648; x_wconf 76' lang='grc' dir='ltr'>ἀμετρίᾳ</span> <span class='ocrx_word' id='word_1_457' title='bbox 311 2612 342 2638; x_wconf 74' lang='grc' dir='ltr'>τὸ</span> <span class='ocrx_word' id='word_1_458' title='bbox 355 2611 499 2646; x_wconf 85' lang='grc' dir='ltr'>χρήσιμον,</span> <span class='ocrx_word' id='word_1_459' title='bbox 513 2607 642 2635; x_wconf 77' lang='grc' dir='ltr'>κινδύνων</span> <span class='ocrx_word' id='word_1_460' title='bbox 656 2605 785 2636; x_wconf 75' lang='grc' dir='ltr'>πολλάκις</span> <span class='ocrx_word' id='word_1_461' title='bbox 799 2603 846 2630; x_wconf 79' lang='grc' dir='ltr'><strong>καὶ</strong></span> <span class='ocrx_word' id='word_1_462' title='bbox 861 2601 967 2636; x_wconf 74' lang='grc' dir='ltr'>διαφθοι</span> 
     </span>
    </p>
   </div>
   <div class='ocr_carea' id='block_1_57' title="bbox 178 2649 966 2695">
    <p class='ocr_par' dir='ltr' id='par_1_57' title="bbox 178 2649 966 2695">
     <span class='ocr_line' id='line_1_57' title="bbox 178 2649 966 2695; baseline -0.018 -9"><span class='ocrx_word' id='word_1_463' title='bbox 178 2660 229 2695; x_wconf 77' lang='grc' dir='ltr'>ρᾶς</span> <span class='ocrx_word' id='word_1_464' title='bbox 243 2657 330 2685; x_wconf 84' lang='grc' dir='ltr'>αἴτιον</span> <span class='ocrx_word' id='word_1_465' title='bbox 349 2657 464 2691; x_wconf 82' lang='grc' dir='ltr'>γίνεται.</span> <span class='ocrx_word' id='word_1_466' title='bbox 479 2655 535 2681; x_wconf 74' lang='grc' dir='ltr'><strong>Καὶ</strong></span> <span class='ocrx_word' id='word_1_467' title='bbox 557 2653 583 2679; x_wconf 80' lang='grc' dir='ltr'>εἴ</span> <span class='ocrx_word' id='word_1_468' title='bbox 599 2660 663 2679; x_wconf 83' lang='grc' dir='ltr'>ποτε</span> <span class='ocrx_word' id='word_1_469' title='bbox 689 2649 864 2684; x_wconf 79' lang='grc' dir='ltr'>πληθωρικῆς</span> <span class='ocrx_word' id='word_1_470' title='bbox 881 2656 966 2674; x_wconf 87' lang='grc' dir='ltr'>κατα-</span> 
     </span>
    </p>
   </div>
   <div class='ocr_carea' id='block_1_58' title="bbox 179 2693 968 2738">
    <p class='ocr_par' dir='ltr' id='par_1_58' title="bbox 179 2693 968 2738">
     <span class='ocr_line' id='line_1_58' title="bbox 179 2693 968 2738; baseline -0.02 -5"><span class='ocrx_word' id='word_1_471' title='bbox 179 2693 300 2736; x_wconf 75' lang='grc' dir='ltr'>στάσεως</span> <span class='ocrx_word' id='word_1_472' title='bbox 313 2701 493 2738; x_wconf 76' lang='grc' dir='ltr'>ἐπιζητούσης</span> <span class='ocrx_word' id='word_1_473' title='bbox 505 2700 553 2735; x_wconf 82' lang='grc' dir='ltr'>τὴν</span> <span class='ocrx_word' id='word_1_474' title='bbox 565 2698 689 2730; x_wconf 83' lang='grc' dir='ltr'>κένωσιν,</span> <span class='ocrx_word' id='word_1_475' title='bbox 703 2696 770 2730; x_wconf 81' lang='grc' dir='ltr'>ἄλλη</span> <span class='ocrx_word' id='word_1_476' title='bbox 784 2703 826 2725; x_wconf 83' lang='grc' dir='ltr'><strong>τις</strong></span> <span class='ocrx_word' id='word_1_477' title='bbox 837 2693 968 2728; x_wconf 80' lang='grc' dir='ltr'>πληθώρα</span> 
     </span>
    </p>
   </div>
   <div class='ocr_carea' id='block_1_59' title="bbox 179 2740 970 2787">
    <p class='ocr_par' dir='ltr' id='par_1_59' title="bbox 179 2740 970 2787">
     <span class='ocr_line' id='line_1_59' title="bbox 179 2740 970 2787; baseline -0.019 -8"><span class='ocrx_word' id='word_1_478' title='bbox 179 2752 230 2787; x_wconf 85' lang='grc' dir='ltr'>τὴν</span> <span class='ocrx_word' id='word_1_479' title='bbox 251 2749 335 2778; x_wconf 77' lang='grc' dir='ltr'>οὖσαν</span> <span class='ocrx_word' id='word_1_480' title='bbox 350 2748 561 2784; x_wconf 68' lang='grc' dir='ltr'>ὲπιφορτίσειεν,</span> <span class='ocrx_word' id='word_1_481' title='bbox 580 2744 684 2780; x_wconf 58' lang='grc' dir='ltr'>σωρεία</span> <span class='ocrx_word' id='word_1_482' title='bbox 707 2743 811 2777; x_wconf 83' lang='grc' dir='ltr'>γίνεται</span> <span class='ocrx_word' id='word_1_483' title='bbox 834 2740 926 2767; x_wconf 76' lang='grc' dir='ltr'>κακῶν</span> <span class='ocrx_word' id='word_1_484' title='bbox 941 2740 970 2765; x_wconf 73' lang='grc' dir='ltr'>τὺ</span> 
     </span>
    </p>
   </div>
   <div class='ocr_carea' id='block_1_60' title="bbox 180 2784 971 2830">
    <p class='ocr_par' dir='ltr' id='par_1_60' title="bbox 180 2784 971 2830">
     <span class='ocr_line' id='line_1_60' title="bbox 180 2784 971 2830; baseline -0.02 -4"><span class='ocrx_word' id='word_1_485' title='bbox 180 2797 312 2830; x_wconf 82' lang='grc' dir='ltr'>τοιοῦτον,</span> <span class='ocrx_word' id='word_1_486' title='bbox 328 2796 368 2828; x_wconf 85' lang='grc' dir='ltr'><strong>εἰς</strong></span> <span class='ocrx_word' id='word_1_487' title='bbox 384 2795 521 2829; x_wconf 83' lang='grc' dir='ltr'>ἀνήκεστα</span> <span class='ocrx_word' id='word_1_488' title='bbox 537 2790 669 2827; x_wconf 80' lang='grc' dir='ltr'>προϊοῦσα</span> <span class='ocrx_word' id='word_1_489' title='bbox 690 2788 774 2822; x_wconf 86' lang='grc' dir='ltr'>πάθη.</span> <span class='ocrx_word' id='word_1_490' title='bbox 793 2785 897 2813; x_wconf 80' lang='grc' dir='ltr'>Οὐκοῦν</span> <span class='ocrx_word' id='word_1_491' title='bbox 911 2784 971 2811; x_wconf 75' lang='grc' dir='ltr'>οὔτε</span> 
     </span>
    </p>
   </div>
   <div class='ocr_carea' id='block_1_61' title="bbox 183 2831 971 2877">
    <p class='ocr_par' dir='ltr' id='par_1_61' title="bbox 183 2831 971 2877">
     <span class='ocr_line' id='line_1_61' title="bbox 183 2831 971 2877; baseline -0.023 -4"><span class='ocrx_word' id='word_1_492' title='bbox 183 2846 275 2877; x_wconf 79' lang='grc' dir='ltr'>παντὶ,</span> <span class='ocrx_word' id='word_1_493' title='bbox 295 2843 357 2871; x_wconf 68' lang='grc' dir='ltr'>οὔτε</span> <span class='ocrx_word' id='word_1_494' title='bbox 379 2841 487 2870; x_wconf 81' lang='grc' dir='ltr'>πάντως</span> <span class='ocrx_word' id='word_1_495' title='bbox 511 2837 612 2871; x_wconf 79' lang='grc' dir='ltr'>ἀγαθόν</span> <span class='ocrx_word' id='word_1_496' title='bbox 635 2835 660 2861; x_wconf 85' lang='grc' dir='ltr'><strong>τί</strong></span> <span class='ocrx_word' id='word_1_497' title='bbox 685 2835 758 2860; x_wconf 76' lang='grc' dir='ltr'>ἐστιν</span> <span class='ocrx_word' id='word_1_498' title='bbox 781 2833 797 2867; x_wconf 82' lang='grc' dir='ltr'>ἡ</span> <span class='ocrx_word' id='word_1_499' title='bbox 823 2831 971 2866; x_wconf 81' lang='grc' dir='ltr'>πλήρωσις,</span> 
     </span>
    </p>
   </div>
   <div class='ocr_carea' id='block_1_62' title="bbox 186 2878 993 2923">
    <p class='ocr_par' dir='ltr' id='par_1_62' title="bbox 186 2878 993 2923">
     <span class='ocr_line' id='line_1_62' title="bbox 186 2878 993 2923; baseline -0.024 -2"><span class='ocrx_word' id='word_1_500' title='bbox 186 2892 253 2921; x_wconf 77' lang='grc' dir='ltr'>ἀλλὰ</span> <span class='ocrx_word' id='word_1_501' title='bbox 267 2891 313 2918; x_wconf 74' lang='grc' dir='ltr'><strong>καὶ</strong></span> <span class='ocrx_word' id='word_1_502' title='bbox 328 2888 395 2923; x_wconf 70' lang='grc' dir='ltr'>πρός</span> <span class='ocrx_word' id='word_1_503' title='bbox 414 2896 450 2920; x_wconf 62' lang='grc' dir='ltr'>τοι,</span> <span class='ocrx_word' id='word_1_504' title='bbox 467 2885 512 2912; x_wconf 76' lang='grc' dir='ltr'><strong>καί</strong></span> <span class='ocrx_word' id='word_1_505' title='bbox 527 2891 601 2916; x_wconf 82' lang='grc' dir='ltr'>ποτε,</span> <span class='ocrx_word' id='word_1_506' title='bbox 619 2882 662 2909; x_wconf 66' lang='grc' dir='ltr'>καὶ</span> <span class='ocrx_word' id='word_1_507' title='bbox 680 2880 750 2908; x_wconf 66' lang='grc' dir='ltr'>κατὰ</span> <span class='ocrx_word' id='word_1_508' title='bbox 765 2880 793 2906; x_wconf 69' lang='grc' dir='ltr'>τὸ</span> <span class='ocrx_word' id='word_1_509' title='bbox 812 2878 892 2905; x_wconf 73' lang='grc' dir='ltr'>ποσόν</span> <span class='ocrx_word' id='word_1_510' title='bbox 909 2886 935 2903; x_wconf 92' lang='grc' dir='ltr'><strong>τε</strong></span> <span class='ocrx_word' id='word_1_511' title='bbox 959 2884 993 2903; x_wconf 79' lang='grc' dir='ltr'><strong>κα</strong></span> 
     </span>
    </p>
   </div>
   <div class='ocr_carea' id='block_1_63' title="bbox 812 116 1044 146">
    <p class='ocr_par' dir='ltr' id='par_1_63' title="bbox 812 116 1044 146">
     <span class='ocr_line' id='line_1_63' title="bbox 812 116 1044 146; baseline -0.017 0"><span class='ocrx_word' id='word_1_512' title='bbox 812 120 854 146; x_wconf 84' lang='lat' dir='ltr'><strong>DE</strong></span> <span class='ocrx_word' id='word_1_513' title='bbox 877 116 1044 146; x_wconf 76' lang='lat' dir='ltr'><strong>MORTUIS.</strong></span> 
     </span>
    </p>
   </div>
   <div class='ocr_carea' id='block_1_64' title="bbox 1689 106 1743 132">
    <p class='ocr_par' dir='ltr' id='par_1_64' title="bbox 1689 106 1743 132">
     <span class='ocr_line' id='line_1_64' title="bbox 1689 106 1743 132; baseline 0 0"><span class='ocrx_word' id='word_1_514' title='bbox 1689 106 1743 132; x_wconf 82' lang='lat'><strong>502</strong></span> 
     </span>
    </p>
   </div>
   <div class='ocr_carea' id='block_1_65' title="bbox 835 162 1745 214">
    <p class='ocr_par' dir='ltr' id='par_1_65' title="bbox 835 162 1745 214">
     <span class='ocr_line' id='line_1_65' title="bbox 835 162 1745 214; baseline -0.02 -9"><span class='ocrx_word' id='word_1_515' title='bbox 835 180 889 214; x_wconf 73' lang='grc' dir='ltr'>ἔχει</span> <span class='ocrx_word' id='word_1_516' title='bbox 900 186 906 193; x_wconf 90' lang='grc'><strong>·</strong></span> <span class='ocrx_word' id='word_1_517' title='bbox 924 181 946 208; x_wconf 80' lang='grc' dir='ltr'>Α</span> <span class='ocrx_word' id='word_1_518' title='bbox 961 176 1080 206; x_wconf 83' lang='lat' dir='ltr'><strong>videtur,</strong></span> <span class='ocrx_word' id='word_1_519' title='bbox 1097 180 1130 199; x_wconf 87' lang='lat' dir='ltr'><strong>an</strong></span> <span class='ocrx_word' id='word_1_520' title='bbox 1149 176 1266 206; x_wconf 64' lang='lat' dir='ltr'><strong>prmsens</strong></span> <span class='ocrx_word' id='word_1_521' title='bbox 1280 168 1337 194; x_wconf 70' lang='lat' dir='ltr'><strong>luce</strong></span> <span class='ocrx_word' id='word_1_522' title='bbox 1352 166 1416 197; x_wconf 82' lang='lat' dir='ltr'><strong>vita,</strong></span> <span class='ocrx_word' id='word_1_523' title='bbox 1430 171 1511 200; x_wconf 86' lang='lat' dir='ltr'><strong>quam</strong></span> <span class='ocrx_word' id='word_1_524' title='bbox 1531 162 1558 189; x_wconf 92' lang='lat' dir='ltr'><strong>in</strong></span> <span class='ocrx_word' id='word_1_525' title='bbox 1575 170 1657 190; x_wconf 86' lang='lat' dir='ltr'><strong>carne</strong></span> <span class='ocrx_word' id='word_1_526' title='bbox 1669 162 1745 197; x_wconf 78' lang='lat' dir='ltr'><strong>degi-</strong></span> 
     </span>
    </p>
   </div>
   <div class='ocr_carea' id='block_1_66' title="bbox 958 207 1747 252">
    <p class='ocr_par' dir='ltr' id='par_1_66' title="bbox 958 207 1747 252">
     <span class='ocr_line' id='line_1_66' title="bbox 958 207 1747 252; baseline -0.019 -5"><span class='ocrx_word' id='word_1_527' title='bbox 958 228 1029 252; x_wconf 76' lang='lat' dir='ltr'><strong>mus,</strong></span> <span class='ocrx_word' id='word_1_528' title='bbox 1047 217 1109 245; x_wconf 88' lang='lat' dir='ltr'><strong>talis</strong></span> <span class='ocrx_word' id='word_1_529' title='bbox 1126 216 1171 248; x_wconf 89' lang='lat' dir='ltr'><strong>sit,</strong></span> <span class='ocrx_word' id='word_1_530' title='bbox 1184 219 1213 242; x_wconf 89' lang='lat' dir='ltr'><strong>ut</strong></span> <span class='ocrx_word' id='word_1_531' title='bbox 1227 214 1251 241; x_wconf 87' lang='lat' dir='ltr'><strong>ei</strong></span> <span class='ocrx_word' id='word_1_532' title='bbox 1275 216 1339 239; x_wconf 91' lang='lat' dir='ltr'><strong>nota</strong></span> <span class='ocrx_word' id='word_1_533' title='bbox 1366 211 1429 238; x_wconf 88' lang='lat' dir='ltr'><strong>boni</strong></span> <span class='ocrx_word' id='word_1_534' title='bbox 1454 207 1607 240; x_wconf 87' lang='lat' dir='ltr'><strong>conveniat,</strong></span> <span class='ocrx_word' id='word_1_535' title='bbox 1629 214 1662 233; x_wconf 87' lang='lat' dir='ltr'><strong>an</strong></span> <span class='ocrx_word' id='word_1_536' title='bbox 1678 214 1747 234; x_wconf 85' lang='lat' dir='ltr'><strong>con-</strong></span> 
     </span>
    </p>
   </div>
   <div class='ocr_carea' id='block_1_67' title="bbox 959 254 1744 299">
    <p class='ocr_par' dir='ltr' id='par_1_67' title="bbox 959 254 1744 299">
     <span class='ocr_line' id='line_1_67' title="bbox 959 254 1744 299; baseline -0.019 -5"><span class='ocrx_word' id='word_1_537' title='bbox 959 271 1023 294; x_wconf 85' lang='lat' dir='ltr'><strong>tra:</strong></span> <span class='ocrx_word' id='word_1_538' title='bbox 1044 263 1115 299; x_wconf 87' lang='lat' dir='ltr'><strong>quod</strong></span> <span class='ocrx_word' id='word_1_539' title='bbox 1144 262 1216 289; x_wconf 88' lang='lat' dir='ltr'><strong>enim</strong></span> <span class='ocrx_word' id='word_1_540' title='bbox 1247 260 1280 286; x_wconf 90' lang='lat' dir='ltr'><strong>dc</strong></span> <span class='ocrx_word' id='word_1_541' title='bbox 1307 259 1366 293; x_wconf 86' lang='lat' dir='ltr'><strong>ipsa</strong></span> <span class='ocrx_word' id='word_1_542' title='bbox 1388 255 1552 291; x_wconf 82' lang='lat' dir='ltr'><strong>disputando</strong></span> <span class='ocrx_word' id='word_1_543' title='bbox 1583 254 1744 289; x_wconf 78' lang='lat' dir='ltr'><strong>reperietur,</strong></span> 
     </span>
    </p>
   </div>
   <div class='ocr_carea' id='block_1_68' title="bbox 959 300 1747 341">
    <p class='ocr_par' dir='ltr' id='par_1_68' title="bbox 959 300 1747 341">
     <span class='ocr_line' id='line_1_68' title="bbox 959 300 1747 341; baseline -0.018 -1"><span class='ocrx_word' id='word_1_544' title='bbox 959 309 1191 341; x_wconf 73' lang='lat' dir='ltr'><strong>considerantium</strong></span> <span class='ocrx_word' id='word_1_545' title='bbox 1219 306 1324 334; x_wconf 88' lang='lat' dir='ltr'><strong>animos</strong></span> <span class='ocrx_word' id='word_1_546' title='bbox 1346 303 1453 330; x_wconf 83' lang='lat' dir='ltr'><strong>erudiet</strong></span> <span class='ocrx_word' id='word_1_547' title='bbox 1480 300 1618 337; x_wconf 89' lang='lat' dir='ltr'><strong>quomodo</strong></span> <span class='ocrx_word' id='word_1_548' title='bbox 1644 300 1671 327; x_wconf 92' lang='lat' dir='ltr'><strong>in</strong></span> <span class='ocrx_word' id='word_1_549' title='bbox 1699 307 1747 327; x_wconf 89' lang='lat' dir='ltr'><strong>eo-</strong></span> 
     </span>
    </p>
   </div>
   <div class='ocr_carea' id='block_1_69' title="bbox 960 347 1748 388">
    <p class='ocr_par' dir='ltr' id='par_1_69' title="bbox 960 347 1748 388">
     <span class='ocr_line' id='line_1_69' title="bbox 960 347 1748 388; baseline -0.022 -1"><span class='ocrx_word' id='word_1_550' title='bbox 960 367 1021 387; x_wconf 93' lang='lat' dir='ltr'><strong>rum</strong></span> <span class='ocrx_word' id='word_1_551' title='bbox 1045 357 1167 384; x_wconf 80' lang='lat' dir='ltr'><strong>discessu</strong></span> <span class='ocrx_word' id='word_1_552' title='bbox 1183 353 1228 388; x_wconf 95' lang='lat' dir='ltr'><strong>qui</strong></span> <span class='ocrx_word' id='word_1_553' title='bbox 1244 359 1276 379; x_wconf 80' lang='lat' dir='ltr'><strong>ex</strong></span> <span class='ocrx_word' id='word_1_554' title='bbox 1300 350 1344 376; x_wconf 86' lang='lat' dir='ltr'><strong>illa</strong></span> <span class='ocrx_word' id='word_1_555' title='bbox 1363 350 1492 383; x_wconf 77' lang='lat' dir='ltr'><strong>migrant,</strong></span> <span class='ocrx_word' id='word_1_556' title='bbox 1515 347 1586 374; x_wconf 78' lang='lat' dir='ltr'><strong>allici</strong></span> <span class='ocrx_word' id='word_1_557' title='bbox 1613 349 1748 380; x_wconf 87' lang='lat' dir='ltr'><strong>oporteat.</strong></span> 
     </span>
    </p>
   </div>
   <div class='ocr_carea' id='block_1_70' title="bbox 964 393 1749 438">
    <p class='ocr_par' dir='ltr' id='par_1_70' title="bbox 964 393 1749 438">
     <span class='ocr_line' id='line_1_70' title="bbox 964 393 1749 438; baseline -0.023 -5"><span class='ocrx_word' id='word_1_558' title='bbox 964 405 1013 433; x_wconf 89' lang='lat' dir='ltr'><strong>Est</strong></span> <span class='ocrx_word' id='word_1_559' title='bbox 1039 404 1120 438; x_wconf 75' lang='lat' dir='ltr'><strong>igitur</strong></span> <span class='ocrx_word' id='word_1_560' title='bbox 1132 399 1218 428; x_wconf 90' lang='lat' dir='ltr'><strong>nostri</strong></span> <span class='ocrx_word' id='word_1_561' title='bbox 1241 396 1366 432; x_wconf 73' lang='lat' dir='ltr'><strong>corporis</strong></span> <span class='ocrx_word' id='word_1_562' title='bbox 1383 396 1449 425; x_wconf 80' lang='lat' dir='ltr'><strong>vita,</strong></span> <span class='ocrx_word' id='word_1_563' title='bbox 1469 393 1584 428; x_wconf 87' lang='lat' dir='ltr'><strong>repletio</strong></span> <span class='ocrx_word' id='word_1_564' title='bbox 1610 396 1691 426; x_wconf 87' lang='lat' dir='ltr'><strong>atque</strong></span> <span class='ocrx_word' id='word_1_565' title='bbox 1707 398 1749 417; x_wconf 75' lang='lat' dir='ltr'><strong>ex-</strong></span> 
     </span>
    </p>
   </div>
   <div class='ocr_carea' id='block_1_71' title="bbox 965 439 1746 482">
    <p class='ocr_par' dir='ltr' id='par_1_71' title="bbox 965 439 1746 482">
     <span class='ocr_line' id='line_1_71' title="bbox 965 439 1746 482; baseline -0.022 -4"><span class='ocrx_word' id='word_1_566' title='bbox 965 450 1167 482; x_wconf 71' lang='lat' dir='ltr'><strong>iuanitio,qlue</strong></span> <span class='ocrx_word' id='word_1_567' title='bbox 1195 445 1304 480; x_wconf 84' lang='lat' dir='ltr'><strong>quidem</strong></span> <span class='ocrx_word' id='word_1_568' title='bbox 1338 441 1483 476; x_wconf 76' lang='lat' dir='ltr'><strong>dupliciter</strong></span> <span class='ocrx_word' id='word_1_569' title='bbox 1512 439 1590 470; x_wconf 93' lang='lat' dir='ltr'><strong>ﬁuut,</strong></span> <span class='ocrx_word' id='word_1_570' title='bbox 1614 442 1670 464; x_wconf 91' lang='lat' dir='ltr'><strong>tum</strong></span> <span class='ocrx_word' id='word_1_571' title='bbox 1699 444 1746 470; x_wconf 91' lang='lat' dir='ltr'><strong>per</strong></span> 
     </span>
    </p>
   </div>
   <div class='ocr_carea' id='block_1_72' title="bbox 964 481 1751 527">
    <p class='ocr_par' dir='ltr' id='par_1_72' title="bbox 964 481 1751 527">
     <span class='ocr_line' id='line_1_72' title="bbox 964 481 1751 527; baseline -0.022 -4"><span class='ocrx_word' id='word_1_572' title='bbox 964 496 1054 523; x_wconf 80' lang='lat' dir='ltr'><strong>cibum</strong></span> <span class='ocrx_word' id='word_1_573' title='bbox 1066 498 1092 520; x_wconf 88' lang='lat' dir='ltr'><strong>et</strong></span> <span class='ocrx_word' id='word_1_574' title='bbox 1107 497 1211 527; x_wconf 86' lang='lat' dir='ltr'><strong>potum,</strong></span> <span class='ocrx_word' id='word_1_575' title='bbox 1225 495 1281 516; x_wconf 85' lang='lat' dir='ltr'><strong>tum</strong></span> <span class='ocrx_word' id='word_1_576' title='bbox 1294 495 1341 523; x_wconf 82' lang='lat' dir='ltr'><strong>per</strong></span> <span class='ocrx_word' id='word_1_577' title='bbox 1355 486 1425 513; x_wconf 89' lang='lat' dir='ltr'><strong>aeris</strong></span> <span class='ocrx_word' id='word_1_578' title='bbox 1434 484 1622 512; x_wconf 78' lang='lat' dir='ltr'><strong>altractionem</strong></span> <span class='ocrx_word' id='word_1_579' title='bbox 1634 486 1660 509; x_wconf 82' lang='lat' dir='ltr'><strong>et</strong></span> <span class='ocrx_word' id='word_1_580' title='bbox 1670 481 1751 508; x_wconf 82' lang='lat' dir='ltr'><strong>ciuis-</strong></span> 
     </span>
    </p>
   </div>
   <div class='ocr_carea' id='block_1_73' title="bbox 965 526 1753 569">
    <p class='ocr_par' dir='ltr' id='par_1_73' title="bbox 965 526 1753 569">
     <span class='ocr_line' id='line_1_73' title="bbox 965 526 1753 569; baseline -0.022 -1"><span class='ocrx_word' id='word_1_581' title='bbox 965 541 1080 569; x_wconf 89' lang='lat' dir='ltr'><strong>sionem.</strong></span> <span class='ocrx_word' id='word_1_582' title='bbox 1099 537 1144 564; x_wconf 87' lang='lat' dir='ltr'><strong>Sic</strong></span> <span class='ocrx_word' id='word_1_583' title='bbox 1160 537 1232 563; x_wconf 86' lang='lat' dir='ltr'><strong>enim</strong></span> <span class='ocrx_word' id='word_1_584' title='bbox 1250 538 1347 561; x_wconf 89' lang='lat' dir='ltr'><strong>natura</strong></span> <span class='ocrx_word' id='word_1_585' title='bbox 1364 535 1550 567; x_wconf 80' lang='lat' dir='ltr'><strong>comparatum</strong></span> <span class='ocrx_word' id='word_1_586' title='bbox 1568 533 1621 558; x_wconf 81' lang='lat' dir='ltr'><strong>est,</strong></span> <span class='ocrx_word' id='word_1_587' title='bbox 1640 532 1669 553; x_wconf 87' lang='lat' dir='ltr'><strong>ut</strong></span> <span class='ocrx_word' id='word_1_588' title='bbox 1693 526 1753 553; x_wconf 91' lang='lat' dir='ltr'><strong>sine</strong></span> 
     </span>
    </p>
   </div>
   <div class='ocr_carea' id='block_1_74' title="bbox 966 572 1752 614">
    <p class='ocr_par' dir='ltr' id='par_1_74' title="bbox 966 572 1752 614">
     <span class='ocr_line' id='line_1_74' title="bbox 966 572 1752 614; baseline -0.023 0"><span class='ocrx_word' id='word_1_589' title='bbox 966 588 1007 614; x_wconf 91' lang='lat' dir='ltr'><strong>his</strong></span> <span class='ocrx_word' id='word_1_590' title='bbox 1026 586 1052 612; x_wconf 92' lang='lat' dir='ltr'><strong>in</strong></span> <span class='ocrx_word' id='word_1_591' title='bbox 1067 592 1149 611; x_wconf 84' lang='lat' dir='ltr'><strong>carne</strong></span> <span class='ocrx_word' id='word_1_592' title='bbox 1164 583 1255 608; x_wconf 80' lang='lat' dir='ltr'><strong>vivere</strong></span> <span class='ocrx_word' id='word_1_593' title='bbox 1270 576 1522 613; x_wconf 63' lang='lat' dir='ltr'><strong>nequeamusNam</strong></span> <span class='ocrx_word' id='word_1_594' title='bbox 1536 579 1601 601; x_wconf 86' lang='lat' dir='ltr'><strong>tunc</strong></span> <span class='ocrx_word' id='word_1_595' title='bbox 1618 572 1752 599; x_wconf 85' lang='lat' dir='ltr'><strong>hominem</strong></span> 
     </span>
    </p>
   </div>
   <div class='ocr_carea' id='block_1_75' title="bbox 966 621 1754 662">
    <p class='ocr_par' dir='ltr' id='par_1_75' title="bbox 966 621 1754 662">
     <span class='ocr_line' id='line_1_75' title="bbox 966 621 1754 662; baseline -0.023 -2"><span class='ocrx_word' id='word_1_596' title='bbox 966 634 1021 659; x_wconf 85' lang='lat' dir='ltr'><strong>vita</strong></span> <span class='ocrx_word' id='word_1_597' title='bbox 1034 631 1145 661; x_wconf 89' lang='lat' dir='ltr'><strong>deserit,</strong></span> <span class='ocrx_word' id='word_1_598' title='bbox 1175 626 1285 662; x_wconf 85' lang='lat' dir='ltr'><strong>quando</strong></span> <span class='ocrx_word' id='word_1_599' title='bbox 1309 625 1406 652; x_wconf 88' lang='lat' dir='ltr'><strong>horum</strong></span> <span class='ocrx_word' id='word_1_600' title='bbox 1424 621 1626 649; x_wconf 77' lang='lat' dir='ltr'><strong>contrariorum</strong></span> <span class='ocrx_word' id='word_1_601' title='bbox 1642 624 1754 645; x_wconf 90' lang='lat' dir='ltr'><strong>succes—</strong></span> 
     </span>
    </p>
   </div>
   <div class='ocr_carea' id='block_1_76' title="bbox 968 665 1754 706">
    <p class='ocr_par' dir='ltr' id='par_1_76' title="bbox 968 665 1754 706">
     <span class='ocr_line' id='line_1_76' title="bbox 968 665 1754 706; baseline -0.024 0"><span class='ocrx_word' id='word_1_602' title='bbox 968 679 1009 706; x_wconf 91' lang='lat' dir='ltr'><strong>sio</strong></span> <span class='ocrx_word' id='word_1_603' title='bbox 1024 681 1148 703; x_wconf 84' lang='lat' dir='ltr'><strong>naturam</strong></span> <span class='ocrx_word' id='word_1_604' title='bbox 1179 681 1232 700; x_wconf 85' lang='lat' dir='ltr'><strong>non</strong></span> <span class='ocrx_word' id='word_1_605' title='bbox 1250 674 1350 698; x_wconf 87' lang='lat' dir='ltr'><strong>movet.</strong></span> <span class='ocrx_word' id='word_1_606' title='bbox 1378 668 1454 695; x_wconf 88' lang='lat' dir='ltr'><strong>Talis</strong></span> <span class='ocrx_word' id='word_1_607' title='bbox 1478 667 1550 693; x_wconf 87' lang='lat' dir='ltr'><strong>enim</strong></span> <span class='ocrx_word' id='word_1_608' title='bbox 1574 665 1646 691; x_wconf 71' lang='lat' dir='ltr'><strong>actio</strong></span> <span class='ocrx_word' id='word_1_609' title='bbox 1664 665 1754 690; x_wconf 80' lang='lat' dir='ltr'><strong>cessat</strong></span> 
     </span>
    </p>
   </div>
   <div class='ocr_carea' id='block_1_77' title="bbox 969 708 1756 752">
    <p class='ocr_par' dir='ltr' id='par_1_77' title="bbox 969 708 1756 752">
     <span class='ocr_line' id='line_1_77' title="bbox 969 708 1756 752; baseline -0.023 -2"><span class='ocrx_word' id='word_1_610' title='bbox 969 723 1108 752; x_wconf 78' lang='lat' dir='ltr'><strong>universa,</strong></span> <span class='ocrx_word' id='word_1_611' title='bbox 1128 727 1189 747; x_wconf 89' lang='lat' dir='ltr'><strong>cum</strong></span> <span class='ocrx_word' id='word_1_612' title='bbox 1202 717 1269 744; x_wconf 89' lang='lat' dir='ltr'><strong>nihil</strong></span> <span class='ocrx_word' id='word_1_613' title='bbox 1296 714 1469 742; x_wconf 80' lang='lat' dir='ltr'><strong>extrinsecus</strong></span> <span class='ocrx_word' id='word_1_614' title='bbox 1494 712 1522 738; x_wconf 92' lang='lat' dir='ltr'><strong>in</strong></span> <span class='ocrx_word' id='word_1_615' title='bbox 1553 708 1691 736; x_wconf 80' lang='lat' dir='ltr'><strong>defunctis</strong></span> <span class='ocrx_word' id='word_1_616' title='bbox 1706 713 1756 733; x_wconf 90' lang='lat' dir='ltr'><strong>nec</strong></span> 
     </span>
    </p>
   </div>
   <div class='ocr_carea' id='block_1_78' title="bbox 969 754 1759 800">
    <p class='ocr_par' dir='ltr' id='par_1_78' title="bbox 969 754 1759 800">
     <span class='ocr_line' id='line_1_78' title="bbox 969 754 1759 800; baseline -0.024 -4"><span class='ocrx_word' id='word_1_617' title='bbox 969 769 1076 800; x_wconf 83' lang='lat' dir='ltr'><strong>inﬂuat,</strong></span> <span class='ocrx_word' id='word_1_618' title='bbox 1088 773 1139 794; x_wconf 88' lang='lat' dir='ltr'><strong>nec</strong></span> <span class='ocrx_word' id='word_1_619' title='bbox 1152 766 1256 797; x_wconf 86' lang='lat' dir='ltr'><strong>ellluat;</strong></span> <span class='ocrx_word' id='word_1_620' title='bbox 1275 768 1393 796; x_wconf 88' lang='lat' dir='ltr'><strong>eumque</strong></span> <span class='ocrx_word' id='word_1_621' title='bbox 1407 758 1519 794; x_wconf 73' lang='lat' dir='ltr'><strong>singula:</strong></span> <span class='ocrx_word' id='word_1_622' title='bbox 1538 754 1679 783; x_wconf 79' lang='lat' dir='ltr'><strong>cadaveris</strong></span> <span class='ocrx_word' id='word_1_623' title='bbox 1695 759 1759 786; x_wconf 84' lang='lat' dir='ltr'><strong>par-</strong></span> 
     </span>
    </p>
   </div>
   <div class='ocr_carea' id='block_1_79' title="bbox 970 799 1756 848">
    <p class='ocr_par' dir='ltr' id='par_1_79' title="bbox 970 799 1756 848">
     <span class='ocr_line' id='line_1_79' title="bbox 970 799 1756 848; baseline -0.028 -4"><span class='ocrx_word' id='word_1_624' title='bbox 970 821 1012 843; x_wconf 91' lang='lat' dir='ltr'><strong>tes</strong></span> <span class='ocrx_word' id='word_1_625' title='bbox 1027 816 1054 842; x_wconf 90' lang='lat' dir='ltr'><strong>in</strong></span> <span class='ocrx_word' id='word_1_626' title='bbox 1067 816 1183 848; x_wconf 80' lang='lat' dir='ltr'><strong>cognata</strong></span> <span class='ocrx_word' id='word_1_627' title='bbox 1196 811 1248 838; x_wconf 84' lang='lat' dir='ltr'><strong>sibi</strong></span> <span class='ocrx_word' id='word_1_628' title='bbox 1262 809 1396 837; x_wconf 82' lang='lat' dir='ltr'><strong>elementa</strong></span> <span class='ocrx_word' id='word_1_629' title='bbox 1411 805 1541 832; x_wconf 87' lang='lat' dir='ltr'><strong>recedant</strong></span> <span class='ocrx_word' id='word_1_630' title='bbox 1558 810 1589 828; x_wconf 87' lang='lat' dir='ltr'><strong>ac</strong></span> <span class='ocrx_word' id='word_1_631' title='bbox 1603 799 1756 828; x_wconf 79' lang='lat' dir='ltr'><strong>dissolvan-</strong></span> 
     </span>
    </p>
   </div>
   <div class='ocr_carea' id='block_1_80' title="bbox 972 843 1761 892">
    <p class='ocr_par' dir='ltr' id='par_1_80' title="bbox 972 843 1761 892">
     <span class='ocr_line' id='line_1_80' title="bbox 972 843 1761 892; baseline -0.025 -3"><span class='ocrx_word' id='word_1_632' title='bbox 972 866 1027 892; x_wconf 87' lang='lat' dir='ltr'><strong>tur,</strong></span> <span class='ocrx_word' id='word_1_633' title='bbox 1045 863 1143 887; x_wconf 89' lang='lat' dir='ltr'><strong>natura</strong></span> <span class='ocrx_word' id='word_1_634' title='bbox 1160 857 1290 890; x_wconf 76' lang='lat' dir='ltr'><strong>deinceps</strong></span> <span class='ocrx_word' id='word_1_635' title='bbox 1306 851 1486 887; x_wconf 74' lang='lat' dir='ltr'><strong>conquiescit,</strong></span> <span class='ocrx_word' id='word_1_636' title='bbox 1503 856 1567 876; x_wconf 83' lang='lat' dir='ltr'><strong>suas</strong></span> <span class='ocrx_word' id='word_1_637' title='bbox 1585 848 1684 881; x_wconf 86' lang='lat' dir='ltr'><strong>cuique</strong></span> <span class='ocrx_word' id='word_1_638' title='bbox 1708 843 1761 871; x_wconf 88' lang='lat' dir='ltr'><strong>ele-</strong></span> 
     </span>
    </p>
   </div>
   <div class='ocr_carea' id='block_1_81' title="bbox 972 893 1759 939">
    <p class='ocr_par' dir='ltr' id='par_1_81' title="bbox 972 893 1759 939">
     <span class='ocr_line' id='line_1_81' title="bbox 972 893 1759 939; baseline -0.027 -4"><span class='ocrx_word' id='word_1_639' title='bbox 972 910 1064 934; x_wconf 88' lang='lat' dir='ltr'><strong>mento</strong></span> <span class='ocrx_word' id='word_1_640' title='bbox 1074 906 1203 939; x_wconf 82' lang='lat' dir='ltr'><strong>cognatas</strong></span> <span class='ocrx_word' id='word_1_641' title='bbox 1221 909 1252 928; x_wconf 87' lang='lat' dir='ltr'><strong>ac</strong></span> <span class='ocrx_word' id='word_1_642' title='bbox 1270 899 1374 927; x_wconf 86' lang='lat' dir='ltr'><strong>similes</strong></span> <span class='ocrx_word' id='word_1_643' title='bbox 1389 901 1480 932; x_wconf 86' lang='lat' dir='ltr'><strong>partes</strong></span> <span class='ocrx_word' id='word_1_644' title='bbox 1492 893 1651 922; x_wconf 84' lang='lat' dir='ltr'><strong>restituens,</strong></span> <span class='ocrx_word' id='word_1_645' title='bbox 1669 894 1759 920; x_wconf 70' lang='lat' dir='ltr'><strong>terrm,</strong></span> 
     </span>
    </p>
   </div>
   <div class='ocr_carea' id='block_1_82' title="bbox 974 937 1759 988">
    <p class='ocr_par' dir='ltr' id='par_1_82' title="bbox 974 937 1759 988">
     <span class='ocr_line' id='line_1_82' title="bbox 974 937 1759 988; baseline -0.025 -8"><span class='ocrx_word' id='word_1_646' title='bbox 974 953 1046 988; x_wconf 91' lang='lat' dir='ltr'><strong>quod</strong></span> <span class='ocrx_word' id='word_1_647' title='bbox 1073 955 1212 979; x_wconf 86' lang='lat' dir='ltr'><strong>terrenum</strong></span> <span class='ocrx_word' id='word_1_648' title='bbox 1231 950 1288 978; x_wconf 81' lang='lat' dir='ltr'><strong>est;</strong></span> <span class='ocrx_word' id='word_1_649' title='bbox 1317 943 1389 979; x_wconf 88' lang='lat' dir='ltr'><strong>quod</strong></span> <span class='ocrx_word' id='word_1_650' title='bbox 1423 948 1543 971; x_wconf 86' lang='lat' dir='ltr'><strong>aereum,</strong></span> <span class='ocrx_word' id='word_1_651' title='bbox 1573 937 1648 969; x_wconf 84' lang='lat' dir='ltr'><strong>aeri;</strong></span> <span class='ocrx_word' id='word_1_652' title='bbox 1673 942 1759 970; x_wconf 61' lang='lat' dir='ltr'><strong>aquas,</strong></span> 
     </span>
    </p>
   </div>
   <div class='ocr_carea' id='block_1_83' title="bbox 974 983 1762 1035">
    <p class='ocr_par' dir='ltr' id='par_1_83' title="bbox 974 983 1762 1035">
     <span class='ocr_line' id='line_1_83' title="bbox 974 983 1762 1035; baseline -0.028 -8"><span class='ocrx_word' id='word_1_653' title='bbox 974 999 1049 1035; x_wconf 92' lang='lat' dir='ltr'><strong>quod</strong></span> <span class='ocrx_word' id='word_1_654' title='bbox 1061 1006 1094 1025; x_wconf 78' lang='lat' dir='ltr'><strong>ex</strong></span> <span class='ocrx_word' id='word_1_655' title='bbox 1110 1003 1181 1031; x_wconf 85' lang='lat' dir='ltr'><strong>aqua</strong></span> <span class='ocrx_word' id='word_1_656' title='bbox 1199 995 1323 1024; x_wconf 79' lang='lat' dir='ltr'><strong>constat;</strong></span> <span class='ocrx_word' id='word_1_657' title='bbox 1338 995 1365 1017; x_wconf 89' lang='lat' dir='ltr'><strong>et</strong></span> <span class='ocrx_word' id='word_1_658' title='bbox 1381 988 1447 1023; x_wconf 83' lang='lat' dir='ltr'><strong>igni,</strong></span> <span class='ocrx_word' id='word_1_659' title='bbox 1463 985 1535 1021; x_wconf 91' lang='lat' dir='ltr'><strong>quod</strong></span> <span class='ocrx_word' id='word_1_660' title='bbox 1560 983 1631 1010; x_wconf 91' lang='lat' dir='ltr'><strong>illius</strong></span> <span class='ocrx_word' id='word_1_661' title='bbox 1647 987 1688 1008; x_wconf 84' lang='lat' dir='ltr'><strong>est</strong></span> <span class='ocrx_word' id='word_1_662' title='bbox 1699 988 1762 1015; x_wconf 88' lang='lat' dir='ltr'><strong>pro-</strong></span> 
     </span>
    </p>
   </div>
   <div class='ocr_carea' id='block_1_84' title="bbox 976 1028 1763 1080">
    <p class='ocr_par' dir='ltr' id='par_1_84' title="bbox 976 1028 1763 1080">
     <span class='ocr_line' id='line_1_84' title="bbox 976 1028 1763 1080; baseline -0.025 -10"><span class='ocrx_word' id='word_1_663' title='bbox 976 1044 1076 1080; x_wconf 82' lang='lat' dir='ltr'><strong>prium.</strong></span> <span class='ocrx_word' id='word_1_664' title='bbox 1097 1041 1204 1068; x_wconf 86' lang='lat' dir='ltr'><strong>Etenim</strong></span> <span class='ocrx_word' id='word_1_665' title='bbox 1220 1044 1282 1065; x_wconf 91' lang='lat' dir='ltr'><strong>eum</strong></span> <span class='ocrx_word' id='word_1_666' title='bbox 1311 1035 1356 1061; x_wconf 91' lang='lat' dir='ltr'><strong>illa</strong></span> <span class='ocrx_word' id='word_1_667' title='bbox 1376 1032 1499 1067; x_wconf 91' lang='lat' dir='ltr'><strong>corporis</strong></span> <span class='ocrx_word' id='word_1_668' title='bbox 1520 1028 1616 1059; x_wconf 85' lang='lat' dir='ltr'><strong>moles,</strong></span> <span class='ocrx_word' id='word_1_669' title='bbox 1634 1033 1694 1061; x_wconf 67' lang='lat' dir='ltr'><strong>quae</strong></span> <span class='ocrx_word' id='word_1_670' title='bbox 1716 1031 1763 1059; x_wconf 87' lang='lat' dir='ltr'><strong>per</strong></span> 
     </span>
    </p>
   </div>
   <div class='ocr_carea' id='block_1_85' title="bbox 976 1073 1762 1116">
    <p class='ocr_par' dir='ltr' id='par_1_85' title="bbox 976 1073 1762 1116">
     <span class='ocr_line' id='line_1_85' title="bbox 976 1073 1762 1116; baseline -0.029 1"><span class='ocrx_word' id='word_1_671' title='bbox 976 1090 1031 1116; x_wconf 69' lang='lat' dir='ltr'><strong>vim</strong></span> <span class='ocrx_word' id='word_1_672' title='bbox 1045 1096 1076 1116; x_wconf 71' lang='lat' dir='ltr'><strong>ex</strong></span> <span class='ocrx_word' id='word_1_673' title='bbox 1089 1084 1206 1114; x_wconf 73' lang='lat' dir='ltr'><strong>diversis</strong></span> <span class='ocrx_word' id='word_1_674' title='bbox 1226 1080 1371 1116; x_wconf 75' lang='lat' dir='ltr'><strong>generibus</strong></span> <span class='ocrx_word' id='word_1_675' title='bbox 1389 1079 1483 1104; x_wconf 88' lang='lat' dir='ltr'><strong>coacta</strong></span> <span class='ocrx_word' id='word_1_676' title='bbox 1499 1076 1681 1105; x_wconf 84' lang='lat' dir='ltr'><strong>concretaque</strong></span> <span class='ocrx_word' id='word_1_677' title='bbox 1693 1073 1762 1099; x_wconf 83' lang='lat' dir='ltr'><strong>erat,</strong></span> 
     </span>
    </p>
   </div>
   <div class='ocr_carea' id='block_1_86' title="bbox 978 1112 1769 1167">
    <p class='ocr_par' dir='ltr' id='par_1_86' title="bbox 978 1112 1769 1167">
     <span class='ocr_line' id='line_1_86' title="bbox 978 1112 1769 1167; baseline -0.028 -5"><span class='ocrx_word' id='word_1_678' title='bbox 978 1143 1032 1163; x_wconf 88' lang='lat' dir='ltr'><strong>non</strong></span> <span class='ocrx_word' id='word_1_679' title='bbox 1046 1132 1163 1167; x_wconf 75' lang='lat' dir='ltr'><strong>amplius</strong></span> <span class='ocrx_word' id='word_1_680' title='bbox 1174 1128 1318 1157; x_wconf 87' lang='lat' dir='ltr'><strong>consistat,</strong></span> <span class='ocrx_word' id='word_1_681' title='bbox 1334 1123 1382 1152; x_wconf 89' lang='lat' dir='ltr'><strong>sed</strong></span> <span class='ocrx_word' id='word_1_682' title='bbox 1410 1128 1506 1149; x_wconf 88' lang='lat' dir='ltr'><strong>omnes</strong></span> <span class='ocrx_word' id='word_1_683' title='bbox 1519 1119 1591 1146; x_wconf 90' lang='lat' dir='ltr'><strong>illius</strong></span> <span class='ocrx_word' id='word_1_684' title='bbox 1620 1120 1712 1151; x_wconf 83' lang='lat' dir='ltr'><strong>partes</strong></span> <span class='ocrx_word' id='word_1_685' title='bbox 1731 1112 1769 1140; x_wconf 77' lang='lat' dir='ltr'><strong>ad‘</strong></span> 
     </span>
    </p>
   </div>
   <div class='ocr_carea' id='block_1_87' title="bbox 980 1167 1766 1214">
    <p class='ocr_par' dir='ltr' id='par_1_87' title="bbox 980 1167 1766 1214">
     <span class='ocr_line' id='line_1_87' title="bbox 980 1167 1766 1214; baseline -0.031 -5"><span class='ocrx_word' id='word_1_686' title='bbox 980 1188 1044 1209; x_wconf 89' lang='lat' dir='ltr'><strong>suas</strong></span> <span class='ocrx_word' id='word_1_687' title='bbox 1056 1184 1170 1214; x_wconf 86' lang='lat' dir='ltr'><strong>quaeque</strong></span> <span class='ocrx_word' id='word_1_688' title='bbox 1184 1174 1263 1202; x_wconf 86' lang='lat' dir='ltr'><strong>sedes</strong></span> <span class='ocrx_word' id='word_1_689' title='bbox 1280 1177 1396 1199; x_wconf 67' lang='lat' dir='ltr'><strong>reversm</strong></span> <span class='ocrx_word' id='word_1_690' title='bbox 1425 1168 1490 1198; x_wconf 84' lang='lat' dir='ltr'><strong>sint,</strong></span> <span class='ocrx_word' id='word_1_691' title='bbox 1517 1169 1626 1196; x_wconf 81' lang='lat' dir='ltr'><strong>natura,</strong></span> <span class='ocrx_word' id='word_1_692' title='bbox 1649 1168 1710 1196; x_wconf 65' lang='lat' dir='ltr'><strong>quae</strong></span> <span class='ocrx_word' id='word_1_693' title='bbox 1733 1167 1766 1187; x_wconf 73' lang='lat' dir='ltr'><strong>ex</strong></span> 
     </span>
    </p>
   </div>
   <div class='ocr_carea' id='block_1_88' title="bbox 981 1212 1766 1253">
    <p class='ocr_par' dir='ltr' id='par_1_88' title="bbox 981 1212 1766 1253">
     <span class='ocr_line' id='line_1_88' title="bbox 981 1212 1766 1253; baseline -0.028 0"><span class='ocrx_word' id='word_1_694' title='bbox 981 1227 1025 1253; x_wconf 87' lang='lat' dir='ltr'><strong>illa</strong></span> <span class='ocrx_word' id='word_1_695' title='bbox 1044 1223 1205 1252; x_wconf 81' lang='lat' dir='ltr'><strong>constabat,</strong></span> <span class='ocrx_word' id='word_1_696' title='bbox 1226 1219 1428 1250; x_wconf 86' lang='lat' dir='ltr'><strong>violentamqne</strong></span> <span class='ocrx_word' id='word_1_697' title='bbox 1445 1212 1616 1240; x_wconf 84' lang='lat' dir='ltr'><strong>diversorum</strong></span> <span class='ocrx_word' id='word_1_698' title='bbox 1638 1212 1766 1243; x_wconf 78' lang='lat' dir='ltr'><strong>generum</strong></span> 
     </span>
    </p>
   </div>
   <div class='ocr_carea' id='block_1_89' title="bbox 982 1253 1769 1305">
    <p class='ocr_par' dir='ltr' id='par_1_89' title="bbox 982 1253 1769 1305">
     <span class='ocr_line' id='line_1_89' title="bbox 982 1253 1769 1305; baseline -0.029 -6"><span class='ocrx_word' id='word_1_699' title='bbox 982 1270 1204 1305; x_wconf 69' lang='lat' dir='ltr'><strong>coniunctionem</strong></span> <span class='ocrx_word' id='word_1_700' title='bbox 1213 1263 1381 1293; x_wconf 73' lang='lat' dir='ltr'><strong>continebat,</strong></span> <span class='ocrx_word' id='word_1_701' title='bbox 1397 1261 1476 1287; x_wconf 82' lang='lat' dir='ltr'><strong>ﬁnem</strong></span> <span class='ocrx_word' id='word_1_702' title='bbox 1498 1257 1588 1284; x_wconf 82' lang='lat' dir='ltr'><strong>habet.</strong></span> <span class='ocrx_word' id='word_1_703' title='bbox 1601 1254 1629 1280; x_wconf 90' lang='lat' dir='ltr'><strong>Si</strong></span> <span class='ocrx_word' id='word_1_704' title='bbox 1644 1253 1705 1288; x_wconf 90' lang='lat' dir='ltr'><strong>quis</strong></span> <span class='ocrx_word' id='word_1_705' title='bbox 1722 1258 1769 1277; x_wconf 89' lang='lat' dir='ltr'><strong>au-</strong></span> 
     </span>
    </p>
   </div>
   <div class='ocr_carea' id='block_1_90' title="bbox 984 1299 1771 1351">
    <p class='ocr_par' dir='ltr' id='par_1_90' title="bbox 984 1299 1771 1351">
     <span class='ocr_line' id='line_1_90' title="bbox 984 1299 1771 1351; baseline -0.03 -5"><span class='ocrx_word' id='word_1_706' title='bbox 984 1323 1036 1346; x_wconf 86' lang='lat' dir='ltr'><strong>tem</strong></span> <span class='ocrx_word' id='word_1_707' title='bbox 1056 1321 1117 1351; x_wconf 83' lang='lat' dir='ltr'><strong>post</strong></span> <span class='ocrx_word' id='word_1_708' title='bbox 1134 1315 1179 1342; x_wconf 91' lang='lat' dir='ltr'><strong>illa</strong></span> <span class='ocrx_word' id='word_1_709' title='bbox 1197 1320 1258 1348; x_wconf 71' lang='lat' dir='ltr'><strong>qua:</strong></span> <span class='ocrx_word' id='word_1_710' title='bbox 1278 1311 1351 1338; x_wconf 89' lang='lat' dir='ltr'><strong>dicta</strong></span> <span class='ocrx_word' id='word_1_711' title='bbox 1363 1311 1438 1338; x_wconf 86' lang='lat' dir='ltr'><strong>sunt,</strong></span> <span class='ocrx_word' id='word_1_712' title='bbox 1457 1305 1520 1332; x_wconf 87' lang='lat' dir='ltr'><strong>huic</strong></span> <span class='ocrx_word' id='word_1_713' title='bbox 1538 1301 1630 1338; x_wconf 77' lang='lat' dir='ltr'><strong>generi</strong></span> <span class='ocrx_word' id='word_1_714' title='bbox 1647 1299 1708 1326; x_wconf 74' lang='lat' dir='ltr'><strong>vitae</strong></span> <span class='ocrx_word' id='word_1_715' title='bbox 1727 1304 1771 1324; x_wconf 80' lang='lat' dir='ltr'><strong>so-</strong></span> 
     </span>
    </p>
   </div>
   <div class='ocr_carea' id='block_1_91' title="bbox 984 1345 1772 1394">
    <p class='ocr_par' dir='ltr' id='par_1_91' title="bbox 984 1345 1772 1394">
     <span class='ocr_line' id='line_1_91' title="bbox 984 1345 1772 1394; baseline -0.029 -3"><span class='ocrx_word' id='word_1_716' title='bbox 984 1371 1077 1392; x_wconf 88' lang='lat' dir='ltr'><strong>mnum</strong></span> <span class='ocrx_word' id='word_1_717' title='bbox 1093 1366 1120 1389; x_wconf 86' lang='lat' dir='ltr'><strong>et</strong></span> <span class='ocrx_word' id='word_1_718' title='bbox 1132 1360 1252 1394; x_wconf 75' lang='lat' dir='ltr'><strong>vigiliam</strong></span> <span class='ocrx_word' id='word_1_719' title='bbox 1265 1354 1433 1391; x_wconf 81' lang='lat' dir='ltr'><strong>adjunxerit,</strong></span> <span class='ocrx_word' id='word_1_720' title='bbox 1445 1360 1458 1379; x_wconf 91' lang='lat' dir='ltr'><strong>a</strong></span> <span class='ocrx_word' id='word_1_721' title='bbox 1474 1350 1587 1377; x_wconf 83' lang='lat' dir='ltr'><strong>veritate</strong></span> <span class='ocrx_word' id='word_1_722' title='bbox 1596 1354 1650 1373; x_wconf 92' lang='lat' dir='ltr'><strong>non</strong></span> <span class='ocrx_word' id='word_1_723' title='bbox 1662 1345 1772 1371; x_wconf 88' lang='lat' dir='ltr'><strong>aberra-</strong></span> 
     </span>
    </p>
   </div>
   <div class='ocr_carea' id='block_1_92' title="bbox 987 1389 1773 1439">
    <p class='ocr_par' dir='ltr' id='par_1_92' title="bbox 987 1389 1773 1439">
     <span class='ocr_line' id='line_1_92' title="bbox 987 1389 1773 1439; baseline -0.031 -1"><span class='ocrx_word' id='word_1_724' title='bbox 987 1411 1034 1438; x_wconf 90' lang='lat' dir='ltr'><strong>bil.</strong></span> <span class='ocrx_word' id='word_1_725' title='bbox 1057 1408 1122 1435; x_wconf 84' lang='lat' dir='ltr'><strong>Nam</strong></span> <span class='ocrx_word' id='word_1_726' title='bbox 1143 1406 1185 1433; x_wconf 89' lang='lat' dir='ltr'><strong>his</strong></span> <span class='ocrx_word' id='word_1_727' title='bbox 1206 1389 1316 1439; x_wconf 77' lang='lat' dir='ltr'><strong>quoque</strong></span> <span class='ocrx_word' id='word_1_728' title='bbox 1339 1405 1438 1427; x_wconf 88' lang='lat' dir='ltr'><strong>natura</strong></span> <span class='ocrx_word' id='word_1_729' title='bbox 1465 1397 1582 1426; x_wconf 85' lang='lat' dir='ltr'><strong>laborat,</strong></span> <span class='ocrx_word' id='word_1_730' title='bbox 1609 1389 1773 1424; x_wconf 86' lang='lat' dir='ltr'><strong>assidueque</strong></span> 
     </span>
    </p>
   </div>
   <div class='ocr_carea' id='block_1_93' title="bbox 988 1436 1773 1483">
    <p class='ocr_par' dir='ltr' id='par_1_93' title="bbox 988 1436 1773 1483">
     <span class='ocr_line' id='line_1_93' title="bbox 988 1436 1773 1483; baseline -0.028 -1"><span class='ocrx_word' id='word_1_731' title='bbox 988 1456 1015 1483; x_wconf 94' lang='lat' dir='ltr'><strong>in</strong></span> <span class='ocrx_word' id='word_1_732' title='bbox 1030 1452 1167 1481; x_wconf 72' lang='lat' dir='ltr'><strong>contraria</strong></span> <span class='ocrx_word' id='word_1_733' title='bbox 1181 1448 1353 1478; x_wconf 88' lang='lat' dir='ltr'><strong>distrahitur,</strong></span> <span class='ocrx_word' id='word_1_734' title='bbox 1370 1444 1435 1471; x_wconf 89' lang='lat' dir='ltr'><strong>dum</strong></span> <span class='ocrx_word' id='word_1_735' title='bbox 1451 1442 1494 1469; x_wconf 86' lang='lat' dir='ltr'><strong>vel</strong></span> <span class='ocrx_word' id='word_1_736' title='bbox 1521 1446 1617 1467; x_wconf 86' lang='lat' dir='ltr'><strong>somno</strong></span> <span class='ocrx_word' id='word_1_737' title='bbox 1644 1436 1773 1465; x_wconf 66' lang='lat' dir='ltr'><strong>solvitur.</strong></span> 
     </span>
    </p>
   </div>
   <div class='ocr_carea' id='block_1_94' title="bbox 988 1480 1775 1533">
    <p class='ocr_par' dir='ltr' id='par_1_94' title="bbox 988 1480 1775 1533">
     <span class='ocr_line' id='line_1_94' title="bbox 988 1480 1775 1533; baseline -0.028 -5"><span class='ocrx_word' id='word_1_738' title='bbox 988 1501 1030 1528; x_wconf 84' lang='lat' dir='ltr'><strong>vel</strong></span> <span class='ocrx_word' id='word_1_739' title='bbox 1044 1499 1134 1533; x_wconf 78' lang='lat' dir='ltr'><strong>vigilia</strong></span> <span class='ocrx_word' id='word_1_740' title='bbox 1152 1502 1261 1524; x_wconf 86' lang='lat' dir='ltr'><strong>rursum</strong></span> <span class='ocrx_word' id='word_1_741' title='bbox 1283 1491 1462 1520; x_wconf 79' lang='lat' dir='ltr'><strong>continuatur</strong></span> <span class='ocrx_word' id='word_1_742' title='bbox 1480 1497 1486 1514; x_wconf 89' lang='lat'>:</span> <span class='ocrx_word' id='word_1_743' title='bbox 1511 1487 1563 1513; x_wconf 88' lang='lat' dir='ltr'><strong>hac</strong></span> <span class='ocrx_word' id='word_1_744' title='bbox 1591 1484 1664 1511; x_wconf 80' lang='lat' dir='ltr'><strong>enim</strong></span> <span class='ocrx_word' id='word_1_745' title='bbox 1691 1480 1775 1509; x_wconf 80' lang='lat' dir='ltr'><strong>vicis—</strong></span> 
     </span>
    </p>
   </div>
   <div class='ocr_carea' id='block_1_95' title="bbox 989 1525 1777 1573">
    <p class='ocr_par' dir='ltr' id='par_1_95' title="bbox 989 1525 1777 1573">
     <span class='ocr_line' id='line_1_95' title="bbox 989 1525 1777 1573; baseline -0.027 -1"><span class='ocrx_word' id='word_1_746' title='bbox 989 1544 1108 1573; x_wconf 87' lang='lat' dir='ltr'><strong>situdine</strong></span> <span class='ocrx_word' id='word_1_747' title='bbox 1145 1541 1178 1568; x_wconf 89' lang='lat' dir='ltr'><strong>ad</strong></span> <span class='ocrx_word' id='word_1_748' title='bbox 1211 1536 1438 1567; x_wconf 82' lang='lat' dir='ltr'><strong>exinauiendum,</strong></span> <span class='ocrx_word' id='word_1_749' title='bbox 1475 1529 1689 1566; x_wconf 85' lang='lat' dir='ltr'><strong>rcplendumque</strong></span> <span class='ocrx_word' id='word_1_750' title='bbox 1721 1525 1777 1553; x_wconf 90' lang='lat' dir='ltr'><strong>dis-</strong></span> 
     </span>
    </p>
   </div>
   <div class='ocr_carea' id='block_1_96' title="bbox 989 1572 1777 1627">
    <p class='ocr_par' dir='ltr' id='par_1_96' title="bbox 989 1572 1777 1627">
     <span class='ocr_line' id='line_1_96' title="bbox 989 1572 1777 1627; baseline -0.028 -9"><span class='ocrx_word' id='word_1_751' title='bbox 989 1586 1111 1627; x_wconf 83' lang='lat' dir='ltr'><strong>ponitur.</strong></span> <span class='ocrx_word' id='word_1_752' title='bbox 1147 1585 1331 1619; x_wconf 78' lang='lat' dir='ltr'><strong>Quamobrem</strong></span> <span class='ocrx_word' id='word_1_753' title='bbox 1367 1581 1391 1609; x_wconf 89' lang='lat' dir='ltr'><strong>si</strong></span> <span class='ocrx_word' id='word_1_754' title='bbox 1417 1580 1479 1607; x_wconf 64' lang='lat' dir='ltr'><strong>vita:</strong></span> <span class='ocrx_word' id='word_1_755' title='bbox 1510 1581 1610 1604; x_wconf 83' lang='lat' dir='ltr'><strong>nostrae</strong></span> <span class='ocrx_word' id='word_1_756' title='bbox 1636 1572 1777 1609; x_wconf 88' lang='lat' dir='ltr'><strong>proprium</strong></span> 
     </span>
    </p>
   </div>
   <div class='ocr_carea' id='block_1_97' title="bbox 990 1618 1778 1666">
    <p class='ocr_par' dir='ltr' id='par_1_97' title="bbox 990 1618 1778 1666">
     <span class='ocr_line' id='line_1_97' title="bbox 990 1618 1778 1666; baseline -0.028 -2"><span class='ocrx_word' id='word_1_757' title='bbox 990 1636 1057 1664; x_wconf 93' lang='lat' dir='ltr'><strong>illud</strong></span> <span class='ocrx_word' id='word_1_758' title='bbox 1069 1639 1121 1666; x_wconf 87' lang='lat' dir='ltr'><strong>est,</strong></span> <span class='ocrx_word' id='word_1_759' title='bbox 1137 1637 1166 1661; x_wconf 90' lang='lat' dir='ltr'><strong>ut</strong></span> <span class='ocrx_word' id='word_1_760' title='bbox 1185 1640 1199 1659; x_wconf 90' lang='lat' dir='ltr'><strong>a</strong></span> <span class='ocrx_word' id='word_1_761' title='bbox 1215 1630 1374 1665; x_wconf 85' lang='lat' dir='ltr'><strong>repletione,</strong></span> <span class='ocrx_word' id='word_1_762' title='bbox 1393 1624 1635 1656; x_wconf 83' lang='lat' dir='ltr'><strong>exinanitionequc</strong></span> <span class='ocrx_word' id='word_1_763' title='bbox 1652 1618 1778 1654; x_wconf 85' lang='lat' dir='ltr'><strong>pendeat,</strong></span> 
     </span>
    </p>
   </div>
   <div class='ocr_carea' id='block_1_98' title="bbox 993 1666 1781 1710">
    <p class='ocr_par' dir='ltr' id='par_1_98' title="bbox 993 1666 1781 1710">
     <span class='ocr_line' id='line_1_98' title="bbox 993 1666 1781 1710; baseline -0.027 0"><span class='ocrx_word' id='word_1_764' title='bbox 993 1690 1046 1710; x_wconf 89' lang='lat' dir='ltr'><strong>non</strong></span> <span class='ocrx_word' id='word_1_765' title='bbox 1070 1681 1187 1708; x_wconf 74' lang='lat' dir='ltr'><strong>alienum</strong></span> <span class='ocrx_word' id='word_1_766' title='bbox 1203 1679 1255 1705; x_wconf 87' lang='lat' dir='ltr'><strong>erit</strong></span> <span class='ocrx_word' id='word_1_767' title='bbox 1282 1680 1311 1702; x_wconf 92' lang='lat' dir='ltr'><strong>ut</strong></span> <span class='ocrx_word' id='word_1_768' title='bbox 1332 1673 1396 1701; x_wconf 91' lang='lat' dir='ltr'><strong>boni</strong></span> <span class='ocrx_word' id='word_1_769' title='bbox 1411 1675 1502 1699; x_wconf 89' lang='lat' dir='ltr'><strong>notam</strong></span> <span class='ocrx_word' id='word_1_770' title='bbox 1534 1673 1561 1696; x_wconf 90' lang='lat' dir='ltr'><strong>et</strong></span> <span class='ocrx_word' id='word_1_771' title='bbox 1575 1666 1706 1694; x_wconf 84' lang='lat' dir='ltr'><strong>iudicium</strong></span> <span class='ocrx_word' id='word_1_772' title='bbox 1718 1671 1781 1691; x_wconf 92' lang='lat' dir='ltr'><strong>cum</strong></span> 
     </span>
    </p>
   </div>
   <div class='ocr_carea' id='block_1_99' title="bbox 994 1710 1783 1763">
    <p class='ocr_par' dir='ltr' id='par_1_99' title="bbox 994 1710 1783 1763">
     <span class='ocr_line' id='line_1_99' title="bbox 994 1710 1783 1763; baseline -0.028 -6"><span class='ocrx_word' id='word_1_773' title='bbox 994 1730 1036 1756; x_wconf 88' lang='lat' dir='ltr'><strong>his</strong></span> <span class='ocrx_word' id='word_1_774' title='bbox 1051 1735 1111 1763; x_wconf 62' lang='lat' dir='ltr'><strong>quae</strong></span> <span class='ocrx_word' id='word_1_775' title='bbox 1128 1726 1207 1753; x_wconf 85' lang='lat' dir='ltr'><strong>istius</strong></span> <span class='ocrx_word' id='word_1_776' title='bbox 1224 1724 1286 1750; x_wconf 71' lang='lat' dir='ltr'><strong>vitm</strong></span> <span class='ocrx_word' id='word_1_777' title='bbox 1302 1720 1411 1756; x_wconf 87' lang='lat' dir='ltr'><strong>propria</strong></span> <span class='ocrx_word' id='word_1_778' title='bbox 1427 1722 1502 1748; x_wconf 84' lang='lat' dir='ltr'><strong>sunt,</strong></span> <span class='ocrx_word' id='word_1_779' title='bbox 1528 1714 1711 1743; x_wconf 83' lang='lat' dir='ltr'><strong>conferamus,</strong></span> <span class='ocrx_word' id='word_1_780' title='bbox 1728 1710 1783 1737; x_wconf 83' lang='lat' dir='ltr'><strong>dis-</strong></span> 
     </span>
    </p>
   </div>
   <div class='ocr_carea' id='block_1_100' title="bbox 994 1759 1784 1810">
    <p class='ocr_par' dir='ltr' id='par_1_100' title="bbox 994 1759 1784 1810">
     <span class='ocr_line' id='line_1_100' title="bbox 994 1759 1784 1810; baseline -0.027 -8"><span class='ocrx_word' id='word_1_781' title='bbox 994 1775 1182 1810; x_wconf 81' lang='lat' dir='ltr'><strong>piciamusque</strong></span> <span class='ocrx_word' id='word_1_782' title='bbox 1215 1774 1308 1797; x_wconf 90' lang='lat' dir='ltr'><strong>utrum</strong></span> <span class='ocrx_word' id='word_1_783' title='bbox 1339 1768 1398 1801; x_wconf 86' lang='lat' dir='ltr'><strong>ipsa</strong></span> <span class='ocrx_word' id='word_1_784' title='bbox 1425 1764 1480 1791; x_wconf 87' lang='lat' dir='ltr'><strong>sint</strong></span> <span class='ocrx_word' id='word_1_785' title='bbox 1503 1768 1596 1789; x_wconf 87' lang='lat' dir='ltr'><strong>verum</strong></span> <span class='ocrx_word' id='word_1_786' title='bbox 1622 1759 1734 1787; x_wconf 90' lang='lat' dir='ltr'><strong>bonum.</strong></span> <span class='ocrx_word' id='word_1_787' title='bbox 1750 1763 1784 1782; x_wconf 84' lang='lat' dir='ltr'><strong>an</strong></span> 
     </span>
    </p>
   </div>
   <div class='ocr_carea' id='block_1_101' title="bbox 996 1802 1786 1854">
    <p class='ocr_par' dir='ltr' id='par_1_101' title="bbox 996 1802 1786 1854">
     <span class='ocr_line' id='line_1_101' title="bbox 996 1802 1786 1854; baseline -0.028 -6"><span class='ocrx_word' id='word_1_788' title='bbox 996 1802 1069 1848; x_wconf 67' lang='lat' dir='ltr'><strong>aliud</strong></span> <span class='ocrx_word' id='word_1_789' title='bbox 1085 1802 1224 1854; x_wconf 78' lang='lat' dir='ltr'><strong>quidpiam</strong></span> <span class='ocrx_word' id='word_1_790' title='bbox 1238 1815 1272 1842; x_wconf 87' lang='lat' dir='ltr'><strong>ab</strong></span> <span class='ocrx_word' id='word_1_791' title='bbox 1287 1813 1342 1840; x_wconf 75' lang='lat' dir='ltr'><strong>illis</strong></span> <span class='ocrx_word' id='word_1_792' title='bbox 1353 1812 1501 1839; x_wconf 88' lang='lat' dir='ltr'><strong>diversum.</strong></span> <span class='ocrx_word' id='word_1_793' title='bbox 1527 1806 1604 1839; x_wconf 84' lang='lat' dir='ltr'><strong>Quod</strong></span> <span class='ocrx_word' id='word_1_794' title='bbox 1620 1807 1709 1831; x_wconf 88' lang='lat' dir='ltr'><strong>autem</strong></span> <span class='ocrx_word' id='word_1_795' title='bbox 1728 1802 1786 1835; x_wconf 84' lang='lat' dir='ltr'><strong>ipsa</strong></span> 
     </span>
    </p>
   </div>
   <div class='ocr_carea' id='block_1_102' title="bbox 996 1848 1787 1903">
    <p class='ocr_par' dir='ltr' id='par_1_102' title="bbox 996 1848 1787 1903">
     <span class='ocr_line' id='line_1_102' title="bbox 996 1848 1787 1903; baseline -0.028 -8"><span class='ocrx_word' id='word_1_796' title='bbox 996 1874 1045 1903; x_wconf 86' lang='lat' dir='ltr'><strong>per</strong></span> <span class='ocrx_word' id='word_1_797' title='bbox 1061 1873 1092 1894; x_wconf 88' lang='lat' dir='ltr'><strong>se</strong></span> <span class='ocrx_word' id='word_1_798' title='bbox 1114 1863 1228 1899; x_wconf 88' lang='lat' dir='ltr'><strong>repletio</strong></span> <span class='ocrx_word' id='word_1_799' title='bbox 1250 1859 1434 1888; x_wconf 26' lang='lat' dir='ltr'><strong>boniruaturze</strong></span> <span class='ocrx_word' id='word_1_800' title='bbox 1450 1862 1502 1882; x_wconf 92' lang='lat' dir='ltr'><strong>non</strong></span> <span class='ocrx_word' id='word_1_801' title='bbox 1516 1851 1641 1888; x_wconf 79' lang='lat' dir='ltr'><strong>quadret,</strong></span> <span class='ocrx_word' id='word_1_802' title='bbox 1660 1848 1787 1877; x_wconf 72' lang='lat' dir='ltr'><strong>omnibus</strong></span> 
     </span>
    </p>
   </div>
   <div class='ocr_carea' id='block_1_103' title="bbox 997 1894 1788 1940">
    <p class='ocr_par' dir='ltr' id='par_1_103' title="bbox 997 1894 1788 1940">
     <span class='ocr_line' id='line_1_103' title="bbox 997 1894 1788 1940; baseline -0.027 0"><span class='ocrx_word' id='word_1_803' title='bbox 997 1912 1040 1940; x_wconf 89' lang='lat' dir='ltr'><strong>vel</strong></span> <span class='ocrx_word' id='word_1_804' title='bbox 1059 1919 1092 1938; x_wconf 76' lang='lat' dir='ltr'><strong>ex</strong></span> <span class='ocrx_word' id='word_1_805' title='bbox 1109 1910 1217 1937; x_wconf 84' lang='lat' dir='ltr'><strong>actione</strong></span> <span class='ocrx_word' id='word_1_806' title='bbox 1238 1907 1278 1940; x_wconf 84' lang='lat' dir='ltr'><strong>illi</strong></span> <span class='ocrx_word' id='word_1_807' title='bbox 1293 1903 1433 1932; x_wconf 82' lang='lat' dir='ltr'><strong>contraria</strong></span> <span class='ocrx_word' id='word_1_808' title='bbox 1451 1900 1625 1936; x_wconf 88' lang='lat' dir='ltr'><strong>perspicuum</strong></span> <span class='ocrx_word' id='word_1_809' title='bbox 1642 1896 1680 1928; x_wconf 87' lang='lat' dir='ltr'><strong>ﬁt,</strong></span> <span class='ocrx_word' id='word_1_810' title='bbox 1692 1894 1788 1923; x_wconf 85' lang='lat' dir='ltr'><strong>exina—</strong></span> 
     </span>
    </p>
   </div>
   <div class='ocr_carea' id='block_1_104' title="bbox 999 1942 1789 1988">
    <p class='ocr_par' dir='ltr' id='par_1_104' title="bbox 999 1942 1789 1988">
     <span class='ocr_line' id='line_1_104' title="bbox 999 1942 1789 1988; baseline -0.028 -1"><span class='ocrx_word' id='word_1_811' title='bbox 999 1960 1132 1987; x_wconf 88' lang='lat' dir='ltr'><strong>nitionem</strong></span> <span class='ocrx_word' id='word_1_812' title='bbox 1162 1956 1234 1985; x_wconf 87' lang='lat' dir='ltr'><strong>dico,</strong></span> <span class='ocrx_word' id='word_1_813' title='bbox 1268 1959 1349 1988; x_wconf 86' lang='lat' dir='ltr'><strong>quam</strong></span> <span class='ocrx_word' id='word_1_814' title='bbox 1380 1956 1458 1984; x_wconf 65' lang='lat' dir='ltr'><strong>aeque</strong></span> <span class='ocrx_word' id='word_1_815' title='bbox 1488 1947 1584 1974; x_wconf 86' lang='lat' dir='ltr'><strong>bonam</strong></span> <span class='ocrx_word' id='word_1_816' title='bbox 1610 1942 1789 1969; x_wconf 83' lang='lat' dir='ltr'><strong>arbitrantur.</strong></span> 
     </span>
    </p>
   </div>
   <div class='ocr_carea' id='block_1_105' title="bbox 1001 1985 1791 2032">
    <p class='ocr_par' dir='ltr' id='par_1_105' title="bbox 1001 1985 1791 2032">
     <span class='ocr_line' id='line_1_105' title="bbox 1001 1985 1791 2032; baseline -0.028 0"><span class='ocrx_word' id='word_1_817' title='bbox 1001 2005 1067 2032; x_wconf 82' lang='lat' dir='ltr'><strong>Nam</strong></span> <span class='ocrx_word' id='word_1_818' title='bbox 1083 2002 1147 2030; x_wconf 89' lang='lat' dir='ltr'><strong>boni</strong></span> <span class='ocrx_word' id='word_1_819' title='bbox 1166 2000 1237 2028; x_wconf 87' lang='lat' dir='ltr'><strong>ratio</strong></span> <span class='ocrx_word' id='word_1_820' title='bbox 1300 1996 1422 2024; x_wconf 82' lang='lat' dir='ltr'><strong>deﬁnitio</strong></span> <span class='ocrx_word' id='word_1_821' title='bbox 1435 1993 1498 2020; x_wconf 89' lang='lat' dir='ltr'><strong>talis</strong></span> <span class='ocrx_word' id='word_1_822' title='bbox 1513 1996 1565 2022; x_wconf 80' lang='lat' dir='ltr'><strong>est,</strong></span> <span class='ocrx_word' id='word_1_823' title='bbox 1582 1993 1612 2016; x_wconf 88' lang='lat' dir='ltr'><strong>ut</strong></span> <span class='ocrx_word' id='word_1_824' title='bbox 1626 1987 1732 2014; x_wconf 88' lang='lat' dir='ltr'><strong>duobus</strong></span> <span class='ocrx_word' id='word_1_825' title='bbox 1750 1985 1791 2011; x_wconf 91' lang='lat' dir='ltr'><strong>in-</strong></span> 
     </span>
    </p>
   </div>
   <div class='ocr_carea' id='block_1_106' title="bbox 1001 2029 1791 2079">
    <p class='ocr_par' dir='ltr' id='par_1_106' title="bbox 1001 2029 1791 2079">
     <span class='ocr_line' id='line_1_106' title="bbox 1001 2029 1791 2079; baseline -0.03 0"><span class='ocrx_word' id='word_1_826' title='bbox 1001 2057 1041 2079; x_wconf 83' lang='lat' dir='ltr'><strong>ter</strong></span> <span class='ocrx_word' id='word_1_827' title='bbox 1062 2057 1093 2077; x_wconf 87' lang='lat' dir='ltr'><strong>se</strong></span> <span class='ocrx_word' id='word_1_828' title='bbox 1121 2045 1267 2075; x_wconf 84' lang='lat' dir='ltr'><strong>contrariis</strong></span> <span class='ocrx_word' id='word_1_829' title='bbox 1295 2045 1412 2077; x_wconf 83' lang='lat' dir='ltr'><strong>nequeat</strong></span> <span class='ocrx_word' id='word_1_830' title='bbox 1436 2037 1594 2067; x_wconf 86' lang='lat' dir='ltr'><strong>convenire,</strong></span> <span class='ocrx_word' id='word_1_831' title='bbox 1625 2033 1673 2060; x_wconf 84' lang='lat' dir='ltr'><strong>sed</strong></span> <span class='ocrx_word' id='word_1_832' title='bbox 1692 2032 1714 2059; x_wconf 92' lang='lat' dir='ltr'><strong>si</strong></span> <span class='ocrx_word' id='word_1_833' title='bbox 1745 2029 1791 2057; x_wconf 92' lang='lat' dir='ltr'><strong>nni</strong></span> 
     </span>
    </p>
   </div>
   <div class='ocr_carea' id='block_1_107' title="bbox 1001 2081 1793 2133">
    <p class='ocr_par' dir='ltr' id='par_1_107' title="bbox 1001 2081 1793 2133">
     <span class='ocr_line' id='line_1_107' title="bbox 1001 2081 1793 2133; baseline -0.028 -9"><span class='ocrx_word' id='word_1_834' title='bbox 1001 2096 1119 2133; x_wconf 87' lang='lat' dir='ltr'><strong>quadret</strong></span> <span class='ocrx_word' id='word_1_835' title='bbox 1133 2097 1164 2120; x_wconf 87' lang='lat' dir='ltr'><strong>ut</strong></span> <span class='ocrx_word' id='word_1_836' title='bbox 1177 2093 1259 2123; x_wconf 91' lang='lat' dir='ltr'><strong>bono,</strong></span> <span class='ocrx_word' id='word_1_837' title='bbox 1274 2090 1308 2116; x_wconf 88' lang='lat' dir='ltr'><strong>ab</strong></span> <span class='ocrx_word' id='word_1_838' title='bbox 1323 2089 1408 2115; x_wconf 85' lang='lat' dir='ltr'><strong>altero</strong></span> <span class='ocrx_word' id='word_1_839' title='bbox 1434 2089 1563 2118; x_wconf 82' lang='lat' dir='ltr'><strong>tanquam</strong></span> <span class='ocrx_word' id='word_1_840' title='bbox 1583 2081 1654 2107; x_wconf 86' lang='lat' dir='ltr'><strong>malo</strong></span> <span class='ocrx_word' id='word_1_841' title='bbox 1680 2083 1793 2113; x_wconf 82' lang='lat' dir='ltr'><strong>prorsus</strong></span> 
     </span>
    </p>
   </div>
   <div class='ocr_carea' id='block_1_108' title="bbox 1004 2123 1794 2171">
    <p class='ocr_par' dir='ltr' id='par_1_108' title="bbox 1004 2123 1794 2171">
     <span class='ocr_line' id='line_1_108' title="bbox 1004 2123 1037 2133; baseline -0.03 -8"><span class='ocrx_word' id='word_1_842' title='bbox 1004 2123 1037 2133; x_wconf 51' lang='grc' dir='ltr'><strong>,ιη</strong></span> 
     </span>
     <span class='ocr_line' id='line_1_109' title="bbox 1004 2123 1794 2171; baseline -0.029 0"><span class='ocrx_word' id='word_1_843' title='bbox 1004 2144 1159 2171; x_wconf 79' lang='lat' dir='ltr'><strong>abhsrreat.</strong></span> <span class='ocrx_word' id='word_1_844' title='bbox 1172 2138 1222 2166; x_wconf 85' lang='lat' dir='ltr'><strong>Hic</strong></span> <span class='ocrx_word' id='word_1_845' title='bbox 1237 2140 1328 2163; x_wconf 85' lang='lat' dir='ltr'><strong>autem</strong></span> <span class='ocrx_word' id='word_1_846' title='bbox 1352 2135 1379 2161; x_wconf 90' lang='lat' dir='ltr'><strong>in</strong></span> <span class='ocrx_word' id='word_1_847' title='bbox 1396 2136 1511 2165; x_wconf 89' lang='lat' dir='ltr'><strong>utroque</strong></span> <span class='ocrx_word' id='word_1_848' title='bbox 1526 2132 1623 2155; x_wconf 83' lang='lat' dir='ltr'><strong>natura</strong></span> <span class='ocrx_word' id='word_1_849' title='bbox 1647 2131 1726 2152; x_wconf 89' lang='lat' dir='ltr'><strong>suam</strong></span> <span class='ocrx_word' id='word_1_850' title='bbox 1745 2123 1794 2150; x_wconf 85' lang='lat' dir='ltr'><strong>uti-</strong></span> 
     </span>
    </p>
   </div>
   <div class='ocr_carea' id='block_1_109' title="bbox 1355 2169 1795 2207">
    <p class='ocr_par' dir='ltr' id='par_1_109' title="bbox 1355 2169 1795 2207">
     <span class='ocr_line' id='line_1_110' title="bbox 1355 2169 1795 2207; baseline -0.03 0"><span class='ocrx_word' id='word_1_851' title='bbox 1355 2178 1421 2207; x_wconf 89' lang='lat' dir='ltr'><strong>boni</strong></span> <span class='ocrx_word' id='word_1_852' title='bbox 1439 2175 1624 2204; x_wconf 90' lang='lat' dir='ltr'><strong>deﬁnitionem</strong></span> <span class='ocrx_word' id='word_1_853' title='bbox 1643 2178 1694 2198; x_wconf 89' lang='lat' dir='ltr'><strong>nec</strong></span> <span class='ocrx_word' id='word_1_854' title='bbox 1710 2169 1795 2203; x_wconf 84' lang='lat' dir='ltr'><strong>reple-</strong></span> 
     </span>
    </p>
   </div>
   <div class='ocr_carea' id='block_1_110' title="bbox 1007 2214 1797 2266">
    <p class='ocr_par' dir='ltr' id='par_1_110' title="bbox 1007 2214 1797 2266">
     <span class='ocr_line' id='line_1_111' title="bbox 1007 2214 1797 2266; baseline -0.03 -4"><span class='ocrx_word' id='word_1_855' title='bbox 1007 2236 1044 2262; x_wconf 87' lang='lat' dir='ltr'><strong>tio</strong></span> <span class='ocrx_word' id='word_1_856' title='bbox 1060 2231 1185 2266; x_wconf 88' lang='lat' dir='ltr'><strong>suscipit,</strong></span> <span class='ocrx_word' id='word_1_857' title='bbox 1196 2236 1248 2256; x_wconf 84' lang='lat' dir='ltr'><strong>nec</strong></span> <span class='ocrx_word' id='word_1_858' title='bbox 1259 2224 1418 2254; x_wconf 83' lang='lat' dir='ltr'><strong>cxinanitio.</strong></span> <span class='ocrx_word' id='word_1_859' title='bbox 1431 2221 1566 2255; x_wconf 87' lang='lat' dir='ltr'><strong>Quocirca</strong></span> <span class='ocrx_word' id='word_1_860' title='bbox 1580 2216 1653 2244; x_wconf 88' lang='lat' dir='ltr'><strong>aliud</strong></span> <span class='ocrx_word' id='word_1_861' title='bbox 1669 2214 1797 2250; x_wconf 85' lang='lat' dir='ltr'><strong>quiddam</strong></span> 
     </span>
    </p>
   </div>
   <div class='ocr_carea' id='block_1_111' title="bbox 1007 2262 1799 2313">
    <p class='ocr_par' dir='ltr' id='par_1_111' title="bbox 1007 2262 1799 2313">
     <span class='ocr_line' id='line_1_112' title="bbox 1007 2262 1799 2313; baseline -0.028 -8"><span class='ocrx_word' id='word_1_862' title='bbox 1007 2285 1089 2313; x_wconf 86' lang='lat' dir='ltr'><strong>quam</strong></span> <span class='ocrx_word' id='word_1_863' title='bbox 1115 2276 1204 2310; x_wconf 87' lang='lat' dir='ltr'><strong>ipstun</strong></span> <span class='ocrx_word' id='word_1_864' title='bbox 1232 2274 1345 2301; x_wconf 87' lang='lat' dir='ltr'><strong>bonum,</strong></span> <span class='ocrx_word' id='word_1_865' title='bbox 1376 2271 1418 2295; x_wconf 85' lang='lat' dir='ltr'><strong>est</strong></span> <span class='ocrx_word' id='word_1_866' title='bbox 1436 2267 1494 2301; x_wconf 83' lang='lat' dir='ltr'><strong>ipsa</strong></span> <span class='ocrx_word' id='word_1_867' title='bbox 1517 2262 1649 2298; x_wconf 87' lang='lat' dir='ltr'><strong>repletio;</strong></span> <span class='ocrx_word' id='word_1_868' title='bbox 1675 2264 1799 2286; x_wconf 86' lang='lat' dir='ltr'><strong>cumnec</strong></span> 
     </span>
    </p>
   </div>
   <div class='ocr_carea' id='block_1_112' title="bbox 1009 2309 1800 2357">
    <p class='ocr_par' dir='ltr' id='par_1_112' title="bbox 1009 2309 1800 2357">
     <span class='ocr_line' id='line_1_113' title="bbox 1009 2309 1800 2357; baseline -0.029 -6"><span class='ocrx_word' id='word_1_869' title='bbox 1009 2323 1121 2357; x_wconf 64' lang='lat' dir='ltr'><strong>unique,</strong></span> <span class='ocrx_word' id='word_1_870' title='bbox 1136 2328 1186 2347; x_wconf 85' lang='lat' dir='ltr'><strong>nec</strong></span> <span class='ocrx_word' id='word_1_871' title='bbox 1216 2323 1333 2351; x_wconf 87' lang='lat' dir='ltr'><strong>semper,</strong></span> <span class='ocrx_word' id='word_1_872' title='bbox 1357 2321 1408 2341; x_wconf 87' lang='lat' dir='ltr'><strong>nec</strong></span> <span class='ocrx_word' id='word_1_873' title='bbox 1432 2312 1460 2339; x_wconf 93' lang='lat' dir='ltr'><strong>in</strong></span> <span class='ocrx_word' id='word_1_874' title='bbox 1479 2309 1608 2338; x_wconf 88' lang='lat' dir='ltr'><strong>omnibus</strong></span> <span class='ocrx_word' id='word_1_875' title='bbox 1624 2312 1704 2333; x_wconf 89' lang='lat' dir='ltr'><strong>omne</strong></span> <span class='ocrx_word' id='word_1_876' title='bbox 1714 2309 1800 2339; x_wconf 73' lang='lat' dir='ltr'><strong>genus</strong></span> 
     </span>
    </p>
   </div>
   <div class='ocr_carea' id='block_1_113' title="bbox 1011 2350 1801 2405">
    <p class='ocr_par' dir='ltr' id='par_1_113' title="bbox 1011 2350 1801 2405">
     <span class='ocr_line' id='line_1_114' title="bbox 1011 2350 1801 2405; baseline -0.029 -8"><span class='ocrx_word' id='word_1_877' title='bbox 1011 2370 1098 2405; x_wconf 71' lang='lat' dir='ltr'><strong>ipsius</strong></span> <span class='ocrx_word' id='word_1_878' title='bbox 1113 2375 1127 2394; x_wconf 88' lang='lat' dir='ltr'><strong>a</strong></span> <span class='ocrx_word' id='word_1_879' title='bbox 1141 2365 1250 2394; x_wconf 91' lang='lat' dir='ltr'><strong>cunctis</strong></span> <span class='ocrx_word' id='word_1_880' title='bbox 1272 2350 1453 2396; x_wconf 76' lang='lat' dir='ltr'><strong>expetendum</strong></span> <span class='ocrx_word' id='word_1_881' title='bbox 1476 2356 1624 2391; x_wconf 72' lang='lat' dir='ltr'><strong>iudicetur.</strong></span> <span class='ocrx_word' id='word_1_882' title='bbox 1640 2351 1699 2378; x_wconf 87' lang='lat' dir='ltr'><strong>Non</strong></span> <span class='ocrx_word' id='word_1_883' title='bbox 1714 2350 1801 2377; x_wconf 90' lang='lat' dir='ltr'><strong>solum</strong></span> 
     </span>
    </p>
   </div>
   <div class='ocr_carea' id='block_1_114' title="bbox 1012 2395 1802 2442">
    <p class='ocr_par' dir='ltr' id='par_1_114' title="bbox 1012 2395 1802 2442">
     <span class='ocr_line' id='line_1_115' title="bbox 1012 2395 1316 2405; baseline -0.03 0"><span class='ocrx_word' id='word_1_884' title='bbox 1012 2395 1035 2405; x_wconf 74' lang='grc' dir='ltr'><strong>τ</strong></span> <span class='ocrx_word' id='word_1_885' title='bbox 1057 2395 1060 2396; x_wconf 53' lang='grc' dir='ltr'><strong>ν</strong></span> <span class='ocrx_word' id='word_1_886' title='bbox 1309 2395 1316 2396; x_wconf 59' lang='lat'><strong><em>,</em></strong></span> 
     </span>
     <span class='ocr_line' id='line_1_116' title="bbox 1012 2395 1802 2442; baseline -0.029 1"><span class='ocrx_word' id='word_1_887' title='bbox 1012 2416 1083 2442; x_wconf 77' lang='lat' dir='ltr'><strong>enim</strong></span> <span class='ocrx_word' id='word_1_888' title='bbox 1099 2412 1189 2441; x_wconf 75' lang='lat' dir='ltr'><strong>noxiis</strong></span> <span class='ocrx_word' id='word_1_889' title='bbox 1208 2409 1277 2438; x_wconf 86' lang='lat' dir='ltr'><strong>cibis</strong></span> <span class='ocrx_word' id='word_1_890' title='bbox 1290 2406 1392 2442; x_wconf 74' lang='lat' dir='ltr'><strong>expleri</strong></span> <span class='ocrx_word' id='word_1_891' title='bbox 1403 2403 1587 2440; x_wconf 79' lang='lat' dir='ltr'><strong>perniciosum</strong></span> <span class='ocrx_word' id='word_1_892' title='bbox 1598 2403 1649 2430; x_wconf 85' lang='lat' dir='ltr'><strong>est,</strong></span> <span class='ocrx_word' id='word_1_893' title='bbox 1663 2396 1710 2425; x_wconf 88' lang='lat' dir='ltr'><strong>sed</strong></span> <span class='ocrx_word' id='word_1_894' title='bbox 1721 2395 1802 2422; x_wconf 80' lang='lat' dir='ltr'><strong>etiam</strong></span> 
     </span>
    </p>
   </div>
   <div class='ocr_carea' id='block_1_115' title="bbox 1013 2444 1803 2489">
    <p class='ocr_par' dir='ltr' id='par_1_115' title="bbox 1013 2444 1803 2489">
     <span class='ocr_line' id='line_1_117' title="bbox 1013 2444 1803 2489; baseline -0.029 0"><span class='ocrx_word' id='word_1_895' title='bbox 1013 2463 1041 2489; x_wconf 90' lang='lat' dir='ltr'><strong>in</strong></span> <span class='ocrx_word' id='word_1_896' title='bbox 1072 2459 1152 2487; x_wconf 88' lang='lat' dir='ltr'><strong>bonis</strong></span> <span class='ocrx_word' id='word_1_897' title='bbox 1182 2461 1210 2484; x_wconf 88' lang='lat' dir='ltr'><strong>et</strong></span> <span class='ocrx_word' id='word_1_898' title='bbox 1243 2451 1468 2482; x_wconf 78' lang='lat' dir='ltr'><strong>convenientibus</strong></span> <span class='ocrx_word' id='word_1_899' title='bbox 1497 2444 1695 2475; x_wconf 85' lang='lat' dir='ltr'><strong>mediocritatis</strong></span> <span class='ocrx_word' id='word_1_900' title='bbox 1724 2447 1803 2468; x_wconf 91' lang='lat' dir='ltr'><strong>usum</strong></span> 
     </span>
    </p>
   </div>
   <div class='ocr_carea' id='block_1_116' title="bbox 1014 2486 1804 2538">
    <p class='ocr_par' dir='ltr' id='par_1_116' title="bbox 1014 2486 1804 2538">
     <span class='ocr_line' id='line_1_118' title="bbox 1014 2486 1804 2538; baseline -0.03 -3"><span class='ocrx_word' id='word_1_901' title='bbox 1014 2506 1162 2537; x_wconf 84' lang='lat' dir='ltr'><strong>transilire,</strong></span> <span class='ocrx_word' id='word_1_902' title='bbox 1173 2503 1333 2538; x_wconf 85' lang='lat' dir='ltr'><strong>plerumque</strong></span> <span class='ocrx_word' id='word_1_903' title='bbox 1349 2497 1498 2534; x_wconf 84' lang='lat' dir='ltr'><strong>periculum</strong></span> <span class='ocrx_word' id='word_1_904' title='bbox 1519 2498 1545 2520; x_wconf 84' lang='lat' dir='ltr'><strong>et</strong></span> <span class='ocrx_word' id='word_1_905' title='bbox 1562 2492 1691 2519; x_wconf 85' lang='lat' dir='ltr'><strong>damnum</strong></span> <span class='ocrx_word' id='word_1_906' title='bbox 1717 2486 1804 2513; x_wconf 75' lang='lat' dir='ltr'><strong>affert.</strong></span> 
     </span>
    </p>
   </div>
   <div class='ocr_carea' id='block_1_117' title="bbox 1015 2530 1804 2586">
    <p class='ocr_par' dir='ltr' id='par_1_117' title="bbox 1015 2530 1804 2586">
     <span class='ocr_line' id='line_1_119' title="bbox 1015 2530 1804 2586; baseline -0.03 -6"><span class='ocrx_word' id='word_1_907' title='bbox 1015 2552 1093 2586; x_wconf 81' lang='lat' dir='ltr'><strong>Quod</strong></span> <span class='ocrx_word' id='word_1_908' title='bbox 1107 2551 1130 2578; x_wconf 91' lang='lat' dir='ltr'><strong>si</strong></span> <span class='ocrx_word' id='word_1_909' title='bbox 1148 2556 1210 2576; x_wconf 84' lang='lat' dir='ltr'><strong>cuin</strong></span> <span class='ocrx_word' id='word_1_910' title='bbox 1225 2554 1325 2580; x_wconf 73' lang='lat' dir='ltr'><strong>corpus</strong></span> <span class='ocrx_word' id='word_1_911' title='bbox 1344 2544 1476 2578; x_wconf 86' lang='lat' dir='ltr'><strong>repletum</strong></span> <span class='ocrx_word' id='word_1_912' title='bbox 1496 2543 1548 2569; x_wconf 81' lang='lat' dir='ltr'><strong>est,</strong></span> <span class='ocrx_word' id='word_1_913' title='bbox 1566 2535 1705 2568; x_wconf 78' lang='lat' dir='ltr'><strong>levarique</strong></span> <span class='ocrx_word' id='word_1_914' title='bbox 1732 2530 1804 2558; x_wconf 90' lang='lat' dir='ltr'><strong>desi-</strong></span> 
     </span>
    </p>
   </div>
   <div class='ocr_carea' id='block_1_118' title="bbox 1016 2580 1805 2629">
    <p class='ocr_par' dir='ltr' id='par_1_118' title="bbox 1016 2580 1805 2629">
     <span class='ocr_line' id='line_1_120' title="bbox 1016 2580 1805 2629; baseline -0.033 -3"><span class='ocrx_word' id='word_1_915' title='bbox 1016 2599 1104 2629; x_wconf 87' lang='lat' dir='ltr'><strong>derat,</strong></span> <span class='ocrx_word' id='word_1_916' title='bbox 1122 2596 1175 2623; x_wconf 85' lang='lat' dir='ltr'><strong>alio</strong></span> <span class='ocrx_word' id='word_1_917' title='bbox 1192 2594 1280 2620; x_wconf 88' lang='lat' dir='ltr'><strong>adhuc</strong></span> <span class='ocrx_word' id='word_1_918' title='bbox 1293 2588 1501 2617; x_wconf 74' lang='lat' dir='ltr'><strong>onereturciho,</strong></span> <span class='ocrx_word' id='word_1_919' title='bbox 1517 2588 1574 2610; x_wconf 87' lang='lat' dir='ltr'><strong>tum</strong></span> <span class='ocrx_word' id='word_1_920' title='bbox 1588 2588 1651 2608; x_wconf 91' lang='lat' dir='ltr'><strong>vero</strong></span> <span class='ocrx_word' id='word_1_921' title='bbox 1665 2580 1805 2605; x_wconf 80' lang='lat' dir='ltr'><strong>contractu</strong></span> 
     </span>
    </p>
   </div>
   <div class='ocr_carea' id='block_1_119' title="bbox 1018 2625 1806 2671">
    <p class='ocr_par' dir='ltr' id='par_1_119' title="bbox 1018 2625 1806 2671">
     <span class='ocr_line' id='line_1_121' title="bbox 1018 2625 1806 2671; baseline -0.033 0"><span class='ocrx_word' id='word_1_922' title='bbox 1018 2644 1152 2671; x_wconf 84' lang='lat' dir='ltr'><strong>malorum</strong></span> <span class='ocrx_word' id='word_1_923' title='bbox 1176 2639 1286 2667; x_wconf 76' lang='lat' dir='ltr'><strong>cumulo</strong></span> <span class='ocrx_word' id='word_1_924' title='bbox 1307 2638 1333 2663; x_wconf 90' lang='lat' dir='ltr'><strong>in</strong></span> <span class='ocrx_word' id='word_1_925' title='bbox 1353 2635 1462 2662; x_wconf 79' lang='lat' dir='ltr'><strong>morbos</strong></span> <span class='ocrx_word' id='word_1_926' title='bbox 1482 2628 1578 2657; x_wconf 86' lang='lat' dir='ltr'><strong>incidit</strong></span> <span class='ocrx_word' id='word_1_927' title='bbox 1605 2626 1765 2659; x_wconf 86' lang='lat' dir='ltr'><strong>desperatos</strong></span> <span class='ocrx_word' id='word_1_928' title='bbox 1782 2625 1806 2646; x_wconf 76' lang='grc' dir='ltr'>(ιι</span> 
     </span>
    </p>
   </div>
   <div class='ocr_carea' id='block_1_120' title="bbox 1020 2669 1807 2717">
    <p class='ocr_par' dir='ltr' id='par_1_120' title="bbox 1020 2669 1807 2717">
     <span class='ocr_line' id='line_1_122' title="bbox 1020 2669 1807 2717; baseline -0.033 -1"><span class='ocrx_word' id='word_1_929' title='bbox 1020 2686 1196 2716; x_wconf 82' lang='lat' dir='ltr'><strong>insanabiles.</strong></span> <span class='ocrx_word' id='word_1_930' title='bbox 1216 2684 1310 2717; x_wconf 80' lang='lat' dir='ltr'><strong>Itaque</strong></span> <span class='ocrx_word' id='word_1_931' title='bbox 1331 2688 1380 2706; x_wconf 89' lang='lat' dir='ltr'><strong>nec</strong></span> <span class='ocrx_word' id='word_1_932' title='bbox 1408 2683 1524 2710; x_wconf 60' lang='lat' dir='ltr'><strong>semper,</strong></span> <span class='ocrx_word' id='word_1_933' title='bbox 1544 2679 1592 2699; x_wconf 82' lang='lat' dir='ltr'><strong>nec</strong></span> <span class='ocrx_word' id='word_1_934' title='bbox 1606 2671 1685 2705; x_wconf 87' lang='lat' dir='ltr'><strong>plane</strong></span> <span class='ocrx_word' id='word_1_935' title='bbox 1708 2669 1807 2694; x_wconf 83' lang='lat' dir='ltr'><strong>honuni</strong></span> 
     </span>
    </p>
   </div>
   <div class='ocr_carea' id='block_1_121' title="bbox 1021 2712 1809 2767">
    <p class='ocr_par' dir='ltr' id='par_1_121' title="bbox 1021 2712 1809 2767">
     <span class='ocr_line' id='line_1_123' title="bbox 1021 2712 1809 2767; baseline -0.033 -5"><span class='ocrx_word' id='word_1_936' title='bbox 1021 2738 1064 2762; x_wconf 83' lang='lat' dir='ltr'><strong>est</strong></span> <span class='ocrx_word' id='word_1_937' title='bbox 1079 2732 1200 2767; x_wconf 77' lang='lat' dir='ltr'><strong>replelio,</strong></span> <span class='ocrx_word' id='word_1_938' title='bbox 1221 2729 1269 2756; x_wconf 76' lang='lat' dir='ltr'><strong>sed</strong></span> <span class='ocrx_word' id='word_1_939' title='bbox 1294 2727 1327 2753; x_wconf 84' lang='lat' dir='ltr'><strong>ad</strong></span> <span class='ocrx_word' id='word_1_940' title='bbox 1344 2723 1457 2758; x_wconf 78' lang='lat' dir='ltr'><strong>aliquid,</strong></span> <span class='ocrx_word' id='word_1_941' title='bbox 1473 2727 1499 2748; x_wconf 89' lang='lat' dir='ltr'><strong>et</strong></span> <span class='ocrx_word' id='word_1_942' title='bbox 1519 2716 1664 2752; x_wconf 78' lang='lat' dir='ltr'><strong>aliquando</strong></span> <span class='ocrx_word' id='word_1_943' title='bbox 1680 2712 1740 2741; x_wconf 89' lang='lat' dir='ltr'><strong>usui</strong></span> <span class='ocrx_word' id='word_1_944' title='bbox 1758 2717 1809 2742; x_wconf 80' lang='lat' dir='ltr'><strong>est,</strong></span> 
     </span>
    </p>
   </div>
   <div class='ocr_carea' id='block_1_122' title="bbox 1022 2756 1809 2812">
    <p class='ocr_par' dir='ltr' id='par_1_122' title="bbox 1022 2756 1809 2812">
     <span class='ocr_line' id='line_1_124' title="bbox 1022 2756 1809 2812; baseline -0.033 -4"><span class='ocrx_word' id='word_1_945' title='bbox 1022 2784 1046 2808; x_wconf 85' lang='lat' dir='ltr'><strong>et</strong></span> <span class='ocrx_word' id='word_1_946' title='bbox 1075 2756 1284 2812; x_wconf 61' lang='lat' dir='ltr'><strong>illltlllalll&#39;tlalc</strong></span> <span class='ocrx_word' id='word_1_947' title='bbox 1314 2756 1500 2806; x_wconf 78' lang='lat' dir='ltr'><strong>quilitateque</strong></span> <span class='ocrx_word' id='word_1_948' title='bbox 1526 2762 1650 2792; x_wconf 82' lang='lat' dir='ltr'><strong>consistit</strong></span> <span class='ocrx_word' id='word_1_949' title='bbox 1675 2760 1734 2794; x_wconf 78' lang='lat' dir='ltr'><strong>l-jns</strong></span> <span class='ocrx_word' id='word_1_950' title='bbox 1761 2756 1809 2783; x_wconf 90' lang='lat' dir='ltr'><strong>uti-</strong></span> 
     </span>
    </p>
   </div>
   <div class='ocr_carea' id='block_1_123' title="bbox 1024 2827 1095 2853">
    <p class='ocr_par' dir='ltr' id='par_1_123' title="bbox 1024 2827 1095 2853">
     <span class='ocr_line' id='line_1_125' title="bbox 1024 2827 1095 2853; baseline -0.014 0"><span class='ocrx_word' id='word_1_951' title='bbox 1024 2827 1095 2853; x_wconf 77' lang='lat' dir='ltr'><strong>litus.</strong></span> 
     </span>
    </p>
   </div>
   <div class='ocr_carea' id='block_1_124' title="bbox 994 2859 1623 2904">
    <p class='ocr_par' dir='ltr' id='par_1_124' title="bbox 994 2859 1623 2904">
     <span class='ocr_line' id='line_1_126' title="bbox 994 2859 1623 2904; baseline -0.027 -3"><span class='ocrx_word' id='word_1_952' title='bbox 994 2875 1004 2901; x_wconf 80' lang='lat'><strong>‘.</strong></span> <span class='ocrx_word' id='word_1_953' title='bbox 1022 2874 1050 2900; x_wconf 70' lang='grc' dir='ltr'><strong>τὸ</strong></span> <span class='ocrx_word' id='word_1_954' title='bbox 1073 2872 1156 2904; x_wconf 76' lang='grc' dir='ltr'>ποιδν,</span> <span class='ocrx_word' id='word_1_955' title='bbox 1175 2869 1205 2895; x_wconf 59' lang='grc' dir='ltr'>τὸ</span> <span class='ocrx_word' id='word_1_956' title='bbox 1224 2867 1253 2900; x_wconf 79' lang='grc' dir='ltr'>ἐξ</span> <span class='ocrx_word' id='word_1_957' title='bbox 1269 2864 1350 2892; x_wconf 69' lang='grc' dir='ltr'>αὖτοῗι</span> <span class='ocrx_word' id='word_1_958' title='bbox 1364 2862 1466 2895; x_wconf 77' lang='grc' dir='ltr'>γξνεται</span> <span class='ocrx_word' id='word_1_959' title='bbox 1480 2859 1623 2894; x_wconf 71' lang='grc' dir='ltr'>χρήσιμᾱν.</span> 
     </span>
    </p>
   </div>
  </div>
