1938 3082
143 86 195 114 505

771 83 800 110 S.
820 83 983 112 GltEGOIlll
1002 84 1146 112 NYSSENI

1731 88 1783 116 594

177 142 276 170 Eodem
303 147 382 178 pacto
402 145 429 169 et
442 142 608 169 contrariam
640 141 702 169 huic
722 142 934 170 exinanitioncm

1024 144 1101 171 Οὕτω
1113 144 1134 170 δ’
1151 144 1184 171 ἄν
1200 153 1241 176 τις
1255 143 1328 180 εὖροι
1343 144 1389 171 καὶ
1403 144 1433 171 τὸ
1449 144 1478 177 ἐξ
1492 144 1613 171 ἐναντίου
1625 144 1780 180 νοούμενον¹

142 189 262 224 reperies
291 189 474 224 periculosam
499 189 534 215 iis
549 188 595 224 qui
613 196 628 215 a
646 188 786 216 moderato
811 189 871 224 ejus
885 197 937 216 usu

143 234 317 266 recesserint,
332 242 387 261 non
405 234 529 261 inutilem
542 238 644 267 tamen,
661 234 683 262 si
697 234 847 269 prudenter
864 235 939 262 adhi-

144 281 249 311 beatur,
269 284 297 308 et
310 285 424 308 eatenus
450 279 505 310 ﬁat,
523 283 659 315 quatenus
677 281 746 307 ratio
763 280 936 315 quantitatis.

143 330 170 352 et
185 326 336 360 qualitatis,
354 331 382 354 et
404 326 536 360 temporis
554 326 712 361 postulabit.
727 326 841 353 Constat
856 326 938 361 igitur

143 380 176 398 ex
192 372 225 400 iis
240 380 300 407 qua:
319 372 392 399 dicta
407 377 480 405 sunt,
491 379 553 399 cum
568 371 632 399 boni
644 375 708 399 nota
721 379 773 399 non
787 379 938 407 congruere

144 418 227 443 vitam
239 417 329 451 istam,
341 425 422 452 quant
434 418 551 445 vivimus
563 426 571 446 ε
582 425 614 445 ex
625 425 679 452 quo
689 418 824 452 sequitur,
834 418 938 445 disces«

144 470 204 489 sum
218 463 252 490 ab
264 471 295 490 ea
310 471 363 490 non
373 471 434 491 esse
445 463 642 498 sejunctionem
661 464 694 491 ah
708 464 763 490 ullo
776 464 857 491 bono.
869 462 936 490 Nam

144 507 181 540 id,
195 509 267 543 quod
283 517 355 540 vere,
373 513 400 536 et
420 510 537 544 proprie,
555 515 581 537 et
595 510 684 544 primo
696 510 796 537 bonum
808 510 935 541 dicimus,

144 560 195 579 nec
210 554 321 588 repletio
335 559 387 585 est,
406 563 453 581 nec
464 554 587 586 inanitio,
601 562 669 589 quas
682 554 839 589 aliquando,
855 559 882 581 et
903 554 935 580 ad

145 599 258 633 aliquid,
279 601 344 626 etin
363 600 526 634 quibusdam
545 604 649 627 tantum
663 601 744 628 utiles
763 599 936 627 demonstra-

145 643 243 674 vimus.
261 645 362 679 quibus
373 653 435 673 vere
448 645 510 673 b0ni
525 650 588 673 nota
604 653 658 673 non
671 645 810 673 convertit.

985 189 1016 216 τὸ
1033 190 1104 217 κατά
1119 189 1168 226 τὴν
1185 190 1300 218 κένωσιν
1312 190 1394 224 λέγω,
1409 190 1456 217 καὶ
1471 190 1632 222 κινδυνῶδες
1646 192 1704 222 τοῖς
1721 191 1781 217 ὑπο

988 236 1123 270 μένουσιν,
1139 236 1162 261 εἰ
1187 235 1317 271 παρέλθοι
1331 237 1363 271 τῇ
1379 235 1497 271 ἀμετρίᾳ
1516 236 1547 262 τὸ
1570 237 1718 272 χρήσιμον,
1736 236 1784 262 καὶ

987 281 1068 307 πάλιν
1083 281 1134 306 οὐκ
1148 281 1285 316 ἀνονήτως
1304 281 1458 315 γινόμενον,
1474 281 1498 307 εἰ
1517 282 1584 316 πρός
1597 291 1623 308 τι
1639 281 1694 308 τῶν
1707 281 1784 316 ὠφει-

986 325 1104 351 λούντων
1120 325 1273 360 συμϐαίνει,
1286 325 1332 351 τοῦ
1347 334 1375 351 τε
1388 325 1483 361 καιροῦ
1501 327 1548 352 καὶ
1564 326 1610 352 τοῦ
1634 326 1718 353 ποσοῦ
1736 325 1785 352 καὶ

988 370 1036 397 τοῦ
1051 370 1127 397 ποιοῦ
1143 370 1483 406 συμπαραλαμϐανομένου
1500 372 1568 407 πρὸς
1583 372 1614 398 τὸ
1631 372 1681 407 τῆς
1695 371 1782 398 κενώ-

990 425 1058 448 σεως
1072 417 1216 451 χρήσιμον.
1232 416 1339 452 Ἐπειδὴ
1353 417 1442 443 τοίνυν
1455 418 1484 443 οὐ
1500 417 1643 452 συμϐαίνει
1657 418 1727 453 πρδς
1738 417 1785 444 τὸν

988 462 1035 488 τοῦ
1050 462 1131 488 καλοῦ
1155 463 1316 498 χαρακτῆρα
1332 463 1361 489 τὸ
1380 464 1429 498 τῆς
1445 464 1517 499 ζωῆς
1538 464 1638 499 ταύτης
1657 463 1742 496 εἶδος,

990 507 1146 541 βιοτεύομεν
1157 515 1164 522 ”
1180 506 1395 542 ὁμολογούμενον
1413 508 1446 534 ἂν
1461 509 1503 543 εἴη
1516 508 1560 535 διὰ
1572 508 1621 543 τῆς
1635 508 1690 535 τῶν
1705 510 1782 544 εἰρη-

990 552 1078 586 μένων
1092 551 1262 583 ἀκολουθίας,
1272 552 1312 581 ὅτι
1326 552 1431 583 οὐδενὸς
1441 552 1545 586 ἀγαθοῦ
1560 553 1700 589 χωρισμός
1709 554 1784 579 ἐστιν

990 599 1006 633 ἡ
1024 599 1056 624 ἐκ
1076 601 1123 624 τοῦ
1141 597 1260 624 τοιούτου
1278 597 1334 632 βίου
1349 599 1524 633 μετάστασις.
1540 600 1658 634 Φανερὸν
1671 599 1726 634 γὰρ
1740 600 1783 625 ὅτι

986 645 1016 670 τὸ
1030 644 1165 680 ἀληθινῶς
1189 644 1235 670 καὶ
1260 644 1362 676 κυρίως
1383 645 1429 670 καὶ
1451 645 1566 680 πρώτως
1587 645 1699 679 ἀγαθὸν,
1719 644 1783 672 οὔτε

145 691 260 723 κένωσίς
281 693 366 725 ἐστιν,
386 691 447 719 οὔτε
473 692 628 727 πλήρωσις·
646 692 718 726 ἅπερ
733 691 779 718 καί
795 700 870 724 ποτε,
889 691 936 717 καὶ
956 691 1022 725 πρός
1036 699 1073 722 τι,
1085 691 1132 717 καὶ
1147 690 1192 717 ὲπί
1205 698 1286 717 τινων
1299 690 1488 717 ἀποδέδεικται
1499 692 1631 726 χρήσιμα,
1660 689 1701 723 οἷς
1731 693 1785 720 οὐκ

144 735 254 763 ἔπεστιν
269 738 284 763 ὁ
298 737 346 764 τοῦ
359 737 492 772 ἀληθινῶς
507 738 582 769 ὄντος
594 736 696 771 ἀγαθοῦ
709 738 861 772 χαρακτήρ.

180 784 362 817 Quamobrem
376 792 437 812 cum
460 793 524 812 vere
541 785 641 812 bonum
662 785 687 812 ci
709 785 781 820 quod
807 793 862 812 non
891 789 934 812 est
951 790 972 818 Β

145 837 208 857 vere
226 829 326 856 bonutn
338 849 345 862 ,
367 830 404 857 ita
416 832 586 858 contrarium
602 831 657 863 sit,
685 834 716 857 ut
730 831 835 857 nullum
866 830 937 857 inter

145 884 177 903 ea
202 876 323 903 medium
349 876 447 908 detur,
465 880 679 908 consentaneum
705 881 747 903 est
771 883 819 903 eos
845 876 892 910 qui
921 883 935 903 a

146 929 200 948 non
216 929 281 948 vero
309 921 456 949 discedunt
471 922 558 955 bono,
588 922 621 950 ad
637 930 731 950 verum
750 921 817 949 illud
835 922 936 949 bonum

146 967 276 995 accedere
288 987 296 999 ,
314 968 387 1003 quod
403 975 511 1003 semper
523 989 530 998 ,
550 972 577 995 et
600 969 733 997 omnibus
745 989 752 1000 ,
767 973 794 996 et
822 969 936 996 omnino

146 1013 181 1039 sit
197 1013 313 1044 bonunt,
332 1021 382 1040 nec
397 1018 446 1048 pro
462 1017 584 1048 tempore
595 1034 602 1044 ,
617 1020 664 1041 aut
680 1015 773 1050 aliqua
789 1024 821 1042 ex
840 1019 916 1050 parte
927 1036 934 1048 ,

146 1063 193 1085 aut
208 1059 234 1085 in
258 1060 439 1094 quibusdam,
458 1065 505 1087 aut
520 1065 631 1096 propter
647 1062 749 1096 aliquid
761 1081 768 1092 .
786 1062 832 1089 sed
865 1070 937 1089 setti—

146 1111 212 1138 per,
230 1105 257 1131 in
279 1105 382 1132 eisdem
394 1125 402 1137 ,
419 1109 447 1132 et
462 1106 556 1133 eodem
578 1106 658 1133 modo
674 1115 734 1134 sese
762 1107 868 1134 habeat.
896 1107 936 1134 Ad

146 1150 199 1177 hoc
219 1150 302 1186 igitur
322 1151 413 1178 anima
427 1152 546 1179 humana
568 1160 583 1179 a
603 1153 657 1179 vita
681 1161 812 1188 corporea
826 1154 936 1188 proiici-

146 1197 250 1230 scitur,
265 1200 293 1224 et
308 1205 323 1224 a
343 1198 470 1232 praesenti
489 1198 626 1226 diversum
653 1199 715 1226 vita:
741 1204 843 1226 statum
859 1208 936 1227 asse-

145 1243 242 1278 quitur
257 1252 263 1270 :
276 1251 357 1278 quem
373 1251 434 1276 nos,
449 1245 494 1279 qui
507 1252 567 1270 cum
581 1251 663 1271 caruc
675 1245 812 1279 conjuncti
831 1254 935 1276 sumus,

146 1290 228 1324 plane
243 1289 344 1317 intueri
365 1298 418 1317 non
433 1298 597 1325 possumus,
612 1299 646 1318 ex
670 1294 876 1326 comparatione
895 1295 938 1321 ta-_

146 1342 208 1361 men
226 1334 307 1362 istius
321 1334 397 1367 vitat,
412 1335 569 1369 conjectura
585 1335 711 1370 quasdam
726 1336 801 1363 illius
817 1336 872 1363 lieri
891 1344 936 1370 po-

147 1384 209 1407 test.
235 1378 328 1414 Neque
359 1380 432 1407 enim
459 1381 512 1407 erit
537 1385 665 1408 concreta
693 1382 783 1416 aliqua
811 1382 935 1416 corporis

145 1425 319 1457 crassitudo,
354 1432 405 1452 nec
441 1426 497 1452 ulla
527 1427 730 1454 contrariorum
765 1435 934 1454 concurrens

1028 783 1102 809 Ἐπεὶ
1125 780 1171 809 οὖν
1186 782 1223 818 τῷ
1246 782 1353 818 ἀληθῶς
1370 784 1467 818 ἀγαυῳ
1483 784 1550 818 πρδς
1570 783 1601 810 τὸ
1614 783 1651 818 μὴ
1672 783 1783 818 ἀληθῶς

988 829 1089 862 ἀγαθόν
1106 830 1180 855 ἐστιν
1193 830 1210 864 ἡ
1227 828 1361 860 ἀντίθεσις
1373 849 1379 861 ,
1394 829 1496 864 ἇμεσος
1506 829 1533 855 δὲ
1547 829 1602 855 τῶν
1617 829 1663 856 δύο
1677 830 1783 856 τούτων

988 876 1004 911 ἡ
1020 875 1187 907 ἐναντίωσις·
1199 875 1344 902 ἀκόλουθον
1358 875 1390 901 ἂν
1405 875 1447 911 εἴη
1458 876 1513 906 τοῖς
1524 875 1720 911 χωριζομένοις
1732 876 1783 902 τοῦ

990 921 1027 956 μὴ
1044 921 1152 956 ἀληθῶς
1168 920 1243 952 ὄντος
1259 920 1353 953 καλοῦ,
1369 921 1436 956 πρὸς
1450 921 1480 947 τὸ
1493 922 1526 956 τῇ
1544 921 1623 955 φύσει
1642 921 1725 947 καλὸν
1738 923 1784 948 ἐν·

988 967 1062 994 Οένδε
1079 966 1215 993 πιστεύειν
1232 966 1280 1002 τὴν
1302 967 1466 1001 μετάστασιν
1485 966 1620 1000 γίνεσθαι,
1633 967 1647 992 ὃ
1665 967 1781 993 πάντοτε

988 1013 1034 1039 καὶ
1054 1013 1137 1039 παντὶ
1158 1012 1205 1039 καὶ
1218 1012 1262 1038 διὰ
1275 1013 1383 1039 πάντων
1403 1012 1476 1037 ἐστὶν
1490 1011 1600 1046 ἀγαθὸν,
1625 1012 1685 1038 οὔτε
1710 1013 1783 1039 κατά

987 1059 1110 1094 καιροὺς,
1127 1057 1189 1084 οὗτε
1205 1058 1252 1084 ὲπί
1268 1067 1363 1089 τινων,
1378 1057 1439 1084 οὔτε
1455 1057 1500 1084 διά
1512 1066 1549 1091 τι,
1572 1058 1629 1084 ἀλλ’
1641 1059 1686 1085 ἀεὶ
1709 1061 1782 1085 κατὰ

986 1104 1020 1131 τὰ
1039 1105 1108 1131 αὐτά
1121 1105 1167 1130 καὶ
1179 1104 1310 1136 ὡσαύτως
1325 1104 1395 1138 ἕχον.
1411 1103 1483 1138 Πρὸς
1497 1103 1576 1130 τοῦτο
1588 1104 1677 1137 τοίνυν
1693 1105 1784 1140 μέτει-

988 1158 1029 1176 σιν
1041 1150 1094 1176 ἀπὸ
1107 1151 1156 1184 τῆς
1169 1149 1325 1185 σαρκώὸους
1342 1149 1414 1184 ζωῆς
1430 1150 1446 1184 ἡ
1460 1149 1618 1184 ἀνθρωπίνη
1632 1149 1716 1185 ψυχὴ,
1732 1150 1781 1176 ἀλ-

985 1197 1034 1230 λην
1052 1195 1114 1221 τινὰ
1128 1195 1185 1230 βίου
1206 1195 1374 1221 κατάστασιν
1394 1195 1454 1221 ἀντὶ
1469 1195 1517 1230 τῆς
1537 1195 1677 1230 παρούσης
1695 1204 1782 1230 μετα-

987 1241 1175 1276 λαμϐάνουσα,
1193 1241 1225 1276 ἣν
1245 1240 1279 1266 δι’
1299 1241 1442 1276 ἀκριϐείας
1462 1241 1510 1276 μὲν
1538 1241 1611 1273 ἰδεῖν,
1627 1241 1687 1276 ἥτις
1711 1242 1782 1273 ἐστὶ,

985 1288 1017 1322 τῇ
1036 1287 1118 1322 σαρκὶ
1135 1286 1368 1322 συγκεκραμένοις
1383 1287 1522 1322 ἀμήχανον
1532 1296 1539 1303 ⁶
1553 1289 1584 1313 ὲκ
1604 1287 1632 1313 δὲ
1645 1288 1695 1322 τῆς
1711 1287 1783 1314 κατὰ

985 1334 1030 1360 τὸν
1049 1334 1106 1369 βίον
1121 1334 1216 1360 τοῦτον
1229 1334 1439 1370 γνωριζομένων
1455 1334 1654 1369 ὑπεξαιρέσεως
1668 1335 1783 1361 δυνατόν

986 1381 1043 1406 ἐστι
1057 1380 1207 1414 στοχασμὸν
1224 1388 1284 1406 τινα
1299 1380 1332 1406 δι’
1346 1380 1493 1414 ἀναλογίας
1507 1380 1661 1407 ἀναλαϐεῖν.
1681 1381 1781 1406 Οὐκέτι

987 1426 1041 1461 γὰρ
1053 1425 1128 1452 ἔσται
1146 1427 1288 1461 σωματικῇ
1308 1425 1443 1461 παχύτητι
1458 1427 1702 1462 συμπεπλεγμένη,
1716 1425 1780 1452 οὒτε

145 1471 287 1506 aequalitas
312 1471 511 1499 elementorum
527 1492 534 1504 ,
552 1480 669 1508 quorum
687 1474 799 1508 mqualis
815 1481 846 1501 ae
875 1482 935 1501 inu-

988 1473 1021 1506 τῇ
1050 1472 1206 1506 ἰσοκρατείᾳ.
1226 1471 1280 1497 τῶν
1305 1472 1546 1507 ἀντιστοιχούντων
1573 1472 1782 1506 ὲμϐιοτεύουαα,

145 1522 192 1543 tua
214 1524 302 1552 pugna
319 1518 547 1546 constitutionem
565 1523 687 1546 nostram
702 1539 710 1552 ,
735 1519 937 1547 valetudinem-

147 1570 198 1596 :jue
214 1567 371 1590 conservat.
389 1562 456 1591 Nam
473 1565 495 1591 si
513 1572 607 1592 eorum
633 1566 743 1600 aliquod
773 1566 816 1593 vel
836 1567 938 1594 redun-

145 1606 209 1638 det,
233 1607 275 1634 vel
296 1607 420 1640 deiiciat,
447 1613 547 1635 natura
568 1609 760 1644 perturbatur,
777 1616 810 1636 ac
833 1609 937 1636 morbis

145 1652 275 1680 :illleitnr.
293 1654 338 1684 illa
363 1658 452 1681 autem
465 1655 518 1681 vita
546 1662 595 1682 nec
623 1654 711 1681 inedia
736 1654 860 1686 laborat,
887 1662 937 1682 nec

145 1699 302 1732 cruditate,
331 1707 382 1726 nec
399 1699 518 1734 frigore,
535 1700 676 1727 caloresve
701 1705 748 1727 aut
773 1701 842 1728 alias
865 1701 937 1728 aeris

145 1745 263 1779 injurias
290 1746 391 1777 sentit,
417 1750 444 1772 et
469 1745 524 1772 illic
548 1746 655 1780 agitur,
688 1746 732 1773 ubi
754 1746 789 1773 ab
807 1747 937 1774 otnnibus

146 1791 208 1818 istis
236 1790 378 1817 laboribus
406 1791 570 1818 necessariis
599 1791 677 1818 liberi
704 1791 818 1820 erimus.
843 1791 938 1827 Neque

145 1836 218 1863 enim
233 1841 279 1862 aut
292 1843 358 1871 agro
372 1836 507 1869 colendo,
524 1841 571 1863 aut
597 1837 750 1872 navigando
773 1837 937 1873 defatigabi-

147 1890 227 1915 mur;
257 1890 311 1909 non
339 1886 511 1914 mercatura,
528 1890 581 1909 non
599 1883 655 1910 ttllo
681 1887 786 1918 quatstu
811 1884 937 1919 coinqui-

147 1929 296 1955 nabimur:
326 1929 373 1955 sed
403 1929 437 1955 ab
464 1928 637 1960 aedificandi,
661 1929 787 1961 texendi,
808 1930 938 1965 omnique

146 1973 321 2001 sordidarum
347 1974 447 2001 artium
469 1975 579 2002 miseria
594 1975 672 2001 vacui
696 1976 889 2010 tranquillam,
908 1981 938 2004 ut

146 2018 248 2047 Paulus
265 2019 318 2051 ait,
341 2027 372 2046 ac
388 2020 507 2054 quietam
525 2027 638 2054 agemus
655 2020 737 2047 vitam
753 2030 760 2054 ;
776 2029 829 2048 non
845 2025 936 2053 terra,

147 2073 201 2092 non
219 2066 288 2092 mari
302 2066 504 2100 pugnaliimus;
528 2073 582 2092 non
597 2066 719 2100 equitatu
735 2087 742 2097 .
775 2075 829 2094 non
861 2068 938 2102 pedi-

147 2114 206 2136 tatu
233 2117 331 2136 manus
349 2118 546 2143 conseremus;
573 2111 600 2141 in
633 2112 804 2146 apparitibus
831 2112 936 2140 bellicis

149 2163 201 2182 non
231 2155 431 2190 occupabimnr
449 2175 455 2186 ,
489 2163 543 2182 non
566 2157 706 2190 exigamus
735 2157 852 2190 tributa;
882 2166 936 2185 non

148 2199 239 2231 fossa,
257 2207 310 2226 non
328 2208 406 2227 muro
422 2209 471 2228 nos
490 2201 664 2233 muniemus;
681 2202 729 2229 scd
753 2204 788 2230 ab
808 2204 937 2231 omnibus

147 2246 283 2282 ejusmodi
311 2246 452 2274 laboribus
472 2252 498 2274 et
514 2248 648 2276 molestiis
667 2250 844 2276 remotissimi
857 2271 864 2283 ,
886 2258 937 2278 nec

148 2292 310 2319 habebimus
331 2293 415 2319 ullum
436 2293 487 2327 ipsi
504 2294 658 2328 negotium,
679 2302 729 2322 nec
747 2295 937 2323 exhibebimus

148 2338 236 2364 alteri.
260 2337 317 2364 Illic
344 2338 416 2365 enim
444 2346 494 2365 nec
521 2339 657 2371 servitus,
686 2348 738 2367 nec
760 2341 936 2374 dominatus,

149 2391 200 2410 nrc
215 2387 361 2418 paupertas
371 2403 379 2415 ,
397 2391 447 2411 nec
458 2384 560 2411 divitia:
571 2403 578 2415 ,
602 2393 651 2412 ncc
666 2387 774 2420 generis
787 2387 916 2421 splendor
929 2407 936 2419 ,

149 2433 195 2455 aut
211 2429 368 2456 obscuritas
380 2449 387 2460 ,
407 2437 458 2456 nec
477 2430 646 2464 privatorum
663 2431 820 2463 humilitas,
833 2440 883 2460 nec
895 2433 937 2460 di-

149 2475 239 2507 gnitas
259 2474 488 2509 magistratuum.
507 2483 557 2502 nec
573 2476 625 2502 ulla
642 2477 703 2503 talis
721 2477 850 2510 fortunae,
870 2486 937 2505 con-

150 2520 281 2552 ditionis,
308 2526 335 2548 et
358 2521 461 2548 ordinis
484 2522 636 2549 dill'erenlia
663 2523 752 2550 locum
774 2523 863 2551 habet.
893 2524 938 2551 Et-

149 2568 219 2593 enim
234 2567 356 2594 omniutn
370 2567 506 2601 ejusmodi
523 2575 614 2595 rerum
631 2569 821 2596 necessitatem
843 2571 937 2597 exclu~

148 2612 188 2638 dit
204 2612 248 2638 illa
267 2613 338 2644 vita,
358 2621 418 2647 quae
435 2615 556 2641 materia:
583 2623 681 2650 expers
711 2616 785 2642 nulla
811 2625 839 2643 re
859 2621 935 2651 eget,

149 2658 177 2683 in
202 2665 255 2692 qua
282 2661 407 2684 naturam
432 2659 514 2686 animi
538 2668 590 2686 non
613 2668 645 2687 ex
667 2660 742 2687 sicco
770 2661 936 2696 humidoque

148 2707 296 2734 constare,
323 2704 370 2731 setl
399 2712 431 2731 ex
459 2705 558 2732 divinze
584 2710 688 2733 natura:
715 2707 885 2741 cognitione,
909 2713 937 2735 et

149 2748 264 2782 hujusce
291 2750 405 2783 spiritus
432 2751 498 2778 aerii
523 2751 601 2782 loco.
631 2760 695 2779 vero
713 2753 758 2780 illo
786 2758 936 2788 saneloque

150 2791 187 2833 ὃν
201 2795 252 2821 ritu
267 2794 319 2821 frui
332 2789 417 2823 mna
428 2796 574 2833 inﬁgi-nus.
588 2797 653 2831 Quae
666 2798 774 2833 quidem
793 2799 864 2826 bona
881 2807 936 2826 non

988 1514 1025 1544 ὧν
1042 1518 1058 1552 ὴ
1073 1518 1216 1553 ἱσόῤῥοπος
1235 1518 1304 1552 πρὸς
1321 1518 1423 1553 ἄλληλα
1442 1518 1526 1553 μάχη,
1543 1518 1591 1554 τὴν
1606 1518 1736 1544 σύστασίν
1751 1527 1781 1544 τε

987 1563 1065 1598 ἡμῶν
1078 1565 1124 1590 καὶ
1134 1564 1182 1598 τὴν
1202 1564 1308 1598 ὑγίειαν
1323 1565 1404 1590 ποιεῖ.
1422 1564 1451 1590 ’0
1469 1564 1524 1598 γὰρ
1544 1564 1714 1599 πλεονασμὸς
1726 1565 1782 1590 τῶν

987 1609 1116 1636 ἐναντίων
1129 1609 1202 1642 τινὸς
1215 1610 1262 1636 καὶ
1276 1610 1292 1644 ἡ
1306 1609 1434 1644 ἔλλειψις,
1446 1610 1530 1642 πάοος
1547 1610 1594 1636 καὶ
1609 1609 1783 1645 ἀρρώστημα

987 1656 1035 1690 τῆς
1051 1655 1158 1690 φύσεως
1173 1656 1277 1690 γίνεται
1291 1664 1297 1671 ·
1313 1653 1367 1692 ὲνῇ
1382 1655 1457 1682 οὐδὲν
1468 1654 1529 1682 οὔτε
1544 1655 1717 1681 συστέλλεται
1733 1664 1780 1681 κε-

987 1702 1126 1736 νούμενον,
1138 1701 1200 1727 οὔτε
1212 1701 1340 1736 δυσφορεῖ
1353 1700 1546 1737 φορτιζόμενον
1556 1707 1564 1714 ⁵
1580 1701 1648 1726 ἀλλά
1664 1701 1713 1727 καὶ
1726 1701 1782 1726 τῶν

987 1747 1019 1773 ἐκ
1033 1746 1079 1772 τοῦ
1094 1746 1174 1782 ἀέρος
1195 1745 1285 1781 ἀηδῶν
1301 1745 1354 1778 ἕξω
1371 1745 1529 1772 παντάπασι
1543 1745 1656 1779 γίνεται,
1681 1744 1781 1780 κρύους

987 1801 1016 1818 τε
1034 1791 1105 1825 λέγω
1122 1792 1168 1818 καὶ
1181 1791 1309 1823 Θάλπους,
1322 1792 1369 1817 καὶ
1383 1791 1491 1818 πάντων
1506 1791 1561 1817 τῶν
1571 1791 1641 1817 κατᾶ
1657 1790 1688 1816 τὸ
1699 1791 1781 1817 ὲναν-
1793 1788 1795 1794 ’

987 1838 1043 1864 τίον
1060 1837 1211 1872 νοουμένων
1236 1837 1449 1872 ἁπηλλαγμένη·
1477 1838 1506 1863 ὲν
1520 1837 1633 1868 ἐκείνοις
1655 1836 1682 1862 δὲ
1705 1844 1782 1870 γινο-

990 1883 1067 1918 μένη,
1089 1884 1156 1910 ὅπου
1183 1883 1291 1910 πάντων
1312 1883 1367 1909 τῶν
1385 1883 1542 1917 ἀναγκαίων
1560 1883 1691 1918 καμάτων
1704 1882 1783 1908 ἐλευ-

988 1929 1054 1964 Οέρα
1074 1937 1104 1955 τε
1125 1929 1172 1955 καὶ
1187 1929 1280 1960 ἄνετος
1303 1929 1407 1964 ἐστινὴ
1436 1928 1509 1964 ζωή·
1533 1929 1562 1954 οὺ
1579 1928 1622 1954 διὰ
1643 1920 1795 1963 γεωργίαςί

988 1974 1193 2006 κακοπαθοῦσα,
1210 1975 1240 2001 οὐ
1257 1975 1320 2006 τοὺς
1346 1974 1515 2006 διαποντίους
1540 1974 1713 2009 ὑπομένουσα
1731 1975 1782 2000 πό-

988 2030 1060 2052 νους,
1070 2021 1100 2047 οὑ
1117 2021 1161 2049 διὰ
1174 2021 1223 2055 τῆς
1239 2021 1392 2056 ὲμττηρικῆς
1406 2020 1554 2056 καπηλείας
1569 2020 1763 2056 ἀσχημονοῦσα
1773 2031 1780 2035 -

987 2067 1158 2102 οἰκοδομικῆς
1169 2076 1197 2093 τε
1211 2068 1257 2093 καὶ
1276 2068 1437 2102 ὑφαντικῆς,
1453 2066 1498 2092 καὶ
1510 2067 1560 2101 τῆς
1571 2066 1626 2092 τῶν
1637 2066 1782 2101 βαναύσων

988 2113 1091 2148 τεχνῶν
1104 2113 1291 2148 ταλαιπωρίας
1316 2113 1516 2148 κεχωρισμένη,
1531 2112 1634 2147 ἦρεμόν
1654 2121 1714 2138 τινα
1731 2113 1782 2139 καὶ

989 2159 1101 2194 ἡσύχιον
1125 2159 1212 2193 διάγει
1234 2159 1301 2194 βίον,
1330 2159 1421 2190 καθὼς
1444 2160 1458 2185 ὁ
1481 2159 1585 2190 ιιαῦλός
1612 2167 1704 2193 φησιν,
1730 2159 1783 2197 οὐχ

990 2205 1193 2240 ἱππομαχοῦσα,
1212 2205 1242 2230 οὐ
1261 2204 1448 2239 ναυμαχοῦσα,
1472 2204 1502 2230 οὐ
1520 2203 1654 2238 συστάδην
1667 2203 1712 2230 διὰ
1728 2203 1782 2238 τῆς

989 2250 1104 2285 πεζικῆς
1120 2249 1298 2286 παρατάξεως
1320 2249 1542 2285 συμπλεκομένη,
1557 2249 1588 2275 οὑ
1606 2249 1674 2284 πρὸς
1696 2257 1782 2275 κατα-

990 2296 1089 2331 σκευὴν
1103 2296 1192 2322 ὅπλων
1214 2295 1410 2331 ἀσχολουμένη,
1439 2296 1469 2322 οὐ
1489 2296 1588 2330 φόρους
1618 2294 1780 2328 ἐκλέγουσα,

988 2343 1018 2368 οὐ
1032 2343 1152 2377 τάφρους
1165 2343 1211 2368 καὶ
1223 2342 1299 2377 τείχη
1320 2343 1572 2374 κατασκευάζουσα,
1588 2340 1655 2367 ἀλλὰ
1671 2341 1782 2367 πάντων

989 2389 1043 2415 τῶν
1060 2389 1187 2415 τοιούτων
1209 2390 1307 2423 ἀτελής
1327 2389 1367 2420 τίς
1386 2390 1444 2415 ἐστι
1470 2388 1516 2414 καὶ
1541 2387 1678 2423 ἐλευθέρα.
1700 2388 1779 2422 Μήτε

989 2435 1088 2470 ἔχουσα
1107 2435 1232 2471 πρᾶγμα,
1259 2435 1328 2470 μήτε
1345 2434 1514 2468 παρέχουσα,
1537 2434 1566 2459 ἐν
1622 2432 1728 2459 δουλεία
1749 2441 1780 2458 τε

990 2481 1036 2507 καὶ
1057 2481 1186 2516 κυριότης
1200 2482 1247 2507 καὶ
1268 2480 1357 2512 πενία,
1382 2480 1506 2514 εὐγένειά
1519 2487 1547 2505 τε
1564 2479 1610 2505 καὶ
1626 2479 1779 2512 δυσγένεια,

988 2527 1035 2552 καὶ
1054 2526 1172 2561 ἱδιωτικὴ
1185 2526 1356 2560 ταπεινότης,
1370 2525 1416 2552 καὶ
1433 2524 1603 2559 ἀξιωματικὴ
1622 2524 1778 2555 δυναστεία,

988 2572 1035 2598 καὶ
1052 2573 1126 2598 πᾶσα
1148 2571 1258 2605 τοιαύτη
1279 2570 1420 2605 ἀνωμαλία
1439 2569 1530 2605 χώραν
1546 2570 1596 2595 οὐκ
1615 2568 1681 2603 ἕχει.
1704 2569 1780 2604 Παρ-

989 2619 1107 2652 αιρεῖῖαι
1122 2617 1175 2651 γὰρ
1194 2617 1302 2643 πάντων
1322 2616 1425 2642 τούτων
1446 2616 1492 2642 καὶ
1509 2615 1562 2641 τῶν
1578 2614 1707 2640 τοιούτων
1729 2614 1780 2650 τὴν

988 2662 1120 2695 ἀνάγκην,
1133 2662 1163 2688 τὸ
1178 2662 1299 2693 ἀνενδεὲς
1312 2662 1361 2696 τῆς
1378 2661 1450 2695 ζωῆς
1462 2661 1568 2696 ἐκείνης
1585 2661 1631 2686 καὶ
1646 2659 1738 2690 ἅῦλον,
1751 2661 1781 2687 ὲν

988 2706 1046 2744 ﬁt?)
1064 2707 1225 2742 διακρατοῦν
1239 2708 1287 2743 τῆς
1301 2708 1389 2742 ψυχῆς
1405 2707 1452 2742 τὴν
1470 2707 1628 2738 ὑπόστασιν,
1645 2707 1676 2732 οὐ
1694 2706 1780 2741 ξηροῦ

988 2763 1016 2780 τε
1031 2754 1077 2780 καὶ
1097 2754 1179 2788 ὑγροῦ
1199 2754 1271 2785 τινός
1286 2755 1343 2780 ἐστι
1363 2754 1503 2788 μετουσία,
1524 2753 1582 2779 ἀλλ’
1602 2754 1619 2788 ἡ
1639 2753 1688 2788 τῆς
1703 2753 1780 2784 θείας

989 2799 1094 2834 φύσεως
1110 2800 1283 2834 κατανόησις,
1295 2800 1354 2826 ἀντὶ
1369 2800 1395 2826 δὲ
1409 2799 1454 2826 τοῦ
1474 2799 1598 2829 ἑναερῐου
1610 2799 1778 2834 πνεύματος,
