1938 3082
77 132 126 161 5-05

783 144 826 170 Dii
845 145 1009 174 MORTUlS.

1664 155 1715 180 5οϋ

77 192 121 219 τοῦ
139 192 269 229 ἀληθινοῦ
285 202 313 220 τε
329 195 375 221 καὶ
391 195 470 230 ἁγίου
490 197 649 233 Πνεύματος
669 198 737 226 εἶναι
753 202 802 237 τὴν
815 212 865 230 κοι-

926 203 1107 229 immutantur
1123 203 1156 229 ad
1172 203 1379 231 similitudinem
1400 212 1494 232 eorum
1519 214 1579 242 qua:
1605 213 1667 235 sunt
1687 209 1713 235 in

77 238 175 264 νωνίσν
203 239 254 265 οὐκ
282 240 499 276 ἀμφιϐάλλομεν.
523 240 574 270 ’Ὧν
601 245 616 279 ἡ
647 245 794 279 ἀπόλαυσις
819 248 869 274 οὐκ

78 284 264 320 ἐνηλλαγμένη
283 285 344 312 καθ’
367 287 514 323 ὁμοιότητα
534 290 582 315 τοῦ
597 291 659 325 τῇδε
685 292 743 326 βίου
760 293 803 319 διὰ
819 293 869 329 τῆς

77 330 160 362 ἕξεως
175 331 237 358 καῖ’
251 333 406 368 στερήσεως
427 334 542 368 γίνεται,
563 337 753 374 εἰσκρινομένη
776 348 805 366 τε
822 341 870 367 καὶ

79 376 296 412 ἀποποιουμένη,
321 378 378 405 ἀλλ’
397 379 441 405 ἀεὶ
468 380 643 417 πληρουμένη
669 384 718 410 καὶ
743 385 869 413 οὐδέποτε

79 422 287 457 περιγράφουσα
311 424 383 460 κόρῳ
402 425 450 460 τὴν
475 426 624 462 πλήρωσιν.
647 429 765 465 Ἀϐαρὴς
783 430 868 467 γὰρὴ

78 467 159 502 νοερὰ
179 468 280 504 τρυφὴ,
304 469 352 496 καὶ
370 470 532 507 ἀπλήρωτος
557 473 672 500 πάντοτε
691 477 750 507 ταῖς
774 476 869 503 ἐπιθυ-

81 513 154 547 μίαις
162 513 217 540 τῶν
233 516 400 550 μετεχόντων
416 517 572 552 ἀκορέστως
582 520 868 556 ἐπιπλημμυρίζουσα.

79 558 126 584 Διὰ
143 559 222 589 10610
238 562 361 597 μακαρία
375 562 416 594 τίς
432 563 507 589 ἐστιν
521 565 612 600 ἐκείνη
625 567 641 600 ἡ
663 565 718 602 ζωὴ
740 568 786 594 καὶ¹
802 569 870 603 ἀκή-

80 613 171 638 ρατος.
191 606 289 641 μηκέτι
304 609 362 639 ταῖς
387 608 442 635 τῶν
461 609 646 646 αἰσθητηρίων
669 612 777 647 ἡδοναῖς
801 614 869 649 πρὸς

77 649 126 684 τὴν
144 651 192 677 106
214 652 297 678 καλοῦ
312 653 402 688 κρίσιν
424 655 634 692 ἐμπλανωμὲνη.
655 658 687 684 Τί
705 659 795 685 τοίνυν
809 661 868 686 ἐστὶ

79 695 241 732 σκυθρωπὸν
254 699 283 725 ὲν
298 698 337 733 τῷ
351 700 503 734 πράγματι,
515 701 548 728 δι’
564 702 578 728 ὃ
590 703 622 738 τῇ
639 704 803 738 μεταστάσει
816 705 869 732 τῶν

78 741 239 777 ἐπιτηδείων
254 743 505 780 ἐπιστυγνάζομεν;
522 747 546 772 εί
564 747 601 782 μὴ
617 748 695 774 τοῦτό
706 758 748 781 τις
759 750 812 785 ἄρα
825 749 870 777 λυ-

79 786 165 822 πηρὸν
181 788 301 822 ἡγεῖται,
321 789 363 816 ὅτι
377 789 447 825 πρὸς
457 791 502 817 τὸν
517 791 610 826 ἀπαοῆ
623 801 652 819 τε
666 794 713 819 καὶ
724 794 869 830 ὰνενόχλη-

80 841 124 859 τον
137 833 194 868 βίον
205 834 295 865 αὐτοῖς
306 835 322 869 ἡ
340 835 503 869 μετάστασις
515 836 628 870 γίνεται,
644 838 673 869 ὃς
682 838 743 865 οὗτε
758 840 868 874 πληγῶν

921 249 971 274 hac
992 249 1046 275 vita
1058 268 1065 280 ,
1083 248 1147 275 dum
1161 257 1192 276 ea
1210 251 1251 276 vel
1274 252 1464 284 assequimur,
1483 253 1525 280 vel
1542 254 1693 282 amittimus
1706 277 1712 289 ,

920 293 984 320 dum
1001 293 1150 328 injicimus,
1162 294 1204 321 vel
1215 294 1341 329 cjicimus
1355 303 1361 326 ς
1379 296 1425 323 sed
1440 305 1578 333 nunquam
1591 300 1711 334 explent,

921 346 1060 373 nunquam
1082 340 1192 366 satiant.
1216 340 1305 366 Animi
1321 348 1438 375 namque,
1454 342 1558 370 deliciae
1574 351 1626 370 non
1649 350 1714 372 sunt

920 391 1027 418 graves,
1040 391 1090 411 nec
1108 384 1254 412 fruentium
1272 385 1408 412 desiderio
1420 387 1500 413 ullam
1516 396 1634 423 unquam
1648 390 1713 417 alle-

920 434 985 456 runt
999 429 1165 457 satietatem.
1187 430 1303 465 Ideoque
1322 431 1398 457 beata
1413 435 1455 458 est
1474 432 1519 458 illa
1534 433 1589 459 vita
1603 452 1611 465 ,
1627 439 1710 469 atque

921 475 1102 506 immortalis.
1132 476 1233 510 quippe
1263 484 1324 511 qure
1352 484 1482 504 sensuum
1509 478 1623 506 libidine
1655 488 1709 507 non

921 521 1023 548 fallitur
1039 522 1067 548 in
1081 522 1161 549 battis
1191 522 1387 557 dijudicandis.
1420 522 1490 556 Quid
1515 525 1597 558 igitur
1621 530 1663 552 est
1683 526 1709 553 in

919 566 978 601 ipsa
996 574 1024 594 re
1043 567 1117 595 mali.
1137 568 1312 601 quamobrem
1329 569 1477 596 amicorum
1495 574 1521 597 et;
1537 570 1711 599 familiarium

920 612 996 638 obitu
1029 612 1189 639 doleamus?
1206 613 1258 640 nisi
1284 614 1346 648 quis
1375 614 1523 642 dolendum
1548 617 1709 649 existimat,

920 658 992 692 quod
1002 659 1035 685 ad
1051 659 1133 685 vitam
1149 659 1385 693 perturbationum
1396 668 1427 687 ac
1439 661 1608 688 miseriarum
1618 670 1712 697 exper-

920 707 974 731 tem
997 705 1210 738 proliciscuntur
1222 725 1229 738 ,
1247 705 1274 732 in
1295 713 1349 740 qua
1363 706 1504 741 plagarum
1534 707 1641 734 dolores
1658 715 1712 735 non

921 753 1047 776 metuunt
1061 771 1068 782 ,
1086 758 1139 777 non
1156 751 1226 786 ignis
1242 751 1330 778 minas
1342 771 1348 782 .
1365 759 1420 778 non
1435 751 1501 779 ferri
1514 753 1626 780 vulnera
1638 774 1644 785 ,
1657 761 1711 781 non

920 797 999 822 terra:
1014 799 1120 827 motus,
1141 800 1187 823 aut
1199 795 1336 830 naufragii
1348 817 1355 829 ,
1375 801 1422 824 aut
1439 797 1582 825 servitutis
1600 799 1712 825 calami-

921 845 1007 873 tates,
1025 850 1079 869 non
1101 843 1258 869 immanium
1274 842 1391 870 ferarum
1408 843 1542 878 impetus,
1560 851 1613 870 non
1632 853 1711 871 vene~

78 878 174 910 ὀδύνας
192 879 345 914 προσίεται,
362 880 392 906 οὐ
409 881 494 916 πυρὸς
512 882 630 909 δέδοικεν
647 884 772 920 ἀπειλὴν,
788 886 818 911 οὐ
835 886 865 912 τὰ

921 894 1000 915 natos
1018 896 1048 915 ac
1061 889 1205 923 pestiferos
1230 890 1399 924 serpentium
1417 891 1529 917 aculeos
1548 897 1711 925 morsusque

77 923 119 949 διὰ
135 924 245 959 σιδήρου
261 925 416 960 τραύματα,
443 927 492 952 οὐκ
510 928 563 953 ἀπὸ
580 929 699 964 σεισμῶν
722 931 768 957 καὶ
788 940 870 957 ναυα-

77 968 143 1000 γίων
165 969 212 995 καὶ
227 969 420 1004 αίχμαλωσιῶν
438 973 592 1008 συμφορὰς,
610 974 640 1000 οὺ
656 975 705 1006 τὰς
725 975 778 1002 τῶν
795 976 868 1011 ὠμοη

77 1013 164 1049 669w“;
179 1014 280 1050 θηρίων
300 1016 463 1050 προσϐολὰς,
480 1018 510 1044 οὐ
526 1018 560 1044 τὰ
576 1019 630 1046 τῶν
649 1020 824 1055 ὲρπυστικῶν
838 1030 868 1047 τε

77 1059 124 1085 καὶ
140 1059 251 1087 ἰοϐόλων
276 1061 376 1097 κέντρα
389 1063 436 1089 καὶ
447 1063 584 1099 δήγματα.
605 1066 648 1092 Ἐν
664 1063 686 1100 ᾧ
706 1066 793 1098 οὐδεὶς
806 1066 866 1094 οὗτε

78 1104 237 1139 ἐξογκοῦται
255 1107 294 1142 τῷ
309 1107 397 1144 τύφῳ,
417 1109 478 1137 οὔτε
499 1113 623 1141 πατεῖται
637 1113 666 1139 ἑν
683 1113 866 1149 ταπεινότητι,

77 1151 137 1177 οὔτε
153 1152 206 1178 ὑπὸ
218 1152 335 1188 θράσους
349 1155 534 1190 ἐκθηριοῦται,
551 1156 612 1183 οὔτε
638 1158 692 1184 ὑπὸ
705 1159 807 1190 δειλίας
817 1168 867 1186 κα-

76 1199 246 1231 ταπτοετται,
259 1199 320 1226 οὗτε
329 1202 362 1235 τῇ
373 1201 440 1236 ὀργῇ
457 1202 641 1237 περιοιδαίνει,
656 1204 724 1235 ζέων
735 1205 773 1240 τῷ
789 1205 866 1241 θυμῷ

77 1243 123 1269 καὶ
139 1244 311 1279 μαινόμενος,
326 1246 390 1273 οὔτε
413 1247 548 1274 κλονεῑται
566 1249 617 1275 ὑπὸ
634 1250 681 1276 τοῦ
701 1251 794 1285 φόϐου,
821 1252 867 1278 ἀν-

76 1293 178 1326 τισχεῖν
193 1293 261 1328 πρὸς
272 1293 321 1328 τὴν
332 1294 377 1320 τοῦ
389 1295 551 1329 κρατοῦντος
565 1297 652 1332 ὁρμὴν
663 1297 693 1324 οὺ
707 1298 864 1333 δυνάμενος.

83 1339 126 1365 Ἐν
139 1337 162 1374 ᾧ
177 1340 288 1375 φροντὶς
308 1341 357 1367 οὐκ
374 1341 446 1368 ἔστιν
463 1341 506 1369 οἷα
521 1342 574 1369 τῶν
591 1343 723 1378 βασιλέων
743 1345 776 1372 τὰ
792 1345 843 1380 ἤθη
857 1354 865 1361 ·

75 1385 146 1418 τίνες
166 1386 195 1412 αἱ
220 1386 385 1421 νομοθεσίαι,
412 1385 462 1414 οἷοι
488 1388 541 1415 τῶν
563 1389 671 1424 τρόπων
698 1391 722 1416 οί
747 1391 793 1416 ἐπὶ
813 1391 866 1417 τῶν

75 1431 168 1466 ἀρχῶν
193 1432 365 1466 τεταγμένοι,
387 1431 431 1459 οἷα
454 1432 489 1459 τὰ
515 1433 724 1468 διαγράμματα,
755 1435 836 1466 πόσος
851 1435 865 1460 ὁ

75 1478 184 1512 ἐτήσιος
201 1478 282 1513 φόρος
292 1485 299 1492 ·
314 1477 376 1504 οὔτε
393 1479 417 1504 εί
432 1478 516 1514 πολλὴ
530 1479 640 1513 γέγονεν
654 1479 803 1514 ἐπομϐρίαι,
817 1488 866 1506 κει-

75 1521 247 1554 τακλύζουσά
270 1525 302 1559 τῇ
323 1524 441 1559 ἀμετρίᾳ
461 1524 492 1550 τδ
515 1524 732 1560 γεωργούμενον,
759 1524 822 1552 οὔτε
841 1526 865 1551 εἰ

920 933 1109 960 reformidant.
1127 933 1155 960 ln
1169 941 1222 968 qua
1236 941 1315 960 nemo
1337 933 1449 960 inﬂatur
1464 934 1592 968 superbia
1608 954 1614 965 ,
1630 942 1711 961 nemo

920 979 1074 1006 humilitate
1103 979 1288 1014 deprimitur,
1320 987 1401 1006 nemo
1425 979 1539 1006 effertur
1573 980 1709 1012 audacia,

919 1033 999 1052 nemo
1032 1026 1133 1052 timore
1166 1027 1343 1056 concutitur,
1377 1033 1458 1052 nemo
1492 1033 1541 1052 nec
1567 1026 1710 1053 iracundia

918 1075 1038 1098 aestuans
1058 1076 1084 1099 et
1108 1072 1251 1098 insaniens
1269 1070 1463 1102 excandescit,
1491 1079 1540 1099 nec
1554 1072 1711 1107 superantis

919 1117 1050 1150 impetum
1073 1117 1212 1144 sustinere
1230 1124 1284 1143 non
1305 1117 1399 1144 valens
1417 1121 1489 1144 metu
1510 1118 1709 1145 contremiscit.

918 1161 945 1187 In
961 1169 1016 1196 qua
1037 1161 1113 1187 mtlla
1131 1161 1291 1188 sollicitudo
1320 1165 1380 1194 est,
1404 1162 1500 1196 quales
1532 1162 1588 1188 sint
1614 1169 1710 1196 regum

918 1214 1008 1234 mores
1021 1227 1028 1238 ,
1044 1214 1059 1232 a
1075 1214 1194 1241 quonam
1221 1205 1344 1233 ferantur
1363 1207 1436 1242 leges
1448 1227 1455 1238 ,
1473 1207 1608 1241 quibusve
1625 1207 1710 1241 magi-

917 1253 1019 1277 stratus
1044 1251 1275 1282 committantur,
1308 1259 1367 1286 qua:
1394 1251 1502 1278 decreta
1528 1251 1615 1282 ﬁant,
1645 1259 1707 1286 qua:

916 1295 1068 1329 quotannis
1082 1296 1259 1330 imponantur
1273 1295 1375 1323 tributa
1387 1317 1394 1328 ,
1418 1301 1464 1323 aut
1480 1304 1513 1323 ne
1527 1296 1710 1323 immoderata

917 1341 1047 1368 imbrium
1065 1341 1213 1368 multitudo
1234 1346 1293 1369 sata
1309 1342 1461 1376 deprimat,
1478 1341 1617 1376 grandovc
1634 1342 1711 1368 labo-

916 1396 976 1415 rum
994 1393 1185 1424 susceptorum
1207 1397 1283 1424 spem
1308 1389 1425 1420 auferat,
1442 1393 1488 1415 aut
1502 1389 1635 1420 siccitate,
1651 1396 1712 1423 qum

915 1437 981 1460 nata
1003 1437 1087 1466 sunt,
1117 1439 1289 1461 exarescant.
1317 1434 1441 1461 Aliorum
1463 1435 1527 1461 item
1555 1434 1710 1465 malorum,

916 1486 975 1513 qum
990 1478 1034 1506 hic
1052 1483 1117 1506 sunt
1129 1500 1135 1511 ,
1154 1479 1224 1513 apud
1242 1487 1289 1506 eos
1304 1480 1398 1506 nullus
1425 1484 1467 1506 est
1492 1479 1585 1506 timor.
1611 1477 1708 1513 Neque

916 1529 963 1551 aut
988 1525 1116 1552 orbitatis
1133 1525 1246 1552 tristitia
1259 1545 1266 1557 ,
1287 1529 1334 1552 aut
1349 1525 1493 1552 viduitatis
1508 1525 1634 1552 molestia
1650 1531 1709 1559 per-

74 1569 182 1604 χάλαξα
199 1569 249 1602 τὰς
269 1570 379 1602 ἐλπίδας
392 1570 445 1597 τῶν
462 1571 607 1605 γεωπόνων
622 1571 783 1607 ἠχρείωσεν,
803 1571 864 1598 οὔτε

918 1571 1074 1598 turbantur.
1090 1571 1150 1598 lllic
1160 1579 1192 1598 ex
1209 1576 1263 1598 tam
1275 1572 1368 1598 multis
1384 1571 1541 1599 morborum
1562 1573 1710 1607 generibus

74 1616 98 1641 εί
113 1615 221 1649 αὐχμὸς
244 1616 432 1652 ἐπικρατήσας
448 1616 625 1652 ἀποξηραίνει
645 1618 699 1643 πᾶν
720 1617 750 1643 τὸ
763 1617 867 1652 φυόμε-

74 1668 128 1688 νον.
150 1660 232 1688 Ἀλλὰ
259 1662 306 1687 καὶ
325 1661 378 1688 τῶν
399 1661 500 1688 λοιπῶν
524 1662 571 1688 τοῦ
587 1662 645 1696 βίου
668 1662 761 1689 κακῶν
777 1663 868 1689 πᾶσαν

74 1706 167 1733 ἄδειαν
182 1706 249 1742 ἔχει.
269 1699 413 1742 ’Θρφανίας
425 1716 456 1734 τε
474 1707 528 1743 γὰρ
546 1707 576 1734 τὸ
599 1707 760 1743 σκυθρωπὸν
774 1708 805 1734 οὐ
820 1707 868 1734 λυ-

74 1755 119 1779 πεῖ
134 1753 186 1788 τὴν
209 1753 280 1788 ζωὴν
303 1754 421 1789 ἐκείνην,
437 1754 473 1780 τὰ
495 1755 527 1780 ὲκ
548 1754 662 1789 χηρείας
683 1755 757 1781 κακὰ
774 1753 867 1790 χώραν

73 1799 121 1824 οὐκ
136 1799 209 1834 ἔχει’
228 1799 343 1834 ἀργοῦσι
352 1799 380 1826 δὲ
395 1800 442 1826 καὶ
454 1800 483 1826 αἱ
499 1799 663 1835 πολύτροποι
678 1799 724 1826 τοῦ
741 1799 867 1835 σώματος

72 1845 236 1881 ἀρῤωστίαι,
255 1846 282 1872 οῖ
296 1854 325 1876 τε
354 1846 426 1873 κατὰ
446 1846 500 1872 τῶν
528 1846 734 1881 εὐημερούντων
760 1846 862 1880 φθόνοι,

73 1893 118 1918 καὶ
153 1893 181 1918 at
207 1892 276 1919 κατὰ
302 1891 356 1918 τῶν
375 1892 616 1927 ςδυσπραγούντων
633 1892 790 1928 ὑπεροψίαι,
817 1893 865 1920 καὶ

73 1938 163 1971 rixa
177 1937 213 1964 τὰ
233 1938 344 1965 τοιαῦτα
365 1937 416 1972 τῆς
430 1937 503 1973 ζωῆς
524 1937 631 1972 ἐκείνης
655 1938 809 1974 ἐξώρισται·
825 1940 864 1965 lcr-

914 1618 1015 1652 quibns
1045 1624 1161 1652 corpora
1191 1621 1286 1644 nostra
1317 1622 1468 1648 vexantur,
1502 1618 1594 1645 nullus
1621 1619 1707 1646 adest.

914 1661 972 1689 Illic
989 1669 1039 1689 nec
1057 1661 1184 1689 felicibus
1198 1661 1339 1688 invidetur
1350 1681 1356 1691 ,
1384 1669 1436 1689 nec
1453 1661 1645 1696 despiciuntur
1662 1670 1711 1690 ca-

915 1708 1046 1735 lamitosi.
1074 1707 1176 1734 Omnes
1198 1707 1240 1734 hac
1270 1707 1408 1742 denique,
1436 1712 1464 1735 et
1488 1707 1513 1734 id
1535 1715 1621 1743 genus
1650 1708 1711 1735 alia:

915 1753 1035 1780 miseriae
1065 1753 1167 1780 absunt
1200 1753 1234 1780 ab
1266 1753 1311 1780 illa
1340 1753 1395 1780 vita
1423 1761 1505 1788 quant
1535 1753 1707 1788 longissime.

914 1800 1018 1827 Contra
1037 1807 1100 1827 vero
1109 1799 1182 1834 juris
1193 1804 1219 1827 ct
1232 1800 1321 1834 legum
1335 1799 1507 1834 aequabilitas
1520 1807 1582 1826 cum
1601 1807 1709 1827 suunna

916 1847 1043 1873 libertate
1059 1850 1086 1873 et
1102 1853 1168 1880 pace
1184 1846 1211 1872 in
1227 1853 1260 1873 eo
1279 1846 1433 1873 animorum
1453 1846 1553 1880 populo
1567 1850 1708 1877 versatur,

917 1900 979 1919 cum
995 1891 1062 1918 illud
1078 1892 1195 1927 quisque
1211 1892 1326 1924 habeat,
1341 1891 1415 1927 quod
1428 1891 1563 1927 cujusque
1579 1891 1709 1919 voluntas

918 1941 1040 1973 exoptat.

71 1984 172 2019 ηγορία
184 1985 213 2010 δέ
231 1994 272 2016 τις
293 1986 339 2011 καὶ
362 1985 484 2020 ἰσονομία
504 1985 548 2011 διὰ
567 1978 661 2019 πάσης
675 1985 832 2021 ἐλευθερίας
853 1985 1006 2020 εἰρηνικῆς,
1023 1984 1062 2016 τῷ
1085 1984 1138 2010 τῶν
1160 1983 1254 2019 ψυχῶν
1273 1983 1352 2018 δήμῳ
1370 1981 1606 2018 συμπολιτεύεται’
1622 1983 1709 2009 ἐκεῖνο

71 2032 189 2058 ἑκάστου
204 2031 318 2066 ἔχοντος,
331 2032 400 2067 ὅπερ
419 2033 452 2059 ἂν
460 2031 548 2067 ἑαυτῷ
568 2032 700 2068 ἑτοιμὰσῃ
717 2033 749 2058 ἐκ
767 2032 963 2068 προαιρέσεως.

105 2080 138 2106 ΕΞ
154 2080 184 2106 δέ
199 2088 224 2106 τι
237 2081 326 2115 χεῖρον
344 2080 375 2107 ἔκ
389 2089 460 2112 τινος
475 2080 602 2112 ἀϐουλίας
618 2081 672 2106 1M.
685 2089 862 2116 παρασκευα-

72 2125 120 2161 σθῇ
134 2125 198 2152 ἀντὶ
207 2125 253 2151 τοῦ
264 2126 426 2160 κρείττονος.
440 2126 559 2157 ἀναίτιος
574 2125 628 2152 τῶν
643 2126 771 2152 τοιούτων
786 2127 799 2151 ὁ
816 2125 863 2151 θά-

71 2180 162 2203 νατος,
181 2170 243 2197 κατ’
260 2170 384 2202 ἐξουσίαν
398 2172 427 2198 τὸ
446 2171 541 2198 δοκοῦν
555 2172 681 2206 ἐλόμενος
696 2171 746 2206 τῆς
766 2179 862 2206 προαι-

72 2217 187 2252 ρέσεως.
210 2213 296 2252 ’Υπὲρ
312 2217 383 2249 τίνος
400 2216 447 2244 οὖν
460 2217 680 2252 δυσχεραίνουσιν
694 2217 719 2243 οἱ
736 2216 864 2252 θρηνοῦν-

948 2078 1026 2111 Quod
1044 2078 1067 2105 si
1083 2067 1144 2112 quis
1163 2077 1198 2105 ob
1225 2077 1345 2112 inopiam
1371 2076 1490 2108 consilii,
1511 2082 1543 2102 ac
1563 2074 1707 2103 stultitiam

912 2132 989 2151 suam
1006 2132 1056 2159 pro
1080 2124 1153 2151 bono
1174 2123 1274 2150 malum
1298 2123 1441 2158 amplexus
1461 2122 1508 2154 sit,
1526 2122 1629 2148 nullam
1646 2121 1707 2155 ejus

911 2171 952 2198 rei
974 2178 1048 2198 mors
1071 2171 1179 2205 culpam
1202 2170 1350 2202 sustineat,
1376 2177 1436 2196 cum
1462 2168 1577 2195 liberum
1607 2168 1707 2202 cuique

913 2216 1007 2249 fuerit,
1024 2217 1098 2251 quod
1119 2215 1202 2242 vellet
1216 2216 1326 2249 eligere.
1343 2214 1399 2240 Cur
1415 2214 1498 2248 igitur
1516 2216 1642 2245 mmrent,
1660 2213 1706 2247 qtti

69 2271 113 2294 τες
130 2262 178 2288 τὸν
194 2261 388 2297 ἀποιχόμενον;
402 2263 455 2288 Καὶ
471 2263 524 2298 μὴν
540 2264 564 2289 εἰ
580 2262 751 2289 παντάπασιν
765 2261 864 2288 ἐκαθά-

917 2263 1051 2289 obcuntcs
1066 2260 1310 2288 lamentationibus
1326 2263 1531 2295 prosequuntur
1540 2258 1551 2285 ?
1561 2259 1641 2285 Certe
1653 2258 1706 2285 nisi

71 2317 148 2344 ρευεν
165 2308 259 2342 πάσης
275 2308 414 2343 ἐμπαθοῦς
428 2308 572 2340 διαθέσεως
583 2309 597 2334 ὁ
611 2307 863 2343 συναποδυσάμενος

69 2354 117 2389 τὴν
140 2354 240 2389 ἡδονήν
259 2362 288 2379 τε
311 2354 358 2380 καὶ
379 2354 427 2389 τὴν
450 2354 539 2389 λύπην
565 2354 633 2388 μετὰ
654 2353 701 2380 106
726 2353 860 2388 σώματος·

69 2399 174 2430 ἐκεῖνος
194 2399 226 2424 ἂν
240 2398 408 2434 δικαιότερον
427 2399 490 2430 τοὺς
506 2399 649 2434 περιόντας
667 2389 825 2433 ὲθρήνησεν,
838 2398 862 2423 οἳ

68 2444 166 2470 ταύτὸν
187 2443 322 2478 πάσχουσι
336 2444 392 2474 τοῖς
409 2444 437 2469 ἐν
453 2443 632 2478 δεσμωτηρίῳ
646 2443 797 2477 διάγουσιν·
815 2442 863 2474 οὓς

68 2491 83 2524 ἡ
101 2490 170 2525 πρὸς
185 2489 221 2515 τὰ
235 2489 385 2524 σκυθρωπὰ
399 2490 526 2524 συνήθεια
537 2511 543 2522 ,
556 2491 603 2516 καὶ
617 2491 633 2525 ἡ
651 2490 798 2525 συντροφία
815 2489 860 2516 τοῦ

68 2534 162 2568 ζόιξου.
187 2534 323 2569 προσηνές
348 2542 378 2560 τε
395 2535 442 2561 καὶ
465 2535 565 2561 ἀλυπθν
583 2535 613 2561 τδ
630 2535 717 2570 παρδν
742 2535 862 2569 νομίζειν

68 2580 209 2614 ἐποίησεν.
219 2580 276 2605 Καὶ
285 2579 365 2614 τυχὸν
375 2580 496 2606 κάκεῖνοι
507 2582 561 2611 τοῖς
574 2581 622 2615 τῆς
634 2572 754 2615 φυλακῆς
768 2580 864 2606 ἐκϐαλ-

67 2624 194 2659 λομένοις
219 2624 480 2658 ἐπιστυγνάζουσιν,
497 2626 594 2660 ἀγνοίᾳ.
615 2625 664 2660 τῆς
687 2625 863 2660 φαιδρότητος

67 2669 116 2703 τῆς
139 2669 325 2704 ἐκδεχομένης
344 2671 406 2701 τοὺς
428 2670 634 2704 ἀπαλλαγέντας
654 2670 700 2696 τοῦ
717 2669 807 2704 ζόφου.
831 2669 862 2695 Εἰ

66 2716 118 2751 γᾶρ
130 2716 232 2750 ᾔδεσαν
245 2715 280 2741 τὰ
291 2716 320 2741 ἐν
334 2715 372 2750 τῷ
383 2716 508 2751 ὑπαίθρῳ
523 2716 657 2751 θεάματα,
674 2716 703 2742 τό
715 2725 744 2742 τε
756 2716 859 2750 αἴθριον

67 2761 177 2792 κάλλος,
192 2761 240 2787 καὶ
253 2761 284 2786 τὸ
293 2761 418 2796 οὐράνιον
434 2762 511 2797 ὕψος,
526 2763 572 2789 καὶ
584 2762 632 2794 τὰς
642 2762 696 2789 τῶν
710 2762 801 2796 φωστή
806 2770 860 2796 ρων

66 2808 165 2840 αὑτὰς.
186 2807 236 2842 τήν
250 2815 280 2832 τε
296 2807 350 2833 τῶν
374 2807 495 2843 ἀστέρων
514 2808 640 2843 χορείαν,
660 2809 706 2834 καὶ
720 2807 858 2842 περιόδους

66 2851 196 2883 ἡλιακὰς,
212 2851 258 2878 καὶ
273 2851 317 2879 τὸν
333 2852 472 2886 σεληναῖον
488 2853 597 2888 δρόμον,
612 2854 658 2880 καὶ
673 2853 720 2888 τὴν
735 2852 858 2887 πολυειδῆ

918 2307 951 2334 ab
967 2307 1040 2334 omni
1056 2306 1259 2341 perturbatione
1281 2305 1357 2332 liberi
1376 2308 1480 2335 essmtt,
1501 2304 1546 2338 qui
1562 2311 1614 2330 una
1643 2311 1705 2330 cum

917 2361 1034 2388 corpore
1051 2353 1216 2388 voluptatem
1237 2356 1264 2379 et
1282 2351 1404 2378 dolorem
1438 2353 1582 2382 exuerunt,
1600 2349 1706 2383 aequius

918 2399 956 2425 illi
971 2398 1134 2433 superstites
1151 2397 1358 2429 miserarentur,
1374 2403 1436 2423 cum
1452 2403 1506 2422 non
1523 2396 1602 2422 aliter
1616 2393 1704 2421 allecti

917 2445 980 2477 sint,
998 2452 1080 2479 quam
1097 2445 1115 2471 ii
1138 2443 1185 2479 qui
1201 2443 1227 2470 in
1246 2451 1356 2470 carcere
1377 2442 1499 2469 conclusi
1517 2443 1623 2468 vivunt.
1646 2440 1705 2467 Mu-

915 2494 961 2516 tua
977 2490 1049 2517 enim
1065 2498 1110 2517 res
1125 2496 1237 2523 asperas
1265 2487 1453 2524 perpetiendi,
1476 2487 1503 2513 in
1531 2485 1703 2520 tenebrisque

911 2535 1020 2562 vivendi
1038 2534 1238 2561 consuetudine
1252 2533 1381 2564 devincti,
1399 2531 1571 2566 deceptique,
1587 2531 1702 2557 molesta

912 2584 938 2607 ct
956 2580 1106 2614 injucunda
1125 2587 1179 2607 non
1198 2585 1307 2615 putant,
1323 2587 1383 2614 qua:
1397 2579 1551 2614 perferunt.
1570 2578 1662 2610 Itaque
1677 2576 1700 2603 si

912 2627 957 2661 qui
992 2627 1140 2661 ejiciantur
1163 2635 1178 2654 e
1208 2634 1328 2658 carcere,
1353 2633 1446 2653 eorum
1475 2624 1562 2650 vicem
1585 2623 1701 2649 fortasse

913 2672 1008 2705 reliqui
1024 2672 1127 2704 dolent,
1139 2671 1293 2707 ignorantia
1307 2670 1460 2705 splendoris
1477 2669 1550 2695 illitts
1571 2667 1604 2694 ad
1619 2673 1700 2701 quem

914 2718 1038 2750 veniunt,
1056 2718 1103 2752 qui
1123 2718 1157 2745 ab
1172 2725 1266 2744 eorum
1281 2717 1401 2743 tenebris
1418 2714 1572 2742 discedunt.
1593 2711 1700 2739 Etenim

915 2761 937 2787 si
952 2769 1012 2795 quae
1030 2762 1080 2788 sub
1094 2761 1138 2788 die
1154 2762 1311 2796 spectacula
1322 2763 1482 2790 cernuntur,
1495 2757 1699 2793 cognovissent,

914 2806 936 2833 si
952 2807 1181 2841 pulchritudinem
1199 2807 1319 2837 aetheris,
1337 2806 1359 2832 si
1381 2805 1442 2832 ςαξὶί
1455 2804 1662 2834 sublimitatem,
1676 2802 1700 2829 si

915 2852 1029 2880 nitorem
1051 2852 1183 2886 siderum,
1207 2853 1349 2880 stellarum
1375 2851 1501 2882 choreas,
1525 2849 1591 2877 solis
1615 2847 1701 2875 ambi-
