1938 3082
205 140 260 170 5θῖ

834 142 860 169 S.
883 142 1046 170 GllEGUllll
1062 142 1082 169 iV
1090 142 1208 171 YSSENI

1788 136 1849 167 508'

206 205 274 232 tum,
293 200 417 234 tuumque
432 207 561 232 cursum;
574 199 596 227 si
613 207 719 230 eorum,
736 208 796 235 qua:
810 207 880 228 terra
896 202 992 237 gignit,
1009 208 1016 232 Α

1068 203 1094 237 ἧς
1114 205 1165 238 γῆς
1184 203 1212 228 ἐν
1227 202 1282 233 τοῖς
1300 201 1486 236 βλαστήμασιν
1505 199 1589 235 ὤραν,
1608 197 1655 224 καὶ
1671 197 1720 232 τὴν
1747 195 1844 231 ἡδεῖαν

207 251 263 273 tam
277 240 355 273 saria
371 246 539 281 pulchraque
558 254 655 281 genera
667 266 674 278 ,
698 247 720 274 si
740 247 893 282 jucundum
911 250 995 277 maris

210 297 361 327 aspectum,
377 300 438 320 cum
464 293 547 319 trullis
565 297 708 320 ventorum
726 294 835 322 [latibus
858 295 994 327 turbatur,

210 339 258 366 sed
273 339 371 366 leniter
387 339 535 374 crispatur,
549 343 576 365 et
591 343 719 374 tanquam
733 340 845 374 pulchre
858 340 996 376 depictum

211 385 336 420 splendet
347 395 353 412 :
366 385 389 412 si
406 385 518 420 pulchra
533 389 587 411 tum
603 385 707 419 privata
723 389 780 412 tum
795 386 903 421 publica
915 385 998 413 aadiﬁ-

215 431 270 462 cia,
286 431 386 465 quibus
411 430 563 466 magnifica:
587 439 619 458 ac
642 432 791 467 splendida:
808 432 933 460 civitates
950 441 998 460 ex-

216 481 368 503 ornantur:
387 477 456 510 hwc,
475 477 596 511 inquam,
618 481 644 504 et
666 478 709 505 his
730 478 830 505 similia
852 479 874 505 si
898 486 1000 512 cogno-

214 523 330 554 \‘isseut,
352 523 399 557 qui
418 523 445 549 in
465 531 574 550 carcere
589 523 774 555 continentur,
799 531 853 551 non
877 524 1001 552 dolerent

215 568 303 595 vicem
319 575 426 600 eorum,
443 569 490 604 qui
504 569 610 603 priores
621 579 637 597 e
649 569 774 597 custodia
793 569 899 597 dimissi
925 573 1002 602 sunt,

216 618 348 648 tanquam
359 621 374 640 a
383 614 456 641 bono
466 614 557 649 aliquo
567 615 779 643 discessissent:
793 619 892 642 contra
899 615 1000 650 potius,

218 659 264 693 qui
281 659 383 694 egressi
401 663 503 691 essent,
521 659 649 688 miseram
665 659 815 687 infelicium
832 661 1001 688 inclusorum

218 704 301 731 vitam
326 704 598 732 commiserarentur.
623 705 721 732 Eodem
754 705 834 732 modo
857 705 903 740 qui
923 705 1003 732 istius

220 751 281 776 vitae
295 757 405 777 carcere
419 750 525 777 liberati
541 754 616 781 sunt,
632 751 653 777 si
668 751 724 778 fieri
738 754 874 786 potest,ut
886 751 1004 778 dolendo

221 795 453 830 lacrymandoque
469 803 547 823 suam
561 803 624 832 erga
646 795 823 823 calamitosos
847 797 1006 824 misericor-

221 839 293 866 diam
307 840 462 872 ostendaut,
481 841 609 868 videnlur
629 841 693 868 mihi
714 842 956 870 lamentationibus
978 846 1012 870 et

221 884 350 919 lacrymis
372 885 559 913 commiserari
577 886 761 913 conditionem
778 885 899 920 illorum,
915 888 962 921 qui
979 887 1008 914 in

222 929 303 958 istius
322 930 384 958 vitae
398 931 531 958 molestiis
548 938 579 958 ac
596 931 739 958 doloribus
755 931 922 964 detinentur,
936 932 1008 966 quod

223 983 268 1003 res
288 976 349 1004 illas
361 976 569 1011 pulcherrimas,
585 981 612 1004 et
629 985 644 1003 a
661 977 774 1004 materia
792 978 1008 1010 remotissimas,

223 1029 284 1056 qua:
299 1028 382 1056 supra
399 1022 529 1049 mundum
549 1023 622 1050 hunc
642 1028 717 1055 sunt,
748 1031 803 1050 non
826 1024 1008 1059 conspiciant,

224 1074 322 1102 nempe
342 1067 466 1099 thronos,
490 1069 671 1102 principatus,
694 1069 905 1101 dominationes,
929 1078 1011 1105 ange-

225 1114 313 1141 lorum
327 1115 475 1146 exercitus,
491 1115 654 1150 piorumun
673 1119 773 1147 emtas,
801 1123 832 1142 ac
854 1124 1010 1151 supremam

228 1160 301 1187 illam
325 1161 483 1192 civitatem,
516 1160 778 1196 celeberrimumquc
803 1169 886 1196 supra
913 1162 1012 1188 cmluni

227 1211 391 1234 conventum
409 1206 530 1237 illorum,
545 1206 593 1241 qui
610 1206 637 1233 in
653 1214 684 1234 ea
703 1206 833 1241 descripti
853 1211 927 1234 sunt.
946 1206 1012 1233 Nam

226 1252 285 1286 illa,
300 1260 360 1287 qua:
377 1252 419 1279 his
434 1252 562 1279 onmihus
581 1256 700 1288 prmstat,
721 1252 908 1286 pulchritudo,
931 1260 1012 1286 quam

226 1298 261 1325 ab
279 1298 323 1331 iis,
344 1299 389 1333 qui
410 1299 513 1325 mundo
532 1303 596 1326 sunt
620 1297 703 1325 corde
721 1299 741 1330 ',
763 1298 880 1332 perspici
898 1299 1016 1325 asseruit

227 1344 274 1378 qui
286 1352 341 1371 non
358 1344 501 1376 mentitur,
526 1344 613 1378 major
632 1349 684 1377 est,
710 1352 792 1379 quam
810 1345 863 1370 ulla
886 1352 934 1378 spe
950 1353 1016 1371 con-

226 1389 366 1424 jecturave
382 1390 490 1424 concipi
513 1390 610 1417 valeat.
633 1389 726 1424 Neque
748 1398 813 1417 vero
831 1389 857 1416 id
881 1390 969 1417 solum
989 1389 1015 1415 in

227 1434 309 1461 nobis
324 1434 437 1469 gemitu,
457 1433 607 1468 doloreque
624 1433 735 1470 dignum
758 1438 864 1468 putant,
889 1434 937 1468 qui
955 1434 1018 1460 hinc

229 1479 417 1513 decesserunt,
428 1480 475 1507 sed
486 1480 571 1506 multo
585 1480 682 1515 magis.
695 1480 767 1514 quod
780 1487 841 1506 cum
856 1484 910 1506 tam
925 1480 1018 1506 multis

1045 250 1095 283 τῆς
1111 247 1248 282 θαλάσσης
1260 246 1331 281 ὄψιν,
1342 247 1371 272 ὲν
1384 245 1509 272 λειοειδεῖ
1521 245 1554 279 τῇ
1567 242 1637 278 αὐγῇ
1652 241 1685 268 δι’
1699 240 1842 276 ἡρεμαὶου

1046 293 1092 320 τοῦ
1121 292 1275 327 πνεύματος
1297 290 1445 326 γλαφυρῶς
1471 288 1704 324 ὲπιφρίσσουσαν,
1730 285 1788 311 τῶν
1812 292 1844 309 τε

1048 339 1116 366 κατά
1130 338 1178 368 τὰς
1191 337 1281 368 πόλεις
1297 335 1519 371 οίκοδομηματων
1534 333 1569 360 τά
1582 332 1678 367 κᾶλλη,
1692 331 1726 358 τά
1743 338 1772 356 τε
1787 330 1845 356 ῐδια

1048 384 1096 411 καὶ
1111 383 1145 410 τὰ
1156 383 1282 418 δημόσια,
1296 382 1330 409 δι’
1345 379 1382 409 ὧν
1394 382 1422 408 αἱ
1436 379 1561 416 λαμπραί
1576 387 1605 405 τε
1617 379 1664 405 καὶ
1681 376 1846 407 πολυτελεῖς

1049 431 1102 457 τῶν
1118 430 1221 456 πόλεων
1241 428 1473 460 καλλωπίζονταιη
1491 427 1515 453 εί
1530 424 1617 452 ταῦτα
1631 424 1720 451 τοίνυν
1742 423 1843 458 ᾔδεσα.

1050 478 1098 504 καὶ
1116 476 1150 503 τὰ
1164 475 1275 502 τοιαῦτα
1295 475 1319 501 οἱ
1336 473 1508 508 ἐπαχθέντες
1525 471 1563 506 τῷ
1577 469 1777 505 δεσμωτηρίῳ,
1795 468 1855 494 οὐκ-

1051 523 1085 550 ἂν
1104 523 1166 553 τοὺς
1185 523 1216 548 ἐκ
1236 521 1286 556 τῆς
1305 519 1429 555 φυλακῆς
1452 517 1657 553 προαγομένους
1678 515 1716 547 ὡς
1739 513 1846 548 ἀγαθοῦ

1051 578 1122 600 τινος
1144 567 1344 604 χωριζομὲνους
1364 564 1588 599 ἀπωλοφύροντο·
1614 561 1681 597 ὅπερ
1705 558 1752 586 οὖν
1772 558 1847 589 εξκὴς

1052 614 1114 645 τοὺς
1127 603 1242 645 ἔξωντοῦ
1263 610 1449 646 δεσμωτηρίου
1465 608 1528 644 περὶ
1548 606 1601 634 τῶν
1617 607 1657 632 ἔτι
1677 603 1849 639 καθειργμέ-

1053 668 1106 686 νων
1118 657 1289 689 διανοεῖσθαι,
1307 656 1344 687 ὡς
1358 655 1462 689 ἐλεεινῇ
1479 650 1797 689 προσταλαιπωρούντων
1813 649 1847 683 τῇ

1055 702 1121 738 ζωῇ.
1147 702 1225 729 οὕτω
1243 711 1286 738 μοι
1304 700 1412 728 δοκοῦσι
1432 699 1479 726 καὶ
1504 699 1528 724 οί
1543 699 1593 733 τῆς
1609 696 1655 723 τοῦ
1672 696 1730 732 βίου
1750 695 1848 721 τούτου

1056 748 1179 783 φυλακῆς
1193 747 1244 779 ἔξω
1260 745 1398 781 γινόμενοι
1408 765 1416 777 ,
1431 744 1510 779 εἴπερ
1524 743 1592 774 ὅλως
1613 741 1726 769 δυνατὸν
1742 738 1778 775 ἦν
1801 740 1859 766 αὑ·-

1055 795 1112 825 τοῖς
1130 793 1174 820 διὰ
1191 792 1315 827 δακρύων
1332 789 1501 822 ἐνδείξασθαι
1518 789 1566 824 τὴν
1591 787 1659 823 πρὸς
1678 787 1743 817 τοὺς
1764 794 1851 812 κακο-

1058 838 1210 870 παθοῦντας
1228 836 1400 872 συμπάθειαν
1410 856 1417 868 ,
1433 834 1542 870 θρηνεῖν
1556 833 1603 859 καὶ
1616 832 1745 867 δακρύειν
1759 831 1806 856 τὸν
1821 831 1851 856 ὲν

1059 887 1118 918 ταῖς
1130 885 1237 916 ὀδύναις
1253 884 1299 911 τοῦ
1315 883 1372 919 βίου
1386 883 1482 909 τούτου
1497 879 1739 917 παρατεινόμενον,
1753 879 1796 905 ὅτι
1813 878 1852 912 μὴ

1059 931 1144 968 ὁρῶσι
1159 931 1193 958 τά
1204 929 1378 966 ὑπερκόσμιά
1389 937 1417 956 τε
1432 928 1479 956 καὶ
1492 928 1561 955 ἇῡλα
1577 925 1673 960 κάλλη,
1689 925 1802 960 θρόνους
1822 931 1852 948 τε

1061 979 1108 1004 καὶ
1127 977 1223 1013 ἀρχὰς,
1246 976 1380 1008 ἐξουσίας,
1401 975 1449 1001 καὶ
1466 973 1639 1008 κυριότητας,
1657 971 1704 998 καὶ
1722 969 1854 1004 στρατιὰς

1061 1021 1209 1055 ἀγγελικάς
1220 1021 1267 1047 καὶ
1278 1019 1436 1055 ἐκκλησίας,
1451 1018 1499 1045 καὶ
1511 1017 1560 1052 τὴν
1575 1018 1631 1044 ἄνω
1644 1016 1732 1046 πόλιν,
1745 1014 1794 1041 καὶ
1804 1013 1855 1048 τὴν

1063 1066 1259 1101 ὑπερουράνιον
1273 1066 1327 1092 τῶν
1344 1063 1600 1100 ἀπογεγραμμένων
1622 1061 1789 1096 πανήγυριν.
1818 1059 1857 1085 Τδ

1062 1113 1117 1148 γὰρ
1133 1112 1329 1148 ὑπερκείμενον
1351 1111 1452 1137 τούτων
1479 1109 1586 1140 κάλλος,
1605 1108 1618 1134 ὃ
1635 1108 1698 1139 τοὺς
1718 1105 1856 1140 καθαροὺς

1063 1160 1095 1194 τῇ
1109 1159 1206 1194 καρδίᾳ
1221 1158 1328 1192 βλέπειν
1341 1159 1354 1183 ὁ
1364 1155 1482 1191 ἀψευδὴς
1494 1155 1652 1189 ἀπεφήνατο
1663 1153 1752 1187 λόγος,
1765 1153 1854 1186 κρεῖτ-

1063 1205 1109 1231 τον
1128 1214 1156 1231 τε
1181 1205 1269 1239 πάσης
1291 1203 1397 1234 ἐλπίδος
1415 1202 1483 1234 ἐστὶ,
1504 1200 1618 1235 καὶτῆς
1641 1201 1673 1226 ὲκ
1694 1197 1858 1233 στοχασμῶν

1066 1251 1189 1282 εἰκασίας
1203 1250 1346 1285 ἀνώτερον.
1365 1249 1402 1275 Ού
1416 1247 1495 1274 τοῦτο
1511 1247 1540 1273 δὲ
1560 1246 1638 1281 μόνον
1656 1243 1818 1278 στεναγμῶν
1829 1251 1858 1268 τε

1066 1297 1113 1324 καὶ
1134 1297 1224 1331 λύπης
1242 1296 1316 1328 ἄξιον
1338 1295 1381 1329 ἐφ’
1400 1294 1467 1329 ἡμῖν
1486 1294 1542 1324 τοῖς
1559 1291 1724 1327 μεταστᾶσιν
1747 1289 1782 1316 ἂν
1800 1290 1859 1315 ενο-

1068 1343 1163 1378 μίσοη,
1178 1342 1234 1369 ἀλλ’
1246 1342 1287 1368 ὅτι
1306 1339 1441 1367 τοσούτων
1459 1337 1591 1372 ἀλγεινῶν
1604 1335 1806 1372 περικειμένων
1821 1333 1859 1368 τῷ

1069 1388 1128 1423 βίῳ,
1144 1386 1262 1421 τοσαύτη
1272 1395 1314 1417 τις
1325 1384 1468 1420 ἐντέτηκεν
1483 1382 1598 1416 αὑτοϊςὴ
1613 1381 1676 1416 περὶ
1687 1380 1722 1407 τὰ
1735 1378 1860 1415 μοχθηρὰ

1069 1433 1248 1463 συνδιὰθεσις,
1262 1432 1303 1458 ὅτι
1322 1431 1371 1466 οὐχ
1389 1430 1427 1461 ὡς
1445 1427 1597 1462 ἀναγκαίαν
1611 1426 1672 1453 τινά
1687 1424 1861 1460 λειτουργίαν

1068 1479 1116 1514 τὴν
1137 1476 1288 1514 προσϐολὴν
1303 1475 1392 1502 αὐτῶν
1406 1474 1543 1508 φέρουσιν,
1565 1471 1620 1498 ἀλλ’
1634 1471 1706 1501 ὅπως
1727 1468 1759 1495 ἂν
1775 1468 1815 1498 εἰς
1833 1466 1862 1492 τὸ

232 1526 364 1554 aerumnis
392 1526 565 1560 illiset-iisque
585 1525 685 1553 referta
706 1526 742 1552 sit
768 1526 924 1552 mortalium
950 1526 1016 1558 vita,

1069 1512 1192 1560 διηνεκὲς
1207 1521 1359 1558 παραμένοι
1372 1519 1468 1550 ταῦτα,
1482 1519 1531 1554 τὴν
1552 1516 1669 1552 σπουδὴν
1686 1512 1864 1550 περιποιοῦν-

232 1578 323 1601 lamen
339 1581 386 1600 eas
401 1573 556 1607 perferendi
567 1573 767 1601 consuetudine
782 1573 823 1600 sic
834 1572 924 1600 affecti
942 1576 1017 1604 sunt,

231 1623 261 1644 ut
276 1617 383 1645 vivendi
411 1625 516 1644 moram
546 1625 599 1644 non
614 1617 670 1652 jam
706 1617 756 1644 sibi
781 1620 810 1643 ut
836 1615 1018 1643 necessariam

232 1664 401 1692 tolerandam
419 1664 596 1696 existiment,
622 1663 669 1691 sed
695 1662 769 1689 omni
794 1661 886 1689 studio
908 1665 1020 1688 conten-

232 1709 311 1742 dunt,
329 1713 356 1737 et
372 1713 512 1744 exoptant,
530 1716 560 1736 ut
572 1714 702 1744 perpetua
725 1709 772 1736 sit.
793 1708 861 1735 Nam
885 1708 1020 1742 cupiditas

233 1755 415 1791 principatus,
431 1759 458 1782 et
473 1763 567 1790 opum,
596 1759 623 1781 ct
652 1755 836 1789 voluptatum,
853 1758 881 1781 et
903 1754 924 1780 si
955 1752 1021 1787 quid

234 1801 308 1828 aliud
324 1805 456 1836 pra-terea
480 1805 539 1832 est,
564 1800 743 1835 quamobrem
767 1807 842 1826 arma
865 1799 1021 1834 capiantur,

235 1850 366 1881 gerantur
382 1846 463 1878 bella,
480 1845 568 1873 credes
588 1845 662 1877 fiant,
677 1852 828 1879 omnesque
843 1844 960 1871 miseria:
976 1851 1023 1870 vo-

235 1895 361 1922 luntaria:
379 1894 551 1928 contingant,
571 1897 598 1920 ct
617 1893 726 1920 fraudes
747 1891 937 1924 admittanlur,
958 1891 1023 1926 quid

237 1941 311 1968 aliud
334 1944 410 1972 sunt,
441 1939 494 1967 nisi
522 1939 650 1966 cumulus
677 1937 788 1973 quidam
824 1937 1022 1969 calamitatum,

237 1993 318 2022 quem
340 1986 402 2014 vitae
417 1993 466 2020 per
491 1992 521 2012 se
547 1985 654 2012 misera!
679 1983 830 2014 voluntate,
858 1983 963 2014 studio,
994 1990 1025 2009 ac

239 2033 353 2061 libidine
368 2039 417 2060 sua
434 2031 560 2059 infelices
577 2030 745 2065 adjungunt?
760 2029 892 2056 Cmtcrum
910 2036 959 2055 nec
985 2028 1025 2054 la-

238 2077 380 2114 crymandi
396 2077 448 2108 vis,
467 2084 517 2103 nec
532 2076 584 2102 ulla
597 2075 732 2110 ejusmodi
749 2074 856 2101 allectio
882 2074 960 2101 adest
991 2073 1025 2100 iis

239 2125 287 2160 qui
302 2132 336 2152 ex
352 2124 404 2151 hac
421 2123 477 2150 vita
491 2124 644 2157 migrarunt
659 2131 665 2148 ε
681 2127 707 2149 et
721 2122 766 2156 qui
782 2129 796 2147 a
814 2129 896 2148 carne
917 2125 943 2148 et
963 2128 1027 2148 san~

241 2171 323 2205 guine
340 2169 458 2204 sejuncti
478 2172 554 2201 sunt,
572 2176 625 2195 non
646 2169 725 2200 mole,
749 2167 796 2195 scd
823 2172 913 2194 mcnlc
933 2167 1027 2194 consi-

241 2220 328 2244 stunt.
345 2215 439 2251 Itaque
453 2223 507 2242 non
527 2222 558 2242 ea
573 2214 628 2249 jam
644 2218 686 2241 est
718 2214 841 2248 ipsorum
869 2217 978 2244 natura,
999 2216 1029 2239 ut

243 2268 293 2288 nos
309 2260 398 2288 oculis
418 2267 549 2291 eernere,
573 2262 620 2286 aut
646 2266 694 2294 per
715 2266 744 2286 se
767 2265 877 2285 monere
902 2258 1030 2285 mortales

205 2327 208 2332 .
243 2310 356 2341 queant.
373 2313 427 2340 quo
443 2312 458 2331 a
473 2304 551 2335 falsa,
569 2311 652 2339 quam
675 2303 708 2330 de
728 2303 808 2331 rebus
830 2304 940 2335 habent,
972 2304 1031 2338 opi-

245 2352 327 2378 nione
338 2351 484 2379 desistant.
499 2350 684 2383 Quamobrem
701 2357 795 2376 eorum
819 2357 932 2376 munere
954 2356 1031 2375 mens

246 2402 339 2425 nostra
357 2397 496 2432 fungatur,
509 2404 614 2431 nosque
629 2401 812 2423 commoneat.
828 2395 869 2421 Ab
884 2395 952 2428 ipsis
969 2402 1032 2421 cor-

247 2444 370 2480 poribus,
385 2443 475 2478 quoad
492 2442 548 2470 licri
564 2446 662 2477 potest,
683 2442 850 2476 cogitatione
871 2446 953 2475 atque
971 2440 1031 2466 ani-

247 2498 291 2517 mo
311 2489 482 2521 recedamus,
497 2492 683 2522 csuerttesqne
695 2495 746 2514 nos
761 2495 793 2514 ea
810 2485 963 2518 aﬂ‘cctione,
979 2494 1033 2520 qua

247 2543 358 2563 carnem
370 2535 588 2570 complectimur,
615 2534 653 2560 ita
671 2541 722 2560 nos
743 2532 794 2567 ipsi
818 2532 1032 2566 compcllemus:

248 2582 270 2609 0
286 2583 378 2613 homo.
396 2582 443 2617 qui
462 2587 567 2608 natm-re
586 2580 723 2615 particeps
743 2586 784 2611 es,
800 2577 1032 2613 quemadmodum

249 2629 339 2658 Moses
352 2629 493 2664 praecepit,
510 2627 620 2655 attende
633 2627 692 2660 tibi,
709 2633 792 2652 nosce
805 2629 831 2652 te
853 2624 953 2659 ipsum,
972 2624 1034 2650 ani-

250 2684 350 2711 moque
361 2675 506 2711 diligenter
529 2673 685 2705 considera,
701 2672 812 2707 quinam
831 2679 894 2699 vere
927 2671 965 2699 sis
994 2675 1034 2702 tu,

250 2724 278 2748 et
299 2728 360 2755 qua:
378 2721 451 2748 circa
464 2724 491 2747 te
509 2718 668 2750 vidcantur,
684 2725 718 2744 ne
735 2715 845 2752 quando
857 2735 864 2747 ,
884 2723 944 2751 qua:
959 2719 1036 2742 extra

252 2768 365 2795 tizsuot.
385 2764 531 2798 aspiciens,
546 2767 626 2798 putes
645 2765 672 2790 te
691 2761 778 2797 ipsum
799 2761 907 2789 intueri.
928 2759 1006 2787 Disce
1023 2767 1037 2785 a

293 2852 302 2868 ¹
316 2851 411 2879 Manli.
431 2859 456 2883 v,
474 2851 499 2878 8.

1070 1558 1125 1597 ταί.
1143 1571 1175 1597 Ὶί
1189 1569 1243 1604 γὰρ
1259 1568 1323 1604 περὶ
1338 1566 1388 1598 τὰς
1406 1564 1565 1595 δυναστείας
1581 1571 1611 1589 τε
1630 1561 1679 1589 καὶ
1695 1558 1863 1592 πλεονεξίας,

1070 1617 1118 1644 καὶ
1136 1617 1184 1648 τὰς
1201 1612 1404 1643 ἀπολαυπικάς
1417 1611 1520 1642 ταύτας
1532 1607 1699 1644 λαιμαργίας
1712 1604 1845 1640 ὲπιθυμὶα
1855 1623 1863 1633 .

1071 1664 1119 1690 καὶ
1138 1663 1202 1689 εἴτι
1222 1661 1284 1688 ἄλλο
1307 1657 1427 1686 τοιοῦτον
1445 1655 1643 1687 σπουδάζεται,
1659 1649 1696 1679 ὧν
1714 1651 1796 1686 χάριν
1819 1648 1865 1676 καὶ

1071 1709 1155 1741 ὅπλα,
1178 1707 1224 1734 καὶ
1247 1705 1375 1738 πόλεμοι,
1394 1703 1443 1730 καὶ
1464 1700 1664 1736 ἀλληλοφονίαι,
1685 1697 1733 1724 καὶ
1752 1697 1829 1722 πᾶσα
1847 1695 1864 1730 η

1073 1754 1203 1785 ἑκουσίως
1218 1750 1403 1787 ἐνεργουμένη
1416 1747 1587 1782 ταλαιπωρία
1604 1745 1650 1772 καὶ
1666 1743 1805 1776 δολιότης,
1823 1741 1867 1767 οὺ-

1072 1801 1115 1827 δὲν
1133 1798 1206 1828 ἄλλο,
1223 1797 1240 1832 ἢ
1261 1786 1362 1831 σωρεία
1378 1795 1420 1825 τίς
1435 1794 1492 1819 ἐστι
1508 1790 1667 1827 συμφορῶν,
1688 1789 1721 1815 ὲκ
1737 1786 1867 1832 προαιρέξ

1075 1854 1142 1877 σεως
1155 1844 1222 1879 μετά
1233 1831 1350 1876 σπουδῆς
1361 1849 1392 1867 τε
1399 1840 1445 1867 καὶ
1454 1837 1606 1875 προθυμίας
1617 1833 1821 1869 ὲπεισαγομένη

1076 1892 1135 1927 βὶῳ.
1155 1878 1236 1917 ὲΛλλὲι
1248 1887 1373 1924 δακρύων
1390 1886 1439 1921 μὲν
1454 1886 1483 1912 ὲν
1494 1885 1551 1916 τοῖς
1563 1880 1769 1916 κατοιχομένοις
1784 1878 1870 1927 milia;

1075 1924 1124 1965 οὐκ
1136 1937 1219 1969 ἔστιν,
1234 1935 1275 1962 ὅτι
1288 1934 1347 1969 μηδ’
1363 1933 1426 1960 ἄλλο
1435 1941 1463 1958 τι
1476 1930 1572 1961 πάθος,
1584 1929 1645 1959 νοῦς
1655 1928 1684 1954 δὲ
1693 1926 1742 1953 καὶ
1760 1924 1870 1959 πνεῦμα

1075 1983 1264 2018 τυγχάνοντες,
1277 1978 1320 2007 οἷα
1340 1979 1441 2014 σαρκὸς
1457 1974 1661 2012 ἀπηλλαγμένοι
1677 1972 1722 2018 καὶ
1739 1971 1868 2018 αἵματος,

1075 2015 1184 2062 τοῖςὶτῇ
1200 2026 1335 2061 παχύτητι
1349 2023 1396 2050 τοῦ
1411 2022 1536 2057 σώματος
1555 2017 1773 2054 ἑγκεχωσμένοις
1787 2015 1872 2062 ὀφθῇ-

1077 2085 1120 2102 ναι
1141 2074 1220 2108 φύσιν
1235 2072 1285 2099 οὐκ
1301 2071 1424 2106 ἔχουσιν,
1447 2067 1508 2095 οὐδὲ
1525 2065 1686 2099 νουθετῆσαι
1709 2063 1742 2090 δι’
1765 2061 1871 2089 ἑαυτῶν

1078 2106 1316 2154 τοὺς-ἀνθρώπους
1340 2112 1562 2149 ἀποστῆναι·τῆς
1578 2108 1794 2154 πεπλανημένης
1808 2106 1872 2141 περὶ

1079 2166 1133 2192 τῶν
1149 2153 1232 2191 ὅντων
1246 2163 1372 2197 κρίσεως.
1389 2159 1494 2186 Οὐκοῦν
1513 2159 1527 2184 ὁ
1548 2156 1610 2188 νοῦς
1625 2156 1690 2190 ἡμῖν
1709 2154 1724 2179 ὁ
1740 2153 1873 2188 ἡμέτερος

1045 2201 1067 2228 Ῑ)
1083 2212 1138 2238 ἀντ’
1155 2210 1265 2237 ἐκείνων
1277 2206 1452 2242 διαλεχθήτω,
1470 2206 1516 2232 καὶ
1532 2203 1652 2237 εἴπωμεν
1665 2201 1702 2231 ὡς
1718 2200 1777 2226 ἐστι
1793 2199 1873 2225 δυνα-

1081 2257 1126 2282 τὸν
1144 2255 1195 2288 ἕξω
1211 2254 1264 2280 τῶν
1280 2252 1414 2286 σωμάτων
1429 2251 1461 2285 τῇ
1477 2248 1581 2282 διανοίᾳ
1593 2246 1743 2280 γενόμενοι,
1763 2242 1813 2269 καὶ
1826 2243 1873 2275 τῆς

1083 2301 1150 2336 πρὸς
1167 2299 1215 2334 τὴν
1238 2298 1304 2333 ὓλην
1320 2294 1506 2332 προσπαθείας
1527 2293 1574 2328 τὴν
1590 2291 1678 2326 ψυχὴν
1693 2289 1874 2336 ἀποστησαν-

1082 2355 1144 2378 τες,
1162 2346 1202 2372 ὅτι
1218 2343 1254 2370 Ὦ
1268 2343 1408 2379 ἄνθρωπε,
1432 2341 1486 2371 πᾶς
1507 2339 1522 2365 ό
1543 2338 1664 2374 μετέχων
1681 2335 1731 2370 τῆς
1757 2333 1873 2368 φύσεως.

1085 2377 1200 2428 πρόσεχε
1216 2377 1331 2423 σεαυτὶξέ1
1348 2387 1418 2414 κατὰ
1430 2385 1460 2412 τὸ
1475 2383 1610 2428 Μωῡσέως
1623 2378 1819 2428 παράγγελμα.
1831 2377 1874 2404 καί

1085 2424 1300 2473 γνῶθι-’σεαυτὸν
1321 2433 1453 2469 ἀκρισῶς,
1469 2431 1510 2462 τίς
1525 2427 1560 2460 εἴ,
1575 2426 1728 2457 διαστείλας
1804 2424 1874 2457 λογι-

1087 2471 1157 2520 σμῷ,
1170 2483 1197 2510 τί
1213 2482 1261 2518 μὲν
1275 2479 1382 2516 ἀληθῶς
1394 2476 1419 2504 εῐ
1439 2478 1471 2504 σὺ
1481 2495 1489 2508 ,
1504 2475 1530 2502 τί
1544 2475 1572 2501 δὲ
1588 2473 1652 2509 περὶ
1670 2473 1700 2498 σε
1714 2471 1874 2520 καθορᾶται’

1088 2515 1192 2567 μήποτε
1265 2527 1316 2559 ἔξω
1339 2525 1386 2552 σοῦ
1407 2523 1523 2559 βλέπων,
1540 2519 1650 2547 σεαυτὸν
1665 2518 1787 2567 “Opp?
1803 2515 1875 2567 νομί-

1087 2562 1136 2614 οης
1147 2585 1153 2591 ’
1179 2574 1246 2611 μάθε
1267 2571 1341 2607 παρὰ
1357 2569 1404 2597 τοῦ
1424 2567 1541 2604 μεγάλου
1559 2565 1665 2593 Παύλου
1686 2563 1733 2590 τοῦ
1748 2562 1782 2589 δι’
1798 2563 1875 2614 ἀκρέ-

1087 2608 1162 2655 Geta;
1186 2619 1391 2655 ἐπεσκεμμένου
1413 2615 1463 2651 τὴν
1485 2614 1575 2649 φύσιν,
1592 2613 1622 2643 ὃς
1651 2619 1736 2645 φησι,
1762 2609 1810 2635 τὸν
1830 2607 1875 2642 μὲν

1087 2653 1185 2702 ἔξωθεν
1196 2665 1274 2702 ἡμῶν
1284 2653 1352 2690 εἶναι
1364 2661 1517 2696 ἄνθρωπον,
1526 2659 1570 2684 τὸν
1585 2657 1613 2683 δὲ
1626 2655 1739 2702 ἔσωθεν,
1749 2653 1873 2702 κάκείνου

1089 2697 1265 2748 φθειρομένου
1289 2708 1383 2735 τοῦτον
1405 2703 1636 2736 ἀνακαινίζεσθαι.
1662 2699 1709 2735 Μὴ
1727 2699 1818 2726 τοίνυν
1834 2697 1874 2723 τὸν

1090 2744 1268 2793 ᾇθειρόμενον
1283 2753 1399 2789 βλέπων,
1413 2750 1524 2778 σεαυτὸν
1537 2748 1632 2784 οἰηθῇς
1644 2745 1766 2782 βλέπειν.
1784 2744 1874 2770 Ἔσται
