1938 3082
91 149 144 177 109

92 208 142 244 μὲν
155 206 211 242 γάρ
227 214 292 232 ποτε
308 205 418 232 κάκεῖνο
434 205 536 241 φθορᾶς
553 205 694 242 ἐλεύθερον
705 225 713 239 ,
725 205 789 233 ὅταν
812 207 841 233 ὲν
855 208 889 242 τῇ

92 250 289 286 παὶῖιγγενεσία
302 251 333 278 τὸ
346 251 441 286 θνητόν
449 261 479 278 τε
491 252 538 278 καὶ
548 252 702 278 εὐδιάλυτον
719 260 890 287 μετασκευα-

92 298 144 332 σθῇ
159 297 229 332 πρὸς
243 297 274 323 τὸ
289 297 424 323 ἀθάνατόν
439 305 468 323 τε
484 298 531 323 καὶ
545 298 695 324 ἀδιάλυτον.
716 298 798 324 Ἀλλὰ
810 298 839 324 τό
858 306 890 332 γε

93 341 140 369 νῦν
155 342 212 377 ῥέει
225 341 273 368 καὶ
288 340 429 368 διαπίπτει
443 341 490 367 καὶ
504 341 646 376 φθείρεται
659 342 688 367 τὸ
701 341 799 375 ἔξωθεν
813 343 892 378 ἡμῶν

93 387 319 423 προφαινόμενον.
341 387 444 414 Οὐκοῦν
461 388 491 413 οὐ
509 387 578 422 πρὸς
594 387 672 414 τοῦτο
689 387 741 422 χρὴ
763 387 870 422 βλέπειν
881 407 889 420 ,

92 433 133 460 ὃτι
146 432 214 468 μηδὲ
225 433 294 468 πρὸς
307 432 371 459 ἄλλο
382 441 408 459 τι
420 433 554 468 προσήκει
565 433 619 459 τῶν
631 432 802 468 βλεπομένων
813 433 890 468 ὸρᾷν.

93 478 188 511 Οὕτως
214 479 337 510 εἰπόντος
362 477 408 505 τοῦ
432 478 560 510 Παύλου,
586 479 627 506 ὃτι
657 479 693 514 μὴ
720 478 891 505 σκοπούντων

93 524 173 560 ἡμῶν
193 523 227 550 τὰ
245 523 399 559 βλεπόμενα
410 532 417 538 ·
433 524 467 550 τὰ
485 524 540 558 γὰρ
557 523 712 559 βλεπόμενα
726 525 889 560 πρόσκαιρα,

92 570 127 596 τὰ
142 570 170 596 δὲ
193 569 230 605 μὴ
251 569 404 605 βλεπόμενα
425 569 536 596 αἰώνιαο
559 570 616 596 ἀλλ’
632 571 679 597 ἐπὶ
696 571 751 596 τῶν
768 571 891 607 ἀοράτων

92 615 122 641 ἐν
146 615 212 650 ἡμῖν
236 615 391 649 τρέψαντας
412 615 461 650 τὴν
486 614 613 650 θεωρίαν,
641 617 729 642 ἐκεῖνο
753 615 891 643 πιστεύειν

93 659 203 694 ἀληθῶς
218 657 289 686 εἶναι
302 661 387 696 ἡμᾶς,
398 659 617 696 ὃδιαφεύγειτὴν
631 661 791 697 αἰσθητικὴν
804 670 887 688 κατα-

92 705 199 740 νόησιν.

794 148 838 176 DE
870 148 989 177 MORTU
996 148 1035 177 lS.

1685 149 1737 178 5l0

906 210 925 237 Α
943 214 1042 241 magno
1071 205 1165 238 Paulo,
1175 205 1222 240 qui
1242 209 1368 233 naturam
1387 206 1505 234 hominis
1522 205 1602 241 plane
1626 214 1737 242 perspe-

938 256 1010 278 ctam
1026 255 1052 279 et
1065 251 1203 286 cognitam
1218 250 1346 278 habebat.
1380 251 1425 277 Ait
1445 251 1530 285 enitu,
1546 259 1629 278 unum
1645 253 1736 280 Immi-

939 305 1001 324 nem
1012 298 1189 329 exteriorem,
1212 297 1329 324 alterum
1349 297 1518 329 interiorem,
1540 305 1658 331 eumque
1674 305 1737 324 cor-

940 343 1039 377 rumpi,
1052 343 1125 370 hunc
1137 343 1264 371 renovari
1275 344 1296 369 '.
1315 342 1405 375 Quare
1420 350 1481 369 cum
1500 343 1587 377 illum,
1609 345 1657 379 qui
1671 352 1734 372 cor-

940 389 1087 424 rumpitur,
1103 389 1211 420 cernis,
1230 389 1348 424 teipsum
1374 389 1498 424 aspicere
1523 397 1558 418 ne
1578 391 1733 418 arbitreris.

942 433 976 461 Et
993 434 1038 461 ille
1052 434 1170 469 quidem'
1184 434 1333 469 aliquando
1346 435 1400 462 erit
1420 443 1435 462 a
1455 436 1631 470 corruptione
1655 436 1734 468 liber,

941 486 1004 505 cum
1028 479 1055 506 in
1083 479 1291 515 regeneratione
1309 479 1433 507 mortalis
1450 485 1477 507 et
1501 481 1546 516 qui
1574 481 1735 508 dissolvitur

941 525 1035 558 homo,
1063 533 1126 552 cum
1165 526 1322 557 immortali.
1353 530 1380 554 et
1399 526 1446 561 qui
1477 534 1532 554 non
1562 527 1734 560 dissolvitur,

941 570 1134 606 conjungetur.
1155 571 1234 598 Nunc
1257 577 1348 598 autem
1369 573 1416 606 qui
1441 576 1519 599 extra
1540 579 1591 599 nos
1611 572 1731 604 videtur,

940 615 1011 647 ﬂuit,
1028 616 1160 648 concidit,
1187 620 1269 651 atque
1289 616 1486 652 corrumpitur.
1513 615 1563 643 ilic
1585 624 1649 651 ergo
1673 623 1735 650 spe-

942 661 1060 690 ctandus
1081 670 1135 689 non
1155 666 1208 694 est,
1224 662 1335 697 quando
1358 670 1391 690 ne
1417 663 1521 698 reliqua
1535 663 1656 698 quidem.
1673 670 1735 697 quae

939 712 1101 739 cernuntur,
1117 709 1265 743 spectanda
1283 713 1357 736 sunt.
1370 708 1516 741 Quoniam,
1531 713 1561 735 ut
1577 708 1678 735 Paulus
1694 708 1734 734 in-

92 750 162 783 quit,
187 759 275 786 neque
299 755 406 786 oportet
423 752 599 780 considerare
626 759 686 787 qua;
703 752 849 786 videntur;
869 761 930 790 qua:
957 753 1029 781 enim
1053 753 1180 781 videmur
1203 754 1369 788 temporaria
1386 759 1460 785 sunt,
1484 760 1545 789 quae
1566 757 1656 779 autem
1678 758 1734 779 non

91 796 231 828 Videntur,
250 801 350 823 aeterna
360 796 380 824 '.
401 798 511 832 Oportet
532 801 633 830 autem,
646 801 676 824 ut
695 798 886 833 cogitationem
901 799 933 825 ad
945 806 988 830 ea,
1004 806 1065 834 qua:
1080 800 1108 826 in
1122 799 1202 827 nobis
1217 807 1272 826 non
1288 799 1424 832 videntur,
1439 802 1640 830 convertemus,
1653 797 1736 833 idque

92 849 142 870 nos
162 850 227 870 vere
242 851 302 871 esse
319 843 473 876 credamus,
490 843 562 878 quod
578 851 676 871 sensus
691 845 875 879 cognitionem
888 845 992 882 ell'ugit.

127 888 274 925 Γενὼμεθα
286 891 385 922 τοίνυν,
399 890 469 917 κατά
482 890 527 917 τὸν
541 890 712 926 παροιμιώδη
724 891 812 926 λόγον,
823 893 887 918 ἐαυ-

92 935 146 962 τῶν
163 935 314 971 γνώμονες.
326 936 363 962 Τὸ
375 936 429 972 γὰρ
442 937 537 963 ἑαυτὸν
548 937 660 970 γνῶναι,
675 937 824 973 καθάρσιον
835 938 888 964 τῶν

92 981 124 1007 ὲκ
140 981 191 1016 τῆς
215 981 325 1015 ἀγνοίας
344 981 588 1018 πλημμελημάτων
604 982 720 1016 γίνεται.
746 983 815 1009 Ἀλλ’
839 984 889 1010 οὐκ

92 1026 149 1052 ἔστι
160 1026 251 1062 ῥᾴδιον
268 1028 362 1054 ἑαυτὸν
375 1028 492 1054 κατιδεῖν
507 1027 677 1063 βουλόμενον,
693 1029 729 1064 μή
742 1037 813 1060 τινος
828 1030 888 1055 ἐπι-

92 1071 166 1104 νοίας
181 1073 293 1099 δυνατὸν
307 1073 438 1108 ποιούσης
450 1074 515 1108 ἡμῖν
532 1073 561 1100 τὸ
575 1073 716 1100 ἀδὲνατον.
731 1074 820 1109 Ὅπερ
834 1074 889 1110 γὰρ

92 1119 139 1144 ἐπὶ
155 1119 210 1145 τῶν
228 1119 392 1154 σωματικῶν
406 1119 553 1154 ὀφθαλμῶν
574 1121 591 1155 ἡ
612 1119 693 1154 φύσις
710 1120 848 1155 ἐποίησεν,
863 1121 888 1148 οἳ

93 1165 182 1191 πάντα
197 1165 231 1192 τὰ
246 1165 313 1192 ἄλλα
331 1165 487 1200 βλέποντες,
505 1166 610 1193 ἑαυτῶν
624 1166 734 1193 ἀθέατοι
751 1166 886 1202 μένουσιψ

93 1211 138 1236 τον
151 1210 233 1237 αὑτὸν
246 1211 346 1246 τρόπον
360 1212 407 1238 καὶ
422 1212 438 1246 ή
452 1211 536 1247 ψυχὴ,
554 1211 642 1238 πάντα
656 1211 689 1238 τὰ
702 1211 770 1238 ἄλλα
785 1212 889 1247 διερευ-

94 1256 223 1292 νωμένη.
239 1257 285 1283 καὶ⁴
302 1256 337 1283 τὰ
361 1257 414 1289 ἐξω
432 1257 532 1291 ἑαυτῆς
552 1256 817 1293 πολυπραγμονοῦσα
842 1257 889 1284 καὶ

94 1302 290 1338 ἁνιχνεύουσα,
315 1303 415 1337 ἑαυτὴν
443 1303 506 1329 ἰδεῖν
528 1303 667 1334 ἀδυνάτως
692 1303 760 1338 ἔχει.
784 1303 889 1329 Οὐκοῦν

93 1349 162 1384 ὅπερ
176 1349 223 1375 ἐπὶ
242 1348 296 1375 τῶν
317 1347 463 1384 ὀφθαλμῶν
477 1348 600 1382 γίνεται,
615 1348 694 1375 τοῦτο
710 1349 758 1375 καὶ
780 1349 796 1383 ἡ
816 1347 888 1383 ψυχὴ

95 1394 273 1430 μιμησάσθω.
291 1394 345 1420 Καὶ
361 1394 416 1429 γὰρ
429 1395 562 1427 κάκεῖνοι,
578 1394 671 1430 ἐπειδὴ
686 1395 736 1421 οὐκ
750 1394 823 1421 ἐστιν
845 1395 889 1420 αὑ-

93 1439 150 1472 τοῖς
177 1441 210 1466 ὲκ
228 1440 335 1474 φύσεως
351 1439 466 1476 δύναμις
489 1440 557 1475 πρὸς
580 1441 630 1475 τὴν
647 1440 752 1466 ἑαυτῶν
771 1440 888 1476 θεωρίαν

93 1486 143 1521 τῆν
154 1485 269 1520 ὀπτικήν
283 1486 422 1521 ἐνέργειαν
437 1486 603 1521 ἀναστρέψαι
615 1507 622 1518 ,
635 1486 682 1513 καὶ
698 1487 810 1517 ἑαυτοὺς
824 1495 890 1512 κατ-

95 1531 172 1564 ιδεῖν,
186 1532 330 1566 κατόπτρῳ
356 1531 384 1558 τὸ
405 1529 475 1563 εἶδός
489 1540 519 1557 τε
536 1531 583 1558 καὶ
599 1531 630 1558 τὺ
649 1532 742 1567 σχῆμα
760 1531 807 1558 τοῦ
825 1532 889 1558 ἰδίου

906 900 927 928 Β
977 891 1032 920 Nos
1057 892 1141 928 igitur
1172 892 1256 927 ipsos,
1290 895 1320 918 ut
1334 891 1508 926 proverbium
1526 890 1615 926 jubet,
1632 898 1734 925 cogno-

939 944 1060 964 scamus.
1093 936 1150 964 iiac
1164 937 1235 963 cnim
1254 937 1411 972 cognitione
1443 937 1588 971 expiantur
1609 941 1732 970 peccata,

939 991 1000 1018 qua:
1019 983 1053 1010 ab
1065 983 1219 1018 ignorantia
1235 982 1458 1018 proficiscuntur.
1470 983 1503 1008 At
1516 989 1571 1008 non
1584 985 1627 1008 est
1639 981 1730 1013 facile,

940 1033 969 1056 ut
983 1029 1065 1057 etiam
1080 1029 1113 1061 is,
1129 1028 1176 1063 qui
1192 1036 1255 1055 vere
1270 1033 1352 1062 atque
1368 1035 1400 1054 ex
1419 1027 1511 1054 animo
1522 1028 1598 1062 cupit
1610 1027 1730 1061 scipsum

940 1082 1118 1111 cognoscere,
1133 1075 1159 1101 id
1173 1080 1348 1108 assequatur.
1364 1073 1443 1099 Nulla
1455 1073 1527 1100 enim
1539 1073 1609 1100 ratio
1625 1073 1732 1106 tribuit,

940 1125 980 1153 ut,
997 1121 1070 1156 quod
1088 1120 1144 1147 tieri
1164 1119 1270 1154 nequit,
1292 1119 1361 1146 eillci
1380 1118 1478 1153 possit.
1501 1118 1569 1145 Nam
1584 1118 1658 1153 quod
1683 1126 1733 1145 na-

939 1171 1001 1194 tura
1018 1166 1159 1200 corporeis
1177 1165 1266 1192 oculis
1291 1164 1385 1191 datum
1409 1168 1462 1196 est,
1493 1168 1521 1190 ut
1538 1171 1600 1190 cum
1628 1164 1733 1199 reliqua

939 1213 1060 1244 videant,
1075 1212 1158 1247 seipsi
1175 1216 1312 1246 nequeant
1328 1210 1440 1241 intueri.
1462 1210 1534 1237 idem
1555 1210 1646 1236 animo
1667 1217 1734 1236 con-

940 1258 1031 1294 tingit,
1046 1263 1086 1290 ut,
1102 1265 1164 1285 cum
1182 1261 1281 1284 caetera
1296 1256 1389 1284 omnia
1409 1256 1543 1290 exploret,
1559 1259 1587 1282 et
1610 1263 1671 1289 qua:
1685 1262 1733 1281 ex-

940 1307 982 1331 tra
997 1311 1026 1331 se
1040 1307 1115 1335 sunt,
1131 1303 1276 1337 diligenter
1296 1301 1428 1336 inquirat,
1455 1305 1482 1328 ct
1505 1301 1679 1335 pervestiget,
1704 1308 1734 1328 sc

941 1351 1000 1386 ipse
1023 1349 1118 1377 videre
1135 1356 1190 1376 non
1220 1348 1318 1383 possit.
1340 1347 1432 1382 Itaque
1458 1347 1509 1374 hac
1527 1346 1554 1373 in
1583 1353 1612 1374 re
1627 1346 1734 1374 animus

939 1395 1034 1423 oculos
1052 1394 1183 1427 imitetur,
1202 1401 1234 1421 ac
1256 1392 1485 1428 quemadmodum
1502 1392 1552 1424 illi,
1565 1399 1627 1419 cum
1643 1399 1658 1418 a
1683 1399 1733 1418 na-

940 1445 1002 1468 tura
1019 1448 1074 1468 non
1089 1440 1210 1468 habeant
1229 1447 1290 1467 eam
1321 1439 1491 1471 facultatem,
1510 1442 1540 1465 ut
1570 1437 1732 1472 semetipsos

940 1487 968 1513 in
993 1493 1022 1514 se
1038 1489 1230 1513 convertentes
1256 1484 1402 1519 aspiciant,
1421 1484 1538 1519 speciem
1556 1491 1588 1510 ac
1615 1483 1733 1510 formam

941 1532 1046 1568 proprii
1059 1532 1133 1559 orbis
1160 1531 1187 1558 in
1206 1531 1319 1566 speculo
1336 1530 1503 1565 conspicati,
1520 1537 1569 1565 per
1586 1530 1733 1564 imaginem

94 1576 259 1612 θεασάμενοι
279 1576 398 1609 κύκλου,
421 1577 465 1603 διὰ
482 1577 531 1611 τῆς
554 1577 658 1608 εἰκόνος
683 1577 797 1608 ἑαυτοὺς
823 1576 888 1603 καθ-

941 1577 1014 1604 illam
1029 1584 1091 1604 sese
1105 1576 1299 1611 conspiciunt:
1318 1576 1358 1603 sic
1375 1576 1458 1603 etiam
1471 1575 1529 1609 ipse
1544 1574 1577 1601 ad
1594 1574 1732 1609 propriam

94 1623 207 1658 ορῶσιν.
231 1622 310 1649 οὕτω
330 1623 383 1658 χρὴ
404 1623 451 1649 καὶ⁵
473 1623 521 1657 τὴν
546 1622 634 1657 ψυχὴν
658 1622 726 1657 πρὸς
750 1621 799 1657 τὴν
821 1621 888 1648 ἰδίαν

94 1668 200 1696 ἀπιδεῖν
216 1669 318 1701 εἰκόνα,
333 1669 380 1695 καὶ
396 1669 464 1703 ὅπερ
479 1667 512 1694 ἂν
528 1667 571 1704 ἴδῃ
588 1668 616 1694 ὲν
630 1667 668 1703 τῷ
688 1667 852 1703 χαρακτῆρι,
867 1664 889 1701 ᾧ

95 1714 286 1749 ἀφωμοίωται,
298 1714 336 1746 ὡς
348 1714 413 1741 ῐδιον
425 1713 524 1749 ἑαυτῆς
535 1713 612 1740 τοῦτο
624 1712 784 1740 θεάσασθαι.
807 1712 888 1739 Ἀλλὰ

95 1759 195 1795 μικρὸν
211 1759 362 1792 ὑπαλλάξαι
377 1768 403 1786 τι
419 1759 552 1794 προσήκει
566 1758 612 1785 τοῦ
625 1758 834 1793 ὑποδείγματος,
847 1758 889 1784 ἵνα

94 1805 222 1840 οἰκειωθῇ
238 1804 278 1840 τῷ
290 1804 361 1839 λόγῳ
373 1804 404 1830 τὸ
418 1804 517 1839 νόημα.
540 1803 600 1829 Ἐπὶ
617 1803 666 1838 μὲν
679 1802 733 1838 γὰρ
748 1803 797 1838 τῆς
811 1803 839 1829 ὲν
851 1802 889 1838 τῷ

95 1850 243 1886 κατόπτρῳ
258 1850 380 1886 μορφῆς,
393 1850 410 1885 ἡ
429 1849 510 1876 εἰκὼν
525 1850 592 1884 πρὸς
609 1849 639 1876 τὸ
654 1849 808 1884 ἀρχέτυπον
824 1857 889 1884 σχη-

97 1896 257 1932 ματίζεται·
286 1897 331 1923 ἐπὶ
355 1896 383 1923 δὲ
406 1896 452 1923 τοῦ
471 1897 521 1932 τῆς
545 1896 634 1931 ψυχῆς
655 1896 838 1931 χαρακτῆρος»
859 1895 889 1922 ἐδ

95 1942 216 1977 ἔμπαλιν
234 1943 417 1978 νενοήκαμενο
437 1942 508 1968 κατὰ
530 1941 584 1977 γὰρ
598 1941 627 1968 τὸ
647 1941 718 1967 θεῖον
738 1941 844 1973 κάλλος,
859 1941 890 1967 τὺ

94 1988 147 2023 τῆς
162 1987 251 2023 ψυχῆς
264 1985 333 2020 εἶδος
347 1987 557 2019 ἀπεικονίζεται.
576 1987 681 2014 Οὐκοῦν
695 1987 759 2013 ὅταν
775 1987 844 2022 πρὸς
860 1986 890 2012 τὸ

96 2032 251 2068 ἀρχέτυπον
272 2033 372 2067 ἑαυτῆς
387 2031 474 2067 βλέπῃ
488 2032 505 2066 ἡ
523 2031 606 2067 ψυχὴ,
622 2031 683 2057 τότε
698 2031 732 2058 δι’
747 2031 889 2066 ἀκριϐείας

96 2078 200 2115 ἑαυτὴν
218 2078 331 2115 καθορᾷ.
348 2079 380 2105 Τί
404 2078 493 2105 τοίνυν
512 2078 570 2104 ἐστὶ
585 2077 616 2104 τὸ
637 2078 729 2109 Θεῖον,
744 2073 766 2110 ᾧ
784 2078 801 2112 ἡ
817 2076 889 2112 ψυχὴ

96 2125 325 2161 προσωμοίωται;
346 2125 384 2152 Οὐ
404 2125 494 2160 σῶμα,
509 2124 540 2151 οὺ
559 2124 664 2160 σχῆμα,
684 2124 734 2150 οὐκ
760 2122 839 2155 εἶδος,
859 2123 889 2149 οὺ

96 2171 260 2207 πηλικότης,
284 2171 334 2198 οὐκ
354 2171 511 2203 ἀντιτυπία,
535 2171 566 2197 οὐ
588 2171 685 2206 βάρος,
700 2170 730 2196 οὐ
752 2170 843 2201 τόπος,
860 2169 889 2195 οὑ

96 2217 206 2254 χρόνος,
226 2217 277 2244 οὐκ
299 2217 363 2244 ἄλλο
376 2226 403 2244 τι
427 2216 547 2243 τοιοῦτον
566 2216 653 2247 οὐδὲν,
667 2215 700 2242 δι’
719 2213 756 2242 ὧν
769 2216 786 2250 ἡ
812 2215 890 2250 ὑλικὴ

97 2264 190 2295 κτίσις
212 2263 390 2299 γνωρίζεται·
420 2263 487 2290 ἀλλὰ
514 2263 622 2289 πάντων
646 2261 748 2288 τούτων
772 2261 819 2287 καὶ
837 2260 890 2287 τῶν

99 2310 229 2337 τοιούτων
252 2309 468 2344 ὑφαιρεθέντων,
493 2308 587 2344 νοερόν
609 2316 635 2334 τι
661 2307 709 2334 καὶ
734 2307 823 2337 eam,
845 2307 891 2332 καὶ

103 2355 217 2391 ἀναφὲς,
232 2356 279 2382 καὶ
298 2355 442 2390 ἀσώματον
452 2375 459 2387 ,
477 2355 523 2381 καὶ
539 2353 700 2381 ἀδιάστατον
716 2352 767 2388 χρὴ
784 2352 892 2382 πάντως

100 2403 173 2429 νοεῖν
188 2402 218 2428 τδ
235 2401 403 2436 λειπόμενον.
419 2401 451 2428 Εἰ
466 2400 555 2427 τοίνυν
573 2398 694 2429 τοιοῦτος
715 2399 728 2424 ό
749 2396 890 2432 χαρακτὴρ

98 2448 148 2475 τοῦ
169 2447 322 2483 ἀρχετύπου
342 2445 600 2482 καταλαμϐάνεται,
617 2443 763 2472 ἀκόλουθον
783 2443 891 2473 πάντως

99 2493 172 2520 κατά
191 2493 221 2519 τὺ
237 2491 306 2524 εἶδος
322 2493 409 2519 ἐκεῖνο
427 2491 646 2528 μεμορφωμένην
668 2489 717 2524 τὴν
738 2489 826 2524 ψυχὴν
848 2488 891 2515 διὰ

98 2539 155 2565 τῶν
184 2539 274 2565 αὐτῶν
299 2539 482 2574 χαρακτήρων
506 2536 724 2571 ἐπιγνωσθῆναιο
749 2535 819 2561 ὥστε
846 2535 892 2561 καὶ

98 2584 204 2619 ταύτην
218 2583 299 2610 ἇῡλόν
314 2592 343 2609 τε
359 2581 428 2610 εἶναι
441 2583 488 2609 καὶ
502 2582 580 2617 ἀειδῆ
593 2582 639 2608 καὶ
651 2580 747 2616 νοερὰν
761 2580 807 2606 καὶ¹
822 2579 893 2605 ἀτώ-

100 2640 197 2667 ματον.
209 2629 388 2665 Λογισώμεθα
399 2629 489 2656 τοίνυν
502 2629 567 2656 πότε
583 2627 683 2663 μᾶλλον
696 2627 736 2661 τῷ
748 2626 893 2662 ἀρχετύπῳ

98 2677 194 2704 κάλλει
214 2675 390 2711 προσεγγίζει
411 2676 427 2710 ἠ
448 2674 605 2710 ἀνθρωπίνη
631 2673 727 2707 φύσις,
749 2673 778 2698 ἐν
796 2671 835 2706 τῷ
850 2671 893 2698 διὰ

99 2722 203 2755 σαρκὸς
228 2721 323 2757 ζῇν,ἣ
353 2721 416 2748 ὅταν
442 2719 494 2753 ἔξω
511 2719 612 2754 ταύτης
635 2717 787 2753 γενώμεθα.
814 2717 893 2744 Ἀλλὰ

98 2769 182 2795 παντὶ
201 2767 282 2802 δῆλον
303 2767 333 2793 τὺ
355 2766 475 2793 τοιοῦτόν
496 2766 569 2792 ἐστιν
582 2785 589 2796 ,
611 2765 651 2790 ὅτι
672 2763 766 2799 ὥσπερ
790 2764 807 2799 ἡ
824 2762 892 2799 σὰρξ

134 2859 145 2874 ²
165 2856 187 2885 ll
199 2856 264 2884 Cor.
280 2865 316 2888 Iv,
338 2856 379 2884 16.
419 2857 429 2872 ³
443 2856 508 2883 ibid.
530 2856 570 2883 18.

940 1623 1085 1658 imaginem
1102 1630 1132 1650 se
1149 1626 1302 1654 convertat,
1318 1626 1345 1649 et
1360 1621 1432 1657 quod
1462 1621 1490 1648 in
1514 1621 1674 1656 exemplari,
1699 1621 1732 1648 ad

940 1670 1020 1705 cujus
1034 1669 1246 1697 similitudinem
1264 1670 1354 1696 iactus
1371 1672 1424 1701 est,
1437 1667 1547 1699 viderit,
1567 1667 1685 1702 idipsum
1699 1671 1730 1694 ut

940 1714 1080 1749 proprium
1094 1714 1305 1748 contempletur,
1322 1716 1349 1740 et
1367 1719 1459 1740 suum.
1486 1712 1526 1739 Ab
1541 1712 1667 1747 exemplo
1691 1715 1732 1738 ta-

941 1767 1002 1786 men
1024 1759 1075 1786 hoc
1099 1759 1241 1794 paululum
1261 1762 1304 1786 est
1330 1758 1540 1790 discedendum,
1559 1762 1588 1785 ut
1611 1765 1655 1786 res
1673 1758 1732 1792 ipsa

940 1804 1082 1840 proposito
1103 1809 1246 1840 congruat.
1269 1803 1335 1830 Nam
1363 1804 1464 1839 imago,
1488 1811 1549 1838 quae
1572 1804 1598 1830 in
1625 1803 1730 1839 speculi

940 1851 1028 1878 forma
1043 1850 1224 1886 conspicitur,
1243 1849 1277 1877 ad
1308 1849 1381 1878 oculi
1404 1850 1544 1885 exemplar
1570 1849 1732 1885 efﬁngitur;

941 1896 968 1923 in
979 1897 1063 1924 animi
1076 1904 1141 1925 vero
1152 1897 1270 1932 imagine
1283 1901 1378 1924 contra
1391 1896 1430 1923 ﬁt.
1443 1895 1532 1931 Ipsius
1544 1895 1617 1924 enim
1628 1895 1733 1930 species

941 1943 973 1969 ad
990 1943 1089 1970 divina:
1103 1943 1317 1977 pulchritudinis
1334 1943 1450 1971 formam
1469 1942 1571 1974 efﬁcta,
1586 1949 1733 1977 expressa-

940 1995 994 2022 que
1011 1991 1062 2015 cst.
1079 1988 1174 2022 Itaque
1198 1991 1255 2014 tum
1272 1996 1335 2016 vere
1361 1988 1451 2022 seipse
1467 1987 1595 2022 perspicit
1611 1987 1732 2019 animus,

940 2041 1002 2060 cum
1018 2035 1158 2068 exelnplar
1172 2035 1294 2060 intuetur
1313 2034 1367 2061 sui.
1385 2033 1455 2066 Quid
1479 2034 1563 2067 igitur
1580 2033 1652 2060 Deus
1678 2037 1731 2067 est,

940 2079 1019 2112 cugus
1035 2079 1240 2106 similitudinem
1268 2079 1376 2106 animus
1402 2078 1508 2106 refert?
1530 2085 1583 2105 non
1611 2085 1726 2112 corpus,

943 2133 996 2152 non
1017 2124 1114 2158 ﬁgura.
1130 2132 1185 2151 non
1204 2123 1322 2158 species,
1341 2131 1396 2150 non
1411 2123 1541 2158 qualitas.
1567 2130 1620 2150 non
1647 2123 1733 2151 moles

941 2179 1049 2205 aspera,
1071 2178 1124 2197 non
1142 2169 1262 2205 pondus,
1279 2177 1332 2197 non
1350 2169 1438 2201 locus,
1456 2177 1509 2196 non
1536 2173 1655 2204 tempus,
1676 2177 1731 2196 non

943 2217 1015 2244 aliud
1033 2216 1174 2251 quidpiam
1183 2223 1290 2247 eorum,
1307 2223 1339 2243 ex
1356 2215 1457 2250 quibus
1470 2222 1501 2242 ea
1521 2223 1581 2250 qum
1593 2222 1626 2242 ex
1641 2219 1731 2241 mate-

908 2253 928 2279 ί)
943 2263 982 2288 ria
997 2265 1062 2289 sunt
1079 2265 1233 2296 procreata,
1251 2263 1466 2295 cognoscuntur.
1481 2260 1533 2287 Sed
1548 2260 1592 2288 his
1603 2259 1732 2287 omnibus

940 2315 1090 2342 carumque
1107 2306 1245 2334 similibus
1266 2306 1347 2334 rebus
1364 2305 1509 2337 submotis,
1528 2309 1570 2332 est
1590 2305 1732 2340 quiddam,

940 2353 1012 2389 quod
1026 2357 1117 2380 mente
1132 2355 1253 2384 constat,
1284 2351 1460 2386 materiaeque
1488 2355 1531 2378 est
1552 2358 1660 2386 expers,
1682 2357 1732 2378 nec

939 2399 1013 2434 tangi
1031 2402 1133 2433 potest,
1153 2401 1180 2424 et
1196 2404 1313 2431 corpore
1330 2401 1420 2430 vacat,
1435 2401 1462 2424 et
1478 2396 1551 2423 omni
1564 2396 1732 2424 dimensione

940 2452 1022 2473 caret.
1037 2445 1172 2478 Quocirca
1187 2450 1249 2471 cum
1270 2443 1409 2479 exemplar
1436 2443 1471 2470 sit
1492 2442 1639 2477 ejusmodi,
1662 2449 1731 2470 con-

941 2499 1060 2527 sequens
1076 2495 1129 2523 est,
1150 2493 1191 2522 ut,
1211 2489 1257 2523 qui
1278 2489 1310 2516 ad
1328 2489 1388 2523 ejus
1406 2487 1611 2516 similitudinem
1629 2487 1731 2514 forma-

942 2540 986 2563 tus
999 2539 1040 2562 est
1055 2534 1174 2566 animus,
1197 2532 1302 2560 eisdem
1324 2536 1507 2568 cognoscatur
1525 2532 1607 2559 notis.
1627 2529 1732 2566 Expers

943 2581 1024 2616 igitur
1043 2579 1163 2606 materia:
1174 2581 1226 2611 est,
1241 2578 1317 2605 cerni
1333 2586 1388 2605 non
1415 2581 1524 2613 potest,
1550 2581 1640 2604 mente
1669 2577 1727 2604 sola

943 2626 1104 2663 percipitur,
1117 2629 1248 2659 caretque
1268 2631 1394 2659 corpore.
1422 2624 1488 2657 Qua:
1503 2631 1565 2651 cum
1593 2623 1630 2650 ita
1660 2623 1727 2656 sint,

945 2680 1004 2707 age,
1027 2670 1234 2698 consideremus
1255 2669 1366 2704 quando
1383 2670 1495 2704 propius
1517 2668 1550 2695 ad
1565 2667 1730 2702 exemplaris

944 2716 1175 2753 pulcltritmiincm
1200 2714 1314 2741 accedat
1335 2714 1454 2741 humana
1476 2717 1585 2742 natura.
1610 2720 1673 2738 cum
1702 2713 1731 2740 in

945 2769 1027 2790 carne
1043 2761 1171 2793 vivimus,
1188 2767 1222 2786 an
1235 2766 1296 2787 cum
1310 2759 1343 2787 ab
1361 2759 1406 2787 illa
1420 2758 1538 2795 separati
1552 2765 1660 2786 smnus.
1677 2756 1732 2786 Ne-
