  <div class='ocr_page' id='page_1' title='image "/cluster/home/n/w/nwhite01/storage/ocr_20150623/46/njp.32101077772604/308.png"; bbox 0 0 1938 3082; ppageno 0'>
   <div class='ocr_carea' id='block_1_1' title="bbox 90 40 144 68">
    <p class='ocr_par' dir='ltr' id='par_1_1' title="bbox 90 40 144 68">
     <span class='ocr_line' id='line_1_1' title="bbox 90 40 144 68; baseline -0.019 0"><span class='ocrx_word' id='word_1_1' title='bbox 90 40 144 68; x_wconf 64' lang='grc' dir='ltr'><strong>Ξ)ιὸ</strong></span> 
     </span>
    </p>
   </div>
   <div class='ocr_carea' id='block_1_2' title="bbox 91 99 886 137">
    <p class='ocr_par' dir='ltr' id='par_1_2' title="bbox 91 99 886 137">
     <span class='ocr_line' id='line_1_2' title="bbox 91 99 886 137; baseline 0.006 -13"><span class='ocrx_word' id='word_1_2' title='bbox 91 107 176 134; x_wconf 83' lang='grc' dir='ltr'>ματος</span> <span class='ocrx_word' id='word_1_3' title='bbox 191 99 334 135; x_wconf 72' lang='grc' dir='ltr'>συμπλοκῇ</span> <span class='ocrx_word' id='word_1_4' title='bbox 355 100 404 136; x_wconf 80' lang='grc' dir='ltr'>τὴν</span> <span class='ocrx_word' id='word_1_5' title='bbox 422 101 498 136; x_wconf 76' lang='grc' dir='ltr'>ἰσχὺν</span> <span class='ocrx_word' id='word_1_6' title='bbox 517 101 612 128; x_wconf 73' lang='grc' dir='ltr'>ἑαυτοῦ</span> <span class='ocrx_word' id='word_1_7' title='bbox 634 103 667 128; x_wconf 82' lang='grc' dir='ltr'>δι’</span> <span class='ocrx_word' id='word_1_8' title='bbox 689 103 802 137; x_wconf 75' lang='grc' dir='ltr'><strong>ἡσυχίας</strong></span> <span class='ocrx_word' id='word_1_9' title='bbox 820 104 886 129; x_wconf 84' lang='grc' dir='ltr'>ἀνα-</span> 
     </span>
    </p>
   </div>
   <div class='ocr_carea' id='block_1_3' title="bbox 90 144 887 182">
    <p class='ocr_par' dir='ltr' id='par_1_3' title="bbox 90 144 887 182">
     <span class='ocr_line' id='line_1_3' title="bbox 90 144 887 182; baseline 0.004 -13"><span class='ocrx_word' id='word_1_10' title='bbox 90 144 248 179; x_wconf 75' lang='grc' dir='ltr'>λαμὸάνων.</span> <span class='ocrx_word' id='word_1_11' title='bbox 269 145 362 172; x_wconf 74' lang='grc' dir='ltr'>Ταῦτα</span> <span class='ocrx_word' id='word_1_12' title='bbox 379 146 469 172; x_wconf 79' lang='grc' dir='ltr'>τοίνυν</span> <span class='ocrx_word' id='word_1_13' title='bbox 493 147 540 172; x_wconf 75' lang='grc' dir='ltr'><strong>καὶ</strong></span> <span class='ocrx_word' id='word_1_14' title='bbox 555 146 588 173; x_wconf 67' lang='grc' dir='ltr'>τὰ</span> <span class='ocrx_word' id='word_1_15' title='bbox 604 146 714 172; x_wconf 72' lang='grc' dir='ltr'>τοιαῦτα</span> <span class='ocrx_word' id='word_1_16' title='bbox 731 148 787 178; x_wconf 83' lang='grc' dir='ltr'>τοῖς</span> <span class='ocrx_word' id='word_1_17' title='bbox 803 147 831 173; x_wconf 81' lang='grc' dir='ltr'>ὲν</span> <span class='ocrx_word' id='word_1_18' title='bbox 850 147 887 182; x_wconf 79' lang='grc' dir='ltr'><strong>τῷ</strong></span> 
     </span>
    </p>
   </div>
   <div class='ocr_carea' id='block_1_4' title="bbox 92 189 886 226">
    <p class='ocr_par' dir='ltr' id='par_1_4' title="bbox 92 189 886 226">
     <span class='ocr_line' id='line_1_4' title="bbox 92 189 886 226; baseline 0.003 -12"><span class='ocrx_word' id='word_1_19' title='bbox 92 189 199 224; x_wconf 81' lang='grc' dir='ltr'>σώματι</span> <span class='ocrx_word' id='word_1_20' title='bbox 217 189 300 221; x_wconf 80' lang='grc' dir='ltr'>ζῶσιν</span> <span class='ocrx_word' id='word_1_21' title='bbox 325 191 339 216; x_wconf 79' lang='grc' dir='ltr'>ὁ</span> <span class='ocrx_word' id='word_1_22' title='bbox 368 190 428 221; x_wconf 79' lang='grc' dir='ltr'>νοῦς</span> <span class='ocrx_word' id='word_1_23' title='bbox 452 190 621 224; x_wconf 74' lang='grc' dir='ltr'><strong>διαλέγεται,</strong></span> <span class='ocrx_word' id='word_1_24' title='bbox 640 191 781 226; x_wconf 74' lang='grc' dir='ltr'><strong>μονονουχὶ</strong></span> <span class='ocrx_word' id='word_1_25' title='bbox 795 191 886 226; x_wconf 78' lang='grc' dir='ltr'>φωνὴν</span> 
     </span>
    </p>
   </div>
   <div class='ocr_carea' id='block_1_5' title="bbox 91 233 887 272">
    <p class='ocr_par' dir='ltr' id='par_1_5' title="bbox 91 233 887 272">
     <span class='ocr_line' id='line_1_5' title="bbox 91 233 887 272; baseline 0 -11"><span class='ocrx_word' id='word_1_26' title='bbox 91 235 192 269; x_wconf 66' lang='grc' dir='ltr'>ἀφιεὶς,</span> <span class='ocrx_word' id='word_1_27' title='bbox 209 235 249 262; x_wconf 85' lang='grc' dir='ltr'>ὃτι</span> <span class='ocrx_word' id='word_1_28' title='bbox 269 233 304 261; x_wconf 84' lang='grc' dir='ltr'><strong>Ὦ</strong></span> <span class='ocrx_word' id='word_1_29' title='bbox 321 235 467 270; x_wconf 76' lang='grc' dir='ltr'>ἅνθρωποι,</span> <span class='ocrx_word' id='word_1_30' title='bbox 491 235 551 263; x_wconf 74' lang='grc' dir='ltr'>οὔτε</span> <span class='ocrx_word' id='word_1_31' title='bbox 567 237 595 262; x_wconf 80' lang='grc' dir='ltr'><strong>ἐν</strong></span> <span class='ocrx_word' id='word_1_32' title='bbox 611 234 651 268; x_wconf 73' lang='grc' dir='ltr'><strong>οἷς</strong></span> <span class='ocrx_word' id='word_1_33' title='bbox 665 237 740 268; x_wconf 75' lang='grc' dir='ltr'>ἐστε,</span> <span class='ocrx_word' id='word_1_34' title='bbox 766 235 887 272; x_wconf 73' lang='grc' dir='ltr'>ἀκριϐῶς</span> 
     </span>
    </p>
   </div>
   <div class='ocr_carea' id='block_1_6' title="bbox 91 281 884 318">
    <p class='ocr_par' dir='ltr' id='par_1_6' title="bbox 91 281 884 318">
     <span class='ocr_line' id='line_1_6' title="bbox 91 281 884 318; baseline 0.003 -12"><span class='ocrx_word' id='word_1_35' title='bbox 91 281 191 313; x_wconf 77' lang='grc' dir='ltr'>οἴδατε,</span> <span class='ocrx_word' id='word_1_36' title='bbox 208 282 255 308; x_wconf 77' lang='grc' dir='ltr'><strong>καὶ</strong></span> <span class='ocrx_word' id='word_1_37' title='bbox 272 282 311 313; x_wconf 80' lang='grc' dir='ltr'>εἰς</span> <span class='ocrx_word' id='word_1_38' title='bbox 323 282 336 308; x_wconf 77' lang='grc' dir='ltr'><strong>ὃ</strong></span> <span class='ocrx_word' id='word_1_39' title='bbox 351 290 376 308; x_wconf 87' lang='grc' dir='ltr'><strong>τι</strong></span> <span class='ocrx_word' id='word_1_40' title='bbox 398 283 606 318; x_wconf 69' lang='grc' dir='ltr'>μεταχωρήοετε</span> <span class='ocrx_word' id='word_1_41' title='bbox 616 302 622 314; x_wconf 82' lang='grc'><strong>,</strong></span> <span class='ocrx_word' id='word_1_42' title='bbox 640 281 716 308; x_wconf 71' lang='grc' dir='ltr'>οὔπω</span> <span class='ocrx_word' id='word_1_43' title='bbox 729 282 884 309; x_wconf 79' lang='grc' dir='ltr'>ἐπίστασθε.</span> 
     </span>
    </p>
   </div>
   <div class='ocr_carea' id='block_1_7' title="bbox 91 325 886 364">
    <p class='ocr_par' dir='ltr' id='par_1_7' title="bbox 91 325 886 364">
     <span class='ocr_line' id='line_1_7' title="bbox 91 325 886 364; baseline 0.003 -12"><span class='ocrx_word' id='word_1_44' title='bbox 91 327 128 352; x_wconf 71' lang='grc' dir='ltr'>Τὸ</span> <span class='ocrx_word' id='word_1_45' title='bbox 143 328 192 362; x_wconf 76' lang='grc' dir='ltr'><strong>μὲν</strong></span> <span class='ocrx_word' id='word_1_46' title='bbox 207 327 261 362; x_wconf 81' lang='grc' dir='ltr'>γὰρ</span> <span class='ocrx_word' id='word_1_47' title='bbox 275 327 361 362; x_wconf 77' lang='grc' dir='ltr'>παρὸν</span> <span class='ocrx_word' id='word_1_48' title='bbox 372 325 428 354; x_wconf 71' lang='grc' dir='ltr'>οἷον</span> <span class='ocrx_word' id='word_1_49' title='bbox 441 330 474 363; x_wconf 84' lang='grc' dir='ltr'>τῇ</span> <span class='ocrx_word' id='word_1_50' title='bbox 488 328 566 362; x_wconf 79' lang='grc' dir='ltr'>φύσει</span> <span class='ocrx_word' id='word_1_51' title='bbox 577 329 659 360; x_wconf 76' lang='grc' dir='ltr'>ἐστὶν,</span> <span class='ocrx_word' id='word_1_52' title='bbox 676 328 752 354; x_wconf 70' lang='grc' dir='ltr'>οὔπω</span> <span class='ocrx_word' id='word_1_53' title='bbox 767 327 886 364; x_wconf 77' lang='grc' dir='ltr'>ἐξευρεῖν</span> 
     </span>
    </p>
   </div>
   <div class='ocr_carea' id='block_1_8' title="bbox 89 373 886 410">
    <p class='ocr_par' dir='ltr' id='par_1_8' title="bbox 89 373 886 410">
     <span class='ocr_line' id='line_1_8' title="bbox 89 373 886 410; baseline 0.001 -11"><span class='ocrx_word' id='word_1_54' title='bbox 89 374 103 399; x_wconf 83' lang='grc' dir='ltr'>ὁ</span> <span class='ocrx_word' id='word_1_55' title='bbox 124 373 203 407; x_wconf 78' lang='grc' dir='ltr'>λόγος</span> <span class='ocrx_word' id='word_1_56' title='bbox 228 373 379 409; x_wconf 72' lang='grc' dir='ltr'><strong>δεδύνηται,</strong></span> <span class='ocrx_word' id='word_1_57' title='bbox 403 374 471 401; x_wconf 79' lang='grc' dir='ltr'>ἀλλὰ</span> <span class='ocrx_word' id='word_1_58' title='bbox 497 374 564 410; x_wconf 78' lang='grc' dir='ltr'>πρὸς</span> <span class='ocrx_word' id='word_1_59' title='bbox 590 374 672 410; x_wconf 79' lang='grc' dir='ltr'>μόνην</span> <span class='ocrx_word' id='word_1_60' title='bbox 696 374 744 410; x_wconf 79' lang='grc' dir='ltr'>τὴν</span> <span class='ocrx_word' id='word_1_61' title='bbox 766 375 812 400; x_wconf 84' lang='grc' dir='ltr'>τοῦ</span> <span class='ocrx_word' id='word_1_62' title='bbox 837 374 886 409; x_wconf 81' lang='grc' dir='ltr'>ζῇν</span> 
     </span>
    </p>
   </div>
   <div class='ocr_carea' id='block_1_9' title="bbox 91 418 884 455">
    <p class='ocr_par' dir='ltr' id='par_1_9' title="bbox 91 418 884 455">
     <span class='ocr_line' id='line_1_9' title="bbox 91 418 884 455; baseline -0.001 -10"><span class='ocrx_word' id='word_1_63' title='bbox 91 419 235 454; x_wconf 86' lang='grc' dir='ltr'>συνήθειαν</span> <span class='ocrx_word' id='word_1_64' title='bbox 253 419 357 454; x_wconf 79' lang='grc' dir='ltr'><strong>βλέπει,</strong></span> <span class='ocrx_word' id='word_1_65' title='bbox 384 419 421 455; x_wconf 79' lang='grc' dir='ltr'>μὴ</span> <span class='ocrx_word' id='word_1_66' title='bbox 445 419 593 454; x_wconf 78' lang='grc' dir='ltr'>δυνάμενος</span> <span class='ocrx_word' id='word_1_67' title='bbox 614 419 725 453; x_wconf 83' lang='grc' dir='ltr'>γνῶναι,</span> <span class='ocrx_word' id='word_1_68' title='bbox 749 419 790 450; x_wconf 88' lang='grc' dir='ltr'><strong>τίς</strong></span> <span class='ocrx_word' id='word_1_69' title='bbox 807 419 823 454; x_wconf 75' lang='grc' dir='ltr'>ἡ</span> <span class='ocrx_word' id='word_1_70' title='bbox 840 418 884 444; x_wconf 75' lang='grc' dir='ltr'>τοῦ</span> 
     </span>
    </p>
   </div>
   <div class='ocr_carea' id='block_1_10' title="bbox 91 464 884 500">
    <p class='ocr_par' dir='ltr' id='par_1_10' title="bbox 91 464 884 500">
     <span class='ocr_line' id='line_1_10' title="bbox 91 464 884 500; baseline 0 -10"><span class='ocrx_word' id='word_1_71' title='bbox 91 465 218 500; x_wconf 80' lang='grc' dir='ltr'>σώματος</span> <span class='ocrx_word' id='word_1_72' title='bbox 235 464 333 500; x_wconf 84' lang='grc' dir='ltr'>φύσις·</span> <span class='ocrx_word' id='word_1_73' title='bbox 350 464 391 497; x_wconf 86' lang='grc' dir='ltr'><strong>τίς</strong></span> <span class='ocrx_word' id='word_1_74' title='bbox 415 466 432 500; x_wconf 84' lang='grc' dir='ltr'><strong>ἡ</strong></span> <span class='ocrx_word' id='word_1_75' title='bbox 457 466 511 492; x_wconf 83' lang='grc' dir='ltr'><strong>τῶν</strong></span> <span class='ocrx_word' id='word_1_76' title='bbox 527 465 680 500; x_wconf 76' lang='grc' dir='ltr'>αἰσθήσεων</span> <span class='ocrx_word' id='word_1_77' title='bbox 699 464 811 500; x_wconf 75' lang='grc' dir='ltr'>δύναμις</span> <span class='ocrx_word' id='word_1_78' title='bbox 822 472 828 479; x_wconf 72' lang='grc'><strong><em>⁸</em></strong></span> <span class='ocrx_word' id='word_1_79' title='bbox 845 464 884 497; x_wconf 84' lang='grc' dir='ltr'><strong>τίς</strong></span> 
     </span>
    </p>
   </div>
   <div class='ocr_carea' id='block_1_11' title="bbox 89 510 884 546">
    <p class='ocr_par' dir='ltr' id='par_1_11' title="bbox 89 510 884 546">
     <span class='ocr_line' id='line_1_11' title="bbox 89 510 884 546; baseline 0 -10"><span class='ocrx_word' id='word_1_80' title='bbox 89 511 106 546; x_wconf 82' lang='grc' dir='ltr'><strong>ἡ</strong></span> <span class='ocrx_word' id='word_1_81' title='bbox 121 510 177 536; x_wconf 84' lang='grc' dir='ltr'><strong>τῶν</strong></span> <span class='ocrx_word' id='word_1_82' title='bbox 190 510 342 546; x_wconf 79' lang='grc' dir='ltr'><strong>ὀργανικῶν</strong></span> <span class='ocrx_word' id='word_1_83' title='bbox 363 511 452 544; x_wconf 82' lang='grc' dir='ltr'>μελῶν</span> <span class='ocrx_word' id='word_1_84' title='bbox 466 511 607 546; x_wconf 87' lang='grc' dir='ltr'>διασκευή·</span> <span class='ocrx_word' id='word_1_85' title='bbox 624 511 666 542; x_wconf 82' lang='grc' dir='ltr'><strong>τίς</strong></span> <span class='ocrx_word' id='word_1_86' title='bbox 679 512 696 546; x_wconf 84' lang='grc' dir='ltr'>ἡ</span> <span class='ocrx_word' id='word_1_87' title='bbox 713 510 766 536; x_wconf 85' lang='grc' dir='ltr'>τῶν</span> <span class='ocrx_word' id='word_1_88' title='bbox 781 510 884 543; x_wconf 80' lang='grc' dir='ltr'>σπλάγ-</span> 
     </span>
    </p>
   </div>
   <div class='ocr_carea' id='block_1_12' title="bbox 89 556 883 592">
    <p class='ocr_par' dir='ltr' id='par_1_12' title="bbox 89 556 883 592">
     <span class='ocr_line' id='line_1_12' title="bbox 89 556 883 592; baseline -0.003 -9"><span class='ocrx_word' id='word_1_89' title='bbox 89 565 162 591; x_wconf 83' lang='grc' dir='ltr'>χνων</span> <span class='ocrx_word' id='word_1_90' title='bbox 194 557 350 592; x_wconf 73' lang='grc' dir='ltr'>οἰκονομία·</span> <span class='ocrx_word' id='word_1_91' title='bbox 382 556 425 589; x_wconf 83' lang='grc' dir='ltr'><strong>τίς</strong></span> <span class='ocrx_word' id='word_1_92' title='bbox 448 557 465 592; x_wconf 80' lang='grc' dir='ltr'><strong>ἡ</strong></span> <span class='ocrx_word' id='word_1_93' title='bbox 494 556 668 591; x_wconf 70' lang='grc' dir='ltr'>αὑτοκίνητος</span> <span class='ocrx_word' id='word_1_94' title='bbox 699 557 753 582; x_wconf 84' lang='grc' dir='ltr'>τῶν</span> <span class='ocrx_word' id='word_1_95' title='bbox 781 556 883 592; x_wconf 79' lang='grc' dir='ltr'>νεύρων</span> 
     </span>
    </p>
   </div>
   <div class='ocr_carea' id='block_1_13' title="bbox 89 602 883 638">
    <p class='ocr_par' dir='ltr' id='par_1_13' title="bbox 89 602 883 638">
     <span class='ocr_line' id='line_1_13' title="bbox 89 602 883 638; baseline -0.014 0"><span class='ocrx_word' id='word_1_96' title='bbox 89 603 233 638; x_wconf 52' lang='grc' dir='ltr'><strong>ένέρῖειω</strong></span> <span class='ocrx_word' id='word_1_97' title='bbox 246 603 304 634; x_wconf 80' lang='grc' dir='ltr'>πῶς</span> <span class='ocrx_word' id='word_1_98' title='bbox 316 603 369 629; x_wconf 83' lang='grc' dir='ltr'><strong>τῶν</strong></span> <span class='ocrx_word' id='word_1_99' title='bbox 395 604 423 629; x_wconf 82' lang='grc' dir='ltr'>ὲν</span> <span class='ocrx_word' id='word_1_100' title='bbox 445 604 519 638; x_wconf 79' lang='grc' dir='ltr'>ἡμῖν,</span> <span class='ocrx_word' id='word_1_101' title='bbox 537 603 572 629; x_wconf 76' lang='grc' dir='ltr'>τὸ</span> <span class='ocrx_word' id='word_1_102' title='bbox 588 603 636 638; x_wconf 78' lang='grc' dir='ltr'><strong>μὲν</strong></span> <span class='ocrx_word' id='word_1_103' title='bbox 654 603 692 634; x_wconf 83' lang='grc' dir='ltr'>εἰς</span> <span class='ocrx_word' id='word_1_104' title='bbox 711 602 804 629; x_wconf 78' lang='grc' dir='ltr'>ὀστέου</span> <span class='ocrx_word' id='word_1_105' title='bbox 829 602 883 635; x_wconf 79' lang='grc' dir='ltr'><strong>πή-</strong></span> 
     </span>
    </p>
   </div>
   <div class='ocr_carea' id='block_1_14' title="bbox 88 647 882 684">
    <p class='ocr_par' dir='ltr' id='par_1_14' title="bbox 88 647 882 684">
     <span class='ocr_line' id='line_1_14' title="bbox 88 647 882 684; baseline -0.003 -9"><span class='ocrx_word' id='word_1_106' title='bbox 88 657 188 683; x_wconf 80' lang='grc' dir='ltr'>γνυται</span> <span class='ocrx_word' id='word_1_107' title='bbox 206 649 297 684; x_wconf 73' lang='grc' dir='ltr'>φύσιν,</span> <span class='ocrx_word' id='word_1_108' title='bbox 309 649 340 675; x_wconf 75' lang='grc' dir='ltr'>τὸ</span> <span class='ocrx_word' id='word_1_109' title='bbox 357 649 384 675; x_wconf 76' lang='grc' dir='ltr'>δὲ</span> <span class='ocrx_word' id='word_1_110' title='bbox 408 650 448 681; x_wconf 85' lang='grc' dir='ltr'>εἰς</span> <span class='ocrx_word' id='word_1_111' title='bbox 461 648 510 684; x_wconf 83' lang='grc' dir='ltr'>τὴν</span> <span class='ocrx_word' id='word_1_112' title='bbox 527 648 656 683; x_wconf 75' lang='grc' dir='ltr'>φωτοειδῆ</span> <span class='ocrx_word' id='word_1_113' title='bbox 678 648 724 674; x_wconf 76' lang='grc' dir='ltr'><strong>τοῦ</strong></span> <span class='ocrx_word' id='word_1_114' title='bbox 744 647 882 682; x_wconf 60' lang='grc' dir='ltr'>ὁςθαλμοῠ</span> 
     </span>
    </p>
   </div>
   <div class='ocr_carea' id='block_1_15' title="bbox 88 693 882 730">
    <p class='ocr_par' dir='ltr' id='par_1_15' title="bbox 88 693 882 730">
     <span class='ocr_line' id='line_1_15' title="bbox 88 693 882 730; baseline -0.004 -8"><span class='ocrx_word' id='word_1_115' title='bbox 88 696 176 730; x_wconf 79' lang='grc' dir='ltr'>αὐγὴν</span> <span class='ocrx_word' id='word_1_116' title='bbox 193 695 339 727; x_wconf 79' lang='grc' dir='ltr'>ούσιοῦται,</span> <span class='ocrx_word' id='word_1_117' title='bbox 357 695 414 726; x_wconf 85' lang='grc' dir='ltr'><strong>πῶς</strong></span> <span class='ocrx_word' id='word_1_118' title='bbox 434 696 466 721; x_wconf 83' lang='grc' dir='ltr'><strong>ὲκ</strong></span> <span class='ocrx_word' id='word_1_119' title='bbox 482 696 531 730; x_wconf 85' lang='grc' dir='ltr'>τῆς</span> <span class='ocrx_word' id='word_1_120' title='bbox 549 695 633 730; x_wconf 78' lang='grc' dir='ltr'>αὐτῆς</span> <span class='ocrx_word' id='word_1_121' title='bbox 653 694 755 729; x_wconf 57' lang='grc' dir='ltr'>τροςςῆς</span> <span class='ocrx_word' id='word_1_122' title='bbox 774 694 820 720; x_wconf 79' lang='grc' dir='ltr'><strong>καὶ</strong></span> <span class='ocrx_word' id='word_1_123' title='bbox 835 693 882 719; x_wconf 71' lang='grc' dir='ltr'>τοῦ</span> 
     </span>
    </p>
   </div>
   <div class='ocr_carea' id='block_1_16' title="bbox 88 738 882 776">
    <p class='ocr_par' dir='ltr' id='par_1_16' title="bbox 88 738 882 776">
     <span class='ocr_line' id='line_1_16' title="bbox 88 738 882 776; baseline -0.004 -9"><span class='ocrx_word' id='word_1_124' title='bbox 88 741 173 767; x_wconf 77' lang='grc' dir='ltr'>αὐτοῦ</span> <span class='ocrx_word' id='word_1_125' title='bbox 189 741 319 776; x_wconf 79' lang='grc' dir='ltr'><strong>πόματος,</strong></span> <span class='ocrx_word' id='word_1_126' title='bbox 339 740 369 767; x_wconf 80' lang='grc' dir='ltr'>τὸ</span> <span class='ocrx_word' id='word_1_127' title='bbox 389 740 438 775; x_wconf 81' lang='grc' dir='ltr'>μὲν</span> <span class='ocrx_word' id='word_1_128' title='bbox 454 741 493 772; x_wconf 77' lang='grc' dir='ltr'><strong>είς</strong></span> <span class='ocrx_word' id='word_1_129' title='bbox 509 740 605 776; x_wconf 82' lang='grc' dir='ltr'>τρίχας</span> <span class='ocrx_word' id='word_1_130' title='bbox 620 739 791 771; x_wconf 78' lang='grc' dir='ltr'>λεπτύνεται,</span> <span class='ocrx_word' id='word_1_131' title='bbox 806 738 836 764; x_wconf 83' lang='grc' dir='ltr'><strong>τὸ</strong></span> <span class='ocrx_word' id='word_1_132' title='bbox 854 738 882 764; x_wconf 75' lang='grc' dir='ltr'>δὲ</span> 
     </span>
    </p>
   </div>
   <div class='ocr_carea' id='block_1_17' title="bbox 88 785 880 822">
    <p class='ocr_par' dir='ltr' id='par_1_17' title="bbox 88 785 880 822">
     <span class='ocr_line' id='line_1_17' title="bbox 88 785 880 822; baseline -0.004 -9"><span class='ocrx_word' id='word_1_133' title='bbox 88 787 128 819; x_wconf 75' lang='grc' dir='ltr'><strong>εἰς</strong></span> <span class='ocrx_word' id='word_1_134' title='bbox 143 787 242 822; x_wconf 71' lang='grc' dir='ltr'>ὄνυχας</span> <span class='ocrx_word' id='word_1_135' title='bbox 258 788 312 821; x_wconf 75' lang='grc' dir='ltr'>τοῖς</span> <span class='ocrx_word' id='word_1_136' title='bbox 325 787 421 821; x_wconf 79' lang='grc' dir='ltr'>ἄκροις</span> <span class='ocrx_word' id='word_1_137' title='bbox 437 786 491 813; x_wconf 85' lang='grc' dir='ltr'><strong>τῶν</strong></span> <span class='ocrx_word' id='word_1_138' title='bbox 504 786 642 812; x_wconf 81' lang='grc' dir='ltr'>δακτύλων</span> <span class='ocrx_word' id='word_1_139' title='bbox 654 785 863 812; x_wconf 83' lang='grc' dir='ltr'>ἐπιπλατύνεται</span> <span class='ocrx_word' id='word_1_140' title='bbox 872 805 880 816; x_wconf 84' lang='grc'><strong>,</strong></span> 
     </span>
    </p>
   </div>
   <div class='ocr_carea' id='block_1_18' title="bbox 88 830 880 868">
    <p class='ocr_par' dir='ltr' id='par_1_18' title="bbox 88 830 880 868">
     <span class='ocr_line' id='line_1_18' title="bbox 88 830 880 868; baseline -0.001 -11"><span class='ocrx_word' id='word_1_141' title='bbox 88 832 104 867; x_wconf 84' lang='grc' dir='ltr'>ἦ</span> <span class='ocrx_word' id='word_1_142' title='bbox 127 832 186 863; x_wconf 78' lang='grc' dir='ltr'>πῶς</span> <span class='ocrx_word' id='word_1_143' title='bbox 208 832 252 858; x_wconf 81' lang='grc' dir='ltr'>ἀεὶ</span> <span class='ocrx_word' id='word_1_144' title='bbox 268 831 298 857; x_wconf 72' lang='grc' dir='ltr'><strong>το</strong></span> <span class='ocrx_word' id='word_1_145' title='bbox 323 832 465 868; x_wconf 78' lang='grc' dir='ltr'>ἐγκάρδιον</span> <span class='ocrx_word' id='word_1_146' title='bbox 486 831 667 866; x_wconf 75' lang='grc' dir='ltr'>ἀναφλέγεται</span> <span class='ocrx_word' id='word_1_147' title='bbox 682 831 748 866; x_wconf 71' lang='grc' dir='ltr'>πῦρ,</span> <span class='ocrx_word' id='word_1_148' title='bbox 767 831 810 857; x_wconf 83' lang='grc' dir='ltr'>διὰ</span> <span class='ocrx_word' id='word_1_149' title='bbox 827 830 880 856; x_wconf 86' lang='grc' dir='ltr'><strong>τῶν</strong></span> 
     </span>
    </p>
   </div>
   <div class='ocr_carea' id='block_1_19' title="bbox 88 875 878 913">
    <p class='ocr_par' dir='ltr' id='par_1_19' title="bbox 88 875 878 913">
     <span class='ocr_line' id='line_1_19' title="bbox 88 875 878 913; baseline -0.003 -10"><span class='ocrx_word' id='word_1_150' title='bbox 88 877 227 913; x_wconf 75' lang='grc' dir='ltr'>ἀρτηριῶν</span> <span class='ocrx_word' id='word_1_151' title='bbox 258 878 301 911; x_wconf 67' lang='grc' dir='ltr'><strong>ἐφ’</strong></span> <span class='ocrx_word' id='word_1_152' title='bbox 332 877 404 903; x_wconf 77' lang='grc' dir='ltr'>ἅπαν</span> <span class='ocrx_word' id='word_1_153' title='bbox 440 876 470 902; x_wconf 74' lang='grc' dir='ltr'>τὸ</span> <span class='ocrx_word' id='word_1_154' title='bbox 507 876 585 911; x_wconf 80' lang='grc' dir='ltr'>σῶμα</span> <span class='ocrx_word' id='word_1_155' title='bbox 617 876 831 911; x_wconf 67' lang='grc' dir='ltr'>διαφερόμενον⁴</span> <span class='ocrx_word' id='word_1_156' title='bbox 862 875 878 911; x_wconf 81' lang='grc' dir='ltr'>ἢ</span> 
     </span>
    </p>
   </div>
   <div class='ocr_carea' id='block_1_20' title="bbox 89 921 879 958">
    <p class='ocr_par' dir='ltr' id='par_1_20' title="bbox 89 921 879 958">
     <span class='ocr_line' id='line_1_20' title="bbox 89 921 879 958; baseline -0.003 -9"><span class='ocrx_word' id='word_1_157' title='bbox 89 924 147 955; x_wconf 76' lang='grc' dir='ltr'>πῶς</span> <span class='ocrx_word' id='word_1_158' title='bbox 167 923 199 949; x_wconf 79' lang='grc' dir='ltr'>τὸ</span> <span class='ocrx_word' id='word_1_159' title='bbox 216 924 369 958; x_wconf 82' lang='grc' dir='ltr'>πινόμενον,</span> <span class='ocrx_word' id='word_1_160' title='bbox 393 923 502 950; x_wconf 81' lang='grc' dir='ltr'>ἐπειδὰν</span> <span class='ocrx_word' id='word_1_161' title='bbox 525 923 554 948; x_wconf 83' lang='grc' dir='ltr'>ὲν</span> <span class='ocrx_word' id='word_1_162' title='bbox 582 921 619 956; x_wconf 82' lang='grc' dir='ltr'>τῷ</span> <span class='ocrx_word' id='word_1_163' title='bbox 643 922 728 957; x_wconf 78' lang='grc' dir='ltr'>ἥπατι</span> <span class='ocrx_word' id='word_1_164' title='bbox 755 921 879 956; x_wconf 81' lang='grc' dir='ltr'>γένηται·</span> 
     </span>
    </p>
   </div>
   <div class='ocr_carea' id='block_1_21' title="bbox 90 966 880 1003">
    <p class='ocr_par' dir='ltr' id='par_1_21' title="bbox 90 966 880 1003">
     <span class='ocr_line' id='line_1_21' title="bbox 90 966 880 1003; baseline -0.001 -9"><span class='ocrx_word' id='word_1_165' title='bbox 90 968 253 1003; x_wconf 75' lang='grc' dir='ltr'>μεταϐάλλει</span> <span class='ocrx_word' id='word_1_166' title='bbox 270 969 315 995; x_wconf 76' lang='grc' dir='ltr'><strong>καὶ</strong></span> <span class='ocrx_word' id='word_1_167' title='bbox 329 969 358 994; x_wconf 64' lang='grc' dir='ltr'>τὸ</span> <span class='ocrx_word' id='word_1_168' title='bbox 374 966 444 1000; x_wconf 83' lang='grc' dir='ltr'>εἶδος</span> <span class='ocrx_word' id='word_1_169' title='bbox 459 969 506 994; x_wconf 83' lang='grc' dir='ltr'><strong>καὶ</strong></span> <span class='ocrx_word' id='word_1_170' title='bbox 528 968 579 1002; x_wconf 79' lang='grc' dir='ltr'>τὴν</span> <span class='ocrx_word' id='word_1_171' title='bbox 600 967 729 1002; x_wconf 74' lang='grc' dir='ltr'>ποιότητα</span> <span class='ocrx_word' id='word_1_172' title='bbox 747 966 790 993; x_wconf 79' lang='grc' dir='ltr'>διά</span> <span class='ocrx_word' id='word_1_173' title='bbox 809 975 880 998; x_wconf 87' lang='grc' dir='ltr'>τινος</span> 
     </span>
    </p>
   </div>
   <div class='ocr_carea' id='block_1_22' title="bbox 85 1010 880 1049">
    <p class='ocr_par' dir='ltr' id='par_1_22' title="bbox 85 1010 880 1049">
     <span class='ocr_line' id='line_1_22' title="bbox 85 1010 880 1049; baseline -0.003 -9"><span class='ocrx_word' id='word_1_174' title='bbox 85 1014 258 1047; x_wconf 65' lang='grc' dir='ltr'>,ἀλλοιώσεως</span> <span class='ocrx_word' id='word_1_175' title='bbox 283 1014 444 1049; x_wconf 78' lang='grc' dir='ltr'>αὐτομάτως</span> <span class='ocrx_word' id='word_1_176' title='bbox 466 1012 706 1048; x_wconf 82' lang='grc' dir='ltr'>ὲξαιματούμενον.</span> <span class='ocrx_word' id='word_1_177' title='bbox 724 1010 773 1040; x_wconf 82' lang='grc' dir='ltr'><strong>’Ὧν</strong></span> <span class='ocrx_word' id='word_1_178' title='bbox 796 1013 880 1040; x_wconf 83' lang='grc' dir='ltr'>ἁπάν-</span> 
     </span>
    </p>
   </div>
   <div class='ocr_carea' id='block_1_23' title="bbox 85 1055 878 1096">
    <p class='ocr_par' dir='ltr' id='par_1_23' title="bbox 85 1055 878 1096">
     <span class='ocr_line' id='line_1_23' title="bbox 85 1055 878 1096; baseline -0.001 -10"><span class='ocrx_word' id='word_1_179' title='bbox 85 1055 141 1093; x_wconf 47' lang='grc' dir='ltr'><strong>των</strong></span> <span class='ocrx_word' id='word_1_180' title='bbox 156 1062 172 1095; x_wconf 76' lang='grc' dir='ltr'>ἡ</span> <span class='ocrx_word' id='word_1_181' title='bbox 186 1060 296 1094; x_wconf 83' lang='grc' dir='ltr'>γνῶσις,</span> <span class='ocrx_word' id='word_1_182' title='bbox 316 1061 396 1096; x_wconf 81' lang='grc' dir='ltr'>μέχρι</span> <span class='ocrx_word' id='word_1_183' title='bbox 413 1060 459 1087; x_wconf 85' lang='grc' dir='ltr'>τοῦ</span> <span class='ocrx_word' id='word_1_184' title='bbox 475 1061 605 1096; x_wconf 76' lang='grc' dir='ltr'>παρόντος</span> <span class='ocrx_word' id='word_1_185' title='bbox 620 1060 692 1086; x_wconf 73' lang='grc' dir='ltr'>ἐστὶν</span> <span class='ocrx_word' id='word_1_186' title='bbox 713 1059 878 1095; x_wconf 58' lang='grc' dir='ltr'>ἀπόρρητος</span> 
     </span>
    </p>
   </div>
   <div class='ocr_carea' id='block_1_24' title="bbox 87 1104 880 1143">
    <p class='ocr_par' dir='ltr' id='par_1_24' title="bbox 87 1104 880 1143">
     <span class='ocr_line' id='line_1_24' title="bbox 87 1104 880 1143; baseline 0 -11"><span class='ocrx_word' id='word_1_187' title='bbox 87 1107 124 1138; x_wconf 80' lang='grc' dir='ltr'>ὡς</span> <span class='ocrx_word' id='word_1_188' title='bbox 137 1107 246 1141; x_wconf 79' lang='grc' dir='ltr'>ἀγνοεῖν</span> <span class='ocrx_word' id='word_1_189' title='bbox 265 1109 338 1143; x_wconf 77' lang='grc' dir='ltr'>ἡμᾶς</span> <span class='ocrx_word' id='word_1_190' title='bbox 347 1107 396 1142; x_wconf 81' lang='grc' dir='ltr'><strong>τὴν</strong></span> <span class='ocrx_word' id='word_1_191' title='bbox 419 1107 490 1142; x_wconf 80' lang='grc' dir='ltr'>ζωὴν</span> <span class='ocrx_word' id='word_1_192' title='bbox 512 1108 540 1133; x_wconf 80' lang='grc' dir='ltr'>ὲν</span> <span class='ocrx_word' id='word_1_193' title='bbox 599 1106 765 1141; x_wconf 83' lang='grc' dir='ltr'>βιοτεύομεν.</span> <span class='ocrx_word' id='word_1_194' title='bbox 782 1106 833 1132; x_wconf 81' lang='grc' dir='ltr'>Τὸν</span> <span class='ocrx_word' id='word_1_195' title='bbox 852 1106 880 1132; x_wconf 77' lang='grc' dir='ltr'><strong>δὲ</strong></span> 
     </span>
    </p>
   </div>
   <div class='ocr_carea' id='block_1_25' title="bbox 87 1151 879 1187">
    <p class='ocr_par' dir='ltr' id='par_1_25' title="bbox 87 1151 879 1187">
     <span class='ocr_line' id='line_1_25' title="bbox 87 1151 879 1187; baseline -0.001 -9"><span class='ocrx_word' id='word_1_196' title='bbox 87 1152 136 1186; x_wconf 80' lang='grc' dir='ltr'>τῆς</span> <span class='ocrx_word' id='word_1_197' title='bbox 160 1152 313 1186; x_wconf 69' lang='grc' dir='ltr'>αἰσθήσεως</span> <span class='ocrx_word' id='word_1_198' title='bbox 340 1152 541 1187; x_wconf 75' lang='grc' dir='ltr'>κεχωρισμένον</span> <span class='ocrx_word' id='word_1_199' title='bbox 565 1151 631 1186; x_wconf 79' lang='grc' dir='ltr'>βίον,</span> <span class='ocrx_word' id='word_1_200' title='bbox 645 1152 669 1177; x_wconf 85' lang='grc' dir='ltr'>οἱ</span> <span class='ocrx_word' id='word_1_201' title='bbox 696 1152 728 1186; x_wconf 80' lang='grc' dir='ltr'>τῇ</span> <span class='ocrx_word' id='word_1_202' title='bbox 755 1151 879 1186; x_wconf 76' lang='grc' dir='ltr'><strong>αἰσθήσει</strong></span> 
     </span>
    </p>
   </div>
   <div class='ocr_carea' id='block_1_26' title="bbox 89 1197 879 1232">
    <p class='ocr_par' dir='ltr' id='par_1_26' title="bbox 89 1197 879 1232">
     <span class='ocr_line' id='line_1_26' title="bbox 89 1197 879 1232; baseline -0.003 -8"><span class='ocrx_word' id='word_1_203' title='bbox 89 1198 234 1230; x_wconf 77' lang='grc' dir='ltr'>συζῶντες.</span> <span class='ocrx_word' id='word_1_204' title='bbox 252 1197 411 1224; x_wconf 74' lang='grc' dir='ltr'>ἀδυνατοῦσι</span> <span class='ocrx_word' id='word_1_205' title='bbox 429 1197 541 1224; x_wconf 77' lang='grc' dir='ltr'>καθόλου</span> <span class='ocrx_word' id='word_1_206' title='bbox 568 1197 726 1223; x_wconf 69' lang='grc' dir='ltr'>θεάσασθαι*</span> <span class='ocrx_word' id='word_1_207' title='bbox 749 1197 806 1228; x_wconf 78' lang='grc' dir='ltr'>πῶς</span> <span class='ocrx_word' id='word_1_208' title='bbox 825 1197 879 1232; x_wconf 79' lang='grc' dir='ltr'>γὰρ</span> 
     </span>
    </p>
   </div>
   <div class='ocr_carea' id='block_1_27' title="bbox 87 1244 878 1280">
    <p class='ocr_par' dir='ltr' id='par_1_27' title="bbox 87 1244 878 1280">
     <span class='ocr_line' id='line_1_27' title="bbox 87 1244 878 1280; baseline -0.001 -10"><span class='ocrx_word' id='word_1_209' title='bbox 87 1245 119 1271; x_wconf 85' lang='grc' dir='ltr'>ἄν</span> <span class='ocrx_word' id='word_1_210' title='bbox 134 1253 175 1276; x_wconf 84' lang='grc' dir='ltr'><strong>τις</strong></span> <span class='ocrx_word' id='word_1_211' title='bbox 185 1245 219 1270; x_wconf 83' lang='grc' dir='ltr'>δι’</span> <span class='ocrx_word' id='word_1_212' title='bbox 229 1245 381 1279; x_wconf 71' lang='grc' dir='ltr'>αἰσθήσεως</span> <span class='ocrx_word' id='word_1_213' title='bbox 396 1245 444 1271; x_wconf 77' lang='grc' dir='ltr'>ἴδοι</span> <span class='ocrx_word' id='word_1_214' title='bbox 456 1245 485 1270; x_wconf 71' lang='grc' dir='ltr'>τὸ</span> <span class='ocrx_word' id='word_1_215' title='bbox 497 1244 548 1276; x_wconf 75' lang='grc' dir='ltr'><strong>ἔξω</strong></span> <span class='ocrx_word' id='word_1_216' title='bbox 563 1244 612 1279; x_wconf 85' lang='grc' dir='ltr'>τῆς</span> <span class='ocrx_word' id='word_1_217' title='bbox 628 1245 793 1280; x_wconf 74' lang='grc' dir='ltr'>αίσθήσεως;</span> <span class='ocrx_word' id='word_1_218' title='bbox 811 1244 878 1278; x_wconf 76' lang='grc' dir='ltr'><strong>Ἀμ-</strong></span> 
     </span>
    </p>
   </div>
   <div class='ocr_carea' id='block_1_28' title="bbox 88 1288 878 1325">
    <p class='ocr_par' dir='ltr' id='par_1_28' title="bbox 88 1288 878 1325">
     <span class='ocr_line' id='line_1_28' title="bbox 88 1288 878 1325; baseline -0.001 -10"><span class='ocrx_word' id='word_1_219' title='bbox 88 1289 212 1325; x_wconf 64' lang='grc' dir='ltr'>φοτέρων</span> <span class='ocrx_word' id='word_1_220' title='bbox 222 1289 310 1316; x_wconf 80' lang='grc' dir='ltr'>τοίνυν</span> <span class='ocrx_word' id='word_1_221' title='bbox 321 1289 374 1315; x_wconf 86' lang='grc' dir='ltr'><strong>τῶν</strong></span> <span class='ocrx_word' id='word_1_222' title='bbox 386 1289 451 1324; x_wconf 85' lang='grc' dir='ltr'>βίων</span> <span class='ocrx_word' id='word_1_223' title='bbox 461 1289 560 1324; x_wconf 79' lang='grc' dir='ltr'>ὁμοίως</span> <span class='ocrx_word' id='word_1_224' title='bbox 571 1289 770 1324; x_wconf 81' lang='grc' dir='ltr'>ἀγνοουμένων,</span> <span class='ocrx_word' id='word_1_225' title='bbox 783 1288 878 1314; x_wconf 78' lang='grc' dir='ltr'>τούτου</span> 
     </span>
    </p>
   </div>
   <div class='ocr_carea' id='block_1_29' title="bbox 89 1334 877 1371">
    <p class='ocr_par' dir='ltr' id='par_1_29' title="bbox 89 1334 877 1371">
     <span class='ocr_line' id='line_1_29' title="bbox 89 1334 877 1371; baseline -0.001 -10"><span class='ocrx_word' id='word_1_226' title='bbox 89 1335 138 1370; x_wconf 77' lang='grc' dir='ltr'>μὲν</span> <span class='ocrx_word' id='word_1_227' title='bbox 154 1335 198 1362; x_wconf 78' lang='grc' dir='ltr'>διὰ</span> <span class='ocrx_word' id='word_1_228' title='bbox 212 1335 242 1361; x_wconf 79' lang='grc' dir='ltr'><strong>τὸ</strong></span> <span class='ocrx_word' id='word_1_229' title='bbox 257 1335 324 1371; x_wconf 81' lang='grc' dir='ltr'>πρὸς</span> <span class='ocrx_word' id='word_1_230' title='bbox 339 1335 416 1370; x_wconf 84' lang='grc' dir='ltr'>μόνον</span> <span class='ocrx_word' id='word_1_231' title='bbox 438 1336 468 1362; x_wconf 91' lang='grc' dir='ltr'><strong>τὸ</strong></span> <span class='ocrx_word' id='word_1_232' title='bbox 483 1335 643 1370; x_wconf 79' lang='grc' dir='ltr'>φαινόμενον</span> <span class='ocrx_word' id='word_1_233' title='bbox 665 1334 773 1369; x_wconf 78' lang='grc' dir='ltr'>βλέπειν</span> <span class='ocrx_word' id='word_1_234' title='bbox 789 1335 859 1368; x_wconf 76' lang='grc' dir='ltr'>ὑμᾶς</span> <span class='ocrx_word' id='word_1_235' title='bbox 870 1342 877 1350; x_wconf 81' lang='grc'><em>’</em></span> 
     </span>
    </p>
   </div>
   <div class='ocr_carea' id='block_1_30' title="bbox 88 1380 879 1416">
    <p class='ocr_par' dir='ltr' id='par_1_30' title="bbox 88 1380 879 1416">
     <span class='ocr_line' id='line_1_30' title="bbox 88 1380 879 1416; baseline 0 -10"><span class='ocrx_word' id='word_1_236' title='bbox 88 1380 194 1407; x_wconf 78' lang='grc' dir='ltr'>ἐκείνου</span> <span class='ocrx_word' id='word_1_237' title='bbox 209 1380 247 1412; x_wconf 80' lang='grc' dir='ltr'><strong>δὲ,</strong></span> <span class='ocrx_word' id='word_1_238' title='bbox 268 1381 311 1408; x_wconf 85' lang='grc' dir='ltr'>διὰ</span> <span class='ocrx_word' id='word_1_239' title='bbox 328 1381 358 1407; x_wconf 81' lang='grc' dir='ltr'>τὸ</span> <span class='ocrx_word' id='word_1_240' title='bbox 376 1381 414 1416; x_wconf 86' lang='grc' dir='ltr'>μὴ</span> <span class='ocrx_word' id='word_1_241' title='bbox 428 1381 613 1407; x_wconf 79' lang='grc' dir='ltr'>καθικνεῖσθαι</span> <span class='ocrx_word' id='word_1_242' title='bbox 631 1380 679 1416; x_wconf 87' lang='grc' dir='ltr'>τὴν</span> <span class='ocrx_word' id='word_1_243' title='bbox 692 1381 827 1416; x_wconf 77' lang='grc' dir='ltr'>αἴσθησιν.</span> <span class='ocrx_word' id='word_1_244' title='bbox 847 1380 879 1406; x_wconf 87' lang='grc' dir='ltr'>Τί</span> 
     </span>
    </p>
   </div>
   <div class='ocr_carea' id='block_1_31' title="bbox 88 1426 880 1463">
    <p class='ocr_par' dir='ltr' id='par_1_31' title="bbox 88 1426 880 1463">
     <span class='ocr_line' id='line_1_31' title="bbox 88 1426 880 1463; baseline 0 -11"><span class='ocrx_word' id='word_1_245' title='bbox 88 1427 253 1458; x_wconf 75' lang='grc' dir='ltr'>πεπόνθατε,</span> <span class='ocrx_word' id='word_1_246' title='bbox 263 1427 410 1463; x_wconf 83' lang='grc' dir='ltr'>ἄνθρωποι,</span> <span class='ocrx_word' id='word_1_247' title='bbox 421 1427 516 1453; x_wconf 85' lang='grc' dir='ltr'>τούτου</span> <span class='ocrx_word' id='word_1_248' title='bbox 533 1427 581 1462; x_wconf 77' lang='grc' dir='ltr'>μὲν</span> <span class='ocrx_word' id='word_1_249' title='bbox 593 1427 630 1458; x_wconf 82' lang='grc' dir='ltr'>ὡς</span> <span class='ocrx_word' id='word_1_250' title='bbox 643 1427 745 1461; x_wconf 77' lang='grc' dir='ltr'>ἀγαθοῦ</span> <span class='ocrx_word' id='word_1_251' title='bbox 758 1426 880 1462; x_wconf 77' lang='grc' dir='ltr'>περιεχό-</span> 
     </span>
    </p>
   </div>
   <div class='ocr_carea' id='block_1_32' title="bbox 788 43 1025 72">
    <p class='ocr_par' dir='ltr' id='par_1_32' title="bbox 788 43 1025 72">
     <span class='ocr_line' id='line_1_32' title="bbox 788 43 1025 72; baseline 0.004 -3"><span class='ocrx_word' id='word_1_252' title='bbox 788 44 832 70; x_wconf 86' lang='lat' dir='ltr'><strong>DE</strong></span> <span class='ocrx_word' id='word_1_253' title='bbox 859 43 1025 72; x_wconf 76' lang='lat' dir='ltr'><strong>MORTUIS.</strong></span> 
     </span>
    </p>
   </div>
   <div class='ocr_carea' id='block_1_33' title="bbox 1677 45 1728 72">
    <p class='ocr_par' dir='ltr' id='par_1_33' title="bbox 1677 45 1728 72">
     <span class='ocr_line' id='line_1_33' title="bbox 1677 45 1728 72; baseline 0 0"><span class='ocrx_word' id='word_1_254' title='bbox 1677 45 1728 72; x_wconf 70' lang='lat' dir='ltr'><strong>5H</strong></span> 
     </span>
    </p>
   </div>
   <div class='ocr_carea' id='block_1_34' title="bbox 904 101 1727 137">
    <p class='ocr_par' dir='ltr' id='par_1_34' title="bbox 904 101 1727 137">
     <span class='ocr_line' id='line_1_34' title="bbox 904 101 1727 137; baseline 0.001 -8"><span class='ocrx_word' id='word_1_255' title='bbox 904 108 924 134; x_wconf 76' lang='grc' dir='ltr'><strong>Α</strong></span> <span class='ocrx_word' id='word_1_256' title='bbox 941 103 1089 133; x_wconf 84' lang='lat' dir='ltr'><strong>borabant,</strong></span> <span class='ocrx_word' id='word_1_257' title='bbox 1109 109 1155 136; x_wconf 87' lang='lat' dir='ltr'><strong>per</strong></span> <span class='ocrx_word' id='word_1_258' title='bbox 1173 102 1257 128; x_wconf 90' lang='lat' dir='ltr'><strong>otium</strong></span> <span class='ocrx_word' id='word_1_259' title='bbox 1283 102 1471 137; x_wconf 81' lang='lat' dir='ltr'><strong>recuperatis,</strong></span> <span class='ocrx_word' id='word_1_260' title='bbox 1489 109 1582 129; x_wconf 84' lang='lat' dir='ltr'><strong>secum</strong></span> <span class='ocrx_word' id='word_1_261' title='bbox 1611 101 1669 136; x_wconf 86' lang='lat' dir='ltr'><strong>ipse</strong></span> <span class='ocrx_word' id='word_1_262' title='bbox 1686 103 1727 129; x_wconf 90' lang='lat' dir='ltr'><strong>vi-</strong></span> 
     </span>
    </p>
   </div>
   <div class='ocr_carea' id='block_1_35' title="bbox 939 147 1727 183">
    <p class='ocr_par' dir='ltr' id='par_1_35' title="bbox 939 147 1727 183">
     <span class='ocr_line' id='line_1_35' title="bbox 939 147 1727 183; baseline 0.001 -10"><span class='ocrx_word' id='word_1_263' title='bbox 939 149 987 174; x_wconf 92' lang='lat' dir='ltr'><strong>vit.</strong></span> <span class='ocrx_word' id='word_1_264' title='bbox 1001 147 1049 174; x_wconf 83' lang='lat' dir='ltr'><strong>llis</strong></span> <span class='ocrx_word' id='word_1_265' title='bbox 1066 147 1149 181; x_wconf 67' lang='lat' dir='ltr'><strong>igitur</strong></span> <span class='ocrx_word' id='word_1_266' title='bbox 1167 155 1244 174; x_wconf 88' lang='lat' dir='ltr'><strong>meus</strong></span> <span class='ocrx_word' id='word_1_267' title='bbox 1257 154 1287 173; x_wconf 89' lang='lat' dir='ltr'><strong>ac</strong></span> <span class='ocrx_word' id='word_1_268' title='bbox 1303 147 1441 175; x_wconf 81' lang='lat' dir='ltr'><strong>similibus</strong></span> <span class='ocrx_word' id='word_1_269' title='bbox 1459 147 1549 174; x_wconf 78' lang='lat' dir='ltr'><strong>verbis</strong></span> <span class='ocrx_word' id='word_1_270' title='bbox 1567 148 1594 174; x_wconf 92' lang='lat' dir='ltr'><strong>in</strong></span> <span class='ocrx_word' id='word_1_271' title='bbox 1611 155 1727 183; x_wconf 87' lang='lat' dir='ltr'><strong>corpore</strong></span> 
     </span>
    </p>
   </div>
   <div class='ocr_carea' id='block_1_36' title="bbox 939 192 1727 227">
    <p class='ocr_par' dir='ltr' id='par_1_36' title="bbox 939 192 1727 227">
     <span class='ocr_line' id='line_1_36' title="bbox 939 192 1727 227; baseline 0.004 -9"><span class='ocrx_word' id='word_1_272' title='bbox 939 194 1061 219; x_wconf 81' lang='lat' dir='ltr'><strong>viventes</strong></span> <span class='ocrx_word' id='word_1_273' title='bbox 1077 192 1224 226; x_wconf 72' lang='lat' dir='ltr'><strong>alloquitur</strong></span> <span class='ocrx_word' id='word_1_274' title='bbox 1235 213 1242 224; x_wconf 90' lang='lat'><strong>,</strong></span> <span class='ocrx_word' id='word_1_275' title='bbox 1265 192 1401 227; x_wconf 88' lang='lat' dir='ltr'><strong>talemque</strong></span> <span class='ocrx_word' id='word_1_276' title='bbox 1415 192 1613 227; x_wconf 83' lang='lat' dir='ltr'><strong>propemodum</strong></span> <span class='ocrx_word' id='word_1_277' title='bbox 1631 201 1727 221; x_wconf 81' lang='lat' dir='ltr'><strong>vocem</strong></span> 
     </span>
    </p>
   </div>
   <div class='ocr_carea' id='block_1_37' title="bbox 938 237 1729 273">
    <p class='ocr_par' dir='ltr' id='par_1_37' title="bbox 938 237 1729 273">
     <span class='ocr_line' id='line_1_37' title="bbox 938 237 1729 273; baseline 0.003 -9"><span class='ocrx_word' id='word_1_278' title='bbox 938 239 1065 265; x_wconf 88' lang='lat' dir='ltr'><strong>cmittens</strong></span> <span class='ocrx_word' id='word_1_279' title='bbox 1079 247 1085 265; x_wconf 90' lang='lat'>:</span> <span class='ocrx_word' id='word_1_280' title='bbox 1105 237 1160 265; x_wconf 77' lang='lat' dir='ltr'><strong>Vos</strong></span> <span class='ocrx_word' id='word_1_281' title='bbox 1174 257 1180 268; x_wconf 84' lang='grc'><em>.</em></span> <span class='ocrx_word' id='word_1_282' title='bbox 1196 238 1299 272; x_wconf 85' lang='lat' dir='ltr'><strong>inquit,</strong></span> <span class='ocrx_word' id='word_1_283' title='bbox 1318 238 1444 265; x_wconf 83' lang='lat' dir='ltr'><strong>homines</strong></span> <span class='ocrx_word' id='word_1_284' title='bbox 1455 258 1462 271; x_wconf 88' lang='lat'><strong>,</strong></span> <span class='ocrx_word' id='word_1_285' title='bbox 1480 246 1529 266; x_wconf 90' lang='lat' dir='ltr'><strong>nec</strong></span> <span class='ocrx_word' id='word_1_286' title='bbox 1542 239 1623 273; x_wconf 85' lang='lat' dir='ltr'><strong>plane</strong></span> <span class='ocrx_word' id='word_1_287' title='bbox 1638 241 1729 266; x_wconf 76' lang='lat' dir='ltr'><strong>nostis</strong></span> 
     </span>
    </p>
   </div>
   <div class='ocr_carea' id='block_1_38' title="bbox 938 284 1725 318">
    <p class='ocr_par' dir='ltr' id='par_1_38' title="bbox 938 284 1725 318">
     <span class='ocr_line' id='line_1_38' title="bbox 938 284 1725 318; baseline 0.001 -7"><span class='ocrx_word' id='word_1_288' title='bbox 938 285 1048 311; x_wconf 91' lang='lat' dir='ltr'><strong>ubinam</strong></span> <span class='ocrx_word' id='word_1_289' title='bbox 1067 284 1150 316; x_wconf 83' lang='lat' dir='ltr'><strong>sitis;</strong></span> <span class='ocrx_word' id='word_1_290' title='bbox 1169 288 1213 315; x_wconf 93' lang='lat' dir='ltr'><strong>et,</strong></span> <span class='ocrx_word' id='word_1_291' title='bbox 1241 291 1296 318; x_wconf 90' lang='lat' dir='ltr'><strong>quo</strong></span> <span class='ocrx_word' id='word_1_292' title='bbox 1318 284 1546 318; x_wconf 82' lang='lat' dir='ltr'><strong>proﬁciscendum</strong></span> <span class='ocrx_word' id='word_1_293' title='bbox 1573 284 1610 312; x_wconf 89' lang='lat' dir='ltr'><strong>sit</strong></span> <span class='ocrx_word' id='word_1_294' title='bbox 1628 285 1725 317; x_wconf 81' lang='lat' dir='ltr'><strong>vobis,</strong></span> 
     </span>
    </p>
   </div>
   <div class='ocr_carea' id='block_1_39' title="bbox 938 328 1723 373">
    <p class='ocr_par' dir='ltr' id='par_1_39' title="bbox 938 328 1723 373">
     <span class='ocr_line' id='line_1_39' title="bbox 938 328 1723 373; baseline 0 -17"><span class='ocrx_word' id='word_1_295' title='bbox 938 329 1060 356; x_wconf 84' lang='lat' dir='ltr'><strong>nondum</strong></span> <span class='ocrx_word' id='word_1_296' title='bbox 1077 328 1249 364; x_wconf 80' lang='lat' dir='ltr'><strong>intelligitis:</strong></span> <span class='ocrx_word' id='word_1_297' title='bbox 1271 337 1339 373; x_wconf 63' lang='lat' dir='ltr'><strong>nam.</strong></span> <span class='ocrx_word' id='word_1_298' title='bbox 1347 332 1373 355; x_wconf 82' lang='lat' dir='ltr'><strong>et</strong></span> <span class='ocrx_word' id='word_1_299' title='bbox 1387 336 1493 360; x_wconf 89' lang='lat' dir='ltr'><strong>eorum,</strong></span> <span class='ocrx_word' id='word_1_300' title='bbox 1511 337 1571 363; x_wconf 71' lang='lat' dir='ltr'><strong>qua:</strong></span> <span class='ocrx_word' id='word_1_301' title='bbox 1591 329 1635 356; x_wconf 90' lang='lat' dir='ltr'><strong>hic</strong></span> <span class='ocrx_word' id='word_1_302' title='bbox 1648 334 1723 360; x_wconf 88' lang='lat' dir='ltr'><strong>sunt.</strong></span> 
     </span>
    </p>
   </div>
   <div class='ocr_carea' id='block_1_40' title="bbox 936 374 1726 410">
    <p class='ocr_par' dir='ltr' id='par_1_40' title="bbox 936 374 1726 410">
     <span class='ocr_line' id='line_1_40' title="bbox 936 374 1726 410; baseline 0 -8"><span class='ocrx_word' id='word_1_303' title='bbox 936 379 1062 402; x_wconf 86' lang='lat' dir='ltr'><strong>naturam</strong></span> <span class='ocrx_word' id='word_1_304' title='bbox 1085 375 1160 401; x_wconf 87' lang='lat' dir='ltr'><strong>nulla</strong></span> <span class='ocrx_word' id='word_1_305' title='bbox 1184 374 1274 400; x_wconf 84' lang='lat' dir='ltr'><strong>adhuc</strong></span> <span class='ocrx_word' id='word_1_306' title='bbox 1305 374 1373 400; x_wconf 81' lang='lat' dir='ltr'><strong>ratio</strong></span> <span class='ocrx_word' id='word_1_307' title='bbox 1392 374 1479 408; x_wconf 89' lang='lat' dir='ltr'><strong>potuit</strong></span> <span class='ocrx_word' id='word_1_308' title='bbox 1506 375 1656 410; x_wconf 80' lang='lat' dir='ltr'><strong>indagare:</strong></span> <span class='ocrx_word' id='word_1_309' title='bbox 1674 375 1726 402; x_wconf 86' lang='lat' dir='ltr'><strong>ita-</strong></span> 
     </span>
    </p>
   </div>
   <div class='ocr_carea' id='block_1_41' title="bbox 935 419 1726 456">
    <p class='ocr_par' dir='ltr' id='par_1_41' title="bbox 935 419 1726 456">
     <span class='ocr_line' id='line_1_41' title="bbox 935 419 1726 456; baseline -0.003 -8"><span class='ocrx_word' id='word_1_310' title='bbox 935 429 988 456; x_wconf 90' lang='lat' dir='ltr'><strong>que</strong></span> <span class='ocrx_word' id='word_1_311' title='bbox 1013 421 1099 448; x_wconf 84' lang='lat' dir='ltr'><strong>solum</strong></span> <span class='ocrx_word' id='word_1_312' title='bbox 1127 420 1232 447; x_wconf 77' lang='lat' dir='ltr'><strong>vivendi</strong></span> <span class='ocrx_word' id='word_1_313' title='bbox 1264 419 1490 446; x_wconf 78' lang='lat' dir='ltr'><strong>consuetudinem</strong></span> <span class='ocrx_word' id='word_1_314' title='bbox 1509 419 1655 454; x_wconf 86' lang='lat' dir='ltr'><strong>spectatis,</strong></span> <span class='ocrx_word' id='word_1_315' title='bbox 1675 427 1726 446; x_wconf 85' lang='lat' dir='ltr'><strong>nec</strong></span> 
     </span>
    </p>
   </div>
   <div class='ocr_carea' id='block_1_42' title="bbox 936 465 1725 500">
    <p class='ocr_par' dir='ltr' id='par_1_42' title="bbox 936 465 1725 500">
     <span class='ocr_line' id='line_1_42' title="bbox 936 465 1725 500; baseline -0.003 -6"><span class='ocrx_word' id='word_1_316' title='bbox 936 467 1089 500; x_wconf 69' lang='lat' dir='ltr'><strong>intelligere</strong></span> <span class='ocrx_word' id='word_1_317' title='bbox 1105 466 1219 500; x_wconf 80' lang='lat' dir='ltr'><strong>potestis</strong></span> <span class='ocrx_word' id='word_1_318' title='bbox 1231 486 1237 497; x_wconf 93' lang='lat'><strong>,</strong></span> <span class='ocrx_word' id='word_1_319' title='bbox 1257 473 1316 500; x_wconf 72' lang='lat' dir='ltr'><strong>qua:</strong></span> <span class='ocrx_word' id='word_1_320' title='bbox 1334 465 1370 491; x_wconf 86' lang='lat' dir='ltr'><strong>sit</strong></span> <span class='ocrx_word' id='word_1_321' title='bbox 1392 465 1516 500; x_wconf 86' lang='lat' dir='ltr'><strong>corporis</strong></span> <span class='ocrx_word' id='word_1_322' title='bbox 1533 469 1632 492; x_wconf 82' lang='lat' dir='ltr'><strong>natura</strong></span> <span class='ocrx_word' id='word_1_323' title='bbox 1646 474 1652 492; x_wconf 89' lang='lat'>:</span> <span class='ocrx_word' id='word_1_324' title='bbox 1665 473 1725 500; x_wconf 77' lang='lat' dir='ltr'><strong>qua:</strong></span> 
     </span>
    </p>
   </div>
   <div class='ocr_carea' id='block_1_43' title="bbox 935 510 1725 546">
    <p class='ocr_par' dir='ltr' id='par_1_43' title="bbox 935 510 1725 546">
     <span class='ocr_line' id='line_1_43' title="bbox 935 510 1725 546; baseline -0.003 -7"><span class='ocrx_word' id='word_1_325' title='bbox 935 519 1066 539; x_wconf 85' lang='lat' dir='ltr'><strong>sensuum</strong></span> <span class='ocrx_word' id='word_1_326' title='bbox 1081 511 1140 538; x_wconf 86' lang='lat' dir='ltr'><strong>vis:</strong></span> <span class='ocrx_word' id='word_1_327' title='bbox 1158 519 1219 546; x_wconf 69' lang='lat' dir='ltr'><strong>quae</strong></span> <span class='ocrx_word' id='word_1_328' title='bbox 1239 510 1440 542; x_wconf 79' lang='lat' dir='ltr'><strong>membrorum,</strong></span> <span class='ocrx_word' id='word_1_329' title='bbox 1459 510 1560 545; x_wconf 87' lang='lat' dir='ltr'><strong>quibus</strong></span> <span class='ocrx_word' id='word_1_330' title='bbox 1578 513 1608 537; x_wconf 85' lang='lat' dir='ltr'><strong>ut</strong></span> <span class='ocrx_word' id='word_1_331' title='bbox 1622 511 1725 538; x_wconf 87' lang='lat' dir='ltr'><strong>instru-</strong></span> 
     </span>
    </p>
   </div>
   <div class='ocr_carea' id='block_1_44' title="bbox 935 557 1724 592">
    <p class='ocr_par' dir='ltr' id='par_1_44' title="bbox 935 557 1724 592">
     <span class='ocr_line' id='line_1_44' title="bbox 935 557 1724 592; baseline -0.003 -8"><span class='ocrx_word' id='word_1_332' title='bbox 935 558 1033 584; x_wconf 79' lang='lat' dir='ltr'><strong>mentis</strong></span> <span class='ocrx_word' id='word_1_333' title='bbox 1049 557 1174 588; x_wconf 88' lang='lat' dir='ltr'><strong>utimini,</strong></span> <span class='ocrx_word' id='word_1_334' title='bbox 1204 561 1343 584; x_wconf 88' lang='lat' dir='ltr'><strong>structura</strong></span> <span class='ocrx_word' id='word_1_335' title='bbox 1359 566 1365 583; x_wconf 90' lang='lat'><strong>:</strong></span> <span class='ocrx_word' id='word_1_336' title='bbox 1383 564 1444 591; x_wconf 65' lang='lat' dir='ltr'><strong>qua:</strong></span> <span class='ocrx_word' id='word_1_337' title='bbox 1460 563 1606 584; x_wconf 88' lang='lat' dir='ltr'><strong>nervorum</strong></span> <span class='ocrx_word' id='word_1_338' title='bbox 1627 563 1676 592; x_wconf 89' lang='lat' dir='ltr'><strong>per</strong></span> <span class='ocrx_word' id='word_1_339' title='bbox 1695 563 1724 583; x_wconf 89' lang='lat' dir='ltr'><strong>se</strong></span> 
     </span>
    </p>
   </div>
   <div class='ocr_carea' id='block_1_45' title="bbox 935 601 1723 638">
    <p class='ocr_par' dir='ltr' id='par_1_45' title="bbox 935 601 1723 638">
     <span class='ocr_line' id='line_1_45' title="bbox 935 601 1723 638; baseline -0.001 -8"><span class='ocrx_word' id='word_1_340' title='bbox 935 605 1100 631; x_wconf 76' lang='lat' dir='ltr'><strong>moventium</strong></span> <span class='ocrx_word' id='word_1_341' title='bbox 1121 604 1208 635; x_wconf 87' lang='lat' dir='ltr'><strong>actio,</strong></span> <span class='ocrx_word' id='word_1_342' title='bbox 1232 611 1287 638; x_wconf 92' lang='lat' dir='ltr'><strong>quo</strong></span> <span class='ocrx_word' id='word_1_343' title='bbox 1302 603 1382 629; x_wconf 82' lang='lat' dir='ltr'><strong>motio</strong></span> <span class='ocrx_word' id='word_1_344' title='bbox 1403 610 1509 635; x_wconf 82' lang='lat' dir='ltr'><strong>eorum,</strong></span> <span class='ocrx_word' id='word_1_345' title='bbox 1529 610 1589 636; x_wconf 76' lang='lat' dir='ltr'><strong>qua:</strong></span> <span class='ocrx_word' id='word_1_346' title='bbox 1600 602 1628 629; x_wconf 93' lang='lat' dir='ltr'><strong>in</strong></span> <span class='ocrx_word' id='word_1_347' title='bbox 1643 601 1723 629; x_wconf 81' lang='lat' dir='ltr'><strong>nobis</strong></span> 
     </span>
    </p>
   </div>
   <div class='ocr_carea' id='block_1_46' title="bbox 934 646 1722 680">
    <p class='ocr_par' dir='ltr' id='par_1_46' title="bbox 934 646 1722 680">
     <span class='ocr_line' id='line_1_46' title="bbox 934 646 1722 680; baseline -0.003 -5"><span class='ocrx_word' id='word_1_348' title='bbox 934 654 1008 680; x_wconf 84' lang='lat' dir='ltr'><strong>sunt,</strong></span> <span class='ocrx_word' id='word_1_349' title='bbox 1024 648 1096 675; x_wconf 81' lang='lat' dir='ltr'><strong>aliud</strong></span> <span class='ocrx_word' id='word_1_350' title='bbox 1110 649 1136 675; x_wconf 95' lang='lat' dir='ltr'><strong>in</strong></span> <span class='ocrx_word' id='word_1_351' title='bbox 1150 648 1222 676; x_wconf 89' lang='lat' dir='ltr'><strong>ossis</strong></span> <span class='ocrx_word' id='word_1_352' title='bbox 1236 652 1373 680; x_wconf 84' lang='lat' dir='ltr'><strong>naturam,</strong></span> <span class='ocrx_word' id='word_1_353' title='bbox 1385 647 1457 674; x_wconf 83' lang='lat' dir='ltr'><strong>aliud</strong></span> <span class='ocrx_word' id='word_1_354' title='bbox 1472 648 1499 674; x_wconf 90' lang='lat' dir='ltr'><strong>in</strong></span> <span class='ocrx_word' id='word_1_355' title='bbox 1516 647 1636 674; x_wconf 90' lang='lat' dir='ltr'><strong>lucidum</strong></span> <span class='ocrx_word' id='word_1_356' title='bbox 1649 646 1722 674; x_wconf 90' lang='lat' dir='ltr'><strong>oculi</strong></span> 
     </span>
    </p>
   </div>
   <div class='ocr_carea' id='block_1_47' title="bbox 933 688 1723 728">
    <p class='ocr_par' dir='ltr' id='par_1_47' title="bbox 933 688 1723 728">
     <span class='ocr_line' id='line_1_47' title="bbox 933 688 1723 728; baseline -0.003 -8"><span class='ocrx_word' id='word_1_357' title='bbox 933 688 1120 728; x_wconf 44' lang='lat' dir='ltr'><strong>splendorem&#39;</strong></span> <span class='ocrx_word' id='word_1_358' title='bbox 1139 693 1292 726; x_wconf 79' lang='lat' dir='ltr'><strong>coalescat;</strong></span> <span class='ocrx_word' id='word_1_359' title='bbox 1321 699 1375 727; x_wconf 90' lang='lat' dir='ltr'><strong>quo</strong></span> <span class='ocrx_word' id='word_1_360' title='bbox 1399 692 1480 719; x_wconf 90' lang='lat' dir='ltr'><strong>modo</strong></span> <span class='ocrx_word' id='word_1_361' title='bbox 1503 691 1626 726; x_wconf 86' lang='lat' dir='ltr'><strong>ejusdem</strong></span> <span class='ocrx_word' id='word_1_362' title='bbox 1650 692 1723 723; x_wconf 89' lang='lat' dir='ltr'><strong>cibi,</strong></span> 
     </span>
    </p>
   </div>
   <div class='ocr_carea' id='block_1_48' title="bbox 933 738 1724 776">
    <p class='ocr_par' dir='ltr' id='par_1_48' title="bbox 933 738 1724 776">
     <span class='ocr_line' id='line_1_48' title="bbox 933 738 1724 776; baseline -0.004 -9"><span class='ocrx_word' id='word_1_363' title='bbox 933 744 1073 776; x_wconf 80' lang='lat' dir='ltr'><strong>potusque</strong></span> <span class='ocrx_word' id='word_1_364' title='bbox 1090 747 1154 774; x_wconf 82' lang='lat' dir='ltr'><strong>pars</strong></span> <span class='ocrx_word' id='word_1_365' title='bbox 1167 744 1332 766; x_wconf 69' lang='lat' dir='ltr'><strong>extenuetur</strong></span> <span class='ocrx_word' id='word_1_366' title='bbox 1344 739 1371 766; x_wconf 91' lang='lat' dir='ltr'><strong>in</strong></span> <span class='ocrx_word' id='word_1_367' title='bbox 1387 739 1499 772; x_wconf 86' lang='lat' dir='ltr'><strong>capillos</strong></span> <span class='ocrx_word' id='word_1_368' title='bbox 1511 759 1518 771; x_wconf 89' lang='lat'><strong>,</strong></span> <span class='ocrx_word' id='word_1_369' title='bbox 1540 746 1603 773; x_wconf 82' lang='lat' dir='ltr'><strong>pars</strong></span> <span class='ocrx_word' id='word_1_370' title='bbox 1625 738 1653 764; x_wconf 88' lang='lat' dir='ltr'><strong>in</strong></span> <span class='ocrx_word' id='word_1_371' title='bbox 1673 746 1724 764; x_wconf 85' lang='lat' dir='ltr'><strong>tnt-</strong></span> 
     </span>
    </p>
   </div>
   <div class='ocr_carea' id='block_1_49' title="bbox 899 784 1719 822">
    <p class='ocr_par' dir='ltr' id='par_1_49' title="bbox 899 784 1719 822">
     <span class='ocr_line' id='line_1_49' title="bbox 899 784 1719 822; baseline -0.009 -7"><span class='ocrx_word' id='word_1_372' title='bbox 899 787 1000 822; x_wconf 79' lang='lat' dir='ltr'><strong>Bgitcs</strong></span> <span class='ocrx_word' id='word_1_373' title='bbox 1020 788 1052 812; x_wconf 81' lang='lat' dir='ltr'><strong>ad</strong></span> <span class='ocrx_word' id='word_1_374' title='bbox 1082 792 1206 812; x_wconf 89' lang='lat' dir='ltr'><strong>summos</strong></span> <span class='ocrx_word' id='word_1_375' title='bbox 1234 785 1334 820; x_wconf 75' lang='lat' dir='ltr'><strong>digitos</strong></span> <span class='ocrx_word' id='word_1_376' title='bbox 1358 784 1507 816; x_wconf 71' lang='lat' dir='ltr'><strong>dilatetur;</strong></span> <span class='ocrx_word' id='word_1_377' title='bbox 1537 792 1591 818; x_wconf 89' lang='lat' dir='ltr'><strong>quo</strong></span> <span class='ocrx_word' id='word_1_378' title='bbox 1619 784 1719 814; x_wconf 83' lang='lat' dir='ltr'><strong>modo,</strong></span> 
     </span>
    </p>
   </div>
   <div class='ocr_carea' id='block_1_50' title="bbox 935 830 1724 868">
    <p class='ocr_par' dir='ltr' id='par_1_50' title="bbox 935 830 1724 868">
     <span class='ocr_line' id='line_1_50' title="bbox 935 830 1724 868; baseline -0.006 -8"><span class='ocrx_word' id='word_1_379' title='bbox 935 833 981 868; x_wconf 90' lang='lat' dir='ltr'><strong>qni</strong></span> <span class='ocrx_word' id='word_1_380' title='bbox 1004 840 1110 866; x_wconf 82' lang='lat' dir='ltr'><strong>semper</strong></span> <span class='ocrx_word' id='word_1_381' title='bbox 1128 832 1153 858; x_wconf 92' lang='lat' dir='ltr'><strong>in</strong></span> <span class='ocrx_word' id='word_1_382' title='bbox 1173 831 1330 866; x_wconf 65' lang='lat' dir='ltr'><strong>praecordiis</strong></span> <span class='ocrx_word' id='word_1_383' title='bbox 1349 831 1426 857; x_wconf 90' lang='lat' dir='ltr'><strong>ardet</strong></span> <span class='ocrx_word' id='word_1_384' title='bbox 1443 831 1513 865; x_wconf 81' lang='lat' dir='ltr'><strong>ignis</strong></span> <span class='ocrx_word' id='word_1_385' title='bbox 1530 837 1578 865; x_wconf 88' lang='lat' dir='ltr'><strong>per</strong></span> <span class='ocrx_word' id='word_1_386' title='bbox 1608 830 1724 856; x_wconf 87' lang='lat' dir='ltr'><strong>arterias</strong></span> 
     </span>
    </p>
   </div>
   <div class='ocr_carea' id='block_1_51' title="bbox 937 875 1724 912">
    <p class='ocr_par' dir='ltr' id='par_1_51' title="bbox 937 875 1724 912">
     <span class='ocr_line' id='line_1_51' title="bbox 937 875 1724 912; baseline -0.005 -7"><span class='ocrx_word' id='word_1_387' title='bbox 937 879 964 905; x_wconf 93' lang='lat' dir='ltr'><strong>in</strong></span> <span class='ocrx_word' id='word_1_388' title='bbox 981 882 1068 905; x_wconf 89' lang='lat' dir='ltr'><strong>totum</strong></span> <span class='ocrx_word' id='word_1_389' title='bbox 1085 885 1185 912; x_wconf 83' lang='lat' dir='ltr'><strong>corpus</strong></span> <span class='ocrx_word' id='word_1_390' title='bbox 1199 881 1324 910; x_wconf 87' lang='lat' dir='ltr'><strong>emanet;</strong></span> <span class='ocrx_word' id='word_1_391' title='bbox 1342 876 1480 911; x_wconf 85' lang='lat' dir='ltr'><strong>quomodo</strong></span> <span class='ocrx_word' id='word_1_392' title='bbox 1496 875 1539 907; x_wconf 87' lang='lat' dir='ltr'><strong>id,</strong></span> <span class='ocrx_word' id='word_1_393' title='bbox 1566 875 1638 910; x_wconf 88' lang='lat' dir='ltr'><strong>quod</strong></span> <span class='ocrx_word' id='word_1_394' title='bbox 1653 875 1724 902; x_wconf 82' lang='lat' dir='ltr'><strong>bibi-</strong></span> 
     </span>
    </p>
   </div>
   <div class='ocr_carea' id='block_1_52' title="bbox 936 921 1724 958">
    <p class='ocr_par' dir='ltr' id='par_1_52' title="bbox 936 921 1724 958">
     <span class='ocr_line' id='line_1_52' title="bbox 936 921 1724 958; baseline -0.006 -7"><span class='ocrx_word' id='word_1_395' title='bbox 936 925 990 957; x_wconf 87' lang='lat' dir='ltr'><strong>tis,</strong></span> <span class='ocrx_word' id='word_1_396' title='bbox 1008 932 1070 951; x_wconf 93' lang='lat' dir='ltr'><strong>cum</strong></span> <span class='ocrx_word' id='word_1_397' title='bbox 1094 923 1128 950; x_wconf 85' lang='lat' dir='ltr'><strong>ad</strong></span> <span class='ocrx_word' id='word_1_398' title='bbox 1156 923 1240 958; x_wconf 86' lang='lat' dir='ltr'><strong>ltcpar</strong></span> <span class='ocrx_word' id='word_1_399' title='bbox 1262 922 1430 953; x_wconf 65' lang='lat' dir='ltr'><strong>accesserit,</strong></span> <span class='ocrx_word' id='word_1_400' title='bbox 1460 921 1577 956; x_wconf 87' lang='lat' dir='ltr'><strong>speciem</strong></span> <span class='ocrx_word' id='word_1_401' title='bbox 1606 921 1724 955; x_wconf 86' lang='lat' dir='ltr'><strong>qualita-</strong></span> 
     </span>
    </p>
   </div>
   <div class='ocr_carea' id='block_1_53' title="bbox 936 969 1721 1007">
    <p class='ocr_par' dir='ltr' id='par_1_53' title="bbox 936 969 1721 1007">
     <span class='ocr_line' id='line_1_53' title="bbox 936 969 1721 1007; baseline -0.006 -9"><span class='ocrx_word' id='word_1_402' title='bbox 936 977 1044 1007; x_wconf 89' lang='lat' dir='ltr'><strong>Iemqne</strong></span> <span class='ocrx_word' id='word_1_403' title='bbox 1075 976 1244 1002; x_wconf 86' lang='lat' dir='ltr'><strong>commutet,</strong></span> <span class='ocrx_word' id='word_1_404' title='bbox 1258 974 1284 997; x_wconf 90' lang='lat' dir='ltr'><strong>et</strong></span> <span class='ocrx_word' id='word_1_405' title='bbox 1301 969 1328 996; x_wconf 90' lang='lat' dir='ltr'><strong>in</strong></span> <span class='ocrx_word' id='word_1_406' title='bbox 1351 969 1516 1004; x_wconf 75' lang='lat' dir='ltr'><strong>sanguinem</strong></span> <span class='ocrx_word' id='word_1_407' title='bbox 1533 970 1721 995; x_wconf 80' lang='lat' dir='ltr'><strong>convertatur.</strong></span> 
     </span>
    </p>
   </div>
   <div class='ocr_carea' id='block_1_54' title="bbox 935 1013 1723 1049">
    <p class='ocr_par' dir='ltr' id='par_1_54' title="bbox 935 1013 1723 1049">
     <span class='ocr_line' id='line_1_54' title="bbox 935 1013 1723 1049; baseline -0.008 -5"><span class='ocrx_word' id='word_1_408' title='bbox 935 1018 1038 1044; x_wconf 84' lang='lat' dir='ltr'><strong>Horum</strong></span> <span class='ocrx_word' id='word_1_409' title='bbox 1055 1025 1103 1044; x_wconf 87' lang='lat' dir='ltr'><strong>vos</strong></span> <span class='ocrx_word' id='word_1_410' title='bbox 1114 1016 1236 1044; x_wconf 86' lang='lat' dir='ltr'><strong>omnium</strong></span> <span class='ocrx_word' id='word_1_411' title='bbox 1259 1016 1291 1042; x_wconf 89' lang='lat' dir='ltr'><strong>ad</strong></span> <span class='ocrx_word' id='word_1_412' title='bbox 1311 1015 1362 1042; x_wconf 89' lang='lat' dir='ltr'><strong>hoc</strong></span> <span class='ocrx_word' id='word_1_413' title='bbox 1380 1022 1467 1049; x_wconf 87' lang='lat' dir='ltr'><strong>usque</strong></span> <span class='ocrx_word' id='word_1_414' title='bbox 1480 1019 1588 1048; x_wconf 82' lang='lat' dir='ltr'><strong>tempus</strong></span> <span class='ocrx_word' id='word_1_415' title='bbox 1603 1013 1723 1048; x_wconf 79' lang='lat' dir='ltr'><strong>cognitio</strong></span> 
     </span>
    </p>
   </div>
   <div class='ocr_carea' id='block_1_55' title="bbox 935 1057 1722 1096">
    <p class='ocr_par' dir='ltr' id='par_1_55' title="bbox 935 1057 1722 1096">
     <span class='ocr_line' id='line_1_55' title="bbox 935 1057 1722 1096; baseline -0.01 -5"><span class='ocrx_word' id='word_1_416' title='bbox 935 1064 1015 1091; x_wconf 80' lang='lat' dir='ltr'><strong>latuit</strong></span> <span class='ocrx_word' id='word_1_417' title='bbox 1028 1083 1035 1095; x_wconf 89' lang='lat'><strong>,</strong></span> <span class='ocrx_word' id='word_1_418' title='bbox 1060 1067 1089 1090; x_wconf 93' lang='lat' dir='ltr'><strong>nt</strong></span> <span class='ocrx_word' id='word_1_419' title='bbox 1102 1070 1161 1090; x_wconf 87' lang='lat' dir='ltr'><strong>eam</strong></span> <span class='ocrx_word' id='word_1_420' title='bbox 1178 1062 1266 1096; x_wconf 81' lang='lat' dir='ltr'><strong>ipsam</strong></span> <span class='ocrx_word' id='word_1_421' title='bbox 1279 1080 1286 1092; x_wconf 87' lang='lat'><strong>,</strong></span> <span class='ocrx_word' id='word_1_422' title='bbox 1315 1060 1343 1086; x_wconf 92' lang='lat' dir='ltr'><strong>in</strong></span> <span class='ocrx_word' id='word_1_423' title='bbox 1356 1067 1410 1095; x_wconf 84' lang='lat' dir='ltr'><strong>qua</strong></span> <span class='ocrx_word' id='word_1_424' title='bbox 1439 1058 1588 1086; x_wconf 86' lang='lat' dir='ltr'><strong>versamini</strong></span> <span class='ocrx_word' id='word_1_425' title='bbox 1603 1078 1610 1090; x_wconf 91' lang='lat'><strong>,</strong></span> <span class='ocrx_word' id='word_1_426' title='bbox 1640 1057 1722 1084; x_wconf 86' lang='lat' dir='ltr'><strong>vitam</strong></span> 
     </span>
    </p>
   </div>
   <div class='ocr_carea' id='block_1_56' title="bbox 934 1105 1723 1145">
    <p class='ocr_par' dir='ltr' id='par_1_56' title="bbox 934 1105 1723 1145">
     <span class='ocr_line' id='line_1_56' title="bbox 934 1105 1723 1145; baseline -0.01 -7"><span class='ocrx_word' id='word_1_427' title='bbox 934 1110 1085 1145; x_wconf 78' lang='lat' dir='ltr'><strong>ignoretis,</strong></span> <span class='ocrx_word' id='word_1_428' title='bbox 1103 1109 1204 1136; x_wconf 89' lang='lat' dir='ltr'><strong>nedum</strong></span> <span class='ocrx_word' id='word_1_429' title='bbox 1229 1108 1302 1134; x_wconf 81' lang='lat' dir='ltr'><strong>illam</strong></span> <span class='ocrx_word' id='word_1_430' title='bbox 1319 1126 1327 1139; x_wconf 89' lang='lat'><strong>,</strong></span> <span class='ocrx_word' id='word_1_431' title='bbox 1345 1113 1405 1141; x_wconf 65' lang='lat' dir='ltr'><strong>quae</strong></span> <span class='ocrx_word' id='word_1_432' title='bbox 1433 1112 1448 1131; x_wconf 70' lang='grc' dir='ltr'><strong>τι</strong></span> <span class='ocrx_word' id='word_1_433' title='bbox 1466 1105 1594 1132; x_wconf 86' lang='lat' dir='ltr'><strong>sensibus</strong></span> <span class='ocrx_word' id='word_1_434' title='bbox 1619 1108 1661 1131; x_wconf 88' lang='lat' dir='ltr'><strong>est</strong></span> <span class='ocrx_word' id='word_1_435' title='bbox 1681 1111 1723 1130; x_wconf 88' lang='lat' dir='ltr'><strong>rc-</strong></span> 
     </span>
    </p>
   </div>
   <div class='ocr_carea' id='block_1_57' title="bbox 934 1150 1721 1187">
    <p class='ocr_par' dir='ltr' id='par_1_57' title="bbox 934 1150 1721 1187">
     <span class='ocr_line' id='line_1_57' title="bbox 934 1150 1721 1187; baseline -0.009 -5"><span class='ocrx_word' id='word_1_436' title='bbox 934 1157 1087 1183; x_wconf 78' lang='lat' dir='ltr'><strong>motissima</strong></span> <span class='ocrx_word' id='word_1_437' title='bbox 1098 1176 1105 1187; x_wconf 80' lang='lat'><strong>,</strong></span> <span class='ocrx_word' id='word_1_438' title='bbox 1123 1161 1185 1183; x_wconf 88' lang='lat' dir='ltr'><strong>cum</strong></span> <span class='ocrx_word' id='word_1_439' title='bbox 1201 1152 1329 1181; x_wconf 81' lang='lat' dir='ltr'><strong>sensibus</strong></span> <span class='ocrx_word' id='word_1_440' title='bbox 1341 1150 1484 1186; x_wconf 80' lang='lat' dir='ltr'><strong>conjuncti</strong></span> <span class='ocrx_word' id='word_1_441' title='bbox 1498 1157 1612 1178; x_wconf 86' lang='lat' dir='ltr'><strong>cernere</strong></span> <span class='ocrx_word' id='word_1_442' title='bbox 1629 1150 1721 1176; x_wconf 85' lang='lat' dir='ltr'><strong>valca-</strong></span> 
     </span>
    </p>
   </div>
   <div class='ocr_carea' id='block_1_58' title="bbox 934 1197 1723 1234">
    <p class='ocr_par' dir='ltr' id='par_1_58' title="bbox 934 1197 1723 1234">
     <span class='ocr_line' id='line_1_58' title="bbox 934 1197 1723 1234; baseline -0.006 -6"><span class='ocrx_word' id='word_1_443' title='bbox 934 1202 980 1229; x_wconf 86' lang='lat' dir='ltr'><strong>tis.</strong></span> <span class='ocrx_word' id='word_1_444' title='bbox 1015 1200 1161 1234; x_wconf 75' lang='lat' dir='ltr'><strong>Quomodo</strong></span> <span class='ocrx_word' id='word_1_445' title='bbox 1187 1200 1260 1227; x_wconf 87' lang='lat' dir='ltr'><strong>enim</strong></span> <span class='ocrx_word' id='word_1_446' title='bbox 1290 1199 1426 1234; x_wconf 81' lang='lat' dir='ltr'><strong>quispiam</strong></span> <span class='ocrx_word' id='word_1_447' title='bbox 1459 1205 1506 1232; x_wconf 86' lang='lat' dir='ltr'><strong>per</strong></span> <span class='ocrx_word' id='word_1_448' title='bbox 1537 1205 1666 1229; x_wconf 81' lang='lat' dir='ltr'><strong>sensum,</strong></span> <span class='ocrx_word' id='word_1_449' title='bbox 1697 1197 1723 1223; x_wconf 92' lang='lat' dir='ltr'><strong>id</strong></span> 
     </span>
    </p>
   </div>
   <div class='ocr_carea' id='block_1_59' title="bbox 933 1243 1725 1284">
    <p class='ocr_par' dir='ltr' id='par_1_59' title="bbox 933 1243 1725 1284">
     <span class='ocr_line' id='line_1_59' title="bbox 933 1243 1725 1284; baseline -0.006 -10"><span class='ocrx_word' id='word_1_450' title='bbox 933 1248 1008 1284; x_wconf 88' lang='lat' dir='ltr'><strong>quod</strong></span> <span class='ocrx_word' id='word_1_451' title='bbox 1024 1256 1108 1276; x_wconf 87' lang='lat' dir='ltr'><strong>sensu</strong></span> <span class='ocrx_word' id='word_1_452' title='bbox 1126 1247 1254 1282; x_wconf 86' lang='lat' dir='ltr'><strong>superius</strong></span> <span class='ocrx_word' id='word_1_453' title='bbox 1269 1249 1310 1273; x_wconf 88' lang='lat' dir='ltr'><strong>est</strong></span> <span class='ocrx_word' id='word_1_454' title='bbox 1321 1266 1328 1277; x_wconf 89' lang='lat'><strong>,</strong></span> <span class='ocrx_word' id='word_1_455' title='bbox 1345 1245 1518 1272; x_wconf 83' lang='lat' dir='ltr'><strong>intuebitur?</strong></span> <span class='ocrx_word' id='word_1_456' title='bbox 1535 1244 1657 1279; x_wconf 84' lang='lat' dir='ltr'><strong>Utraque</strong></span> <span class='ocrx_word' id='word_1_457' title='bbox 1677 1243 1725 1278; x_wconf 74' lang='lat' dir='ltr'><strong>igi-</strong></span> 
     </span>
    </p>
   </div>
   <div class='ocr_carea' id='block_1_60' title="bbox 935 1290 1722 1328">
    <p class='ocr_par' dir='ltr' id='par_1_60' title="bbox 935 1290 1722 1328">
     <span class='ocr_line' id='line_1_60' title="bbox 935 1290 1722 1328; baseline -0.006 -7"><span class='ocrx_word' id='word_1_458' title='bbox 935 1298 978 1321; x_wconf 87' lang='lat' dir='ltr'><strong>tur</strong></span> <span class='ocrx_word' id='word_1_459' title='bbox 995 1295 1050 1320; x_wconf 89' lang='lat' dir='ltr'><strong>vita</strong></span> <span class='ocrx_word' id='word_1_460' title='bbox 1065 1301 1078 1320; x_wconf 89' lang='lat' dir='ltr'><strong>a</strong></span> <span class='ocrx_word' id='word_1_461' title='bbox 1100 1294 1177 1320; x_wconf 83' lang='lat' dir='ltr'><strong>vobis</strong></span> <span class='ocrx_word' id='word_1_462' title='bbox 1193 1293 1296 1328; x_wconf 87' lang='lat' dir='ltr'><strong>pariter</strong></span> <span class='ocrx_word' id='word_1_463' title='bbox 1314 1293 1466 1327; x_wconf 82' lang='lat' dir='ltr'><strong>ignoratur,</strong></span> <span class='ocrx_word' id='word_1_464' title='bbox 1481 1295 1508 1318; x_wconf 91' lang='lat' dir='ltr'><strong>et</strong></span> <span class='ocrx_word' id='word_1_465' title='bbox 1524 1298 1643 1325; x_wconf 66' lang='lat' dir='ltr'><strong>prmsens</strong></span> <span class='ocrx_word' id='word_1_466' title='bbox 1656 1290 1722 1320; x_wconf 62' lang='lat' dir='ltr'><strong>haec,</strong></span> 
     </span>
    </p>
   </div>
   <div class='ocr_carea' id='block_1_61' title="bbox 934 1337 1724 1374">
    <p class='ocr_par' dir='ltr' id='par_1_61' title="bbox 934 1337 1724 1374">
     <span class='ocr_line' id='line_1_61' title="bbox 934 1337 1724 1374; baseline -0.004 -9"><span class='ocrx_word' id='word_1_467' title='bbox 934 1339 1062 1374; x_wconf 88' lang='lat' dir='ltr'><strong>quoniam</strong></span> <span class='ocrx_word' id='word_1_468' title='bbox 1081 1339 1106 1365; x_wconf 91' lang='lat' dir='ltr'><strong>id</strong></span> <span class='ocrx_word' id='word_1_469' title='bbox 1120 1339 1208 1366; x_wconf 90' lang='lat' dir='ltr'><strong>solum</strong></span> <span class='ocrx_word' id='word_1_470' title='bbox 1222 1359 1230 1371; x_wconf 90' lang='lat'><strong>,</strong></span> <span class='ocrx_word' id='word_1_471' title='bbox 1258 1337 1331 1373; x_wconf 89' lang='lat' dir='ltr'><strong>quod</strong></span> <span class='ocrx_word' id='word_1_472' title='bbox 1349 1341 1460 1372; x_wconf 84' lang='lat' dir='ltr'><strong>apparet</strong></span> <span class='ocrx_word' id='word_1_473' title='bbox 1476 1357 1483 1369; x_wconf 93' lang='lat'><strong>,</strong></span> <span class='ocrx_word' id='word_1_474' title='bbox 1514 1337 1669 1371; x_wconf 74' lang='lat' dir='ltr'><strong>inspicitis:</strong></span> <span class='ocrx_word' id='word_1_475' title='bbox 1698 1341 1724 1362; x_wconf 74' lang='lat' dir='ltr'><strong>et</strong></span> 
     </span>
    </p>
   </div>
   <div class='ocr_carea' id='block_1_62' title="bbox 934 1382 1724 1419">
    <p class='ocr_par' dir='ltr' id='par_1_62' title="bbox 934 1382 1724 1419">
     <span class='ocr_line' id='line_1_62' title="bbox 934 1382 1724 1419; baseline -0.006 -7"><span class='ocrx_word' id='word_1_476' title='bbox 934 1386 1021 1412; x_wconf 83' lang='lat' dir='ltr'><strong>altera</strong></span> <span class='ocrx_word' id='word_1_477' title='bbox 1033 1385 1078 1412; x_wconf 89' lang='lat' dir='ltr'><strong>illa</strong></span> <span class='ocrx_word' id='word_1_478' title='bbox 1093 1405 1100 1416; x_wconf 86' lang='lat'><strong>,</strong></span> <span class='ocrx_word' id='word_1_479' title='bbox 1117 1385 1181 1419; x_wconf 89' lang='lat' dir='ltr'><strong>quia</strong></span> <span class='ocrx_word' id='word_1_480' title='bbox 1201 1392 1299 1412; x_wconf 80' lang='lat' dir='ltr'><strong>sensus</strong></span> <span class='ocrx_word' id='word_1_481' title='bbox 1318 1384 1353 1411; x_wconf 86' lang='lat' dir='ltr'><strong>ad</strong></span> <span class='ocrx_word' id='word_1_482' title='bbox 1373 1391 1431 1411; x_wconf 87' lang='lat' dir='ltr'><strong>eam</strong></span> <span class='ocrx_word' id='word_1_483' title='bbox 1450 1382 1612 1418; x_wconf 75' lang='lat' dir='ltr'><strong>vestigando</strong></span> <span class='ocrx_word' id='word_1_484' title='bbox 1629 1389 1724 1416; x_wconf 88' lang='lat' dir='ltr'><strong>perve-</strong></span> 
     </span>
    </p>
   </div>
   <div class='ocr_carea' id='block_1_63' title="bbox 933 1428 1723 1466">
    <p class='ocr_par' dir='ltr' id='par_1_63' title="bbox 933 1428 1723 1466">
     <span class='ocr_line' id='line_1_63' title="bbox 933 1428 1723 1466; baseline -0.008 -7"><span class='ocrx_word' id='word_1_485' title='bbox 933 1433 994 1459; x_wconf 65' lang='lat' dir='ltr'><strong>nire</strong></span> <span class='ocrx_word' id='word_1_486' title='bbox 1007 1438 1061 1458; x_wconf 90' lang='lat' dir='ltr'><strong>non</strong></span> <span class='ocrx_word' id='word_1_487' title='bbox 1078 1435 1177 1466; x_wconf 86' lang='lat' dir='ltr'><strong>potest.</strong></span> <span class='ocrx_word' id='word_1_488' title='bbox 1193 1430 1258 1463; x_wconf 75' lang='lat' dir='ltr'><strong>ane</strong></span> <span class='ocrx_word' id='word_1_489' title='bbox 1274 1437 1335 1457; x_wconf 88' lang='lat' dir='ltr'><strong>cum</strong></span> <span class='ocrx_word' id='word_1_490' title='bbox 1362 1430 1399 1456; x_wconf 84' lang='lat' dir='ltr'><strong>ita</strong></span> <span class='ocrx_word' id='word_1_491' title='bbox 1429 1437 1458 1456; x_wconf 90' lang='lat' dir='ltr'><strong>se</strong></span> <span class='ocrx_word' id='word_1_492' title='bbox 1487 1428 1625 1460; x_wconf 83' lang='lat' dir='ltr'><strong>habeant,</strong></span> <span class='ocrx_word' id='word_1_493' title='bbox 1655 1435 1723 1460; x_wconf 83' lang='lat' dir='ltr'><strong>cur,</strong></span> 
     </span>
    </p>
   </div>
   <div class='ocr_carea' id='block_1_64' title="bbox 89 1473 882 1510">
    <p class='ocr_par' dir='ltr' id='par_1_64' title="bbox 89 1473 881 1508">
     <span class='ocr_line' id='line_1_64' title="bbox 89 1473 881 1508; baseline 0 -10"><span class='ocrx_word' id='word_1_494' title='bbox 89 1481 177 1507; x_wconf 87' lang='grc' dir='ltr'>μενοι,</span> <span class='ocrx_word' id='word_1_495' title='bbox 201 1473 290 1500; x_wconf 85' lang='grc' dir='ltr'>καίτοι</span> <span class='ocrx_word' id='word_1_496' title='bbox 322 1473 519 1508; x_wconf 70' lang='grc' dir='ltr'>ἀγνοουμένουθ</span> <span class='ocrx_word' id='word_1_497' title='bbox 553 1475 654 1500; x_wconf 77' lang='grc' dir='ltr'>ἐκεῖνον</span> <span class='ocrx_word' id='word_1_498' title='bbox 680 1473 707 1500; x_wconf 82' lang='grc' dir='ltr'>δὲ</span> <span class='ocrx_word' id='word_1_499' title='bbox 734 1473 881 1504; x_wconf 82' lang='grc' dir='ltr'>δεδοικότες</span> 
     </span>
    </p>
   </div>
   <div class='ocr_carea' id='block_1_65' title="bbox 935 1473 1725 1510">
    <p class='ocr_par' dir='ltr' id='par_1_65' title="bbox 935 1473 1725 1510">
     <span class='ocr_line' id='line_1_65' title="bbox 935 1473 1725 1510; baseline -0.008 -5"><span class='ocrx_word' id='word_1_500' title='bbox 935 1486 950 1506; x_wconf 89' lang='lat' dir='ltr'><strong>o</strong></span> <span class='ocrx_word' id='word_1_501' title='bbox 964 1477 1112 1510; x_wconf 82' lang='lat' dir='ltr'><strong>mortales,</strong></span> <span class='ocrx_word' id='word_1_502' title='bbox 1129 1477 1170 1504; x_wconf 87' lang='lat' dir='ltr'><strong>sic</strong></span> <span class='ocrx_word' id='word_1_503' title='bbox 1195 1476 1287 1504; x_wconf 78' lang='lat' dir='ltr'><strong>atiecti</strong></span> <span class='ocrx_word' id='word_1_504' title='bbox 1303 1475 1386 1504; x_wconf 85' lang='lat' dir='ltr'><strong>estis?</strong></span> <span class='ocrx_word' id='word_1_505' title='bbox 1414 1482 1464 1502; x_wconf 91' lang='lat' dir='ltr'><strong>cur</strong></span> <span class='ocrx_word' id='word_1_506' title='bbox 1489 1474 1560 1501; x_wconf 87' lang='lat' dir='ltr'><strong>hanc</strong></span> <span class='ocrx_word' id='word_1_507' title='bbox 1573 1493 1580 1506; x_wconf 89' lang='lat'><strong>,</strong></span> <span class='ocrx_word' id='word_1_508' title='bbox 1602 1473 1665 1501; x_wconf 85' lang='lat' dir='ltr'><strong>licet</strong></span> <span class='ocrx_word' id='word_1_509' title='bbox 1683 1473 1725 1500; x_wconf 91' lang='lat' dir='ltr'><strong>in-</strong></span> 
     </span>
    </p>
   </div>
   <div class='ocr_carea' id='block_1_66' title="bbox 89 1518 880 1554">
    <p class='ocr_par' dir='ltr' id='par_1_66' title="bbox 89 1518 880 1554">
     <span class='ocr_line' id='line_1_66' title="bbox 89 1518 880 1554; baseline -0.001 -9"><span class='ocrx_word' id='word_1_510' title='bbox 89 1518 136 1546; x_wconf 77' lang='grc' dir='ltr'>καὶ</span> <span class='ocrx_word' id='word_1_511' title='bbox 159 1518 324 1553; x_wconf 79' lang='grc' dir='ltr'>φρίττοντες,</span> <span class='ocrx_word' id='word_1_512' title='bbox 348 1519 386 1550; x_wconf 83' lang='grc' dir='ltr'>ὡς</span> <span class='ocrx_word' id='word_1_513' title='bbox 409 1519 525 1554; x_wconf 61' lang='grc' dir='ltr'>χαλεπὴν</span> <span class='ocrx_word' id='word_1_514' title='bbox 552 1519 598 1546; x_wconf 78' lang='grc' dir='ltr'><strong>καὶ</strong></span> <span class='ocrx_word' id='word_1_515' title='bbox 625 1519 707 1553; x_wconf 77' lang='grc' dir='ltr'>φόϐου</span> <span class='ocrx_word' id='word_1_516' title='bbox 731 1518 821 1550; x_wconf 73' lang='grc' dir='ltr'><strong>ὄιξιον⁸</strong></span> <span class='ocrx_word' id='word_1_517' title='bbox 847 1518 880 1544; x_wconf 84' lang='grc' dir='ltr'><strong>δι’</strong></span> 
     </span>
    </p>
   </div>
   <div class='ocr_carea' id='block_1_67' title="bbox 88 1561 880 1599">
    <p class='ocr_par' dir='ltr' id='par_1_67' title="bbox 88 1561 880 1599">
     <span class='ocr_line' id='line_1_67' title="bbox 88 1561 880 1599; baseline 0 -10"><span class='ocrx_word' id='word_1_518' title='bbox 88 1563 165 1590; x_wconf 73' lang='grc' dir='ltr'>οὐδὲν</span> <span class='ocrx_word' id='word_1_519' title='bbox 179 1563 251 1595; x_wconf 72' lang='grc' dir='ltr'>ἄλλο,</span> <span class='ocrx_word' id='word_1_520' title='bbox 264 1563 280 1598; x_wconf 85' lang='grc' dir='ltr'>ἢ</span> <span class='ocrx_word' id='word_1_521' title='bbox 295 1563 338 1590; x_wconf 78' lang='grc' dir='ltr'>διὰ</span> <span class='ocrx_word' id='word_1_522' title='bbox 352 1563 429 1590; x_wconf 80' lang='grc' dir='ltr'>τοῦτο</span> <span class='ocrx_word' id='word_1_523' title='bbox 445 1563 534 1599; x_wconf 87' lang='grc' dir='ltr'>μόνον,</span> <span class='ocrx_word' id='word_1_524' title='bbox 551 1564 591 1591; x_wconf 82' lang='grc' dir='ltr'><strong>ὅτι</strong></span> <span class='ocrx_word' id='word_1_525' title='bbox 604 1564 725 1597; x_wconf 80' lang='grc' dir='ltr'>ἀγνοεῖτε</span> <span class='ocrx_word' id='word_1_526' title='bbox 740 1561 796 1590; x_wconf 80' lang='grc' dir='ltr'>οἷόν</span> <span class='ocrx_word' id='word_1_527' title='bbox 811 1564 880 1596; x_wconf 62' lang='lat' dir='ltr'><strong>seu;</strong></span> 
     </span>
    </p>
   </div>
   <div class='ocr_carea' id='block_1_68' title="bbox 88 1610 881 1645">
    <p class='ocr_par' dir='ltr' id='par_1_68' title="bbox 88 1610 881 1645">
     <span class='ocr_line' id='line_1_68' title="bbox 88 1610 881 1645; baseline -0.001 -9"><span class='ocrx_word' id='word_1_528' title='bbox 88 1610 185 1636; x_wconf 78' lang='grc' dir='ltr'>Καίτοι</span> <span class='ocrx_word' id='word_1_529' title='bbox 208 1610 293 1636; x_wconf 83' lang='grc' dir='ltr'>πολλὰ</span> <span class='ocrx_word' id='word_1_530' title='bbox 313 1611 360 1636; x_wconf 79' lang='grc' dir='ltr'><strong>καὶ</strong></span> <span class='ocrx_word' id='word_1_531' title='bbox 379 1610 447 1637; x_wconf 82' lang='grc' dir='ltr'>ἄλλα</span> <span class='ocrx_word' id='word_1_532' title='bbox 469 1611 515 1637; x_wconf 79' lang='grc' dir='ltr'>καὶ</span> <span class='ocrx_word' id='word_1_533' title='bbox 529 1611 583 1637; x_wconf 84' lang='grc' dir='ltr'><strong>τῶν</strong></span> <span class='ocrx_word' id='word_1_534' title='bbox 598 1611 658 1637; x_wconf 82' lang='grc' dir='ltr'>κατ’</span> <span class='ocrx_word' id='word_1_535' title='bbox 673 1610 798 1645; x_wconf 81' lang='grc' dir='ltr'>αἴσθησιν</span> <span class='ocrx_word' id='word_1_536' title='bbox 814 1610 881 1645; x_wconf 86' lang='grc' dir='ltr'>ἡμῖν</span> 
     </span>
    </p>
   </div>
   <div class='ocr_carea' id='block_1_69' title="bbox 89 1655 882 1691">
    <p class='ocr_par' dir='ltr' id='par_1_69' title="bbox 89 1655 882 1691">
     <span class='ocr_line' id='line_1_69' title="bbox 89 1655 882 1691; baseline 0.001 -11"><span class='ocrx_word' id='word_1_537' title='bbox 89 1655 315 1690; x_wconf 62' lang='grc' dir='ltr'>προφαινομένων</span> <span class='ocrx_word' id='word_1_538' title='bbox 331 1655 377 1682; x_wconf 77' lang='grc' dir='ltr'><strong>καὶ</strong></span> <span class='ocrx_word' id='word_1_539' title='bbox 393 1655 582 1691; x_wconf 80' lang='grc' dir='ltr'>ἀγνοουμένων</span> <span class='ocrx_word' id='word_1_540' title='bbox 602 1656 632 1682; x_wconf 83' lang='grc' dir='ltr'>οὐ</span> <span class='ocrx_word' id='word_1_541' title='bbox 646 1655 811 1691; x_wconf 74' lang='grc' dir='ltr'>δεδοίκαμεν.</span> <span class='ocrx_word' id='word_1_542' title='bbox 833 1655 882 1686; x_wconf 83' lang='grc' dir='ltr'><strong>Τίς</strong></span> 
     </span>
    </p>
   </div>
   <div class='ocr_carea' id='block_1_70' title="bbox 89 1701 882 1737">
    <p class='ocr_par' dir='ltr' id='par_1_70' title="bbox 89 1701 882 1737">
     <span class='ocr_line' id='line_1_70' title="bbox 89 1701 882 1737; baseline 0 -11"><span class='ocrx_word' id='word_1_543' title='bbox 89 1701 173 1736; x_wconf 75' lang='grc' dir='ltr'><strong>γὰρὴ</strong></span> <span class='ocrx_word' id='word_1_544' title='bbox 193 1701 274 1736; x_wconf 71' lang='grc' dir='ltr'>φύσις</span> <span class='ocrx_word' id='word_1_545' title='bbox 288 1701 341 1728; x_wconf 83' lang='grc' dir='ltr'><strong>τῶν</strong></span> <span class='ocrx_word' id='word_1_546' title='bbox 357 1703 417 1728; x_wconf 77' lang='grc' dir='ltr'>κατ’</span> <span class='ocrx_word' id='word_1_547' title='bbox 436 1702 549 1737; x_wconf 82' lang='grc' dir='ltr'>οὐρανὸν</span> <span class='ocrx_word' id='word_1_548' title='bbox 567 1701 746 1737; x_wconf 78' lang='grc' dir='ltr'>φαινομένων,</span> <span class='ocrx_word' id='word_1_549' title='bbox 767 1701 783 1736; x_wconf 86' lang='grc' dir='ltr'><strong>ἢ</strong></span> <span class='ocrx_word' id='word_1_550' title='bbox 801 1701 827 1728; x_wconf 88' lang='grc' dir='ltr'><strong>τί</strong></span> <span class='ocrx_word' id='word_1_551' title='bbox 852 1701 882 1726; x_wconf 76' lang='grc' dir='ltr'>τὸ</span> 
     </span>
    </p>
   </div>
   <div class='ocr_carea' id='block_1_71' title="bbox 90 1747 882 1784">
    <p class='ocr_par' dir='ltr' id='par_1_71' title="bbox 90 1747 882 1784">
     <span class='ocr_line' id='line_1_71' title="bbox 90 1747 882 1784; baseline -0.003 -10"><span class='ocrx_word' id='word_1_552' title='bbox 90 1747 223 1782; x_wconf 76' lang='grc' dir='ltr'>περιάγον</span> <span class='ocrx_word' id='word_1_553' title='bbox 237 1747 281 1774; x_wconf 75' lang='grc' dir='ltr'><strong>τὸν</strong></span> <span class='ocrx_word' id='word_1_554' title='bbox 294 1747 373 1774; x_wconf 81' lang='grc' dir='ltr'>πόλον</span> <span class='ocrx_word' id='word_1_555' title='bbox 386 1747 415 1780; x_wconf 75' lang='grc' dir='ltr'>ἐξ</span> <span class='ocrx_word' id='word_1_556' title='bbox 430 1748 549 1775; x_wconf 75' lang='grc' dir='ltr'>ἐναντίου</span> <span class='ocrx_word' id='word_1_557' title='bbox 562 1748 611 1784; x_wconf 82' lang='grc' dir='ltr'><strong>τὴν</strong></span> <span class='ocrx_word' id='word_1_558' title='bbox 629 1748 746 1783; x_wconf 82' lang='grc' dir='ltr'>κίνησιν,</span> <span class='ocrx_word' id='word_1_559' title='bbox 762 1748 777 1782; x_wconf 80' lang='grc' dir='ltr'>ἢ</span> <span class='ocrx_word' id='word_1_560' title='bbox 805 1747 831 1773; x_wconf 87' lang='grc' dir='ltr'><strong>τί</strong></span> <span class='ocrx_word' id='word_1_561' title='bbox 852 1747 882 1772; x_wconf 84' lang='grc' dir='ltr'><strong>τὸ</strong></span> 
     </span>
    </p>
   </div>
   <div class='ocr_carea' id='block_1_72' title="bbox 89 1792 883 1830">
    <p class='ocr_par' dir='ltr' id='par_1_72' title="bbox 89 1792 883 1830">
     <span class='ocr_line' id='line_1_72' title="bbox 89 1792 883 1830; baseline -0.001 -10"><span class='ocrx_word' id='word_1_562' title='bbox 89 1794 192 1830; x_wconf 82' lang='grc' dir='ltr'>ἐρεῐδον</span> <span class='ocrx_word' id='word_1_563' title='bbox 216 1795 264 1829; x_wconf 73' lang='grc' dir='ltr'><strong>τὴν</strong></span> <span class='ocrx_word' id='word_1_564' title='bbox 281 1795 331 1829; x_wconf 79' lang='grc' dir='ltr'>τῆς</span> <span class='ocrx_word' id='word_1_565' title='bbox 352 1796 403 1830; x_wconf 75' lang='grc' dir='ltr'><strong>γῆς</strong></span> <span class='ocrx_word' id='word_1_566' title='bbox 425 1795 594 1830; x_wconf 81' lang='grc' dir='ltr'>παγιότητα’</span> <span class='ocrx_word' id='word_1_567' title='bbox 622 1794 680 1825; x_wconf 79' lang='grc' dir='ltr'><strong>πῶς</strong></span> <span class='ocrx_word' id='word_1_568' title='bbox 703 1793 731 1820; x_wconf 82' lang='grc' dir='ltr'>δὲ</span> <span class='ocrx_word' id='word_1_569' title='bbox 748 1794 764 1828; x_wconf 85' lang='grc' dir='ltr'>ἡ</span> <span class='ocrx_word' id='word_1_570' title='bbox 783 1792 883 1828; x_wconf 54' lang='lat' dir='ltr'><strong>{leua-ti;</strong></span> 
     </span>
    </p>
   </div>
   <div class='ocr_carea' id='block_1_73' title="bbox 88 1839 881 1876">
    <p class='ocr_par' dir='ltr' id='par_1_73' title="bbox 88 1839 881 1876">
     <span class='ocr_line' id='line_1_73' title="bbox 88 1839 881 1876; baseline -0.003 -9"><span class='ocrx_word' id='word_1_571' title='bbox 88 1841 143 1867; x_wconf 79' lang='grc' dir='ltr'><strong>τῶν</strong></span> <span class='ocrx_word' id='word_1_572' title='bbox 168 1840 272 1867; x_wconf 80' lang='grc' dir='ltr'>ὑδάτων</span> <span class='ocrx_word' id='word_1_573' title='bbox 289 1841 369 1876; x_wconf 79' lang='grc' dir='ltr'>φύσις</span> <span class='ocrx_word' id='word_1_574' title='bbox 394 1841 437 1867; x_wconf 72' lang='grc' dir='ltr'><strong>ἀεὶ</strong></span> <span class='ocrx_word' id='word_1_575' title='bbox 458 1841 562 1874; x_wconf 83' lang='grc' dir='ltr'>γίνεται</span> <span class='ocrx_word' id='word_1_576' title='bbox 586 1842 617 1867; x_wconf 84' lang='grc' dir='ltr'>ἐκ</span> <span class='ocrx_word' id='word_1_577' title='bbox 640 1841 688 1876; x_wconf 84' lang='grc' dir='ltr'>τῆς</span> <span class='ocrx_word' id='word_1_578' title='bbox 704 1842 766 1875; x_wconf 79' lang='grc' dir='ltr'>γῆς,</span> <span class='ocrx_word' id='word_1_579' title='bbox 787 1840 835 1867; x_wconf 74' lang='grc' dir='ltr'>καὶ</span> <span class='ocrx_word' id='word_1_580' title='bbox 851 1839 881 1865; x_wconf 72' lang='grc' dir='ltr'><strong>οὐ</strong></span> 
     </span>
    </p>
   </div>
   <div class='ocr_carea' id='block_1_74' title="bbox 89 1884 883 1921">
    <p class='ocr_par' dir='ltr' id='par_1_74' title="bbox 89 1884 883 1921">
     <span class='ocr_line' id='line_1_74' title="bbox 89 1884 883 1921; baseline 0 -10"><span class='ocrx_word' id='word_1_581' title='bbox 89 1885 244 1912; x_wconf 84' lang='grc' dir='ltr'>δαπανᾶται</span> <span class='ocrx_word' id='word_1_582' title='bbox 261 1886 276 1921; x_wconf 87' lang='grc' dir='ltr'>ἡ</span> <span class='ocrx_word' id='word_1_583' title='bbox 289 1885 325 1920; x_wconf 78' lang='grc' dir='ltr'>γῆ</span> <span class='ocrx_word' id='word_1_584' title='bbox 337 1894 342 1900; x_wconf 92' lang='grc'><strong>·</strong></span> <span class='ocrx_word' id='word_1_585' title='bbox 356 1887 401 1912; x_wconf 69' lang='grc' dir='ltr'><strong>καὶ</strong></span> <span class='ocrx_word' id='word_1_586' title='bbox 415 1886 482 1913; x_wconf 81' lang='grc' dir='ltr'>ἄλλα</span> <span class='ocrx_word' id='word_1_587' title='bbox 495 1886 607 1913; x_wconf 77' lang='grc' dir='ltr'>τοιαῦτα</span> <span class='ocrx_word' id='word_1_588' title='bbox 623 1886 708 1912; x_wconf 71' lang='grc' dir='ltr'>πολλὰ</span> <span class='ocrx_word' id='word_1_589' title='bbox 722 1885 784 1912; x_wconf 77' lang='grc' dir='ltr'>οὔτε</span> <span class='ocrx_word' id='word_1_590' title='bbox 798 1884 883 1919; x_wconf 76' lang='grc' dir='ltr'>ἐγνώ-</span> 
     </span>
    </p>
   </div>
   <div class='ocr_carea' id='block_1_75' title="bbox 89 1931 880 1967">
    <p class='ocr_par' dir='ltr' id='par_1_75' title="bbox 89 1931 880 1967">
     <span class='ocr_line' id='line_1_75' title="bbox 89 1931 880 1967; baseline 0 -10"><span class='ocrx_word' id='word_1_591' title='bbox 89 1939 196 1965; x_wconf 88' lang='grc' dir='ltr'>καμεν,</span> <span class='ocrx_word' id='word_1_592' title='bbox 221 1931 282 1958; x_wconf 76' lang='grc' dir='ltr'>οὔτε</span> <span class='ocrx_word' id='word_1_593' title='bbox 310 1931 400 1965; x_wconf 70' lang='grc' dir='ltr'>φόῦων</span> <span class='ocrx_word' id='word_1_594' title='bbox 428 1932 506 1965; x_wconf 75' lang='grc' dir='ltr'>ἀξίαν</span> <span class='ocrx_word' id='word_1_595' title='bbox 532 1932 581 1967; x_wconf 83' lang='grc' dir='ltr'><strong>τὴν</strong></span> <span class='ocrx_word' id='word_1_596' title='bbox 606 1931 716 1966; x_wconf 79' lang='grc' dir='ltr'>ἄγνοιαν</span> <span class='ocrx_word' id='word_1_597' title='bbox 742 1931 880 1967; x_wconf 85' lang='grc' dir='ltr'>κρίνομεν.</span> 
     </span>
    </p>
   </div>
   <div class='ocr_carea' id='block_1_76' title="bbox 95 1975 882 2012">
    <p class='ocr_par' dir='ltr' id='par_1_76' title="bbox 95 1975 882 2012">
     <span class='ocr_line' id='line_1_76' title="bbox 95 1975 882 2012; baseline 0.001 -10"><span class='ocrx_word' id='word_1_598' title='bbox 95 1975 179 2002; x_wconf 78' lang='grc' dir='ltr'><strong>’Λλλᾶ</strong></span> <span class='ocrx_word' id='word_1_599' title='bbox 205 1976 251 2003; x_wconf 81' lang='grc' dir='ltr'><strong>καὶ</strong></span> <span class='ocrx_word' id='word_1_600' title='bbox 278 1977 361 2012; x_wconf 77' lang='grc' dir='ltr'>αὐτὴν</span> <span class='ocrx_word' id='word_1_601' title='bbox 389 1977 437 2012; x_wconf 80' lang='grc' dir='ltr'>τὴν</span> <span class='ocrx_word' id='word_1_602' title='bbox 465 1978 553 2004; x_wconf 78' lang='grc' dir='ltr'>πάντα</span> <span class='ocrx_word' id='word_1_603' title='bbox 581 1977 642 2004; x_wconf 79' lang='grc' dir='ltr'>νοῦν</span> <span class='ocrx_word' id='word_1_604' title='bbox 669 1977 882 2012; x_wconf 75' lang='grc' dir='ltr'>ύπερϐαίνουσαν</span> 
     </span>
    </p>
   </div>
   <div class='ocr_carea' id='block_1_77' title="bbox 90 2022 882 2059">
    <p class='ocr_par' dir='ltr' id='par_1_77' title="bbox 90 2022 882 2059">
     <span class='ocr_line' id='line_1_77' title="bbox 90 2022 882 2059; baseline 0.003 -11"><span class='ocrx_word' id='word_1_605' title='bbox 90 2022 186 2056; x_wconf 72' lang='grc' dir='ltr'>φύσιν,</span> <span class='ocrx_word' id='word_1_606' title='bbox 203 2022 251 2058; x_wconf 80' lang='grc' dir='ltr'>τὴν</span> <span class='ocrx_word' id='word_1_607' title='bbox 267 2023 342 2049; x_wconf 81' lang='grc' dir='ltr'>θείαν</span> <span class='ocrx_word' id='word_1_608' title='bbox 358 2031 387 2049; x_wconf 88' lang='grc' dir='ltr'><strong>τε</strong></span> <span class='ocrx_word' id='word_1_609' title='bbox 403 2024 450 2050; x_wconf 75' lang='grc' dir='ltr'><strong>καὶ</strong></span> <span class='ocrx_word' id='word_1_610' title='bbox 470 2024 608 2059; x_wconf 80' lang='grc' dir='ltr'>μακαρίαν</span> <span class='ocrx_word' id='word_1_611' title='bbox 621 2024 668 2050; x_wconf 81' lang='grc' dir='ltr'><strong>καὶ</strong></span> <span class='ocrx_word' id='word_1_612' title='bbox 681 2024 882 2059; x_wconf 84' lang='grc' dir='ltr'>ἀκατάληπτον,</span> 
     </span>
    </p>
   </div>
   <div class='ocr_carea' id='block_1_78' title="bbox 90 2069 883 2105">
    <p class='ocr_par' dir='ltr' id='par_1_78' title="bbox 90 2069 883 2105">
     <span class='ocr_line' id='line_1_78' title="bbox 90 2069 883 2105; baseline 0.001 -10"><span class='ocrx_word' id='word_1_613' title='bbox 90 2069 133 2095; x_wconf 80' lang='grc' dir='ltr'><strong>δτι</strong></span> <span class='ocrx_word' id='word_1_614' title='bbox 160 2069 210 2104; x_wconf 84' lang='grc' dir='ltr'>μὲν</span> <span class='ocrx_word' id='word_1_615' title='bbox 235 2069 302 2101; x_wconf 76' lang='grc' dir='ltr'>ἔστι,</span> <span class='ocrx_word' id='word_1_616' title='bbox 327 2070 559 2105; x_wconf 71' lang='grc' dir='ltr'>πεπιστεύκαμεν,</span> <span class='ocrx_word' id='word_1_617' title='bbox 584 2071 612 2096; x_wconf 83' lang='grc' dir='ltr'>ὲν</span> <span class='ocrx_word' id='word_1_618' title='bbox 634 2070 686 2096; x_wconf 85' lang='grc' dir='ltr'>τίνι</span> <span class='ocrx_word' id='word_1_619' title='bbox 703 2070 732 2096; x_wconf 82' lang='grc' dir='ltr'>δὲ</span> <span class='ocrx_word' id='word_1_620' title='bbox 755 2069 840 2104; x_wconf 79' lang='grc' dir='ltr'>αὐτῆς</span> <span class='ocrx_word' id='word_1_621' title='bbox 854 2069 883 2095; x_wconf 78' lang='grc' dir='ltr'><strong>τὸ</strong></span> 
     </span>
    </p>
   </div>
   <div class='ocr_carea' id='block_1_79' title="bbox 90 2113 884 2152">
    <p class='ocr_par' dir='ltr' id='par_1_79' title="bbox 90 2113 884 2152">
     <span class='ocr_line' id='line_1_79' title="bbox 90 2113 884 2152; baseline 0.001 -11"><span class='ocrx_word' id='word_1_622' title='bbox 90 2113 162 2141; x_wconf 84' lang='grc' dir='ltr'>εἶναι</span> <span class='ocrx_word' id='word_1_623' title='bbox 179 2115 428 2151; x_wconf 75' lang='grc' dir='ltr'>καταλαμϐάνεται,</span> <span class='ocrx_word' id='word_1_624' title='bbox 451 2116 527 2143; x_wconf 60' lang='grc' dir='ltr'>οὕτω</span> <span class='ocrx_word' id='word_1_625' title='bbox 541 2125 583 2148; x_wconf 89' lang='grc' dir='ltr'><strong>τις</strong></span> <span class='ocrx_word' id='word_1_626' title='bbox 600 2116 697 2152; x_wconf 76' lang='grc' dir='ltr'>εὑρέθη</span> <span class='ocrx_word' id='word_1_627' title='bbox 722 2115 766 2142; x_wconf 73' lang='grc' dir='ltr'>διὰ</span> <span class='ocrx_word' id='word_1_628' title='bbox 788 2124 884 2150; x_wconf 80' lang='grc' dir='ltr'>στοχα-</span> 
     </span>
    </p>
   </div>
   <div class='ocr_carea' id='block_1_80' title="bbox 92 2161 883 2198">
    <p class='ocr_par' dir='ltr' id='par_1_80' title="bbox 92 2161 883 2198">
     <span class='ocr_line' id='line_1_80' title="bbox 92 2161 883 2198; baseline 0.003 -11"><span class='ocrx_word' id='word_1_629' title='bbox 92 2161 164 2196; x_wconf 79' lang='grc' dir='ltr'>σμοῦ</span> <span class='ocrx_word' id='word_1_630' title='bbox 184 2162 356 2197; x_wconf 78' lang='grc' dir='ltr'>κατανόησις,</span> <span class='ocrx_word' id='word_1_631' title='bbox 375 2163 420 2189; x_wconf 78' lang='grc' dir='ltr'><strong>καὶ</strong></span> <span class='ocrx_word' id='word_1_632' title='bbox 431 2164 505 2198; x_wconf 79' lang='grc' dir='ltr'>ὅμως</span> <span class='ocrx_word' id='word_1_633' title='bbox 522 2162 673 2198; x_wconf 84' lang='grc' dir='ltr'>ἀγαπῶμεν</span> <span class='ocrx_word' id='word_1_634' title='bbox 689 2163 718 2189; x_wconf 84' lang='grc' dir='ltr'>τὸ</span> <span class='ocrx_word' id='word_1_635' title='bbox 735 2163 883 2198; x_wconf 79' lang='grc' dir='ltr'>ἀγνοούμε-</span> 
     </span>
    </p>
   </div>
   <div class='ocr_carea' id='block_1_81' title="bbox 91 2205 886 2243">
    <p class='ocr_par' dir='ltr' id='par_1_81' title="bbox 91 2205 886 2243">
     <span class='ocr_line' id='line_1_81' title="bbox 91 2205 886 2243; baseline 0.003 -11"><span class='ocrx_word' id='word_1_636' title='bbox 91 2215 138 2233; x_wconf 78' lang='grc' dir='ltr'><strong>νον</strong></span> <span class='ocrx_word' id='word_1_637' title='bbox 163 2205 194 2239; x_wconf 79' lang='grc' dir='ltr'>ἐξ</span> <span class='ocrx_word' id='word_1_638' title='bbox 217 2207 280 2242; x_wconf 77' lang='grc' dir='ltr'>ὅλης</span> <span class='ocrx_word' id='word_1_639' title='bbox 303 2207 416 2243; x_wconf 85' lang='grc' dir='ltr'>καρδίας</span> <span class='ocrx_word' id='word_1_640' title='bbox 435 2217 463 2235; x_wconf 84' lang='grc' dir='ltr'><strong>τε</strong></span> <span class='ocrx_word' id='word_1_641' title='bbox 482 2209 528 2235; x_wconf 79' lang='grc' dir='ltr'><strong>καὶ</strong></span> <span class='ocrx_word' id='word_1_642' title='bbox 542 2209 631 2243; x_wconf 73' lang='grc' dir='ltr'>ψυχῆς</span> <span class='ocrx_word' id='word_1_643' title='bbox 643 2208 843 2243; x_wconf 76' lang='grc' dir='ltr'>καὶδυνάμεως</span> <span class='ocrx_word' id='word_1_644' title='bbox 857 2208 886 2234; x_wconf 83' lang='grc' dir='ltr'>τὸ</span> 
     </span>
    </p>
   </div>
   <div class='ocr_carea' id='block_1_82' title="bbox 91 2252 886 2289">
    <p class='ocr_par' dir='ltr' id='par_1_82' title="bbox 91 2252 886 2289">
     <span class='ocr_line' id='line_1_82' title="bbox 91 2252 886 2289; baseline 0.003 -11"><span class='ocrx_word' id='word_1_645' title='bbox 91 2252 299 2288; x_wconf 66' lang='grc' dir='ltr'>καταληφθῆναι</span> <span class='ocrx_word' id='word_1_646' title='bbox 322 2255 377 2285; x_wconf 79' lang='grc' dir='ltr'>τοῖς</span> <span class='ocrx_word' id='word_1_647' title='bbox 394 2253 532 2289; x_wconf 82' lang='grc' dir='ltr'>λογισμοῖς</span> <span class='ocrx_word' id='word_1_648' title='bbox 553 2255 582 2280; x_wconf 81' lang='grc' dir='ltr'><strong>ού</strong></span> <span class='ocrx_word' id='word_1_649' title='bbox 606 2254 765 2289; x_wconf 86' lang='grc' dir='ltr'>δυνάμενον.</span> <span class='ocrx_word' id='word_1_650' title='bbox 789 2254 838 2280; x_wconf 76' lang='grc' dir='ltr'><strong>Διὰ</strong></span> <span class='ocrx_word' id='word_1_651' title='bbox 859 2254 886 2280; x_wconf 79' lang='grc' dir='ltr'><strong>τι</strong></span> 
     </span>
    </p>
   </div>
   <div class='ocr_carea' id='block_1_83' title="bbox 92 2298 886 2336">
    <p class='ocr_par' dir='ltr' id='par_1_83' title="bbox 92 2298 886 2336">
     <span class='ocr_line' id='line_1_83' title="bbox 92 2298 886 2336; baseline 0.004 -12"><span class='ocrx_word' id='word_1_652' title='bbox 92 2298 183 2325; x_wconf 81' lang='grc' dir='ltr'>τοίνυν</span> <span class='ocrx_word' id='word_1_653' title='bbox 201 2299 329 2326; x_wconf 75' lang='grc' dir='ltr'>ἐπιπόνου</span> <span class='ocrx_word' id='word_1_654' title='bbox 351 2299 398 2326; x_wconf 82' lang='grc' dir='ltr'><strong>τοῦ</strong></span> <span class='ocrx_word' id='word_1_655' title='bbox 422 2301 490 2335; x_wconf 72' lang='grc' dir='ltr'>μετὰ</span> <span class='ocrx_word' id='word_1_656' title='bbox 515 2300 562 2336; x_wconf 80' lang='grc' dir='ltr'>τὴν</span> <span class='ocrx_word' id='word_1_657' title='bbox 578 2301 650 2336; x_wconf 76' lang='grc' dir='ltr'>ζωὴν</span> <span class='ocrx_word' id='word_1_658' title='bbox 664 2301 767 2336; x_wconf 82' lang='grc' dir='ltr'>ταύτην</span> <span class='ocrx_word' id='word_1_659' title='bbox 782 2301 886 2335; x_wconf 73' lang='grc' dir='ltr'>ἐκδεχο-</span> 
     </span>
    </p>
   </div>
   <div class='ocr_carea' id='block_1_84' title="bbox 95 2344 885 2381">
    <p class='ocr_par' dir='ltr' id='par_1_84' title="bbox 95 2344 885 2381">
     <span class='ocr_line' id='line_1_84' title="bbox 95 2344 885 2381; baseline 0.004 -11"><span class='ocrx_word' id='word_1_660' title='bbox 95 2345 176 2380; x_wconf 77' lang='grc' dir='ltr'>μένου</span> <span class='ocrx_word' id='word_1_661' title='bbox 190 2346 263 2380; x_wconf 81' lang='grc' dir='ltr'>ἡμᾶς</span> <span class='ocrx_word' id='word_1_662' title='bbox 278 2345 347 2380; x_wconf 77' lang='grc' dir='ltr'>βίον,</span> <span class='ocrx_word' id='word_1_663' title='bbox 365 2347 380 2372; x_wconf 86' lang='grc' dir='ltr'>ὁ</span> <span class='ocrx_word' id='word_1_664' title='bbox 401 2346 497 2381; x_wconf 84' lang='grc' dir='ltr'>ἄλογος</span> <span class='ocrx_word' id='word_1_665' title='bbox 518 2344 595 2379; x_wconf 77' lang='grc' dir='ltr'>οὗτος</span> <span class='ocrx_word' id='word_1_666' title='bbox 621 2347 776 2374; x_wconf 79' lang='grc' dir='ltr'>συνίσταται</span> <span class='ocrx_word' id='word_1_667' title='bbox 794 2347 885 2381; x_wconf 65' lang='grc' dir='ltr'>φόϐος,</span> 
     </span>
    </p>
   </div>
   <div class='ocr_carea' id='block_1_85' title="bbox 93 2390 885 2428">
    <p class='ocr_par' dir='ltr' id='par_1_85' title="bbox 93 2390 885 2428">
     <span class='ocr_line' id='line_1_85' title="bbox 93 2390 885 2428; baseline 0.004 -12"><span class='ocrx_word' id='word_1_668' title='bbox 93 2390 137 2417; x_wconf 71' lang='grc' dir='ltr'>διὰ</span> <span class='ocrx_word' id='word_1_669' title='bbox 153 2390 238 2426; x_wconf 89' lang='grc' dir='ltr'>μόνην</span> <span class='ocrx_word' id='word_1_670' title='bbox 260 2391 307 2426; x_wconf 82' lang='grc' dir='ltr'><strong>τὴν</strong></span> <span class='ocrx_word' id='word_1_671' title='bbox 320 2392 431 2425; x_wconf 79' lang='grc' dir='ltr'>ἄγνοιαν</span> <span class='ocrx_word' id='word_1_672' title='bbox 452 2392 607 2419; x_wconf 83' lang='grc' dir='ltr'>δεδοικότων</span> <span class='ocrx_word' id='word_1_673' title='bbox 622 2393 701 2428; x_wconf 82' lang='grc' dir='ltr'>ἡμῶν</span> <span class='ocrx_word' id='word_1_674' title='bbox 716 2393 730 2419; x_wconf 86' lang='grc' dir='ltr'><strong>ὂ</strong></span> <span class='ocrx_word' id='word_1_675' title='bbox 750 2393 799 2419; x_wconf 83' lang='grc' dir='ltr'><strong>οὐκ</strong></span> <span class='ocrx_word' id='word_1_676' title='bbox 812 2392 885 2419; x_wconf 75' lang='grc' dir='ltr'>οῖδα-</span> 
     </span>
    </p>
   </div>
   <div class='ocr_carea' id='block_1_86' title="bbox 96 2437 886 2474">
    <p class='ocr_par' dir='ltr' id='par_1_86' title="bbox 96 2437 886 2474">
     <span class='ocr_line' id='line_1_86' title="bbox 96 2437 886 2474; baseline 0.004 -12"><span class='ocrx_word' id='word_1_677' title='bbox 96 2445 155 2471; x_wconf 83' lang='grc' dir='ltr'>μεν,</span> <span class='ocrx_word' id='word_1_678' title='bbox 172 2437 298 2472; x_wconf 73' lang='grc' dir='ltr'>καθάπερ</span> <span class='ocrx_word' id='word_1_679' title='bbox 313 2438 359 2464; x_wconf 69' lang='grc' dir='ltr'>ἐπὶ</span> <span class='ocrx_word' id='word_1_680' title='bbox 372 2438 424 2464; x_wconf 81' lang='grc' dir='ltr'><strong>τῶν</strong></span> <span class='ocrx_word' id='word_1_681' title='bbox 439 2439 543 2474; x_wconf 84' lang='grc' dir='ltr'>νηπίων</span> <span class='ocrx_word' id='word_1_682' title='bbox 562 2440 666 2474; x_wconf 83' lang='grc' dir='ltr'>γίνεται</span> <span class='ocrx_word' id='word_1_683' title='bbox 679 2439 733 2466; x_wconf 84' lang='grc' dir='ltr'><strong>τῶν</strong></span> <span class='ocrx_word' id='word_1_684' title='bbox 748 2440 814 2474; x_wconf 79' lang='grc' dir='ltr'>πρὸς</span> <span class='ocrx_word' id='word_1_685' title='bbox 837 2439 886 2470; x_wconf 82' lang='grc' dir='ltr'>τὰς</span> 
     </span>
    </p>
   </div>
   <div class='ocr_carea' id='block_1_87' title="bbox 93 2483 887 2521">
    <p class='ocr_par' dir='ltr' id='par_1_87' title="bbox 93 2483 887 2521">
     <span class='ocr_line' id='line_1_87' title="bbox 93 2483 887 2521; baseline 0.003 -13"><span class='ocrx_word' id='word_1_686' title='bbox 93 2483 296 2514; x_wconf 79' lang='grc' dir='ltr'>ἀνυποστάτους</span> <span class='ocrx_word' id='word_1_687' title='bbox 309 2484 436 2516; x_wconf 83' lang='grc' dir='ltr'>ὑπονοίας</span> <span class='ocrx_word' id='word_1_688' title='bbox 449 2485 684 2521; x_wconf 72' lang='grc' dir='ltr'>δειματουμένιιιν;</span> <span class='ocrx_word' id='word_1_689' title='bbox 705 2486 734 2511; x_wconf 80' lang='grc'><strong>⁷0</strong></span> <span class='ocrx_word' id='word_1_690' title='bbox 749 2485 803 2520; x_wconf 66' lang='grc' dir='ltr'><strong>γὰρ</strong></span> <span class='ocrx_word' id='word_1_691' title='bbox 820 2485 887 2519; x_wconf 55' lang='grc' dir='ltr'>πρὸς</span> 
     </span>
    </p>
   </div>
   <div class='ocr_carea' id='block_1_88' title="bbox 94 2528 887 2569">
    <p class='ocr_par' dir='ltr' id='par_1_88' title="bbox 94 2528 887 2567">
     <span class='ocr_line' id='line_1_88' title="bbox 94 2528 887 2567; baseline 0.003 -13"><span class='ocrx_word' id='word_1_692' title='bbox 94 2529 143 2564; x_wconf 80' lang='grc' dir='ltr'>τὴν</span> <span class='ocrx_word' id='word_1_693' title='bbox 163 2528 292 2564; x_wconf 85' lang='grc' dir='ltr'>ἀλήθειαν</span> <span class='ocrx_word' id='word_1_694' title='bbox 313 2529 366 2556; x_wconf 86' lang='grc' dir='ltr'><strong>τῶν</strong></span> <span class='ocrx_word' id='word_1_695' title='bbox 381 2530 465 2557; x_wconf 81' lang='grc' dir='ltr'>ὄντων</span> <span class='ocrx_word' id='word_1_696' title='bbox 479 2531 576 2559; x_wconf 79' lang='grc' dir='ltr'>ἐθέλων</span> <span class='ocrx_word' id='word_1_697' title='bbox 595 2532 714 2566; x_wconf 78' lang='grc' dir='ltr'>βλέπειν,</span> <span class='ocrx_word' id='word_1_698' title='bbox 738 2531 845 2567; x_wconf 84' lang='grc' dir='ltr'>πρῶτον</span> <span class='ocrx_word' id='word_1_699' title='bbox 860 2532 887 2557; x_wconf 79' lang='grc' dir='ltr'>ἐν</span> 
     </span>
    </p>
   </div>
   <div class='ocr_carea' id='block_1_89' title="bbox 95 2575 889 2612">
    <p class='ocr_par' dir='ltr' id='par_1_89' title="bbox 95 2575 889 2612">
     <span class='ocr_line' id='line_1_89' title="bbox 95 2575 889 2612; baseline 0.005 -12"><span class='ocrx_word' id='word_1_700' title='bbox 95 2575 221 2610; x_wconf 73' lang='grc' dir='ltr'>περινοίᾳ</span> <span class='ocrx_word' id='word_1_701' title='bbox 235 2576 284 2601; x_wconf 83' lang='grc' dir='ltr'>τοῦ</span> <span class='ocrx_word' id='word_1_702' title='bbox 298 2576 458 2610; x_wconf 80' lang='grc' dir='ltr'>πράγματος</span> <span class='ocrx_word' id='word_1_703' title='bbox 469 2577 572 2612; x_wconf 83' lang='grc' dir='ltr'>γίνεται</span> <span class='ocrx_word' id='word_1_704' title='bbox 587 2586 592 2592; x_wconf 93' lang='grc'><strong>·</strong></span> <span class='ocrx_word' id='word_1_705' title='bbox 609 2576 666 2604; x_wconf 78' lang='grc' dir='ltr'>εἶτα</span> <span class='ocrx_word' id='word_1_706' title='bbox 680 2575 734 2604; x_wconf 74' lang='grc' dir='ltr'>οἷόν</span> <span class='ocrx_word' id='word_1_707' title='bbox 749 2579 806 2604; x_wconf 71' lang='grc' dir='ltr'>ἐστι</span> <span class='ocrx_word' id='word_1_708' title='bbox 820 2577 889 2604; x_wconf 82' lang='grc' dir='ltr'>κατὰ</span> 
     </span>
    </p>
   </div>
   <div class='ocr_carea' id='block_1_90' title="bbox 93 2621 889 2660">
    <p class='ocr_par' dir='ltr' id='par_1_90' title="bbox 93 2621 889 2660">
     <span class='ocr_line' id='line_1_90' title="bbox 93 2621 889 2660; baseline 0.001 -12"><span class='ocrx_word' id='word_1_709' title='bbox 93 2621 141 2656; x_wconf 77' lang='grc' dir='ltr'>τὴν</span> <span class='ocrx_word' id='word_1_710' title='bbox 161 2621 244 2656; x_wconf 69' lang='grc' dir='ltr'>φύσιν</span> <span class='ocrx_word' id='word_1_711' title='bbox 268 2621 462 2656; x_wconf 78' lang='grc' dir='ltr'>ἐπιλογίζεται,</span> <span class='ocrx_word' id='word_1_712' title='bbox 492 2624 548 2650; x_wconf 75' lang='grc' dir='ltr'>εἴτε</span> <span class='ocrx_word' id='word_1_713' title='bbox 573 2633 598 2651; x_wconf 90' lang='grc' dir='ltr'><strong>τι</strong></span> <span class='ocrx_word' id='word_1_714' title='bbox 620 2625 753 2660; x_wconf 74' lang='grc' dir='ltr'>χρήσιμον</span> <span class='ocrx_word' id='word_1_715' title='bbox 778 2626 825 2650; x_wconf 73' lang='grc' dir='ltr'>καὶ</span> <span class='ocrx_word' id='word_1_716' title='bbox 845 2624 889 2650; x_wconf 83' lang='grc' dir='ltr'>εὑ-</span> 
     </span>
    </p>
   </div>
   <div class='ocr_carea' id='block_1_91' title="bbox 93 2668 888 2705">
    <p class='ocr_par' dir='ltr' id='par_1_91' title="bbox 93 2668 888 2705">
     <span class='ocr_line' id='line_1_91' title="bbox 93 2668 888 2705; baseline 0.003 -11"><span class='ocrx_word' id='word_1_717' title='bbox 93 2668 235 2703; x_wconf 75' lang='grc' dir='ltr'>ττρόσιτον,</span> <span class='ocrx_word' id='word_1_718' title='bbox 254 2668 310 2695; x_wconf 83' lang='grc' dir='ltr'>εἴτε</span> <span class='ocrx_word' id='word_1_719' title='bbox 333 2670 448 2704; x_wconf 77' lang='grc' dir='ltr'>χαλεπόν</span> <span class='ocrx_word' id='word_1_720' title='bbox 472 2679 497 2695; x_wconf 88' lang='grc' dir='ltr'><strong>τι</strong></span> <span class='ocrx_word' id='word_1_721' title='bbox 523 2669 570 2696; x_wconf 72' lang='grc' dir='ltr'>καὶ</span> <span class='ocrx_word' id='word_1_722' title='bbox 595 2670 789 2705; x_wconf 77' lang='grc' dir='ltr'>ἀποτρόπαιον.</span> <span class='ocrx_word' id='word_1_723' title='bbox 812 2670 847 2696; x_wconf 79' lang='grc' dir='ltr'><strong>Τὸ</strong></span> <span class='ocrx_word' id='word_1_724' title='bbox 861 2669 888 2695; x_wconf 78' lang='grc' dir='ltr'>δὲ</span> 
     </span>
    </p>
   </div>
   <div class='ocr_carea' id='block_1_92' title="bbox 93 2713 889 2750">
    <p class='ocr_par' dir='ltr' id='par_1_92' title="bbox 93 2713 889 2750">
     <span class='ocr_line' id='line_1_92' title="bbox 93 2713 889 2750; baseline 0 -11"><span class='ocrx_word' id='word_1_725' title='bbox 93 2713 191 2748; x_wconf 76' lang='grc' dir='ltr'>ἄδηλον</span> <span class='ocrx_word' id='word_1_726' title='bbox 215 2713 331 2740; x_wconf 82' lang='grc' dir='ltr'>καθόλου</span> <span class='ocrx_word' id='word_1_727' title='bbox 357 2714 404 2740; x_wconf 80' lang='grc' dir='ltr'>καὶ</span> <span class='ocrx_word' id='word_1_728' title='bbox 428 2715 624 2750; x_wconf 73' lang='grc' dir='ltr'>ἀγνοούμενον,</span> <span class='ocrx_word' id='word_1_729' title='bbox 650 2715 707 2746; x_wconf 85' lang='grc' dir='ltr'>πῶς</span> <span class='ocrx_word' id='word_1_730' title='bbox 728 2715 760 2741; x_wconf 83' lang='grc' dir='ltr'>ἄν</span> <span class='ocrx_word' id='word_1_731' title='bbox 779 2723 820 2745; x_wconf 83' lang='grc' dir='ltr'><strong>τις</strong></span> <span class='ocrx_word' id='word_1_732' title='bbox 836 2713 889 2740; x_wconf 75' lang='grc' dir='ltr'>τῶν</span> 
     </span>
    </p>
   </div>
   <div class='ocr_carea' id='block_1_93' title="bbox 94 2759 888 2795">
    <p class='ocr_par' dir='ltr' id='par_1_93' title="bbox 94 2759 888 2795">
     <span class='ocr_line' id='line_1_93' title="bbox 94 2759 888 2795; baseline 0 -9"><span class='ocrx_word' id='word_1_733' title='bbox 94 2761 154 2786; x_wconf 69' lang='grc' dir='ltr'>νοῦν</span> <span class='ocrx_word' id='word_1_734' title='bbox 167 2760 286 2795; x_wconf 80' lang='grc' dir='ltr'>ἐχόντων</span> <span class='ocrx_word' id='word_1_735' title='bbox 303 2759 420 2794; x_wconf 72' lang='grc' dir='ltr'>χαλεπὸν</span> <span class='ocrx_word' id='word_1_736' title='bbox 431 2761 498 2787; x_wconf 71' lang='grc' dir='ltr'>εἶναι</span> <span class='ocrx_word' id='word_1_737' title='bbox 512 2761 610 2795; x_wconf 72' lang='grc' dir='ltr'>κρίνοι,</span> <span class='ocrx_word' id='word_1_738' title='bbox 627 2760 675 2795; x_wconf 78' lang='grc' dir='ltr'><strong>τὴν</strong></span> <span class='ocrx_word' id='word_1_739' title='bbox 685 2761 733 2795; x_wconf 82' lang='grc' dir='ltr'>τῆς</span> <span class='ocrx_word' id='word_1_740' title='bbox 747 2760 888 2793; x_wconf 81' lang='grc' dir='ltr'>συνηθείας</span> 
     </span>
    </p>
   </div>
   <div class='ocr_carea' id='block_1_94' title="bbox 932 1521 1724 1560">
    <p class='ocr_par' dir='ltr' id='par_1_94' title="bbox 932 1521 1724 1560">
     <span class='ocr_line' id='line_1_94' title="bbox 932 1521 1724 1560; baseline -0.009 -8"><span class='ocrx_word' id='word_1_741' title='bbox 932 1525 1089 1560; x_wconf 77' lang='lat' dir='ltr'><strong>cognitam,</strong></span> <span class='ocrx_word' id='word_1_742' title='bbox 1107 1527 1137 1551; x_wconf 87' lang='lat' dir='ltr'><strong>ut</strong></span> <span class='ocrx_word' id='word_1_743' title='bbox 1159 1524 1258 1551; x_wconf 83' lang='lat' dir='ltr'><strong>bonam</strong></span> <span class='ocrx_word' id='word_1_744' title='bbox 1272 1521 1503 1557; x_wconf 88' lang='lat' dir='ltr'><strong>complectimini,</strong></span> <span class='ocrx_word' id='word_1_745' title='bbox 1528 1521 1601 1547; x_wconf 89' lang='lat' dir='ltr'><strong>illam</strong></span> <span class='ocrx_word' id='word_1_746' title='bbox 1633 1523 1724 1546; x_wconf 85' lang='lat' dir='ltr'><strong>autem</strong></span> 
     </span>
    </p>
   </div>
   <div class='ocr_carea' id='block_1_95' title="bbox 932 1565 1724 1598">
    <p class='ocr_par' dir='ltr' id='par_1_95' title="bbox 932 1565 1724 1598">
     <span class='ocr_line' id='line_1_95' title="bbox 932 1565 1724 1598; baseline -0.009 0"><span class='ocrx_word' id='word_1_747' title='bbox 932 1576 962 1598; x_wconf 73' lang='lat' dir='ltr'><strong>ut</strong></span> <span class='ocrx_word' id='word_1_748' title='bbox 972 1570 1132 1597; x_wconf 87' lang='lat' dir='ltr'><strong>horribilem</strong></span> <span class='ocrx_word' id='word_1_749' title='bbox 1146 1576 1179 1596; x_wconf 82' lang='lat' dir='ltr'><strong>ac</strong></span> <span class='ocrx_word' id='word_1_750' title='bbox 1192 1568 1364 1596; x_wconf 89' lang='lat' dir='ltr'><strong>metuendam</strong></span> <span class='ocrx_word' id='word_1_751' title='bbox 1376 1566 1552 1595; x_wconf 76' lang='lat' dir='ltr'><strong>formidatis?</strong></span> <span class='ocrx_word' id='word_1_752' title='bbox 1564 1573 1619 1592; x_wconf 94' lang='lat' dir='ltr'><strong>non</strong></span> <span class='ocrx_word' id='word_1_753' title='bbox 1643 1565 1724 1592; x_wconf 85' lang='lat' dir='ltr'><strong>aliam</strong></span> 
     </span>
    </p>
   </div>
   <div class='ocr_carea' id='block_1_96' title="bbox 914 1611 1725 1651">
    <p class='ocr_par' dir='ltr' id='par_1_96' title="bbox 914 1611 1725 1651">
     <span class='ocr_line' id='line_1_96' title="bbox 914 1611 1725 1651; baseline -0.009 -7"><span class='ocrx_word' id='word_1_754' title='bbox 914 1636 916 1639; x_wconf 88' lang='grc'><strong>-</strong></span> <span class='ocrx_word' id='word_1_755' title='bbox 933 1617 1029 1651; x_wconf 86' lang='lat' dir='ltr'><strong>utique</strong></span> <span class='ocrx_word' id='word_1_756' title='bbox 1043 1616 1078 1643; x_wconf 91' lang='lat' dir='ltr'><strong>ob</strong></span> <span class='ocrx_word' id='word_1_757' title='bbox 1093 1623 1205 1643; x_wconf 87' lang='lat' dir='ltr'><strong>causam</strong></span> <span class='ocrx_word' id='word_1_758' title='bbox 1221 1615 1249 1642; x_wconf 90' lang='lat' dir='ltr'><strong>id</strong></span> <span class='ocrx_word' id='word_1_759' title='bbox 1272 1614 1368 1649; x_wconf 78' lang='lat' dir='ltr'><strong>agitis.</strong></span> <span class='ocrx_word' id='word_1_760' title='bbox 1396 1613 1448 1640; x_wconf 89' lang='lat' dir='ltr'><strong>nisi</strong></span> <span class='ocrx_word' id='word_1_761' title='bbox 1465 1613 1546 1647; x_wconf 86' lang='lat' dir='ltr'><strong>quia,</strong></span> <span class='ocrx_word' id='word_1_762' title='bbox 1560 1612 1650 1647; x_wconf 89' lang='lat' dir='ltr'><strong>qualis</strong></span> <span class='ocrx_word' id='word_1_763' title='bbox 1666 1611 1725 1646; x_wconf 86' lang='lat' dir='ltr'><strong>ipsa</strong></span> 
     </span>
    </p>
   </div>
   <div class='ocr_carea' id='block_1_97' title="bbox 933 1657 1725 1696">
    <p class='ocr_par' dir='ltr' id='par_1_97' title="bbox 933 1657 1725 1696">
     <span class='ocr_line' id='line_1_97' title="bbox 933 1657 1725 1696; baseline -0.008 -6"><span class='ocrx_word' id='word_1_764' title='bbox 933 1663 984 1696; x_wconf 85' lang='lat' dir='ltr'><strong>sit,</strong></span> <span class='ocrx_word' id='word_1_765' title='bbox 1002 1669 1057 1690; x_wconf 91' lang='lat' dir='ltr'><strong>non</strong></span> <span class='ocrx_word' id='word_1_766' title='bbox 1074 1661 1252 1696; x_wconf 82' lang='lat' dir='ltr'><strong>cognoscitis.</strong></span> <span class='ocrx_word' id='word_1_767' title='bbox 1281 1660 1347 1693; x_wconf 70' lang='lat' dir='ltr'><strong>Quae</strong></span> <span class='ocrx_word' id='word_1_768' title='bbox 1376 1664 1467 1686; x_wconf 84' lang='lat' dir='ltr'><strong>tamen</strong></span> <span class='ocrx_word' id='word_1_769' title='bbox 1499 1667 1552 1686; x_wconf 88' lang='lat' dir='ltr'><strong>non</strong></span> <span class='ocrx_word' id='word_1_770' title='bbox 1579 1663 1622 1686; x_wconf 87' lang='lat' dir='ltr'><strong>est</strong></span> <span class='ocrx_word' id='word_1_771' title='bbox 1649 1657 1725 1692; x_wconf 81' lang='lat' dir='ltr'><strong>justa</strong></span> 
     </span>
    </p>
   </div>
   <div class='ocr_carea' id='block_1_98' title="bbox 933 1704 1725 1739">
    <p class='ocr_par' dir='ltr' id='par_1_98' title="bbox 933 1704 1725 1739">
     <span class='ocr_line' id='line_1_98' title="bbox 933 1704 1725 1739; baseline -0.008 -3"><span class='ocrx_word' id='word_1_772' title='bbox 933 1715 1017 1736; x_wconf 81' lang='lat' dir='ltr'><strong>causa</strong></span> <span class='ocrx_word' id='word_1_773' title='bbox 1048 1707 1206 1739; x_wconf 91' lang='lat' dir='ltr'><strong>metuendi,</strong></span> <span class='ocrx_word' id='word_1_774' title='bbox 1232 1714 1294 1734; x_wconf 91' lang='lat' dir='ltr'><strong>emn</strong></span> <span class='ocrx_word' id='word_1_775' title='bbox 1324 1706 1410 1732; x_wconf 87' lang='lat' dir='ltr'><strong>multa</strong></span> <span class='ocrx_word' id='word_1_776' title='bbox 1445 1706 1501 1732; x_wconf 89' lang='lat' dir='ltr'><strong>sint</strong></span> <span class='ocrx_word' id='word_1_777' title='bbox 1526 1705 1567 1732; x_wconf 86' lang='lat' dir='ltr'><strong>vel</strong></span> <span class='ocrx_word' id='word_1_778' title='bbox 1596 1704 1725 1732; x_wconf 87' lang='lat' dir='ltr'><strong>sensibus</strong></span> 
     </span>
    </p>
   </div>
   <div class='ocr_carea' id='block_1_99' title="bbox 933 1750 1723 1789">
    <p class='ocr_par' dir='ltr' id='par_1_99' title="bbox 933 1750 1723 1789">
     <span class='ocr_line' id='line_1_99' title="bbox 933 1750 1723 1789; baseline -0.006 -8"><span class='ocrx_word' id='word_1_779' title='bbox 933 1753 1057 1789; x_wconf 78' lang='lat' dir='ltr'><strong>exposita</strong></span> <span class='ocrx_word' id='word_1_780' title='bbox 1069 1774 1076 1787; x_wconf 93' lang='lat'><strong>,</strong></span> <span class='ocrx_word' id='word_1_781' title='bbox 1093 1753 1135 1781; x_wconf 87' lang='lat' dir='ltr'><strong>vel</strong></span> <span class='ocrx_word' id='word_1_782' title='bbox 1147 1753 1181 1780; x_wconf 82' lang='lat' dir='ltr'><strong>ab</strong></span> <span class='ocrx_word' id='word_1_783' title='bbox 1195 1753 1236 1780; x_wconf 89' lang='lat' dir='ltr'><strong>eis</strong></span> <span class='ocrx_word' id='word_1_784' title='bbox 1252 1756 1358 1780; x_wconf 85' lang='lat' dir='ltr'><strong>remota</strong></span> <span class='ocrx_word' id='word_1_785' title='bbox 1370 1771 1377 1784; x_wconf 95' lang='lat'><strong>,</strong></span> <span class='ocrx_word' id='word_1_786' title='bbox 1395 1759 1456 1787; x_wconf 76' lang='lat' dir='ltr'><strong>qua:</strong></span> <span class='ocrx_word' id='word_1_787' title='bbox 1480 1751 1544 1778; x_wconf 88' lang='lat' dir='ltr'><strong>licet</strong></span> <span class='ocrx_word' id='word_1_788' title='bbox 1571 1750 1723 1786; x_wconf 75' lang='lat' dir='ltr'><strong>ignoretis,</strong></span> 
     </span>
    </p>
   </div>
   <div class='ocr_carea' id='block_1_100' title="bbox 933 1797 1723 1835">
    <p class='ocr_par' dir='ltr' id='par_1_100' title="bbox 933 1797 1723 1835">
     <span class='ocr_line' id='line_1_100' title="bbox 933 1797 1723 1835; baseline -0.008 -7"><span class='ocrx_word' id='word_1_789' title='bbox 933 1808 989 1828; x_wconf 89' lang='lat' dir='ltr'><strong>non</strong></span> <span class='ocrx_word' id='word_1_790' title='bbox 1004 1799 1212 1835; x_wconf 85' lang='lat' dir='ltr'><strong>pertimescitis.</strong></span> <span class='ocrx_word' id='word_1_791' title='bbox 1226 1797 1293 1825; x_wconf 84' lang='lat' dir='ltr'><strong>Nam</strong></span> <span class='ocrx_word' id='word_1_792' title='bbox 1318 1802 1346 1825; x_wconf 90' lang='lat' dir='ltr'><strong>et</strong></span> <span class='ocrx_word' id='word_1_793' title='bbox 1363 1805 1424 1833; x_wconf 72' lang='lat' dir='ltr'><strong>qute</strong></span> <span class='ocrx_word' id='word_1_794' title='bbox 1439 1797 1474 1826; x_wconf 87' lang='lat' dir='ltr'><strong>sit</strong></span> <span class='ocrx_word' id='word_1_795' title='bbox 1489 1804 1586 1824; x_wconf 89' lang='lat' dir='ltr'><strong>eorum</strong></span> <span class='ocrx_word' id='word_1_796' title='bbox 1606 1800 1723 1828; x_wconf 87' lang='lat' dir='ltr'><strong>natura,</strong></span> 
     </span>
    </p>
   </div>
   <div class='ocr_carea' id='block_1_101' title="bbox 934 1841 1726 1880">
    <p class='ocr_par' dir='ltr' id='par_1_101' title="bbox 934 1841 1726 1880">
     <span class='ocr_line' id='line_1_101' title="bbox 934 1841 1726 1880; baseline -0.005 -8"><span class='ocrx_word' id='word_1_797' title='bbox 934 1853 995 1880; x_wconf 76' lang='lat' dir='ltr'><strong>quae</strong></span> <span class='ocrx_word' id='word_1_798' title='bbox 1024 1845 1051 1872; x_wconf 92' lang='lat' dir='ltr'><strong>in</strong></span> <span class='ocrx_word' id='word_1_799' title='bbox 1078 1844 1149 1871; x_wconf 65' lang='lat' dir='ltr'><strong>coelo</strong></span> <span class='ocrx_word' id='word_1_800' title='bbox 1180 1843 1361 1878; x_wconf 87' lang='lat' dir='ltr'><strong>conspicitis,</strong></span> <span class='ocrx_word' id='word_1_801' title='bbox 1391 1848 1416 1870; x_wconf 92' lang='lat' dir='ltr'><strong>ct</strong></span> <span class='ocrx_word' id='word_1_802' title='bbox 1440 1841 1506 1878; x_wconf 90' lang='lat' dir='ltr'><strong>quid</strong></span> <span class='ocrx_word' id='word_1_803' title='bbox 1536 1842 1610 1869; x_wconf 84' lang='lat' dir='ltr'><strong>circa</strong></span> <span class='ocrx_word' id='word_1_804' title='bbox 1633 1841 1726 1876; x_wconf 89' lang='lat' dir='ltr'><strong>polum</strong></span> 
     </span>
    </p>
   </div>
   <div class='ocr_carea' id='block_1_102' title="bbox 934 1887 1726 1923">
    <p class='ocr_par' dir='ltr' id='par_1_102' title="bbox 934 1887 1726 1923">
     <span class='ocr_line' id='line_1_102' title="bbox 934 1887 1726 1923; baseline -0.009 -3"><span class='ocrx_word' id='word_1_805' title='bbox 934 1899 1017 1921; x_wconf 89' lang='lat' dir='ltr'><strong>cursu</strong></span> <span class='ocrx_word' id='word_1_806' title='bbox 1034 1890 1173 1918; x_wconf 85' lang='lat' dir='ltr'><strong>contrario</strong></span> <span class='ocrx_word' id='word_1_807' title='bbox 1193 1894 1298 1917; x_wconf 87' lang='lat' dir='ltr'><strong>tnotum</strong></span> <span class='ocrx_word' id='word_1_808' title='bbox 1316 1890 1404 1920; x_wconf 85' lang='lat' dir='ltr'><strong>cicat,</strong></span> <span class='ocrx_word' id='word_1_809' title='bbox 1436 1887 1537 1923; x_wconf 85' lang='lat' dir='ltr'><strong>quidve</strong></span> <span class='ocrx_word' id='word_1_810' title='bbox 1564 1891 1643 1915; x_wconf 66' lang='lat' dir='ltr'><strong>terra:</strong></span> <span class='ocrx_word' id='word_1_811' title='bbox 1661 1887 1726 1915; x_wconf 91' lang='lat' dir='ltr'><strong>soli-</strong></span> 
     </span>
    </p>
   </div>
   <div class='ocr_carea' id='block_1_103' title="bbox 934 1933 1726 1971">
    <p class='ocr_par' dir='ltr' id='par_1_103' title="bbox 934 1933 1726 1971">
     <span class='ocr_line' id='line_1_103' title="bbox 934 1933 1726 1971; baseline -0.008 -6"><span class='ocrx_word' id='word_1_812' title='bbox 934 1939 1047 1966; x_wconf 84' lang='lat' dir='ltr'><strong>ditatem</strong></span> <span class='ocrx_word' id='word_1_813' title='bbox 1067 1940 1220 1969; x_wconf 87' lang='lat' dir='ltr'><strong>sustentet,</strong></span> <span class='ocrx_word' id='word_1_814' title='bbox 1251 1940 1298 1963; x_wconf 86' lang='lat' dir='ltr'><strong>aut</strong></span> <span class='ocrx_word' id='word_1_815' title='bbox 1320 1943 1375 1971; x_wconf 86' lang='lat' dir='ltr'><strong>quo</strong></span> <span class='ocrx_word' id='word_1_816' title='bbox 1392 1934 1474 1962; x_wconf 87' lang='lat' dir='ltr'><strong>modo</strong></span> <span class='ocrx_word' id='word_1_817' title='bbox 1491 1933 1563 1961; x_wconf 84' lang='lat' dir='ltr'><strong>ﬂuxa</strong></span> <span class='ocrx_word' id='word_1_818' title='bbox 1592 1940 1726 1968; x_wconf 87' lang='lat' dir='ltr'><strong>aquarum</strong></span> 
     </span>
    </p>
   </div>
   <div class='ocr_carea' id='block_1_104' title="bbox 934 1981 1726 2018">
    <p class='ocr_par' dir='ltr' id='par_1_104' title="bbox 934 1981 1726 2018">
     <span class='ocr_line' id='line_1_104' title="bbox 934 1981 1726 2018; baseline -0.008 -7"><span class='ocrx_word' id='word_1_819' title='bbox 934 1988 1034 2011; x_wconf 86' lang='lat' dir='ltr'><strong>natura</strong></span> <span class='ocrx_word' id='word_1_820' title='bbox 1049 1982 1160 2011; x_wconf 87' lang='lat' dir='ltr'><strong>assidue</strong></span> <span class='ocrx_word' id='word_1_821' title='bbox 1181 1983 1310 2018; x_wconf 73' lang='lat' dir='ltr'><strong>gignatur</strong></span> <span class='ocrx_word' id='word_1_822' title='bbox 1333 1989 1348 2009; x_wconf 91' lang='lat' dir='ltr'><strong>e</strong></span> <span class='ocrx_word' id='word_1_823' title='bbox 1369 1986 1461 2013; x_wconf 84' lang='lat' dir='ltr'><strong>terra,</strong></span> <span class='ocrx_word' id='word_1_824' title='bbox 1489 1987 1541 2008; x_wconf 90' lang='lat' dir='ltr'><strong>nec</strong></span> <span class='ocrx_word' id='word_1_825' title='bbox 1568 1981 1628 2015; x_wconf 87' lang='lat' dir='ltr'><strong>ipsa</strong></span> <span class='ocrx_word' id='word_1_826' title='bbox 1653 1984 1726 2006; x_wconf 88' lang='lat' dir='ltr'><strong>terra</strong></span> 
     </span>
    </p>
   </div>
   <div class='ocr_carea' id='block_1_105' title="bbox 935 2024 1727 2063">
    <p class='ocr_par' dir='ltr' id='par_1_105' title="bbox 935 2024 1727 2063">
     <span class='ocr_line' id='line_1_105' title="bbox 935 2024 1727 2063; baseline -0.009 -7"><span class='ocrx_word' id='word_1_827' title='bbox 935 2029 1062 2061; x_wconf 82' lang='lat' dir='ltr'><strong>deﬁciat,</strong></span> <span class='ocrx_word' id='word_1_828' title='bbox 1086 2028 1236 2063; x_wconf 75' lang='lat' dir='ltr'><strong>ignoratis,</strong></span> <span class='ocrx_word' id='word_1_829' title='bbox 1254 2035 1305 2055; x_wconf 89' lang='lat' dir='ltr'><strong>nec</strong></span> <span class='ocrx_word' id='word_1_830' title='bbox 1321 2031 1412 2054; x_wconf 82' lang='lat' dir='ltr'><strong>tamen</strong></span> <span class='ocrx_word' id='word_1_831' title='bbox 1428 2026 1464 2053; x_wconf 89' lang='lat' dir='ltr'><strong>oh</strong></span> <span class='ocrx_word' id='word_1_832' title='bbox 1488 2025 1627 2052; x_wconf 89' lang='lat' dir='ltr'><strong>inscitiam</strong></span> <span class='ocrx_word' id='word_1_833' title='bbox 1655 2024 1727 2050; x_wconf 90' lang='lat' dir='ltr'><strong>hanc</strong></span> 
     </span>
    </p>
   </div>
   <div class='ocr_carea' id='block_1_106' title="bbox 935 2069 1727 2107">
    <p class='ocr_par' dir='ltr' id='par_1_106' title="bbox 935 2069 1727 2107">
     <span class='ocr_line' id='line_1_106' title="bbox 935 2069 1727 2107; baseline -0.008 -6"><span class='ocrx_word' id='word_1_834' title='bbox 935 2073 1142 2101; x_wconf 83' lang='lat' dir='ltr'><strong>exhorrescitis.</strong></span> <span class='ocrx_word' id='word_1_835' title='bbox 1161 2072 1253 2105; x_wconf 85' lang='lat' dir='ltr'><strong>Quid?</strong></span> <span class='ocrx_word' id='word_1_836' title='bbox 1272 2072 1346 2107; x_wconf 90' lang='lat' dir='ltr'><strong>quod</strong></span> <span class='ocrx_word' id='word_1_837' title='bbox 1376 2071 1496 2098; x_wconf 88' lang='lat' dir='ltr'><strong>divinam</strong></span> <span class='ocrx_word' id='word_1_838' title='bbox 1521 2077 1553 2097; x_wconf 87' lang='lat' dir='ltr'><strong>ac</strong></span> <span class='ocrx_word' id='word_1_839' title='bbox 1569 2070 1676 2097; x_wconf 87' lang='lat' dir='ltr'><strong>beatam</strong></span> <span class='ocrx_word' id='word_1_840' title='bbox 1694 2069 1727 2096; x_wconf 84' lang='lat' dir='ltr'><strong>il-</strong></span> 
     </span>
    </p>
   </div>
   <div class='ocr_carea' id='block_1_107' title="bbox 934 2115 1726 2151">
    <p class='ocr_par' dir='ltr' id='par_1_107' title="bbox 934 2115 1726 2151">
     <span class='ocr_line' id='line_1_107' title="bbox 934 2115 1726 2151; baseline -0.008 -4"><span class='ocrx_word' id='word_1_841' title='bbox 934 2120 989 2147; x_wconf 87' lang='lat' dir='ltr'><strong>lam</strong></span> <span class='ocrx_word' id='word_1_842' title='bbox 1016 2123 1144 2146; x_wconf 87' lang='lat' dir='ltr'><strong>naturam</strong></span> <span class='ocrx_word' id='word_1_843' title='bbox 1173 2125 1265 2145; x_wconf 83' lang='lat' dir='ltr'><strong>rerum</strong></span> <span class='ocrx_word' id='word_1_844' title='bbox 1304 2117 1428 2144; x_wconf 88' lang='lat' dir='ltr'><strong>omnimn</strong></span> <span class='ocrx_word' id='word_1_845' title='bbox 1451 2115 1726 2151; x_wconf 69' lang='lat' dir='ltr'><strong>prtestantissimam,</strong></span> 
     </span>
    </p>
   </div>
   <div class='ocr_carea' id='block_1_108' title="bbox 899 2161 1727 2201">
    <p class='ocr_par' dir='ltr' id='par_1_108' title="bbox 899 2161 1727 2201">
     <span class='ocr_line' id='line_1_108' title="bbox 899 2161 1727 2201; baseline -0.008 -7"><span class='ocrx_word' id='word_1_846' title='bbox 899 2167 921 2194; x_wconf 84' lang='lat' dir='ltr'><strong>D</strong></span> <span class='ocrx_word' id='word_1_847' title='bbox 935 2173 996 2201; x_wconf 68' lang='lat' dir='ltr'><strong>qua:</strong></span> <span class='ocrx_word' id='word_1_848' title='bbox 1009 2173 1058 2192; x_wconf 88' lang='lat' dir='ltr'><strong>nec</strong></span> <span class='ocrx_word' id='word_1_849' title='bbox 1074 2163 1239 2200; x_wconf 76' lang='lat' dir='ltr'><strong>cogitatione</strong></span> <span class='ocrx_word' id='word_1_850' title='bbox 1251 2182 1258 2195; x_wconf 91' lang='lat'><strong>,</strong></span> <span class='ocrx_word' id='word_1_851' title='bbox 1273 2170 1324 2190; x_wconf 91' lang='lat' dir='ltr'><strong>nec</strong></span> <span class='ocrx_word' id='word_1_852' title='bbox 1340 2162 1432 2188; x_wconf 87' lang='lat' dir='ltr'><strong>animo</strong></span> <span class='ocrx_word' id='word_1_853' title='bbox 1444 2181 1452 2193; x_wconf 91' lang='lat'><strong>,</strong></span> <span class='ocrx_word' id='word_1_854' title='bbox 1470 2165 1517 2188; x_wconf 85' lang='lat' dir='ltr'><strong>aut</strong></span> <span class='ocrx_word' id='word_1_855' title='bbox 1543 2165 1633 2188; x_wconf 89' lang='lat' dir='ltr'><strong>mente</strong></span> <span class='ocrx_word' id='word_1_856' title='bbox 1650 2161 1727 2195; x_wconf 87' lang='lat' dir='ltr'><strong>plene</strong></span> 
     </span>
    </p>
   </div>
   <div class='ocr_carea' id='block_1_109' title="bbox 935 2207 1728 2247">
    <p class='ocr_par' dir='ltr' id='par_1_109' title="bbox 935 2207 1728 2247">
     <span class='ocr_line' id='line_1_109' title="bbox 935 2207 1728 2247; baseline -0.009 -7"><span class='ocrx_word' id='word_1_857' title='bbox 935 2211 1130 2247; x_wconf 84' lang='lat' dir='ltr'><strong>comprehendi</strong></span> <span class='ocrx_word' id='word_1_858' title='bbox 1144 2214 1253 2245; x_wconf 88' lang='lat' dir='ltr'><strong>potest,</strong></span> <span class='ocrx_word' id='word_1_859' title='bbox 1269 2216 1333 2237; x_wconf 85' lang='lat' dir='ltr'><strong>esse</strong></span> <span class='ocrx_word' id='word_1_860' title='bbox 1348 2208 1462 2244; x_wconf 88' lang='lat' dir='ltr'><strong>quidem</strong></span> <span class='ocrx_word' id='word_1_861' title='bbox 1475 2207 1587 2235; x_wconf 86' lang='lat' dir='ltr'><strong>creditis</strong></span> <span class='ocrx_word' id='word_1_862' title='bbox 1597 2226 1605 2239; x_wconf 88' lang='lat'><strong>,</strong></span> <span class='ocrx_word' id='word_1_863' title='bbox 1620 2207 1648 2234; x_wconf 90' lang='lat' dir='ltr'><strong>in</strong></span> <span class='ocrx_word' id='word_1_864' title='bbox 1672 2214 1728 2242; x_wconf 89' lang='lat' dir='ltr'><strong>quo</strong></span> 
     </span>
    </p>
   </div>
   <div class='ocr_carea' id='block_1_110' title="bbox 936 2253 1727 2290">
    <p class='ocr_par' dir='ltr' id='par_1_110' title="bbox 936 2253 1727 2290">
     <span class='ocr_line' id='line_1_110' title="bbox 936 2253 1727 2290; baseline -0.008 -5"><span class='ocrx_word' id='word_1_865' title='bbox 936 2262 1026 2285; x_wconf 86' lang='lat' dir='ltr'><strong>autem</strong></span> <span class='ocrx_word' id='word_1_866' title='bbox 1040 2257 1192 2289; x_wconf 82' lang='lat' dir='ltr'><strong>consistat,</strong></span> <span class='ocrx_word' id='word_1_867' title='bbox 1215 2255 1315 2290; x_wconf 88' lang='lat' dir='ltr'><strong>quidve</strong></span> <span class='ocrx_word' id='word_1_868' title='bbox 1330 2255 1390 2290; x_wconf 86' lang='lat' dir='ltr'><strong>ipsa</strong></span> <span class='ocrx_word' id='word_1_869' title='bbox 1406 2254 1458 2286; x_wconf 86' lang='lat' dir='ltr'><strong>sit,</strong></span> <span class='ocrx_word' id='word_1_870' title='bbox 1479 2254 1553 2281; x_wconf 88' lang='lat' dir='ltr'><strong>nulla</strong></span> <span class='ocrx_word' id='word_1_871' title='bbox 1568 2253 1658 2280; x_wconf 87' lang='lat' dir='ltr'><strong>adltuc</strong></span> <span class='ocrx_word' id='word_1_872' title='bbox 1681 2260 1727 2279; x_wconf 87' lang='lat' dir='ltr'><strong>ra-</strong></span> 
     </span>
    </p>
   </div>
   <div class='ocr_carea' id='block_1_111' title="bbox 934 2301 1727 2337">
    <p class='ocr_par' dir='ltr' id='par_1_111' title="bbox 934 2301 1727 2337">
     <span class='ocr_line' id='line_1_111' title="bbox 934 2301 1727 2337; baseline -0.006 -7"><span class='ocrx_word' id='word_1_873' title='bbox 934 2303 1011 2330; x_wconf 87' lang='lat' dir='ltr'><strong>tione</strong></span> <span class='ocrx_word' id='word_1_874' title='bbox 1025 2303 1163 2337; x_wconf 83' lang='lat' dir='ltr'><strong>conjicere</strong></span> <span class='ocrx_word' id='word_1_875' title='bbox 1175 2301 1304 2337; x_wconf 86' lang='lat' dir='ltr'><strong>potuistis</strong></span> <span class='ocrx_word' id='word_1_876' title='bbox 1315 2321 1322 2333; x_wconf 88' lang='lat'><strong>,</strong></span> <span class='ocrx_word' id='word_1_877' title='bbox 1339 2305 1421 2335; x_wconf 87' lang='lat' dir='ltr'><strong>atque</strong></span> <span class='ocrx_word' id='word_1_878' title='bbox 1437 2307 1497 2328; x_wconf 89' lang='lat' dir='ltr'><strong>eam</strong></span> <span class='ocrx_word' id='word_1_879' title='bbox 1516 2304 1607 2326; x_wconf 81' lang='lat' dir='ltr'><strong>tamen</strong></span> <span class='ocrx_word' id='word_1_880' title='bbox 1621 2318 1628 2331; x_wconf 90' lang='lat'><strong>,</strong></span> <span class='ocrx_word' id='word_1_881' title='bbox 1645 2306 1727 2334; x_wconf 89' lang='lat' dir='ltr'><strong>quam</strong></span> 
     </span>
    </p>
   </div>
   <div class='ocr_carea' id='block_1_112' title="bbox 936 2344 1727 2382">
    <p class='ocr_par' dir='ltr' id='par_1_112' title="bbox 936 2344 1727 2382">
     <span class='ocr_line' id='line_1_112' title="bbox 936 2344 1727 2382; baseline -0.006 -6"><span class='ocrx_word' id='word_1_882' title='bbox 936 2349 1020 2376; x_wconf 91' lang='lat' dir='ltr'><strong>nullis</strong></span> <span class='ocrx_word' id='word_1_883' title='bbox 1037 2348 1192 2375; x_wconf 86' lang='lat' dir='ltr'><strong>rationibus</strong></span> <span class='ocrx_word' id='word_1_884' title='bbox 1209 2347 1305 2374; x_wconf 86' lang='lat' dir='ltr'><strong>valetis</strong></span> <span class='ocrx_word' id='word_1_885' title='bbox 1329 2347 1482 2382; x_wconf 79' lang='lat' dir='ltr'><strong>intelligere</strong></span> <span class='ocrx_word' id='word_1_886' title='bbox 1494 2367 1501 2378; x_wconf 95' lang='lat'><strong>,</strong></span> <span class='ocrx_word' id='word_1_887' title='bbox 1533 2349 1591 2372; x_wconf 85' lang='lat' dir='ltr'><strong>toto</strong></span> <span class='ocrx_word' id='word_1_888' title='bbox 1620 2344 1706 2372; x_wconf 89' lang='lat' dir='ltr'><strong>corde</strong></span> <span class='ocrx_word' id='word_1_889' title='bbox 1719 2363 1727 2375; x_wconf 92' lang='lat'><strong>,</strong></span> 
     </span>
    </p>
   </div>
   <div class='ocr_carea' id='block_1_113' title="bbox 939 2390 1728 2427">
    <p class='ocr_par' dir='ltr' id='par_1_113' title="bbox 939 2390 1728 2427">
     <span class='ocr_line' id='line_1_113' title="bbox 939 2390 1728 2427; baseline -0.006 -6"><span class='ocrx_word' id='word_1_890' title='bbox 939 2395 1030 2421; x_wconf 85' lang='lat' dir='ltr'><strong>animo</strong></span> <span class='ocrx_word' id='word_1_891' title='bbox 1043 2414 1050 2425; x_wconf 91' lang='lat'><strong>,</strong></span> <span class='ocrx_word' id='word_1_892' title='bbox 1062 2394 1218 2427; x_wconf 75' lang='lat' dir='ltr'><strong>vit-tutoque</strong></span> <span class='ocrx_word' id='word_1_893' title='bbox 1230 2391 1367 2427; x_wconf 77' lang='lat' dir='ltr'><strong>diligitis?</strong></span> <span class='ocrx_word' id='word_1_894' title='bbox 1385 2391 1441 2419; x_wconf 85' lang='lat' dir='ltr'><strong>Cur</strong></span> <span class='ocrx_word' id='word_1_895' title='bbox 1457 2391 1540 2427; x_wconf 77' lang='lat' dir='ltr'><strong>igitur</strong></span> <span class='ocrx_word' id='word_1_896' title='bbox 1570 2391 1627 2417; x_wconf 71' lang='lat' dir='ltr'><strong>hzec</strong></span> <span class='ocrx_word' id='word_1_897' title='bbox 1645 2390 1728 2417; x_wconf 86' lang='lat' dir='ltr'><strong>stulta</strong></span> 
     </span>
    </p>
   </div>
   <div class='ocr_carea' id='block_1_114' title="bbox 940 2437 1728 2472">
    <p class='ocr_par' dir='ltr' id='par_1_114' title="bbox 940 2437 1728 2472">
     <span class='ocr_line' id='line_1_114' title="bbox 940 2437 1728 2472; baseline -0.006 -5"><span class='ocrx_word' id='word_1_898' title='bbox 940 2440 1047 2467; x_wconf 75' lang='lat' dir='ltr'><strong>timoris</strong></span> <span class='ocrx_word' id='word_1_899' title='bbox 1070 2439 1140 2466; x_wconf 91' lang='lat' dir='ltr'><strong>ratio</strong></span> <span class='ocrx_word' id='word_1_900' title='bbox 1167 2438 1238 2465; x_wconf 84' lang='lat' dir='ltr'><strong>valet</strong></span> <span class='ocrx_word' id='word_1_901' title='bbox 1256 2438 1284 2465; x_wconf 91' lang='lat' dir='ltr'><strong>in</strong></span> <span class='ocrx_word' id='word_1_902' title='bbox 1314 2438 1360 2464; x_wconf 92' lang='lat' dir='ltr'><strong>illa</strong></span> <span class='ocrx_word' id='word_1_903' title='bbox 1390 2437 1468 2470; x_wconf 86' lang='lat' dir='ltr'><strong>sola,</strong></span> <span class='ocrx_word' id='word_1_904' title='bbox 1495 2444 1555 2472; x_wconf 67' lang='lat' dir='ltr'><strong>qua;</strong></span> <span class='ocrx_word' id='word_1_905' title='bbox 1585 2443 1636 2463; x_wconf 92' lang='lat' dir='ltr'><strong>nos</strong></span> <span class='ocrx_word' id='word_1_906' title='bbox 1668 2439 1728 2470; x_wconf 88' lang='lat' dir='ltr'><strong>post</strong></span> 
     </span>
    </p>
   </div>
   <div class='ocr_carea' id='block_1_115' title="bbox 941 2481 1729 2518">
    <p class='ocr_par' dir='ltr' id='par_1_115' title="bbox 941 2481 1729 2518">
     <span class='ocr_line' id='line_1_115' title="bbox 941 2481 1729 2518; baseline -0.008 -6"><span class='ocrx_word' id='word_1_907' title='bbox 941 2486 1010 2512; x_wconf 88' lang='lat' dir='ltr'><strong>hanc</strong></span> <span class='ocrx_word' id='word_1_908' title='bbox 1037 2488 1185 2518; x_wconf 71' lang='lat' dir='ltr'><strong>exceptura</strong></span> <span class='ocrx_word' id='word_1_909' title='bbox 1206 2487 1266 2515; x_wconf 87' lang='lat' dir='ltr'><strong>est,</strong></span> <span class='ocrx_word' id='word_1_910' title='bbox 1282 2483 1337 2510; x_wconf 83' lang='lat' dir='ltr'><strong>vita</strong></span> <span class='ocrx_word' id='word_1_911' title='bbox 1349 2502 1356 2515; x_wconf 82' lang='lat'><strong>,</strong></span> <span class='ocrx_word' id='word_1_912' title='bbox 1373 2487 1402 2509; x_wconf 87' lang='lat' dir='ltr'><strong>nt</strong></span> <span class='ocrx_word' id='word_1_913' title='bbox 1414 2502 1421 2514; x_wconf 91' lang='lat'><strong>,</strong></span> <span class='ocrx_word' id='word_1_914' title='bbox 1439 2490 1500 2517; x_wconf 66' lang='lat' dir='ltr'><strong>quae</strong></span> <span class='ocrx_word' id='word_1_915' title='bbox 1524 2490 1578 2509; x_wconf 94' lang='lat' dir='ltr'><strong>non</strong></span> <span class='ocrx_word' id='word_1_916' title='bbox 1602 2481 1729 2508; x_wconf 86' lang='lat' dir='ltr'><strong>novimus</strong></span> 
     </span>
    </p>
   </div>
   <div class='ocr_carea' id='block_1_116' title="bbox 941 2528 1728 2567">
    <p class='ocr_par' dir='ltr' id='par_1_116' title="bbox 941 2528 1728 2567">
     <span class='ocr_line' id='line_1_116' title="bbox 941 2528 1728 2567; baseline -0.005 -10"><span class='ocrx_word' id='word_1_917' title='bbox 941 2539 1088 2567; x_wconf 86' lang='lat' dir='ltr'><strong>puerorum</strong></span> <span class='ocrx_word' id='word_1_918' title='bbox 1103 2531 1190 2558; x_wconf 86' lang='lat' dir='ltr'><strong>instar</strong></span> <span class='ocrx_word' id='word_1_919' title='bbox 1202 2551 1209 2562; x_wconf 93' lang='lat'><strong>,</strong></span> <span class='ocrx_word' id='word_1_920' title='bbox 1230 2531 1278 2565; x_wconf 89' lang='lat' dir='ltr'><strong>qui</strong></span> <span class='ocrx_word' id='word_1_921' title='bbox 1294 2530 1425 2557; x_wconf 85' lang='lat' dir='ltr'><strong>inanibus</strong></span> <span class='ocrx_word' id='word_1_922' title='bbox 1438 2529 1599 2564; x_wconf 84' lang='lat' dir='ltr'><strong>opinionum</strong></span> <span class='ocrx_word' id='word_1_923' title='bbox 1614 2528 1728 2561; x_wconf 74' lang='lat' dir='ltr'><strong>ﬁgmen-</strong></span> 
     </span>
    </p>
   </div>
   <div class='ocr_carea' id='block_1_117' title="bbox 941 2571 1729 2608">
    <p class='ocr_par' dir='ltr' id='par_1_117' title="bbox 941 2571 1729 2608">
     <span class='ocr_line' id='line_1_117' title="bbox 941 2571 1729 2608; baseline -0.01 -4"><span class='ocrx_word' id='word_1_924' title='bbox 941 2577 976 2604; x_wconf 89' lang='lat' dir='ltr'><strong>tis</strong></span> <span class='ocrx_word' id='word_1_925' title='bbox 991 2576 1180 2608; x_wconf 87' lang='lat' dir='ltr'><strong>deterrentnr,</strong></span> <span class='ocrx_word' id='word_1_926' title='bbox 1199 2574 1404 2602; x_wconf 73' lang='lat' dir='ltr'><strong>formidamus?</strong></span> <span class='ocrx_word' id='word_1_927' title='bbox 1419 2574 1471 2606; x_wconf 87' lang='lat' dir='ltr'><strong>Qui</strong></span> <span class='ocrx_word' id='word_1_928' title='bbox 1494 2573 1566 2601; x_wconf 88' lang='lat' dir='ltr'><strong>enim</strong></span> <span class='ocrx_word' id='word_1_929' title='bbox 1592 2578 1650 2598; x_wconf 88' lang='lat' dir='ltr'><strong>rem</strong></span> <span class='ocrx_word' id='word_1_930' title='bbox 1680 2571 1729 2596; x_wconf 90' lang='lat' dir='ltr'><strong>ali-</strong></span> 
     </span>
    </p>
   </div>
   <div class='ocr_carea' id='block_1_118' title="bbox 940 2617 1730 2657">
    <p class='ocr_par' dir='ltr' id='par_1_118' title="bbox 940 2617 1730 2657">
     <span class='ocr_line' id='line_1_118' title="bbox 940 2617 1730 2657; baseline -0.008 -9"><span class='ocrx_word' id='word_1_931' title='bbox 940 2630 1020 2657; x_wconf 88' lang='lat' dir='ltr'><strong>quam</strong></span> <span class='ocrx_word' id='word_1_932' title='bbox 1035 2621 1136 2648; x_wconf 88' lang='lat' dir='ltr'><strong>habere</strong></span> <span class='ocrx_word' id='word_1_933' title='bbox 1152 2622 1228 2656; x_wconf 87' lang='lat' dir='ltr'><strong>cupit</strong></span> <span class='ocrx_word' id='word_1_934' title='bbox 1250 2624 1419 2656; x_wconf 84' lang='lat' dir='ltr'><strong>perspectam</strong></span> <span class='ocrx_word' id='word_1_935' title='bbox 1435 2624 1462 2646; x_wconf 86' lang='lat' dir='ltr'><strong>et</strong></span> <span class='ocrx_word' id='word_1_936' title='bbox 1490 2618 1625 2653; x_wconf 83' lang='lat' dir='ltr'><strong>cognitam</strong></span> <span class='ocrx_word' id='word_1_937' title='bbox 1637 2636 1645 2648; x_wconf 92' lang='lat'><strong>,</strong></span> <span class='ocrx_word' id='word_1_938' title='bbox 1674 2617 1730 2651; x_wconf 91' lang='lat' dir='ltr'><strong>pri-</strong></span> 
     </span>
    </p>
   </div>
   <div class='ocr_carea' id='block_1_119' title="bbox 939 2663 1729 2703">
    <p class='ocr_par' dir='ltr' id='par_1_119' title="bbox 939 2663 1729 2703">
     <span class='ocr_line' id='line_1_119' title="bbox 939 2663 1729 2703; baseline -0.01 -7"><span class='ocrx_word' id='word_1_939' title='bbox 939 2677 1013 2696; x_wconf 92' lang='lat' dir='ltr'><strong>mum</strong></span> <span class='ocrx_word' id='word_1_940' title='bbox 1031 2676 1142 2703; x_wconf 87' lang='lat' dir='ltr'><strong>operam</strong></span> <span class='ocrx_word' id='word_1_941' title='bbox 1159 2668 1226 2700; x_wconf 90' lang='lat' dir='ltr'><strong>dat,</strong></span> <span class='ocrx_word' id='word_1_942' title='bbox 1249 2671 1297 2700; x_wconf 90' lang='lat' dir='ltr'><strong>ut,</strong></span> <span class='ocrx_word' id='word_1_943' title='bbox 1313 2674 1374 2702; x_wconf 79' lang='lat' dir='ltr'><strong>quae</strong></span> <span class='ocrx_word' id='word_1_944' title='bbox 1391 2667 1427 2693; x_wconf 88' lang='lat' dir='ltr'><strong>sit</strong></span> <span class='ocrx_word' id='word_1_945' title='bbox 1441 2666 1502 2699; x_wconf 89' lang='lat' dir='ltr'><strong>ejus</strong></span> <span class='ocrx_word' id='word_1_946' title='bbox 1520 2669 1618 2691; x_wconf 74' lang='lat' dir='ltr'><strong>natura</strong></span> <span class='ocrx_word' id='word_1_947' title='bbox 1630 2681 1638 2695; x_wconf 85' lang='lat'><strong>,</strong></span> <span class='ocrx_word' id='word_1_948' title='bbox 1667 2663 1729 2689; x_wconf 89' lang='lat' dir='ltr'><strong>dili-</strong></span> 
     </span>
    </p>
   </div>
   <div class='ocr_carea' id='block_1_120' title="bbox 939 2707 1730 2749">
    <p class='ocr_par' dir='ltr' id='par_1_120' title="bbox 939 2707 1730 2749">
     <span class='ocr_line' id='line_1_120' title="bbox 939 2707 1730 2749; baseline -0.011 -8"><span class='ocrx_word' id='word_1_949' title='bbox 939 2720 1033 2749; x_wconf 83' lang='lat' dir='ltr'><strong>genter</strong></span> <span class='ocrx_word' id='word_1_950' title='bbox 1053 2713 1228 2744; x_wconf 71' lang='lat' dir='ltr'><strong>consideret,</strong></span> <span class='ocrx_word' id='word_1_951' title='bbox 1260 2717 1342 2746; x_wconf 84' lang='lat' dir='ltr'><strong>atque</strong></span> <span class='ocrx_word' id='word_1_952' title='bbox 1367 2711 1419 2742; x_wconf 84' lang='lat' dir='ltr'><strong>ita,</strong></span> <span class='ocrx_word' id='word_1_953' title='bbox 1447 2714 1539 2737; x_wconf 91' lang='lat' dir='ltr'><strong>utrum</strong></span> <span class='ocrx_word' id='word_1_954' title='bbox 1565 2707 1730 2737; x_wconf 83' lang='lat' dir='ltr'><strong>commoda,</strong></span> 
     </span>
    </p>
   </div>
   <div class='ocr_carea' id='block_1_121' title="bbox 940 2752 1732 2792">
    <p class='ocr_par' dir='ltr' id='par_1_121' title="bbox 940 2752 1732 2792">
     <span class='ocr_line' id='line_1_121' title="bbox 940 2752 1732 2792; baseline -0.01 -5"><span class='ocrx_word' id='word_1_955' title='bbox 940 2764 966 2787; x_wconf 86' lang='lat' dir='ltr'><strong>et</strong></span> <span class='ocrx_word' id='word_1_956' title='bbox 981 2759 1212 2791; x_wconf 86' lang='lat' dir='ltr'><strong>admittenda,an</strong></span> <span class='ocrx_word' id='word_1_957' title='bbox 1231 2758 1321 2792; x_wconf 78' lang='lat' dir='ltr'><strong>gravis</strong></span> <span class='ocrx_word' id='word_1_958' title='bbox 1340 2755 1541 2788; x_wconf 85' lang='lat' dir='ltr'><strong>avertendaque</strong></span> <span class='ocrx_word' id='word_1_959' title='bbox 1559 2753 1614 2786; x_wconf 86' lang='lat' dir='ltr'><strong>sit,</strong></span> <span class='ocrx_word' id='word_1_960' title='bbox 1629 2752 1732 2780; x_wconf 74' lang='lat' dir='ltr'><strong>intelli-</strong></span> 
     </span>
    </p>
   </div>
  </div>
