1938 3082
195 28 245 54 Ξὶὶυ
826 19 853 45 S.
875 16 1038 43 GllliGORil
1059 14 1204 41 ΝΥδὸιεῖκί

1775 13 1830 41 5‘20

195 91 260 109 vero
284 88 367 108 unum
390 80 454 107 illud
479 78 647 114 propositum
668 81 727 109 est,
747 81 776 103 ut
796 76 922 103 instituto
940 83 985 101 or-

1050 74 1089 107 τῆς
1104 73 1226 108 χρῄζων,
1246 72 1313 107 πρὸς
1328 72 1374 106 τὴν
1390 71 1486 98 ἑαυτοῦ
1502 71 1595 106 χρείαν
1615 72 1666 106 ὁρᾷ
1679 79 1685 84 ·
1704 71 1718 96 ὁ
1735 71 1764 96 δὲ
1779 73 1830 105 τῆς

197 130 258 155 dine
273 128 391 154 fructum
416 126 448 153 ad
470 125 670 153 absolutionem
686 123 828 158 perducat.
843 122 880 148 lta
895 120 986 147 multi-

197 176 256 210 plex
274 174 391 209 primum
409 181 424 200 e
442 172 517 206 jar-to
537 171 642 197 semine
662 170 738 196 radix
765 169 909 199 emittitur.
932 174 985 202 qua

197 230 231 248 ex
257 221 373 247 humore
394 219 595 246 nutrinzentum
619 216 784 243 attrahatur.
809 214 877 241 Tum
903 213 986 240 herba

197 267 330 303 pullulat,
348 272 409 300 qum
427 263 546 290 radicem
573 262 678 297 operit,
707 269 741 287 ne
765 261 798 287 ab
817 268 880 287 aere
903 259 986 286 delri-

199 316 321 340 mentum
348 310 486 345 accipiat;
512 316 542 335 ac
569 308 631 334 licet
660 308 717 342 ipsa
742 307 848 333 fructus
866 313 919 331 non
936 305 986 335 sit,

200 358 274 384 viam
300 360 392 382 tamen
412 353 515 389 przrbet
533 351 750 387 quodanunodo,
772 354 794 377 el
817 349 895 376 affert
912 349 989 375 auxi-

201 402 266 429 lium
286 409 339 436 quo
359 400 465 426 fructus
484 398 654 433 perficiatur.
675 397 781 424 Etenim
797 403 859 421 cum
878 394 987 421 insitam

202 446 299 474 semini
319 446 371 472 \‘im
389 444 429 471 sic
445 447 579 478 expurgat
595 447 710 472 natura,
728 441 840 468 herbam
858 444 988 473 tanquam

203 493 309 520 fructus
331 493 535 518 excrementum
559 488 724 524 projiciens,
745 491 801 513 tum
819 494 850 513 ea
869 486 988 512 radicem

203 538 321 573 protegit
340 535 516 570 defcnditque
532 535 566 561 ab
586 534 658 562 aeris
676 533 801 568 injuriis,
821 539 882 566 qum
898 531 938 558 vel
958 538 989 557 ex

203 584 321 619 frigore.
341 583 382 610 vel
403 590 435 610 ex
462 581 555 609 calore
574 581 748 615 proveniunt.
774 579 808 605 At
830 586 891 606 eum
919 577 992 604 radi-

203 631 280 657 cibus
296 629 325 656 in
340 629 395 655 imo
409 627 517 655 ﬁrmius
532 628 667 654 munitum
684 630 725 653 est
741 633 832 652 semen
844 645 851 655 ,
869 623 990 659 neglecta

204 676 334 710 deinceps
360 675 461 706 herba,
491 673 564 708 quod
591 672 668 699 radix
697 679 750 698 non
775 675 852 705 egeat
874 670 992 704 amplius

204 721 380 751 defensione,
405 724 462 747 tota
488 720 530 747 vis
551 719 583 746 ad
605 719 724 744 culmum
748 716 935 744 extollendum
960 723 991 741 ac

1037 120 1143 153 φύσεως
1163 118 1239 152 λόγος
1256 119 1286 144 οὺ
1303 118 1370 152 πρὸς
1387 117 1450 144 ἄλλο
1469 126 1494 143 τι
1516 116 1625 151 βλέπει,
1638 116 1694 142 ἀλλ’
1707 117 1783 147 ὅπως
1797 116 1830 142 ἂν

1038 165 1207 200 προσαγάγοι
1232 164 1279 199 τὴν
1307 164 1490 198 καρπογονίαν
1518 162 1562 189 διὰ
1589 162 1639 197 τῆς
1658 161 1831 197 τεταγμένης

1038 210 1196 241 ἀκολουθίας
1224 210 1270 235 ἐπὶ
1285 209 1315 235 τὸ
1338 210 1447 236 τέλειον.
1465 207 1510 235 Διὸ
1534 208 1639 244 πρῶτον
1666 207 1832 242 πολυμερῶς

1038 257 1082 283 διὰ
1106 256 1187 291 ῥιζῶν
1211 256 1256 281 τοῦ
1274 256 1453 290 ὑποκειμένου
1471 254 1602 290 ἐμφύεται
1616 275 1623 286 ,
1644 253 1678 280 δι’
1695 250 1733 280 ὧν
1758 254 1834 279 ἕλκει

1038 303 1087 338 τὴν
1101 303 1266 337 κατάλληλον
1280 301 1368 336 ἑαυτῷ
1381 302 1425 328 διὰ
1438 302 1487 336 τῆς
1500 301 1610 336 ἰκμάδος
1623 301 1745 335 τροφήν·
1760 298 1832 331 εἶτα,

1039 350 1135 385 χόρτον
1151 349 1314 384 βλαστάνει,
1340 348 1383 375 διὰ
1399 348 1448 383 τὴν
1472 348 1505 374 ἐκ
1531 347 1577 373 τοῦ
1606 347 1687 382 ἀέρος
1718 345 1834 380 βλάϐην,

1040 396 1225 432 προκάλυμμα
1241 395 1291 429 τῆς
1309 394 1386 429 ῥίζης
1406 394 1454 428 τὴν
1472 393 1540 419 πόαν
1568 392 1747 427 ποιούμενος·
1766 391 1835 427 ὅπερ

1041 441 1147 476 καρπὸς
1162 441 1210 476 μὲν
1223 441 1271 466 οὐκ
1287 440 1343 467 ἔστι
1353 460 1360 471 ,
1378 439 1506 474 συνεργία
1527 439 1554 466 δέ
1569 447 1611 470 τις
1627 439 1675 466 καὶ
1687 438 1748 470 ὁδὸς
1762 438 1837 472 γίνε-

1040 497 1085 515 ται
1109 488 1156 520 τῆς
1173 487 1220 513 τοῦ
1239 486 1345 522 καρποῦ
1360 485 1534 516 τελειώσεως.
1553 484 1664 520 Πρῶτον
1684 484 1734 519 μὲν
1752 485 1836 510 ἐκκα-

1042 534 1143 568 Οαίρων
1160 533 1192 560 δι’
1208 532 1303 559 ἑαυτοῦ
1329 532 1378 567 τὴν
1393 531 1556 566 ὲγκειμένην
1578 530 1617 565 τῷ
1637 530 1777 565 σπέρματι
1792 529 1837 555 δύ-

1043 587 1125 614 ναμιν
1138 599 1145 609 ,
1160 576 1215 605 οἷόν
1242 587 1267 604 τι
1287 578 1445 612 περίττωμα
1471 576 1518 602 τοῦ
1535 575 1642 610 καρποῦ
1666 576 1712 602 τὸν
1739 575 1837 610 χόρτον

1041 623 1356 659 προαποσκευαζομένης
1370 622 1419 656 τῆς
1430 621 1537 655 φύσεως
1550 641 1557 653 ,
1571 621 1719 655 σκέπασμα
1731 621 1837 654 γίνεται

1043 672 1075 705 τῇ
1102 670 1163 705 ῥίζῃ
1191 669 1258 704 πρὸς
1282 669 1330 699 τὰς
1347 669 1379 695 ἐκ
1399 668 1446 694 τοῦ
1472 668 1551 703 ἀέρος
1573 667 1693 702 βλάϐας,
1718 667 1768 697 τὰς
1793 666 1838 693 διὰ

1045 716 1144 751 κρύους
1156 724 1185 741 τε
1201 715 1247 741 καὶ
1268 714 1385 745 Οάλπους
1401 714 1589 749 ἐγγινομένας.
1604 712 1794 747 Εὑτονώτερον
1809 712 1837 738 δὲ

206 766 399 801 perﬁciendum
430 764 573 792 incumbit.
601 762 706 790 Natura
737 762 810 789 enim
841 762 991 788 artiﬁciosa

1050 762 1096 797 ἤδη
1115 761 1159 787 διὰ
1174 761 1272 796 βάθους
1289 761 1316 787 ὲν
1340 761 1398 792 ταῖς
1414 760 1503 795 ῥίζαις
1527 759 1777 790 ὑποσκευασθέντος
1791 758 1838 784 τοῦ

205 812 323 846 quadam
342 811 476 846 sapientia
495 810 641 837 sublimem
658 808 788 835 fabricam
807 808 991 840 machinatur,

204 865 257 892 qua
275 864 385 891 germen
400 855 533 882 directum
546 855 648 882 mutuis
664 855 690 881 in
710 854 827 880 circuitu
846 853 993 889 distingui-

205 908 250 930 tur
264 902 368 929 tunicis
384 911 390 929 :
407 902 433 928 in
450 900 551 935 quibus
568 900 704 935 principio
722 900 831 926 culmus
847 900 992 931 humidus,

206 956 238 976 ac
252 952 331 975 tener
347 947 499 974 indolescat
515 954 629 974 necesse
641 950 701 979 est,
715 950 741 973 et
751 966 757 977 ,
772 953 826 980 quo
841 945 925 972 tutior
940 946 993 977 sit,

207 994 339 1029 geniculis
352 1000 401 1028 per
417 993 536 1020 medium
554 997 683 1027 tanquam
698 992 817 1019 vinculis
834 992 992 1018 muniatur:

207 1040 252 1067 ubi
275 1044 364 1066 autem
385 1038 416 1066 ad
438 1042 632 1073 congruentem
655 1037 826 1065 altitudinem
848 1038 995 1072 ascendit,

208 1088 245 1112 ita
262 1085 364 1120 frugem
379 1085 478 1112 emittit
490 1105 496 1116 ,
513 1088 542 1111 ut
556 1089 678 1111 extrema
693 1085 785 1112 tunica
800 1092 832 1111 ex
847 1092 877 1112 se
891 1085 995 1119 spicam

208 1131 271 1157 edat
283 1151 289 1163 ,
308 1138 369 1165 quae
387 1130 534 1157 aristarum
550 1129 726 1157 multitudine
740 1133 869 1164 tanquam
885 1131 998 1165 capillo-

208 1184 269 1203 rum
286 1177 355 1202 vallo
372 1176 500 1203 distincta
514 1175 619 1210 frugem
634 1176 699 1210 tegit
710 1196 716 1207 ,
734 1180 761 1203 et
774 1176 836 1203 imis
851 1176 996 1202 aristarum

210 1222 392 1256 receptaculis
409 1221 568 1248 innutritur.
588 1221 654 1248 Cum
672 1221 754 1256 igitur
770 1229 823 1248 non
842 1221 999 1256 indignetur

212 1267 334 1302 agricola
352 1275 402 1293 nec
418 1267 453 1293 ob
471 1266 598 1300 stirpium
617 1266 717 1296 ﬁbras.
735 1274 785 1293 nec
806 1271 918 1300 propter
935 1266 998 1292 her-

211 1313 272 1339 bam
287 1332 293 1343 ,
312 1319 363 1339 nec
383 1316 494 1347 propter
511 1311 649 1346 spicarum
670 1312 770 1339 aristas
782 1331 789 1343 ,
808 1319 868 1346 quae
888 1311 997 1346 quidem

210 1357 301 1384 omnia
319 1358 484 1391 proveniunt
504 1365 537 1384 ex
558 1358 680 1389 semine,
701 1357 749 1385 sed
770 1358 796 1384 in
818 1358 861 1384 his
883 1358 999 1392 singulis

210 1411 291 1430 usu-tn
308 1402 453 1438 quemdam
470 1403 599 1437 perspicit
613 1403 798 1430 necessarium
810 1424 817 1436 ,
832 1410 887 1437 quo
902 1407 998 1430 natura

211 1451 361 1479 artiﬁciose
378 1451 574 1486 progrediens,
590 1455 617 1478 et
639 1451 772 1485 abjiciens
788 1459 848 1485 qua:
870 1454 935 1477 sunt
956 1450 998 1477 in-

212 1497 306 1529 utilia,
325 1496 430 1531 frugem
447 1496 552 1530 perﬁcit
569 1500 596 1523 et
616 1496 754 1528 absolvit;
771 1504 804 1522 ne
820 1496 868 1522 tibi
887 1496 998 1530 quidem

212 1543 307 1578 iniquo
330 1542 470 1569 ferendum
496 1547 537 1569 est
563 1542 670 1573 animo,
689 1542 762 1576 quod
788 1547 885 1569 natura
907 1546 999 1569 nostra

212 1589 384 1616 necessarias
410 1595 580 1622 persequens
607 1588 665 1614 \‘ias
692 1587 726 1614 ad
754 1588 894 1622 proprium
920 1588 1000 1615 linem

212 1635 365 1670 perveniat.
384 1634 435 1661 Sed
454 1639 483 1661 ut
499 1635 525 1660 in
540 1634 665 1668 exelnplo
681 1634 815 1660 seminum
832 1634 938 1664 cernis,
956 1634 1002 1659 de-

214 1682 260 1708 bes
278 1680 454 1713 existimare,
472 1679 545 1715 quod
565 1687 687 1715 prmsens
704 1683 763 1709 est.
781 1679 814 1706 ad
833 1680 898 1707 utile
913 1684 940 1706 ct
955 1688 1002 1706 ne-

215 1726 367 1753 ceSsar-ium
383 1725 486 1760 aliquid
502 1726 615 1752 omnino
633 1726 730 1752 referri
747 1734 779 1752 ac
793 1725 892 1760 dirigi,
914 1733 1002 1760 neque

214 1771 281 1797 illud
298 1778 359 1798 esse
376 1770 455 1804 cujus
470 1772 558 1805 gratia
578 1771 663 1805 geniti
681 1779 789 1798 smnus.
811 1771 905 1805 Neque
928 1772 1000 1798 enim

218 1818 302 1843 fetum
319 1821 427 1844 creator
442 1822 536 1843 noster
552 1817 697 1849 formavit,
715 1821 744 1843 ut
760 1817 786 1844 in
809 1817 907 1844 matris
924 1822 1002 1844 utero

214 1854 466 1897 permanercmus';
481 1870 571 1897 neque
588 1863 651 1890 inde
667 1870 717 1890 nos
734 1863 825 1890 educit
838 1882 845 1893 ,
862 1867 891 1889 ut
913 1863 938 1889 in
958 1864 1000 1889 in-

216 1907 320 1940 t'antia,
339 1910 385 1933 aut
409 1907 461 1938 iis,
481 1914 542 1941 qua:
564 1907 692 1941 deinceps
713 1907 920 1941 subsequuntur
936 1911 1001 1932 ata-

216 1953 291 1979 Iibus
303 1972 310 1983 ,
334 1957 433 1978 natura
459 1959 566 1986 semper
583 1952 664 1978 aliam
682 1956 742 1986 post
759 1952 839 1978 aliam
857 1952 1000 1982 induentis,

214 2003 239 2024 ct
262 1998 376 2024 formam
391 1998 516 2032 corporis
533 2002 736 2030 eommutante,
757 1998 938 2031 degeremus;
956 2005 1002 2025 ne—

216 2052 268 2078 que
293 2047 322 2070 ut
348 2051 450 2078 corpus
476 2043 565 2078 ipsum
591 2042 737 2070 accedente
759 2048 847 2069 morte
869 2043 1001 2071 dissolve-

217 2094 301 2116 retur.
321 2088 368 2115 scd
386 2092 415 2115 ut
431 2095 477 2122 per
497 2088 554 2115 hrec
574 2092 601 2114 et
620 2088 672 2114 alia
688 2088 842 2122 ejusmodi,
864 2096 924 2122 quae
938 2093 1002 2116 sunt

216 2140 346 2168 tanquam
364 2138 458 2168 partes
478 2134 551 2160 illius
566 2134 633 2165 \‘ize,
658 2141 706 2168 per
723 2141 805 2168 quam
830 2133 1001 2165 incedimus.

217 2180 250 2205 ad
267 2183 365 2205 statum
382 2184 505 2205 nostrum
522 2179 668 2213 pristinmn
681 2199 688 2210 ,
706 2179 757 2205 hoc
780 2183 837 2210 est,
853 2180 886 2206 ad
903 2179 1001 2207 simili-

217 2224 340 2250 tudinem
369 2223 415 2250 Dei
442 2224 641 2258 perveniamus.
663 2225 701 2250 Ac
722 2225 951 2258 quemadmodum
970 2225 1002 2250 ad

216 2269 411 2303 perliciendum
432 2270 534 2304 spicam
554 2277 587 2296 ex
609 2274 712 2297 natura:
736 2271 862 2297 instituto
891 2271 1002 2298 herbam

217 2315 392 2343 ostendimus
409 2323 469 2343 esse
488 2316 695 2349 necessariam;
718 2324 768 2344 nec
786 2321 876 2344 tamen
893 2322 1004 2352 propter

217 2363 304 2395 ipsam
321 2361 433 2388 herbam
446 2381 452 2393 ,
473 2369 523 2388 nec
537 2366 650 2397 propter
667 2362 774 2390 tunicas
786 2383 792 2395 ,
817 2368 864 2389 aut
888 2363 1003 2395 aristas,

217 2411 265 2433 aut
289 2408 410 2434 cuhnnm
435 2408 589 2436 instituitur
616 2409 802 2444 agricultura,
819 2409 866 2435 sed
892 2413 1004 2443 propter

217 2452 322 2487 frugem
338 2453 423 2480 victui
441 2454 674 2481 accommodatam
686 2474 693 2486 ,
712 2454 745 2481 ad
763 2454 842 2488 cujus
858 2454 1004 2489 perfectio-

217 2506 279 2525 nem
296 2502 395 2525 natura
420 2507 467 2534 per
493 2500 537 2526 illa
556 2500 751 2535 progreditur:
770 2501 809 2527 sic
826 2504 1003 2535 exspectatus

217 2543 300 2577 hujus
318 2544 379 2570 vitae
395 2544 456 2571 ﬁnis
469 2549 511 2571 est
528 2545 677 2571 beatitudo.
693 2545 758 2577 Qum
773 2553 839 2571 vero
855 2553 927 2571 nunc
943 2553 1004 2571 cor-

217 2589 276 2620 pori
291 2590 419 2616 eveniunt
429 2610 435 2621 ,
451 2595 480 2616 ut
496 2598 568 2617 mors
579 2610 585 2621 ,
599 2594 727 2617 senectus
737 2610 744 2621 ,
755 2590 899 2624 juventus,
914 2590 1004 2617 infan-

219 2634 254 2659 tia
266 2653 273 2665 ,
292 2634 419 2662 formatio
436 2635 508 2662 fetus
525 2637 553 2661 in
569 2639 664 2667 utero,
685 2639 714 2661 ut
729 2635 820 2662 herba:
831 2657 837 2668 ,
854 2640 881 2662 et
894 2635 1003 2669 arista},

217 2682 244 2704 et
263 2679 365 2711 culmi,
384 2684 448 2708 sunt
467 2680 550 2707 veluti
567 2681 635 2712 rire,
654 2688 703 2715 per
719 2689 787 2716 quas
804 2681 838 2708 ad
855 2681 1003 2716 perfectio-

217 2731 278 2750 nem
297 2729 435 2758 speratam
453 2726 656 2754 contendimus.
682 2727 766 2759 Quam
791 2727 840 2755 tibi
861 2727 920 2763 ipse
940 2735 1003 2763 pro—

1048 808 1218 843 σπέρματος,
1231 807 1290 833 τότε
1303 806 1349 832 τοῦ
1365 807 1460 841 χόρτου
1478 805 1569 832 λοιπὸν
1581 804 1766 840 ἀμεληθέντος
1775 826 1783 837 ,
1794 804 1838 830 διὰ

1047 854 1077 880 τὸ
1105 853 1202 889 μηκέτι
1221 852 1322 879 δεῖσθαι
1348 852 1396 888 τὴν
1424 852 1501 888 ῥίζαν
1526 851 1572 878 τοῦ
1594 850 1838 886 προκαλύμματος,

1048 901 1115 936 πρὸς
1136 900 1184 935 τὴν
1201 900 1249 935 τῆς
1267 899 1393 935 καλάμης
1420 898 1574 933 ἀναδρομὴν
1590 899 1665 924 πᾶσα
1689 897 1839 923 συνδίδοται

1048 948 1181 982 δύναμις,
1204 947 1340 982 μηχανικῇ
1362 953 1416 971 τινι
1433 945 1513 979 σοφίᾳ
1536 944 1584 979 τὴν
1611 943 1735 978 αὺλοειδῆ
1755 952 1841 969 κατα-

1050 993 1149 1028 σκευὴν
1163 990 1370 1027 φιλοπτεχνούσης
1380 991 1430 1026 τῆς
1444 990 1550 1025 φύσεως
1559 1010 1566 1022 ,
1579 989 1612 1026 ἧς
1625 990 1772 1025 εὐθυτενὴς
1791 989 1841 1023 μὲν

1050 1040 1066 1074 ὴ
1080 1039 1191 1074 βλάστη,
1204 1038 1314 1074 χιτῶσιν
1329 1037 1491 1072 ἐπαλλήλοις
1507 1038 1536 1062 ὲν
1547 1037 1639 1072 κύκλῳ
1648 1035 1840 1071 διειλημμένη.

1050 1086 1110 1121 Χρὴ
1128 1085 1181 1120 γὰρ
1196 1085 1300 1116 τούτοις
1317 1083 1402 1119 ὑγρὰν
1418 1081 1499 1110 οὖσαν
1514 1083 1560 1109 καὶ
1577 1083 1670 1110 ἄτονον
1690 1082 1740 1118 τὴν
1757 1082 1843 1108 καλά-

1052 1140 1106 1167 μην
1125 1130 1202 1166 παρὰ
1217 1130 1265 1166 τὴν
1281 1130 1392 1165 πρώτην
1410 1130 1601 1165 ἐντρέφεσθαι,
1622 1130 1678 1160 τοῖς
1693 1128 1739 1155 διὰ.
1757 1128 1842 1163 μέσου

1052 1176 1208 1211 συνδέσμοις
1216 1175 1363 1209 ἀσφαλείας
1377 1174 1455 1210 χάριν
1468 1173 1671 1208 ὑπεζωσμένην.
1686 1174 1718 1199 ΕΞ
1730 1173 1760 1199 δὲ
1773 1173 1842 1208 πρὸς

1051 1223 1081 1249 τὸ
1098 1222 1252 1258 σύμμετρον
1266 1221 1414 1256 ἁναδράμοι
1431 1222 1520 1257 μῆκος
1532 1242 1539 1254 ,
1553 1220 1612 1246 τότε
1630 1220 1703 1255 κομᾷ
1723 1220 1740 1254 ἡ
1758 1219 1844 1246 καλά-

1054 1277 1091 1304 μη
1101 1289 1109 1301 ,
1124 1268 1170 1294 τοῦ
1185 1267 1340 1294 τελευταίου
1364 1267 1477 1302 χιτῶνος
1502 1266 1547 1301 ἀφ’
1562 1264 1659 1293 ἑαυτοῦ
1675 1266 1720 1292 τὸν
1742 1264 1843 1299 στάχυν

1053 1314 1243 1350 προδείξαντος
1263 1334 1270 1347 ,
1295 1314 1324 1346 ὂς
1351 1315 1390 1345 εἰς
1417 1312 1530 1344 πολλοὺς
1559 1313 1660 1346 ἀθέρας
1686 1311 1843 1347 τριχοειδᾱ

1053 1360 1247 1396 διαιρούμενος,
1275 1359 1390 1395 κρύπτει
1413 1358 1461 1394 τὴν
1488 1359 1576 1394 κόμην
1593 1357 1663 1385 κατὰ
1686 1358 1736 1392 τὴν
1766 1357 1843 1391 βάσιν

1053 1407 1107 1432 τῶν
1124 1406 1228 1440 ἀθέρων
1244 1407 1300 1436 τοῖς
1317 1404 1438 1441 ἐλύτροις
1459 1404 1686 1439 ὑποτρεφόμενος.
1703 1403 1734 1429 Εἰ
1754 1402 1843 1429 τοίνυν

1053 1452 1114 1479 οὔτε
1132 1452 1199 1487 πρὸς
1212 1451 1261 1483 τὰς
1280 1451 1357 1486 ῥίζας
1372 1450 1426 1477 τῶν
1440 1449 1603 1485 σπερμάτων
1618 1450 1632 1475 ὁ
1646 1448 1771 1483 γεωργὸς
1782 1448 1844 1475 δυσ.-

1054 1500 1191 1535 χεραίνει,
1216 1498 1277 1525 οὔτε
1295 1498 1363 1532 πρὸς
1386 1498 1430 1523 τὸν
1462 1495 1713 1532 προεκὸαλλόμενον
1741 1496 1775 1522 ὲκ
1797 1495 1843 1521 τοῦ

1055 1545 1210 1579 σπέρματος
1221 1544 1325 1578 χόρτον.
1338 1542 1400 1569 οὔτε
1414 1544 1453 1574 εἰς
1466 1542 1528 1573 τοὺς
1542 1541 1641 1577 ἀθέρας
1656 1541 1703 1568 τοῦ
1717 1541 1842 1576 στάχυος,

1055 1590 1111 1616 ἀλλ’
1129 1591 1157 1616 ὲν
1173 1589 1280 1623 ἑκάστῳ
1303 1588 1404 1615 τούτων
1429 1587 1557 1621 ὲνοεωρεϊ
1571 1595 1631 1613 τινα
1648 1586 1743 1622 χρείαν
1761 1586 1843 1618 ἀναγ-

1055 1636 1144 1666 καίαν,
1155 1635 1188 1661 δι’
1203 1633 1237 1670 ἧς
1249 1634 1378 1669 τεχνικῶς
1394 1635 1410 1669 ἡ
1424 1633 1503 1668 φύσις
1512 1633 1652 1664 ὁδεύουσα,
1670 1633 1786 1668 προάγει
1799 1632 1842 1659 τὸν

1055 1681 1160 1716 καρπὸν
1171 1681 1210 1712 εἰς
1223 1680 1370 1711 τελείωσιν,
1390 1679 1433 1706 διὰ
1444 1681 1492 1715 τῆς
1508 1679 1561 1705 τῶν
1581 1679 1696 1714 ἀχρείων
1711 1679 1843 1713 ἀποποιή-

1056 1735 1123 1759 caui;
1140 1727 1187 1761 τὴν
1209 1727 1318 1761 γόνιμον
1345 1725 1546 1761 ὲκκαῦαίρουσα
1569 1725 1698 1760 δύναμιν·
1720 1725 1781 1760 ὥρα
1799 1734 1844 1751 κα.

1056 1772 1097 1798 σοὶ
1112 1773 1149 1807 μὴ
1163 1772 1347 1807 δυσχεραίνειν
1362 1771 1406 1798 διὰ
1417 1772 1469 1798 τῶν
1485 1771 1640 1805 ἀναγκαίων
1651 1770 1718 1797 ὁδῶν
1734 1771 1844 1806 προϊού-

1056 1825 1105 1851 σης
1116 1816 1193 1852 ἡμῶν
1207 1817 1256 1852 τῆς
1270 1817 1375 1851 φύσεως
1394 1817 1439 1843 ἐπὶ
1455 1817 1483 1843 τὺ
1507 1816 1571 1843 ἴδιον
1591 1816 1678 1849 τέλος,
1692 1816 1750 1843 ἀλλ’
1770 1818 1845 1851 ἠγεῖ-

1057 1862 1118 1889 σΟαι
1138 1863 1208 1889 κατὰ
1224 1863 1273 1898 τὴν
1285 1863 1314 1889 ὲν
1328 1864 1383 1894 τοῖς
1404 1863 1557 1897 σπέρμασιν
1579 1863 1741 1896 ἀναλογίαν,
1756 1863 1787 1889 τὸ
1802 1864 1844 1889 ἀεὶ

1056 1907 1143 1942 παρὸν
1155 1908 1223 1942 πρός
1242 1916 1268 1933 τι
1285 1907 1393 1938 πάντως
1407 1907 1549 1942 χρησίμως
1565 1915 1594 1933 τε
1618 1907 1665 1933 καὶ
1687 1907 1844 1940 ἀναγκαίως

1056 1952 1137 1986 ἔχειν,
1152 1952 1181 1978 οὺ
1197 1952 1249 1987 μὴν
1268 1952 1346 1978 τοῦτο
1362 1950 1430 1978 εἷναι
1446 1950 1475 1978 οὗ
1492 1952 1570 1987 χάριν
1587 1952 1625 1983 εἰς
1639 1951 1748 1985 γένεσιν
1768 1951 1845 1987 ἦλθο-

1057 2006 1117 2032 μεν.
1134 1997 1171 2023 Οὐ
1185 1997 1240 2032 γὰρ
1262 1997 1307 2023 ἐπὶ
1323 1997 1353 2023 τὸ
1367 1997 1484 2032 ἔμϐρυον
1500 1997 1625 2031 γενέσθαι
1642 1997 1717 2032 παρὰ
1732 1997 1781 2024 τοῦ
1797 1998 1843 2031 δη-

1058 2043 1272 2078 μιουργήσαντος
1283 2044 1355 2078 ἡμᾶς
1370 2043 1526 2078 ὑπέστημεν
1537 2063 1545 2075 ,
1560 2043 1620 2069 οῦδὲ
1636 2043 1703 2079 πρὸς
1715 2043 1763 2069 τὸν
1785 2043 1846 2078 βρε-

1021 2107 1043 2134 D
1057 2088 1131 2124 φώὸη
1147 2088 1202 2124 βίον
1219 2090 1232 2115 ὁ
1255 2089 1354 2121 σκοπὸς
1372 2089 1423 2124 τῆς
1447 2089 1553 2123 φύσεως
1575 2089 1684 2124 βλέπει.
1701 2089 1762 2116 οὐδὲ
1778 2089 1846 2124 trib;

1055 2135 1104 2167 τὰς
1125 2136 1223 2170 ἑφεξῆς
1239 2135 1345 2169 ἡλικίας
1366 2136 1426 2171 ὁρᾷ,
1445 2135 1476 2167 ἃς
1492 2136 1536 2163 ἀεὶ
1547 2136 1591 2162 διὰ
1606 2136 1845 2171 τῆς.ὰλλοιώσεως

1056 2181 1227 2216 μετενόύεται
1237 2181 1274 2216 τῷ
1287 2182 1375 2216 χρόνῳ
1386 2181 1415 2208 τὸ
1426 2179 1495 2213 εἶδος
1509 2181 1771 2213 συνεξαλλάσσουσα,
1786 2181 1844 2207 οὐδὲ

1056 2227 1126 2262 πρὸς
1151 2227 1199 2261 τὴν
1216 2227 1407 2261 ἐπιγινομένην
1433 2227 1477 2254 διὰ
1501 2227 1547 2253 τοῦ
1575 2226 1689 2254 Θανάτου
1707 2226 1785 2253 λύσιν
1807 2227 1845 2261 τῷ

1056 2272 1161 2307 σώματι
1174 2281 1179 2286 ·
1201 2272 1267 2298 ἀλλὰ
1282 2272 1369 2299 πάντα
1385 2272 1471 2299 ταῦτα
1488 2273 1534 2299 καὶ
1550 2273 1582 2299 τὰ
1596 2273 1706 2300 τοιαῦτα
1721 2273 1772 2308 τῆς
1786 2273 1845 2300 ὁδοῦ

1054 2318 1087 2343 δι’
1104 2317 1137 2354 ἧς
1156 2318 1327 2353 πορευόμεθα
1356 2318 1425 2353 μέρη
1443 2318 1516 2345 ἐστίν
1528 2327 1534 2333 ·
1562 2320 1575 2345 ὁ
1591 2319 1619 2345 δὲ
1640 2319 1740 2351 σκοπὸς
1756 2321 1803 2347 καὶ
1817 2320 1846 2346 τὸ

1056 2365 1141 2398 πέρας
1159 2364 1207 2398 τῆς
1229 2363 1271 2390 διὰ
1295 2364 1395 2390 τούτων
1420 2364 1550 2399 πορείας,
1565 2365 1581 2399 ὴ
1599 2365 1666 2400 πρὸς
1679 2365 1710 2391 τὸ
1732 2365 1845 2401 ἀρχαῖον

1055 2410 1284 2441 ἀποκατάστασις,
1297 2411 1364 2446 ὅπερ
1378 2410 1452 2436 οὐδὲν
1470 2411 1571 2446 ἕτερον,
1584 2411 1600 2445 ἢ
1615 2412 1630 2445 ἡ
1646 2412 1715 2446 πρὸς
1727 2412 1759 2438 τὸ
1769 2412 1844 2438 Θεῖόν

1055 2455 1128 2481 ἐστιν
1144 2455 1280 2489 ὁμοίωσις.
1296 2456 1351 2482 Καὶ
1365 2455 1458 2491 ὥσπερ
1473 2457 1518 2482 ἐπὶ
1532 2457 1581 2491 τῆς
1598 2456 1668 2483 κατὰ
1684 2457 1728 2483 τὸν
1745 2458 1844 2492 στάχυν

1055 2501 1172 2532 εἰκόνος,
1194 2501 1340 2534 ἀναγκαῖος
1360 2502 1407 2536 μὲν
1424 2502 1509 2537 ἐφάνη
1526 2502 1564 2537 τῷ
1587 2502 1659 2537 λόγῳ
1674 2503 1724 2538 τῆς
1739 2504 1845 2537 φύσεως

1055 2547 1101 2572 καὶ
1114 2547 1128 2572 ὁ
1145 2546 1395 2581 προεκϐαλλόμενος
1409 2548 1504 2583 χόρτος
1517 2557 1523 2563 ·
1540 2548 1569 2574 οὺ
1584 2548 1637 2583 μὴν
1654 2548 1682 2574 δὲ
1696 2549 1729 2575 δι’
1743 2550 1844 2576 ἐκεῖνόν

1055 2591 1128 2616 ἐστιν
1147 2591 1162 2625 ἡ
1174 2591 1306 2626 γεωργία,
1321 2592 1381 2617 οὐδὲ
1393 2593 1506 2626 χιτῶνες
1517 2614 1525 2625 ,
1543 2593 1589 2620 καὶ
1605 2593 1703 2629 ἀθέρες
1713 2614 1721 2627 ,
1738 2595 1785 2621 καὶ
1797 2604 1844 2621 κα-

1054 2637 1127 2672 λάμη
1140 2658 1147 2668 ,
1163 2638 1210 2663 καὶ
1228 2637 1394 2672 ὑποζώματα
1421 2640 1578 2673 πρόκεινται
1594 2641 1626 2675 τῇ
1644 2640 1695 2674 τῆς
1709 2641 1845 2676 γεωργίας

1056 2683 1167 2717 σπουδῇ,
1183 2682 1238 2708 ἀλλ’
1250 2684 1264 2709 ὁ
1276 2684 1407 2718 τρόφιμος
1422 2685 1527 2718 καρπὸς
1540 2687 1554 2712 ὁ
1570 2685 1613 2712 διὰ
1627 2686 1731 2713 τούτων
1744 2686 1844 2722 πρρῖὼν
1855 2703 1862 2709 -

1055 2729 1095 2760 εἰς
1111 2728 1249 2755 τελείωσιν
1263 2738 1267 2744 ·
1289 2729 1358 2757 οὕτω
1374 2731 1420 2757 καὶ
1433 2731 1481 2767 τῆς
1491 2732 1563 2768 ζωῆς
1576 2733 1607 2760 τὸ
1622 2734 1671 2768 μὲν
1687 2734 1842 2769 προσδοκὼ-
