1938 3082
110 111 140 138 2|
795 115 837 142 DE
852 116 868 143 Il

920 116 1018 144 »Τυῐᾶ

1671 130 1723 159 5‘21

93 176 173 202 μενον
198 169 283 204 πέρας
302 172 469 207 μεικαριότης
487 172 570 200 ἐστίν.
583 173 621 200 Τὰ
642 173 669 199 δὲ
700 174 748 200 ὅσα
775 175 838 209 περὶ
852 183 867 200 τ

935 181 1057 207 ponens.
1074 174 1097 200 si
1114 175 1205 209 sapis,
1230 184 1280 203 nec
1306 182 1417 213 propter
1438 180 1495 206 huic
1518 182 1721 219 indignaberis,

93 213 171 248 σῶμα
184 214 232 240 νῦν
247 215 406 251 καθορᾶται,
424 216 537 249 θάνατος
548 239 555 249 ,
572 219 619 245 καὶ
632 219 721 253 γῆρας
733 239 740 249 .
761 219 810 246 καὶ
823 220 881 246 νεό-

90 267 157 294 της,
176 260 224 285 καὶ
252 261 402 295 νηπιότης,
419 262 466 288 καὶ
492 263 509 297 ἡ
535 263 563 290 ἐν
590 264 703 299 ἐμϐρύῳ
718 263 879 297 διάπλασις,

90 305 179 331 πάντα
195 305 280 332 ταῦτα
295 304 350 332 οἶόν
366 315 437 339 τινες
454 308 543 343 χόρτοι
558 309 604 336 καὶ
619 309 715 345 ἀθέρες
732 311 778 337 καὶ
798 311 881 338 κάλα-

91 359 145 385 μοι,
163 351 222 382 ὁδὸς
236 352 282 378 καὶ
295 352 438 380 ἀκολουθία
455 354 501 380 καὶ
511 354 625 390 δύναμις
637 355 687 391 τῆς
701 355 880 392 ἐλπιζομένης

89 397 147 423 ἐστὶ
164 396 343 429 τελειώσεως·
363 398 432 433 πρὸς
449 399 481 434 ἥν
506 399 612 434 βλέπων
624 421 632 431 ,
656 401 703 427 ἐὰν
725 402 860 437 εὐφρονῇς
871 421 878 434 ,

89 441 150 468 οὔτε
164 442 293 477 ἀπεχθῶς
315 443 386 475 ἕξεις
401 444 470 478 πρδς
488 445 573 472 ταῦτα
595 445 656 472 οὔτε
677 445 730 482 μὴν
749 447 879 482 ἐμπαθῶς

88 495 117 513 τε
139 488 188 514 καὶ
208 487 412 522 ἐπιθυμητικῶς
428 489 588 527 διατεθήσῃ,
606 491 644 522 ὡς
660 492 677 527 ἠ
695 493 879 528 χωριζόμενος

88 531 179 557 αὐτῶν
194 532 338 566 ἀνιᾶσθαι,
354 533 370 568 ἢ
396 533 555 569 αὐτομολεῖν
570 536 636 570 πρὸς
652 536 696 563 τὸν
710 537 833 565 θάνατον.
847 539 878 565 El

85 576 114 603 δὲ
125 577 180 612 χρὴ
196 578 353 612 προσθεῖναι
368 580 416 606 καὶ
428 580 507 607 τοῦτο
519 581 558 616 τῷ
572 581 644 617 λόγῳ
652 602 659 613 ,
671 583 722 610 οὐκ
742 584 877 619 ἄχρηστον

85 620 152 652 ἴσως
174 621 234 648 ἐστὶ
245 642 252 654 ,
271 622 323 649 κᾶν
336 623 388 657 ἔξω
405 625 455 660 τῆς
470 625 630 658 ἀκολουθίας
646 627 714 655 εἶναι
738 629 802 665 δοκῇ
814 651 821 662 _.
837 631 877 657 δτι

86 667 227 702 ἑμμελετᾷ
240 668 278 703 τῷ
292 668 399 705 θανάτῳ
412 671 457 698 διὰ
478 672 579 704 παντὸς
594 674 610 707 ἡ
625 673 721 707 φύσις,
744 675 792 701 καὶ
806 684 877 711 συμ-

86 712 194 746 πέφυκε
208 713 251 740 διὰ
268 715 314 747 τοῦ
340 716 436 752 χρόνου
460 718 593 755 προῖούοῃ
607 720 640 755 τῇ
664 720 719 756 ζωῇ
738 720 847 753 πάντως
863 723 876 748 ὁ

85 757 211 791 θάνατος.
239 760 312 795 Πρδς
330 761 383 797 γὰρ
396 762 427 789 τὸ
445 763 540 798 μέλλον
552 764 598 791 τοῦ
613 766 808 802 παρῳχηκότος
827 768 876 802 τῆς

84 802 159 837 ζωῆς
182 805 299 832 ’πάντοτε
328 807 506 843 κινουμένης,
533 810 580 836 καὶ
605 811 730 839 οὐδέποτε
753 813 821 848 πρὸς
845 814 875 840 τὸ

85 850 202 882 κατόπιν
221 851 407 889 ἀναλυούσης,
426 854 538 887 θάνατός
565 857 622 883 ἐστι
646 857 677 884 τὺ
704 858 817 886 πάντοτε
840 862 873 895 τῇ

84 893 187 931 ζωτικῇ
211 897 337 933 ἐνεργείᾳ
354 900 532 935 συνημμένως
546 903 687 938 ἑπόμενον.
708 905 752 932 Ἐν
766 906 820 941 γὰρ
835 893 874 941 τῶ

83 942 263 977 παρῳχηκότι
280 943 325 969 τοῦ
337 944 443 979 χρόνου,
457 947 573 975 παύεται
585 948 693 982 πάντως
706 951 780 977 πᾶσα
796 951 874 987 κίνη-

83 994 126 1017 σις
149 987 251 1024 ζωτικὴ
269 990 313 1015 καὶ
327 990 460 1025 ἐνέργεια.
484 993 559 1020 Ἐπεὶ
583 992 630 1021 οὖν
658 995 724 1023 ἴδιόν
751 997 809 1023 ἐστι
827 997 874 1023 τοῦ

82 1030 199 1058 θανάτου
215 1033 246 1059 τὸ
269 1034 408 1069 ἄπρακτόν
428 1046 456 1064 τε
474 1038 520 1064 καὶ
539 1039 732 1075 ἀνενέργητον·
749 1041 828 1068 τοῦτο
843 1041 872 1068 δὲ

82 1076 200 1103 κατόπιν
222 1078 264 1104 ἀεὶ
285 1081 318 1115 τῇ
336 1080 436 1117 ζωτικῇ
453 1084 576 1119 ἐνεργείᾳ
594 1085 700 1117 πάντως
721 1086 850 1120 ἐφέπεται
863 1095 869 1102 ·

80 1121 131 1148 οὐκ
147 1122 200 1154 ἐξω
212 1124 262 1158 τῆς
278 1124 404 1160 ἀληθείας
420 1128 479 1154 ἐστὶ
502 1129 532 1155 τὸ
547 1131 753 1166 συμπεπλέχθαι
764 1133 796 1167 τῇ
815 1132 870 1167 ζωῇ

80 1167 167 1202 ταύτῃ
182 1168 228 1195 τὸν
243 1169 357 1197 θάνατον
370 1171 468 1205 λέγειν.
483 1174 538 1205 Καὶ
556 1174 642 1207 ἄλλως
656 1175 677 1202 δ’
698 1176 731 1203 ἄν
742 1185 784 1208 τις
798 1176 872 1212 εὖροι

80 1212 111 1237 τὸ
127 1213 247 1239 τοιοῦτον
260 1214 348 1250 νόημα
362 1216 405 1243 διὰ
424 1216 475 1252 τῆς
487 1217 615 1253 ἀληθείας
629 1221 693 1255 ἡμῖν
705 1220 873 1255 κρατυνόμε-

934 225 984 245 nec
1000 218 1056 245 ullo
1071 220 1151 246 modo
1168 222 1208 248 sic
1232 222 1323 248 animo
1346 224 1488 257 aliieicris,
1504 230 1535 254 ut
1548 229 1590 255 vel
1612 230 1646 257 ab
1669 218 1720 259 hac

932 263 988 290 vita
1004 263 1139 292 decedens
1155 267 1283 300 angaris,
1302 269 1343 295 vel
1361 275 1458 304 sponte
1483 279 1597 302 mortem
1624 279 1721 311 praeri-

932 310 1003 345 pias.
1022 309 1082 337 Jam
1102 310 1169 338 illud
1183 330 1190 344 ,
1209 312 1272 340 licet
1291 321 1306 341 a
1323 317 1464 350 proposito
1486 324 1579 348 nostro
1597 309 1716 351 alienum

931 363 993 383 esse
1006 355 1140 389 videnlur,
1156 357 1277 386 fortasse
1290 367 1345 387 non
1360 363 1412 388 erit
1427 363 1522 393 inutile
1537 371 1566 394 nt
1581 368 1718 404 adjunga-

931 409 1008 433 Inus,
1029 409 1128 436 nempe
1149 408 1277 432 naturam
1296 408 1409 435 assidue
1429 409 1456 437 in
1479 416 1593 439 mortem
1612 415 1718 442 incum-

930 445 1012 478 bere,
1031 447 1149 482 vitaeque
1164 453 1287 484 tempore
1307 453 1481 481 antecedenti
1504 462 1617 485 mortem
1640 467 1717 494 pror-

932 499 979 519 sus
999 493 1103 521 instare
1118 499 1200 529 atque
1216 496 1357 525 inhmrere.
1375 498 1481 526 Etenim
1497 508 1558 529 cum
1577 504 1631 531 vita
1647 513 1716 539 prte—

930 537 1032 565 teriens
1046 546 1154 574 semper
1167 540 1200 568 ad
1217 541 1339 569 futurum
1352 545 1515 578 contendat,
1531 555 1580 575 nec
1598 549 1630 575 ad
1646 537 1715 584 pra;-

930 583 1040 609 teritum
1057 592 1176 619 unquam
1195 591 1359 618 revertatur.
1377 589 1443 623 quid
1465 591 1538 618 aliud
1555 598 1615 625 est,
1632 583 1713 629 qnam

930 635 1005 655 mors
1016 648 1023 658 .
1040 628 1065 655 id
1078 649 1085 659 ,
1102 630 1174 664 quod
1190 632 1298 658 vitalem
1314 634 1448 662 actionem
1465 643 1551 671 usque
1567 628 1714 674 subsequi-

929 673 995 699 tur?
1009 673 1099 706 Quare
1115 683 1176 702 cum
1188 676 1214 703 in
1235 681 1366 712 tempore,
1379 681 1450 714 quod
1460 686 1524 709 ante
1536 681 1626 715 ﬁnxit,
1638 673 1713 712 (1ὲεί-

928 723 975 745 nat
991 724 1081 749 motus
1095 723 1185 749 omnis
1209 727 1235 749 et
1255 726 1328 752 actio
1350 726 1440 753 vitalis
1453 746 1459 757 .
1479 729 1629 764 mortisque
1648 739 1712 765 pro-

928 766 1018 800 prium
1032 767 1086 800 sit,
1098 775 1143 795 res
1158 768 1190 795 ad
1207 769 1349 798 interitum
1361 790 1368 803 ,
1384 773 1556 808 nihilumque
1569 775 1711 810 redigere;

927 811 998 845 quod
1024 812 1135 846 quidem
1165 821 1272 848 semper
1298 815 1400 843 actioni
1427 819 1573 852 prmtel‘ila?
1599 822 1712 848 omnino

926 858 1073 893 contingit,
1097 867 1151 886 non
1180 862 1321 894 mentitur,
1347 864 1392 898 qui
1422 864 1485 890 huic
1509 866 1572 892 vita:
1596 872 1709 894 mortem

922 901 989 929 dicit
1003 910 1064 931 esse
1077 904 1263 939 coniunctam.
1282 906 1338 934 lloc
1354 913 1444 935 autem
1467 918 1511 937 res
1535 911 1591 945 ipsa
1613 919 1708 940 verum

922 954 984 974 esse
1008 948 1169 980 conﬁrmat,
1188 951 1429 986 quandoquidem,
1453 955 1526 988 quod
1553 956 1586 982 ad
1613 957 1709 991 subje-

922 998 994 1020 ctam
1018 996 1164 1024 materiam
1182 997 1319 1031 pertinet,
1338 997 1421 1025 homo
1440 1007 1493 1025 non
1511 1005 1552 1027 est
1569 1000 1641 1027 idem
1659 1002 1708 1028 ho-

924 1039 984 1070 die,
998 1039 1045 1073 qui
1065 1040 1121 1067 heri
1141 1040 1202 1068 fuit.
1220 1042 1329 1075 Aliquid
1352 1043 1424 1069 enim
1448 1051 1479 1069 cx
1504 1052 1537 1071 eo
1560 1046 1708 1073 momentis

926 1084 1041 1118 singulis
1056 1085 1182 1116 moritur,
1197 1090 1224 1113 ct
1237 1085 1318 1118 fetet,
1335 1091 1362 1113 et
1376 1089 1576 1123 corrumpitur,
1594 1094 1620 1117 et
1636 1090 1707 1124 abji-

925 1130 997 1156 citur
1018 1139 1025 1156 :
1051 1138 1114 1157 cum
1137 1136 1239 1158 tetrum
1257 1136 1355 1159 natura
1381 1132 1494 1160 fetorem
1517 1142 1550 1161 ex
1574 1143 1706 1170 corpore.

927 1180 1054 1209 tanquam
1073 1174 1155 1202 funus
1169 1183 1200 1202 ex
1221 1176 1312 1211 aliqua
1330 1177 1428 1207 domo.
1452 1179 1564 1210 elici-at.
1590 1184 1617 1206 et
1633 1182 1706 1214 quod

926 1220 1035 1247 vitalem
1053 1220 1210 1252 facultatem
1226 1222 1281 1256 jam
1299 1223 1391 1255 exuit,
1407 1227 1486 1251 terrae
1502 1225 1601 1252 tradat.

80 1265 136 1287 νον.
150 1258 236 1294 αὐτῆς
246 1261 295 1295 τῆς
306 1261 403 1297 πείρας
421 1264 611 1299 μαρτυρούσης
623 1265 662 1300 τῷ
676 1265 789 1301 δόγματι
802 1285 809 1298 ,
827 1266 868 1292 ὅτι
887 1266 935 1301 οὐχ
951 1267 964 1292 ὁ
979 1266 1059 1297 αὑτός
1075 1267 1133 1292 ἐστι
1145 1266 1185 1302 τῷ
1195 1266 1280 1302 χθιζῷ
1292 1269 1305 1294 ό
1317 1268 1435 1303 σήμερον
1468 1269 1607 1304 ἅνθρωπος
1638 1272 1707 1298 κατὰ

79 1304 109 1331 τὸ
130 1304 232 1337 ὑλικῶς
249 1305 426 1342 ὑποκείμενον
439 1329 446 1341 ,
464 1309 530 1336 ἀλλά
551 1319 577 1336 τι
603 1311 710 1343 πάντως
749 1312 831 1338 αὐτοῦ
861 1312 903 1338 διὰ
921 1311 1021 1342 παντὸς
1039 1312 1182 1347 νεκροῦται
1195 1333 1202 1344 ,
1225 1312 1271 1339 καὶ
1291 1313 1346 1345 ὄζει
1360 1333 1367 1346 ,
1384 1315 1429 1340 καὶ
1448 1315 1641 1350 διαφθείρεται,
1660 1318 1706 1345 καὶ

79 1349 240 1378 ἐκϐάλλεται
252 1370 259 1383 ,
278 1351 402 1387 καθάπερ
417 1354 504 1386 οἰκίας
523 1355 594 1386 τινὸς
612 1356 662 1390 τῆς
682 1355 728 1383 τοῦ
742 1356 867 1391 σώματος
884 1356 955 1389 λέγω
978 1356 1149 1391 κατασκευῆς
1170 1356 1218 1392 τὴν
1230 1357 1350 1393 νεκρώδη
1372 1358 1502 1386 δυσωδίαν
1537 1362 1705 1399 ἐκφερούσης

79 1396 127 1432 τῆς
150 1396 276 1430 φύσεως.
294 1399 340 1425 καὶ
367 1401 399 1435 τῇ
426 1402 459 1437 γῇ
479 1401 675 1437 παραδιδούσης
693 1402 723 1429 το
743 1403 793 1438 ἤδη
818 1403 867 1438 τῆς
885 1401 1003 1436 ζωτικῆς
1016 1401 1156 1437 δυνάμεως
1170 1401 1221 1435 ἔξω
1235 1403 1387 1438 γενόμενον.

114 1444 161 1471 Διὸ
186 1445 257 1472 κατὰ
280 1446 329 1482 τὴν
345 1447 392 1473 τοῦ
418 1449 535 1483 μεγάλου
565 1450 657 1485 φωνὴν
678 1451 782 1478 Παύλου
809 1451 869 1477 καθ’

954 1449 1152 1482 Quamobrem,
1170 1455 1199 1477 ut
1212 1450 1314 1478 Paulus
1328 1452 1383 1484 ait,
1398 1452 1519 1487 quotidie
1534 1456 1702 1486 morimnr’;

78 1490 185 1527 ἡμέραν
201 1491 407 1529 ἀποθνήσκομεν
421 1515 428 1527 ,
443 1495 492 1530 οὐχ
516 1496 540 1522 οἱ
566 1496 642 1523 αὐτοὶ
656 1496 700 1523 διὰ
716 1496 813 1528 παντὸς
837 1497 866 1523 ἐν

920 1495 1018 1530 quippe
1031 1495 1076 1529 qui
1092 1503 1147 1523 non
1164 1496 1243 1523 iidem
1259 1504 1367 1532 semper
1377 1505 1519 1527 manemus
1534 1500 1560 1527 in
1574 1501 1634 1535 ipso
1648 1510 1695 1529 cor

77 1535 117 1570 τῷ
132 1536 208 1571 αὖτῷ
223 1537 395 1573 διαμένοντες
418 1540 485 1576 οἴκῳ
512 1540 559 1567 τοῦ
576 1540 716 1577 σώματος,
734 1542 792 1569 ἀλλ’
806 1543 869 1570 ἐκά-

78 1590 156 1608 ato-rs
173 1582 248 1609 ἄλλοι
263 1583 293 1615 ἐξ
307 1583 387 1611 ἄλλου
402 1586 538 1621 γινόμενοι
550 1586 594 1613 διὰ
606 1587 764 1623 προσθήκης
779 1596 809 1614 τε
821 1589 868 1614 καὶ

76 1628 270 1663 ἁποποιήσεως
282 1648 289 1659 ,
308 1629 346 1661 ὡς
370 1630 437 1665 πρὸς
451 1631 543 1658 καινὸν
557 1631 637 1667 σῶμα
649 1632 693 1658 διὰ
707 1632 807 1664 παντὸς
821 1633 867 1659 ἀλ-

75 1672 238 1707 )ιιιούμενοι.
252 1674 284 1700 Τί
300 1672 346 1701 οὖν
362 1675 520 1711 ξενιζόμεθα
545 1677 613 1712 πρὸς
628 1678 674 1704 τὸν
691 1677 804 1705 θάνατον
814 1697 821 1709 ,
835 1676 865 1704 οὗ

75 1719 224 1755 ἀπεδείχθη
239 1720 336 1755 μελέτη
346 1721 486 1757 διηνεκὴς,
497 1725 543 1750 καὶ
557 1724 705 1759 γυμνάσιον
718 1725 735 1759 ἠ
746 1724 790 1753 διὰ
801 1733 865 1759 cur

75 1765 123 1796 κός
139 1763 209 1793 οὖσα
225 1766 280 1801 ζωή
293 1776 300 1798 ;
317 1767 376 1793 Κᾶν
389 1768 435 1794 τὸν
459 1768 541 1795 ὕπνον
557 1769 636 1806 εἴπῃς
653 1769 700 1797 καὶ
720 1769 769 1805 τὴν
783 1770 866 1805 ἐγρή-

74 1818 172 1845 γορσιν
185 1832 192 1844 ,
208 1811 291 1847 ἄλλην
306 1812 420 1840 θανάτου
444 1814 532 1848 λέγεις
555 1815 623 1850 πρὸς
642 1815 692 1850 τὴν
708 1815 782 1851 ζωὴν
798 1824 866 1851 συμ-

74 1856 180 1891 πλοκὴν
193 1877 200 1887 ,
225 1858 478 1895 κατασϐεννυμένης
502 1860 532 1886 ἐν
554 1861 610 1892 τοῖς
628 1860 788 1891 καθεύδουσι
814 1862 864 1897 τῆς

72 1902 244 1936 αἰσθήσεως,
262 1903 308 1930 καὶ
332 1903 412 1930 πάλιν
426 1904 475 1939 τῆς
492 1906 680 1942 ἐγρηγόρσεως
698 1906 862 1941 ἐνεργούσης

72 1949 141 1982 ἡμῖν
153 1948 181 1974 ἐν
194 1948 261 1984 αὐτῇ
277 1948 325 1985 τὴν
338 1949 517 1989 ἐλπιζομένην
528 1951 688 1985 ἀνάστασιν;
705 1952 774 1978 Ἀλλ’
785 1952 862 1979 οὗπω

71 1994 104 2020 τὸ
125 1994 303 2029 προκείμενον
327 1996 393 2031 ἡμῖν
414 1997 598 2033 εὑσαφηνίσθη
615 1997 659 2024 διὰ
673 1997 726 2024 τῶν
749 1998 862 2034 εἰρημέ-

71 2046 138 2070 νων,
151 2038 198 2064 τοῦ
213 2039 362 2067 ἐπεισοδίου
387 2041 521 2076 νοήματος
536 2042 602 2076 πρὸς
624 2042 720 2077 ἑτέραν
743 2042 860 2077 θεωρίαν

71 2083 282 2118 παραγαγόντος
291 2085 336 2111 τὸν
351 2085 438 2119 λόγον.

109 2128 195 2154 Πάλιν
210 2128 299 2156 τοίνυν
319 2130 349 2156 τὺ
373 2131 502 2166 προτεθὲν
528 2132 724 2167 ἀναλάϐωμεν,
749 2133 789 2159 ﬁt:
809 2133 859 2159 οὐκ

69 2173 217 2208 ἀχρήστως
231 2175 305 2210 ,πρὸς
315 2176 364 2210 τὴν
383 2177 609 2212 προσδοκωμένην
624 2177 679 2204 τῶν
695 2178 806 2212 ἀγαθῶν
819 2179 859 2205 ἐλ-

71 2219 137 2246 πίδα
150 2239 157 2250 ,
173 2220 234 2247 οὐδὲ
250 2222 266 2255 ἡ
286 2221 332 2248 τοῦ
358 2221 482 2257 σώματος
495 2223 575 2257 φύσις
597 2223 662 2258 ἔχει.
686 2224 718 2251 Εἰ
734 2224 782 2259 μὲν
806 2225 860 2260 γὰρ

69 2261 141 2297 ἦμεν
162 2264 230 2298 ὅπερ
247 2265 277 2297 ἐξ
293 2266 379 2301 ἀρχῆς
394 2267 556 2301 ἐγενόμεθα,
575 2268 625 2293 οὐκ
640 2266 673 2293 ἂν
692 2267 799 2298 πάντως
813 2267 859 2295 τοῦ

68 2309 233 2344 δερματίνου
256 2311 368 2345 χιτῶνος
391 2312 628 2348 προσεδεήθημεν,
654 2312 860 2350 ἐπιλαμπούσης

69 2355 136 2388 ἡμῖν
155 2355 207 2390 τῆς
224 2356 293 2391 πρὸς
309 2357 338 2383 τὺ
351 2357 428 2383 Θείον
448 2357 614 2391 ὁμοιώσεως.
636 2358 665 2384 ’0
684 2358 713 2385 δὲ
730 2358 800 2389 θεῖος
814 2367 862 2393 χα-

69 2400 176 2435 ρακτὴρ
187 2402 201 2427 6
212 2402 420 2437 ἐπιφαινόμενος
434 2404 499 2438 ἡμῖν
511 2403 542 2430 τὸ
557 2404 615 2430 κατ’
630 2403 726 2439 ἀρχάς,
743 2404 773 2430 οὺ
784 2403 859 2430 ποιοῦ

69 2445 211 2479 σχήματός
232 2455 304 2477 τινος
325 2446 341 2481 ἦ
358 2447 502 2482 χρώματος
517 2448 549 2483 ἦν
571 2448 669 2483 ἰδιότης
680 2467 687 2480 ,
704 2448 761 2474 ἀλλ’
776 2447 816 2479 οἷς
830 2448 860 2475 τδ

67 2491 140 2518 θεῖον
158 2491 301 2527 θεωρεῖται
322 2493 418 2524 κάλλος
430 2513 438 2525 ,
457 2495 587 2526 τοιούτοις
604 2493 802 2526 ἐκαλλωπίζετο
813 2494 860 2520 καὶ

66 2537 80 2562 ὁ
93 2536 249 2571 ἄνθρωπος,
269 2538 304 2564 δι’
326 2539 459 2570 ἀπαθείας
472 2548 502 2566 τε
529 2540 575 2567 καὶ
596 2540 793 2575 μακαριότητος
813 2540 859 2566 καὶ

66 2579 238 2615 ἁφθαρδίας,
265 2582 314 2617 τὴν
335 2584 489 2618 ἀρχέτυπον
516 2584 595 2619 χάριν
624 2583 856 2619 ἀπομιμούμενος.

72 2627 182 2662 Ἐπειδὴ
201 2627 229 2654 δὲ
255 2628 288 2654 δι’
304 2629 411 2664 ἀπάτης
427 2630 473 2656 τοῦ
489 2630 585 2665 ἐχθροῦ
610 2631 659 2665 τῆς
676 2630 749 2665 ζωῆς
769 2630 858 2664 ἡμῶν,

66 2672 133 2707 πρὸς
157 2673 187 2700 τὸ
213 2673 349 2708 κτηνῶδες
365 2675 412 2701 καὶ
441 2676 537 2710 ἄλογον
555 2676 684 2707 ἑκουσίως
704 2676 754 2711 τὴν
772 2675 858 2711 ῥοπὴν

65 2717 142 2753 ἔσχεν
168 2719 183 2744 ὁ
199 2718 360 2754 ἄνθρωπος,
386 2721 416 2747 τὸ
434 2722 482 2751 μὲν
506 2722 620 2753 ἄκοντας
643 2723 793 2759 ἀποστῆναι
810 2721 857 2749 τοῦ

123 2805 131 2831 1
152 2805 218 2832 (lor.
236 2813 279 2834 xv.
297 2806 340 2832 51.

227 2850 362 2881 ΡΑτιιυι..
378 2851 437 2881 (iu.
462 2851 571 2884 XLVI.

917 1541 993 1575 poris
1007 1541 1148 1568 domicilio
1158 1561 1165 1574 ,
1179 1541 1225 1569 sed
1240 1543 1399 1570 accessione
1411 1543 1626 1581 decessioneque
1637 1555 1702 1575 ron—

916 1587 991 1613 tinna
1013 1587 1059 1614 alii
1081 1595 1113 1614 ex
1139 1587 1193 1614 alio
1209 1587 1360 1621 reddimur,
1378 1593 1407 1616 et
1423 1589 1450 1617 in
1474 1598 1572 1618 novum
1590 1593 1702 1620 assiduo

915 1639 1014 1666 corpus
1031 1632 1219 1659 immutantur.
1234 1633 1303 1665 Quid
1322 1634 1404 1668 igitur
1419 1642 1480 1662 cum
1497 1640 1585 1664 morte
1601 1645 1653 1666 nos
1671 1643 1702 1666 ut

914 1676 1020 1711 hospite
1036 1678 1247 1712 peregrinoSqne
1261 1678 1392 1713 gerimus,
1406 1688 1468 1707 cum
1480 1681 1699 1713 demonstratum

915 1723 968 1754 sit,
983 1723 1064 1750 vitam
1082 1723 1152 1750 hanc
1165 1731 1246 1758 quam
1264 1724 1290 1750 in
1305 1732 1387 1752 carne
1401 1725 1534 1761 degimus,
1549 1728 1615 1755 nihil
1627 1729 1700 1758 aliud

914 1776 992 1800 esse,
1017 1768 1071 1796 nisi
1092 1771 1251 1804 perpetuam
1276 1770 1373 1798 mortis
1394 1773 1651 1801 commentationem
1668 1782 1700 1803 ac

914 1814 1059 1844 studium?
1082 1814 1174 1847 Quid?
1191 1814 1249 1849 ipso
1264 1823 1379 1845 somnus
1395 1822 1477 1852 atque
1504 1818 1597 1853 vigilia
1608 1839 1615 1851 .
1634 1821 1699 1856 quid

913 1859 987 1889 aliud
1005 1864 1086 1892 Sunt,
1111 1860 1164 1888 nisi
1189 1861 1286 1889 mortis
1303 1862 1419 1898 vitaque
1440 1864 1599 1899 complexus
1619 1870 1700 1901 atque

913 1904 1088 1939 conjunctio?
1100 1912 1163 1932 cum
1183 1909 1209 1932 et
1228 1906 1394 1935 dormientes
1411 1912 1538 1943 tanquam
1551 1910 1699 1940 exstinctos

913 1957 1011 1978 sensus
1035 1958 1084 1978 nos
1107 1950 1231 1984 deserat,
1255 1956 1282 1979 et
1306 1953 1442 1980 excitatos
1470 1953 1560 1988 vigilia
1585 1961 1698 1990 sperata?

914 1996 1128 2024 resurrectionis
1147 1996 1312 2025 admoneat?
1334 1996 1433 2025 Verum
1454 1998 1625 2034 digressione
1646 2002 1698 2029 hac

914 2041 947 2068 ad
966 2041 1017 2068 alia
1035 2041 1234 2071 conSideranda
1250 2050 1302 2070 nos
1319 2043 1488 2075 addueente,
1505 2045 1578 2079 quod
1593 2053 1695 2081 propo-

913 2087 1020 2114 suimus
1036 2087 1157 2113 nondum
1175 2087 1381 2121 explicavimus.

875 2123 897 2149 ι)
947 2132 1039 2165 Quare
1058 2133 1090 2159 ad
1111 2133 1282 2167 propositum
1300 2137 1482 2167 revertamur,
1501 2136 1696 2164 ostendamus-

913 2186 967 2212 que
983 2186 1017 2205 ne
1035 2179 1160 2213 corporis
1175 2178 1284 2212 quidem
1302 2184 1429 2207 naturam
1447 2181 1572 2209 inutilem
1587 2190 1648 2210 esse
1662 2184 1696 2213 ad

913 2231 988 2258 spem
1004 2223 1136 2250 bonorum
1146 2244 1153 2255 ,
1170 2231 1230 2258 qua:
1243 2232 1257 2251 a
1271 2224 1351 2252 nobis
1366 2230 1571 2260 exspectantur.
1591 2227 1695 2258 Etenim

912 2270 935 2296 si
951 2269 1019 2297 tales
1034 2270 1243 2301 mansissemns,
1263 2271 1358 2304 quales
1370 2271 1448 2298 initio
1464 2272 1565 2301 fuimus
1582 2282 1694 2309 procre-

912 2317 967 2348 ati.
993 2316 1039 2344 Del
1064 2317 1244 2345 similitudine
1265 2319 1292 2345 in
1317 2319 1395 2347 nobis
1415 2321 1557 2354 clnccnte,
1581 2323 1695 2357 pellicea

911 2362 1002 2389 tunica
1021 2363 1177 2397 neutiquam
1195 2363 1420 2398 iudiguissemus,
1440 2365 1531 2393 Divina
1549 2369 1621 2394 enim
1635 2377 1695 2403 quin

910 2407 1045 2443 principio
1068 2408 1094 2435 in
1119 2409 1198 2436 nobis
1218 2412 1382 2437 cernebatur
1407 2415 1485 2443 nota.
1507 2420 1560 2439 non
1582 2413 1608 2440 in
1625 2422 1694 2448 qua-

909 2453 1038 2488 licunque
1056 2454 1148 2489 figurae
1164 2455 1298 2483 colorisve
1321 2458 1485 2491 proprietate
1507 2459 1692 2492 consistebat,

909 2499 955 2525 sed
970 2498 1070 2533 quibus
1084 2499 1240 2534 insignibus
1253 2500 1298 2528 Dei
1315 2502 1490 2536 pulchritudo
1512 2505 1692 2538 conspicita‘r,

908 2544 1005 2571 iisdem
1034 2545 1115 2571 homo
1146 2545 1295 2573 decoratus
1320 2555 1368 2581 per
1392 2548 1588 2576 beatitudinem
1618 2551 1693 2584 υκαι-ί-

909 2590 1012 2617 tudinis
1035 2593 1063 2617 et
1084 2591 1269 2625 corruptionis
1284 2597 1422 2627 expertem
1445 2595 1609 2627 exemplaris
1628 2603 1691 2628 gra-

908 2635 973 2661 tiam
996 2635 1175 2669 exprimebat.
1199 2636 1250 2663 Sed
1273 2642 1451 2672 posteaquam
1473 2646 1487 2664 a
1510 2639 1571 2665 vita:
1590 2644 1692 2666 nostra)

909 2680 1022 2707 inimico
1041 2681 1111 2708 dolis
1135 2682 1264 2716 deceptus
1295 2683 1327 2709 ad
1361 2683 1510 2710 bestiarum
1535 2684 1691 2719 rationique

907 2727 1074 2754 contrariam
1105 2726 1188 2754 vitam
1224 2727 1440 2764 amplectendam
1470 2730 1610 2757 voluntate
1638 2736 1689 2761 sua

1528 2862 1567 2895 17
