1938 3082
232 106 285 133 5'23
852 102 879 128 S.
893 101 1058 129 GREGORII

235 160 396 196 propensior
425 158 531 190 evasit,
560 156 793 184 inconsideratius
819 156 936 184 fortasse
963 160 1058 188 remA

234 205 452 241 upendentibus
467 204 607 230 videretur
625 203 708 235 utile,
725 207 755 228 ut
774 210 788 229 ιι
811 202 884 229 malo
900 201 1022 230 discede-

235 260 328 280 remus
345 251 442 282 inviti,
460 249 605 284 coactique
622 248 655 275 ad
675 248 776 275 bonum
794 252 972 274 revertemur.
987 247 1021 275 At

234 299 361 326 humanae
386 301 490 324 natura;
513 294 634 322 elfectori
651 294 747 321 inutile
770 293 857 320 visum
879 297 921 320 est
941 297 1023 328 atque

236 346 359 380 iniquum
372 365 379 377 ,
397 348 426 370 ut
442 343 478 370 ob
493 349 554 369 eam
571 341 780 376 dispositionem
795 344 893 367 natura
910 339 1021 366 maximi

235 391 299 418 boni
315 390 453 425 jacturam
471 388 581 414 laceret.
600 385 668 413 Nam
685 393 747 412 cum
766 384 820 413 Deo
835 385 944 416 similis,
956 385 1022 412 bea-

235 442 333 471 tusque
356 442 388 462 ea
411 441 441 461 re
458 437 532 461 esset
557 432 656 463 homo,
681 430 753 466 quod
780 431 866 458 libera
892 430 1022 465 pem-ditus

234 486 293 509 erat
306 481 446 508 voluntate
460 478 549 514 (juris
563 477 636 505 enim
649 484 710 505 esse
726 476 784 509 sui,
797 481 824 503 et
837 477 940 503 nullius
958 476 1021 503 sub.

231 528 334 562 jeclum
349 525 476 561 imperio,
490 523 590 551 divinae
601 527 644 551 est
660 522 842 550 beatitudinis
855 521 1020 557 proprium),

235 574 258 600 si
277 572 441 600 necessitate
462 570 556 601 illum,
575 573 602 597 et
622 570 647 596 vi
668 568 701 596 ad
721 567 824 603 aliquid
851 568 1021 602 impulisset,

234 626 266 646 ea
292 617 439 652 spoliasset
465 616 554 650 ipsum
581 615 722 649 dignitate.
749 613 800 646 Qui
826 613 898 640 enim
926 617 1023 647 sponte

235 669 365 699 motuque
395 663 550 691 voluntario
578 665 704 689 naturam
741 668 819 688 suam
850 660 884 686 ad
919 658 1021 694 aliquid

234 719 347 741 eorum,
372 718 433 744 quae
461 716 516 736 non
544 707 728 737 conveniunt.
756 709 972 735 converterunt,
999 706 1021 732 si

235 763 283 791 per
294 755 349 781 vim
363 755 397 781 ab
412 754 446 780 iis
456 772 464 784 ,
479 759 539 787 quze
555 751 606 778 sibi
624 751 675 785 ipsi
694 750 856 785 delegerunt
867 769 874 781 .
889 750 1022 776 desistere

231 804 378 835 cogantur,
402 799 506 826 bonum
531 796 586 824 illis
612 795 751 827 adimitur,
782 795 854 830 quod
881 794 1018 821 habebant

233 834 331 882 prius:
348 853 435 880 eaque
451 852 495 871 ros
511 850 550 871 est
572 843 689 878 privatio
715 841 803 869 divini
826 841 949 868 honoris.
975 840 1019 867 Li-
1037 834 1055 860 Β

234 895 328 922 berum
350 893 422 920 enim
445 890 593 918 voluntatis
614 888 760 916 arbitrium
790 891 833 915 est
861 887 950 914 honor
978 886 1019 913 di-

232 940 297 966 vino
318 937 441 973 aequalis.
464 935 650 969 Quamobrem
677 938 708 961 ut
731 933 814 961 simul
842 938 869 961 et
895 933 1021 960 humana:

234 990 337 1012 natura:
361 983 564 1017 relinqueretur
589 980 711 1015 dignitas
734 979 828 1007 libera:
853 979 1018 1010 voluntatis,

228 1035 260 1058 et
279 1031 368 1065 ipsum
390 1027 546 1055 auferretur
567 1026 665 1052 malum
678 1045 684 1055 ,
709 1026 779 1052 hanc
799 1024 891 1051 divina
912 1025 1021 1059 sapien-

234 1077 272 1103 tia
295 1075 427 1102 rationem
444 1068 625 1107 excogitavit,
643 1076 672 1098 ut
691 1071 718 1098 in
741 1071 775 1098 iis
800 1070 936 1097 hominem
961 1077 1021 1095 esse

233 1122 350 1152 sineret,
369 1127 429 1154 qua:
446 1118 496 1146 sibi
516 1118 574 1152 ipse
595 1117 739 1151 elegisset,
757 1123 812 1150 quo
829 1115 945 1150 gustatis
963 1122 1020 1141 ma-

233 1169 284 1201 lis,
309 1175 369 1202 qua:
395 1165 609 1200 concupiverat.
637 1163 860 1198 experiendoque
886 1162 1019 1192 discens,

234 1221 295 1248 qua).
315 1211 414 1247 quibus
434 1212 652 1241 comntutasset,
676 1217 707 1235 ea
734 1207 885 1243 cupiditate
910 1214 1019 1234 rursum

234 1259 435 1289 incenderetur,
449 1260 479 1283 ut
492 1256 619 1282 vitiorum
637 1253 945 1290 perturbationumque,
961 1261 1021 1288 quae

233 1302 332 1330 rationi
361 1301 479 1329 inimicae
505 1304 587 1332 sunt,
615 1307 699 1326 onere
715 1298 857 1333 deposito,
887 1302 914 1325 et
930 1299 972 1325 vel
994 1299 1020 1325 in

233 1347 361 1384 praesenti
376 1347 431 1374 vita
446 1346 575 1382 precibus
592 1345 790 1380 sapientiteqnc
813 1344 905 1372 studio
921 1352 1022 1380 purga-

231 1399 294 1427 tus,
308 1393 350 1421 vel
365 1397 427 1428 post
441 1392 548 1419 obitmn
568 1399 615 1426 per
632 1391 812 1425 expurgantis
835 1390 906 1425 ignis
928 1389 1023 1416 forna-

229 1447 290 1467 cem
305 1439 447 1474 expiatus,
473 1438 506 1464 ad
530 1437 676 1472 pristinam
693 1437 773 1464 vellet
796 1436 886 1464 redire
910 1435 1023 1463 felicita-

230 1491 298 1514 tem.
313 1483 349 1512 Ut
365 1484 439 1512 enim
461 1484 483 1511 si
500 1484 563 1518 quis
579 1483 692 1510 medicae
708 1482 848 1510 facultatis
860 1503 868 1516 ,
884 1486 911 1510 et
925 1489 1019 1509 eorum

230 1540 291 1567 quae
304 1530 452 1559 valetudini
466 1530 507 1557 vel
523 1529 630 1564 prosint
643 1529 685 1556 vel
701 1528 809 1559 obsint.
824 1528 1019 1563 peritissiums,

235 1576 442 1605 adolescentulo
458 1574 566 1609 quidem
590 1574 749 1601 consuleret
768 1573 910 1605 salutaria.
934 1573 980 1601 sed
996 1573 1020 1600 ei

231 1628 322 1649 tamen
339 1624 450 1656 propter
468 1620 558 1646 aetatis
577 1618 783 1654 prudentiwque
805 1619 1020 1646 imbecillitatem

230 1668 348 1695 consilio
370 1674 420 1694 suo
445 1665 611 1701 persuadere
635 1672 688 1692 non
710 1668 818 1699 posset,
839 1664 988 1698 quominus
1005 1671 1019 1690 a

231 1713 320 1740 l‘rnctu
331 1732 338 1744 ,
356 1715 403 1738 aut
419 1711 503 1738 herba
517 1711 608 1746 aliqua
623 1710 777 1745 perniciosa
797 1714 961 1744 temperaret
973 1730 979 1742 ,
997 1710 1020 1737 is

230 1767 292 1786 cum
309 1766 390 1785 omne
405 1757 587 1785 remediorum
604 1764 690 1790 genus
706 1757 732 1783 in
750 1760 876 1791 promptu
894 1756 1018 1787 haberet,

230 1805 401 1839 permitteret
419 1803 483 1834 lilio,
496 1807 524 1829 ut
540 1810 569 1829 re
583 1802 661 1829 noxia
678 1806 848 1835 vesceretur,
860 1810 915 1836 quo
932 1802 1019 1828 morbi

229 1850 357 1877 molestia
383 1849 550 1876 aut'dolore
567 1847 659 1882 aliquo
683 1847 827 1879 allectum,
853 1855 936 1882 reque
960 1847 1019 1881 ipsa

229 1895 336 1930 paterni
356 1894 464 1922 consilii
488 1894 633 1921 utilitatem
657 1897 868 1928 agnoscentem,
888 1893 1019 1920 valetudi-

230 1942 328 1976 nisque
343 1940 514 1976 cupidiorem
531 1939 741 1966 medicamentis
755 1939 812 1966 suis
827 1939 854 1966 in
871 1939 1017 1974 pristinum

229 1987 373 2014 reduceret
394 1988 511 2019 statuat,
526 1984 599 2011 unde
614 1988 725 2018 propter
738 1984 848 2011 stultam
864 1984 918 2011 cibi
940 1984 1020 2018 pesti-

229 2033 279 2060 t‘eri
303 2031 482 2066 cupiditatem
500 2030 674 2057 excidisset:
700 2030 740 2057 sic
764 2029 889 2057 humanm
914 2034 1018 2057 natma:

228 2078 406 2105 dulcissimus
428 2080 510 2111 atque
530 2075 650 2110 optimus
673 2080 759 2110 pater,
780 2083 841 2110 qua:
865 2075 1015 2107 salutaria,

227 2130 322 2158 quaeve
340 2122 493 2158 perniciosa
518 2125 611 2149 essent
636 2121 758 2153 homini,
777 2121 856 2156 plane
880 2125 993 2148 noverat
1009 2129 1015 2146 :

229 2170 321 2203 itaque
338 2168 412 2195 illum
431 2166 591 2199 admonuit,
607 2174 640 2193 ne
659 2166 816 2201 perniciosa
832 2167 1014 2202 contingeret.

229 2213 330 2240 Verum
351 2220 413 2240 cum
432 2212 470 2239 rei
487 2211 632 2238 deteriOris
647 2211 797 2246 cupiditate
818 2211 908 2239 victus
923 2215 1015 2244 esset,

229 2257 436 2285 medicamentis
452 2265 506 2284 non
523 2256 658 2292 indiguit,
677 2256 781 2291 quibus
795 2263 856 2283 eum
873 2256 906 2283 ad
925 2256 1017 2291 pristi-

229 2312 292 2330 nam
310 2304 453 2330 sanitatem
475 2303 629 2330 revocaret.
655 2302 760 2329 Etenim
779 2309 841 2328 cmn
855 2309 1015 2336 corpoream

230 2351 309 2377 istam
324 2350 492 2384 voluptatem
518 2348 603 2375 animi
622 2347 722 2375 laetitiae
738 2348 919 2383 praetulisset.
942 2348 1016 2375 visus

228 2401 270 2422 est
281 2393 483 2429 quodammodo
497 2393 569 2421 Deus
581 2393 749 2428 permittere,
768 2393 905 2420 hominem
920 2400 953 2420 eo
967 2393 1016 2419 im-

229 2444 292 2475 petu
309 2439 388 2471 ferri.
405 2443 516 2474 propter
529 2438 648 2466 tunicam
666 2439 739 2466 illam
758 2439 898 2473 pelliceam
910 2458 917 2469 ,
933 2447 1014 2473 quam

228 2486 264 2513 ob
278 2486 339 2520 ejus
353 2485 565 2520 propensionem
581 2485 615 2512 ad
631 2486 732 2512 malum
749 2484 837 2511 induit
852 2485 945 2516 illum,
961 2492 1014 2519 qua

228 2531 338 2568 quidem
354 2531 447 2558 tunica
462 2535 568 2558 naturae
580 2530 687 2557 ratione
697 2531 820 2557 vacantis
835 2530 1016 2565 proprietates

228 2577 330 2604 homini
350 2575 475 2604 admistaa
491 2580 566 2604 sunt.
586 2575 726 2610 Sapientia
741 2575 815 2602 enim
829 2574 874 2601 illa
891 2582 951 2609 qua:
968 2583 1015 2609 per

226 2622 367 2650 rontraria
380 2642 386 2654 ,
401 2621 473 2657 quod
490 2622 588 2648 melius
602 2625 661 2650 est,
680 2619 802 2654 disponit
816 2639 823 2652 ,
845 2623 950 2646 natura;
972 2627 1011 2647 ra-

226 2669 300 2696 tione
328 2668 450 2703 prazditaa
476 2666 628 2694 bestiarum
661 2665 852 2692 indumentum
882 2665 1012 2693 confecit.

226 2711 294 2739 Nam
309 2713 401 2739 tunica
418 2711 463 2738 illa
479 2711 591 2745 pellicea
610 2717 702 2736 secum
720 2708 811 2737 ferens
831 2717 927 2738 omnes
952 2717 1015 2745 pru-

226 2757 375 2790 prietates,
408 2763 478 2791 quas
508 2763 541 2783 ex
569 2755 718 2783 bestiarum
747 2760 845 2782 natura
874 2757 1013 2791 continet,

224 2808 326 2836 nempe
356 2801 539 2835 voluptatem,
572 2800 759 2835 iracundiam,
793 2801 914 2836 gutturis
946 2810 1013 2830 ven-

1073 101 1221 130 NYSSENI
1813 102 1864 130 5‘24

1073 157 1210 193 χείρονος,
1227 157 1272 184 καὶ
1292 156 1360 192 πρὸς
1373 156 1404 183 τὸ
1424 157 1546 192 κρεῖττον
1559 157 1766 192 ἀναγκαπικῶς
1784 168 1863 194 μετα-

1072 203 1176 236 θεῖναι,
1193 204 1249 235 τοῖς
1269 203 1317 238 μὲν
1338 203 1527 236 ἀνεξετάστοις
1545 205 1679 239 χρήσιμον
1695 202 1767 231 εἶναι
1780 204 1862 231 δοκεῖ·

1072 249 1110 284 τῷ
1137 249 1165 276 δὲ
1189 249 1295 285 πλάστῃ
1322 250 1371 284 τῆς
1396 249 1504 284 φύσεως
1528 249 1683 281 ἀλυσιτελὲς
1704 250 1792 285 ἐφάνη
1819 251 1865 276 καὶ

1073 295 1181 327 ἄδικον,
1199 295 1249 330 τὴν
1272 294 1319 321 τοῦ
1345 294 1473 330 μεγίστου
1498 294 1552 322 τῶν
1575 295 1686 329 ἀγαθῶν
1703 295 1806 330 ζημίαν
1821 296 1864 322 διὰ

1072 341 1120 376 τῆς
1137 340 1263 375 τοιαύτης
1277 340 1432 375 οἰκονομίας
1446 341 1637 376 ἐμποιῆσαιτῇ
1655 340 1745 375 φύσει.
1755 340 1864 375 Ἐπειδὴ

1072 386 1125 422 γὰρ
1141 386 1260 422 θεοειδὴς
1276 387 1290 413 ὁ
1308 386 1451 421 ἄνθρωπος
1465 387 1573 421 ἐγένετο
1585 406 1592 418 ,
1608 388 1655 413 καὶ
1678 387 1813 422 μακάριος
1825 387 1863 421 τῷ

1072 432 1238 468 αὑτεξουσίῳ
1249 432 1428 468 τετιμημένος
1444 432 1492 465 (τὸ
1513 433 1568 468 γὰρ
1585 433 1754 467 αὐτοκρατές
1773 441 1801 459 τε
1818 433 1863 460 καὶ

1072 479 1217 505 ἀδέσποτον
1235 478 1300 505 ἴδιόν
1329 479 1387 505 ἐστι
1414 479 1462 514 τῆς
1488 478 1562 510 θείας
1578 478 1819 513 μακαριότητος),
1833 478 1864 504 τὸ

1072 523 1105 549 δι’
1121 523 1243 559 ἀνάγκης
1260 523 1342 549 αὐτὸν
1355 524 1400 549 ἐπί
1424 532 1450 550 τι
1471 523 1636 558 μεταχθῆναι
1651 523 1763 558 βιαίως.
1783 523 1864 557 ἀφαίι

1074 577 1147 604 ρεσις
1171 568 1217 595 τοῦ
1237 568 1391 604 ἀξιώματος
1410 566 1453 605 ἧν.
1473 569 1505 595 El
1528 569 1582 604 γάρ
1601 568 1731 601 ἑκουσίως
1746 569 1796 604 τὴν
1817 569 1863 596 ἀν-

1073 614 1212 650 θρωπίνην
1237 615 1318 649 φύσιν
1335 614 1405 641 κατὰ
1420 615 1470 650 τὴν
1490 614 1662 647 αὐτεξούσιον
1684 615 1792 651 κίνησιν
1817 614 1863 640 ἐπί

1073 667 1098 685 τι
1115 659 1168 686 τῶν
1183 660 1214 686 οὐ
1238 660 1352 686 δεόντων
1373 660 1551 696 ὁρμήσασαν,
1573 660 1667 695 βιαίως
1684 668 1714 687 τε
1732 660 1780 687 καὶ
1796 668 1862 686 κατ-

1072 706 1286 741 ηναγκασμένως
1294 706 1348 733 τῶν
1364 707 1531 742 αἱρεσάντων
1544 707 1707 743 ἀπέστησεν,
1719 707 1863 742 ἀφαίρεσις

1072 752 1104 779 ἂν
1118 750 1153 788 ἦν
1169 752 1216 779 τοῦ
1242 754 1403 788 προέχοντος
1419 753 1522 787 ἀγαθοῦ
1536 753 1566 780 τὸ
1577 754 1717 788 γινόμενον
1727 773 1735 785 ,
1750 753 1798 780 καὶ
1814 753 1863 788 τῆς

1074 798 1176 825 ἰσοθέου
1187 799 1269 834 τιμῆς
1284 799 1478 835 ἀποστέρησις.
1498 799 1611 826 ’ἰσόθεον
1621 799 1676 834 γάρ
1690 799 1787 828 ἐστιτὺ
1802 799 1864 825 αὺτ-

1070 843 1199 876 εξούσιον.
1221 844 1264 876 Ὧς
1282 844 1314 870 ἂν
1333 841 1379 871 οὖν
1397 845 1472 879 καὶὴ
1489 844 1597 878 ἐξουσία
1618 845 1742 881 μένοιτῇ
1768 845 1862 879 φύσει,

1071 890 1118 916 καὶ
1134 890 1164 916 τὸ
1177 890 1260 917 κακὸν
1274 891 1434 926 ἀπογένοιτο
1447 910 1454 922 ,
1473 890 1574 926 ταύτην
1588 888 1668 926 εὗρεν
1684 891 1700 926 ἡ
1722 891 1804 925 σοφία
1815 889 1864 917 τοῦ

1071 936 1139 963 Θεοῦ
1159 936 1208 972 τὴν
1220 937 1361 969 ἐπίνοιαν,
1377 936 1407 963 τὸ
1432 937 1512 963 ἐᾶσαι
1530 937 1576 963 τὸν
1602 937 1744 972 ἄνθρωπον
1768 938 1798 964 ἐν
1823 935 1864 968 οἷς

1071 981 1203 1017 ἐϐουλήθη
1218 982 1363 1016 γενέσθαι,
1380 983 1423 1009 ἵνα
1437 983 1606 1018 γευσάμενος
1625 983 1678 1009 τῶν
1697 983 1791 1010 κακῶν
1804 1004 1811 1015 ,
1826 980 1864 1010 ὧν

1071 1027 1254 1062 ἐπεθύμησεν,
1269 1028 1315 1054 καὶ
1325 1029 1358 1063 τῇ
1375 1028 1457 1063 πείρᾳ
1478 1027 1571 1062 μαθὼν
1582 1048 1589 1060 ,
1606 1025 1650 1054 οἶα
1663 1028 1720 1054 ἀνθ’
1735 1028 1799 1054 οἴων
1817 1028 1865 1062 ὴλ-

1071 1071 1168 1105 λάξατο
1181 1092 1188 1104 ,
1212 1072 1417 1108 παλινδρομήσῃ
1436 1073 1481 1099 διὰ
1502 1073 1553 1107 τῆς
1572 1072 1718 1108 ἐπιθυμίας
1730 1073 1863 1104 ἑκουσίως

1072 1119 1139 1153 πρὸς
1151 1118 1200 1154 τὴν
1214 1118 1325 1154 πρώτην
1340 1119 1528 1154 μακαριότητα
1538 1139 1545 1152 ,
1563 1119 1636 1145 ἆπαν
1647 1120 1678 1146 τὸ
1692 1118 1816 1154 ἐμπαθές
1832 1127 1862 1145 τε

1072 1163 1118 1190 καὶ
1133 1163 1228 1197 ἄλογον
1240 1184 1247 1195 ,
1272 1164 1366 1198 ὥσπερ
1381 1172 1406 1190 τι
1428 1163 1509 1198 ἄχθος
1531 1163 1722 1195 ἀποσκευάσας
1742 1163 1792 1198 τῆς
1812 1162 1864 1196 φύ-

1072 1217 1140 1240 σεως
1151 1229 1158 1241 ,
1176 1209 1234 1243 ἦτοι
1251 1209 1321 1235 κατά
1335 1209 1384 1244 τὴν
1397 1208 1538 1244 παροῦσαν
1551 1208 1632 1244 ζωὴν,
1648 1208 1691 1235 διὰ
1706 1207 1864 1244 προσευχῆς

1071 1263 1100 1280 τε
1115 1254 1161 1280 καὶ
1178 1253 1334 1288 φιλοσοφίας
1349 1253 1549 1288 ἐκκαθαρθεὶς,
1567 1253 1583 1288 ἢ
1600 1253 1668 1288 μετὰ
1684 1252 1733 1288 τὴν
1756 1251 1863 1279 ἐνθένδε

1074 1299 1280 1334 μετανάστασιν,
1292 1299 1336 1326 διὰ
1349 1299 1400 1333 τῆς
1412 1299 1459 1325 τοῦ
1473 1298 1623 1334 καθαρσίου
1640 1298 1724 1334 πυρὸς
1736 1297 1861 1333 χωνείας.

1073 1345 1178 1380 ’Ὠσπερ
1192 1345 1246 1380 γὰρ
1261 1345 1288 1371 εί
1296 1353 1337 1376 τις
1356 1344 1475 1380 ἰατρικὸς
1492 1344 1529 1371 ὢν
1541 1364 1549 1377 ,
1569 1345 1618 1372 καὶ
1643 1345 1732 1372 πᾶσαν
1749 1344 1864 1379 ἐπιστή-

1074 1398 1127 1425 μην
1139 1390 1192 1417 τῶν
1207 1398 1237 1416 τε
1253 1390 1402 1425 σωτηρίων,
1417 1390 1464 1417 καὶ
1475 1390 1528 1418 τῶν
1540 1390 1709 1426 δηλητηρίων
1721 1391 1754 1416 ἐκ
1764 1390 1864 1425 τέχνης

1073 1437 1159 1472 ἔχων,
1179 1437 1369 1473 συμϐουλεύων
1382 1437 1422 1473 τῷ
1441 1437 1575 1473 μειρακίῳ
1588 1437 1621 1463 τὰ
1636 1428 1748 1469 δέοντα,
1763 1435 1803 1471 μὴ
1820 1435 1865 1462 δυ-

1073 1483 1166 1518 νηθείη
1184 1483 1227 1510 διὰ
1252 1483 1406 1519 συμϐουλῆς
1422 1483 1542 1510 κωλύσαι
1561 1483 1608 1509 τὸν
1622 1482 1704 1518 ἀτελῆ
1727 1482 1800 1509 κατὰ
1815 1481 1865 1517 τὴν

1072 1529 1179 1564 ἡλικίαν
1204 1538 1234 1556 τε
1257 1530 1304 1555 καὶ
1331 1528 1380 1565 τὴν
1398 1529 1540 1564 φρόνησιν,
1567 1527 1774 1562 ἐπιθυμητικῶς
1796 1527 1866 1562 πρὸς

1071 1583 1130 1601 τινα
1147 1574 1306 1610 φθοροποιὸν
1324 1574 1458 1610 καρπδνῆ
1479 1574 1547 1600 πόαν
1566 1573 1732 1605 διατεθέντα,
1750 1573 1821 1608 ἔχων
1836 1572 1866 1599 δέ

1071 1621 1200 1647 παντοίαν
1214 1621 1268 1647 τῶν
1289 1620 1519 1656 ἀλεξιφαρμάκων
1543 1619 1717 1656 παρασκευὴν
1730 1639 1737 1651 ,
1755 1619 1866 1654 ἐπιτρέ-

1069 1665 1129 1699 ψειε
1148 1665 1187 1700 τῷ
1202 1664 1277 1691 παιδὶ
1295 1666 1441 1700 μετασχεῖν
1461 1665 1515 1692 τῶν
1531 1665 1720 1700 βλαπτόντων,
1737 1665 1780 1700 ἐφ’
1798 1661 1821 1699 ᾧ
1834 1673 1865 1692 τε

1070 1710 1113 1736 διὰ
1134 1710 1183 1745 τῆς
1199 1709 1252 1736 τῶν
1271 1710 1403 1744 ἀλγεινῶν
1426 1711 1524 1746 πείρας
1543 1711 1574 1738 τὸ
1586 1712 1721 1747 χρήσιμον
1738 1711 1789 1746 τῆς
1810 1720 1866 1737 πα-

1069 1755 1160 1791 τρῲας
1177 1756 1332 1790 συμϐουλῆς
1357 1756 1475 1791 μαθόντα
1491 1777 1497 1789 ,
1525 1758 1572 1784 καὶ
1598 1758 1626 1784 ἐν
1653 1757 1788 1792 ἐπιθυμία
1813 1758 1866 1792 τῆς

1071 1801 1176 1835 ὑγιείας
1192 1802 1347 1836 γενόμενον,
1368 1803 1448 1829 πάλιν
1474 1802 1517 1830 διὰ
1530 1803 1584 1830 τῶν
1600 1803 1788 1839 ἀλεξητηρίων
1814 1804 1865 1830 ὲπ-

1070 1847 1194 1881 αναγάγῃ
1209 1846 1277 1881 πρὸς
1292 1847 1398 1879 εὐεξίαν
1413 1848 1458 1874 τὸν
1479 1849 1570 1880 παῖδα,
1584 1845 1618 1884 ῆς
1634 1849 1676 1876 διὰ
1690 1849 1742 1884 τῆς
1759 1849 1865 1876 ἀτόπου

1069 1893 1122 1918 τῶν
1133 1892 1302 1927 δηλητηρίων
1316 1893 1462 1929 ἐπιθυμίας
1474 1894 1601 1926 ἐξέπεσεν
1610 1904 1616 1910 ·
1629 1895 1715 1926 οὕτως
1731 1896 1745 1921 ὁ
1760 1894 1866 1929 γλυκύς

1069 1948 1097 1965 τε
1112 1939 1159 1965 καὶ
1173 1939 1274 1972 ἀγαθὸς
1286 1940 1336 1974 τῆς
1351 1939 1457 1974 φύσεως
1472 1941 1550 1976 ἡμῶν
1565 1941 1672 1977 πατὴρ,
1690 1943 1704 1968 ὁ
1719 1941 1798 1973 εἰδὼς
1815 1941 1866 1968 καὶ

1069 1986 1102 2012 δι’
1118 1983 1155 2011 ὧν
1169 1985 1321 2020 σωζόμεθα,
1337 1985 1467 2022 ἐγνώρισε
1496 1986 1545 2022 μὲν
1564 1987 1603 2022 τῷ
1618 1986 1755 2022 ἀνθρώπῳ
1767 1988 1799 2014 τὸ
1814 1987 1864 2023 δη-

1068 2030 1206 2065 λητίεριον,
1223 2030 1270 2056 καὶ
1285 2032 1315 2056 τὸ
1333 2031 1370 2066 μὴ
1388 2033 1532 2066 μετασχεῖν
1550 2032 1758 2060 συνεϐούλευσεν
1769 2042 1776 2049 ’
1792 2042 1863 2068 κρα-

1068 2077 1189 2111 τησάσης
1200 2075 1228 2102 δὲ
1242 2076 1292 2110 τῆς
1304 2077 1451 2112 ἐπιθυμίας
1464 2077 1511 2104 τοῦ
1523 2077 1658 2113 χείρονος,
1674 2078 1725 2105 οὐκ
1737 2078 1862 2114 ἠπόρησε

1069 2123 1122 2149 τῶν
1141 2123 1251 2157 ἀγαθῶν
1264 2124 1488 2160 ἀντιφαρμάκων,
1504 2123 1538 2150 δι’
1555 2121 1592 2150 ὢν
1606 2124 1770 2160 ἐπαναγάγῃ
1781 2124 1862 2151 πάλιν

1035 2185 1055 2212 D
1071 2168 1139 2203 πρὸς
1157 2168 1205 2204 τὴν
1226 2169 1275 2204 τῆς
1292 2169 1380 2204 ἀρχῆς
1393 2169 1498 2202 εὐεξίαν
1510 2169 1556 2195 τὸν
1570 2169 1724 2204 ἄνθρωπον.
1737 2169 1794 2204 Τὴν
1809 2169 1863 2204 γὰρ

1070 2213 1165 2249 ὑλικὴν
1179 2214 1279 2249 ταύτην
1305 2214 1400 2250 ἡδονὴν
1424 2214 1476 2250 πρὸ
1497 2214 1546 2249 τῆς
1559 2214 1678 2250 ψυχικῆς
1691 2215 1864 2250 εὐφροσύνης

1067 2258 1114 2284 τοῦ
1130 2259 1274 2294 ἀνθρώπου
1288 2260 1480 2296 προελομένου,
1496 2260 1652 2295 συντρέχειν
1664 2261 1714 2296 μέν
1730 2269 1789 2292 πως
1803 2261 1862 2287 ἔδο-

1069 2303 1112 2334 ξεν
1138 2304 1211 2339 αὐτῷ
1231 2305 1262 2340 τῇ
1285 2306 1356 2340 ὁρμῇ
1380 2304 1423 2331 διὰ
1441 2305 1488 2331 τοῦ
1507 2305 1668 2340 δερματίνου
1686 2306 1818 2340 χιτῶνος,
1832 2307 1861 2333 ὃν

1067 2349 1110 2375 διὰ
1126 2349 1175 2383 τὴν
1189 2349 1255 2384 πρὸς
1275 2349 1305 2375 τὸ
1321 2351 1412 2384 χεῖρον
1426 2349 1501 2385 αὐτῷ
1522 2350 1608 2386 ῥοπὴν
1632 2351 1815 2386 περιέθηκεν,
1827 2352 1861 2378 δι’

1067 2393 1097 2422 οὗ
1121 2396 1169 2430 τῆς
1187 2395 1283 2430 ἀλόγου
1313 2396 1419 2431 φύσεως
1445 2396 1578 2432 ἐπεμίχθη
1607 2397 1645 2432 τῷ
1672 2397 1811 2434 ἀνθρώπῳ
1828 2399 1863 2425 τὰ

1069 2441 1211 2476 ἰδιώματα,
1227 2439 1264 2469 ὧν
1276 2443 1329 2469 τῶν
1341 2443 1444 2477 ἀλόγων
1460 2443 1536 2475 ζώων
1558 2443 1607 2478 τῆς
1624 2443 1738 2479 λογικῆς
1755 2445 1863 2479 φύσεως

1069 2487 1169 2522 ἔνδυμα
1185 2489 1389 2524 κατεσκευάσθη
1403 2491 1434 2525 τῇ
1452 2490 1532 2525 σοφίᾳ
1547 2489 1593 2517 τοῦ
1610 2490 1654 2516 διὰ
1662 2490 1718 2516 τῶν
1732 2491 1864 2518 ἐναντίων

1067 2534 1270 2569 οἰκονομοῦντος
1292 2535 1326 2561 τὰ
1351 2535 1502 2570 κρείττονα.
1528 2535 1621 2562 Πάντα
1647 2536 1702 2572 γὰρ
1724 2537 1817 2572 φέρων
1832 2538 1864 2563 ὲν

1067 2579 1154 2614 ἐαυτῴ
1177 2580 1210 2606 τὰ
1236 2580 1368 2615 ἰδιώματα
1393 2582 1408 2607 ὁ
1423 2581 1584 2616 δερμάτινος
1605 2581 1688 2616 χιτὼν
1701 2602 1709 2614 ,
1727 2583 1780 2609 ὅσα
1807 2580 1865 2617 εἶχε

1067 2625 1201 2660 περιέχων
1217 2626 1266 2661 τὴν
1281 2626 1376 2661 ἀλογον
1391 2626 1482 2661 φύσιν,
1497 2627 1593 2663 ἡδονήν
1607 2637 1636 2654 τε
1655 2628 1703 2655 καὶ
1716 2629 1804 2664 θυμὸν
1816 2631 1866 2656 καὶ

1066 2671 1304 2706 γαστριμαργίαν,
1320 2672 1366 2698 καὶ
1387 2672 1540 2708 ἀπληστίαν
1550 2693 1557 2706 ,
1573 2675 1620 2700 καὶ
1635 2674 1670 2701 τὰ
1684 2675 1770 2710 ὃμοια
1780 2695 1787 2706 ,
1804 2676 1865 2702 ὁῖὲν

1066 2714 1156 2741 δίδωσι
1172 2717 1205 2750 τῇ
1221 2715 1379 2751 ἀνθρωπίνῃ
1398 2718 1555 2753 προαιρέσει
1578 2719 1629 2753 τῆς
1650 2719 1713 2746 καθ’
1732 2721 1864 2755 ἑκάτερον

1068 2760 1153 2795 ῥοπῆς
1165 2782 1172 2792 ,
1187 2761 1225 2791 είς
1239 2761 1339 2796 ἀρετήν
1351 2770 1381 2787 τε
1392 2763 1438 2788 καὶ.
1453 2763 1552 2790 κακίαν
1563 2763 1613 2799 ὖλη
1628 2765 1785 2800 γινόμενος.
1796 2766 1866 2792 Τού-

1066 2813 1122 2836 τοις
1139 2805 1193 2840 γάρ
1207 2805 1373 2840 ἐμϐιοτεύων
1389 2807 1459 2834 κατὰ
1479 2808 1524 2835 τὸν
1539 2809 1601 2844 τῇδε
1618 2809 1676 2844 βίον
1690 2811 1705 2837 ὁ
1719 2811 1865 2845 ἄνθρωπος
