1938 3082
84 101 138 130 523
783 104 828 131 DE

863 105 1027 139 MORTUIS,

1663 117 1715 143 526

84 162 118 197 τῇ
135 159 301 194 αὑτεξουσίῳ
320 161 435 196 κινήσει,
452 161 476 188 εί
497 161 545 196 μὲν
568 161 732 197 διακρίνοιτο
751 162 797 189 τοῦ
817 162 878 189 ἀλό-

934 165 1034 199 trisque
1059 166 1144 198 vitia,
1171 171 1197 194 et
1221 167 1274 194 alia
1297 167 1419 202 ejusdem
1447 170 1571 204 generis.
1598 172 1716 206 homin’s

85 215 135 241 γου
149 206 180 233 τὺ
192 206 268 236 ἴδιον,
286 206 332 232 καὶ
346 206 415 242 πρὸς
428 207 526 233 ἑαυτὸν
544 206 637 241 βλέποι
653 207 696 234 διὰ
708 207 757 242 τῆς
777 208 881 234 ἀστειο-

84 253 170 288 τέρας
185 252 276 287 ζωῆς,
292 252 440 287 καθάρσιον
456 253 506 287 τῆς
523 253 706 289 ὲμμιχθείσης
719 253 817 285 κακίας
835 252 880 280 τὸν

85 299 210 334 παρόντα
225 298 281 333 βίον
305 298 447 333 ποιήσεται
459 319 466 328 .
487 298 596 333 κρατῶν
610 298 655 326 διὰ
670 298 717 326 τοῦ
738 299 818 333 λόγου
830 299 881 335 τῆς

85 344 207 378 ἀλογίας·
227 345 252 370 εἰ
268 343 297 371 δὲ
314 344 381 379 πρὸς
395 343 444 379 τὴν
455 344 551 378 ἄλογον
569 343 623 371 τῶν
648 344 815 380 παθημάτων
833 345 880 380 ῥο-

85 390 139 425 πὴν
164 389 317 425 ἑπικλιθείη
331 409 339 419 .
356 389 394 424 τῷ
420 389 473 416 τῶν
498 389 603 423 ἀλόγων
619 389 734 426 δέρματι
757 389 879 425 συνεργῷ

85 435 259 471 χρησάμενος
280 435 348 470 πρὸς
363 435 397 462 τὰ
414 435 497 470 πάθη,
515 435 603 467 ἄλλως
628 435 698 470 μετὰ
720 435 807 462 ταῦτα
819 435 880 471 βου-

84 480 211 507 λεύσεται
233 480 301 516 πρὸς
314 479 345 506 τὸ
360 481 484 516 κρεῖττον
495 499 503 512 ,
521 480 592 516 μετὰ
607 480 655 517 τὴν
671 481 703 507 ὲκ
719 480 766 508 τοῦ
786 481 879 517 σώμα-

84 535 130 558 τος
145 526 236 560 ἔξοδον
246 526 326 560 γνοὺς
340 526 391 560 τῆς
406 526 507 562 ἀρετῆς
520 526 551 553 τὺ
565 527 633 562 πρὸς
649 527 697 562 τὴν
709 526 806 554 κακίαν
820 527 879 554 διά-

84 580 168 606 φορον
181 592 189 602 ,
209 572 236 597 ἐν
249 570 288 606 τῷ
304 571 340 606 μὴ
356 570 486 598 δύνασθαι
502 572 646 607 μετασχεῖν
659 571 709 607 τῆς
727 571 873 608 θειότητος,

86 617 123 652 μὴ
137 617 185 644 τοῦ
210 617 358 652 καθαρσίου
382 618 467 653 πυρὸς
493 617 538 644 τὸν
567 617 733 654 ὲμμιχθέντα
756 620 788 654 τῇ

85 662 172 698 ῥύπον
189 662 421 698 ἀποκαθήραντος.

930 211 1071 245 proposito
1085 212 1189 246 prwbet
1204 212 1377 240 occasionem
1390 234 1397 246 ,
1412 219 1439 241 ut
1453 236 1460 247 ,
1476 217 1509 242 ad
1526 221 1617 245 utrum
1632 220 1697 247 velit
1707 242 1715 252 ,

930 262 991 282 sese
1002 261 1162 289 convertat,
1185 266 1247 285 cum
1272 259 1383 287 virtutis
1405 264 1433 286 ct
1454 262 1512 288 vitii
1534 264 1646 290 materia
1662 266 1715 294 sit.

929 300 957 327 in
971 301 1072 336 quibus
1083 322 1089 333 ,
1105 303 1171 329 dum
1187 303 1231 330 hic
1245 303 1328 335 vivit.
1353 312 1402 338 pro
1427 307 1558 334 arbitratu
1583 316 1634 335 suo
1657 318 1717 336 ver-

930 350 1017 374 satur.
1035 346 1064 374 Si
1079 348 1219 383 ueglecto,
1235 349 1307 384 quod
1331 350 1481 377 bestiarum
1503 357 1562 383 est,
1584 355 1719 381 urbanius

929 393 1036 421 vivendi
1054 401 1140 427 genus
1156 395 1367 430 complectetur,
1382 397 1487 424 ratione
1499 399 1626 432 vincens,
1643 401 1716 435 quod

928 438 1030 466 rationi
1046 441 1215 468 contrarium
1240 446 1299 471 est.
1321 444 1449 477 praesenti
1472 443 1522 471 hac
1544 445 1598 472 vita
1621 446 1716 473 vitium

928 483 981 510 sibi
1001 484 1148 512 admistqu
1174 486 1307 520 expiabit.
1336 487 1383 514 Sin
1408 496 1462 522 quo
1480 490 1716 523 perturbationum

928 528 1046 563 impetus
1062 529 1157 562 ducet,
1175 531 1334 564 inclinabit,
1351 533 1556 569 bestiarumque
1572 535 1667 568 pellent
1683 535 1717 562 ad

928 575 995 602 vitia
1014 577 1169 604 ministram
1186 581 1213 605 et
1238 578 1401 612 adiutricem
1416 580 1574 613 adhibebit,
1595 581 1670 608 aliud
1690 582 1716 608 ei

929 620 1030 649 deinde
1043 622 1192 650 ineundum
1206 624 1259 650 erit
1273 624 1418 651 consilium
1431 645 1438 657 ,
1455 629 1485 652 ut
1498 626 1531 652 ad
1548 627 1648 652 bonum
1661 633 1719 661 per-

930 667 1021 693 veniat
1044 675 1105 694 cum
1124 676 1139 695 e
1153 677 1268 703 corpore
1284 677 1413 704 egressus
1425 691 1431 702 ,
1454 672 1563 705 cognita
1575 693 1582 704 ,
1598 680 1659 706 qum
1675 673 1719 699 in-

84 713 127 735 ter
143 707 273 735 virtutem
294 712 322 736 et
338 707 436 736 vitium
457 708 612 736 differentia
634 713 687 742 est,
713 717 769 737 non
784 712 886 745 poterit
904 710 1058 740 divinitatis
1086 714 1222 749 particeps
1246 715 1320 746 fieri,
1337 716 1390 744 nisi
1405 717 1528 744 maculas
1560 718 1651 744 animo
1669 718 1719 744 im-

85 756 184 784 mistas
201 757 376 791 purgatorius
390 756 465 791 ignis
479 757 635 784 abstulerit.

120 801 215 828 Ταῦτά
233 802 306 828 ἐστιν
325 802 343 829 ἃ
354 803 403 836 τὴν
414 802 460 829 τοῦ
477 801 603 837 σώματος
619 802 714 839 χρείαν
726 803 878 838 ἀναγκαίαν

965 805 1014 832 His
1040 805 1073 831 de
1101 804 1193 831 causis
1219 805 1344 838 corporis
1365 814 1432 833 usus
1460 807 1539 833 nobis
1559 811 1601 833 est
1625 815 1720 835 neces-

85 847 152 882 ήμῖν
167 847 303 883 ἐποίησεν,
320 848 352 874 δι’
367 843 398 874 οὗ
417 847 446 874 τό
459 856 488 874 τε
502 848 674 881 αὐτεξούσιον
687 849 818 882 σώζεται,
831 850 878 876 καὶ

86 893 103 927 ἡ
117 892 185 927 πρὸς
201 893 232 920 τὸ
244 893 344 927 ἀγαθὸν
360 893 440 920 πάλιν
457 893 585 926 ἐπάνοδος
598 894 629 921 οὐ
643 894 776 922 κωλύεται
789 904 796 910 ·
811 895 879 922 ἀλλὰ

85 939 119 974 τῇ
139 938 278 974 περιοδικῇ
291 938 376 975 ταύτῃ
389 938 533 975 ἀκολουθίᾳ
544 960 551 971 ,
562 939 606 967 διὰ
627 940 673 967 τοῦ
693 941 818 969 ἑκουσίου
836 942 879 976 γί-

85 985 238 1020 νεται-ἡμῖν
256 986 272 1021 ὴ
288 985 355 1021 πρὸς
367 985 397 1012 τὸ
411 987 533 1021 κρεῖττον
549 985 620 1022 ῥοπὴ
631 1005 638 1018 ,
654 987 708 1014 τῶν
724 988 773 1023 μὲν
789 987 880 1015 ἐντεῦ-

85 1030 133 1058 θεν
145 1031 195 1066 ἤδη
214 1031 257 1058 διὰ
281 1031 331 1066 τῆς
346 1032 374 1058 ὲν
393 1032 474 1068 σαρκὶ
495 1032 567 1067 ζωῆς
581 1034 627 1059 τὸν
651 1034 835 1069 πνευματικὸν
850 1035 879 1061 ἐν

87 1076 207 1111 ἀπαθείᾳ
224 1076 428 1112 κατορθούντων
446 1077 502 1112 βίον
516 1099 524 1110 ,
550 1078 624 1110 οἵους
638 1079 802 1114 γεγενῆσθαι
817 1081 880 1111 τοὺς

86 1122 260 1158 πατριάρχας
284 1130 314 1148 τε
332 1123 378 1148 καὶ
403 1123 466 1155 τοὺς
490 1124 633 1159 προφήτας
657 1123 813 1160 ἀκούομεν,
833 1124 879 1150 καὶ

87 1168 152 1199 τοὺς
172 1169 221 1195 σὺν
240 1168 331 1200 αὐτοῖς
351 1176 380 1195 τε
397 1169 445 1196 καὶ
466 1169 524 1203 μετ’
539 1169 658 1202 ἐκείνους
676 1170 710 1196 δι’
727 1170 827 1205 ἀρετῆς
847 1178 878 1196 τε

88 1215 135 1241 καὶ
148 1214 307 1250 φιλοσοφίας
321 1215 525 1250 ἁναδραμόντας
543 1215 589 1241 ἐπὶ
603 1215 633 1241 τὸ
655 1215 757 1242 τέλειον
767 1235 774 1247 ,
790 1214 880 1250 μαθη-

88 1258 138 1289 τὰς
153 1257 227 1292 λέγω
239 1258 285 1285 καὶ
299 1258 463 1290 ἀποστόλους
480 1259 526 1285 καὶ
540 1259 691 1294 μάρτυρας,
711 1259 758 1286 καὶ
775 1259 880 1291 πάντας

87 1303 151 1335 τοὺς
165 1303 215 1339 τὴν
227 1303 354 1339 ἐνάρετον
373 1303 445 1339 ζωὴν
459 1304 512 1340 πρὸ
523 1304 570 1331 τοῦ
588 1304 680 1331 ὑλικοῦ
699 1305 880 1340 τετιμηκότας

89 1348 147 1384 βίου
159 1370 167 1382 ,
181 1349 206 1376 οἳ
223 1349 274 1376 κᾶν
296 1350 421 1382 ἐλάττους
442 1349 493 1378 ὦσι
511 1350 550 1386 τῷ
570 1350 678 1386 ἀριθμῷ
693 1351 739 1377 τοῦ
763 1351 880 1386 πλήθους

88 1395 142 1423 τῶν
163 1395 232 1432 πρὸς
259 1396 290 1423 τὸ
312 1397 401 1432 χεῖρον
424 1397 633 1433 ἀπορρεόντων,
658 1397 733 1424 οὐδὲν
748 1395 829 1433 ἦττον
849 1398 880 1424 τὸ

88 1441 199 1468 δυνατὸν
227 1439 296 1469 εἶναι
320 1442 364 1469 διὰ
391 1442 491 1478 σαρκὸς
506 1442 555 1478 τὴν
580 1443 679 1479 ἀρετὴν
708 1442 879 1478 κατορθῶσαι

933 851 1035 879 sarius.
1058 850 1097 877 Eo
1118 858 1236 884 namque
1262 855 1288 878 et
1312 852 1429 878 liberum
1450 852 1528 879 nobis
1546 852 1623 879 adt-st
1645 853 1720 880 arbi-

933 897 1027 928 trium,
1049 900 1075 923 et
1093 896 1197 924 reditus
1220 905 1274 924 non
1292 897 1495 929 interclmlitur,
1512 897 1560 926 scd
1582 898 1679 926 ordine
1692 902 1720 926 et

932 949 1012 968 versu
1037 942 1158 968 volentes
1188 941 1221 968 ad
1241 941 1342 968 bonum
1358 942 1548 976 provehimur,
1579 942 1641 970 aliis
1660 943 1721 977 qui-

933 987 992 1014 dem
1006 987 1062 1021 jam
1086 987 1150 1015 inde
1169 988 1203 1014 ab
1215 995 1247 1014 eo
1263 992 1396 1022 tempore,
1422 995 1477 1022 quo
1494 988 1588 1015 vivunt
1602 989 1646 1015 hic
1662 989 1720 1023 spi-

932 1031 1048 1063 ritalem,
1079 1036 1106 1059 et
1139 1040 1154 1059 a
1172 1032 1245 1059 vitiis
1271 1040 1303 1058 ac
1329 1033 1581 1067 perturbationibus
1604 1034 1720 1062 alienam

933 1078 1016 1104 vitam
1041 1078 1267 1109 instiluenlibus,
1285 1078 1380 1112 quales
1399 1079 1581 1114 intelligimus
1603 1079 1721 1114 patriar-

933 1123 999 1150 chas
1010 1128 1036 1151 et
1050 1123 1199 1159 pmphetas
1224 1124 1375 1156 exstitisse,
1392 1129 1420 1152 et
1431 1125 1477 1159 qui
1493 1131 1545 1151 una
1563 1133 1624 1151 cum
1641 1125 1720 1160 ipsis.

932 1175 960 1198 et
977 1174 1037 1205 post
1053 1170 1127 1204 ipsos
1143 1177 1192 1204 per
1208 1170 1337 1197 virtutem
1358 1175 1384 1197 et
1399 1170 1541 1205 sapientiae
1553 1171 1674 1198 studium
1688 1171 1721 1198 ad

933 1215 1131 1251 perfectionem
1150 1219 1333 1248 rchrterunt,
1350 1215 1514 1251 discipulos,
1528 1220 1556 1243 et
1571 1217 1721 1251 apostolos,

933 1265 1100 1296 etmartyree
1117 1260 1190 1292 dico,
1216 1265 1243 1288 et
1259 1261 1415 1296 quicunque
1431 1269 1565 1295 corporeo
1588 1263 1614 1288 in
1636 1265 1723 1290 mate-

934 1308 1029 1342 riaque
1043 1307 1169 1334 demerso
1186 1306 1346 1337 honestum,
1363 1311 1389 1333 et
1407 1314 1470 1333 cum
1486 1307 1588 1334 virtute
1605 1307 1723 1341 conjun-

933 1357 1008 1380 ctum
1025 1352 1134 1380 vivendi
1149 1360 1236 1387 genus
1263 1356 1482 1387 anleposuerunt
1498 1362 1505 1380 ε
1522 1353 1569 1388 qui
1591 1353 1657 1380 licet.
1672 1361 1724 1380 nu-

932 1407 1010 1426 mero
1022 1400 1167 1434 pauciores
1183 1397 1296 1429 fuerint,
1312 1405 1396 1433 quam
1411 1397 1461 1430 illi,
1476 1398 1524 1433 qui
1540 1398 1574 1426 ad
1585 1398 1723 1426 deteriora

933 1444 1113 1475 deflexerunt,
1129 1443 1255 1478 exemplo
1272 1449 1362 1470 tamen
1382 1450 1414 1470 ac
1429 1443 1586 1471 testimonio
1605 1451 1657 1472 suo
1669 1444 1724 1471 vir-

90 1487 311 1523 μαρτυροῦνται·
335 1488 390 1514 τῶν
412 1488 444 1515 δὲ
460 1488 560 1515 λοιπῶν
576 1489 620 1515 διὰ
634 1489 684 1524 τῆς
706 1490 746 1521 εἰς
769 1489 882 1525 ὕστερον

935 1493 1020 1516 tutem
1047 1489 1074 1516 in
1102 1496 1185 1516 carne
1203 1488 1257 1515 coli
1281 1487 1493 1522 compararique
1513 1495 1595 1523 posse
1616 1491 1723 1516 testan-

89 1533 203 1567 ἀγωγῆς
215 1533 244 1559 ὲν
254 1532 294 1568 τῷ
309 1533 450 1569 καθαρσίῳ
468 1535 535 1570 πυρὶ
547 1534 736 1562 ἀποϐαλόντων
750 1535 798 1571 τὴν
815 1536 882 1571 πρὸς

89 1578 138 1612 τὴν
153 1577 221 1613 ὓλην
235 1579 420 1613 προσπάθειαν
433 1599 441 1611 ,
456 1580 503 1606 καὶ
516 1579 585 1615 πρὸς
608 1580 656 1616 τὴν
672 1580 701 1614 ἐξ
715 1581 802 1616 ἀρχῆς
816 1582 883 1608 ἀπο-

90 1624 278 1660 κληρωθεῖσαν
294 1627 328 1660 τῇ
353 1624 432 1660 φύσει
448 1625 528 1661 χάριν
541 1647 548 1658 ,
564 1626 609 1652 διὰ
629 1627 680 1661 τῆς
696 1627 749 1653 τῶν
773 1627 883 1661 ἀγαθῶν

90 1670 240 1705 ἐπιθυμίας
255 1671 384 1702 ἑκουσίως
400 1671 573 1698 ἐπανιόντων.
588 1672 626 1698 Οὐ
640 1672 695 1707 γὰρ
712 1673 752 1703 εἰς
768 1671 811 1699 ἀεὶ
827 1681 880 1699 πα-

91 1717 206 1752 ραμένει
226 1716 280 1744 τῶν
302 1717 450 1752 ἀλλοτρίων
471 1718 488 1752 ἡ
506 1717 639 1753 ἐπιθυμία
652 1719 685 1753 τῇ
704 1717 800 1752 φύσει⁸
817 1717 883 1744 διότι

90 1762 230 1798 πλήσμιον
244 1763 349 1798 ἑκάστῳ
366 1763 412 1789 καὶ
427 1763 579 1798 προσκορές
595 1764 652 1789 ἐστι
666 1763 696 1790 τὸ
709 1763 747 1799 μὴ
764 1763 838 1795 ἴδιον,
853 1760 884 1790 οὗ

92 1807 131 1843 μὴ
150 1808 212 1834 κατ’
224 1808 311 1844 ἀρχὰς
327 1807 406 1843 ἔσχεν
428 1809 457 1835 ἑν
474 1808 557 1844 ἑαυτῇ
578 1808 626 1844 τὴν
641 1809 783 1836 κοινωνίαν
799 1810 816 1845 ὴ
834 1809 885 1844 φύ-

91 1862 152 1885 σις·
177 1854 256 1888 μόνον
273 1854 301 1881 δὲ
327 1854 358 1880 τδ
375 1854 506 1888 συγγενὲς
531 1854 578 1880 καὶ
599 1854 734 1889 ὁμόφυλον
760 1855 885 1882 ποθεινὸν

91 1900 139 1926 καὶ
154 1899 285 1934 ἐράσμιον
303 1900 343 1931 εἰς
365 1900 409 1926 ἀεὶ
426 1899 558 1935 διαμένει,
575 1899 627 1931 ἓως
643 1900 676 1926 ἂν
690 1900 732 1935 ἐφ’
750 1900 847 1936 ἑαυτῆς
868 1902 884 1936 ἡ

91 1945 176 1979 φύσις
194 1945 404 1980 ἀπαράτρεπτος
422 1945 500 1982 μένῃ·
521 1946 546 1971 εἰ
567 1945 596 1971 δέ
610 1954 670 1972 τινα
684 1947 819 1982 ἐκτροπὴν
833 1947 885 1974 πά-

91 1991 135 2016 θοι
149 1990 196 2016 διὰ
218 1990 356 2026 μοχθηρᾶς
372 1991 556 2026 προαιρέσεως
566 2010 573 2023 ,
587 1992 648 2018 τότε
662 1992 731 2027 αὐτῇ
743 1991 798 2018 τῶν
812 1992 886 2019 ἀλλο-

91 2037 179 2072 τρίων
191 2037 208 2071 ἡ
224 2036 355 2072 ἐπιθυμία
368 2037 504 2070 ἐγγίνεται
517 2057 525 2068 ,
541 2033 578 2063 ὧν
591 2038 607 2072 ἡ
624 2037 772 2069 ἀπόλαυσις
784 2037 885 2072 ἡδύνει,

91 2081 155 2116 οὐχὶ
177 2081 226 2116 τὴν
244 2081 321 2115 φύσιν
333 2101 340 2113 ,
358 2081 426 2108 ἀλλὰ
440 2081 470 2107 τὺ
492 2081 578 2113 πάθος
593 2082 642 2116 τῆς
658 2081 780 2115 φύσεως·
799 2083 886 2116 ἐκχω-

95 2127 231 2162 ρήσαντος
245 2126 273 2153 δὲ
287 2126 332 2153 τοῦ
347 2127 449 2158 πάθους
460 2147 467 2158 ,
485 2127 531 2153 καὶ
573 2126 626 2153 τῶν
641 2127 715 2162 παρὰ
734 2127 814 2161 φύσιν
824 2127 886 2153 ἐπι-

934 1538 993 1568 tur;
1012 1534 1073 1561 aliis
1091 1538 1181 1562 autem
1206 1538 1268 1569 post
1290 1533 1362 1560 hanc
1387 1533 1470 1560 vitam
1488 1534 1648 1568 purgatorio
1663 1534 1724 1569 igne

934 1582 1057 1607 materia:
1074 1580 1150 1608 labes
1164 1584 1191 1608 et.
1209 1580 1422 1615 pro-pensionem
1441 1579 1475 1606 ad
1498 1579 1598 1607 malum
1614 1580 1724 1607 abster-

934 1625 1073 1659 gentibus,
1091 1629 1117 1652 et
1133 1624 1168 1651 ad
1189 1624 1306 1659 gratiam
1331 1624 1409 1651 initio
1432 1627 1538 1652 naturae
1560 1631 1722 1652 concessam

935 1671 1088 1698 voluntaria
1112 1670 1248 1698 bonorum
1267 1670 1418 1705 cupiditate
1440 1670 1632 1698 redeuntibus.
1650 1670 1724 1697 Alie-

935 1723 1032 1742 norum
1063 1715 1136 1742 euim
1159 1715 1295 1750 cupiditas
1327 1715 1354 1742 in
1385 1719 1483 1742 natura
1510 1719 1642 1750 perpetuo
1667 1723 1723 1742 non

935 1761 1058 1788 inlustret.
1079 1761 1213 1794 Quoniam
1230 1761 1301 1795 quod
1319 1764 1425 1787 natura:
1441 1768 1495 1788 non
1516 1765 1557 1788 est
1572 1760 1723 1795 proprium.

935 1805 1063 1841 quodque
1089 1805 1190 1832 nullam
1221 1805 1357 1840 principio
1381 1813 1442 1832 cum
1469 1805 1529 1840 ipso
1560 1806 1721 1833 societatem

935 1851 1064 1883 habebat,
1083 1851 1234 1886 unicuique
1249 1851 1403 1878 satietatem
1426 1855 1453 1878 et
1478 1851 1618 1879 fastidium
1633 1850 1723 1883 affert,

936 1898 1080 1933 solumque
1106 1896 1145 1927 id,
1163 1896 1235 1932 quod
1259 1896 1297 1923 illi
1316 1901 1464 1931 cognatum
1489 1904 1521 1923 ac
1554 1895 1644 1924 simile
1670 1900 1723 1928 est,

936 1943 1086 1978 optandum
1115 1942 1167 1978 ipsi
1191 1950 1298 1978 semper
1323 1943 1526 1976 amandumque
1550 1935 1724 1977 relinquitur.

936 1988 1015 2021 Quod
1041 1988 1065 2016 si
1085 1988 1151 2016 vitio
1174 1988 1328 2023 depravatae
1344 1988 1495 2016 voluntatis
1524 1988 1616 2022 aliquo
1644 1987 1726 2014 modo

937 2035 1120 2069 degeneravit,
1141 2039 1207 2061 tunc
1222 2035 1293 2062 inest
1318 2034 1356 2061 illi
1378 2033 1512 2069 cupiditas
1527 2041 1618 2061 rerum
1635 2039 1726 2060 exter-

938 2087 1048 2113 narum,
1076 2080 1177 2114 quibus
1207 2079 1331 2106 fruendis
1369 2087 1425 2106 non
1454 2079 1512 2113 ipsa
1543 2084 1649 2110 natura,
1676 2079 1726 2105 sed

938 2131 1044 2153 naturae
1066 2124 1173 2152 affectio
1189 2124 1340 2152 delectatur
1357 2134 1364 2152 :
1379 2132 1432 2160 qua
1452 2124 1563 2160 quidem
1582 2123 1727 2151 affectione

91 2172 182 2207 θυμία
201 2172 421 2208 συνανεχώρησεν
435 2192 442 2204 ,
465 2173 514 2199 καὶ
538 2173 642 2206 γίνεται
660 2173 740 2199 πάλιν
763 2173 831 2208 αὐτῇ
856 2173 882 2199 τὲ

940 2171 1066 2206 depulsa,
1080 2178 1172 2198 rerum
1194 2171 1276 2197 etiam
1289 2174 1464 2197 externarum
1481 2169 1619 2203 cupiditas
1636 2168 1727 2196 disce-

94 2219 195 2245 οξκεῖον
220 2218 343 2244 ποθεινὸν
361 2219 407 2244 καὶ
425 2218 598 2253 κατάλληλον.
622 2218 706 2245 Τοῦτο
729 2219 758 2245 δέ
779 2219 837 2246 ὲστι
857 2219 888 2245 τὸ

103 2263 218 2298 ιαθαρόν
233 2272 262 2289 τε
281 2263 327 2290 καὶ
341 2263 421 2290 άῡλον
434 2263 481 2289 καὶ
493 2263 637 2298 ἀσώματον
647 2284 655 2297 ,
677 2264 746 2299 ὅπερ
759 2263 825 2291 ἴδιον
839 2263 887 2298 τῆς

96 2310 301 2345 ὓπερκειμένης
322 2309 376 2336 τῶν
402 2309 510 2336 πάντων
527 2309 652 2344 θεότητος
676 2309 761 2337 εἰπών
779 2319 821 2342 τις
840 2310 889 2345 οὐχ

95 2355 298 2390 ἁμαρτήσεται.
323 2355 366 2387 Ὧς
392 2355 447 2390 γὰρ
468 2355 525 2387 τοϊς
553 2357 718 2391 σωματικοῖς
741 2355 889 2391 ὀφθαλμοῖς

97 2399 234 2436 ῥεύματός
251 2409 324 2432 τινος
335 2401 499 2437 δριμυτέρου
515 2401 546 2427 τδ
560 2401 670 2428 ὀπτικδν
681 2401 789 2436 πνεῦμα
806 2401 890 2428 θολώ-

96 2454 211 2478 σαντος,
228 2445 310 2480 ἡδίων
325 2447 340 2472 ὁ
352 2446 433 2481 ζόφος
446 2446 561 2481 γίνεται,
574 2447 618 2473 διὰ
633 2447 682 2482 τὴν
702 2447 751 2482 τῆς
771 2447 890 2483 παχύτη-

95 2500 144 2523 τος
157 2491 226 2526 πρὸς
238 2491 268 2517 τὸ
279 2491 374 2523 σκότος
391 2491 561 2526 συγγένειαν.
573 2492 604 2519 Εἰ
619 2492 647 2518 δὲ
666 2492 832 2528 δαπανηθείη
846 2492 890 2520 διά

95 2544 170 2567 τινος
187 2535 337 2572 θεραπείας
357 2536 388 2563 τὺ
416 2537 559 2572 διοχλῆσαν
573 2537 612 2572 τῷ
637 2536 788 2572 πνεύματι,
810 2537 890 2564 πάλιν

97 2583 128 2608 τὸ
137 2582 198 2617 φῶς
208 2582 308 2609 οἰκεῖον
322 2583 369 2609 καὶ
379 2583 545 2618 κατάλληλον
559 2583 672 2617 γίνεται,
687 2583 725 2618 τῷ
736 2582 849 2618 καθαρῷ
861 2591 891 2609 τε

96 2629 145 2655 καὶ
159 2628 297 2662 αὑγοειδεῖ
318 2629 368 2663 τῆς
379 2628 464 2664 κόρης
488 2628 734 2664 καταμιγνύμενον·
752 2629 796 2655 τὸν
811 2628 891 2655 αὑτὸν

96 2673 198 2708 τρόπον
215 2672 309 2707 ἐπειδὴ
336 2673 471 2708 ῥεύματός
490 2682 562 2704 τινος
576 2673 654 2708 δίκην
668 2673 702 2699 δι’
718 2673 827 2707 ἀπάτης
845 2672 890 2700 ’τοῦ

104 2718 308 2753 ’Δντικειμὲνου
316 2718 437 2754 ὲπερῤύη
448 2718 487 2753 τῷ
497 2719 602 2754 ὀπτικῷ
611 2719 660 2754 τῆς
669 2719 756 2753 ψυχῆς
770 2719 787 2753 ή
797 2718 890 2750 κακία,

97 2765 231 2796 ἑκουσίως
257 2764 326 2799 πρὸς
357 2764 402 2791 τὸν
426 2764 561 2791 σκοτεινὸν
585 2764 642 2800 βίον
661 2765 675 2790 ό
693 2764 823 2798 λογισμὸς
844 2764 893 2790 ἐπ-

96 2811 203 2846 εχλίθη,
219 2809 264 2837 διὰ
277 2809 324 2836 τοῦ
341 2809 442 2843 πάθους
455 2809 603 2842 οἰκειωθεὶς
615 2810 653 2846 τῷ
666 2810 753 2845 ζόφῳ,
764 2809 822 2841 Πᾶς
837 2809 892 2844 γὰρ

939 2217 1000 2250 dit;
1015 2220 1043 2244 et
1062 2216 1134 2251 quod
1160 2216 1199 2242 illi
1217 2224 1295 2243 suum
1320 2223 1352 2242 ac
1374 2216 1513 2250 proprium
1539 2219 1591 2244 est.
1618 2222 1725 2242 rursum

939 2261 1057 2288 amabile
1083 2264 1176 2288 manet
1214 2264 1241 2288 et.
1267 2259 1448 2295 expetendum
1473 2268 1479 2286 :
1509 2259 1536 2287 id
1561 2264 1652 2287 autem
1685 2263 1728 2286 est

939 2314 1039 2341 purum
1062 2310 1090 2333 et.
1110 2314 1125 2333 a
1142 2307 1257 2334 materia
1279 2314 1448 2341 corporeque
1466 2306 1621 2341 sejunctuui
1633 2326 1640 2337 ,
1655 2305 1728 2339 quod

940 2353 963 2380 si
980 2352 1042 2387 quis
1060 2352 1295 2386 praestantissimae
1317 2359 1409 2379 rerum
1433 2352 1556 2379 omnium
1576 2351 1729 2378 divinitatis

941 2398 1083 2433 proprium
1097 2397 1182 2430 dicat,
1198 2405 1253 2425 non
1270 2397 1384 2425 errabit.
1399 2397 1635 2430 Quemadmodum
1655 2398 1727 2424 enim

940 2444 1064 2478 corporis
1082 2444 1180 2475 oculis,
1204 2443 1227 2470 si
1255 2443 1363 2470 acutior
1383 2444 1473 2478 aliqua
1497 2443 1640 2470 distillatio
1667 2449 1730 2469 ner-

941 2497 1001 2520 vos,
1019 2489 1128 2516 videndi
1150 2489 1276 2523 spiritum
1306 2489 1560 2519 subministrantes.
1587 2488 1730 2522 perturba-

941 2535 1021 2564 vcrit.
1040 2535 1134 2562 anticze
1149 2539 1214 2561 sunt
1233 2535 1363 2565 tenebrae.
1379 2538 1490 2569 propter
1509 2533 1728 2562 similitudinem.
1754 2527 1755 2530 “

941 2588 1022 2615 quam
1041 2580 1132 2608 obtusi
1147 2579 1203 2613 jam
1223 2584 1306 2615 atque
1322 2580 1432 2607 hebetes
1447 2587 1509 2606 cum
1526 2579 1582 2606 illis
1603 2578 1706 2617 habept
1721 2587 1728 2605 :

942 2629 970 2652 at
988 2626 1011 2653 si
1031 2626 1175 2654 curatione
1199 2626 1290 2660 aliqua
1306 2626 1480 2658 conficiatur,
1503 2633 1535 2652 ac
1550 2625 1676 2652 deleatur
1690 2624 1728 2654 id,

942 2671 1015 2706 quod
1037 2672 1130 2699 nervis
1148 2671 1203 2699 illis
1217 2671 1362 2702 adiciebat,
1381 2672 1469 2699 lucem
1483 2670 1556 2697 oculi
1573 2676 1683 2696 rursum
1699 2673 1730 2695 ut

942 2717 1080 2753 propriam
1096 2717 1205 2751 sibique
1219 2720 1414 2752 congruentem
1428 2719 1530 2748 amant,
1547 2721 1606 2749 quae
1621 2714 1730 2749 pupillae

941 2770 1038 2797 purae.
1065 2765 1093 2788 ct
1117 2769 1166 2796 per
1198 2769 1228 2789 se
1252 2761 1354 2788 videnti
1387 2761 1583 2788 conuniscetur
1605 2769 1611 2786 :
1634 2759 1728 2787 eodem

944 2807 1043 2838 modo,
1071 2810 1248 2842 posteaquam
1276 2805 1378 2832 inimici
1406 2805 1501 2833 fraude
1523 2804 1619 2832 vitium
1643 2804 1731 2831 instar
