1938 3082
226 117 278 143 m7
862 114 889 141 s.
911 112 1075 141 caecout:
1095 114 1242 144 uvssm
1807 120 1853 148 538

226 175 367 209 cujusdam
388 174 576 202 dislillationis
601 175 716 203 deﬂuxit
739 176 766 202 in
794 176 890 203 oculos
912 175 1015 208 animi,

1069 177 1081 204 ὑ
1095 177 1128 204 τὰ
1143 178 1231 212 φαῦλα
1244 178 1385 213 πράσσων,
1401 179 1476 213 μισεῖ
1492 179 1522 205 τὸ
1541 178 1600 213 φῶς
1611 197 1619 209 ,
1643 177 1733 208 καθὼς
1749 180 1854 214 ῳησινὴ

228 223 309 248 vitam
332 221 533 250 tenebricosam
566 227 595 249 ut
619 223 671 250 sibi
690 227 801 258 propter
825 222 1014 258 aegritudinem

228 267 435 295 convenientem
471 268 644 295 adamaruut.
677 268 809 304 Quisquis
838 269 910 296 enim
945 269 1016 296 male

229 315 294 348 agit.
317 313 374 341 odit
399 315 498 347 lucem,
524 320 554 342 ιιι
578 324 628 342 vox
655 315 748 342 divina
772 316 918 342 testatur'.
946 315 1016 342 Malo

229 365 319 387 autent
339 365 515 396 consumpto,
541 367 568 389 et
583 370 680 390 rursus
695 363 728 389 ad
754 362 868 390 nihilum
893 363 1013 394 redacto,

230 411 327 432 natura
345 414 378 434 eo
394 407 519 442 depulso,
542 407 615 442 quod
637 406 719 434 animi
743 407 837 436 oculos
858 407 1014 439 hebetabat,

230 459 292 478 cum
317 452 454 487 voluptate
470 453 557 480 lucem
574 453 672 480 iterum
691 454 823 481 intuetur.
843 453 880 480 Ex
901 454 944 481 his
963 454 1014 488 igi-

231 501 275 522 tur
301 505 361 531 qme
382 497 453 525 dicta
470 502 544 529 sunt,
560 503 644 533 patet,
663 499 756 527 carnis
779 503 904 526 naturam
919 500 1015 535 iniquo

232 543 323 568 animo
348 544 488 578 prosequi.
521 545 634 571 stultum
663 553 733 573 esse.
761 545 853 579 Neque
879 546 952 572 enim
980 546 1014 572 ab

230 589 275 615 illa
305 589 403 623 pendet
432 590 566 617 malorum
597 598 690 619 causa.
717 591 784 618 Nam
810 592 833 619 si
863 593 904 619 sic
923 596 1013 623 esset,

231 635 352 661 eamdem
379 635 491 662 haberet
518 637 545 662 in
573 644 667 664 omnes
691 638 756 669 vim,
781 639 828 672 qui
855 645 1014 673 corpoream

232 681 320 706 sortiti
341 685 405 708 sunt
417 681 510 708 vitam.

269 725 366 752 Verum
387 734 448 753 cum
473 727 502 757 ii,
527 735 596 761 quos
610 728 895 760 commemoravimus,
920 728 960 756 sic
982 736 1014 755 ex

232 771 333 797 virtute
350 771 477 800 vixerint.
502 776 531 798 ut
555 779 616 799 cum
641 772 668 799 in
691 780 774 799 carne
799 778 901 805 essent,
932 775 1015 801 nullis

232 820 321 844 tacueu
353 824 383 843 se
410 817 484 855 vitiis
509 818 728 853 obstringerent,
761 820 938 854 perspicuum
970 825 1014 847 est

1068 224 1127 250 θεία
1149 225 1240 260 φωνή·
1260 224 1490 259 ὲκδαπανηθέντος
1517 223 1546 250 δὲ
1567 223 1614 251 τοῦ
1637 223 1724 251 κακοῦ
1746 224 1780 250 ὲκ
1807 223 1855 250 τῶν

1067 270 1161 301 ὄντων,
1176 270 1222 296 καὶ
1233 271 1273 302 είς
1288 270 1320 296 τὸ
1337 270 1374 304 μὴ
1390 269 1420 296 ὂν
1434 267 1513 301 αὖθις
1528 269 1772 305 μεταχωρήσαντος
1785 289 1792 301 ,
1807 269 1856 296 πά-

1066 316 1108 341 λιν
1123 315 1183 349 μεθ’
1197 315 1293 350 ἡδονῆς
1305 315 1452 341 ἁναὸλέπει
1465 315 1533 350 πρὸς
1546 314 1578 340 τὸ
1592 314 1649 348 φῶς
1662 315 1678 349 ἡ
1696 314 1778 348 φύσις
1790 334 1796 345 ,
1814 313 1856 340 τοῦ

1067 360 1253 392 ὲπιθολοῦντος
1269 360 1298 387 τὸ
1323 360 1441 396 καθαρὸν
1465 360 1514 394 τῆς
1532 359 1621 394 ψυχῆς
1642 360 1855 394 ἐκχωρήσαντος.

1067 406 1189 432 Μὰταιον
1203 406 1293 432 τοίνυν
1307 406 1440 432 δέδεικται
1457 405 1500 432 διὰ
1520 405 1573 431 τῶν
1588 405 1739 440 εἰρημένων
1757 405 1789 430 τὸ
1800 404 1856 430 δυσ-

1068 450 1155 486 μενῶς
1175 451 1243 486 πρὸς
1264 451 1314 486 τὴν
1339 452 1387 486 τῆς
1413 451 1512 486 σαρκὸς
1538 450 1611 485 ἔχειν
1637 450 1727 484 φύσιν.
1749 450 1788 476 Οὐ
1808 449 1858 484 γὰρ

1066 496 1168 532 ταύτης
1182 497 1297 532 ἢρτηται
1315 497 1369 523 τῶν
1380 497 1473 523 κακῶν
1488 498 1504 532 ὴ
1521 497 1605 524 αίτία,
1623 494 1662 522 Ἶι
1677 497 1731 532 γὰρ
1744 496 1777 523 ἂν
1793 497 1857 522 κατὰ

1067 543 1175 569 πάντων
1198 543 1297 578 ἐπίσης
1317 543 1380 579 ἔσχε
1399 543 1430 570 τὸ
1449 543 1550 578 κράτος
1570 543 1624 570 τῶν
1647 542 1692 569 τὸν
1708 542 1858 577 σωματικὸν

1066 589 1212 624 εἰληχότων
1226 589 1293 624 βίον.

1111 719 1181 746 Ἀλλ’
1194 719 1290 754 ἐπειδὴ
1303 719 1357 745 τῶν
1371 720 1414 745 ἐπ’
1425 720 1526 755 ἀρετῆς
1544 719 1788 754 μνημονευομένων
1797 718 1857 744 ἕκα-

1066 774 1128 797 στος
1147 766 1194 792 καὶ
1208 767 1237 792 ὲν
1253 766 1334 800 σαρκὶ
1352 763 1397 800 ἦν,
1411 765 1458 791 καὶ
1473 766 1501 791 ὲν
1518 765 1603 799 κακίᾳ
1619 765 1668 791 οὐχ
1680 761 1726 799 ἦν,
1745 764 1859 798 φανερὴν

1066 809 1109 836 διὰ
1121 810 1223 836 τούτων
1237 810 1321 840 ἐστὶν.
1330 810 1370 836 ὅτι
1384 810 1414 836 οὐ
1429 809 1460 836 τδ
1476 810 1555 844 σῶμα
1567 808 1620 836 τῶν
1634 808 1807 844 παθημάτων
1819 809 1857 834 cti-

232 869 330 895 rorpus
347 853 479 890 nou-esse
503 864 630 890 vitiorum
655 871 777 896 causam.
805 865 852 893 sed
875 866 1015 900 propriam

1069 862 1133 886 τιον,
1146 853 1203 880 ἀλλ’
1219 855 1236 888 ἡ
1252 854 1411 889 προαίρεσις
1425 854 1442 888 ὴ
1458 853 1662 889 δημιουργοῦσα
1682 853 1716 880 τὰ
1728 853 1812 900 παθη.

231 907 366 941 cujusque
387 908 568 942 voluntatem,
595 917 657 944 qua:
683 918 712 937 se
735 911 810 938 vitiis
832 913 1015 939 contaminat.

232 951 338 986 Corpus
363 953 435 979 enim
460 957 564 981 natura}
588 962 644 982 sua:
659 956 854 983 convenienter
879 961 1015 989 movetur,

231 996 264 1023 ad
282 1005 378 1028 caoue,
394 998 494 1032 quibus
517 1003 619 1026 statum
641 1008 721 1027 suum
740 1005 831 1028 tuetur
851 1006 932 1037 atque
953 1010 1017 1029 con-

232 1047 331 1074 servat,
353 1042 468 1077 impulsu
487 1044 597 1078 proprio
617 1044 703 1071 fertur
732 1051 758 1072 et
777 1046 905 1074 trahitur,
923 1046 1018 1073 Exem-

231 1086 267 1119 pli
293 1087 389 1119 gratia,
421 1087 482 1114 cibo
504 1087 680 1122 .potioneque
719 1089 836 1124 indigrt,
872 1095 911 1122 ut,
944 1091 1016 1125 quod

231 1128 390 1162 deperllitur
410 1129 517 1161 vitium.
546 1131 715 1159 instauretur
738 1133 830 1168 itaque
855 1134 946 1162 eibutn
974 1144 1018 1170 po-

233 1173 389 1208 tionemque
414 1175 528 1209 appetit.
551 1175 657 1204 Rursus
680 1182 776 1205 natura
804 1181 938 1214 corporis,
958 1189 1018 1215 qua:

232 1217 355 1244 mortalis
381 1222 441 1250 est,
470 1221 666 1254 procreationis
691 1224 761 1250 serie
784 1224 812 1250 lit
833 1225 1015 1253 immortalis:

233 1264 336 1290 idcirco
351 1268 515 1294 conveniens
534 1267 569 1293 illi
589 1270 751 1302 procreandi
766 1271 902 1305 appetitus
919 1273 1017 1300 insitus

232 1315 282 1336 est.
299 1310 339 1337 Ad
357 1311 413 1337 bam
427 1319 488 1339 cum
505 1312 604 1339 idoneo
622 1314 737 1348 pilorum
755 1316 881 1350 praesidio
902 1325 1017 1353 corpora

234 1359 326 1382 nostra
347 1356 451 1383 munita
477 1365 531 1384 non
561 1359 627 1388 sint,
651 1361 824 1388 vestimentis
843 1364 1017 1391 extrinsecus

231 1400 347 1429 admotis
363 1402 532 1437 indigemus;
548 1411 666 1439 cumque
681 1406 791 1438 caloris,
804 1411 832 1434 et
848 1408 968 1443 frigoris,
990 1415 1017 1437 et

232 1447 360 1474 imbrium
393 1449 447 1476 vim
484 1450 605 1485 perferre
641 1459 826 1486 nequeamus,
859 1455 955 1483 domos
991 1461 1018 1484 et

231 1497 300 1519 tecta
317 1494 396 1522 nobis
414 1496 611 1524 construimus.
631 1497 683 1530 Qui
701 1499 847 1533 prudenter
866 1502 1016 1529 necessita-

231 1542 284 1565 tem
307 1540 473 1573 considerat,
496 1542 556 1576 ejus
578 1542 670 1570 habita
695 1545 811 1576 ratione.
840 1545 896 1573 hmc
915 1552 939 1574 el
963 1548 1016 1574 alia

231 1585 366 1618 ejusmodi
388 1587 447 1614 sine
468 1587 655 1616 sollicitudine
674 1596 824 1625 comparat,
842 1593 1018 1628 appetitioni-

231 1638 284 1665 que
305 1633 448 1660 terminum
470 1634 625 1666 constituit,
643 1644 721 1663 usum
747 1639 933 1666 necessarium
949 1649 955 1666 :
969 1640 1019 1667 do-

231 1684 305 1703 mum
331 1678 428 1712 igitur,
460 1681 669 1714 vestimentum,
696 1683 851 1718 conjugium
873 1684 1019 1720 cibumque

231 1728 338 1750 naturae
353 1726 520 1760 suppeditat.
539 1732 568 1753 ut
591 1728 674 1756 rebus
697 1730 863 1757 necessariis
885 1735 1019 1759 sustente-

232 1773 287 1796 tur.
315 1769 365 1802 Qui
384 1778 450 1798 vero
470 1772 638 1806 voluptatum
662 1778 704 1800 est
731 1782 838 1804 servus.
859 1783 907 1809 per
923 1783 1018 1804 neces-

231 1816 320 1842 sarios
337 1823 403 1843 usus
424 1817 498 1856 vitiis
523 1818 626 1845 aditum
644 1820 741 1853 aperit,
758 1820 935 1856 alimentique
957 1822 1018 1849 loco

232 1860 346 1889 delicias
367 1854 480 1896 quaer-it;
507 1871 556 1897 pro
582 1865 745 1892 vestimento
770 1854 1019 1903 sectaturvelegan-

232 1906 298 1933 tiam
317 1912 541 1935 ornamentorum
557 1917 563 1941 ;
581 1917 629 1944 pro
642 1911 740 1938 aatlium
758 1919 809 1940 usu
822 1913 888 1940 colit
904 1914 1018 1949 amplis-

232 1953 301 1978 sima
324 1953 651 1990 magniﬁcentissimaque
678 1957 797 1991 palatia;
822 1966 872 1993 pro
898 1959 1018 1994 legitima

233 1998 381 2025 liberorum
409 2001 592 2035 susceptione,
621 2002 726 2037 legibus
747 2005 902 2032 contrarias
936 2009 1019 2040 atque

232 2043 352 2072 nefarias
377 2045 506 2074 libidines
538 2052 703 2082 aucupatur.
733 2049 839 2082 Quibus
868 2050 901 2078 de
926 2052 1019 2080 causis

232 2089 294 2116 latis
313 2091 397 2124 portis
415 2092 539 2127 ingressa
556 2097 597 2120 est
616 2094 642 2120 in
665 2094 805 2122 hominum
822 2097 904 2123 vitam
928 2099 1018 2124 avari-

233 2134 280 2166 tia,
299 2136 439 2166 mollities.
457 2141 484 2164 et
506 2138 602 2168 otium,
618 2143 644 2165 et
668 2140 806 2174 superbia,
827 2145 854 2168 et
872 2143 1018 2170 ostentatio

1069 900 1117 934 μὲν
1129 900 1183 935 γὰρ
1194 899 1273 935 σῶμα
1286 900 1462 935 καταλλήλως
1473 901 1507 935 τῇ
1527 899 1580 935 ἰδία
1590 901 1706 926 κινεῖται
1720 899 1811 933 φύσει,
1826 899 1858 925 δι’

1066 943 1104 972 ὦν
1128 947 1300 980 συντηρείται
1317 945 1386 981 πρὸς
1403 945 1452 981 τὴν
1469 945 1566 972 ἑαυτοῦ
1583 944 1713 971 σύστασιν
1730 945 1778 970 καὶ
1803 944 1858 970 δια-

1069 993 1169 1028 μονήν·
1190 992 1258 1028 πρὸς
1273 992 1358 1019 ταῦτα
1379 993 1439 1024 ταῖς
1457 992 1538 1024 ἰδίαις
1553 993 1652 1027 ὁρμαῖς
1665 991 1858 1025 διοικούμενον.

1068 1035 1129 1065 Οἷόν
1136 1046 1162 1064 τι
1172 1038 1253 1073 λέγω¹
1270 1038 1401 1075 Βρώσεώς
1412 1041 1485 1066 ἐστιν
1499 1038 1574 1074 αὑτῷ
1587 1039 1665 1074 χρεία
1677 1038 1724 1064 καὶ
1744 1038 1860 1070 πόσεως,

1067 1085 1137 1111 ὥστε
1155 1084 1185 1111 τὸ
1195 1084 1370 1112 διαπνευσοὲν
1380 1086 1429 1119 τῆς
1437 1085 1576 1120 δυνάμεως
1592 1084 1672 1111 πάλιν
1681 1083 1860 1118 ἁντεισαχθῆ-

1068 1139 1111 1156 ναι
1126 1129 1165 1164 τῷ
1177 1129 1312 1156 λείποντι·
1330 1130 1397 1165 πρὸς
1412 1129 1491 1156 τοῦτο
1514 1131 1628 1156 κινεῖται
1643 1129 1766 1164 ήῦρεξις.
1780 1129 1860 1155 Πάλιν

1067 1175 1111 1202 διὰ
1139 1175 1188 1210 τῆς
1214 1175 1268 1202 τῶν
1284 1175 1433 1209 γινομένων
1449 1175 1583 1210 διαδοχῆς,
1597 1174 1681 1210 θνητὴ
1703 1173 1772 1201 οὖσα
1786 1176 1802 1210 ἡ
1816 1174 1861 1201 τοῦ

1069 1221 1193 1256 σώματος
1205 1220 1284 1255 φύσις
1298 1221 1488 1252 ἀϐανατίζεται
1501 1229 1508 1235 ·
1521 1220 1565 1247 διὰ
1576 1220 1652 1247 τοῦτο
1663 1220 1788 1256 καὶπρὸς
1799 1220 1860 1247 ταύ-

1067 1275 1116 1302 την
1139 1267 1189 1302 τὴν
1212 1267 1301 1302 ὁρμὴν
1326 1266 1485 1302 ἐπιτηδείως
1511 1266 1576 1302 ἔχει.
1594 1266 1654 1292 Ἔτι
1670 1266 1740 1302 πρὸς
1756 1267 1859 1298 τούτοις

1068 1314 1170 1349 γυμνὸν
1186 1313 1232 1340 τοῦ
1249 1315 1282 1340 ὲκ
1298 1313 1353 1340 τῶν
1367 1312 1467 1349 τριχῶν
1481 1313 1673 1347 σκεπάσματος
1683 1313 1714 1339 τὸ
1721 1313 1803 1348 σῶμα
1816 1321 1861 1338 πε-

1067 1361 1188 1395 ποίηται,
1201 1358 1231 1387 οὗ
1248 1359 1327 1395 χάριν
1349 1359 1398 1394 τῆς
1414 1358 1513 1391 ἔξωθεν
1535 1358 1681 1394 περιϐολῆς
1699 1358 1858 1394 ἐδεήθημεν.

1074 1406 1152 1433 Ἀλλὰ
1168 1406 1215 1432 καὶ
1228 1405 1295 1440 πρὸς
1307 1405 1428 1440 φλογμὸν
1439 1413 1467 1430 τε
1483 1405 1530 1431 καὶ
1543 1404 1626 1440 κρύος
1646 1405 1693 1431 καὶ
1710 1404 1861 1440 ἐπομϐρίαν

1068 1453 1203 1486 ἀντισχεῖν
1227 1451 1257 1478 οὺ
1281 1451 1435 1485 δυνάμενοι.
1458 1450 1508 1485 τὴν
1525 1451 1556 1476 ὲκ
1568 1450 1622 1476 τῶν
1642 1450 1736 1476 οἰκιῶν
1759 1450 1862 1484 σκέπην

1067 1497 1285 1533 ἑπεζητήσαμεν.
1299 1496 1391 1523 Ταῦτα
1405 1496 1452 1523 καὶ
1467 1497 1502 1523 τὰ
1519 1496 1630 1523 τοιαῦτα
1652 1497 1666 1522 ὁ
1689 1496 1739 1530 μὲν
1761 1496 1862 1529 λελογι-

1069 1544 1174 1578 σμένως
1189 1543 1256 1579 πρὸς
1273 1543 1322 1578 τὴν
1335 1543 1429 1578 χρείαν
1441 1542 1555 1577 βλέπων,
1567 1542 1672 1577 δέχεται
1683 1542 1789 1568 τούτων
1799 1542 1861 1568 ἕκα-

1070 1597 1131 1615 στον
1147 1589 1332 1624 ἀπραγμόνως
1348 1588 1430 1623 ὀρῶν,
1444 1588 1494 1622 τῆς
1503 1587 1618 1623 ὀρέξεως
1631 1587 1678 1613 τὸν
1695 1587 1800 1613 σκοπὸν
1815 1587 1862 1621 τῆς

1069 1636 1161 1671 χρείας
1174 1635 1344 1669 ποιούμενος,
1358 1631 1442 1666 οἷκον,
1457 1633 1575 1668 ίμάτιον,
1593 1633 1733 1666 συζυγίαν,
1747 1632 1861 1667 τροφὴν,

1068 1682 1101 1708 δι’
1116 1682 1230 1708 ἑκάστου
1245 1680 1347 1708 τούτων
1361 1680 1520 1716 Θεραπεὺων
1530 1679 1560 1706 τὺ
1575 1679 1663 1706 ἐνδέον
1677 1680 1728 1714 τῆς
1743 1678 1861 1712 φύσεως.

1074 1729 1103 1754 ’0
1117 1728 1145 1754 δὲ
1170 1726 1223 1753 τῶν
1247 1725 1348 1762 ἡδονῶν
1366 1725 1516 1760 ὑπηρέτης,
1530 1724 1606 1755 ὁδοὺς
1625 1723 1800 1758 παθημάτων
1815 1721 1863 1753 τὰς

1068 1773 1218 1808 ἀναγκαίας
1229 1773 1324 1808 χρείας
1338 1771 1465 1806 ἐποίησεν
1474 1779 1481 1786 ⁸
1495 1770 1556 1797 ἀντὶ
1570 1770 1618 1805 μὲν
1628 1770 1677 1805 τῆς
1685 1769 1801 1805 τροφῆς,
1815 1768 1862 1803 τὴν

1068 1818 1171 1854 τρυφὴν
1186 1817 1322 1852 ἐπιζητῶν
1332 1824 1338 1831 ·
1365 1816 1425 1842 ἀντὶ
1443 1815 1471 1841 δὲ
1495 1815 1544 1849 τῆς
1558 1813 1716 1849 περιὸολῆς,
1731 1813 1778 1840 τὸν
1799 1813 1864 1839 καλ-

1068 1864 1207 1899 λωπισμὸν
1232 1861 1447 1898 προαιρούμενος
1461 1868 1468 1875 ·
1498 1860 1559 1888 ἀντὶ
1585 1860 1614 1886 δὲ
1635 1859 1685 1893 τῆς
1698 1860 1754 1886 τῶν
1768 1859 1864 1885 οἰκιῶν

1068 1910 1163 1946 χρείας
1191 1910 1241 1944 τὴν
1257 1907 1431 1935 πολυτέλειαν
1444 1915 1450 1922 ·
1480 1906 1539 1933 ἀντὶ
1559 1906 1587 1932 δὲ
1603 1905 1652 1940 τῆς
1675 1905 1864 1936 παιδοποιίας,

1069 1957 1137 1992 πρὸς
1153 1956 1202 1987 τὰς
1221 1954 1395 1990 παρανόμους
1411 1962 1441 1980 τε
1461 1953 1509 1979 καὶ
1523 1952 1750 1988 ἁπηγορευμένας
1766 1951 1866 1986 ἡδονὰς

1070 2002 1185 2037 βλέπων.
1203 2000 1252 2027 Διὰ
1266 1999 1345 2026 τοῦτο
1356 1999 1374 2034 ἦ
1385 2007 1415 2025 τε
1425 1997 1566 2029 πλεονεξία
1578 1998 1719 2028 πλατείαις
1733 1997 1796 2028 ταῖς
1815 1996 1867 2022 τώς

1069 2048 1128 2079 λαις
1144 2048 1176 2082 τῇ
1187 2046 1344 2082 ἀνθρωπίνῃ
1359 2045 1415 2080 ζωῇ
1427 2043 1625 2079 είσεκώμασεν,
1639 2044 1687 2069 καὶ
1702 2044 1718 2078 ή
1730 2043 1865 2076 μαλακία,

1069 2094 1116 2120 καὶ
1131 2094 1146 2119 ὁ
1162 2092 1256 2126 τῦφος,
1282 2091 1329 2118 καὶ
1347 2091 1363 2125 ὴ
1378 2090 1521 2125 χαυνότης,
1538 2090 1584 2116 καὶ
1596 2090 1613 2124 ἡ
1629 2088 1773 2124 πολυειδὴς
1792 2090 1867 2114 ἀσω-

1069 2139 1123 2166 τία.
1142 2137 1234 2164 Ταῦτα
1250 2137 1296 2163 καὶ
1308 2136 1342 2162 τὰ
1353 2135 1474 2167 τοιαῦτα,
1491 2134 1586 2169 ὥσπερ
1598 2134 1670 2166 τινὲς
1684 2134 1743 2165 ὄζοι
1755 2135 1806 2161 καὶ
1821 2133 1867 2167 ξη-

233 2181 429 2216 tnultiplexque
449 2183 570 2210 luxuria.
588 2183 650 2210 ΙΙωο
665 2189 692 2211 et
709 2185 805 2212 horum
827 2187 926 2214 similia
940 2188 1016 2220 vitia,

1073 2184 1149 2220 ράδες
1164 2183 1218 2209 τῶν
1236 2181 1391 2216 ἀναγκαίων
1406 2180 1505 2216 χρειῶν
1522 2179 1762 2215 παρεϐλέιστησαν,
1775 2179 1823 2206 διὰ
1837 2179 1868 2206 τὸ

233 2228 263 2251 ut
279 2225 409 2258 stolones,
426 2232 473 2253 attt
485 2228 554 2254 rami
570 2229 679 2263 quidam
698 2230 820 2263 inutiles,
838 2237 937 2266 praeter
957 2233 1019 2261 vitae

234 2276 301 2296 usus
331 2271 501 2298 necessarios
527 2279 729 2306 provenerunt.
756 2276 820 2302 dum
847 2278 1020 2306 necessitatis

233 2314 366 2342 terminos
390 2316 510 2342 transilit
535 2319 684 2352 appetitus,
704 2319 882 2356 hominesque
898 2331 952 2349 non
970 2330 1020 2349 cu-

234 2364 295 2386 rant
315 2360 438 2388 honestis
461 2362 560 2390 studiis
583 2363 703 2392 dilatari.
728 2365 800 2399 Quid
824 2368 896 2395 enim
922 2369 1020 2396 alendo

233 2405 344 2438 corpori
369 2410 485 2439 prosunt
510 2412 637 2442 argentea
662 2417 743 2443 vasa,
762 2419 830 2439 auro
849 2413 1019 2448 gemmisque

233 2454 362 2484 tauquam
388 2451 500 2480 ﬂoribus
525 2453 653 2481 distincta
668 2460 750 2491 atque
764 2459 916 2485 exornata?
931 2458 1018 2492 Quetn

235 2503 314 2522 usum
347 2496 464 2524 allerunt
497 2503 586 2526 vestes
614 2501 705 2528 aureis
732 2504 934 2539 purpureisque
968 2505 1020 2533 ﬁlis

233 2545 378 2573 contextze,
395 2547 422 2570 et
437 2545 511 2571 varia
531 2546 677 2574 elaborata:
694 2548 812 2582 pictura,
836 2557 890 2584 qua
908 2554 935 2577 et
949 2559 1021 2585 pro:-

234 2588 280 2619 lia,
295 2594 322 2615 et
344 2590 511 2623 venationes,
530 2597 556 2618 et
580 2593 640 2620 alia:
656 2601 700 2620 res
716 2593 849 2627 ejusmodi
869 2596 895 2622 in
919 2597 1019 2626 tunicis

234 2638 260 2659 et
280 2633 449 2663 indumentis
474 2636 509 2663 ab
536 2638 687 2665 artillcibus
716 2639 931 2667 describuntur?
953 2641 1020 2674 Quae

235 2679 345 2713 quidem
365 2680 473 2708 luxuria
489 2689 597 2716 semper
613 2684 755 2710 avaritiam
776 2686 902 2713 comitem
927 2687 1017 2715 habet.

234 2723 301 2750 Nam
325 2730 354 2752 ut
371 2725 444 2754 vires
469 2727 522 2754 sibi
539 2728 573 2755 ad
593 2729 649 2756 hzec
667 2736 773 2764 parent,
796 2739 887 2759 rerum
912 2734 1019 2769 cupita-

271 2814 282 2829 '
295 2813 373 2841 Joan.
390 2822 431 2847 In,
448 2815 492 2842 '50.

1069 2229 1214 2266 παρελθεῖν
1227 2228 1290 2259 τοὺς
1301 2229 1350 2263 τῆς
1363 2227 1456 2262 χρείας
1476 2226 1555 2261 ὅρους
1569 2225 1617 2260 τὴν
1633 2225 1734 2261 ὄρεξιν,
1745 2225 1796 2252 καὶ
1811 2227 1867 2257 τοῖς

1068 2277 1112 2303 ἐπ’
1123 2275 1210 2303 οὐδενὶ
1223 2274 1351 2309 χρησίμῳ
1372 2271 1601 2306 σπουδαζομένοις
1618 2270 1865 2298 έπιπλατύνεσοαι.

1069 2321 1101 2348 Τί
1127 2320 1181 2356 γὰρ
1196 2319 1285 2346 κοινὸν
1300 2318 1356 2353 ἔχει
1373 2317 1441 2352 πρὸς
1455 2316 1486 2342 τὸ
1505 2317 1554 2351 τῆς
1576 2315 1681 2351 τροφῆς
1694 2317 1835 2350 χρήσιμον
1854 2316 1869 2341 ὸ

1068 2366 1213 2400 διάγλυφος
1221 2365 1349 2400 ἄργυρος,
1359 2362 1462 2398 χρυσῷ,
1475 2361 1522 2388 καὶ
1537 2361 1621 2393 λίθοις
1632 2360 1868 2395 ὲπανθιζόμενος;

1072 2411 1104 2438 “ll
1121 2411 1192 2442 τίνος
1207 2409 1286 2445 χάριν
1305 2407 1438 2442 ὲπεδεήθη
1463 2407 1494 2433 τὸ
1511 2407 1618 2441 ἱμάτιον
1628 2405 1676 2432 τοῦ
1695 2406 1804 2441 χρυσοῦ
1820 2406 1868 2440 νή-

1071 2465 1164 2493 ματος,
1176 2457 1223 2483 καὶ
1234 2457 1282 2490 τῆς
1291 2454 1456 2488 εὐανθοὺσης
1468 2452 1640 2488 πορφυρίδος.
1654 2452 1701 2478 καὶ
1714 2452 1766 2487 τῆς
1779 2453 1869 2486 ὑφαν-

1068 2503 1147 2538 τικῆς
1169 2501 1337 2537 ζωγραφίας,
1357 2500 1392 2526 δι’
1406 2497 1441 2535 ἦς
1457 2499 1580 2533 πόλεμοι,
1598 2498 1646 2524 καὶ
1659 2497 1753 2532 θῆρες,
1771 2499 1821 2525 καὶ
1836 2499 1869 2525 τὰ

1068 2549 1180 2576 τοιαῦτα
1199 2548 1254 2578 τοῖς
1278 2545 1373 2581 χιτῶσί
1387 2553 1417 2571 τε
1429 2545 1477 2571 καὶ
1500 2545 1556 2575 τοῖς
1573 2543 1704 2578 ἐνδύμασι
1722 2544 1802 2578 παρὰ
1812 2544 1870 2570 τῶν

1072 2595 1238 2630 ὑφαινόντων
1255 2590 1509 2627 ὲνζωγραφοῦνταις
1522 2588 1569 2622 Οἷς
1580 2590 1766 2625 συμμαχοῦσα
1781 2591 1799 2625 ὴ
1819 2591 1870 2624 τῆς

1073 2639 1230 2671 πλεονεξίας
1253 2637 1354 2672 ἐνεφύη
1371 2637 1458 2667 νόσος.
1477 2635 1536 2662 Ίνα
1562 2635 1616 2670 γὰρ
1629 2634 1783 2669 ἐπιτύχωσι
1800 2634 1870 2670 πρὸς

1072 2686 1158 2713 ταῦτα
1168 2683 1345 2719 παρασκευῆς
1356 2682 1402 2709 καὶ
1420 2681 1571 2716 δυνάμεως,
1585 2680 1634 2711 τὰς
1645 2680 1700 2706 τῶν
1716 2680 1870 2714 ἐπιθυμουν

1075 2733 1162 2768 μένων
1179 2731 1244 2762 ’ύλας
1261 2729 1335 2765 παρὰ
1361 2728 1410 2764 τῆς
1425 2727 1580 2761 πλεονεξίας
1597 2726 1768 2762 πορίζονται.
1796 2726 1830 2752 Ἡ
1841 2724 1869 2752 δὲ
