1938 3082
95 104 147 131 529

795 109 840 136 DE
858 109 1023 138 MORTUIS.

1677 121 1729 149 550

95 163 237 196 πλεονεξία
251 165 283 200 τῇ
297 165 410 201 ἀπιστίᾳ
429 167 478 202 τὴν
492 167 594 194 εἴσοδον
612 168 726 203 ἤνοιξεν,
749 171 808 206 ἧτις
826 171 883 198 ἐστὶ

944 177 995 198 -υω
1026 172 1168 199 materiam
1196 173 1312 200 avaritia
1335 173 1528 202 subministrat
1550 184 1556 202 :
1578 177 1729 212 eademque

95 211 166 238 κατὰ.
186 211 232 238 τὸν
251 212 420 247 Σολομῶντα,
445 214 459 240 ὀ
476 215 642 250 τετρημένος
664 216 750 248 πίθος,
766 217 810 244 ἀεὶ
831 219 888 249 τοῖς

94 257 263 284 ἀπαντλοῦσι
280 258 392 290 λείπων,
414 259 460 286 καὶ
473 260 551 292 κενὸς
567 261 770 297 εὑρισκόμενος.
785 263 890 290 Οὐκοῦν

94 303 126 330 ού
141 303 172 329 τὸ
192 303 272 339 σῶμα
285 304 336 336 τὰς
350 304 404 332 τῶν
420 305 513 333 κακῶν
533 307 670 343 ἀφορμὰς,
686 309 743 336 ἀλλ’
756 310 772 345 ἡ
791 311 889 346 προαί-

97 357 173 383 ρεσις
190 349 310 384 ἐμποιεῖ,
333 349 379 377 τὸν
405 351 507 378 σκοπὸν
535 352 585 387 τῆς
605 354 699 389 χρείας
714 355 754 386 εἰς
767 355 815 391 τὴν
835 355 889 383 τῶν

97 394 208 420 ἀτόπων
219 395 368 431 ἐπιθυμίαν
375 397 558 433 ἐκτρέπουσα.
573 399 620 435 Μὴ
634 401 724 428 τοίνυν
735 401 890 434 κακιζέσθω

98 441 174 476 παρὰ
188 441 244 467 τῶν
259 442 470 478 ἀπερισκέπτων
482 443 513 470 τὸ
533 445 622 480 σῶμα,
633 442 656 480 ᾧ
670 447 738 482 μετὰ
749 447 836 474 ταῦτα
846 447 890 475 διὰ

96 487 147 522 τῆς
163 487 372 522 παλιγγενεσίας
385 492 735 528 μεταστοιχειωθέντιέπρὸς
745 494 776 520 τὸ
792 494 891 521 θειότε-

98 542 146 569 ρον
159 535 176 570 ἡ
201 534 274 570 ψυχὴ
289 535 499 569 καλλωπίσεται,
515 538 549 564 τὰ
567 539 682 574 περιττά
696 548 725 566 τε
741 540 787 567 καὶ
803 541 890 576 ἄχρη-

99 588 160 611 στα,
173 580 211 612 ὼς
223 581 290 616 πρὸς
304 581 353 616 τὴν
367 582 516 610 ἀπόλαυσιν
526 584 577 619 τῆς
589 585 738 621 μελλούσης
746 586 829 622 ζωῆς,
842 586 889 613 τοῦ

98 624 214 652 θανάτου
237 626 471 662 ἁποκαθὰραντος.
487 628 524 655 Οὐ
539 629 594 664 γὰρ
608 630 676 665 πρὸς
700 629 718 657 ἃ
734 630 782 656 νῦν
796 631 890 666 ἐπιτη-

96 671 176 703 δείως
189 671 255 707 ἔχει,
271 672 306 698 τὰ
320 672 390 699 αὐτὰ
410 674 456 701 καὶ
466 675 496 702 ἐν
512 674 551 710 τῷ
565 676 633 710 μετὰ
645 676 730 704 ταῦτα
740 677 891 713 χρησιμεύο

99 725 140 744 σει
156 718 216 753 βίῳ,
234 718 292 746 ἀλλ’
305 719 392 746 οἰκεία
409 721 456 747 καὶ
467 721 635 758 κατάλληλος
643 723 719 751 ἔσται
728 725 762 760 τῇ
775 725 892 751 ἀπολαύ-

99 771 141 790 σει
154 764 204 799 τῆς
220 763 294 799 ζωῆς
312 765 420 801 ἐκείνης
443 768 459 802 ἡ
484 766 532 794 τοῦ
553 769 679 804 σώματος
702 770 781 806 ήμῶν
801 779 891 806 παρα-

99 809 196 845 σκευὴ,
207 810 344 846 ἁρμοδίως
360 811 426 847 πρὸς
435 813 485 848 τὴν
499 813 553 840 τῶν
559 814 668 848 ἀγαθῶν
678 816 821 850 μετουσίαν
834 817 892 843 Bia»

940 216 1053 244 avaritia
1078 217 1230 244 iniidelitali
1247 218 1349 245 aditmn
1367 220 1497 254 patefacit
1512 229 1518 248 :
1531 225 1573 249 est
1594 223 1678 256 enim,
1700 229 1729 250 ut

940 261 978 289 ait
992 260 1153 294 Solomon',
1175 262 1279 290 dolium
1299 268 1452 298 pertusum,
1469 267 1541 301 quod
1560 268 1605 302 qui
1625 276 1729 297 conan-

939 310 985 334 tur
1007 307 1130 343 implere,
1149 308 1251 336 frustra
1275 309 1411 344 laborant,
1433 315 1460 338 et
1482 320 1598 340 vacuum
1619 322 1727 349 semper

940 352 1092 381 inveniunt.
1105 353 1212 389 Corpus
1225 363 1291 390 ergo
1307 363 1360 382 non
1375 356 1453 384 affert
1467 359 1598 386 malorum
1615 367 1725 389 causas.

939 398 988 426 sed
1020 398 1079 434 ipsa
1106 400 1249 434 voluntas,
1279 409 1340 436 qua:
1368 404 1556 431 necessarium
1581 413 1660 432 nsum
1692 406 1726 432 ad

939 444 1074 473 absurdas
1097 451 1124 473 et
1146 446 1258 475 inutiles
1282 447 1446 482 cupiditates
1465 449 1620 483 detorquet.
1643 450 1727 478 Nemo

940 490 1024 525 igitur
1052 495 1155 520 temere
1178 497 1206 520 et
1230 493 1435 522 inconsiderate
1463 500 1587 522 nostrum
1617 500 1727 522 accuset

939 543 1050 571 corpus,
1072 545 1126 572 quo
1142 541 1236 572 postea
1253 546 1302 573 per
1323 540 1557 574 regenerationem
1582 540 1609 567 in
1625 545 1726 568 statum

940 581 1104 609 diviniorem
1117 588 1283 610 commutato
1295 584 1402 612 animus
1415 585 1602 616 decorabitur.
1619 593 1681 612 cum
1693 586 1727 612 ali

941 628 1086 656 inutilibus
1108 628 1174 656 illud
1194 633 1221 657 et
1245 631 1458 665 supervacaneis
1483 631 1611 658 sordibus
1634 635 1661 658 et
1685 631 1727 657 iu-

941 673 1096 701 commodis
1120 682 1195 702 mors
1214 676 1417 710 expurgaverit,
1435 679 1464 703 ut
1480 676 1536 702 vita
1560 675 1652 703 futura
1666 683 1728 710 per-

943 718 1058 746 fruatur.
1080 719 1148 748 Nam
1166 729 1226 756 qua:
1242 721 1282 749 illi
1305 730 1379 750 nunc
1394 723 1572 758 congruentia
1601 726 1676 754 sunt,
1694 722 1728 749 iis

942 772 996 791 non
1013 768 1106 792 utetur
1127 766 1154 793 in
1173 767 1258 794 altera
1274 767 1338 800 vita,
1366 768 1399 795 ad
1423 768 1503 803 cujus
1520 767 1633 795 fruenda
1657 768 1728 794 bona

944 810 988 837 lict
1004 814 1067 846 apta
1091 812 1351 847 accommodataque
1368 814 1491 848 corporis
1515 813 1601 840 nostri
1622 812 1728 840 consti-

98 855 216 882 τεθεῖσα.
230 854 293 883 Οἵύν
302 865 327 884 τι
336 857 408 892 λέγω
428 859 565 894 (κρεῖττον
580 859 634 895 γὰρ
647 849 824 897 ὑποδείγματι
836 862 890 889 τῶν

944 857 1021 884 tutio.
1042 856 1101 884 Non
1124 858 1243 885 alienum
1268 863 1359 886 autem
1382 860 1446 891 erit,
1471 863 1500 886 ut
1520 858 1592 894 quod
1610 858 1726 886 dicimus

98 901 247 937 γνωρίμων
258 903 311 929 τινὶ
321 903 513 940 διασαφηνίσαι
521 905 552 932 τδ
563 905 671 942 νόημα)·
681 907 713 933 Ἦ
719 907 766 934 τοῦ
781 908 890 944 σιδήρου

99 947 186 982 βῶλος
206 948 368 984 χρησιμεύει
389 950 422 985 τῇ
439 950 604 986 χαλκευτικῇ
625 951 706 988 τέχνῃ
717 972 724 985 ,
737 953 891 989 ἀκατέργα-

100 1002 162 1026 στος
176 993 273 1030 ἄκμων
289 997 422 1032 γενομένη
439 996 486 1023 τοῦ
507 997 716 1032 τεχνιτεύοντος.
738 999 807 1026 Ἀλλ’
827 1001 891 1027 ὅταν

97 1038 140 1065 δεῖ
155 1039 224 1074 πρός
243 1047 268 1066 τι
288 1038 451 1076 λεπτότερον
469 1040 686 1076 μετεργασθῆναι
710 1041 755 1068 τὸν
772 1042 890 1078 σίδηρον,

98 1084 160 1112 τότε
171 1084 205 1112 δι’
216 1085 376 1121 ἐπιμελείας
389 1086 438 1122 τὴν
455 1086 539 1122 βῶλον
555 1086 602 1114 ’τοῦ
618 1088 704 1124 πυρὸς
718 1088 891 1124 ἐκκαθήραν-

98 1139 156 1164 τος,
170 1131 244 1159 ἅπαν
258 1131 417 1159 ἀποτίθεται
436 1132 468 1159 τὸ
486 1133 586 1167 γεῶδες
601 1134 649 1160 καὶ
669 1135 815 1170 ἄχρηστον,
834 1135 848 1162 ὃ
858 1135 890 1170 δὴ

101 1177 224 1218 σκωρίαν
234 1179 259 1204 οἰ
275 1179 396 1214 τεχνῖται
411 1179 460 1214 τῆς
477 1179 607 1214 ἐργασίας
622 1179 724 1215 ταύτης
740 1180 890 1216 κατονομά-

100 1223 195 1256 ζουσιο
222 1225 268 1252 καὶ
283 1224 369 1257 οὕτως
391 1226 406 1252 ὁ
432 1226 497 1252 ποτὲ
519 1226 614 1262 ἄκμων
632 1226 854 1262 λεπτουργηθεὶς,
874 1226 890 1262 ἦ

100 1271 204 1306 θώραξ,
220 1271 236 1307 ἥ
251 1272 315 1299 ἄλλο
331 1271 421 1298 τιτῶν
435 1271 540 1299 λεπτῶν
550 1272 820 1307 κατασκευασμάτων
832 1272 889 1308 ἐγέ-

101 1326 172 1350 νετο,
187 1317 235 1344 τοῦ
247 1317 368 1344 τοιούτου
382 1317 588 1353 περιττώματος
599 1318 779 1354 ἒκκαθαρθεὶς
789 1319 831 1346 διὰ
843 1321 892 1355 τῆς

101 1363 228 1399 χωνείας,
255 1364 324 1400 ὅπερ
351 1362 404 1395 ἕως
422 1363 487 1390 ποτὲ
510 1363 606 1399 ἄκμων
619 1362 664 1400 ἦν,
686 1365 736 1391 οὐκ
755 1365 893 1400 ἐνομίζετο

101 1409 171 1445 πρὸς
179 1409 228 1444 τὴν
238 1409 299 1435 τότε
315 1409 409 1445 χρείαν
424 1407 493 1436 εἶναι
508 1408 676 1445 περίττωμα.
690 1410 827 1438 Συνετέλει
840 1411 892 1448 γάρ

100 1463 127 1481 τι
139 1455 187 1480 καὶ
206 1455 223 1490 ἠ
235 1455 338 1489 σκωρία
348 1454 416 1490 πρὸς
432 1454 477 1481 τὸν
493 1454 574 1489 ὄγκον
590 1454 637 1482 τοῦ
652 1455 761 1491 σιδήρου
776 1456 894 1490 ἐγκατα-

103 1499 262 1535 μεμιγμὲνη
277 1500 310 1535 τῇ
341 1498 430 1535 βώλῳ.
445 1498 515 1534 Ἤδη
541 1499 665 1534 νενόηται
692 1501 758 1535 ἡμῖν
779 1500 809 1526 τὸ
820 1500 893 1536 ,ὑπό-

101 1546 218 1581 δειγμα·
248 1545 394 1581 μετακτέον
414 1545 464 1580 ἤδη
481 1545 549 1580 πρὸς
565 1545 596 1572 τὸ
610 1546 789 1581 προκείμενον
804 1545 893 1581 νόημα

101 1591 152 1626 τὴν
165 1592 194 1617 ὲν
207 1590 246 1626 τῷ
260 1590 439 1626 ὑποδείγματι
460 1590 644 1626 θεωρηθείσαν
660 1591 787 1618 διάνοιαν.
804 1590 837 1617 Τί
847 1589 894 1618 οὖν

102 1638 162 1664 ἐστι
185 1636 278 1668 τοῦτο;
298 1637 402 1668 Πολλὰς
423 1636 480 1672 ἔχει
496 1636 545 1663 νῦν
560 1636 730 1672 σκωρεώδεις
749 1637 894 1672 ποιότητας

101 1683 120 1718 ὴ
149 1681 197 1709 τοῦ
217 1682 341 1718 σώματος
364 1682 456 1718 φύσις,
477 1683 505 1709 αἳ
526 1683 599 1709 κατὰ
622 1683 672 1717 μὲν
690 1682 739 1718 τὴν
755 1682 894 1718 παροῦσαν

103 1728 188 1764 ζωὴν,
207 1728 274 1763 πρός
295 1737 322 1755 τι
348 1729 483 1764 χρήσιμον
500 1728 682 1760 συντελοῦσιν,
701 1728 845 1764 ἀχρήστως
865 1728 894 1754 δὲ

103 1775 261 1802 παντάπασι
276 1775 322 1801 καὶ
330 1774 479 1810 ἀλλοτρίως
487 1775 578 1810 ἔχουσι
593 1775 661 1811 πρὸς
674 1775 723 1810 τὴν
732 1774 801 1809 μετὰ
808 1774 894 1802 ταῦτα

104 1821 334 1858 προσδοκωμένην
347 1822 545 1858 μακαριότητα.
562 1822 650 1857 Ὅπερ
665 1819 711 1848 οὖν
733 1822 761 1848 ὲν
775 1820 813 1856 τῷ
829 1821 895 1856 πυρὶ

103 1869 171 1905 περὶ
183 1868 229 1896 τδν
245 1868 352 1904 σίδηρον
364 1867 478 1902 γίνεται,
493 1867 523 1894 τὸ
541 1868 676 1903 ἄχρηστον
688 1867 761 1895 ἅπαν
776 1869 825 1903 τῆς
840 1876 895 1903 χω-

103 1915 180 1947 νείας
193 1914 386 1950 ἅποποιούσης,
404 1913 482 1940 τοῦτο
495 1913 540 1940 διὰ
552 1913 599 1940 τοῦ
618 1913 734 1941 θανάτου
749 1912 896 1949 κατορθοῦ-

103 1969 150 1987 ται
164 1960 203 1995 τῷ
219 1960 334 1995 σώματι,
347 1959 446 1991 παντὸς
456 1959 662 1995 περιττώματος
677 1959 894 1994 ἀποποιουμένου

103 2005 206 2041 διὰτῆς
220 2007 249 2032 ὲν
261 2007 294 2041 τῇ
307 2005 449 2041 νεκρότητι
463 2005 577 2037 λύσεως.
588 2005 694 2040 Φανερὰ
711 2004 760 2040 μὲν
775 2003 822 2031 οὖν
837 2006 895 2032 ὲστι

104 2051 216 2083 πάντως
223 2052 278 2083 τοῖς
285 2052 383 2078 επεσκε
387 2060 406 2086 μ
410 2050 500 2085 μένοις
515 2051 578 2077 ποῖα
588 2050 673 2078 ταῦτὰ
681 2051 765 2083 ἐστιν,
781 2047 818 2077 ὧν
828 2050 896 2077 ἀπο-

104 2097 267 2133 καθαίρεται
278 2097 308 2123 τδ
319 2096 398 2131 σῶμα
414 2097 453 2129 είς
466 2096 578 2133 ὕστερον
587 2105 594 2112 '
612 2097 684 2132 ἅπερ
699 2097 724 2123 εί
736 2096 784 2132 ’μὴ
794 2097 894 2132 παρείη

104 2142 179 2170 κατὰ
200 2143 248 2178 τὴν
274 2142 416 2178 παροῦσαν
439 2143 523 2179 ζωὴν,
544 2142 630 2178 ζημία
651 2142 756 2176 γίνεται
770 2141 817 2169 τοῦ
835 2142 893 2177 βίου

941 906 1013 929 notae
1030 903 1251 939 pervulgata‘que
1267 905 1307 932 rei
1323 904 1475 940 cuiuspiam
1493 904 1616 939 exemplo
1636 905 1727 931 decla-

941 955 1045 976 remus.
1064 948 1125 976 Arti
1149 950 1254 977 aerariae
1271 951 1346 978 utilis
1365 955 1408 978 est
1429 950 1494 977 ferri
1511 950 1606 977 infecti
1632 950 1728 977 illabo-

941 994 1050 1029 ratique
1069 1002 1171 1027 massa,
1193 995 1258 1022 dum
1286 1003 1318 1023 ea
1338 1003 1389 1030 pro
1417 995 1516 1023 incude
1532 994 1609 1022 faber
1628 995 1725 1021 utitur.

941 1039 976 1066 At
989 1047 1052 1067 cum
1069 1047 1140 1075 opus
1156 1044 1198 1068 est
1214 1041 1288 1068 ferro
1312 1041 1346 1068 ad
1368 1048 1439 1075 opus
1465 1040 1574 1074 aliquod
1600 1039 1728 1067 subtilius

941 1089 968 1113 et
986 1085 1075 1121 magis
1091 1086 1261 1114 elaboratum
1275 1085 1488 1118 conficiendum,
1507 1090 1573 1112 tunc
1588 1085 1650 1120 igne
1667 1084 1729 1111 dili-

942 1135 1039 1166 genter
1068 1135 1257 1167 expurgantnr
1288 1139 1387 1159 massm
1420 1131 1494 1158 illius
1524 1135 1620 1158 terrea:
1647 1134 1729 1164 atque

943 1177 1054 1204 inutiles
1075 1176 1166 1208 faeces,
1193 1184 1272 1212 quas,
1294 1177 1341 1212 qui
1370 1177 1437 1204 artis
1465 1177 1524 1212 ejus
1552 1177 1632 1212 periti
1654 1180 1728 1208 sunt,

943 1223 1062 1251 scoriam
1080 1223 1230 1259 appellant.
1251 1224 1341 1259 Atque
1367 1223 1404 1250 ita
1421 1223 1495 1258 quod
1516 1223 1581 1250 olim
1600 1225 1658 1250 erat
1687 1222 1730 1248 iii-

943 1277 992 1297 cus
1019 1268 1130 1296 rudisve
1159 1269 1223 1297 ferri
1249 1277 1358 1301 massa,
1390 1269 1528 1298 subtiliter
1561 1269 1730 1296 elaboratum

943 1314 1028 1342 lorica
1045 1314 1085 1346 lit,
1108 1319 1155 1342 aut
1175 1314 1286 1349 aliquod
1304 1314 1379 1341 aliud
1396 1321 1467 1349 opus
1482 1315 1621 1350 egregium
1643 1319 1670 1341 et
1685 1322 1732 1340 cx-

943 1359 1069 1394 politum,
1095 1359 1307 1395 supervacaneis
1333 1360 1360 1386 in
1377 1359 1488 1387 fornace
1512 1359 1633 1387 excoctis
1658 1359 1733 1393 abje-

943 1405 1050 1440 ctisque
1071 1405 1211 1438 sordibus,
1237 1412 1297 1440 qum
1313 1409 1404 1432 tamen
1432 1405 1459 1432 in
1477 1405 1536 1440 ipsa
1564 1404 1662 1431 incude
1686 1409 1732 1431 aut

945 1459 1037 1480 massa
1062 1451 1246 1480 considerata
1270 1457 1447 1486 supervacuae
1473 1457 1526 1477 non
1552 1450 1731 1485 putabantur.

944 1497 1059 1525 Confert
1079 1497 1152 1525 enim
1169 1497 1271 1532 aliquid
1290 1497 1323 1524 ad
1340 1497 1403 1524 ferri
1423 1496 1522 1523 molem
1540 1496 1623 1523 etiam
1642 1496 1733 1523 scoria

945 1544 972 1570 in
1001 1550 1091 1571 massa
1120 1543 1263 1578 permista.
1293 1542 1472 1577 Perspicuum
1507 1541 1558 1568 hoc
1584 1541 1662 1569 nobis
1692 1547 1735 1569 est

944 1589 1098 1624 exemplum
1117 1597 1123 1615 :
1140 1588 1378 1616 accommodamus
1391 1595 1464 1615 nunc
1485 1592 1644 1622 pnesentem
1667 1594 1733 1614 cou-

945 1634 1142 1662 siderationem
1167 1633 1199 1661 ad
1223 1641 1283 1661 eam
1301 1641 1361 1668 quae
1378 1634 1404 1660 in
1420 1633 1545 1668 exemplo
1566 1633 1735 1668 conspicitur

947 1679 1176 1714 intelligentiam:
1193 1678 1323 1713 quidnam
1347 1678 1430 1713 igitur
1446 1678 1520 1705 istud
1546 1678 1605 1705 est?
1623 1678 1674 1705 hoc
1691 1679 1734 1705 ni-

945 1723 1056 1751 mimm.
1073 1724 1171 1751 Multas
1184 1731 1258 1751 nune
1271 1724 1352 1751 habet
1365 1728 1462 1751 natura
1483 1724 1607 1759 corporis
1626 1725 1732 1757 sordes,

945 1776 978 1796 ac
999 1769 1081 1797 veluti
1105 1769 1240 1802 scoriam,
1265 1770 1412 1805 quamdam
1438 1771 1565 1805 praesenti
1594 1771 1655 1798 vitae
1680 1780 1734 1798 non

945 1815 1070 1843 inutilem
1093 1815 1168 1843 illam
1198 1816 1309 1850 quidem
1338 1816 1430 1850 aliquo
1453 1816 1544 1848 modo,
1572 1816 1618 1843 scd
1644 1821 1734 1844 tamen

945 1860 1061 1887 alienam
1083 1867 1199 1896 prorsus
1216 1861 1251 1887 ab
1266 1867 1297 1888 ea
1322 1860 1464 1892 felicitate,
1484 1868 1565 1894 quam
1591 1866 1734 1896 exspecta-

945 1913 1017 1934 mus.
1029 1905 1264 1939 Quemadmodum
1282 1905 1364 1941 igitur
1385 1906 1412 1933 iu
1429 1906 1540 1934 fornace
1561 1907 1631 1942 ignis
1647 1908 1735 1934 aufert

945 1955 972 1980 et
993 1951 1112 1979 absumit
1135 1951 1268 1987 quidquid
1297 1952 1325 1978 in
1352 1951 1426 1980 ferro
1454 1956 1496 1979 est
1510 1953 1619 1984 inutile,
1644 1953 1683 1980 sic
1708 1954 1734 1980 in

946 1997 1006 2032 ipsa
1021 2002 1109 2024 morte
1123 2004 1223 2032 corpus
1238 1997 1272 2024 ab
1286 1997 1362 2024 omni
1379 2005 1408 2024 re
1427 2005 1630 2032 supervacanea
1652 2002 1735 2031 atque

946 2043 1038 2070 inutili
1060 2050 1110 2078 per
1130 2043 1306 2070 mortalitatis
1322 2043 1487 2070 solutionem
1505 2043 1648 2070 liberatur.
1669 2045 1736 2076 Qua:

947 2092 1037 2116 autem
1055 2088 1111 2115 sint
1132 2095 1176 2121 ea,
1194 2095 1210 2114 a
1231 2088 1332 2122 quibus
1352 2095 1453 2123 corpus
1478 2089 1504 2115 in
1521 2093 1659 2123 posterum
1686 2097 1734 2116 cx-

947 2135 1119 2170 purgabitur,
1140 2142 1202 2170 qua:
1223 2135 1278 2162 nisi
1306 2135 1350 2162 hic
1377 2136 1515 2166 adessent,
1535 2143 1655 2170 pra‘scns
1679 2136 1736 2163 haec

103 2189 213 2216 τούτου.
232 2189 303 2225 Πλὴν
315 2189 384 2216 ἀλλὰ
408 2190 455 2216 καὶ
479 2189 545 2225 παρ’
560 2188 638 2224 ἡμῶν
653 2188 801 2224 σαφηνείας
815 2187 892 2224 χάριν

948 2181 1002 2208 vita
1017 2181 1148 2208 damnum
1164 2180 1276 2213 faceret,
1296 2181 1360 2208 licet
1370 2181 1459 2209 cuivis
1469 2181 1592 2209 studiose
1607 2182 1736 2210 conside-

103 2235 140 2262 δι’
155 2234 254 2270 ὀλίγων
267 2235 417 2271 εἰρήσεται.

143 2365 245 2398 Ἔστω,
258 2365 318 2392 καθ’
329 2365 467 2398 ὑπόθεσιν,
477 2366 536 2392 ἀντὶ
548 2366 596 2401 μὲν
603 2366 651 2401 τῆς
667 2365 763 2401 βώλου,
779 2366 795 2401 ή
807 2365 896 2401 ὄρεξις

104 2413 122 2448 ὴ
135 2412 258 2446 φυσικῶς
268 2412 314 2439 ἐπὶ
329 2412 436 2440 πάντων
444 2412 625 2448 ἐνεργουμένη
636 2421 642 2427 ·
654 2412 714 2439 ἀντὶ
723 2412 752 2439 δὲ
765 2413 814 2448 τῆς
827 2420 897 2439 σκω-

105 2458 169 2493 pia;
179 2457 275 2489 ταῦτα,
288 2457 357 2493 πρὸς
370 2457 388 2484 ἃ
404 2457 451 2484 νῦν
465 2458 514 2489 τὰς
525 2458 613 2493 ὁρμὰς
625 2457 681 2493 ἔχει
695 2458 712 2492 ἡ
724 2457 823 2493 ὄρεξις,
834 2457 896 2492 ἠδο-

104 2504 162 2535 ναὶ,
177 2503 224 2530 καὶ
243 2503 364 2536 πλοῦτοι,
380 2503 428 2530 καὶ
441 2503 599 2538 φιλοδοξίαι,
611 2504 656 2530 καὶ
670 2504 834 2535 δυναστεῖαι,
850 2504 897 2530 xui.

104 2549 200 2584 θυμοὶ,
222 2549 269 2576 καὶ¹
283 2549 373 2584 τῦφοι,
388 2549 435 2576 καὶ
451 2549 487 2576 τὰ
506 2550 628 2577 τοιαῦτα.
646 2549 754 2577 Τούτων
770 2549 897 2577 ἁπάντων

105 2595 218 2622 καὶτῶν
228 2594 367 2626 τοιούτων,
388 2595 535 2631 καθάρσιον
551 2595 664 2631 ἀκριὸὲς
672 2596 686 2622 ὁ
697 2596 812 2627 θάνατος
825 2595 898 2630 γίνε-

104 2648 171 2667 ται’
184 2636 222 2666 ὧν
245 2639 421 2675 γυμνωθεῖσά
440 2649 471 2667 τε
493 2640 541 2667 καὶ
564 2640 731 2676 καθαρθεῖσα
748 2641 857 2667 πάντων
879 2641 896 2675 ἠ

104 2685 208 2722 ὄρεξις,
225 2685 295 2722 πρὸς
307 2685 338 2712 τὸ
354 2686 432 2721 μόνον
442 2686 554 2722 ὀρεκτόν
572 2695 602 2713 τε
613 2686 660 2713 καὶ
672 2686 838 2722 ἐπιθυμητὸν
851 2685 898 2712 καὶ

105 2731 239 2768 ἐράσμιον
263 2732 296 2767 τῇ
320 2731 444 2768 ἐνεργείᾳ
463 2733 641 2769 τραπήσεται,
655 2733 704 2760 οὐκ
724 2732 899 2760 ἀποσϐέσασα

142 2823 154 2839 ⁸
182 2821 270 2850 Eccll.
285 2829 345 2854 λιι,
362 2822 402 2848 l7.

950 2226 1022 2253 ranti
1046 2226 1127 2254 facile
1150 2226 1426 2263 intelligere:tamcn
1445 2235 1500 2262 quo
1524 2228 1632 2262 planius
1655 2229 1736 2255 etiam

951 2276 1068 2304 constet,
1085 2277 1115 2300 nt
1131 2280 1145 2299 a
1170 2273 1312 2308 proposito
1337 2273 1462 2308 exemplo
1482 2281 1536 2301 non
1564 2274 1736 2304 recedamus,

951 2317 1070 2346 breviter
1082 2326 1097 2346 a
1114 2319 1193 2347 nobis
1204 2319 1286 2346 etiam
1303 2319 1532 2347 recensebuntur.

986 2363 1076 2393 Massa
1092 2365 1175 2400 igitur
1198 2365 1234 2393 sit
1249 2366 1390 2400 appetitio,
1417 2373 1477 2401 quae
1505 2367 1669 2394 naturaliter
1697 2371 1738 2394 est

951 2411 1078 2439 omnibus
1105 2411 1198 2445 insita,
1229 2411 1319 2439 seoria
1337 2415 1440 2443 autem,
1466 2417 1493 2440 et
1523 2412 1614 2445 fzeces,
1635 2420 1676 2444 ea,
1703 2413 1736 2439 ad

946 2467 1008 2496 qua:
1022 2466 1093 2486 nunc
1106 2459 1207 2494 impetu
1221 2459 1332 2486 ducitur
1340 2463 1367 2485 et
1381 2458 1498 2485 trahitur
1507 2458 1648 2494 appetitio,
1663 2466 1737 2485 nem—

946 2512 979 2540 pe
994 2505 1158 2540 voluptates,
1172 2505 1284 2537 divitim,
1302 2504 1399 2540 gloria,
1422 2505 1604 2540 principatus,
1630 2504 1738 2530 iracun-

946 2551 1004 2582 dia,
1022 2554 1123 2582 tumor,
1140 2551 1305 2586 arrogantia,
1320 2554 1347 2577 et
1363 2550 1388 2577 id
1404 2558 1492 2585 genus
1511 2550 1575 2580 alia.
1600 2557 1614 2576 a
1637 2548 1736 2584 quibus

947 2595 1075 2623 omnibus
1092 2604 1144 2625 nos
1159 2596 1284 2631 expiatos
1300 2603 1373 2623 mors
1388 2603 1419 2623 ac
1430 2597 1509 2631 plane
1520 2595 1621 2623 liberos
1637 2594 1736 2622 reddit.

951 2642 999 2670 His
1011 2643 1083 2670 enim
1095 2646 1176 2670 exuta
1185 2649 1324 2677 vacuaque
1336 2643 1465 2677 appetitio
1477 2641 1511 2668 ad
1526 2641 1552 2668 id
1565 2640 1638 2676 quod
1650 2640 1736 2667 solum

951 2688 1143 2723 expetendum,
1172 2688 1332 2724 optandum,
1369 2688 1569 2721 amandumquc
1600 2691 1651 2717 est.
1684 2685 1736 2711 vim

954 2734 1084 2762 transfert
1104 2741 1193 2767 suam,
1226 2741 1280 2762 non
1297 2733 1474 2768 exstinguens
1503 2731 1611 2766 penitus
1640 2730 1736 2757 insitos
