1938 3082
192 114 241 143 53!

806 108 833 135 S.
854 101 1019 134 CllEGOllll
1036 100 1175 131 NYSSENI

1768 91 1823 121 55-2

193 171 225 196 a-l
244 171 300 197 hac
320 169 439 204 impetus
456 177 471 195 a
492 171 600 197 natura.
622 166 670 194 sed
689 173 736 194 eos
756 169 919 193 convertens
943 163 1000 195 adt

1051 161 1142 188 αθόλου
1154 159 1204 190 τὰς
1219 157 1379 193 ἐγκειμένας
1388 154 1508 191 φυσικῶς
1521 155 1586 190 ἡμῖν
1601 153 1647 180 ἐπὶ
1662 151 1698 179 τὰ
1708 150 1821 178 τοιαῦτα

194 218 238 244 illa
257 217 326 244 bona
341 215 514 251 perfruenda,
530 221 590 249 qua!
608 221 623 240 a
639 213 753 241 materia
767 213 890 247 sejuncta
902 215 976 239 sunt.

195 261 261 288 Nam
276 261 332 288 illic
350 261 421 295 viget
433 268 502 288 vera
515 259 726 295 pulchritudinis
738 265 824 290 amor,
841 257 888 292 qui
909 264 979 284 nun-

197 315 279 341 quam
302 307 496 342 exstinguitur.
524 305 580 332 lllic
609 304 756 332 laudabilis
779 304 857 331 adest
873 303 981 338 sapien-

197 354 242 380 tia:
257 353 413 380 divitiarum
437 352 583 387 cupiditas,
600 356 626 378 et
642 351 802 386 praeclarum
827 356 859 376 ac
880 349 981 376 bonum

198 397 292 431 glorias
310 397 442 427 studium.
465 395 538 431 quod
555 395 581 422 in
608 394 654 421 Dei
672 394 755 428 regni.-
768 393 897 420 societate
916 399 983 418 cono

200 444 328 475 sumitur,
355 444 552 476 honestumque
566 441 721 468 divinarum
736 439 880 474 epularum
909 436 983 464 dcsi-

200 490 318 521 derium,
339 497 399 524 qua:
422 489 571 524 degustatae
591 486 693 514 nullam
725 491 844 520 unquam
868 483 985 511 all'erunt

202 536 365 564 satietatem.
384 534 567 568 Quamobrem
583 534 628 568 qui
646 532 720 559 novit
738 532 822 559 totius
840 530 916 557 orbis
934 536 984 555 au-

202 587 305 608 ctorem
320 584 347 607 et
362 579 485 614 opiﬁcem
501 578 584 606 Deum
597 582 749 613 opportuno
756 580 876 610 tempore
887 582 985 610 corpo-

204 626 244 653 ris
260 626 359 653 molem
375 633 407 652 ac
417 632 535 652 utassam
554 625 580 650 in
597 631 671 651 arma
686 623 764 650 bona:
783 621 915 649 voluntati
931 627 987 648 suae

205 674 281 705 grata
297 674 461 704 acceptaque
474 669 667 700 ronilatnrum,
688 672 714 695 et
738 668 849 694 loricam
863 665 986 700 justitize,

207 719 237 741 nt
252 714 340 749 inquit
353 714 501 749 Apostolus
516 714 549 746 ¹⁰,
564 713 739 749 gladiumque
753 712 877 746 spiritus,
896 715 922 738 et
942 718 989 745 ga-

208 761 278 787 leatn
293 761 362 794 spei.
379 765 460 795 atque
481 767 588 786 omnem
605 759 725 785 divinam
743 761 910 783 armaturam
931 763 990 790 pcr-

209 805 354 836 t'ecturnm,
371 805 460 839 diligit
479 811 579 839 corpus
597 810 676 830 suum
691 810 723 830 cx
741 802 988 837 praeseriptolegis,

209 856 291 883 quam
313 848 377 876 tulit
402 848 559 883 Apostolus,
582 855 669 879 nemo,
695 846 834 882 inquiens,
856 846 991 880 proprium

210 902 304 928 corpus
318 894 373 922 odit
392 895 424 921 ”.
449 893 549 921 Purum
568 894 651 928 igitur
669 900 701 920 ac
731 892 862 920 mundum
890 899 992 927 corpus

210 943 317 974 oportet
331 939 452 975 diligere.
468 947 521 966 non
534 943 623 966 autem
639 938 778 966 sordidam
789 938 849 972 ejus
863 937 993 969 scoriam,

212 993 272 1019 quae
287 985 447 1020 repudiatur
460 988 486 1012 et
502 984 639 1018 abjicitur.
657 983 756 1011 Verum
775 987 816 1011 est
828 982 993 1017 enim,quod

212 1030 335 1057 continet
347 1029 438 1057 divina
456 1029 598 1064 Scriptura
613 1030 646 1061 ",
662 1037 722 1061 nos,
741 1029 762 1056 si
781 1028 921 1056 terrestris
944 1027 995 1054 do-

213 1082 275 1101 mus
304 1080 397 1102 nostra
427 1075 510 1109 hujus
534 1074 704 1101 tabernacull
731 1074 900 1104 destruatur,
929 1076 996 1100 tunc

214 1120 301 1153 ipsam
317 1121 476 1147 inventuros
493 1119 700 1147 aediﬁcationem
718 1127 733 1146 a
750 1118 806 1146 Deo
821 1118 931 1150 factam,
949 1118 997 1145 do-

215 1173 289 1192 mum
309 1173 364 1193 non
384 1172 466 1192 manu
485 1169 684 1197 constructam,
711 1169 841 1192 :eternam
865 1165 893 1191 in
918 1163 997 1191 cmlis

215 1211 324 1246 dignam
339 1219 401 1246 quae
431 1211 477 1239 Dei
495 1213 529 1239 sit
551 1212 718 1239 domicilium
732 1212 759 1238 in
772 1211 878 1246 spiritu.
895 1210 935 1237 Ac
954 1209 999 1237 do-

215 1265 277 1284 mus
294 1257 403 1292 quidem
420 1257 492 1284 illius
506 1264 558 1284 non
572 1257 736 1284 manufactaa
750 1256 875 1291 ﬁgurata,
890 1260 916 1284 et
948 1256 998 1284 for-

216 1309 300 1334 mam,
315 1306 342 1330 et
356 1302 509 1336 exemplum
526 1302 591 1328 mihi
612 1310 692 1329 nemo
709 1301 844 1329 describat
869 1301 902 1328 ad
925 1301 1000 1329 simi-

218 1347 359 1374 litudinem
376 1355 482 1380 carum,
497 1347 598 1382 quibus
617 1347 784 1382 proprietate
793 1347 999 1381 distinguimur.

217 1389 324 1417 Etenim
340 1398 400 1417 cum
418 1390 519 1419 divinis
532 1391 652 1419 oraculis
668 1399 720 1418 non
737 1392 824 1419 solum
842 1391 1000 1426 praedictum

218 1436 254 1462 sit
267 1435 357 1468 nobis,
374 1444 423 1464 nos
440 1436 565 1469 invitam
589 1445 650 1465 esse
669 1437 848 1469 revocandos,
864 1442 892 1464 et
916 1445 1003 1465 resur-

218 1485 357 1527 recturus,
367 1490 461 1510 verum
485 1483 564 1510 etiam
580 1483 753 1518 promittatur
779 1484 805 1510 in
836 1484 895 1518 ipsa
910 1484 1000 1510 divina
1016 1498 1038 1527 ρ

220 1526 361 1563 Scriptura
377 1536 426 1564 per
439 1529 526 1564 ipsam
541 1530 781 1561 resurrectionem.
800 1530 937 1557 immutari
959 1534 1003 1556 at-

220 1582 273 1608 que
293 1575 417 1602 renovari
433 1583 483 1603 nos
495 1579 631 1611 oportere.
647 1576 760 1603 omnino
772 1583 883 1604 necesse
899 1580 952 1607 est,
963 1579 1002 1607 ut,

220 1621 249 1647 in
259 1621 323 1655 quid
340 1621 500 1649 immutandi
515 1630 621 1654 sumus,
638 1621 699 1649 ideo
712 1629 825 1657 prorsus
837 1623 1004 1657 ignoremus,

221 1665 294 1700 quod
311 1666 414 1693 nullum
433 1674 528 1694 eorum
543 1675 604 1702 quze
627 1675 781 1703 speramus,
799 1668 951 1703 exemplum
977 1668 1004 1694 in

223 1712 273 1738 bac
284 1712 338 1738 vita
354 1713 443 1740 simile
458 1719 631 1742 contuemur.
647 1713 724 1742 Nunc
734 1715 819 1745 enim,
842 1722 902 1749 qua:
911 1721 1005 1741 crassa

222 1762 250 1784 ct
264 1757 349 1784 solida
360 1762 434 1790 sunt,
450 1762 548 1785 natura
562 1759 691 1786 deorsum
706 1758 838 1786 feruntur.
860 1758 938 1786 Tune
958 1766 1007 1786 au-

225 1807 278 1830 tem
302 1803 342 1830 sic
366 1803 592 1836 immntabuntur,
610 1809 638 1831 ut
662 1813 772 1833 sursum
799 1804 922 1832 tendant.
953 1803 1008 1832 Nos

224 1849 308 1880 enirn,
323 1852 352 1875 ut
365 1849 496 1884 scriptum
519 1854 570 1880 est.
586 1854 764 1885 posteaquam
793 1855 889 1876 natura
906 1857 954 1884 per
970 1857 1009 1877 re-

226 1894 424 1922 surrectionem
437 1895 463 1922 in
478 1895 606 1922 omnibus
619 1895 645 1922 iu
665 1896 747 1922 vitam
764 1896 898 1923 revocatis
928 1895 1010 1923 fuerit

226 1945 409 1968 commutata:
429 1941 574 1976 Rapiemur
593 1942 620 1968 in
641 1941 753 1968 nubibus
768 1941 870 1969 obviam
892 1941 1006 1968 Domino

226 1988 254 2013 iu
273 1995 336 2014 aera
353 1991 431 2022 atque
459 1988 497 2014 ila
523 1995 623 2021 semper
649 1995 706 2014 cum
730 1987 844 2014 Domino
867 1987 964 2013 erimus
977 1987 1008 2013 “.

228 2033 257 2060 Si
278 2033 360 2067 igitur
373 2033 419 2068 qui
440 2033 629 2065 immutantur,
642 2033 766 2068 corporis
781 2032 887 2067 pondus
899 2040 953 2059 non
966 2039 1010 2059 re--

229 2079 328 2111 tinent,
337 2079 384 2106 sed
392 2079 553 2106 diviniorem
565 2079 592 2106 in
607 2083 707 2105 statqu
725 2078 850 2105 translati
861 2077 1010 2105 simulcum

230 2130 326 2152 natura
343 2126 502 2160 incorporea
518 2126 545 2152 in
559 2125 670 2152 sublimi
688 2129 848 2157 versantur;
862 2123 941 2158 plane
950 2130 1013 2150 con-

1029 206 1127 242 όρμάς,
1144 204 1211 232 ἀλλά
1227 203 1295 239 πρὸς
1315 203 1364 237 τὴν
1381 202 1461 229 ἀῡλον
1478 201 1532 227 τῶν
1550 199 1660 234 ἀγαθῶν
1675 196 1824 242 μετουσίαν

1032 241 1250 287 μεταποιήσασα.
1274 249 1348 276 Ἐκεῖ
1369 248 1423 282 γὰρ
1437 248 1452 274 ὁ
1466 246 1535 282 ἔρως
1548 244 1595 271 τοῦ
1615 242 1742 279 ἀληθινοῦ
1758 241 1821 287 κάλ-

1030 286 1102 329 λους,
1120 298 1134 323 ὁ
1154 296 1309 326 ἄπαυστος·
1333 294 1392 320 ἐκεῖ
1411 293 1427 327 ή
1449 290 1577 325 ἐπαινετὴ
1587 289 1640 316 τῶν
1653 289 1704 323 τῆς
1726 286 1825 321 σοφίας

1032 341 1175 377 θησαυρῶν
1192 339 1341 372 πλεονεξία,
1353 339 1401 365 καὶ¹
1412 339 1428 373 ἡ
1445 337 1514 371 καλή
1528 344 1557 362 τε
1566 335 1612 362 καὶ
1622 333 1711 368 ἀγαθὴ
1719 331 1824 366 φιλοδο»

1033 388 1077 421 ξία
1091 388 1108 422 ἡ
1125 387 1157 421 τῇ
1175 384 1302 419 κοινωνίᾳ
1313 385 1363 418 τῆς
1374 383 1422 409 τοῦ
1436 381 1503 408 Θεοῦ
1520 380 1657 416 βασιλείας
1672 378 1825 412 κατορθου-

1036 432 1113 467 μένη,
1133 430 1223 458 καὶτὸ
1237 429 1317 456 καλὸν
1332 428 1417 460 πάθος
1440 428 1489 462 τῆς
1509 425 1671 458 ἀπληστίας,
1696 423 1826 450 οὐδέποτε

1035 479 1107 513 κόρῳ
1120 477 1174 504 τῶν
1186 475 1391 512 ὑπερκειμένων
1408 473 1475 507 πρδς
1490 472 1535 498 τὸν
1556 470 1658 505 ἀγαθὸν
1671 469 1756 496 πόθυν
1766 469 1827 494 im-

1035 523 1210 558 κοπτόμενον.
1217 520 1320 549 Οὐκοῦν
1330 519 1433 556 μαθὼν,
1445 519 1485 545 ὅτι
1499 518 1553 548 τοῖς
1562 516 1712 550 καθήκουσι
1720 514 1829 550 χρόνοις

1036 571 1050 596 ὁ
1070 569 1117 596 τοῦ
1138 568 1238 599 παντὸς
1258 566 1383 602 τεχνίτης
1404 564 1454 600 τὴν
1479 563 1527 590 τοῦ
1547 562 1672 596 σώματος
1689 560 1775 596 βῶλον
1790 559 1830 590 είς

1037 614 1117 641 ὅπλον
1125 613 1280 648 εὐδοκιμίας
1290 609 1513 647 μεταχαλκεύσει,
1520 608 1632 643 θώρακα
1642 604 1830 638 δικαιοσύνης,

1039 660 1128 692 καθώς
1140 668 1222 696 φησιν
1236 660 1251 686 ό
1264 656 1436 689 Ἀπόστολος,
1449 655 1496 682 καὶ
1513 655 1648 690 μάχαιραν
1662 651 1831 686 πνεύματος,

1039 707 1085 734 καὶ
1102 705 1316 742 περικεφαλαίαν
1333 703 1450 735 ἐλπίδος,
1470 701 1519 728 καὶ
1538 700 1629 726 πᾶσαν
1640 698 1689 734 τὴν
1703 697 1750 724 τοῦ
1762 696 1833 724 Θεοῦ

1041 752 1188 779 πανοπλίαν
1219 749 1470 786 κατεργασάμενος,
1498 745 1593 780 ἀγαπᾷ
1618 744 1650 771 τὸ
1664 744 1730 771 ῐδιον
1752 742 1831 777 σῶμα

1041 798 1110 825 κατά
1118 797 1162 824 τὴν
1174 796 1221 823 τοῦ
1238 795 1399 822 ’Δτιοστόλου
1411 793 1503 829 νόμον.
1516 792 1545 824 ὂς
1555 799 1647 827 φησιν,
1667 791 1708 817 ὃτι
1728 788 1831 820 οὐδεὶς

1008 832 1027 860 Β
1041 845 1075 872 τὸ
1089 843 1197 870 ἑαυτοῦ
1209 841 1295 876 σῶμα
1305 841 1462 876 ἐμίσησεν.
1471 839 1508 865 To
1519 838 1599 873 σῶμα
1613 837 1642 864 δὲ
1657 836 1687 863 τὸ
1698 835 1827 870 κεκαθαρ

1045 889 1124 924 μένον
1137 886 1295 921 ἀγαπᾶσθαι
1318 885 1381 921 χρὴ,
1402 885 1432 910 οὺ
1455 883 1504 918 τὴν
1525 880 1745 916 ἀποποιουμένην
1764 888 1834 905 σκω-

1045 932 1115 967 ρίαν.
1139 930 1251 966 ’Δληθὲς
1264 930 1319 966 γάρ
1336 937 1428 964 φησιν,
1441 928 1479 960 ὥς
1494 927 1603 964 φησινή
1619 926 1679 953 θεία
1694 924 1782 958 gnavi).
1794 924 1835 950 ’ὁτι

1045 977 1092 1004 ἐὰν
1105 977 1123 1012 ὴ
1148 976 1267 1010 ἐπίγειος
1285 974 1364 1010 ἡμῶν
1384 973 1458 1001 οἰκία
1486 972 1532 999 τοῦ
1555 972 1670 1006 σκήνους
1684 968 1836 1003 καταλυθῇ,

1045 1022 1105 1048 τότε
1122 1020 1207 1055 αὐτὴν
1222 1019 1375 1054 εὑρήσομεν
1385 1017 1530 1052 οἰκοδομὴν
1544 1016 1577 1042 ὲκ
1590 1014 1657 1042 Θεοῦ
1679 1013 1833 1048 γενομένην

1045 1067 1132 1094 οἰκίαν
1143 1065 1359 1102 ἀχειροποίητον,
1373 1063 1482 1091 αἰώνιον
1494 1063 1522 1090 ὲν
1538 1063 1593 1094 τοῖς
1607 1061 1743 1096 οὐρανοῖς,
1758 1058 1837 1091 ἀξίαν

1046 1113 1094 1140 τοῦ
1110 1111 1179 1139 εἶναι
1189 1111 1272 1146 αὐτὴν
1282 1110 1349 1137 Θεοῦ
1360 1108 1568 1144 κατοικητήριον
1583 1108 1611 1134 ὲν
1622 1106 1770 1141 πνεύματι.
1782 1105 1839 1131 Καί

1050 1167 1094 1194 μοι
1108 1157 1201 1193 μηδεὶς
1218 1154 1444 1193 χαρακτῆρα,καὶ
1452 1153 1556 1189 σχῆμα.
1571 1152 1618 1180 καὶ
1629 1149 1699 1183 εἶδος
1715 1151 1838 1185 ὑπογρα-

1049 1204 1124 1239 φέτω
1136 1204 1184 1239 τῆς
1200 1202 1406 1239 ἀχειροποιήτου
1427 1199 1533 1236 ἐκείνης
1548 1198 1647 1230 οἰκίας,
1671 1197 1734 1224 καθ’
1749 1195 1839 1231 ὁμοιόι

1049 1259 1118 1286 τητα
1137 1249 1191 1276 τῶν
1217 1249 1265 1276 νῦν
1293 1247 1510 1283 ἐπιφαινομένων
1541 1245 1606 1281 ἡμῖν
1631 1242 1840 1285 χαρακτήρων,

1050 1282 1098 1324 καὶ
1112 1295 1303 1331 διακρινόντων
1324 1294 1398 1330 ἡμᾶς
1411 1282 1459 1320 ἀπ’
1472 1291 1594 1327 ἀλλήλων
1607 1291 1664 1322 τοῖς
1685 1282 1840 1324 ἰδιώμασιν.

1051 1342 1089 1369 Οὺ
1100 1341 1155 1377 γὰρ
1171 1341 1254 1377 μόνης
1269 1340 1319 1376 τῆς
1333 1338 1506 1369 ἀναστάσεως
1526 1337 1592 1373 ἡμῖν
1607 1335 1682 1371 παρά
1698 1335 1753 1361 τῶν
1764 1334 1841 1361 θείων

1051 1389 1150 1423 λογίων
1172 1386 1392 1423 κεκηρυγμένης,
1414 1384 1482 1412 ἀλλά
1505 1384 1552 1411 καὶ
1573 1383 1603 1410 τδ
1624 1382 1679 1409 δεῖν
1693 1381 1843 1415 ἀλλαγῆναι

1052 1435 1115 1466 τοὺς
1132 1432 1371 1468 ἀνακαινισθέντας
1387 1429 1433 1457 διά
1445 1430 1495 1464 τῆς
1509 1427 1694 1461 ἀναστάσεως,
1707 1426 1757 1461 τῆς
1772 1424 1843 1455 θείας

1053 1479 1256 1515 διεγγυωμένης
1264 1477 1386 1513 Γραφῆς,
1405 1475 1512 1509 ἀνάγκη
1522 1475 1598 1501 πᾶσα
1607 1471 1761 1508 κεκρύφθαι
1775 1478 1843 1497 παν-

1053 1526 1156 1554 τάπασι
1179 1525 1227 1552 καὶ
1247 1522 1402 1558 ἀγνοεῖσθαι
1418 1520 1486 1557 πρὸς
1500 1520 1514 1547 ὃ
1530 1528 1557 1546 τι
1571 1517 1792 1553 ἀλλαγησόμεθα,
1806 1515 1845 1550 τῷ

1057 1573 1140 1608 μηδὲν
1150 1571 1301 1606 ὑπόδειγμα
1308 1569 1362 1596 τῶν
1377 1567 1560 1602 ἐλπιζομένων
1574 1566 1603 1592 ὲν
1613 1564 1651 1600 τῷ
1665 1564 1714 1590 νῦν
1727 1563 1842 1598 καθορᾶ-

1057 1619 1118 1647 σθαι
1131 1618 1190 1653 βίῳ.
1208 1617 1264 1644 Νῦν
1282 1616 1330 1652 μὲν
1345 1614 1400 1651 γὰρ
1414 1614 1467 1640 πᾶν
1481 1614 1512 1640 τὸ
1525 1612 1599 1648 παχὺ
1611 1611 1658 1638 καὶ
1674 1610 1846 1645 στερέμνιον,

1057 1666 1088 1692 εκ
1104 1665 1211 1700 φύσεως
1224 1663 1280 1698 ἔχει
1297 1662 1345 1697 τὴν
1357 1661 1404 1687 ἐπὶ
1416 1661 1446 1686 τὸ
1456 1660 1531 1687 κάτω
1545 1658 1640 1693 φοράν.
1656 1656 1724 1683 Τότε
1738 1655 1766 1682 δὲ
1780 1655 1846 1688 πρῆς

1056 1711 1086 1738 τὸ
1105 1709 1242 1745 ἀνωφερὲς
1267 1708 1284 1743 ή
1309 1706 1486 1742 μεταποίησις
1511 1704 1558 1731 τοῦ
1584 1703 1709 1738 σώματος
1731 1701 1847 1735 γίνεται,

1057 1756 1142 1788 οὕτως
1153 1749 1274 1785 εἰπόντος
1289 1753 1336 1780 τοῦ
1352 1752 1443 1787 λόγου,
1458 1751 1500 1778 ὅτι
1519 1749 1588 1785 μετά
1601 1749 1632 1776 τὸ
1641 1748 1792 1783 ἀλλαγῆναι
1800 1746 1849 1781 τὴν

1059 1802 1149 1838 φύσιν,
1170 1802 1199 1828 ὲν
1217 1801 1284 1828 πᾶσι
1308 1800 1363 1830 τοῖς
1398 1794 1651 1825 ἀναϐεϐιωκόσιδιά
1663 1794 1714 1829 τῆς
1730 1792 1850 1821 ἀναστά·

1060 1857 1137 1880 σεως,
1175 1845 1415 1881 Ἀρπαγησόμεθα
1429 1844 1463 1871 ἐν
1473 1843 1613 1878 νεφέλαις
1625 1841 1668 1874 εὶς
1679 1839 1850 1873 ἀπάντησιν

1059 1894 1112 1921 τοῦ
1128 1893 1238 1928 Κυρίου
1252 1893 1294 1925 εἰς
1308 1891 1391 1926 ἀέρα·
1408 1890 1457 1917 καί
1473 1889 1550 1916 οὕτω
1565 1887 1693 1914 πάντοτε
1708 1886 1770 1913 σὺν
1796 1886 1852 1912 Κυ-

1056 1940 1111 1974 ρίῳ
1123 1939 1261 1973 ἐσόμεθα.
1278 1938 1311 1965 Εἰ
1327 1936 1417 1963 τοίνυν
1444 1935 1490 1961 ἐπὶ
1504 1933 1558 1961 τῶν
1574 1932 1746 1966 ἀλλαγέντων
1760 1931 1791 1958 τὸ
1805 1930 1852 1966 βά-

1062 1994 1107 2021 ρος
1124 1984 1155 2012 ού
1170 1984 1320 2020 παραμένει
1336 1982 1374 2017 τῷ
1403 1981 1518 2016 σώματι,
1533 1978 1600 2006 ἀλλὰ
1620 1983 1851 2013 συμμετεωροπο-

1063 2031 1138 2067 ροῦσι
1164 2031 1198 2066 τῇ
1222 2028 1360 2064 ἀσωμάτῳ
1387 2027 1468 2063 φύσει
1486 2026 1511 2052 ot
1541 2024 1609 2060 πρὸς
1641 2023 1689 2058 τὴν
1711 2021 1851 2056 θειοτέραν

1063 2066 1349 2112 μεταστοιχειωθέντες
1378 2073 1554 2100 κατάστασιν
1570 2070 1678 2100 πάντως
1697 2069 1739 2095 ὅτι
1757 2066 1852 2094 καὶτὰ

1061 2121 1142 2148 λοιπά
1153 2121 1206 2148 τῶν
1219 2120 1369 2156 ἰδιωμάτων
1384 2118 1430 2146 τοῦ
1445 2117 1580 2153 σώματος,
1594 2115 1662 2151 πρός
1676 2123 1702 2141 τι
1716 2114 1772 2140 τῶν
1784 2113 1853 2140 θειο-

231 2175 391 2199 scntaueum
407 2175 459 2202 est,
478 2176 507 2198 ut
522 2171 605 2201 color.
622 2171 718 2205 ﬁgura,
737 2169 967 2204 circumscriptio,
987 2176 1000 2195 e

1051 2183 1052 2189 η
1065 2167 1151 2201 τέρων
1167 2164 1405 2202 συμμετατίθεται.
1420 2163 1451 2189 τὸ
1463 2161 1572 2197 χρῶμα,
1588 2160 1618 2186 τὸ
1634 2159 1736 2194 σχῆμα,
1748 2159 1767 2193 ἡ
1778 2166 1853 2193 περι-

228 2218 343 2252 reliqum
364 2217 489 2251 corporis
504 2217 684 2251 proprietates
703 2215 794 2247 aliqua
819 2214 924 2242 ratione
947 2213 1016 2240 divi-

231 2264 306 2291 nitus
330 2267 543 2290 cotmnntentur.
570 2261 673 2288 Idcirco
688 2260 795 2288 tametsi
821 2260 945 2288 videmus
961 2267 1015 2286 non

232 2317 292 2337 csSc
307 2309 503 2338 necessarium,
523 2312 551 2334 ut
567 2307 593 2334 in
621 2307 664 2338 iis,
679 2306 726 2340 qui
742 2306 946 2333 resurrectione
962 2305 1014 2332 im-

233 2355 423 2386 mutabuntur,
451 2354 505 2380 ulla
533 2352 668 2388 ejusmodi
697 2355 826 2386 appareat
853 2350 1015 2382 diﬂ'erentia,

233 2401 340 2436 qualem
364 2405 474 2436 propter
493 2407 599 2431 eorum,
620 2398 667 2432 qui
691 2397 853 2430 succedunt,
881 2396 1014 2428 ordinem,

235 2447 392 2475 necessario
409 2451 506 2473 natura
527 2452 600 2473 nunc
616 2445 707 2477 habet,
723 2452 777 2471 non
806 2447 896 2469 tamen
919 2449 1017 2476 possu-

235 2501 298 2521 mus
310 2492 447 2527 explicare
461 2491 555 2527 quales
571 2491 654 2518 futuri
669 2490 723 2517 sint
736 2490 763 2516 in
793 2489 838 2514 illa
866 2491 1016 2514 commuta-

235 2540 318 2566 tione.
336 2537 425 2566 Uuum
441 2537 550 2572 quidem
565 2536 622 2563 fore
635 2535 756 2563 omnium
770 2540 866 2568 genus,
879 2538 1017 2566 unumque

235 2583 338 2611 Christi
364 2590 464 2617 corpus
480 2581 587 2608 futuros
602 2587 708 2612 omnes,
736 2583 817 2612 atque
833 2584 915 2603 unam
932 2577 1020 2604 omni-

237 2629 289 2656 bus
325 2628 438 2655 formam
473 2625 691 2662 imprimendam,
729 2623 821 2650 divina
854 2622 883 2649 in
912 2621 1020 2648 cunctis

239 2674 356 2709 imagine
369 2674 508 2709 :equaliter
527 2673 661 2705 elucente,
676 2678 728 2698 non
745 2668 917 2703 ambigimus.
929 2667 1021 2702 quue,

238 2720 311 2754 quod
328 2721 420 2746 talium
438 2720 632 2755 proprietatum
652 2718 711 2744 loco
742 2716 768 2742 in
795 2718 899 2742 natura:
930 2714 1025 2740 intutu-

279 2812 300 2827 ’τ’
317 2813 414 2847 Epiros.
437 2821 472 2844 vr,
490 2812 522 2839 l3
537 2820 596 2846 sqq.

636 2811 655 2826 ”
673 2810 770 2845 Eplu's.
787 2819 812 2843 v,
827 2810 870 2838 29.
912 2811 932 2825 ¹²
948 2808 967 2835 ll
981 2809 1042 2836 Cor.
1055 2815 1083 2842 ν,
1100 2807 1126 2834 Ι.

1064 2212 1168 2247 γραφὴ,
1201 2211 1248 2238 καὶ
1273 2210 1307 2237 τὰ
1331 2209 1391 2236 καθ’
1407 2209 1522 2235 ἕκαστον
1542 2207 1642 2234 πάντα.
1657 2204 1761 2231 Τούτου
1774 2203 1852 2238 χάριν

1064 2257 1193 2292 οὐδεμίαν
1207 2256 1330 2291 ἀνάγκην
1338 2254 1445 2291 ὁρῶμεν
1461 2254 1516 2285 τοῖς
1527 2251 1665 2285 ἀλλαγεῖσι
1676 2249 1719 2277 διὰ
1729 2249 1779 2284 τῆς
1790 2249 1853 2275 ἀνα-

1066 2304 1185 2334 στάσεως
1200 2301 1390 2337 ὲνθεωρεῖσθαι
1402 2300 1450 2336 τὴν
1466 2298 1592 2333 τοιαύτην
1603 2295 1746 2331 διαφορὰν,
1755 2295 1790 2329 ἢν
1808 2293 1853 2321 νῦν

1065 2349 1109 2376 διὰ
1139 2349 1188 2383 τὴν
1209 2347 1263 2374 τῶν
1295 2345 1492 2381 ἐπιγινομένων
1517 2341 1675 2371 ἀκολουθίαν
1699 2338 1855 2373 ἀναγκαίως

1069 2394 1148 2430 ἔσχεν
1164 2394 1181 2428 ὴ
1192 2392 1282 2428 φύσις.
1300 2391 1368 2419 Οΰτε
1386 2392 1448 2426 μὴν.
1462 2391 1504 2416 ὅτι
1515 2389 1565 2416 οὐκ
1577 2388 1661 2420 ἔσται,
1677 2385 1771 2420 σαφῶς
1785 2384 1855 2410 ἔστιν

1069 2428 1268 2474 ἀποφήνασθαι,
1283 2436 1451 2472 ἀγνοούντων
1472 2434 1551 2470 ἡμῶν
1564 2435 1604 2465 εἰς
1627 2433 1641 2459 ὅ
1665 2441 1692 2457 τι
1709 2429 1797 2457 ταῦτα
1815 2428 1856 2455 διὰ

1068 2485 1118 2520 τῆς
1129 2484 1248 2520 ἀλλαγῆς
1260 2483 1454 2519 μεταϐήσεται.
1484 2480 1554 2507 ’Λλλ“
1571 2480 1612 2507 ὅτι
1626 2478 1674 2514 μὲν
1688 2477 1765 2511 γένος
1783 2475 1856 2501 ἐσται

1069 2531 1123 2558 τῶν
1143 2531 1251 2558 πάντων
1271 2530 1309 2562 ἓν,
1337 2530 1400 2556 ὅταν
1434 2528 1463 2554 ἓν
1490 2526 1568 2562 σῶμα
1588 2523 1706 2560 Χριστοῦ
1720 2523 1745 2550 οἱ
1760 2522 1858 2552 πάντες

1069 2576 1222 2612 γενώμεθα.
1234 2576 1273 2612 τῷ
1286 2576 1326 2602 ἐνὶ
1339 2574 1494 2610 χαρακτῆρι
1508 2570 1729 2608 μεμορφωμένοι¹
1742 2568 1793 2594 οὐκ
1807 2568 1858 2602 ἀμ-

1070 2622 1245 2657 φιϐάλλομεν,
1259 2622 1326 2648 πᾶσι
1337 2620 1409 2647 κατὰ
1423 2619 1454 2645 τὺ
1462 2619 1518 2645 ἴσον
1527 2618 1577 2652 τῆς
1591 2615 1666 2646 θείας
1681 2613 1786 2643 εἰκόνος
1801 2612 1857 2637 ἑπι-

1070 2656 1242 2703 λαμπούσης.
1255 2667 1288 2693 Τί
1300 2667 1328 2692 δὲ
1338 2667 1404 2701 ἡμῖν
1423 2665 1484 2692 ἀντὶ
1498 2663 1552 2690 τῶν
1565 2660 1692 2689 τοιούτων
1706 2656 1858 2692 ἰδιωμάτων

1071 2715 1102 2741 ὲν
1115 2715 1148 2749 τῇ
1163 2713 1268 2747 ἀλλαγῇ
1291 2711 1341 2746 τῆς
1355 2711 1462 2746 φύσεως
1483 2708 1707 2746 προσγενήσεται.
1738 2704 1859 2731 κοεῖττον

1166 2805 1210 2831 "l
1229 2804 1326 2831 Thess.
1342 2809 1379 2834 tv,
1411 2801 1453 2826 l5.
