1938 3082
98 89 153 118 5’33

807 90 852 118 DE
877 91 1041 122 DIORTUIS.

1680 104 1734 132 534

98 145 172 174 εἶναι
189 147 278 182 πάσης
298 147 476 183 στοχαστικῆ;
488 147 592 179 ἐννοίας
612 146 832 182 ἀποφαινόμεθα.
854 146 895 178 Ὠς

949 150 1051 178 latione
1067 159 1163 178 sumus
1179 151 1310 186 habituri,
1322 155 1496 189 praestantius
1518 164 1579 185 esse
1602 158 1730 195 dicimus,

98 193 123 218 δ’
133 192 168 220 ἂν
184 193 221 228 μὴ
238 192 299 220 καθ’
327 193 388 220 ὅλου
417 193 590 228 ἀγύμναστσς
609 194 675 229 ἡμῖν
695 194 709 220 6
723 193 787 229 περὶ
798 193 892 220 τούτου

98 238 180 273 λόγος
196 239 401 275 καταλειφθείη,
426 239 505 266 τοῦτό
519 248 619 276 φαμεν,
634 240 674 267 ὅτι
685 241 724 271 εἰς
743 240 820 267 οὐδὲν
836 239 894 266 ἕτε-

101 294 149 320 ρον
159 286 208 321 τῆς
219 285 289 312 κατὰ
296 286 327 313 τὸ
337 286 421 321 ἄρρεν
433 286 480 313 καὶ
491 286 558 321 θῆλυ
568 287 699 322 διαφορᾶς
712 286 894 322 συνεργούσης

101 332 135 367 τῇ
144 331 235 365 φύσει,
246 331 315 367 πλὴν
325 332 376 367 τῆς
392 332 571 366 παιδοποιίας,
587 333 657 368 τάχα
667 332 728 359 τινὰ
741 332 894 367 στοχασμὸν

102 376 178 402 ἐστιν
194 376 337 403 ἀναλαὸεῖν
347 377 395 412 τῆς
406 377 614 413 ἐπηγγελμένης
623 378 669 404 τοῦ
680 377 747 404 Θεοῦ
758 377 812 404 τῶν
825 378 893 411 ἀγα-

101 420 158 448 θῶν
183 422 307 456 εὐλογίας
333 422 444 456 ἐπάξιον
460 423 489 450 ὲν
507 423 546 458 τῷ
560 424 625 459 περὶ
638 423 733 450 τούτου
759 423 840 458 λόγῳ,
852 423 893 449 ὅτι

101 467 142 497 εἰς
154 466 204 501 τὴν
214 467 317 494 ἐκείνου
347 467 394 494 τοῦ
419 467 496 494 τόκου
511 468 662 504 ὑπηρεσίαν
681 467 865 504 μεταϐήσεται
875 468 892 501 ἡ

101 513 248 548 γεννητικὴ
260 514 309 548 τῆς
319 513 426 547 φύσεως
450 514 574 550 δύναμις,
592 511 622 541 οὗ
639 515 768 550 μετέσχεν
780 515 794 540 ὁ
807 514 894 549 μέγας

106 558 222 590 Ἠσαῖας
233 558 326 590 εἰπὼν,
339 559 379 585 ὅτι
396 559 463 586 Ἀπὸ
481 560 534 587 τοῦ
549 561 643 594 φόϐου
662 567 731 592 σου,
748 560 844 594 Κύριε,
859 559 895 586 ἐν

102 603 209 638 γαστρὶ
226 603 383 639 ἐλάϐομεν,
400 605 448 631 καὶ
473 605 663 640 ὠὸινήσαμεν
681 605 729 632 καὶ
742 604 893 640 ὲτέκομεν·

101 649 222 683 πνεῦμα
236 650 384 684 σωτηρίας
403 658 461 678 σου
475 651 660 687 ἐποιήσαμεν
669 651 716 678 ἐπὶ
725 650 780 686 τῆς
788 651 851 686 γῆς.
862 651 894 678 Et

101 694 158 731 γὰρ
168 695 269 729 ἀγαθὸς
276 696 290 721 6
301 696 421 728 τοιοῦτος
431 696 519 730 τόκος,
529 697 578 724 καὶ
592 697 727 733 σωτηρίας
736 697 811 724 αἰτία
822 697 894 732 γίνε-

101 749 149 767 ται
159 741 177 776 ἡ
185 741 353 776 τεκνογονία,
361 741 452 774 καθώς
461 751 543 778 φησιν
552 744 567 769 6
580 743 750 776 ’Λπόστολος,
766 743 893 770 οὐδέποτε

101 785 133 812 τὸ
141 785 249 821 πνεῦμα
258 786 308 821 τῆς
314 787 450 822 σωτηρίας
458 788 560 821 γεννῶν
567 796 607 819 τις
614 788 756 820 παύεται,ὁ
766 788 839 821 Ξιπαξ
848 788 893 815 διὰ

946 201 1028 229 quam
1040 198 1070 221 ut
1085 195 1139 221 ulla
1159 195 1326 231 cogitatione
1351 199 1487 233 conjicere
1511 201 1662 231 valeamus.
1693 203 1731 231 Ac

946 246 982 266 ne
995 239 1043 266 tali
1063 239 1089 266 in
1103 247 1133 268 re
1148 245 1240 268 nostra
1260 242 1338 276 plane
1354 244 1431 272 rudis
1441 246 1529 274 oratio
1543 247 1731 283 deprehenda-

946 287 1002 316 tur,
1019 284 1147 319 dicimus,
1163 287 1248 314 maris
1259 291 1286 314 et
1310 288 1416 316 femina:
1430 290 1610 320 diﬂ‘erentiam
1627 294 1730 322 nullum

947 334 1053 357 natura:
1083 339 1164 359 usum
1183 332 1378 367 prazbituram;
1404 336 1456 363 nisi
1485 338 1631 371 quamdam
1647 341 1729 367 veluti

947 374 1064 403 filiorum
1080 377 1264 412 susceptionis
1289 379 1496 408 similitudinem
1526 385 1660 417 promissa
1684 386 1731 413 illa

947 428 962 448 a
993 420 1048 448 Deo
1075 422 1208 450 bonorum
1236 425 1314 458 copia
1342 425 1452 461 dignam
1481 428 1673 466 intelligamus,
1701 437 1731 459 ut

947 466 1083 501 ejusmodi
1101 469 1190 502 partui
1207 470 1335 504 gignendi
1361 473 1402 500 vis
1427 475 1559 502 naturalis
1585 476 1727 510 inserviat.

946 511 1055 546 qualem
1071 514 1208 542 sentiebat
1233 515 1327 549 Isaias,
1340 524 1402 545 cum
1420 519 1543 549 diceret:
1571 521 1613 549 Ea:
1638 524 1730 551 (interc

948 560 1004 590 tuo,
1017 557 1136 592 Domine,
1153 562 1327 595 concepimus,
1341 568 1365 589 et
1378 566 1577 599 parlurivimus,
1589 573 1613 595 et
1627 571 1730 603 peperi—

946 609 1016 633 mus,
1030 603 1203 639 spiritumque
1216 606 1311 634 salutis
1321 611 1373 634 tua?
1384 608 1493 642 fecimus
1504 611 1531 638 in
1543 614 1649 640 terra“.
1661 612 1729 641 Nam

947 645 970 672 si
982 645 1071 674 bonus
1086 651 1127 674 est
1151 654 1246 683 partus
1277 651 1445 686 hujusmodi,
1471 655 1623 691 salutisque
1648 665 1730 686 causa

946 695 989 718 est
1006 695 1159 726 procreatio
1176 694 1304 728 filiorum,
1324 702 1353 725 ut
1367 699 1405 726 ait
1418 700 1565 734 Apostolus
1586 703 1617 734 “,
1639 704 1731 732 nullus

947 744 1065 771 unquam
1078 738 1133 766 illic
1147 741 1271 774 gignendi
1287 744 1382 773 salutis
1396 746 1523 781 spiritum
1542 748 1621 776 linem
1641 750 1730 783 faciet,

946 781 992 816 qui
1008 782 1054 809 tali
1069 789 1147 818 partu
1160 786 1210 812 sibi
1226 788 1332 822 copiam
1348 788 1481 817 bonorum
1491 793 1575 820 semel
1584 781 1730 829 pepererit.

101 831 150 858 τοῦ
162 831 284 858 τοιούτου
300 831 380 859 τόκου
388 832 433 859 τὸν
447 832 605 868 πληθυσμὸν
618 833 672 860 τῶν
684 833 794 868 ἀγαθῶν
806 833 895 868 ἐαυτῷ

947 826 994 855 Sin
1007 828 1106 864 aliquis
1122 831 1244 859 eamdem
1262 833 1376 862 formam
1398 837 1476 865 nobis
1503 839 1731 869 reviviscentibus

101 877 317 912 τεκνωσάμενος.
327 878 407 905 Ἀλλά
422 878 474 905 κᾶν
488 878 533 905 τὸν
549 879 711 915 χαρακτῆρα
726 879 793 916 λέγῃ
804 888 859 911 τις,
871 876 893 913 ᾧ

103 922 320 958 μεμορφώμεθα,
336 923 416 950 πάλιν
432 924 496 959 ἡμῖν
510 924 539 950 ἐν
549 925 583 959 τῇ
596 924 743 951 ἀναῦιώσει
755 925 799 952 τὸν
812 925 894 951 αὑτὸν

103 968 339 1004 συμπαρέσεσθαι,
348 970 408 997 οὐδὲ
414 969 483 1006 πρὸς
494 970 573 997 τοῦτο
580 971 724 1006 πρόχειρος
732 972 748 1006 ἡ
753 971 811 1006 μῶν
822 972 894 998 ἐστιν

102 1016 120 1050 ή
136 1015 249 1047 διάνοια,
264 1015 349 1048 οὕτως
361 1016 377 1051 ἢ
389 1017 489 1052 ἑτέρως
500 1015 571 1052 ἔχειν
594 1017 752 1051 ὑπονοῆσαι.
767 1016 827 1043 Εἴτε
841 1017 894 1053 γὰρ

101 1059 149 1086 ἐπὶ
161 1059 209 1086 τοῦ
224 1059 305 1086 αὐτοῦ
320 1060 393 1095 λέγοι
405 1070 447 1093 τις
460 1061 548 1093 εἴδους
560 1060 608 1096 τὴν
619 1061 767 1088 ἀναϐίωσιν
774 1061 894 1095 ἔσεσθαι,

102 1107 144 1138 εἰς
159 1105 260 1141 πολλὴν
281 1106 437 1142 ἀμηχανίαν
453 1107 609 1134 ἐκπεσεῖται
627 1108 641 1134 ό
655 1107 742 1141 λόγος,
756 1106 801 1134 διὰ
814 1107 844 1133 τὸ
858 1106 895 1142 μὴ

101 1151 149 1179 τὸν
160 1152 243 1179 αὐτὸν
256 1152 344 1188 ἑαυτῷ
360 1153 429 1180 κατὰ
446 1154 477 1180 τὸ
498 1151 567 1185 εἶδος
580 1152 627 1180 τοῦ
640 1153 814 1189 χαρακτῆρος
829 1153 896 1179 πάν-

101 1205 165 1225 τοτε
178 1197 315 1233 διαμένειν
326 1198 373 1225 τὸν
387 1198 539 1234 ἄνθρωπον,
551 1198 603 1225 ὑπό
613 1207 643 1226 τε
653 1198 708 1226 τῶν
723 1198 835 1234 ἡλικιῶν
849 1199 896 1225 καὶ

103 1243 160 1270 τῶν
177 1243 346 1279 παθημάτων
362 1243 456 1271 ἄλλοτε
470 1245 538 1280 πρὸς
550 1244 613 1271 ἄλλο
624 1242 694 1277 εἶδος
708 1244 896 1279 μεταπλασσό-

105 1298 197 1325 μενον.
214 1289 318 1321 ’Ἄλλως
330 1289 383 1326 γὰρ
400 1289 550 1325 μορφοῦται
568 1290 599 1316 τὸ
621 1290 717 1325 νήπιον
736 1290 824 1316 καὶτὸ
837 1298 896 1326 μει-

105 1335 203 1371 ράκιον
215 1341 221 1348 ⁸
234 1335 321 1367 ἄλλως
335 1335 350 1361 6
371 1335 445 1366 παῖς,
459 1335 473 1361 6
485 1334 565 1370 ἀνὴρ,
578 1335 592 1361 6
609 1333 732 1370 μεσῆλιξ,
744 1335 758 1361 6
772 1333 895 1368 γηραιὸς,

102 1380 118 1406 6
136 1379 269 1414 πρέσϐυς.
291 1379 373 1406 Οὐδὲν
383 1378 486 1406 τούτων
497 1379 627 1411 ὡσαύτως
637 1378 694 1414 ἔχει
709 1379 777 1414 πρὸς
793 1379 823 1405 τὸ
839 1379 897 1406 ἕτε-

103 1434 152 1460 μν
162 1433 169 1440 ·
181 1425 249 1452 ἀλλά
262 1426 308 1452 καὶ
331 1426 345 1452 6
359 1423 397 1460 τῷ
411 1425 510 1460 ἰκτέρῳ
524 1425 678 1457 κατιωθεις,
693 1425 740 1452 καὶ⁸
753 1423 897 1460 ἐξῳδηκὼς

102 1472 143 1508 τῷ
155 1472 252 1508 ὑδέρῳ,
276 1472 291 1499 ὃ
314 1481 343 1499 τε
367 1471 511 1507 ξηρανθεὶς
523 1472 553 1498 ὲν
564 1471 707 1507 τηκεδόνι,
722 1472 768 1498 καὶ
787 1473 802 1498 ὁ
818 1472 896 1498 πολυ-

104 1518 247 1553 σαρκήσας
262 1517 293 1544 ἐκ
311 1526 383 1549 τινος
393 1517 571 1553 δυσκρασίας,
581 1518 595 1544 6
608 1517 769 1552 κατάχο).ος,
783 1517 797 1544 6
812 1518 896 1552 αἱμα-

102 1563 202 1599 τώδης,
219 1565 233 1590 ὁ
246 1563 416 1598 φλεγματίας
427 1571 435 1579 ·
453 1562 570 1589 ἑκάστου
584 1561 686 1589 τούτων
700 1561 767 1597 πρὸς
782 1562 830 1597 τὴν
840 1562 899 1588 ἐπι-

103 1609 259 1645 κρατοῦσαν
275 1609 442 1645 δυσκρασίαν
458 1608 721 1645 συμμορφουμένου,
739 1607 800 1634 οὔτε
815 1616 901 1643 παρα-

105 1655 198 1691 μένειν
209 1655 296 1682 ταῦτα
313 1655 383 1690 μετά
403 1655 434 1681 τὺ
450 1654 598 1682 ἀναϐιῶναι
620 1653 710 1685 καλῶς
726 1654 781 1688 ἕχει
796 1653 900 1686 λογίσα-

105 1701 179 1733 σθαι,
194 1702 244 1736 τῆς
259 1700 379 1734 ἀλλαγῆς
398 1700 486 1727 πάντα
508 1699 693 1734 σκευαζούσης
708 1698 775 1733 πρὸς
788 1698 818 1724 τὺ
833 1697 900 1724 θειό-

102 1754 193 1781 τερον,
206 1745 268 1772 οὒτε
282 1742 338 1772 οἷον
352 1746 418 1780 ἡμῖν
431 1743 616 1780 ὲπανθήσειτὸ
629 1742 696 1775 εἶδος
707 1743 815 1770 εὕκολόν
827 1744 899 1770 ἐστιν

102 1790 328 1825 ἀναλογίσασθαι,
354 1790 409 1817 τῶν
434 1791 495 1817 κατ’
518 1790 614 1816 ἐλπίδα
631 1791 696 1824 ἡμῖν
713 1789 899 1824 προκειμένων

101 1836 227 1872 ἀγαθῶν,
239 1836 309 1872 ὑπὲρ
320 1835 469 1871 ὀφθαλμὸν,
481 1836 528 1862 καὶ
538 1835 633 1870 ἀκοὴν,
647 1835 692 1862 καὶ
703 1835 821 1862 διάνοιαν
831 1832 898 1860 εἶναι

103 1882 340 1917 πεπιστευμένων.
357 1882 392 1908 Ἦ
418 1881 489 1916 τάχα
505 1881 683 1916 γνωριστικὸν
699 1878 768 1912 εῑδος
783 1880 898 1907 ἑκάστου

102 1929 157 1965 τὴν
174 1928 254 1955 ποιὰν
273 1928 391 1963 ἰδιότητα
403 1927 458 1954 τῶν
476 1926 549 1961 ἠθῶν
562 1925 646 1953 εἰπών
661 1935 713 1958 τις,
728 1926 757 1952 οὺ
771 1925 816 1952 τοῦ
830 1934 898 1952 παν-

102 1975 152 2006 τὸς
169 1974 367 2010 ἁμαρτήσεται.
386 1973 520 2008 Καθάπερ
538 1972 592 2008 γὰρ
609 1972 655 1998 νῦν
670 1973 686 2007 ἡ
702 1972 773 1998 κατά
787 1981 812 1998 τι
828 1980 899 2006 παρ’

103 2020 209 2055 ἀλλαγὴ
224 2020 277 2047 τῶν
301 2021 329 2046 ὲν
346 2020 412 2054 ἡμῖν
431 2019 570 2054 στοιχείων
585 2018 635 2049 τὰς
648 2017 702 2044 τῶν
718 2017 898 2052 χαρακτήρων

103 2069 135 2093 ἐν
144 2066 253 2101 ἑκάστῳ
271 2065 402 2100 διαφορὰς
426 2064 612 2100 ὲξεργάζεται,
636 2063 705 2090 κατά
729 2062 897 2096 πλεονασμὸν

103 2111 123 2147 ἦ
135 2111 284 2138 ἐλάττωσιν
308 2110 362 2136 τῶν
387 2108 627 2144 ἀντιστοιχούντων
645 2108 716 2139 τινὸς
731 2107 896 2143 σχηματιζο-

945 871 1063 900 futuram
1082 875 1163 908 dicat,
1181 884 1243 912 ego,
1267 887 1317 906 nec
1334 884 1363 907 ut
1377 881 1437 916 ejus
1454 885 1593 913 sententiae
1607 887 1730 915 subscri-

944 918 1018 953 bam,
1034 919 1113 949 facile
1125 922 1222 950 adduci
1239 932 1347 959 queam,
1366 935 1416 955 nec
1431 933 1522 957 utrum
1537 939 1581 959 res
1593 932 1732 961 aliterba-

945 965 1016 998 heat,
1035 969 1164 1003 cogitare.
1178 969 1261 998 Multa
1275 973 1348 1000 enim
1371 974 1490 1004 absurda
1510 976 1594 1011 illius,
1622 980 1668 1014 qui
1694 980 1730 1008 ita

946 1012 1039 1044 sentit,
1055 1014 1210 1048 opinionem
1227 1023 1441 1053 consequuntur,
1455 1028 1518 1049 cum
1549 1031 1604 1051 non
1632 1012 1731 1053 eadem

946 1066 1053 1094 semper
1067 1060 1095 1087 in
1107 1061 1202 1089 eodem
1217 1062 1326 1092 homine
1345 1067 1450 1100 species
1462 1067 1603 1104 formaque
1613 1077 1730 1101 maneat.

947 1103 992 1131 sed
1011 1112 1061 1139 pro
1078 1110 1189 1134 aetatum
1218 1108 1448 1147 aﬂ‘ectionumque
1475 1103 1608 1144 varietate
1623 1117 1733 1144 assidue

946 1154 1138 1178 commutetur.
1156 1151 1261 1180 Etenim
1268 1155 1313 1188 qui
1327 1163 1400 1184 nunc
1410 1160 1452 1185 est
1460 1157 1632 1191 adolescens,
1642 1160 1733 1188 infans

947 1201 1068 1230 puerque
1084 1195 1143 1230 fuit,
1161 1204 1223 1225 mox
1236 1199 1287 1226 erit
1303 1200 1353 1232 vir,
1368 1201 1465 1230 deinde
1476 1202 1510 1229 ad
1526 1203 1588 1231 vita:
1614 1204 1731 1232 medium

947 1239 1095 1267 terminum
1107 1241 1207 1274 veniet,
1223 1247 1283 1277 post
1300 1244 1376 1272 illum
1391 1247 1528 1279 transibit,
1550 1249 1650 1284 ﬁetque
1676 1250 1733 1284 jam

946 1288 1025 1313 aetate
1045 1291 1191 1320 provectus
1216 1293 1243 1316 et
1259 1297 1352 1318 senex.
1375 1291 1407 1318 Et
1421 1294 1467 1328 qui
1485 1293 1581 1322 horum
1600 1295 1626 1323 in
1642 1296 1734 1332 aliquo

947 1336 1012 1359 sunt
1026 1333 1115 1361 aetatis
1129 1334 1224 1369 gradu,
1246 1343 1300 1362 non
1318 1341 1381 1363 sunt
1397 1338 1469 1366 inter
1484 1347 1514 1366 se
1537 1340 1654 1374 similes,
1685 1344 1732 1370 scil

948 1377 1018 1405 alius
1034 1379 1109 1414 regio
1124 1379 1220 1407 morbo
1238 1382 1381 1416 squalidus
1398 1388 1450 1416 est,
1469 1385 1540 1412 alius
1554 1393 1625 1420 aqua
1649 1387 1735 1415 inter—

948 1425 1011 1450 cute
1025 1423 1142 1456 inﬂatus,
1158 1425 1228 1453 alius
1240 1426 1383 1456 confectus
1403 1429 1474 1461 tabe,
1491 1429 1563 1458 alius
1581 1439 1664 1465 prava
1672 1439 1734 1459 car—

949 1467 991 1496 nis
1009 1469 1191 1497 redundantia
1206 1472 1394 1506 corpulentus,
1411 1474 1481 1502 alius
1500 1475 1572 1508 bilis,
1589 1477 1660 1505 alius
1668 1486 1734 1506 san--

951 1510 1052 1547 guinis,
1081 1515 1152 1542 alius
1183 1516 1287 1551 pituita:
1311 1518 1395 1546 nimia
1428 1519 1533 1547 laborat
1560 1522 1658 1556 copia:
1687 1526 1734 1560 qui

950 1558 1059 1593 quidem
1075 1566 1182 1594 omnes,
1198 1565 1227 1588 ut
1241 1561 1311 1590 tales
1327 1563 1502 1597 reviviscant,
1518 1569 1545 1593 et
1558 1567 1654 1595 iisdem
1670 1558 1734 1597 cum

950 1605 1054 1633 morbis
1068 1610 1206 1639 maneant,
1223 1607 1334 1636 minime
1346 1610 1498 1644 putandum
1514 1617 1556 1640 est
1570 1622 1578 1647 ;
1596 1622 1658 1642 cum
1677 1622 1735 1643 om-

949 1649 994 1676 nia
1010 1653 1075 1678 tunc
1089 1652 1116 1678 in
1129 1653 1270 1681 meliorem
1282 1653 1501 1692 divinioremque
1517 1663 1618 1687 statum
1634 1660 1735 1688 immu-

949 1695 1052 1723 tatione
1077 1697 1132 1724 sint
1156 1700 1351 1734 convertenda,
1372 1709 1422 1730 nec
1452 1703 1531 1731 facile
1556 1713 1665 1733 rursum
1692 1711 1736 1735 est

949 1743 1095 1776 explicare,
1109 1744 1199 1778 qualis
1215 1737 1306 1773 futura
1324 1746 1360 1774 sit
1374 1748 1502 1782 praeclara
1519 1750 1564 1777 illa
1572 1750 1669 1783 forma,
1680 1760 1735 1788 qua

949 1788 1152 1822 decorabimur,
1166 1797 1228 1818 cum
1236 1799 1285 1826 spe
1299 1792 1380 1821 nobis
1386 1795 1526 1829 proposita
1535 1797 1590 1824 sint
1602 1805 1634 1825 ea
1651 1798 1735 1833 bona,

949 1843 1010 1870 quae
1021 1842 1071 1863 nec
1083 1836 1183 1870 oculis,
1199 1844 1251 1864 nec
1263 1838 1388 1872 auribus,
1404 1847 1454 1868 nec
1479 1842 1644 1877 cogitatione
1672 1852 1736 1879 pos-

949 1888 1044 1909 sumus
1060 1883 1303 1917 comprehendere.
1319 1884 1397 1918 Quod
1412 1886 1435 1914 si
1450 1887 1512 1922 quis
1528 1888 1655 1923 formam,
1680 1899 1735 1926 qua

949 1927 1072 1963 dignosci
1087 1929 1238 1963 valeamus,
1255 1931 1283 1958 in
1301 1935 1376 1959 certa
1401 1940 1506 1962 morum
1534 1937 1666 1970 qualitate
1692 1937 1736 1966 di-

948 1976 1022 2000 ceret
1035 1973 1116 2001 sitam
1130 1975 1347 2011 collocatamque
1359 1977 1427 2010 fore,
1441 1978 1464 2005 is
1477 1986 1532 2006 non
1553 1988 1668 2015 prorsus
1679 1982 1735 2010 for-

949 2018 1019 2045 sitan
1036 2019 1183 2048 aberraret.
1201 2021 1236 2048 Ut
1259 2023 1488 2057 quemadmodum
1515 2034 1587 2053 nunc
1616 2028 1733 2062 quadam

948 2063 1145 2091 elementorum
1158 2065 1186 2092 in
1202 2066 1283 2094 nobis
1294 2069 1444 2097 mutatione
1455 2069 1612 2099 differentes
1625 2072 1651 2099 in
1664 2081 1735 2101 uno—

948 2116 1056 2143 quoque
1073 2113 1152 2138 notas
1167 2110 1315 2146 impressas
1332 2113 1482 2148 cernimus,
1507 2120 1588 2151 prout
1617 2117 1734 2153 alicujus

105 2157 190 2192 μένου
200 2164 230 2182 τε
241 2156 288 2182 καὶ
297 2155 487 2191 χρωννυμένου
500 2154 546 2181 τοῦ
555 2153 625 2181 κατὰ
637 2154 685 2189 τὴν
703 2154 808 2189 μορφὴν
824 2153 895 2179 ἰδιώ-

948 2162 1042 2182 eorum
1057 2155 1160 2190 majore
1172 2157 1313 2185 minorere
1341 2160 1429 2194 copia,
1456 2162 1567 2197 propria
1600 2164 1733 2199 cujusque

106 2211 192 2238 ματος
201 2210 210 2218 ·
223 2201 294 2228 οὕτω
306 2210 352 2236 μοι
368 2202 440 2228 δοκεί
453 2201 486 2227 τὰ
505 2200 686 2227 εἰδοποιοὖντα
699 2199 759 2226 τότε
771 2200 820 2235 τὴν
833 2200 898 2227 ὲκά-

104 2257 169 2275 στου
190 2247 296 2283 μορφὴν
308 2247 339 2273 οὺ
353 2246 440 2273 ταῦτα
452 2247 485 2273 τά
502 2247 620 2281 στοιχεῖα
635 2245 768 2280 γίνεσθαι,
779 2245 846 2272 ἀλλὰ
862 2245 897 2272 τὰ

102 2294 155 2329 τῆς
174 2293 300 2328 κακίαςῆ
317 2293 368 2327 τῆς
392 2292 493 2328 ἀρετῆς
513 2291 654 2326 ἰδιώματα,
670 2287 707 2318 ὦν
723 2292 740 2327 ἡ
752 2290 816 2318 ποιὰ
829 2291 896 2327 πρὸς

104 2339 208 2375 ἄλληλα
222 2340 305 2375 μίξις,
321 2339 338 2374 ἢ
356 2338 441 2370 οὕτως
452 2338 469 2374 ἢ
479 2338 579 2373 ἑτέρως
596 2337 626 2364 τὸ
640 2335 709 2387 εἷθρς
724 2337 895 2387 rapa-ouanti.-

105 2387 148 2418 ζει
175 2384 433 2421 χαρακτηρίζεσθαι.
456 2382 518 2410 Οἴον
532 2384 563 2419 δή
575 2392 601 2410 τι
617 2383 710 2418 σχεδὸν
725 2383 772 2409 καὶ
790 2383 836 2410 ἐπὶ
847 2382 893 2409 τοῦ

105 2432 240 2468 παρόντος
256 2431 359 2465 γίνεται
378 2430 434 2465 βίου
447 2450 455 2462 ,
473 2430 536 2456 ὅταν
550 2429 674 2465 ἠέξωθεν
687 2428 734 2455 τοῦ
748 2428 893 2479 προσώπρυ

104 2477 226 2508 διάθεσις
244 2477 294 2512 τὴν
312 2477 341 2502 ὲν
363 2474 402 2510 τῷ
425 2474 539 2510 κρυπτῷ
559 2474 607 2508 τῆς
619 2473 707 2509 ψυχῆς
731 2473 894 2509 καταμηνύῃ

103 2522 235 2548 διάθεσιν·
248 2521 308 2547 ὅθεν
329 2520 428 2556 ῥᾳδίως
447 2519 664 2554 ὲπιγινώσκομεν
674 2519 719 2549 τόν
736 2527 765 2545 τε
778 2520 810 2555 τῇ
821 2518 895 2555 λύπῃ

104 2566 302 2602 κρατούμενον,
318 2565 365 2591 καὶ
374 2565 419 2591 τὸν
427 2563 465 2600 τῷ
481 2564 559 2600 θυμῷ
574 2564 775 2600 διανεστηκότα,
788 2565 834 2591 καὶ
850 2565 895 2591 τὸν

103 2613 134 2638 ἐν
147 2611 282 2646 ἐπιθυμίᾳ
307 2610 445 2646 λυόμενον·
459 2610 507 2637 καὶ
521 2611 553 2637 ἐκ
565 2609 612 2637 τοῦ
634 2610 764 2644 ἐναντίου,
781 2611 827 2637 τὸν
837 2619 895 2645 φαι⁴

102 2657 178 2693 δρὸν,
191 2657 238 2683 τὸν
252 2657 397 2694 ἀόργητον,
411 2655 502 2691 τδντῷ
512 2655 603 2692 σεμνῷ
616 2656 770 2692 χαρακτῆρι
783 2656 831 2691 τῆς
847 2665 894 2683 σω-

104 2703 244 2739 φροσύνης
260 2701 506 2738 καλλωπιζόμενον.

142 2794 162 2809 ιε
185 2791 236 2818 lsa.
259 2784 334 2823 x-m,
354 2791 395 2819 18.
436 2791 456 2806 "
473 2790 481 2817 l
497 2791 566 2817 Tim.
587 2798 616 2823 ll,
631 2789 678 2817 l5.

947 2200 1033 2228 forma
1051 2202 1181 2237 colorque
1197 2203 1326 2238 fingitur:
1359 2205 1396 2233 ita
1422 2214 1483 2241 quae
1500 2212 1565 2235 tunc
1595 2210 1733 2244 propriam

946 2247 1116 2282 singulorum
1139 2248 1254 2276 formam
1272 2250 1437 2285 exprimant,
1458 2260 1513 2280 non
1533 2254 1667 2281 elementa
1694 2255 1734 2282 fu-

945 2295 1007 2317 tura
1021 2291 1087 2324 sint,
1101 2293 1149 2319 sed
1167 2293 1294 2321 vitiorum
1309 2299 1356 2321 aut
1372 2295 1503 2323 virtutum
1520 2298 1644 2332 quaedam
1660 2298 1732 2326 inter

945 2345 975 2365 se
987 2338 1038 2365 hoc
1055 2339 1411 2369 autillomodocommisto:
1428 2350 1481 2377 qua
1493 2351 1623 2378 expressa
1638 2345 1734 2373 unius-

949 2384 1083 2419 cujusque
1118 2386 1222 2420 species
1237 2387 1388 2422 apparebit.
1404 2387 1489 2423 Cujus
1502 2390 1539 2416 rei
1555 2390 1644 2417 simile
1653 2391 1734 2426 quid»-

948 2429 1010 2456 dam
1038 2430 1233 2465 propemodum
1261 2431 1305 2458 hic
1332 2432 1415 2459 etiam
1434 2434 1560 2468 contigit,
1587 2442 1649 2461 cum
1677 2435 1734 2469 ipse

949 2475 1040 2502 vultus
1056 2475 1178 2502 intimam
1194 2476 1276 2503 animi
1302 2476 1472 2505 aﬂ'eclionem
1487 2478 1600 2514 indicat,
1611 2484 1640 2506 ιιι
1660 2479 1733 2506 hunc

948 2528 1066 2549 maerore
1077 2522 1161 2555 vinci,
1178 2522 1253 2549 illum
1275 2522 1364 2550 efferri
1393 2523 1545 2556 iracundia,
1571 2525 1654 2551 alium
1683 2524 1731 2550 ﬂa-

948 2575 1028 2602 grare
1040 2568 1199 2602 cupiditate,
1218 2573 1264 2595 aut
1277 2572 1372 2596 contra
1403 2570 1477 2597 hunc
1507 2574 1604 2597 natura
1629 2570 1730 2602 lmtum,

946 2613 1022 2641 illum
1050 2614 1160 2642 minime
1186 2614 1358 2647 iracundum,
1380 2615 1462 2642 alium
1488 2615 1585 2650 insigni
1614 2614 1730 2650 quadam

946 2660 1078 2688 modestia
1098 2660 1250 2696 praeditum,
1270 2659 1348 2687 facile
1365 2667 1575 2696 cognoscamus.
