1938 3082
97 116 152 145 5J7

803 114 846 143 DE
867 116 1031 144 MORTL‘IS.

1679 123 1730 151 538

98 174 199 202 Πενθεῖ
210 175 265 210 γάρ
281 174 317 207 ὡς
327 172 434 210 ἀληθῶς
450 174 464 201 ὀ
480 173 509 201 ὲν
522 175 695 211 συναισθήσει
712 175 765 202 τῶν
784 175 894 209 ἀγαθῶν

952 174 1023 201 Dolct
1035 176 1107 202 enim
1118 183 1148 203 ex
1163 175 1266 209 animo,
1282 183 1399 212 vereque
1411 177 1483 212 luget
1499 179 1522 206 is
1536 180 1581 214 qul
1600 179 1644 206 illa
1660 181 1730 207 bona

98 222 213 248 ἐκείνων
235 221 390 256 γενόμενος,
405 218 443 247 ὧν
466 221 665 248 ἀποπέπτωκεν
675 242 683 253 ,
698 221 893 257 ἀντιπαραθεὶς

98 267 150 302 τὴν
166 266 299 301 ἐπίκηρον
312 266 415 301 ταύτην
422 267 468 292 καὶ
481 266 609 302 ῥυπῶσαν
622 267 693 303 ζωὴν
715 267 748 303 τῇ
763 268 894 303 ἁκηράτῳ

100 312 193 348 ὲκείνῃ
212 312 402 348 μακαριότητι,
417 310 452 347 ἦς
464 313 493 338 ὲν
508 312 618 348 ἐξουσίᾳ
627 311 676 348 ἦν,
692 313 756 348 πρὶν
768 314 801 348 τῇ
817 313 893 345 ἐξου-

102 357 149 393 σίᾳ
164 358 205 389 εἰς
217 357 302 385 κακὸν
318 357 527 393 ἀποχρήσασθαι
547 365 554 371 ·
569 358 616 384 καὶ
627 358 681 393 ὅσῳ
697 357 779 384 πλέον
792 359 839 384 ἐπὶ
855 357 893 393 τῷ

101 403 215 438 τοιούτῳ
230 403 280 438 βίῳ
292 402 403 439 βαρύνει
419 403 449 429 τὸ
461 403 569 435 πένθος,
581 403 700 438 τοσούτῳ
717 404 815 438 μᾶλλον
833 403 894 430 ἐπι-

101 447 214 482 ταχύνει
235 447 323 482 ἑαυτῷ
334 447 383 482 τὴν
396 446 449 473 τῶν
466 446 639 482 ποθουμένων
659 447 770 480 ἀγαθῶν
786 447 892 482 κτῆσιν.

108 493 142 519 Ἦ
156 493 211 528 γὰρ
226 493 275 528 τῆς
286 492 331 518 τοῦ
347 492 430 519 κα.λοῦ
447 492 548 528 ζημίας
564 492 753 526 συναίσθησις,
769 493 818 528 τῆς
830 493 894 528 περὶ

103 537 135 564 ’τὸ
156 538 321 573 ποθούμενον
342 538 460 573 σπουδῆς
478 538 643 573 ὑπέκκαυμα
661 538 774 572 γίνεται.
789 538 894 564 Οὐκοῦν

104 584 198 619 ἐπειδή
215 584 268 619 πέρ
281 584 339 610 ἐστι
359 584 406 610 καὶ
423 585 556 619 σωτήριον
573 584 681 615 πένθος,
692 583 784 614 καθὼς
793 584 807 609 ὁ
817 583 894 618 λόγος

104 629 258 662 ὑπέδειξεν,
272 629 406 656 ἀκούσατε
416 630 442 656 οί
457 629 525 665 πρὸς
540 630 570 656 τὺ
585 630 635 664 τῆς
648 629 736 665 λύπης
751 629 835 661 πάθος
850 630 895 656 εὐ-

105 675 192 706 κόλως
208 675 433 711 καταφερόμενοι,
451 676 491 702 ὅτι
507 675 537 702 οὔ
561 675 701 710 κωλύομεν
724 675 773 711 τὴν
797 675 893 711 λύπην,

105 721 164 748 ἀλλ’
182 721 242 748 ἀντὶ
264 721 314 756 τῆς
338 722 565 757 κατεγνωσμένης
585 722 634 756 τὴν
657 721 761 757 ἀγαθὴν
775 721 894 757 συμϐου-

105 767 231 803 λεύομεν.
249 768 294 802 Μὴ
308 767 434 794 λυπεῖσθε
447 768 536 794 τοίνυν
551 767 600 803 τὴν
618 767 665 794 τοῦ
689 768 791 803 κόσμου
808 767 895 802 λύπην

105 812 158 847 τὴν
186 811 425 848 κατεργαζομένην
449 812 494 839 τὸν
521 812 651 845 θάνατον,
671 812 762 844 καθώς
787 814 894 848 φησινό

944 221 1110 253 considerat,
1143 229 1158 248 a
1180 222 1280 257 quibus
1305 223 1466 257 excidimus,
1496 225 1560 252 dum
1589 228 1726 254 mortalem

944 266 1023 292 istam
1042 273 1073 294 ac
1085 267 1223 294 sordidam
1242 268 1325 295 vitam
1347 273 1487 304 comparat
1505 278 1566 298 cum
1586 271 1728 299 imllmllnil

944 310 989 336 illa
1006 311 1183 343 reatitudine,
1199 320 1251 347 qua
1267 313 1420 348 potiebatur
1434 321 1579 350 antequam
1599 321 1731 351 potestate

944 357 976 384 ad
993 357 1092 384 bonum
1107 357 1275 389 abuteretur,
1293 364 1450 394 quantoque
1464 362 1549 396 magis
1565 362 1591 389 in
1607 363 1658 389 hac
1674 363 1730 389 vita

944 402 1078 437 ejusmodi
1095 403 1198 430 luctum
1223 404 1350 435 intendit,
1374 409 1450 432 tanto
1465 407 1582 434 Celerius
1605 408 1638 434 ad
1654 413 1732 442 optu-

945 450 998 473 tam
1016 446 1149 474 bonorum
1169 449 1369 482 possessionem
1391 449 1505 483 aspirat.
1518 450 1583 477 Nam
1601 452 1647 486 riui
1669 452 1729 480 boni

941 492 1078 526 jacturam
1093 493 1295 526 animadvertit,
1312 494 1345 521 ad
1368 495 1433 522 illud
1453 498 1667 530 recuperandum
1685 505 1731 523 ar-

944 538 1068 565 dentiore
1094 539 1186 566 studio
1202 539 1365 566 concitatur.
1380 539 1506 573 Proinde,
1529 549 1590 569 c‘Jm
1614 542 1732 569 salutaro

945 584 1053 616 lugendi
1070 592 1167 619 genus,
1184 589 1213 612 ut
1226 585 1407 619 ostendimus,
1431 587 1593 619 inveniatur,
1610 588 1732 614 animad-

945 631 1054 662 vertite,
1070 630 1134 665 quid
1151 631 1183 658 ad
1207 639 1351 658 mter-orem
1369 636 1396 658 et
1410 632 1510 659 luctum
1528 633 1595 661 estis
1613 641 1724 668 propert-

946 677 1044 709 siorcs,
1061 685 1111 704 nos
1138 684 1191 704 non
1212 677 1386 708 interdicere,
1403 686 1457 712 quo
1478 679 1569 706 minus
1595 680 1730 706 interemi:

945 727 972 750 et
988 723 1155 757 larrymetis,
1183 723 1230 751 sed
1252 724 1328 752 vobis
1353 726 1507 757 consulere.
1529 730 1558 752 ut
1586 733 1634 760 pro
1661 726 1733 751 malo

946 767 1127 802 datnnatmlue
1141 768 1215 796 luctu
1231 768 1332 796 honuni
1349 775 1377 798 ct
1389 771 1550 798 laudabiletn
1567 770 1733 804 coniplecta-

947 812 1024 838 mini.
1053 812 1145 847 Itaque
1176 814 1260 841 nolite
1289 815 1383 842 mundi
1414 815 1515 842 luctum
1540 815 1735 849 tristitiamque

113 843 284 889 ’A'rﬁo'tolo'c,
296 843 363 884 ἀλλά
381 843 430 893 την
452 858 521 885 κατά
540 857 615 890 Θεὺν,
628 843 662 894 ἧς
676 858 706 884 τὸ
719 843 804 894 πέρας
847 858 896 894 τῆς

952 843 1180 892 suscipere-qum,
1200 863 1230 886 ut
1245 859 1333 894 inquit
1349 860 1496 894 Apostolus
1508 860 1541 890 ",
1558 861 1654 886 mortis
1670 843 1734 886 cau-

107 902 197 937 ψυχῆς
214 902 272 928 ἐστι
299 903 429 939 σωτηρία.
453 902 489 929 Τὸ
505 903 559 938 γὰρ
576 903 638 938 εικῆ
662 903 709 930 καὶ
732 904 819 938 μάτην
840 905 896 935 τοῖς

109 948 320 983 κεκοιμημένοις
337 947 511 982 ἐπιχεόμενον
528 948 655 983 δάκρυον,
674 949 742 984 τάχα
754 949 800 975 καὶ
812 956 896 975 κατα-

109 993 228 1028 κρίσεως
243 993 328 1020 αἴτιον
353 993 456 1027 γίνεται
481 993 519 1028 τῷ
541 994 633 1026 κακῶς
660 994 843 1029 οἰκονομοῦντι
867 994 898 1020 τὸ

109 1038 255 1073 χρήσιμον.
274 1037 368 1073 Εἰγὰρ
382 1038 429 1064 ἐπὶ
447 1037 532 1072 τούτῳ
554 1038 679 1074 λυπηρὰν
695 1038 797 1073 ταύτην
808 1037 898 1064 διάθε-

111 1092 154 1109 σιν
169 1083 361 1117 ὲνετεκτήνατο
375 1083 408 1118 τῇ
425 1082 525 1117 φύσειό
540 1083 627 1110 πάντα
640 1084 669 1110 ὲν
682 1083 763 1119 σοφίᾳ
773 1084 897 1119 ποιήσας,

111 1129 156 1163 ἐφ’
168 1125 191 1162 ᾧ
204 1136 233 1155 τε
252 1129 398 1164 καθάρσιον
410 1130 459 1165 μὲν
471 1130 557 1165 αὐτὴν
571 1128 640 1156 εἶναι
655 1130 900 1166 προκατασχούσης

112 1171 231 1203 κακίας,
248 1172 352 1206 ἐφόδιον
374 1173 403 1199 δὲ
427 1173 476 1207 τῆς
501 1174 555 1200 τῶν
580 1174 765 1209 ἐλπιζομένων
791 1175 901 1208 ἀγαθῶν

115 1217 260 1251 μετουσίας
279 1226 286 1234 ο
305 1218 374 1254 τάχα
389 1219 403 1245 ὁ
423 1220 511 1254 μάτην
527 1221 574 1246 καὶ
593 1221 738 1255 ἀνωφελῶς
752 1222 854 1256 ὲκχέων
871 1222 901 1248 τὸ

113 1263 247 1298 δάκρυον,
261 1263 468 1300 διαϐληθήσεται
492 1265 531 1300 τῷ
556 1266 613 1301 ἰδίῳ
626 1266 754 1302 δεσπότῃ,
771 1267 842 1294 κατὰ
857 1266 903 1293 τὸν

114 1309 292 1343 εὐαγγελιχὸν
308 1309 397 1344 λόγον,
415 1311 453 1342 ὡς
476 1312 559 1343 κακὸς
576 1312 715 1347 οἰκονόμος
737 1313 902 1349 διασπείρων

114 1355 261 1390 ἀχρήστως
272 1356 317 1382 τὸν
334 1356 511 1384 πιστευθέντα
521 1357 644 1385 πλοῦτον.
664 1359 721 1385 Πᾶν
739 1360 794 1394 γὰρ
817 1359 848 1386 τὺ
859 1359 902 1386 ἐπ’

115 1400 212 1436 ἀγαθῴ
235 1401 419 1436 χρησιμεῦον,
435 1402 549 1435 πλοῦτός
571 1404 629 1430 ἐστι
652 1405 708 1435 τοῖς
732 1405 833 1440 τιμίοις
849 1405 903 1432 τῶν

117 1446 267 1482 κειμηλίων
276 1447 513 1482 ἐναριθμούμενος.
523 1450 560 1474 Οὐ
570 1449 638 1476 θέλω
649 1448 695 1476 οὖν
706 1450 778 1485 ὑμᾶς
786 1451 902 1484 ἀγνοεῖν,

945 909 1003 928 sam
1021 902 1108 934 alTert,
1133 903 1179 930 sed
1200 911 1260 930 eam
1284 904 1443 931 mmstitiam
1469 905 1578 936 sumite,
1605 912 1665 938 qua:
1681 903 1733 930 Dea

947 948 1045 981 placet,
1069 949 1147 980 cujus
1164 948 1225 976 linis
1241 953 1284 976 est
1308 950 1391 976 animi
1409 950 1494 976 salus.
1509 948 1615 976 Etenim
1639 949 1734 975 inanes

947 998 1102 1028 temereque
1123 994 1215 1022 effusa:
1239 1002 1287 1029 pro
1306 995 1444 1022 defunctis
1468 995 1593 1030 lacrymze
1621 994 1736 1021 fortasse

948 1045 1030 1064 causa
1045 1038 1231 1066 damnationis
1243 1043 1326 1066 erunt
1340 1039 1389 1071 illi,
1410 1040 1455 1074 qui
1475 1047 1503 1066 re
1518 1040 1639 1066 abutitur
1653 1039 1734 1066 borm.

947 1082 1015 1109 Nam
1046 1083 1069 1110 si
1098 1083 1202 1110 tristem
1229 1084 1306 1110 hanc
1328 1084 1412 1110 animi
1440 1084 1609 1112 affectionem
1634 1084 1736 1111 idcirco

950 1129 1030 1156 nobis
1048 1129 1161 1156 inservit
1187 1129 1210 1156 is
1237 1129 1284 1164 qui
1305 1133 1403 1156 cuncta
1430 1130 1568 1161 sapienter
1582 1131 1646 1165 egit,
1674 1134 1703 1155 ut
1721 1138 1735 1155 a

951 1174 1033 1206 malo,
1052 1174 1123 1209 quod
1148 1182 1199 1201 nos
1218 1175 1326 1208 invasit,
1351 1175 1485 1210 expiaret,
1509 1179 1534 1201 rt
1551 1175 1582 1202 ad
1608 1183 1638 1202 ea
1655 1175 1735 1205 honu,

951 1227 1011 1254 qua:
1026 1227 1180 1254 speramus,
1200 1219 1314 1246 fruenda
1334 1220 1492 1255 perduceret
1508 1229 1514 1247 :
1531 1220 1657 1255 lorte‘qui
1679 1220 1737 1246 l'ru-

952 1270 1009 1292 stra
1038 1270 1120 1300 alque
1135 1266 1253 1293 inaniter
1274 1266 1407 1301 lacrymas
1427 1266 1553 1298 futidnnt,
1572 1266 1739 1293 vocabuntur

951 1311 980 1338 in
993 1311 1097 1337 crimen
1112 1311 1183 1346 apud
1199 1311 1339 1338 dominum
1354 1320 1444 1342 suum.
1460 1317 1488 1338 ut
1505 1312 1592 1338 malus
1609 1312 1653 1339 ille
1670 1313 1740 1338 villi-

953 1364 1014 1388 cus,
1031 1357 1088 1391 qui,
1111 1360 1140 1383 nt
1159 1356 1184 1383 in
1203 1357 1348 1392 Evangelia
1369 1357 1483 1392 legimus
1495 1357 1529 1388 "’,
1550 1357 1660 1384 divitias
1688 1357 1739 1384 sibi

953 1402 1073 1429 creditas
1090 1403 1221 1430 inutiliter
1249 1403 1442 1438 dissipaverat.
1466 1403 1642 1437 Qtiarcnnque
1667 1403 1739 1430 enim

954 1448 987 1475 ad
1006 1449 1092 1475 honos
1107 1455 1174 1476 usus
1190 1449 1285 1476 referri
1305 1454 1427 1484 possunt,
1442 1449 1543 1476 divitiae
1560 1454 1623 1476 sunt
1637 1449 1664 1476 in
1681 1449 1741 1475 tlte-

117 1491 237 1525 ἀδελφοὶ,
250 1492 312 1527 περὶ
323 1492 376 1518 τῶν
390 1493 609 1528 κεκοιμημένων,
621 1493 705 1521 ταῦτα
714 1495 731 1521 ἃ
744 1496 900 1532 μεμαθήκα-

956 1492 1045 1519 sauris
1060 1493 1217 1521 ctelestihus
1232 1499 1407 1521 enumerata).
1423 1493 1492 1521 Nolo
1518 1494 1601 1529 igitur
1617 1494 1742 1528 ignorare

120 1544 182 1571 μεν,
200 1537 246 1563 καὶ
259 1537 285 1562 εί
296 1546 322 1563 τι
334 1537 397 1564 ἄλλο
412 1538 477 1573 πρὸς
489 1539 593 1571 τούτοις
607 1540 682 1575 παρά
693 1540 739 1567 τοῦ
749 1541 904 1577 Πνεύματος

119 1582 168 1608 τοῦ
180 1582 257 1616 ἁγίου
272 1584 328 1614 τοῖς
347 1583 522 1619 τελειοτέροις
542 1586 760 1613 ἀποκαλύπτεται
781 1587 903 1623 μάθημα,

120 1628 166 1654 [va
180 1628 217 1663 μὴ
232 1627 363 1663 λυπῆσθε,
377 1630 415 1660 ὡς
440 1631 486 1656 καὶ
500 1631 525 1656 οἱ
542 1631 629 1658 λοιποὶ
645 1633 669 1658 oi.
685 1632 721 1668 μὴ
738 1632 843 1668 ἔχοντες
864 1633 906 1660 ἐλ-

120 1674 196 1700 πίδα.
214 1675 309 1701 Μόνων
333 1675 387 1709 γάρ
401 1677 458 1702 ἐστι
481 1676 535 1702 τῶν
558 1678 679 1704 ἀπίστων
695 1679 725 1704 τὺ
738 1679 776 1714 τῷ
793 1679 906 1714 παρόντι

121 1719 173 1754 βίῳ
187 1719 235 1751 τὰς
249 1719 294 1745 τοῦ
312 1720 361 1756 ζῇν
383 1721 492 1752 ἐλπίδας
507 1723 682 1757 περιορίζειν,
699 1724 745 1750 καὶ
761 1723 805 1750 διὰ
827 1723 907 1750 τοῦτο

120 1767 263 1802 συμφορᾶς
277 1766 350 1799 ἄξιον
365 1767 501 1794 ποιοῦνται
515 1768 560 1794 τὸν
583 1768 706 1800 θάνατον,
721 1769 761 1796 ὅτι
772 1770 863 1801 αὐτοῖς
876 1770 908 1796 τὸ

121 1812 317 1847 πιστευόμενον
339 1813 404 1848 παρ’
418 1813 496 1848 ἡμῶν
522 1814 572 1840 οὐκ
591 1814 740 1846 ἐλπίζεται.
769 1815 863 1850 Ἡμεῖς
878 1816 907 1842 δὲ

120 1857 160 1892 τῷ
177 1858 287 1893 μεγάλῳ
298 1859 417 1894 ὲγγυητῇ
434 1859 483 1894 τῆς
499 1860 532 1886 ἐκ
545 1860 650 1895 νεκρῶν
670 1860 844 1892 ἀναστάσεως
861 1869 909 1887 πε-

120 1904 309 1936 πιστευκότες,
325 1904 398 1939 αὐτῷ
423 1905 461 1940 τῷ
475 1905 595 1941 Δεσπότῃ
613 1906 703 1941 πάσης
712 1907 762 1941 τῆς
783 1907 907 1938 κτίσεως,

119 1947 151 1980 ὃς
159 1948 205 1975 διὰ
213 1948 292 1975 τοῦτο
307 1949 353 1976 καὶ
365 1949 482 1976 ἀπέθανε
496 1951 542 1977 καὶ
555 1951 664 1986 ἀνέστη,
676 1951 719 1978 ἵνα
730 1951 770 1986 τῷ
784 1952 856 1987 ἔργῳ
864 1951 909 1978 τὸν

122 1994 188 2029 περὶ
199 1993 248 2028 τῆς
270 1995 441 2026 ἀναστάσεως
454 1995 531 2029 λόγον
559 1996 738 2031 πιστώσηται,
756 1998 909 2032 ἀναμφιϐό-

121 2040 176 2071 λως
188 2039 293 2076 ἔχωμεν
306 2039 359 2066 τῶν
382 2041 491 2075 ἀγαθῶν
506 2042 556 2075 τὴν
574 2041 678 2072 ἐλπίδα,
691 2040 724 2078 ἦς
740 2043 878 2077 παρούσης
892 2043 908 2078 ἡ

122 2085 171 2112 ἐπὶ
189 2087 245 2116 τοῖς
258 2085 460 2120 κατοιχομένοις
474 2084 546 2120 λύπη
566 2085 657 2120 χώραν
671 2086 720 2121 οὐχ
744 2086 809 2118 ἕξει.
829 2087 857 2113 ’0
882 2087 910 2114 δὲ

121 2130 190 2162 Θεὸς
205 2130 284 2165 ἡμῶν
304 2131 350 2156 καὶ
365 2130 465 2166 Κύριος
483 2130 584 2166 Ἰησοῦς
606 2131 731 2167 Χριστὸς,
749 2132 764 2158 ὁ
786 2141 911 2168 παρακα-

957 1544 1015 1570 vos,
1030 1538 1139 1569 fratres,
1155 1546 1215 1573 qua:
1232 1539 1265 1566 de
1281 1539 1315 1566 iis
1330 1539 1376 1574 qui
1393 1539 1572 1570 dormierunt,
1586 1539 1740 1568 didieinms,

955 1588 983 1611 et
995 1587 1017 1611 si
1034 1584 1098 1619 quid
1117 1589 1247 1619 prmterea
1268 1585 1386 1619 Spiritus
1404 1591 1522 1613 sanctus.
1534 1584 1744 1620 pet-rectioribus

956 1629 1095 1664 patefacit,
1125 1638 1157 1656 ne
1182 1630 1293 1657 tristitia
1332 1638 1502 1665 mceroreque
1521 1630 1687 1663 alli.-iamini,
1714 1635 1742 1655 ut

956 1675 1046 1702 caeteri
1071 1675 1117 1710 qui
1134 1682 1208 1710 spem
1226 1683 1279 1702 non
1302 1676 1412 1703 habent.
1428 1675 1483 1703 Soli
1496 1676 1580 1707 enirn,
1595 1675 1639 1710 qui
1659 1683 1672 1702 a
1689 1675 1741 1701 li.|e

957 1721 1036 1748 alieni
1066 1726 1138 1754 sunt,
1168 1721 1309 1756 praesentis
1328 1723 1389 1749 vit:e
1417 1721 1515 1748 finibus
1536 1721 1642 1748 vivendi
1667 1728 1742 1754 spem

957 1767 1106 1794 terminant
1123 1771 1150 1794 et
1165 1767 1407 1799 circumscribunt,
1432 1767 1548 1802 ideoque
1565 1771 1678 1793 utortem
1698 1767 1746 1792 de-

958 1813 1118 1848 plorandam
1147 1817 1254 1848 putant,
1281 1814 1353 1848 quod
1378 1821 1419 1845 ea,
1448 1821 1507 1848 quae
1525 1821 1574 1840 nos
1595 1812 1743 1843 crediturus,

959 1866 1013 1885 nott
1036 1862 1156 1893 sperant.
1174 1858 1230 1886 Nos
1248 1863 1349 1891 autem,
1372 1859 1418 1894 qui
1437 1866 1536 1894 magno
1564 1859 1749 1893 locupletique

958 1904 1171 1932 resurrectionis
1190 1911 1206 1931 ιι
1229 1905 1344 1932 mortuis
1364 1906 1491 1939 sponsori
1518 1905 1634 1939 vatlique
1657 1905 1748 1930 credi-

960 1957 1032 1980 mus,
1059 1948 1111 1984 ipsi
1136 1956 1227 1976 rerum
1246 1949 1369 1976 omnium
1398 1954 1602 1984 procreatarum
1622 1947 1750 1979 Domino,

960 1994 1007 2029 qui
1032 1994 1068 2021 ob
1092 1992 1120 2020 id
1144 1997 1270 2021 tnortuus
1295 1997 1337 2021 est
1358 1997 1386 2020 et
1403 1994 1562 2024 resurrexit,
1591 1997 1619 2019 ut
1644 2000 1673 2019 re
1689 1993 1750 2025 ipsa

961 2039 1171 2067 resurrectionis
1179 2039 1312 2066 rationem
1323 2038 1498 2066 confirmaret
1505 2043 1531 2065 et
1543 2039 1745 2074 comprobaret,

960 2090 1062 2113 certam
1073 2089 1155 2120 atque
1163 2084 1331 2119 exploratam
1347 2085 1480 2112 bonorum
1497 2092 1570 2117 spem
1584 2083 1748 2115 habeamus,

961 2138 1015 2166 qua
1039 2135 1174 2165 praesente
1193 2131 1282 2157 lucttts
1310 2130 1448 2157 ineorum
1466 2130 1552 2160 obitu,
1582 2130 1627 2163 qui
1644 2136 1677 2155 ex
1698 2130 1748 2156 hac

122 2176 179 2203 λῶν
191 2177 254 2207 τοὺς
267 2176 421 2208 ταπεινοὺς,
433 2177 614 2213 παρακαλέσῃ
632 2177 707 2212 ὑμῶν
724 2178 772 2209 τὰς
787 2179 899 2213 καρδίας

963 2175 1016 2203 vita
1027 2175 1171 2206 decedunt,
1197 2175 1301 2201 nullum
1319 2174 1428 2201 habebit
1445 2174 1544 2201 locum.
1569 2172 1639 2200 Deus
1655 2177 1748 2200 autem

122 2223 171 2248 καὶ
188 2221 302 2258 στηρίξῃ
316 2223 355 2253 είς
377 2222 425 2257 τὴν
439 2222 534 2249 ἑαυτοῦ
551 2223 661 2259 ἀγάπην
675 2223 718 2250 διὰ
742 2224 796 2250 τῶν
810 2226 911 2259 οἰκτιρ-

123 2267 186 2303 μῶν
204 2267 302 2299 αὑτοῦ,
320 2268 360 2294 ὅτι
383 2267 457 2303 αὐτῷ
472 2269 488 2303 ἡ
504 2268 567 2300 δόξα
587 2269 627 2300 είς
654 2270 717 2300 τοὺς
738 2269 839 2301 αἰῶνας
858 2271 911 2296 τῶν

122 2313 242 2341 αἰώνων.
265 2314 359 2349 Ἀμήν.

161 2485 184 2502 ¹¹
198 2486 219 2513 ιι
233 2485 297 2513 Cor.
315 2494 362 2520 vn,
381 2487 421 2514 lt).

460 2488 482 2502 ²⁰
496 2487 560 2514 Luc.
578 2496 631 2520 λιι,
653 2489 675 2520 ι,
696 2497 757 2523 sqq.

965 2225 1068 2253 noster,
1084 2220 1216 2248 Dominus
1229 2220 1309 2248 Jesus
1323 2219 1460 2251 Christus.
1477 2220 1522 2254 qui
1540 2219 1655 2246 amletus
1669 2223 1751 2253 atque

967 2266 1082 2293 humiles
1105 2265 1272 2298 consolatur,
1292 2265 1449 2292 consoletur
1462 2264 1567 2291 animos
1588 2268 1704 2295 vestros,
1723 2267 1752 2289 rt

966 2310 1154 2338 misericordia
1164 2310 1384 2345 benignitateque
1394 2316 1442 2336 sua
1451 2317 1499 2336 vos
1508 2308 1540 2335 ad
1550 2316 1579 2335 se
1587 2307 1752 2343 diligendum

966 2357 1114 2384 inﬂammet
1129 2361 1210 2391 atque
1221 2351 1390 2387 corroboret,
1404 2356 1531 2390 quoniam
1546 2354 1597 2390 ipsi
1609 2358 1650 2381 est
1665 2353 1753 2389 gloria

966 2403 993 2429 in
1010 2402 1108 2429 saecula
1123 2401 1294 2429 steculorum.
1307 2401 1404 2428 Amen.
