1938 3082
83 121 132 145 541

726 117 867 145 CONTRA
888 118 1110 147 MANICILIEOS.

1671 120 1724 148 542

495 195 1697 212 W

740 275 854 318 ΤΟΥ
894 275 1083 318 ΑΥΤΟΥ

404 369 614 426 ΚΑΤΑ
656 371 1098 428 ΜΑΝΙΧΑΙΩΝ
1146 367 1409 427 ΛΟΓΟΣ

89 476 207 503 Δώδεκα
221 473 448 509 συλλογισμῶν,
466 472 512 500 ὅτι
530 473 564 500 τὸ
579 474 683 506 κακὸν,
699 474 833 515 saetiger
912 475 1058 515 γεγηητὸν
1075 473 1123 501 καὶ
1141 474 1344 508 ἀνύπαρκτον,
1361 475 1410 502 καὶ
1423 476 1439 502 ὀ
1454 475 1560 504 τούτου
1575 477 1609 504 δὲ
1625 481 1724 515 πατὴρ

706 509 845 542 διάϐολος
868 510 923 535 οὐκ
935 509 1107 544 ἁγέννητος.

769 640 1039 686 EJUSDEM

341 750 631 809 CONTRA
710 747 1147 805 MANICHZEOS

1217 748 1485 806 ORATIO

90 866 185 894 Decem
198 869 321 894 constans
340 864 510 901 syllogismis,
525 873 576 900 qua
585 861 844 901 probatur.__ll_alttm
862 860 1031 901 corruptibili:
1050 869 1106 888 esse
1129 865 1153 886 et
1169 865 1293 901 creatum
1312 865 1336 887 et
1355 869 1407 888 non
1428 859 1584 894 subsistens,
1615 862 1724 898 ejusque

600 904 700 934 patrem
717 897 851 924 diabolum
870 897 1015 923 increalum
1029 904 1080 923 non
1099 904 1153 923 esse
1166 896 1214 929 (ll.

129 1058 162 1084 Εἴ
172 1067 200 1084 τι
213 1056 246 1084 ἆν
260 1056 344 1084 κακὸν
355 1076 362 1088 ,
379 1054 522 1082 κολαστέον
532 1062 539 1070 '
562 1053 637 1081 οὐδὲν
655 1053 683 1079 δὲ
700 1050 878 1087 κολαζόμενον

967 1050 994 1077 Si
1017 1049 1082 1085 quid
1100 1050 1134 1077 sit
1151 1049 1262 1081 malum,
1277 1049 1443 1084 puniendum
1457 1054 1498 1076 est
1519 1058 1525 1076 :
1547 1050 1613 1076 nihil
1632 1054 1721 1077 autem

91 1101 239 1139 ἄφθαρτον.
255 1102 337 1129 Οὐδὲν
353 1101 406 1136 ἄρα
420 1100 505 1127 κακὸν
519 1099 666 1135 ἄφθαρτον.

127 1191 210 1218 Οὐδὲν
227 1190 343 1227 φθαρτὸν
358 1189 503 1225 ἀγέννητον
515 1197 523 1205 ⁸
537 1189 594 1216 ἔστι
609 1189 638 1215 δὲ
651 1188 681 1214 τὸ
700 1187 783 1214 κακὸν
797 1187 884 1222 φθαρ-

90 1235 148 1262 τόν.
165 1235 201 1262 Τὸ
217 1236 271 1271 ἄρα⁴
285 1235 370 1262 κακὸν
384 1235 433 1261 οὐκ
447 1235 604 1268 ἀγέννητον.

128 1279 212 1306 Οὐδὲν
228 1280 287 1306 κατ’
301 1279 394 1306 οὐσίαν
411 1279 494 1305 κακόν
504 1286 511 1294 ·
525 1277 565 1313 τῷ
578 1277 608 1304 τὸ
619 1277 704 1304 κακὸν
715 1277 790 1304 ποιὸν
803 1275 882 1303 εἶναι.

92 1325 176 1352 Οὐδὲν
191 1325 218 1351 δὲ
235 1324 310 1351 ποιδν
323 1324 410 1350 οὐσία.
431 1324 468 1350 Τὸ
482 1324 536 1358 ἄρα
551 1323 635 1350 κακὸν
651 1323 702 1350 οὐχ
717 1322 805 1349 οὐσία.

130 1411 223 1438 Πάντα
233 1410 267 1437 τὰ
278 1409 386 1437 ἐναντία
398 1409 520 1445 ἀλλήλων
532 1409 640 1445 φθαρτά
648 1419 655 1425 ·
666 1409 701 1436 τὰ
710 1409 738 1436 δὲ
751 1408 884 1444 ἁγέννητα

93 1457 158 1483 ὗντα
172 1456 203 1483 οὑ
218 1455 334 1492 φθαρτά.
350 1455 390 1482 Τὰ
407 1455 461 1491 ἄρα
479 1455 588 1482 ἐναντία
602 1455 653 1482 οὐκ
667 1455 803 1490 ἄφθαρτα.

130 1545 213 1572 Οὐδὲν
229 1545 374 1580 ἀγέννητον
391 1545 517 1580 τρεπτόν·
543 1544 674 1580 τρέπεται
690 1545 719 1571 δὲ
737 1545 766 1571 τὸ
782 1545 886 1578 ἀγαθον

95 1589 231 1626 κρατηθὲν
243 1589 295 1616 ὑπὸ
305 1590 351 1616 τοῦ
375 1590 469 1618 κακοῦ.
491 1590 527 1616 Τὸ
547 1590 602 1626 ἄρα
618 1589 719 1624 ἀγαθὸν
734 1590 784 1617 οὐκ
809 1590 887 1624 ἀγέν-

96 1642 187 1670 ιητον.

131 1680 169 1706 Τὸ
183 1680 328 1716 ἀγέννητον
342 1680 392 1706 οὐκ
415 1679 488 1707 ἔστιν
505 1680 647 1716 ὀρεκτικὸν
674 1681 776 1717 φθορᾶς
803 1691 885 1713 τινος,

934 1096 1006 1132 quod
1023 1095 1136 1130 punitur
1150 1094 1360 1129 ineorruptibile
1375 1098 1426 1122 est.
1444 1093 1514 1121 Nihil
1527 1095 1610 1129 igitur
1621 1095 1722 1122 malum

936 1147 978 1170 est
994 1141 1209 1176 incorruptibile.

970 1186 1041 1213 Nihil
1059 1185 1237 1220 corruptibile
1248 1188 1290 1212 est
1307 1184 1459 1212 increatum
1479 1194 1485 1212 :
1503 1186 1602 1212 malum
1632 1189 1722 1212 autem

933 1237 976 1260 est
989 1231 1176 1266 corruptibilc.
1192 1229 1263 1265 Ergo
1280 1230 1380 1257 malum
1397 1238 1452 1258 non
1465 1236 1506 1258 cst
1521 1231 1685 1257 incroatum.

969 1276 1041 1304 Nihil
1056 1275 1206 1304 secundum
1227 1275 1414 1303 substantiam
1435 1276 1536 1303 malum
1564 1280 1606 1303 est
1627 1285 1633 1303 :
1650 1275 1724 1311 quod

935 1323 1040 1350 malitia
1054 1323 1090 1350 sit
1107 1322 1236 1357 qualitas.
1255 1319 1334 1348 Nulla
1356 1329 1438 1357 porro
1456 1322 1575 1356 qualitas
1599 1325 1642 1349 est
1658 1322 1725 1349 sub-

935 1368 1048 1400 stantia,
1068 1367 1169 1394 malum
1187 1367 1270 1402 igitur
1286 1375 1339 1396 non
1355 1371 1397 1394 est
1412 1367 1578 1394 substantia.

970 1412 1067 1440 Omnia
1082 1412 1220 1439 contraria
1239 1419 1254 1438 ιι
1286 1420 1315 1439 se
1333 1411 1449 1439 invicem
1479 1416 1696 1447 corrumpuntur
1715 1419 1723 1438 :

935 1465 996 1491 qum
1008 1461 1098 1484 autem
1117 1456 1238 1484 increata
1252 1460 1328 1488 sunt,
1354 1464 1408 1484 non
1431 1461 1496 1484 sunt
1523 1458 1724 1494 corruptibilis.

936 1502 1006 1536 Ergo
1020 1502 1157 1529 contraria
1174 1509 1226 1528 non
1242 1505 1306 1529 sunt
1321 1501 1548 1536 incorruptibilia.

971 1547 1042 1574 Nihil
1063 1547 1217 1574 inereatum
1233 1546 1402 1573 immutabile
1422 1552 1464 1574 est
1480 1556 1487 1574 :
1513 1547 1614 1574 bonum
1632 1551 1724 1574 autem

937 1598 952 1618 a
969 1591 1040 1618 malo
1053 1595 1213 1625 superatum
1230 1594 1363 1617 mutatur.
1379 1589 1482 1617 Bonum
1506 1590 1588 1626 igitur
1604 1598 1659 1618 non
1680 1596 1723 1619 est

938 1636 1103 1663 increatum.

973 1681 1049 1715 Quod
1068 1682 1217 1708 inereatum
1234 1685 1286 1713 est,
1303 1689 1358 1707 non
1376 1685 1418 1708 est
1436 1681 1582 1714 ejusmodi,
1595 1686 1625 1709 ut
1638 1682 1725 1709 inter-

95 1725 157 1752 ουδέ
168 1733 198 1759 γε
215 1725 362 1760 φθαρτικόν
371 1734 378 1741 ·
394 1725 424 1752 τὸ
436 1725 465 1753 δέ
477 1735 508 1760 γε
525 1727 608 1753 κακὸν
621 1727 761 1763 ὀρεκτικὸν
774 1727 886 1762 φθορᾶς.

950 1731 1005 1754 tum
1030 1730 1149 1761 appetat,
1169 1729 1216 1752 ant
1240 1727 1380 1753 interitum
1406 1726 1504 1754 afferre
1526 1728 1630 1762 possit:
1650 1729 1724 1762 atqui

97 1769 135 1796 Τὸ
148 1769 202 1805 ἄρα
218 1769 301 1797 κακὸν
319 1771 369 1798 οὐκ
382 1771 539 1806 ἀγέννητον.

132 1859 166 1887 Αἱ
183 1859 253 1887 θεῖαι
266 1861 374 1896 Γραφαὶ
401 1862 461 1893 ταῖς
484 1861 611 1888 κολάσεσι
636 1861 830 1897 παραδίδοσθαι
855 1861 886 1887 οὐ

98 1906 159 1937 τοὺς
190 1906 285 1938 ἄλλους
312 1906 408 1942 μόνους
426 1908 545 1940 κακοὺς,
565 1907 633 1934 ἀλλὰ
662 1908 709 1934 καὶ
735 1907 816 1934 αὐτὸν
841 1907 886 1933 τὸν

97 1952 220 1979 διάϐολον
232 1952 340 1986 λέγουσι
353 1961 360 1967 ·
378 1953 432 1980 πᾶν
448 1953 476 1979 δὲ
497 1953 527 1979 τὸ
551 1953 658 1980 κολάσει
675 1953 886 1988 παραδιδόμενον

97 1999 214 2032 στρεπτόν
225 2007 231 2014 ·
248 1998 323 2025 οὐδὲν
336 1999 364 2025 δὲ
377 1988 492 2034 τρέπτδν
503 1998 750 2035 ἀγέννητον.οὺδὲν
766 1997 820 2032 ἄρα
833 1997 886 2024 τῶν

99 2042 194 2070 κακῶν
207 2043 364 2079 ἀγέννητον.

135 2088 196 2115 Τῶν
212 2089 246 2116 δι’
260 2089 319 2116 ὅλου
341 2089 553 2125 ἐναντιουμένων
564 2108 573 2121 ,
595 2089 670 2116 οὐδὲν
690 2089 788 2116 κοινόν.
806 2088 887 2115 Ὥστε

99 2135 176 2161 πᾶσα
189 2134 296 2170 ἀνάγκη
315 2135 346 2161 τὸ
370 2134 493 2171 [ἀγαθὸν]
521 2134 648 2170 ὑπάρχει,
676 2134 713 2169 μὴ
736 2133 765 2160 ὃν
779 2133 833 2168 ἄρα
856 2132 887 2158 τὺ

99 2177 196 2205 κακόν.

137 2224 195 2256 Πᾶς
209 2224 223 2250 ὁ
239 2223 357 2259 εὐλόγως
375 2223 536 2259 ὀρεγόμενος
566 2231 638 2255 τινος
657 2221 887 2257 ὲπιτετευγμὲνην

100 2269 158 2305 ἔχει
177 2270 227 2306 τὴν
241 2270 331 2305 ὄρεξιν
342 2289 350 2302 ,
403 2270 519 2304 εὐλόγως
533 2270 659 2306 ὀρέγεται
671 2276 677 2283 ·
695 2269 749 2296 τῶν
762 2268 888 2303 φθαρτῶν

100 2317 156 2352 ἄρα
168 2316 242 2343 ἐστὶν
255 2317 271 2352 ή
291 2315 373 2343 κακία
383 2324 391 2332 ν
407 2315 461 2343 τῶν
484 2315 611 2351 φθαρτῶν
625 2313 692 2342 οὖσα
705 2313 889 2349 ἀφανισθήσε-

99 2370 156 2390 ται.
175 2361 371 2398 Ἀφανιζομένη
387 2361 426 2393 δὲ,
437 2361 488 2388 οὐκ
503 2360 576 2388 ἐστιν
590 2360 747 2395 ἀγέννητος.

143 2447 303 2483 Ἀγέννητον
327 2448 358 2474 τδ
373 2447 474 2480 κακὸν,
491 2448 562 2474 κατὰ
587 2447 666 2482 φύσιν
683 2446 758 2482 αὐτῷ
773 2446 889 2482 ὑπάρχει

101 2494 132 2520 ea
146 2494 231 2521 κακὸν
245 2491 325 2521 εἶναι.
340 2494 433 2525 Οὐδεὶς
444 2494 473 2521 δὲ
489 2494 560 2521 κατὰ
573 2493 654 2528 φύσιν
669 2492 788 2527 ἐνεργῶν
802 2492 892 2527 ἁμαρ-

101 2539 196 2565 τάνει·
220 2538 252 2565 τὸ
281 2538 335 2574 ἄρα
362 2539 507 2574 ἀγέννητον
530 2539 579 2574 οὐκ
609 2539 770 2574 ἁμαρτάνει.
796 2537 833 2564 Τὸ
856 2537 892 2572 μὴ

102 2584 260 2620 ἁμαρτάνον
271 2584 320 2619 οὐχ
334 2584 458 2612 ὑπαίτιον
467 2593 474 2600 ·
488 2584 612 2616 ὑπαίτιος
626 2584 655 2610 δὲ
669 2583 821 2614 ὸΣατανᾶς.
836 2582 894 2609 Οὐκ

102 2630 158 2657 ἄρα
178 2629 336 2665 ἀγέννητον.

139 2765 178 2798 (l)
193 2765 356 2800 Fragmenta
368 2764 462 2792 113⁸68.
474 2765 605 2797 Gregorio
618 2764 697 2800 Nyss.
710 2765 891 2798 abjmlieanda

105 2799 258 2830 videntum
272 2799 491 2834 quamloquidem
526 2799 710 2835 intcgrar’nec
732 2801 786 2835 ullo
810 2801 892 2827 verbo

106 2839 212 2862 mutato
239 2835 268 2862 in
295 2835 365 2861 libro
392 2834 492 2861 Uulvmi
509 2834 585 2863 Alex.
615 2834 713 2862 Contra
732 2834 891 2863 Manirltwos

938 1771 1039 1799 malum
1057 1772 1197 1799 interitum
1216 1771 1330 1806 appetit.
1350 1771 1450 1798 Malunt
1468 1779 1533 1807 ergo
1550 1780 1604 1800 non
1622 1777 1665 1801 est
1681 1773 1724 1800 in-

938 1822 1071 1844 creatum.

976 1861 1122 1897 Suppliciis
1137 1861 1217 1895 plecti
1233 1867 1286 1888 nou
1317 1861 1386 1889 alios
1412 1866 1516 1889 tantum
1552 1863 1649 1896 malos,
1677 1863 1725 1890 sed

940 1906 1029 1941 ipsum
1047 1906 1185 1934 diabolum
1201 1906 1352 1942 Scriptum
1368 1915 1455 1935 sacra:
1472 1911 1627 1941 testantur;
1645 1908 1726 1943 quid-

940 1953 1004 1987 quid
1028 1956 1117 1979 autem
1137 1952 1272 1987 supplicio
1297 1953 1426 1986 plectitur
1444 1959 1486 1982 est
1509 1954 1642 1981 mutabile
1660 1954 1726 1981 nihil

941 2004 1023 2031 porro
1039 1997 1170 2024 mutabile
1184 1997 1335 2024 increatum
1349 2001 1401 2024 est.
1417 1997 1488 2024 Nihil
1502 1997 1585 2032 igitur
1599 2005 1632 2025 ex
1646 1998 1727 2026 malis

940 2042 1090 2068 increntum
1107 2046 1160 2070 est.
1575 2070 1577 2073 .

976 2086 1047 2114 Nihil
1065 2094 1211 2115 commune
1223 2091 1265 2115 est
1282 2087 1327 2119 iis,
1348 2095 1409 2122 quae
1433 2087 1542 2122 penitus
1567 2093 1630 2116 sunt
1658 2096 1725 2116 con-

940 2132 1036 2159 traria.
1059 2131 1151 2167 Itaque
1167 2133 1352 2160 necessarium
1383 2132 1495 2159 omnino
1518 2136 1580 2165 est,
1611 2137 1640 2160 ut
1664 2141 1725 2161 cum

941 2178 1042 2206 bonum
1057 2179 1182 2207 exsistat.
1201 2178 1226 2204 id
1242 2177 1316 2212 quod
1331 2177 1432 2204 malum
1452 2182 1495 2204 est
1509 2185 1562 2205 non
1582 2179 1708 2206 exsistat.

977 2223 1139 2258 Quicunque
1154 2231 1215 2250 cum
1234 2223 1340 2250 ratione
1357 2223 1460 2258 appetit
1474 2224 1623 2258 appetitum
1645 2232 1724 2252 suum

941 2269 1043 2303 expleri
1058 2276 1089 2295 ac
1102 2269 1194 2303 perﬁci
1214 2268 1297 2300 videt,
1313 2272 1449 2303 quati-nus
1468 2276 1530 2296 cum
1551 2269 1657 2296 ratione
1677 2277 1726 2304 ap-

942 2315 1027 2348 petit:
1043 2321 1105 2341 cum
1121 2317 1212 2341 autem
1230 2314 1447 2348 corruptibilium
1461 2315 1580 2348 appetitu
1602 2319 1727 2342 teneatur

943 2360 1056 2391 malitia,
1078 2360 1220 2387 delabitur.
1240 2359 1268 2387 Si
1287 2364 1378 2387 autem
1395 2360 1528 2393 deleatur,
1543 2369 1597 2388 non
1621 2365 1663 2388 est
1682 2361 1726 2387 in-

903 2413 924 2440 c
942 2409 1043 2432 creata.

979 2450 1131 2478 lncreatum
1147 2451 1170 2478 si
1188 2451 1223 2477 sit
1245 2451 1346 2477 malum
1371 2451 1522 2478 secundum
1541 2457 1677 2485 naturam,
1693 2460 1726 2479 eo

942 2496 1002 2530 ipso
1015 2495 1125 2523 exsistit
1141 2495 1214 2530 quod
1231 2496 1332 2523 malum
1356 2500 1410 2523 est.
1426 2496 1508 2531 Atqui
1535 2504 1615 2524 nemo
1628 2504 1726 2524 secun—

941 2543 1005 2569 dum
1022 2546 1145 2569 naturam
1160 2549 1244 2576 agens
1259 2545 1355 2576 peccat
1371 2542 1463 2576 :quod
1484 2549 1550 2577 ergo
1573 2542 1723 2569 increatum

941 2593 999 2620 est,
1014 2595 1070 2615 non
1090 2591 1203 2622 peccat:
1218 2587 1289 2622 quod
1307 2594 1360 2614 non
1381 2591 1487 2621 peccat.
1507 2594 1560 2613 non
1577 2590 1618 2613 est
1638 2586 1724 2612 obno-

942 2633 1016 2660 xium
1037 2632 1184 2667 supplicio.
1198 2631 1314 2659 Satanas
1328 2635 1417 2659 autem
1435 2635 1477 2658 est
1493 2630 1626 2665 supplicio
1637 2630 1726 2657 obno-

943 2678 1018 2705 xius.
1035 2677 1095 2705 Non
1109 2684 1175 2713 ergo
1188 2684 1232 2705 res
1246 2681 1286 2704 est
1303 2676 1434 2703 increata.

941 2764 1076 2792 contineri
1103 2764 1202 2792 detexi.
1230 2763 1351 2791 FESSLER
1378 2761 1469 2789 quit.
1499 2761 1574 2789 Patr.
1597 2759 1625 2791 1,
1654 2760 1726 2793 595,

940 2803 1049 2826 not.——-
1069 2798 1136 2826 Vide
1168 2798 1330 2833 Pnlrulogiw
1359 2796 1474 2830 liujuscc
1501 2802 1566 2824 tom.
1596 2794 1731 2828 XXXIX.

940 2835 992 2863 col.
1015 2834 1079 2862 l087
1095 2834 1126 2861 C.
