1938 3082
825 115 854 142 S.
868 116 887 142 ι,
894 112 1031 141 REGORII
1046 110 1193 139 NYSSENI

1237 184 1545 200 -ω
1266 188 1274 192 “
1304 187 1343 191 _
1350 187 1545 196 '—

656 295 769 338 ΤΟΥ
814 293 1003 336 ΑΥΤΟΥ
1056 290 1367 335 ΙῬΗΓΟΗῸΥ

838 395 1037 423 ΕΠΙΣΚΟΠΟΥ
1061 393 1198 422 ΝΥΣΣΗΣ

414 486 534 542 ΕΙΣ
552 486 709 542 ΤΗΝ
734 481 1027 542 ΕΑΥΤΟΥ
1065 477 1616 536 ΧΕΙΡΟΤΟΝΙΑΝ.

665 696 938 742 EJUSDEM
987 693 1364 745 S.GBEGORII

855 800 1009 829 EPISCOPI
1039 801 1060 828 N
1067 801 1186 829 YSSENI

563 900 638 957 IN
671 900 860 958 SUAM
899 898 1471 957 ORDlNATIONEM.

852 1013 894 1037 Fr.
906 1011 992 1036 Duca'o
1007 1008 1144 1041 interprete.

244 1169 283 1197 Ad
298 1178 347 1197 nos
359 1171 440 1198 etiam
454 1170 605 1206 spiritualis
620 1171 772 1200 instruendi
789 1172 907 1199 convivii
924 1180 984 1199 sors
1010 1176 1032 1204 Α

208 1220 235 1242 et
253 1216 371 1244 officium
398 1216 554 1244 devolutum
577 1223 629 1248 est,
656 1218 764 1246 tametsi
785 1218 875 1245 idonei
905 1219 995 1254 potius

209 1261 307 1291 εἰιιιιιμ,
334 1265 365 1288 ut
385 1261 534 1288 alienorum
560 1262 706 1297 participes
725 1263 823 1290 fiamus
849 1263 993 1295 bonorum,

209 1313 292 1338 quam
310 1311 338 1334 ut
355 1306 406 1340 ipsi
422 1311 514 1333 nostra
534 1307 691 1343 largiamur.
706 1307 839 1342 Equidem
855 1308 929 1335 omni
944 1316 996 1343 ope

209 1357 363 1386 conatuque
383 1353 522 1384 contendi,
541 1359 571 1380 ut
584 1354 618 1380 ab
630 1354 764 1387 ejusmodi
782 1354 932 1389 pendendis
947 1355 996 1381 tri-

211 1398 282 1424 butis
299 1401 410 1433 propter
427 1406 514 1425 meam
533 1399 559 1425 iu
574 1398 691 1426 dicendo
705 1400 847 1434 penuriam
866 1401 996 1428 immunis

209 1451 308 1475 essem,
330 1449 409 1478 prout
422 1445 504 1471 etiam
520 1444 572 1472 fert
587 1445 628 1472 lex
644 1445 778 1480 quaepiam
796 1446 994 1473 conviviorum.

211 1489 255 1516 Sic
279 1490 351 1516 enim
368 1490 459 1524 accepi
486 1490 621 1522 homines,
644 1492 690 1526 qui
707 1492 779 1518 lauta
801 1495 829 1519 et
852 1492 996 1527 magnifica

210 1535 298 1560 victus
314 1536 417 1561 ratione
429 1538 552 1566 utuntur,
568 1543 630 1561 cum
643 1536 836 1563 communibus
850 1544 997 1571 compran-

210 1579 321 1606 soribus
338 1580 465 1607 omnibus
492 1580 520 1607 in
537 1581 631 1607 orbem
653 1582 778 1608 convivia
794 1583 995 1614 instruxi-runt,

176 1625 182 1628 “
210 1626 234 1652 si
252 1626 313 1660 quis
327 1634 360 1652 ex
376 1633 491 1653 numero
508 1626 685 1653 convivarum
706 1627 742 1653 sit
757 1628 924 1662 angustioris
940 1628 996 1654 for-

211 1675 294 1702 tunae,
311 1671 405 1698 solitos
417 1679 479 1698 eum
503 1678 518 1698 a
538 1672 676 1699 communi
693 1673 814 1707 symbola
828 1674 995 1701 conferenda

211 1717 358 1743 immunem
381 1724 481 1743 mensa!
495 1717 599 1743 socium
615 1726 668 1744 non
691 1718 844 1752 repudiare.
865 1719 902 1746 Ita
922 1728 993 1754 quo-

211 1770 264 1796 quc
279 1762 408 1797 optabam
425 1762 484 1797 ipse
497 1762 626 1790 ditiorum
641 1764 729 1798 epulis
745 1768 875 1798 tauquam
889 1773 997 1793 mensa-

213 1815 272 1835 rum
301 1808 405 1834 asscela
423 1808 558 1835 adhiberi.
581 1807 694 1840 Quando
721 1813 810 1835 autem
839 1810 955 1838 eximius
971 1815 998 1838 et

1082 1170 1166 1199 Ἶιλοε
1187 1172 1232 1198 καὶ
1247 1171 1288 1206 ἐφ’
1300 1171 1372 1206 ἡμᾶς
1387 1171 1403 1206 ἡ
1420 1169 1469 1204 τῆς
1481 1170 1666 1204 πνευματικῆς
1687 1169 1836 1200 ἑστιάσεως

1048 1218 1211 1254 λειτουργία,
1222 1217 1348 1252 μετέχειν
1362 1217 1461 1253 μᾶλλον
1479 1216 1590 1251 ἑτέρων,
1610 1215 1625 1250 ἤ
1641 1216 1756 1247 ἑαυτοὺς
1767 1225 1835 1251 παρ-

1049 1264 1120 1300 έχειν
1147 1263 1246 1295 ἄλλοις,
1265 1263 1345 1294 ὄντας
1370 1262 1547 1297 ἐπιτηδείους.
1568 1262 1662 1288 Καίτοι
1687 1270 1718 1296 γε
1749 1261 1835 1295 ἔγωγε

1049 1311 1095 1337 καὶ
1112 1310 1250 1341 παντελῶς
1269 1309 1361 1343 ἠξίουν
1376 1308 1473 1342 ἀτελὴς
1488 1305 1556 1334 εἶναι
1576 1307 1629 1334 τῶν
1648 1307 1778 1334 τοιούτων
1795 1308 1827 1341 ςῖ»ι

1050 1363 1114 1391 ρων,
1126 1355 1169 1382 διὰ
1181 1355 1229 1390 τὴν
1243 1354 1290 1380 τοῦ
1302 1354 1390 1388 λέγειν
1401 1353 1505 1383 πενίαν,
1515 1353 1584 1379 κατά
1602 1361 1662 1379 τινα
1671 1353 1755 1387 νόμον
1769 1361 1820 1384 συιΙ
1829 1367 1836 1372 -

1049 1401 1168 1428 ποτικὸν.
1193 1400 1296 1426 Ἀκούω
1318 1400 1371 1435 γὰρ
1392 1399 1454 1430 τοὺς
1471 1399 1635 1434 ἁκροτέρους
1655 1398 1704 1433 τὴν
1720 1398 1836 1431 δίαιταν,

1050 1447 1114 1473 ὅταν
1129 1448 1160 1473 ὲκ
1183 1445 1306 1481 περιόδου
1331 1444 1371 1480 τῷ
1396 1445 1477 1479 κοινῷ
1500 1444 1627 1478 συσσιτίῳ
1646 1444 1696 1476 τὰς
1721 1443 1839 1479 εὐωχίας

1049 1490 1305 1526 παρασκευάσωσιν,
1317 1491 1343 1516 εἰ
1351 1499 1393 1522 τις
1407 1490 1439 1516 ἐκ
1458 1489 1504 1516 τοῦ
1516 1489 1664 1523 καταλόγου
1679 1489 1733 1516 τῶν
1747 1489 1838 1517 δαιτυ-

1051 1538 1139 1574 μόνων
1152 1536 1314 1571 πενέστερος
1327 1536 1381 1571 εἴη,
1392 1535 1487 1562 τοῦτον
1496 1535 1588 1570 κοινῆς
1603 1535 1738 1570 συνθήκης
1754 1535 1839 1568 ἀτελῆ

1051 1583 1206 1610 σύνδειπνον
1231 1582 1313 1617 ἔχειν.
1338 1581 1416 1608 Οὕτω
1439 1581 1486 1608 καὶ
1505 1581 1585 1613 αὐτὸς
1605 1581 1756 1616 ὲῦουλόμην
1779 1582 1839 1607 ἑπι-

1051 1629 1133 1660 σίτιος
1147 1626 1215 1654 εἶναι
1228 1628 1277 1662 τῆς
1293 1626 1348 1653 τῶν
1361 1625 1495 1653 πλουσίων
1506 1626 1623 1661 τροφῆς·
1641 1625 1699 1652 ἀλλ’
1714 1626 1807 1661 ἐπειδὴ
1824 1628 1839 1653 ὁ

1051 1674 1134 1705 καλός
1155 1682 1185 1700 τε
1205 1673 1251 1699 καὶ
1275 1672 1400 1703 πλούσιος
1416 1672 1549 1706 ἑστιάτωρ
1574 1667 1650 1701 οὗτος
1670 1670 1732 1697 οὐδὲ
1761 1671 1839 1706 ἡμῶν

1050 1720 1178 1754 φείδεται,
1193 1719 1330 1745 διακονεῖν
1352 1718 1380 1744 δὲ
1398 1718 1577 1753 προστάττει,
1591 1716 1645 1752 ὲρῶ
1660 1716 1730 1752 πρὸς
1745 1717 1837 1747 αὑτὸν,

1051 1765 1131 1795 Φίλε,
1145 1763 1262 1798 χρῆσόν
1270 1772 1320 1797 μοι
1333 1762 1392 1789 τῶν
1407 1761 1470 1789 σῶν
1484 1762 1579 1795 ἄρτων
1591 1769 1598 1776 ·
1613 1761 1712 1796 ἄρτους
1728 1761 1758 1788 δὲ
1768 1761 1845 1795 λέγω»

1050 1810 1099 1845 τὴν
1117 1809 1160 1836 διὰ
1178 1809 1232 1836 τῶν
1249 1809 1335 1843 εὐχῶν
1356 1808 1524 1844 συμμαχίαν,
1550 1807 1612 1838 Πῶς
1625 1807 1680 1842 γὰρ
1701 1807 1761 1834 ἔστι
1784 1808 1839 1838 τοῖς

213 1852 359 1887 opulentus
376 1852 419 1879 hic
434 1853 552 1882 convivii
577 1853 704 1880 dominus
731 1861 765 1880 ne
792 1854 872 1881 nobis
887 1854 996 1889 quidem

1051 1854 1244 1888 πνευματικοῖς
1257 1853 1361 1883 τούτοις
1374 1852 1479 1887 κηρίοις
1494 1852 1542 1887 τὴν
1556 1852 1638 1887 ἀκοὴν
1654 1851 1731 1886 ὑμῶν
1745 1852 1826 1887 ἑντρυ

214 1899 270 1926 vult
284 1905 406 1934 parcere,
423 1898 470 1925 sed
483 1902 510 1925 et
526 1897 683 1925 ministrare
697 1907 747 1926 nos
759 1899 854 1932 jubet:
870 1900 911 1927 sic
921 1907 998 1934 agam

213 1949 275 1969 cum
291 1942 348 1974 illo,
363 1941 465 1972 Amice,
483 1941 621 1968 commoda
640 1941 704 1968 mihi
721 1943 822 1977 aliquot
836 1950 869 1969 επ
883 1943 995 1976 panibus

215 1988 267 2015 tuis
281 1988 314 2020 '°,
335 1994 419 2022 panes
433 1991 523 2014 autem
552 1987 668 2022 appello,
685 1987 756 2022 quod
774 1988 899 2023 precibus
916 1989 1000 2016 fertur
1022 1999 1026 2004 η

215 2033 356 2061 auxilium.
376 2033 447 2066 Quid
470 2033 542 2060 enim
567 2033 664 2061 attinet
688 2041 769 2062 aures
794 2038 910 2066 vestras,
937 2042 999 2069 qua:

214 2078 401 2113 spiritualibus
429 2078 491 2106 istis
514 2078 584 2106 favis
612 2085 673 2106 sese
697 2079 879 2111 obiectarum,
904 2079 997 2115 jejuna

214 2131 355 2158 egenaquo
369 2124 494 2158 excipere
505 2124 647 2151 oratione?
663 2124 702 2150 Ac
722 2124 840 2153 fortasse
856 2125 953 2153 melius
969 2133 998 2153 sc

215 2170 322 2202 habeat,
343 2169 365 2197 si
380 2169 607 2204 quemadmodum
624 2170 651 2197 in
662 2171 796 2205 gymnicis
804 2172 1000 2199 certaminibus

215 2217 324 2244 illorum
348 2219 391 2244 est
415 2216 545 2249 stadium,
569 2217 615 2251 qui
633 2217 737 2245 viribus
751 2217 876 2252 eorpOris
899 2218 926 2245 in
947 2218 1000 2246 illis

215 2263 315 2293 valent,
335 2262 425 2289 caeteri
441 2269 505 2289 vero
518 2261 716 2289 decertantium
735 2262 802 2290 ﬁunt
819 2267 1000 2298 spectatores:

216 2308 252 2334 ita
276 2308 303 2334 iu
325 2307 378 2334 hoc
392 2307 535 2342 spirituale
554 2307 674 2334 stadium
702 2308 740 2334 illi
757 2309 819 2339 soli,
835 2309 882 2343 qui
899 2310 1001 2335 virtute

216 2355 374 2379 sanctorum
402 2359 434 2378 ac
458 2351 556 2379 robore
583 2352 695 2386 pollent,
726 2353 858 2380 adversus
883 2353 1001 2380 athletas

215 2397 347 2430 prodeant
367 2405 373 2422 :
401 2396 424 2423 si
441 2397 502 2430 quis
521 2401 611 2423 autem
628 2397 664 2423 sit
677 2404 710 2423 ex
728 2396 773 2426 iis.
795 2405 911 2432 quorum
929 2405 1000 2425 unus

215 2449 265 2476 ego
284 2448 355 2473 sum,
382 2441 427 2468 cui
452 2441 513 2468 cani
530 2441 585 2468 siut
609 2441 710 2475 crines,
740 2442 833 2469 fracta:
855 2446 944 2470 autem
966 2443 1001 2470 ob

214 2490 321 2513 :etatem
335 2486 418 2518 vires,
437 2487 552 2514 tremula
566 2486 649 2514 etiam
663 2491 690 2514 et
703 2487 826 2514 nonnihil
841 2487 1000 2516 claudicans

1051 1900 1185 1933 φὴσασαν,
1196 1898 1315 1934 πενιχρῷ
1329 1898 1375 1926 καὶ
1385 1897 1551 1933 πτωχεύοντι
1561 1897 1739 1930 δεξιώσασθαι
1750 1897 1841 1932 Mm);

1050 1944 1104 1971 Καὶ
1120 1945 1190 1979 τάχα
1210 1944 1300 1975 καλῶς
1317 1940 1399 1978 εἶχεν,
1413 1943 1445 1969 ἶν’
1455 1943 1548 1978 ὥσπερ
1565 1943 1610 1969 ἐπὶ
1629 1942 1683 1969 τῶν
1697 1942 1839 1975 γυμνικῶν

1049 1989 1176 2024 ἀγώνων·
1189 1989 1277 2024 μόνων
1294 1988 1348 2024 γὰρ
1363 1989 1417 2015 τῶν
1434 1988 1578 2023 ἰσχυόντων
1598 1988 1627 2014 ὲν
1645 1987 1760 2020 ἐκείνοις
1781 1987 1842 2014 ἐστὶν

1051 2035 1081 2062 τὸ
1099 2035 1214 2067 στάδιον,
1230 2035 1255 2062 οἱ
1269 2034 1297 2060 δὲ
1309 2034 1396 2061 λοιποὶ
1421 2033 1514 2061 θεαταὶ
1529 2033 1647 2068 γίνονται
1663 2033 1719 2060 τῶν
1739 2033 1839 2067 ἀγωνι-

1050 2081 1170 2116 ζομένων
1180 2089 1187 2096 ·
1204 2080 1276 2108 οὕτω
1289 2080 1335 2108 καὶ
1348 2081 1388 2112 εἰς
1400 2079 1429 2106 τὸ
1440 2080 1624 2114 πνευματικὸν
1639 2079 1720 2106 τοῦτο
1734 2080 1838 2107 στάδιον

1052 2126 1148 2161 μόνους
1155 2126 1216 2158 τοὺς
1225 2125 1396 2161 σφριγῶντας
1405 2125 1434 2152 ἐν
1442 2126 1474 2160 τῇ
1487 2124 1600 2160 δυνάμει
1609 2124 1663 2151 τῶν
1676 2125 1764 2159 ἁγίων
1774 2126 1838 2161 πρὸς

1050 2172 1112 2203 τοὺς
1135 2171 1285 2204 ἀγωνιστὰς
1306 2170 1469 2197 ἀποδύεσθαι
1483 2177 1491 2185 ⁴
1508 2171 1532 2196 ει
1549 2170 1577 2196 δέ
1598 2178 1640 2202 τις
1658 2170 1701 2206 εἴη
1719 2170 1774 2196 τῶν
1787 2168 1838 2201 οἷος

1050 2213 1146 2251 ὲγὼ,ᾦ
1162 2216 1242 2243 πολιὰ
1260 2216 1309 2252 μὲν
1324 2216 1340 2251 ὴ
1355 2215 1425 2250 θρὶξ,
1435 2215 1526 2251 νωθρὰ
1537 2215 1564 2241 δὲ
1582 2215 1634 2242 ὑπο
1646 2215 1693 2242 τοῦ
1707 2216 1806 2251 χρόνου
1821 2216 1836 2248 ἡ

1050 2263 1163 2298 δύναμις
1173 2283 1180 2294 ,
1193 2262 1345 2297 ὑπότρομος
1361 2261 1389 2288 δὲ
1413 2261 1459 2288 καὶ
1475 2261 1637 2293 ὑποσκάζων
1650 2262 1665 2287 ὀ
1678 2261 1768 2295 λόγος,
1783 2261 1838 2288 τοῦ·

1049 2317 1095 2335 τον
1107 2309 1153 2344 ὲᾷν
1170 2310 1225 2340 τοῖς
1238 2308 1331 2343 ἱδρῶσι
1347 2307 1402 2334 τῶν
1422 2306 1580 2340 ἀγωνιστῶν
1597 2307 1835 2342 ὲπευφραίνεσθαι.

1051 2351 1108 2377 υὺκ
1123 2349 1170 2377 οὖν
1186 2351 1348 2386 μηκύνωμεν
1364 2351 1438 2386 ὑμῖν,
1452 2350 1571 2384 ἀδελφοὶ,
1586 2351 1617 2377 τὸ
1633 2351 1836 2387 προοίμιον,ὲν-

1050 2397 1242 2433 ασχολούμενοι
1262 2397 1301 2432 τῷ
1323 2396 1441 2431 θαύματι
1465 2396 1520 2422 τῶν
1544 2396 1745 2432 προλαϐόντων.
1771 2397 1836 2430 Ἤδη

1051 2441 1244 2477 κεκορεσμένοι
1257 2440 1329 2474 ὲστὲ,
1345 2441 1395 2476 ήδη
1409 2441 1591 2476 ἐπλουτήσατε
1604 2449 1611 2456 ·
1625 2442 1639 2467 ὁ
1651 2441 1679 2467 δὲ
1693 2442 1775 2477 κόρος
1789 2442 1837 2468 ἀπὸ

1050 2485 1249 2520 γλυκασμάτων
1264 2484 1336 2512 ἐστίν
1355 2492 1362 2499 ·
1376 2485 1480 2516 τούτοις
1495 2485 1549 2520 γὰρ
1566 2485 1638 2521 ὑμᾶς
1659 2487 1673 2512 ὁ
1697 2486 1837 2521 προλαϐὼν

214 2533 315 2564 oratio,
330 2531 394 2559 huic
402 2532 586 2567 permittatur,
596 2536 626 2559 ut
635 2540 663 2560 se
677 2533 839 2559 athletarum
849 2534 998 2561 contentio-

1051 2531 1128 2565 λόγος
1143 2531 1292 2566 ὲτιθήνατο.
1306 2531 1382 2566 Τάχα
1397 2529 1443 2557 οὖν
1463 2531 1597 2566 ἄχρηστον
1614 2532 1694 2567 κόρον
1709 2532 1836 2558 ἐπέϐαλλε

215 2578 298 2606 nibus
310 2579 466 2613 spectandis
480 2578 604 2606 oblectet,
624 2578 662 2606 Ne
676 2579 758 2614 igitur
781 2579 887 2614 longius
910 2579 998 2611 vobis,

216 2625 325 2655 fratres,
353 2624 489 2651 sermonis
516 2625 658 2651 exordium
695 2624 905 2658 protrahamus,
937 2632 1000 2652 cum

216 2669 339 2697 mirilicis
352 2676 446 2696 eorum
463 2670 508 2704 qui
525 2675 588 2698 ante
613 2678 662 2697 nos
677 2670 806 2697 dixerunt
828 2670 999 2698 orationibus

215 2721 326 2748 operam
341 2714 484 2745 dederitis;
508 2714 568 2742 Jam
591 2716 706 2744 saturati
726 2716 810 2748 estis,
827 2715 883 2750 jam
901 2715 999 2744 divites

217 2760 280 2787 facti
295 2761 376 2795 estis;
393 2770 408 2789 a
421 2763 504 2791 rebus
518 2763 619 2799 quippe
634 2763 762 2792 dulcibus
782 2764 893 2791 satietas
908 2763 998 2799 gigni-

253 2845 277 2862 ”
309 2847 375 2874 Luc.
391 2855 427 2882 xu,
444 2848 473 2875 Ii.

1053 2578 1126 2613 κόρῳ
1136 2577 1228 2604 ὲπάνω
1239 2577 1292 2603 τῶν
1304 2576 1410 2612 χρυσῶν
1425 2576 1520 2611 λήγων,
1537 2574 1592 2603 οἷόν
1605 2585 1660 2603 τισι
1675 2577 1837 2612 μολυϐδίνοις

1054 2623 1200 2658 νομίσμασι
1215 2622 1265 2657 τὴν
1283 2623 1392 2658 μνήμην
1406 2622 1613 2658 ἐπιφορτίζοντα
1623 2630 1629 2636 ”
1641 2623 1712 2658 πλὴν
1723 2623 1765 2650 ὅτι
1780 2631 1836 2649 συν-

1054 2668 1126 2694 τελεῖ
1142 2668 1271 2700 πολλάκις
1288 2669 1327 2699 si;
1347 2668 1505 2703 συνέργειαν
1516 2667 1629 2700 κάλλους
1646 2668 1694 2694 καὶ
1715 2669 1731 2703 ἡ
1746 2668 1836 2704 χείρων

1055 2714 1105 2749 ὖλη
1121 2714 1319 2749 καταμιχθεῖσα
1337 2714 1369 2748 τῇ
1394 2713 1542 2748 κρείττονι,
1559 2713 1640 2747 ἐγγὺς
1662 2713 1679 2748 ὴ
1696 2713 1835 2745 ἀπόδειξις.

1060 2761 1141 2796 Ὁρᾷς
1162 2759 1207 2786 τὸν
1229 2760 1299 2795 ὑπὲρ
1320 2758 1439 2793 κεφαλῆς
1460 2757 1555 2784 τοῦτον
1572 2757 1686 2793 ὁρυφον,
1700 2758 1740 2790 ὡς
1762 2757 1838 2788 καλὸς
