1938 3082
112 106 167 134 ῗιίῖι

717 108 749 135 ΙΝ
770 109 810 137 SU
816 109 864 136 ΛΜ
893 110 1150 141 ΟῐὶῦΙΝΑἹῚΟΝΕΜ

1697 119 1750 146 Sili

115 167 192 195 ἰδεῖν,
204 164 242 196 ὡς
253 163 391 199 γλαφυρὸς
406 164 465 195 ταῖς
477 163 591 198 γλυφαῖς
607 163 719 191 ἐπανθεῖ
730 164 761 191 τὸ
775 165 885 200 χρυσίον
898 175 905 199 ;

959 171 1019 194 tur:
1037 169 1137 203 quibus
1154 170 1283 197 nimirum
1295 179 1344 199 vos
1355 173 1463 202 abunde
1476 176 1632 210 prtecedens
1643 182 1746 207 tracta-

113 209 199 241 Οὗτος
216 211 330 245 χρύσεος
344 208 381 236 ὢν
393 209 453 241 ὅλος
467 209 515 245 τὴν
540 210 709 244 ἐπιφάνειαν,
725 210 834 242 κύκλοις
850 212 904 238 τισὶ

116 255 291 289 πολυγωνίοις
310 255 400 290 κυανῷ
425 255 649 292 διακεχρισμένος
672 255 905 290 ὑποκεχάρακται.

114 303 147 329 Τί
161 300 208 328 οὖν
222 300 344 336 βούλεται
357 301 397 337 τῷ
410 301 517 337 τεχνίτῃ
533 303 548 336 ἡ
566 301 676 334 κυανόςς
699 301 742 333 Ὧς
755 301 798 333 ἂν,
814 299 906 336 οἶμαι,

114 348 154 383 τῷ
177 348 365 375 ἐναλλάσσοντι
389 347 439 379 τὰς
451 348 536 382 χρόας
551 347 875 383 ἀντιπαραθεωρούμενος
891 349 905 375 ό

115 394 214 429 χρυσὸς
228 394 309 420 πλέον
326 393 470 428 ἐκλάμποι.
485 391 516 420 Εἰ
532 391 578 420 οὖν
592 394 608 429 ὴ
624 393 722 425 κυανὸς
741 394 906 429 ἑμμιχθεῖσα

115 440 154 474 τῷ
169 438 259 474 χρυσῷ
275 439 520 474 περικαλλεστέραν
536 440 584 473 τὴν
603 439 690 474 αὐγὴν
705 439 904 472 ἀποδείκνυσιν,

114 486 164 511 οὐκ
177 485 290 520 ἄκαιρον
312 485 377 516 ἴσως
393 486 425 519 τῇ
449 484 601 520 λαμπηδόνι
618 484 673 510 τῶν
695 484 905 520 προρρηθέντων

115 530 201 564 λόγων
223 530 270 556 καὶ
298 529 347 564 τὴν
373 528 511 564 ἡμετέραν
535 528 750 564 παραγραφῆναι
775 528 903 563 μελάνην.

117 577 177 602 Ἐτι
203 576 266 611 ὑμῖν
291 575 320 601 ὲν
344 574 495 610 προοιμίοις
519 574 727 610 ἀδολεσχοῦμεν,
745 574 802 600 ἀλλ’
823 574 905 601 ἀκού-

115 630 191 648 σατε.

959 216 1003 239 tus
1012 214 1153 241 enutrivit.
1167 215 1259 249 Itaque
1269 216 1325 250 jam
1339 218 1406 245 nihil
1420 219 1494 247 aliud
1508 221 1624 250 fortasse
1636 230 1742 260 agetur,

959 265 1041 292 quam
1058 263 1087 285 ut
1105 259 1218 287 satietas
1229 261 1350 289 satietati
1367 263 1522 298 adjiciatur,
1540 275 1571 294 ac
1585 270 1666 297 veluti
1684 275 1744 305 post

959 311 1057 331 aureos
1072 312 1213 334 sermones
1226 311 1387 335 memoriam
1410 317 1526 339 vestram
1542 314 1676 348 plumbeis
1692 325 1744 343 nu-

960 349 1131 378 mismalibus
1159 359 1323 387 oneremus;
1354 355 1406 382 nisi
1426 355 1504 389 forte,
1522 361 1649 393 quoniam
1671 370 1742 397 swpe

959 395 1084 422 nonnihil
1099 396 1131 423 ad
1154 398 1355 426 conciliandam
1386 401 1613 435 pulchritudinem
1636 395 1743 434 confert

959 441 1040 468 etiam
1056 442 1170 469 materia
1190 443 1309 471 deterior
1324 445 1439 474 admista
1456 449 1560 476 meliori
1572 470 1578 480 .
1605 452 1684 486 cujus
1703 454 1741 480 rei

959 486 1158 514 demonstratio
1184 496 1237 515 nou
1265 490 1342 525 longe
1360 493 1413 526 peti
1445 497 1543 528 potest.
1569 494 1648 525 Vides
1672 497 1741 525 hanc.

957 532 1234 565 concameratioucm,
1248 542 1308 568 quae
1324 537 1461 570 capitibus
1477 539 1579 567 nostris
1597 541 1742 569 imminet?

957 582 1037 609 quam
1063 575 1176 609 pulchra
1205 578 1241 605 sit
1256 579 1397 614 adspectu,
1424 589 1505 616 quam
1534 583 1636 611 aﬁabre
1662 585 1741 613 factis

957 620 1104 655 sculpturis
1120 630 1216 650 aurum
1229 624 1460 660 intersplcndeat?
1474 627 1536 656 llaec
1550 636 1611 656 cum
1629 634 1683 657 tota
1701 631 1740 657 vi—

114 668 213 694 deatur
227 675 320 698 aurea,
346 667 459 694 circulis
474 666 638 702 quibusdam
654 667 801 693 multorum
817 667 978 702 angulorum
995 670 1119 697 cmi-oleis
1154 672 1225 705 picta
1257 668 1443 708 distinguitur.
1481 675 1622 708 Quodnam
1660 678 1742 712 igitur

115 714 166 740 luit
192 713 336 741 consilium
364 713 489 744 artiﬁcis.
515 713 580 740 dum
606 713 752 740 caeruleum
781 714 900 741 colorem
922 713 1222 750 adjecitiutel'ﬁcerct,
1237 719 1344 753 opinor,
1367 720 1431 746 dum
1456 722 1563 749 colores
1588 723 1740 754 variantur,

114 763 144 784 ut
167 766 264 786 aurum
287 759 365 786 alteri
387 759 516 785 collatum
542 758 678 786 illustrius
697 757 847 794 eﬁ‘ulgeret.
872 758 901 785 Si
921 766 988 794 ergo
1000 760 1078 787 color
1089 762 1222 789 caeruleus
1249 763 1385 792 immistus
1400 772 1467 792 auro
1498 765 1584 793 efﬁcit
1614 772 1643 794 ut
1657 767 1742 795 multo

112 805 255 840 pulchrior
267 804 327 839 ejus
340 803 471 839 splendor
481 803 600 836 emicet,
622 810 676 830 non
701 802 917 836 incommodum,
933 804 1043 838 opinor,
1068 804 1169 838 fuerit,
1185 806 1208 833 si
1231 806 1287 841 jam
1312 810 1549 843 pronuntiatorum
1584 818 1740 840 sermonum

114 852 213 886 fulgori
243 856 398 879 nostrorum
429 851 506 879 color
539 851 584 879 hic
614 850 692 886 niger
724 851 902 886 appiugatur.
922 850 1019 878 Adhuc
1040 854 1180 887 prooemiis
1199 855 1300 889 garruli
1328 863 1376 884 vos
1413 856 1580 891 detinemus,
1611 859 1659 886 sed
1694 866 1744 886 au-

113 898 182 924 dile.

157 941 261 968 Ἀκούω
281 941 400 969 Μωῦσέα
416 941 462 968 τὸν
481 941 566 977 μέγαν
578 960 585 972 ,
601 941 644 968 ὅτε
667 939 716 975 τὴν
734 941 835 975 σκηνὴν
850 941 906 972 τοῖς

993 939 1118 975 Magnum
1137 941 1211 967 illum
1233 941 1351 978 Moysen]
1372 943 1465 976 audio,
1483 952 1538 978 quo
1561 948 1682 980 tempore
1699 949 1742 972 ta-

119 987 300 1023 Ὶσραηλίταις
316 988 461 1022 ἐπήγνυτο,
477 988 525 1013 καὶ
544 986 590 1012 τὸν
607 985 738 1020 Βεζελεὴλ
752 984 904 1017 ὲκεῖνον,ὂ;

115 1027 257 1064 ῘΙνεύματι
270 1032 335 1067 θείῳ
350 1032 399 1067 τὴν
413 1031 509 1066 σοφίαν
524 1031 602 1067 ἔσχεν
617 1032 666 1066 τῆς
681 1030 904 1065 ἀρχιτεκτονικῆς

113 1078 313 1109 αὐτοδίδακτον,
330 1079 405 1113 κοινῇ
431 1077 571 1113 προθεῖναι
586 1077 634 1112 τὴν
650 1075 804 1111 φιλοτιμίαν
823 1075 905 1101 πλου-

113 1124 185 1155 σίοις
198 1124 246 1150 καὶ¹
256 1123 365 1158 πένησι,
376 1123 430 1150 τῶν
442 1123 490 1158 μὲν
509 1122 641 1150 πλουσίων
653 1122 762 1158 χρυσὸν,
777 1121 825 1148 καὶ
837 1130 905 1157 πορ-

113 1170 204 1206 φύραν
224 1170 271 1196 καὶ
283 1169 347 1200 τοὺς
371 1169 478 1204 τιμίους
496 1170 551 1196 τῶν
569 1169 650 1196 λίθων
667 1168 838 1202 ἐκλέγοντας,
851 1167 905 1194 τῶν

112 1215 143 1241 δὲ
172 1215 296 1249 πενήτων
313 1214 379 1246 ξύλα
404 1214 452 1241 καὶ
470 1214 591 1250 δέρματα
608 1214 656 1240 καὶ
674 1213 724 1244 τὰς
749 1213 803 1239 τῶν
818 1213 904 1247 αἰγῶν

111 1260 211 1296 τρίχας
235 1260 285 1286 οὐκ
310 1259 520 1291 ἀποϐάλλοντας.
551 1259 620 1285 Ἀλλ’
644 1259 694 1285 οὐκ
718 1259 831 1293 ἄκαιρος
855 1259 905 1293 τῆς

115 1306 236 1341 ἱστορίας
252 1306 316 1337 ἴσως
329 1307 346 1341 ἡ
373 1306 466 1341 μνήμη
480 1313 486 1319 ·
503 1305 517 1331 ὃ
527 1305 581 1340 γάρ
596 1313 646 1340 μου
665 1304 715 1338 τὴν
730 1303 843 1339 καρδίαν
854 1304 904 1329 επ-

113 1353 217 1388 έδραμε
237 1352 342 1387 νόημα,
356 1351 484 1386 βούλομαι
496 1351 543 1377 καὶ
562 1350 599 1385 τῷ
618 1349 699 1385 κοινῷ
723 1348 903 1385 παραθέσθαι.

114 1398 256 1434 Πνεύματι
270 1397 334 1433 θείῳ
345 1398 359 1424 ὁ
369 1395 500 1432 Βεζελεὴλ
520 1395 600 1431 σοφὸς
613 1395 641 1428 ἐξ
659 1394 763 1422 ἰδιώτου
779 1394 886 1428 ἐγένετο
896 1401 905 1409 ⁸

113 1447 186 1473 οὕτω
199 1446 252 1482 γὰρ
267 1447 283 1481 ἡ
304 1445 407 1480 ἱστορία
423 1444 514 1479 φησίν.
540 1443 674 1470 Ἀκουέτω
688 1442 777 1469 τοίνυν
796 1442 810 1468 ό
823 1449 905 1468 πνευ-

116 1493 282 1528 ματομάχος·
296 1493 310 1518 ὁ
325 1491 395 1517 θεῖον
414 1490 499 1517 εἰπὼν
514 1489 545 1516 τὸ
561 1488 672 1524 Πνεῦμα
687 1488 718 1515 τὸ
735 1488 824 1522 ἅγιον,
837 1483 867 1513 οὖ
886 1487 903 1522 ὴ

113 1539 241 1570 ἐπίϐασις
253 1535 308 1564 οἷόν
321 1545 347 1564 τι
363 1537 434 1572 ἴχνος
445 1536 494 1571 τὴν
513 1535 562 1570 τῆς
576 1535 673 1569 σοφίας
689 1534 768 1570 χάριν
781 1534 814 1568 τῇ
832 1533 904 1568 ψυχῇ

114 1583 327 1619 ἐνσημαίνεται,
346 1581 400 1618 ἆρα
421 1581 581 1616 καθυϐρίζει
598 1582 632 1617 τῇ
653 1579 701 1607 τοῦ
724 1579 796 1606 θείου
822 1587 906 1614 προσ-

114 1629 216 1665 ηγορίᾳ
231 1629 279 1664 τὴν
300 1627 377 1661 ἀξίαν
401 1627 450 1654 τοῦ
477 1626 636 1660 Πνεύματος
651 1620 746 1660 ;⁷Λρα
761 1625 858 1660 μικρόν
879 1632 905 1650 τι

115 1675 165 1702 καὶ
178 1674 304 1702 ταπεινὸν
316 1674 379 1709 περὶ
393 1672 476 1700 αὑτοῦ
491 1673 560 1700 νοεῖν
573 1670 728 1699 ὑποτίθεται
740 1679 747 1704 ;
763 1670 796 1696 Τί
811 1670 865 1697 τῶν
878 1670 907 1695 ὲν

114 1722 150 1756 τῇ
169 1720 257 1747 κτίσει
277 1719 316 1756 τῷ
332 1719 444 1755 ὀνόματι
469 1718 557 1753 τούτῳ
579 1717 754 1752 σημαίνεται;
774 1715 820 1750 Μὴ
846 1715 908 1741 ἐπί-

115 1775 215 1802 κτητον
242 1766 328 1793 οἴεται
346 1765 385 1801 τῷ
416 1764 555 1799 Πνεύματι
574 1764 623 1798 τὴν
642 1762 757 1798 θεότητα
775 1771 782 1794 ;
800 1762 845 1797 Μὴ
869 1761 907 1788 δι-

115 1812 203 1848 πλόην
213 1811 273 1838 τινὰ
284 1812 331 1838 καὶ
344 1810 468 1838 σύνθεσιν
479 1809 544 1845 περὶ
555 1809 585 1835 τὺ
598 1808 697 1835 ἁπλοῦν
706 1807 752 1834 καὶ
763 1806 908 1834 ἀσύνθετον

114 1859 218 1889 ἐννοεῖ;
232 1857 302 1892 τάχα
316 1857 366 1884 οὐκ
384 1856 441 1883 ἔστι
455 1857 515 1887 ταῖς
530 1853 667 1886 τοιαύταις
683 1852 823 1884 ὑπονοίαις
842 1861 906 1878 συν-

114 1903 268 1939 ενεχθῆναι.
290 1903 360 1929 Ἀλλ’
377 1902 502 1936 ὁμολογεῖ
516 1901 625 1932 πάντως
640 1899 711 1926 θεῖον
729 1899 758 1926 ὃν
773 1898 804 1925 τὸ
818 1898 905 1924 Πνεῦ-

116 1958 156 1984 μα
176 1950 209 1984 τῇ
233 1948 313 1984 φύσει
334 1948 454 1975 τοιοῦτόν
466 1956 496 1974 τε
512 1944 582 1973 εἶναι
609 1945 656 1973 καὶ
669 1945 808 1980 λέγεσθαι.
825 1944 908 1980 Ὁρᾷς

114 1995 153 2025 ὡς
168 1993 328 2028 αὐτομάτως
350 1991 549 2019 ὲκκαλύπτεταί
570 1999 612 2018 σοι
627 1992 644 2026 ὴ
658 1990 790 2026 ἀλήθεια;
807 1988 907 2020 πολλὰς

117 2041 171 2076 γὰρ
188 2040 261 2072 Θείας
277 2040 373 2075 φύσεις
392 2039 422 2066 τδ
437 2039 491 2066 τῶν
514 2037 685 2074 Χριστιανῶν
697 2037 746 2064 οὐκ
765 2036 908 2062 ἐπίσταται

117 2087 249 2121 κήρυγμα
272 2092 279 2099 ·
297 2085 359 2112 ἐπεὶ
383 2085 490 2120 ἀνάγκη
517 2085 591 2111 πᾶσα
619 2083 666 2110 καὶ
690 2081 803 2112 πολλοὺς
831 2081 909 2112 θεοὺς

114 2131 344 2158 ἀναπλάττεσθαι.
356 2131 394 2157 Οὐ
410 2131 464 2167 γάρ
484 2131 542 2157 ἐστι
557 2129 668 2157 δυνατὸν
684 2128 797 2159 πολλοὺς
810 2126 909 2161 νοηθῆ-

115 2186 161 2204 ναι
172 2177 259 2209 θεοὺς,
276 2177 313 2212 μὴ
324 2177 373 2212 τῆς
387 2176 457 2203 κατὰ
469 2176 548 2211 φύσιν
560 2176 718 2211 ἑτερότητος
731 2173 762 2200 τὸ
774 2173 828 2200 τῶν
840 2172 909 2199 θεῶν

115 2224 219 2260 πλῆθος
234 2223 454 2258 διαγγελλούσης.
468 2223 500 2250 Et
513 2220 558 2249 οὖν
573 2223 621 2258 μία
636 2222 712 2258 παρά
729 2220 838 2248 πάντων
849 2219 908 2246 θεία

957 985 1133 1013 bernaculum
1147 987 1276 1015 lsraelitis
1287 989 1417 1024 erigebat,
1432 997 1463 1016 ac
1477 990 1640 1018 Bczeleelem
1652 992 1740 1024 illum,

955 1030 1001 1065 qui
1012 1031 1104 1058 divino
1113 1030 1216 1066 Spiritu
1228 1037 1332 1066 partam
1345 1035 1507 1067 sapientiam
1517 1036 1740 1064 architectonica!

956 1083 1010 1102 non
1028 1076 1062 1103 ab
1085 1077 1139 1104 alio
1163 1077 1276 1106 edoctus
1297 1079 1345 1106 sed
1369 1087 1384 1106 a
1406 1087 1436 1106 se
1454 1079 1580 1113 habebat,
1603 1083 1740 1110 communi

956 1121 1072 1156 quadam
1088 1123 1262 1151 aemulatione
1276 1123 1374 1151 divites
1389 1124 1470 1152 simul
1484 1133 1516 1151 ac
1529 1133 1662 1161 pauperes
1679 1135 1742 1162 pro-

956 1168 1046 1195 vocari
1067 1169 1196 1200 voluisse.
1224 1169 1290 1197 dum
1317 1170 1431 1198 divitum
1461 1172 1569 1206 quidem
1594 1181 1690 1200 aurum
1714 1179 1742 1201 et

956 1221 1116 1249 purpuram,
1137 1215 1294 1250 lapidesque
1314 1217 1449 1251 pretiosos
1464 1218 1620 1253 seligercut,
1642 1227 1742 1255 egeno-

957 1266 1016 1285 rum
1031 1267 1096 1286 vero
1113 1260 1184 1295 ligna
1212 1261 1351 1296 pellesque
1376 1269 1408 1289 ac
1432 1263 1503 1298 pilos
1519 1271 1663 1299 caprarum
1688 1273 1741 1293 non

957 1304 1112 1338 rejicerent.
1135 1304 1280 1332 Enimvero
1302 1306 1373 1334 haud
1390 1308 1542 1344 importuna
1568 1310 1647 1337 fuerit
1663 1315 1710 1338 aut
1726 1319 1741 1337 a

957 1349 1097 1383 proposito
1119 1350 1208 1376 aliena
1228 1350 1352 1379 fortassis
1375 1352 1496 1380 historiae
1520 1353 1600 1388 hujus
1620 1362 1741 1383 comme-

957 1395 1091 1421 moratio:
1107 1395 1171 1422 libet
1185 1395 1256 1422 enim
1272 1397 1345 1430 quod
1360 1397 1425 1424 mihi
1443 1398 1469 1424 in
1486 1403 1603 1426 mentem
1614 1401 1698 1433 venit,
1713 1401 1740 1428 in

957 1441 1075 1468 medium
1098 1441 1229 1476 proferre.
1257 1442 1361 1477 Spiritu
1383 1443 1476 1471 divino
1492 1444 1611 1473 Bezeleel
1634 1454 1666 1473 ex
1690 1446 1742 1474 im-

956 1487 1043 1520 perito
1052 1487 1160 1520 sapiens
1171 1491 1212 1515 est
1223 1486 1327 1515 factus:
1345 1489 1382 1515 ita
1393 1489 1464 1516 enim
1476 1495 1569 1517 narrat
1581 1491 1740 1520 historia”.

957 1532 1056 1559 Audiat
1069 1540 1134 1567 ergo
1153 1533 1198 1567 qui
1219 1533 1334 1568 Spiritui
1356 1539 1453 1562 sancto
1470 1536 1568 1563 bellum
1586 1536 1701 1571 indixit;
1719 1539 1742 1566 is

957 1578 1003 1613 qui
1018 1577 1148 1613 Spiritum
1165 1583 1290 1606 sanctum
1307 1579 1375 1607 dixit
1391 1581 1524 1614 divinum,
1540 1583 1620 1618 cujus
1636 1584 1742 1619 ingres—

958 1633 1006 1652 sus
1020 1628 1047 1652 et
1062 1624 1141 1660 quasi
1162 1625 1305 1661 vestigium
1322 1628 1461 1661 sapientia:
1475 1630 1591 1664 gratiam
1607 1630 1633 1657 in
1651 1632 1742 1659 anima

959 1671 1093 1706 designat,
1122 1679 1187 1698 num
1215 1671 1334 1706 Spiritus
1357 1673 1515 1707 dignitatem
1542 1683 1590 1703 seu
1615 1676 1742 1705 deitatem

957 1716 1231 1752 diviuiappellatione
1244 1718 1381 1745 traducit?
1395 1727 1459 1746 num
1474 1721 1581 1752 suadet,
1598 1726 1627 1748 ut
1639 1722 1742 1758 aliquid

957 1762 1085 1798 exiguum
1108 1767 1155 1789 aut
1175 1763 1278 1791 humile
1297 1764 1330 1791 de
1356 1764 1415 1799 ipso
1434 1765 1640 1800 concipiamus?
1661 1768 1742 1800 Quid.

958 1816 1061 1843 quaso,
1088 1816 1121 1835 ex
1150 1809 1232 1836 rebus
1257 1810 1359 1837 creatis
1387 1810 1439 1838 hoc
1464 1812 1574 1839 nomine
1595 1812 1743 1848 signiﬁcari

959 1854 1045 1881 solet?
1075 1862 1140 1881 num
1169 1855 1331 1889 acquisilam
1360 1860 1386 1883 ct
1414 1857 1560 1884 ascititiam
1588 1866 1649 1886 esse
1667 1863 1744 1894 putat

960 1899 1072 1935 Spiritui
1086 1900 1273 1928 divinitatem?
1286 1909 1351 1929 num
1366 1901 1552 1937 duplicitatem
1565 1904 1684 1939 aliquam
1697 1910 1744 1932 aut

959 1945 1182 1981 compositionem
1206 1946 1324 1982 simplici
1347 1952 1374 1975 et
1398 1947 1580 1983 incomposito
1602 1950 1744 1978 attribuit?

960 1991 1085 2020 FortaSSe
1102 2000 1155 2019 nou
1173 1992 1235 2020 licet
1251 1993 1386 2028 ejusmodi
1408 1993 1581 2029 opiuioaibus
1597 1994 1674 2022 ﬁdem
1695 1996 1744 2023 ad-

960 2037 1064 2064 hibere.
1081 2038 1160 2072 Atqui
1182 2037 1260 2072 plane
1286 2038 1433 2066 conﬁtetur
1448 2039 1589 2074 Spiritum,
1610 2040 1656 2075 qui
1674 2041 1743 2068 divi-

959 2091 1011 2110 nus
1024 2087 1077 2115 est,
1103 2088 1200 2109 natura
1225 2083 1305 2110 talem
1321 2083 1374 2110 dici
1392 2091 1424 2111 ac
1441 2084 1595 2119 praedicari.
1612 2085 1694 2113 Vides
1713 2091 1742 2114 ut

959 2128 1006 2155 tibi
1029 2127 1132 2154 veritas
1157 2129 1231 2154 ultro
1248 2127 1400 2155 reveletur?
1427 2129 1519 2163 plures
1543 2130 1616 2156 enim
1634 2130 1743 2159 divinas

959 2178 1071 2201 naturas
1093 2172 1250 2200 Christiana
1274 2173 1362 2201 nescit
1381 2173 1491 2209 religio,
1522 2176 1743 2211 quandoquidem

959 2219 996 2246 ita
1011 2219 1123 2246 omnino
1138 2226 1251 2246 necesse
1269 2223 1344 2247 esset
1360 2220 1453 2254 plures
1470 2228 1578 2256 quoque
1601 2222 1667 2249 deos
1681 2230 1745 2250 con-

115 2270 198 2305 φύσις
211 2268 279 2297 εἶναι
294 2269 461 2302 πιστεύεται,
474 2269 544 2296 θεῖον
561 2268 590 2295 δὲ
604 2270 637 2304 τῇ
653 2268 733 2303 φύσει
749 2266 779 2293 τὸ
796 2265 906 2300 Πνεῦμα

962 2265 1073 2299 ﬁngere.
1086 2264 1145 2291 Non
1162 2265 1235 2292 enim
1253 2265 1310 2292 ﬁeri
1331 2270 1430 2300 potest,
1447 2271 1478 2294 ut
1495 2268 1597 2295 multos
1610 2269 1745 2304 intelliga—

113 2316 146 2342 τὸ
167 2315 245 2350 ἅγιον
257 2324 263 2331 ·
278 2316 303 2343 τί
323 2316 476 2351 διατέμνεις
492 2315 531 2350 τῷ
547 2315 619 2349 λόγῳ
637 2314 668 2340 τὸ
687 2313 858 2348 συνημμένον
874 2313 907 2347 τῇ

115 2362 217 2396 quasi;
239 2361 319 2388 Ἀλλά
343 2361 383 2392 τίς
404 2370 449 2396 μοι
463 2360 543 2387 δώσει
563 2360 613 2396 τὴν
632 2359 746 2394 δύναμιν
767 2357 814 2384 τοῦ
828 2357 907 2391 λόγου

115 2407 234 2439 ἐκείνου,
252 2404 283 2434 οὗ
308 2407 338 2434 τὸ
355 2407 429 2438 τέλος
456 2406 578 2441 σωτηρία
601 2405 655 2432 τῶν
679 2405 833 2432 ἀκουόντων
849 2401 883 2438 ἦν
899 2411 906 2435 ;

115 2454 190 2480 Μίαν
207 2453 345 2488 προήκατο
358 2452 450 2488 φωνὴν
467 2452 692 2488 Ἱεροσολυμίταις
702 2452 716 2477 ό
730 2451 842 2486 Πέτρος,
861 2450 907 2476 καὶ

113 2499 245 2526 τοο-αὗται
267 2498 384 2534 χιλιάδες
398 2498 549 2534 ἀνθρώπων
572 2499 605 2534 τῇ
624 2497 752 2533 περιϐολῇ
769 2496 816 2523 τοῦ
827 2496 906 2530 λόγου

116 2546 169 2572 ὑπὸ
182 2545 230 2572 τοῦ
245 2545 340 2577 ἁλιέως
357 2544 589 2580 ὲσαγηνεύθησαν.
602 2544 729 2570 Τοσοῦτοι
743 2544 770 2570 δὲ
791 2543 838 2570 καὶ
851 2552 907 2569 τοι-

115 2593 190 2619 οὖτοι
217 2591 292 2626 παρὰ
307 2591 361 2617 τῶν
389 2590 555 2617 διδασκάλων
579 2591 607 2616 ὲν
625 2590 690 2625 ἡμῖν
708 2589 855 2624 τρίϐονται,
867 2587 908 2619 τίς

115 2637 212 2672 γέγονε
226 2636 279 2663 τῶν
295 2635 455 2671 σωζομένων
475 2635 616 2671 προσθήκη
633 2644 640 2668 ;
658 2634 692 2661 Τὸ
707 2633 848 2661 ἐκλεῖπον
862 2633 911 2660 ἐκ·

114 2682 224 2714 λείπει,
243 2681 309 2717 φησι
333 2689 374 2712 τις
403 2679 457 2706 τῶν
479 2679 626 2716 προφητῶν
643 2701 649 2712 ,
663 2680 695 2706 τὸ
715 2678 911 2712 ἀποθνῆσκον

115 2727 304 2761 ἀποθνήσκει
318 2735 325 2742 '
340 2726 370 2752 τὸ
385 2725 591 2762 πεπλανημένον
604 2725 653 2752 οὐκ
667 2725 825 2760 ἐπιστρέφει
839 2732 846 2740 ’
863 2723 908 2750 λέ.-

115 2773 194 2800 λυται
210 2773 258 2807 τῆς
271 2772 381 2807 ἀγάπης
391 2773 406 2798 ὁ
423 2771 569 2807 σύνδεσμος
579 2780 586 2787 ·
595 2772 733 2806 ἥρπασται
743 2770 797 2797 τῶν
808 2769 908 2805 θησαυ-

155 2840 191 2855 "'
215 2838 301 2866 Exod.
316 2847 390 2870 χχχι,
410 2838 427 2865 9.
447 2846 509 2874 sqq.
552 2852 572 2868 ιι
593 2851 650 2875 ,λι-ιη
672 2856 700 2878 ιι,
720 2849 758 2876 ιι,

961 2317 1022 2337 mus
1035 2310 1111 2341 deos,
1132 2309 1184 2337 nisi
1200 2310 1257 2337 luec
1270 2310 1382 2338 deorum
1400 2312 1545 2340 multitudo
1563 2322 1610 2348 per
1626 2314 1745 2343 diversi-

961 2361 1042 2383 tatem
1058 2357 1206 2384 secundum
1228 2361 1353 2384 naturam
1373 2359 1539 2387 enuntietur.
1560 2359 1587 2387 Si
1607 2368 1672 2396 ergo
1690 2369 1743 2389 uua

960 2402 994 2429 ab
1009 2402 1137 2429 omnibus
1155 2406 1253 2429 natura
1272 2403 1363 2430 divina
1387 2411 1448 2431 esse
1466 2404 1598 2438 creditur,
1623 2405 1742 2441 Spiritus

960 2455 1042 2482 porro
1055 2452 1168 2475 sanctus
1181 2452 1278 2475 natura
1299 2448 1419 2481 divinus,
1446 2449 1510 2484 quid
1533 2451 1657 2479 oratione
1672 2452 1742 2478 (livi-

959 2493 1004 2520 dis
1017 2492 1090 2528 quod
1103 2498 1198 2520 natura
1213 2493 1390 2528 conjuuetum
1403 2494 1461 2522 est?
1476 2493 1574 2522 Verum
1590 2496 1651 2530 quis
1667 2496 1740 2523 illam

961 2538 1026 2565 mihi
1043 2539 1178 2566 sermonis
1192 2538 1319 2566 virtutem
1336 2539 1479 2573 concedet,
1496 2540 1575 2575 cujus
1592 2540 1653 2567 ﬁnis
1668 2542 1742 2568 salus

962 2585 1066 2612 exstitit
1079 2585 1258 2612 auditorum?
1277 2584 1361 2612 Unam
1379 2586 1471 2613 emisit
1489 2586 1744 2621 liierosolymitanis

966 2638 1056 2658 vocem
1075 2630 1182 2661 Petrus,
1197 2634 1224 2657 et
1240 2633 1279 2656 tot
1294 2630 1433 2657 hominum
1451 2631 1534 2658 millia
1549 2631 1621 2658 nuda
1637 2639 1742 2659 sermo-

962 2677 1004 2704 nis
1016 2684 1114 2712 sagena
1126 2676 1159 2703 ab
1171 2676 1216 2704 illo
1232 2676 1367 2711 piscatore
1377 2681 1441 2703 sunt
1452 2681 1531 2712 capta
1540 2676 1574 2704 ".
1586 2676 1652 2703 Tam
1666 2677 1742 2704 multi

960 2729 1025 2748 vero
1051 2721 1173 2756 tantique
1198 2729 1213 2748 a
1229 2721 1388 2748 doctoribus
1414 2721 1441 2748 in
1469 2729 1519 2748 nos
1547 2721 1742 2755 impenduntur

960 2774 1188 2801 serlnoncszqua:
1202 2775 1266 2795 vero
1289 2775 1321 2794 ex
1344 2767 1377 2793 iis
1393 2767 1441 2800 qui
1458 2767 1598 2795 salvantur
1613 2767 1683 2795 facta
1702 2770 1743 2794 est
