1938 3082
213 107 266 134 567

815 104 844 131 S.
864 103 1028 132 GREGORII
1047 103 1194 132 NYSSEM

1793 107 1841 135 Sis

215 163 360 191 accessio?
374 162 448 195 Quod
463 163 550 195 deﬁcit
572 164 674 198 aeﬁctt,
689 163 726 190 ait
741 163 876 198 quispiam
892 171 923 190 ex
936 170 991 198 pro-

1052 165 1106 199 ρῶν
1116 163 1195 199 ἡμῶν
1209 163 1225 199 ὴ
1242 163 1347 199 εἰρήνη.
1367 163 1400 190 Ὢ
1412 163 1467 190 τῶν
1488 163 1597 190 κακῶνῑ
1614 164 1774 200 Προάγομαι
1787 165 1838 200 γὰρ

215 210 304 244 phctis
314 210 349 240 ⁸⁸,
368 209 437 244 quod
460 209 574 236 maritur
595 209 709 236 moritur
730 217 738 235 :
759 208 831 244 quod
852 208 1000 241 aberravit,

216 262 270 281 non
287 255 452 289 revertitur;
479 255 598 282 solutum
621 259 663 282 est
681 254 819 282 vinculum
845 254 999 283 charitatis.

215 300 327 335 abrepta
341 305 384 328 est
400 308 452 336 pax
473 308 506 328 ex
531 300 667 328 thesauris
687 300 801 327 nostris.
820 299 842 326 υ
857 307 913 327 rem
927 299 1001 326 cala-

215 346 359 374 mitosaml
375 347 447 381 cogit
459 347 532 374 enim
548 354 590 373 me
605 347 667 372 mali
685 354 717 373 ac
727 345 830 373 doloris
842 345 1000 380 magnitudo

215 391 408 426 ingemiscere;
438 397 530 419 nostra
546 395 604 418 erat
619 392 683 418 olim
708 391 847 426 possessio
862 391 997 422 charitas;

217 440 327 470 paterna
343 441 436 464 no<tra
450 438 506 465 lucc
522 437 677 469 haereditas,
691 444 772 471 quam
788 444 835 471 per
845 436 994 470 discipulos

215 488 281 508 suos
298 482 378 509 nobis
397 481 528 509 Dominus
544 482 775 509 thesaurizaverat
790 481 894 512 dicens,
920 481 998 507 Man-

215 527 306 553 datum
319 535 413 554 novum
424 527 458 554 do
473 529 556 558 vobis.
572 532 600 554 ut
611 527 728 563 diligatis
740 527 850 554 invitent
861 527 897 553 δέ
915 526 995 553 istam

1052 208 1223 242 ἐπιστενάξαι
1242 209 1280 245 τῷ
1308 209 1406 236 πάθει·
1418 210 1551 245 ἡμέτερον
1569 210 1661 244 κτῆμα
1669 208 1704 245 ἦν
1725 212 1838 245 ἀγάπη·

1051 255 1115 281 ποτε
1141 254 1266 290 πατρῷος
1285 255 1350 289 ἡμῖν
1364 251 1440 286 οὗτος
1454 254 1468 280 6
1482 245 1592 289 κλῆρος,
1609 253 1639 280 δν
1656 254 1699 281 διὰ
1716 255 1773 282 τῶν
1788 263 1840 290 μα-

1052 301 1140 336 Θητῶν
1153 302 1217 336 ἡμῖν
1229 302 1242 327 ὁ
1255 300 1356 336 Κύριος
1373 299 1551 336 ἐϐησαύρισεν
1573 300 1668 332 εἰπὼν,
1696 301 1840 334 Έντολὴν

1051 345 1160 379 καινὴν
1185 345 1287 380 δίδωμι
1312 345 1392 379 ὑμῖν,
1418 346 1469 372 ἵνα
1499 345 1633 380 ἀπγιπᾶτε
1659 345 1838 378 ἀλλήλους·

1052 391 1118 418 ἀλλὰ
1134 391 1233 423 ταύτην
1254 391 1303 426 τὴν
1320 391 1500 426 κληρονομεαν
1514 391 1538 417 οι
1561 391 1609 425 μὲν
1631 390 1730 425 ἐφεξῆς
1751 391 1838 417 διάδο-

1050 445 1092 472 χοι
1116 437 1190 471 παρὰ
1213 436 1315 471 πατρὸς
1333 436 1503 471 ἐκδεχόμενοι
1530 436 1610 472 μέχρι
1634 436 1688 463 τῶν
1713 437 1839 471 πατέριον

1049 482 1065 516 ὴ
1070 481 1127 515 μῶν
1141 480 1301 508 διεσώσαντο
1310 487 1316 494 ·
1336 482 1352 515 ἡ
1365 481 1393 506 δὲ
1410 481 1514 512 ἄσωτος
1527 480 1595 515 αὕτη
1613 481 1695 514 γενεὰ
1708 481 1760 508 οὐκ
1771 481 1836 515 ἐφύ-

1050 526 1121 558 λαξε.
1140 525 1200 556 Πῶς
1224 525 1323 560 οἴχεται
1345 525 1398 551 τῶν
1420 526 1519 560 χειρῶν
1537 525 1615 560 ἡμῶν
1637 526 1777 562 διαρρυεὶς
1790 527 1837 561 τῆς

216 575 306 599 autem
331 572 514 600 hareditatem
539 573 555 599 ii
578 573 699 608 quidem,
724 573 770 607 qui
788 572 886 600 deinde
910 571 991 600 secuti

1049 571 1159 606 ἀγωγῆς
1181 571 1195 597 6
1212 570 1342 603 πλοῦτος;
1358 572 1438 605 ἡμεῖς
1453 571 1502 606 τῆς
1519 571 1629 606 ἀγάπης
1651 571 1836 606 πτωχεύομεν,

215 620 290 648 sunt,
304 624 478 645 successores
490 618 536 644 lilii
552 625 567 644 a
582 619 705 653 patribus
720 618 814 645 ordine
830 617 991 652 excipientes

1049 617 1095 644 καὶ
1106 613 1180 643 ἄλλοι
1197 617 1339 652 ἡμετέροις
1350 616 1460 650 ἀγαθοῖς
1473 617 1674 652 ὲναὸρύνονται.
1690 617 1837 650 Ἐζήλωσα

214 668 299 696 usque
314 661 348 689 ad
363 666 453 696 patres
469 667 577 690 nostros
593 667 801 690 conservarunl.
817 663 849 689 At
862 663 918 690 haec
933 670 991 697 pro-

1047 661 1096 688 ἐπὶ
1118 661 1180 694 τοῖς
1197 662 1336 696 ἀνόμοις,
1348 661 1434 693 οὕτως
1459 661 1541 697 φησὶν
1554 661 1740 696 ὀΨαλμῳδός.
1767 661 1836 695 Ἐγὼ

213 705 274 740 diga
294 706 434 740 generatio
447 707 521 734 illam
540 707 653 734 minime
678 706 836 734 custodivit.
853 706 991 739 Quomodo

1048 706 1076 734 δὲ
1096 706 1191 742 μικρόν
1205 715 1229 733 τι
1245 707 1409 742 παρῳδήσας
1422 706 1453 733 τὸ
1466 707 1751 744 ρηθὲνάναγνώσομαι,
1760 706 1836 751 Ἐξή-

212 759 227 777 e
242 751 365 779 manibus
389 752 492 779 nostris
516 752 616 786 elapsa:
635 752 676 779 ha
699 751 878 779 institutionis
893 752 991 779 divitia!

1049 751 1121 778 λωσα
1133 752 1179 778 ἐπὶ
1192 753 1248 783 τοῖς
1262 751 1388 786 ἀνόμοις,
1402 751 1524 786 ἐζήλωσα
1538 751 1649 786 εἰρήνην
1666 750 1833 785 ἁμαρτωλῶν

213 796 348 829 pereunt?
370 804 421 824 nos
437 797 579 824 charitatis
593 796 675 832 indigi
693 804 800 828 sumus,
817 800 844 824 et
857 796 901 823 alii
917 796 991 824 bouis

1049 796 1168 832 θεωρῶν.
1195 797 1308 824 Ἐκεῖνοι
1332 796 1455 832 ἀλλήλοις
1478 797 1665 829 συνίστανται,
1690 797 1739 824 καὶ
1757 797 1836 831 ἡμεῖς

212 840 312 867 nostris
324 840 459 868 luxuriant
470 844 496 868 et
507 841 668 875 gloriantur.
684 841 775 868 Ζειαυί
787 849 864 874 super
874 842 991 876 iniquos:

1048 844 1094 870 ἀπ’
1105 843 1226 879 ἀλλήλων
1236 843 1443 879 διατεμνόμεθα.
1456 843 1569 870 Ἐκεῖνοι
1585 843 1690 874 ἑαυτοῖς
1705 843 1835 869 συνασπί-

212 884 250 911 sic
273 885 310 911 ait
332 884 473 913 Psalmista
484 886 517 913 “.
536 885 590 921 Ego
615 894 679 913 vero
707 886 832 913 nonnihil
850 887 929 918 quasi
949 894 991 920 per

1048 891 1134 922 ζουσι,
1142 890 1188 916 καὶ
1197 891 1277 925 ἡμεῖς
1287 890 1332 916 τὸν
1345 890 1477 925 ἡμέτερον
1487 890 1672 923 συνασπισμὸν
1681 888 1832 922 διαλὺομεν.

211 930 351 964 parodiam
369 929 508 959 inﬂectens
524 931 626 959 dictum
643 933 707 959 illud
727 934 762 959 ita
787 933 884 967 legam,
903 932 991 960 Zelavi

1048 936 1157 971 κλέψας
1172 936 1203 962 τὸ
1215 936 1346 971 ἡμέτερον
1360 935 1452 970 κτῆμα
1467 936 1481 961 6
1503 935 1557 961 τῶν
1569 934 1663 969 ψυχῶν
1679 933 1834 968 λωποδύτης

210 983 293 1010 super
318 976 436 1012 iniquos,
461 977 546 1004 zelavi
571 985 662 1012 pacem
686 983 860 1013 peccatorum
886 978 991 1006 videns.

1047 981 1104 1012 τοῖς
1127 980 1234 1015 ἐχθροῖς
1257 979 1307 1014 τῆς
1331 979 1457 1014 ἀληθείας
1479 979 1568 1014 φέρων
1582 978 1834 1015 προσέρριψεν,οὺκ

211 1021 249 1047 Illi
263 1022 331 1048 inter
342 1030 371 1049 se
381 1023 541 1057 junguntur,
555 1029 582 1050 et
594 1031 643 1050 nos
655 1024 689 1050 ab
700 1025 814 1051 invicem
825 1031 991 1059 separamur.

1044 1026 1164 1057 ἐκείνους
1182 1025 1349 1060 εὐεργετῶν,
1366 1025 1445 1051 τοῦτο
1471 1024 1566 1060 μηδεὶς
1593 1024 1690 1050 οἰέσθω
1708 1032 1714 1039 ”
1742 1024 1756 1050 ό
1781 1024 1834 1058 γὰρ

184 1099 186 1101 η
211 1066 250 1093 Illi
269 1067 347 1101 quasi
372 1068 508 1095 testudine
532 1068 602 1096 facta
623 1074 723 1096 coeunt
741 1071 812 1097 inler
835 1078 876 1102 se.
903 1075 929 1097 at
945 1077 991 1098 nos

1044 1070 1096 1096 τῶν
1111 1069 1204 1097 κακῶν
1216 1069 1329 1105 εὑρετὴς
1345 1069 1491 1104 εὐεργέτης
1512 1068 1639 1102 γενέσθαι
1653 1068 1683 1094 οὐ
1697 1068 1807 1095 δύναται
1821 1077 1829 1084 ·

209 1112 374 1138 testudinem
396 1117 516 1139 nostram
531 1121 704 1149 cuneumque
718 1115 894 1149 dissipamus.
910 1114 991 1142 Furta

1044 1114 1100 1142 ἀλλ’
1115 1115 1158 1141 ἵνα
1172 1115 1279 1150 χείρους
1302 1114 1400 1146 αὐτοὺς
1415 1115 1443 1140 ὲν
1458 1115 1491 1149 τῇ
1518 1114 1581 1147 περὶ
1595 1114 1625 1140 τὸ
1650 1113 1735 1140 κακὸν
1764 1122 1833 1148 συμ-

210 1161 362 1190 smreptam
375 1158 577 1192 possessionem
599 1164 719 1187 nostram
733 1161 886 1187 animarum
904 1161 994 1195 prmdo

1044 1159 1124 1195 πνοὶᾳ
1141 1159 1349 1195 παρασκευάσῃ.

211 1201 244 1227 ad
260 1201 352 1229 hostes
374 1204 494 1231 veritatis
527 1204 642 1232 delatam
677 1206 801 1241 projccit,
836 1211 935 1233 nonut
965 1206 1096 1234 beneﬂcio
1115 1214 1162 1233 eos
1188 1205 1315 1236 alliceret,
1336 1212 1416 1232 nemo
1439 1205 1479 1232 sic
1494 1204 1662 1232 arbitretur:
1687 1212 1741 1231 non
1763 1204 1834 1231 enim

209 1251 297 1280 potest
310 1247 418 1276 allicere
438 1249 570 1278 beneﬁcio
584 1250 710 1279 inventor
724 1253 855 1280 malorum
873 1263 880 1280 :
901 1261 1006 1285 verum,
1044 1258 1074 1280 ut
1102 1260 1149 1279 eos
1176 1252 1202 1279 in
1230 1252 1362 1279 malarum
1390 1259 1480 1279 rermn
1513 1251 1659 1279 concordia
1683 1250 1835 1279 deteriores

208 1294 339 1322 efficeret.

244 1339 296 1367 Sed
309 1341 373 1375 quid
393 1342 458 1369 mihi
475 1342 509 1370 de
528 1343 562 1371 iis
577 1344 622 1378 qui
643 1344 707 1373 I'oris
729 1350 792 1373 sunt
819 1346 997 1381 jndicare'?ut
1011 1349 1032 1377 ϐ

207 1386 295 1421 inquit
311 1387 355 1414 ille
371 1387 407 1411 "-
427 1387 461 1415 At
483 1395 533 1423 ego
552 1389 598 1423 qui
613 1390 715 1424 possim
732 1391 922 1418 alienationem
939 1391 995 1418 ira-

206 1435 279 1460 !rurn
303 1433 362 1460 sine
387 1433 514 1468 lacrymis
537 1434 626 1462 ferre?
648 1437 784 1470 quomodo
806 1441 916 1471 paterna
928 1437 994 1465 sub-

207 1478 306 1505 stantia
330 1478 457 1506 derelicta
480 1479 576 1514 junior
599 1481 641 1508 hic
666 1481 749 1509 frater
764 1481 908 1510 discessit?
928 1483 996 1510 alter

208 1523 252 1549 ille
271 1523 297 1549 in
317 1523 460 1558 Evangelio
479 1524 642 1560 descriptus,
665 1526 726 1554 licet
747 1527 846 1554 canitie
870 1529 994 1562 corporis

206 1569 288 1595 animi
311 1569 505 1603 juvenilitatem
529 1572 658 1604 occultet,
679 1573 816 1607 quomodo
835 1573 962 1608 fugitivus
978 1582 993 1601 a

207 1614 257 1641 title
287 1614 312 1640 in
342 1615 515 1650 longinquam
541 1617 679 1652 regionem
703 1618 835 1646 secessit?
857 1620 994 1653 quomodo

206 1658 262 1685 abit
283 1663 309 1686 et.
326 1660 384 1694 ipse
405 1662 524 1695 paternis
539 1661 618 1689 bonis
634 1663 661 1689 in
678 1662 747 1689 duas
762 1663 888 1690 dimidias
903 1667 993 1698 partes

204 1703 310 1736 divisis,
333 1705 377 1739 qui
396 1705 459 1732 dum
482 1707 608 1734 sublimia
631 1707 755 1742 dogmata
779 1708 811 1734 ad
834 1708 950 1736 humiles
966 1714 993 1736 et

204 1749 300 1776 suillas
313 1750 455 1784 opiniones
472 1751 581 1786 deiecit,
600 1760 661 1779 cum
677 1754 865 1781 meretricibus
882 1754 991 1782 haereti-

206 1794 248 1821 cis
259 1801 324 1822 suas
334 1794 443 1822 divitias
455 1796 596 1831 dissipavit
606 1798 646 1824 l'?
660 1798 783 1825 Meretrix
799 1799 869 1826 enim
883 1805 923 1827 est
939 1800 992 1827 lue-

204 1838 285 1870 rcsis,
306 1846 367 1873 quas
392 1840 576 1876 voluptatibus
599 1842 676 1876 quasi
701 1843 845 1877 prmstigiis
870 1843 989 1870 attrahit.

204 1882 281 1916 Quod
298 1883 320 1911 si
333 1884 442 1918 quando
452 1885 478 1911 in
493 1885 623 1920 seipsum,
637 1890 666 1913 ut
679 1887 732 1918 ille.
747 1894 873 1914 reversus
888 1887 969 1914 fuerit
983 1898 989 1916 :

204 1929 226 1956 si
247 1929 356 1963 quando
370 1938 465 1958 rursus
482 1931 514 1958 ad
532 1935 705 1966 paternorum
723 1933 844 1960 ciborum
856 1934 990 1968 cupidita-

203 1979 255 2002 tem
269 1976 412 2007 exarserit,
430 1977 451 2004 si
472 1977 504 2003 ad
522 1978 631 2005 divitem
650 1986 770 2006 mensam
786 1979 941 2011 recurrerit,
962 1979 989 2006 in

202 2027 255 2054 qua
272 2021 373 2048 multus
386 2022 656 2055 supersubstantialis
667 2027 708 2050 est
721 2023 809 2058 panis,
822 2024 867 2058 qui
883 2023 990 2052 Domini

202 2066 385 2093 mercenaries
399 2067 462 2100 alit;
478 2068 637 2095 mercenarii
648 2068 747 2103 quippe
761 2073 824 2096 sunt
836 2068 880 2096 Dei
895 2077 991 2097 omnes

202 2112 245 2138 isti
264 2112 311 2146 qui
330 2112 366 2139 ob
389 2120 463 2147 spem
485 2114 704 2148 repromissionis
722 2114 748 2141 in
763 2115 841 2142 vinea
863 2114 908 2142 Dei
927 2122 990 2150 ope-

200 2163 317 2184 rantur:
333 2157 423 2192 qualis
435 2158 469 2185 ad
483 2166 546 2186 eum
569 2159 613 2186 ﬁet
628 2167 682 2186 non
698 2159 778 2187 unius
793 2159 925 2194 pereuntis,
941 2159 988 2186 sed

201 2206 256 2228 tam
281 2202 428 2230 multorum
454 2208 560 2238 patrum
581 2211 742 2236 concursus,
758 2205 804 2241 qui
825 2205 932 2232 obviam
951 2203 990 2231 il'i

201 2247 364 2282 prodibunt,
391 2248 437 2283 qui
465 2249 678 2284 amplectentur,
708 2250 754 2285 qui
781 2250 882 2277 osculis
913 2250 988 2276 illum

199 2292 352 2326 excipient?
367 2292 472 2320 Prolata
491 2297 533 2321 est
556 2295 625 2321 stola
644 2294 705 2322 ﬁdei
721 2294 817 2329 prima,
835 2302 915 2329 quam
932 2298 988 2321 tre-

198 2340 284 2363 centae
300 2338 449 2365 octodecim
464 2338 560 2366 animae
579 2339 708 2373 praeclara
727 2339 844 2366 textrina
861 2339 988 2366 Ecclesiae

198 2386 404 2410 contexuerunt.
427 2382 503 2410 Unde
528 2384 644 2411 arumlus
670 2384 698 2411 in
721 2392 802 2411 manu
826 2391 984 2418 expressum

199 2427 259 2454 lidei
275 2428 392 2462 sigillum
411 2429 523 2459 habens,
541 2429 658 2462 chorea,
680 2429 794 2461 vitulus,
813 2429 984 2464 symphonia,

197 2477 293 2500 cetera
321 2474 413 2499 omnia
433 2481 494 2506 qua
514 2474 542 2500 in
565 2474 709 2508 Evangelia
725 2479 984 2506 commemorantur,

196 2522 309 2552 ncepta
326 2517 417 2544 fratris
440 2518 551 2544 invidia.
580 2518 817 2546 Verumenimvero
836 2519 900 2553 quid
926 2520 985 2546 Ιίνιι-

197 2566 254 2588 stra
282 2562 359 2588 nobis
376 2562 441 2595 ipsis
469 2562 574 2589 somnia
596 2563 741 2597 ﬁngimus?
765 2563 903 2590 Obdurata
919 2568 982 2590 sunt

196 2605 280 2633 corda
299 2606 428 2637 fratrum,
449 2611 476 2634 et
493 2608 630 2635 contraria
658 2608 762 2635 ratione
785 2612 848 2635 sunt
873 2608 982 2642 allecti;

195 2658 354 2678 communes
374 2655 464 2686 patres
485 2653 634 2687 objiciunt,
660 2657 687 2681 et
711 2658 847 2688 acceptam
873 2654 907 2681 al)
929 2654 982 2681 illis

197 2696 380 2723 hereditatem
398 2704 452 2724 non
466 2698 623 2732 admittunt;
640 2706 810 2726 communem
826 2699 877 2726 sibi
895 2699 983 2726 vindi-

193 2745 259 2768 cant
272 2741 450 2774 nobilitatem,
464 2747 491 2770 et
503 2751 517 2770 a
534 2748 626 2771 nostra
643 2744 803 2779 cognatione
818 2744 981 2777 alienantur;

1090 1343 1170 1370 Ἀλλά
1185 1343 1212 1370 τι
1228 1351 1272 1378 μοι
1294 1343 1356 1375 τοὺς
1380 1343 1432 1375 ἔξω
1454 1341 1574 1378 κρίνειν;
1594 1343 1676 1377 φησὶν
1698 1342 1713 1368 6
1738 1341 1834 1369 εἰπών.

1053 1389 1123 1424 Ἐγὼ
1136 1390 1165 1416 δὲ
1188 1388 1248 1421 πῶς
1261 1388 1391 1424 ἀδακρυτὶ
1412 1387 1538 1423 βαστάσω
1562 1387 1611 1422 τὴν
1632 1387 1689 1414 τῶν
1710 1387 1835 1422 ἀδελφῶν

1046 1435 1240 1471 ἀλλοτρίωσινς
1264 1433 1326 1465 Πῶς
1351 1433 1436 1469 ᾤχετο
1461 1433 1617 1460 καταλιπὼν
1637 1433 1688 1468 τὴν
1704 1434 1834 1469 πατρῴαν

1045 1481 1137 1508 οὐσίαν
1157 1480 1171 1506 6
1194 1479 1307 1514 ἀδελφὸς
1324 1480 1338 1505 6
1354 1479 1413 1510 νέος
1429 1474 1522 1512 οὗτος
1540 1478 1637 1510 Ἀλλος
1653 1479 1757 1512 ἐκεῖνος
1772 1480 1787 1506 6
1805 1479 1835 1505 ἐν

1045 1525 1082 1561 τῷ
1099 1524 1256 1560 Εὑαγγελίῳ
1268 1523 1441 1559 δηλούμενος,
1459 1522 1511 1550 κᾶν
1527 1522 1690 1558 ὕποκρύπτῃ
1704 1524 1738 1558 τῇ
1754 1523 1834 1558 πολιᾷ

1043 1570 1091 1597 τοῦ
1108 1570 1232 1605 σώματος
1248 1570 1299 1605 τῆς
1313 1569 1402 1604 ψυχῆς
1419 1568 1467 1604 τὴν
1479 1568 1604 1604 νεότητα,
1623 1568 1683 1600 πῶς
1695 1569 1836 1605 ἀνεχώρη-

1045 1624 1090 1642 σεν
1104 1617 1143 1646 εις
1156 1615 1247 1650 χώραν
1259 1614 1366 1650 μακρὰν
1377 1613 1562 1648 δραπετεύσας
1574 1613 1628 1640 ἀπὸ
1637 1614 1687 1648 τῆς
1697 1614 1834 1647 πίστεως;

1043 1661 1106 1692 Πῶς
1121 1661 1223 1695 οἴχεται
1248 1660 1296 1686 καὶ
1310 1658 1391 1691 αὐτὸς
1410 1658 1560 1693 ἡμισεὺσας
1584 1658 1632 1685 τοῦ
1656 1659 1760 1694 πατρὸς
1782 1659 1833 1695 τὴν

1043 1706 1134 1732 οὐσίαν
1158 1706 1187 1731 ὲν
1210 1704 1248 1739 τῷ
1265 1703 1430 1730 καθελκύσαι
1451 1703 1486 1729 τὰ
1499 1702 1587 1738 ὑψηλά
1609 1702 1664 1729 τῶν
1685 1702 1834 1737 δογμάτων

1043 1751 1111 1786 πρὸς
1136 1750 1171 1776 τὰ
1193 1749 1307 1776 ταπεινὰ
1335 1749 1382 1775 καὶ
1404 1748 1520 1783 χοιρὼδη
1543 1748 1667 1783 νοήματα
1682 1768 1689 1781 ,
1710 1749 1771 1779 ταῖς
1792 1749 1834 1774 αξ-

1043 1796 1163 1830 ρετικαῖς
1196 1795 1308 1830 πόρναις
1346 1793 1575 1829 προσδαπανήσας
1608 1793 1654 1820 τὸν
1692 1793 1833 1826 πλοῦτονς

1043 1840 1131 1875 Πόρνη
1142 1840 1197 1875 γάρ
1209 1841 1282 1866 ἐστιν
1292 1840 1309 1874 ἡ
1324 1839 1438 1874 αἵρεσις,
1451 1839 1511 1870 ταῖς
1521 1838 1713 1873 ἡγαπημέναις
1724 1838 1833 1873 ἡδοναῖς

1041 1886 1218 1920 γοητεύουσα.
1240 1886 1272 1912 El
1295 1885 1350 1920 γὰρ
1374 1884 1445 1911 ἔλθοι
1464 1884 1530 1910 ποτὲ
1550 1885 1590 1916 εις
1604 1883 1710 1915 ἑαυτὸν,
1734 1883 1832 1920 ὥσπερ

1042 1931 1190 1961 ὲκεῖνοςέῑ
1201 1930 1254 1965 γὰρ
1268 1930 1444 1964 ἐπιθυμήσειε
1461 1929 1541 1955 πάλιν
1556 1929 1604 1963 τῆς
1619 1928 1749 1964 πατρῴας
1764 1938 1830 1965 τρο-

1041 1976 1112 2011 φῆς·
1138 1976 1161 2001 ει
1175 1975 1229 2010 γὰρ
1248 1974 1425 2009 ἐπαναδράμῃ
1451 1973 1518 2008 πρὸς
1541 1973 1590 2008 τὴν
1613 1972 1744 2000 πλουσίαν
1763 1974 1833 2009 τρά-

1009 2013 1031 2040 D
1045 2021 1141 2052 πεζαν,
1156 2021 1185 2046 ὲν
1232 2019 1315 2051 πολὺς
1329 2020 1342 2046 6
1358 2018 1494 2050 ὲπιοὺσιος
1510 2019 1602 2053 ἄρτος,
1621 2019 1635 2044 ὁ
1646 2018 1753 2053 τρέφων
1768 2019 1832 2049 τοὺς

1043 2067 1090 2093 τοῦ
1111 2066 1213 2101 Κυρίου
1242 2066 1380 2101 μισθίους·
1407 2064 1508 2100 μίσθιοι
1528 2064 1556 2091 δὲ
1577 2064 1623 2091 τοῦ
1637 2063 1704 2090 Θεοῦ
1729 2064 1831 2096 πάντες

1043 2109 1126 2143 οὗτοι,
1141 2112 1166 2138 οι
1182 2111 1224 2137 ἐπ’
1247 2110 1333 2137 ἑλπίδι
1355 2110 1405 2144 τῆς
1425 2109 1588 2144 ἐπαγγελίας
1609 2108 1653 2135 τὸν
1679 2109 1830 2144 ἀμπελῶνα

1043 2156 1089 2183 τοῦ
1102 2156 1170 2183 Θεοῦ
1184 2155 1369 2191 ἐργαζόμενοι·
1385 2152 1440 2187 οἷος
1461 2155 1494 2181 ἂν
1510 2154 1618 2188 ἐγένετο
1632 2155 1700 2189 πρὸς
1717 2155 1801 2181 αὑτὸν
1816 2155 1831 2181 6

1041 2202 1150 2238 δρόμος,
1173 2202 1222 2236 οὐχ
1244 2201 1302 2233 ἑνὸς
1323 2201 1436 2239 πατρὸς,
1459 2200 1526 2227 ἀλλὰ
1549 2199 1682 2227 τοσούτων
1703 2200 1830 2235 πατέρων

1043 2247 1294 2283 προσαπαντώντων
1305 2267 1312 2278 ,
1342 2246 1581 2282 περιπλεκομένων
1594 2266 1601 2278 ,
1627 2246 1829 2280 ἀσπαζομένων

1042 2294 1205 2328 φιλήμασιν;
1235 2292 1349 2327 Ἢνέχθη
1376 2292 1455 2327 στολὴ
1477 2292 1527 2326 τῆς
1551 2291 1668 2322 πίστεως
1686 2292 1703 2325 ἡ
1721 2291 1827 2326 πρώτη,

1041 2339 1074 2373 ἥν
1095 2339 1123 2366 αἱ
1141 2338 1295 2374 τριακόσιαι
1317 2337 1388 2363 ὀκτὼ
1411 2337 1458 2364 καὶ
1481 2337 1546 2362 δέκα
1562 2336 1646 2371 ψυχαὶ
1665 2336 1756 2368 καλῶς
1772 2337 1829 2371 ὲρι-

1041 2384 1149 2410 Θὲουσαι
1171 2384 1204 2418 τῇ
1227 2381 1373 2418 Ἐκκλησία
1393 2382 1537 2416 ἐξύφηναν.
1561 2381 1679 2407 Ἐκεῖθεν
1696 2382 1729 2417 τῇ
1754 2382 1828 2417 χειρὶ

1039 2428 1180 2460 δακτύλιος
1201 2427 1426 2461 lactatum-ipiqu
1443 2427 1512 2461 ἔχων
1527 2426 1556 2452 ὲν
1570 2425 1659 2460 ἑαυτῷ
1677 2426 1726 2460 τὴν
1741 2434 1829 2460 σφρα-

1039 2474 1099 2508 γῖδα
1113 2473 1162 2507 τῆς
1177 2472 1303 2503 πίστεως,
1323 2471 1348 2498 οἱ
1363 2471 1448 2506 χοροὶ,
1470 2471 1485 2497 ὁ
1510 2470 1621 2505 μόσχος,
1637 2470 1654 2505 ὴ
1669 2471 1828 2504 supputa,

1038 2519 1072 2545 τὰ
1092 2518 1158 2545 ἄλλα
1182 2517 1269 2544 πάντα
1292 2516 1343 2542 ὃσα
1365 2516 1393 2543 ὲν
1409 2514 1447 2550 τῷ
1465 2514 1622 2549 Εὑαγγελίῳ
1644 2514 1826 2546 κατείλεκται,

1038 2563 1108 2599 πλὴν
1120 2563 1170 2597 τῆς
1183 2561 1229 2588 τοῦ
1253 2560 1367 2595 ἀδελφοῦ
1391 2559 1564 2595 ζηλοτυπίας.
1589 2558 1668 2585 Ἀλλὰ
1692 2558 1719 2585 τί
1737 2559 1827 2595 μάτην

1037 2608 1157 2643 ὀνείρους
1172 2607 1277 2637 ἑαυτοῖς
1293 2604 1514 2639 άναπλάττομεν;
1539 2604 1735 2639 Ἐσκλήρυνται
1756 2604 1826 2639 κάρ-

1036 2654 1090 2681 δίαι
1104 2653 1157 2679 τῶν
1172 2650 1306 2685 ἀδελφῶν,
1325 2651 1373 2677 καὶ
1390 2649 1544 2681 ἀντιτύπως
1562 2648 1665 2684 ἔχουσι,
1683 2649 1748 2681 τοὺς
1767 2658 1825 2677 κοι-

1033 2699 1095 2730 νοὺς
1119 2697 1238 2731 πατέρας
1260 2695 1474 2730 προϐάλλονται,
1499 2695 1544 2721 καὶ
1570 2693 1617 2729 τὴν
1641 2694 1826 2730 κληρονομίαν

1032 2743 1082 2778 τὴν
1092 2742 1139 2770 ἀπ’
1153 2741 1244 2768 αὐτῶν
1254 2741 1283 2768 οὐ
1299 2740 1502 2776 προσδέχονται,
1517 2742 1566 2776 τῆς
1581 2741 1673 2775 κοινῆς
1683 2741 1824 2774 εὐγενείας

264 2799 288 2813 ⁸³
309 2797 422 2824 Zachar.
454 2804 491 2827 XI,
511 2796 537 2822 9.
576 2796 598 2811 ³³
615 2795 693 2823 Joau.
717 2804 754 2829 xl,
783 2795 828 2822 35.
866 2795 889 2810 “
904 2793 975 2822 Psal.

1044 2799 1110 2824 thn,
1130 2792 1158 2818 2.
1195 2792 1217 2807 ⁵⁸
1238 2791 1327 2819 lCor.
1349 2799 1398 2824 III,
1418 2792 1461 2818 il.
1497 2793 1521 2808 "
1538 2791 1608 2820 Luc.
1630 2796 1673 2821 ιν.
1704 2788 1732 2815 Η
1753 2797 1813 2823 stm-
