1938 3082
160 104 213 130 Pili)

782 104 813 131 IN
830 104 923 132 SUAM
935 105 1203 139 ORDINATIONEM.

1736 118 1788 146 ΞΜ)

160 158 372 190 ἀντιποιοῦνται,
395 159 442 186 καὶ
462 161 511 195 τῆς
530 160 597 195 πρὸς
613 162 685 196 ἡμᾶς
702 163 859 196 συγγενείας
871 164 940 191 ἀλλο-

1001 166 1125 196 hostibus
1149 170 1251 198 nostris
1276 179 1305 199 se
1325 177 1477 208 opponunt,
1496 178 1523 202 et
1539 175 1629 205 hostili
1644 178 1735 207 animo
1757 180 1786 207 in

159 204 298 238 τριοῦνται
309 212 316 219 ·
332 205 387 236 τοῖς
402 205 507 241 ἐχθροῖς
526 206 604 241 ἡμῶν
618 206 866 239 ἀντικαθίστανται,
880 209 948 243 πρὸς

158 249 189 275 δὲ
202 250 276 285 ἡμᾶς
290 249 429 285 δυσμενῶς
445 251 562 286 ἔχουσιν·
580 251 675 286 ὥσπερ
687 260 713 278 τι
732 252 857 288 μεθόριον
870 253 948 288 ἡμῶν

159 304 189 321 τε
207 296 254 322 καὶ
274 296 328 322 τῶν
354 296 490 331 πολεμίων
502 297 650 333 γενόμενοι,
672 298 720 325 καὶ
740 298 882 333 ἀμφότερά
895 300 948 326 εἰσι

160 341 208 368 καὶ
221 340 360 376 οὐδέτερον
369 350 375 357 ·
396 341 457 369 οὔτε
471 342 517 369 τὸν
535 343 613 378 ὀρθὸν
625 342 703 377 λόγον
716 343 886 378 ὁμολογοῦσι,
900 344 948 372 καὶ

159 388 291 423 αἱρετικοὶ
314 387 492 422 ὀνομάζεσθαι
516 388 686 420 ἀπαξιοῦσιν.
715 390 748 415 Ὢ
761 388 856 416 καινοῦ
876 390 948 425 πρά-

158 441 279 467 γματος·
302 433 349 459 καὶ
364 432 432 468 πρὸς
445 432 494 468 τὴν
511 433 641 468 ἀλήθειαν
657 434 704 460 καὶ
720 434 788 469 πρὸς
803 435 833 461 τὸ
847 435 945 470 ψεῦδος

158 478 258 512 ἐπίσης
279 478 509 513 ἐκπεπολέμηται,
524 477 579 505 οἷόν
599 488 626 506 τι
638 479 746 515 δένδρον
758 479 881 515 ἄρριζον,
895 477 947 507 ὦδε

155 526 207 552 καὶ
221 523 272 552 ὧδε
287 525 355 561 πρὸς
367 526 417 558 τὰς
431 526 555 558 ἐναντίας
575 526 663 562 ὁρμὰς
679 527 796 558 εὐκόλως
818 528 948 562 μετακλι-

157 571 276 606 νόμενοι.
312 572 435 598 Ἤκουσα
468 571 516 597 τοῦ
551 572 744 606 εὐαγγελιστοῦ
772 572 894 599 Ἰωάννου
917 574 946 600 ὲν

157 617 330 653 ἀποκρύφοις
352 617 419 653 πρὸς
436 617 499 649 τοὺς
521 617 658 649 τοιούτους
673 617 707 644 δι’
723 617 882 653 αἰνίγματος
902 617 946 644 λέ-

156 672 267 697 γοντοςο
281 663 320 695 ὠς
333 663 391 689 δέον
406 663 530 698 ἀκριϐῶς
544 662 616 695 ζέειν
631 663 680 698 μὲν
697 663 805 694 πάντως
817 662 857 698 τῷ
872 663 954 689 πνεύ-

158 717 236 743 ματι,
261 707 427 743 κατεψῦχθαι
449 708 478 733 δὲ
500 709 534 743 τῇ
564 708 686 743 ἁμαρτίᾳ
700 716 707 723 ·
734 708 865 742 "9558.207-
889 707 945 743 γὰρ

155 752 248 788 ἦσθα,
270 753 345 789 φησι,
367 752 496 788 ψυχρὸς,
518 753 537 787 ἢ
561 753 681 786 ζεστόςο
704 753 735 779 τὺ
750 753 778 780 δὲ
796 753 944 789 μηθέτερον

155 798 275 831 τούτων,
287 798 448 834 ἀμφοτέρων
463 798 492 825 δὲ
512 799 700 833 ἐφαπτόμενον
717 799 861 830 ναυτιῶδες
874 800 942 831 ἐστι,

156 845 206 871 καὶ
223 844 290 880 πρὸς
304 844 400 880 ἔμετον
414 844 574 880 ἐπιτήδειον.
593 844 625 870 Τί
639 842 685 871 οὖν
699 844 730 870 τὸ
747 844 842 875 αῐτιον,
860 844 943 871 πάλαι

156 891 209 925 μὲν
224 891 270 917 ἐπὶ
286 890 339 917 τῶν
357 890 484 925 μαθητῶν
506 889 549 916 διὰ
569 889 617 916 τοῦ
640 890 742 925 Κυρίου
759 889 825 916 πολὺ
843 889 943 924 πλῆθος

154 938 190 972 τῇ
216 935 362 972 Ἐκκλησία
380 934 581 970 προσάγεσθαι,
606 934 664 962 νυνὶ
686 934 714 961 δὲ
735 935 797 966 τοὺς
820 934 940 969 μακροὺς

155 982 205 1009 καὶ
218 980 389 1017 περικαλλεῖς
404 980 458 1007 τῶν
470 980 637 1007 διδασκάλων
651 980 746 1014 λόγους
760 980 942 1015 παρατρέχειν

155 1027 314 1062 ἀπράκτους
322 1034 330 1058 ;

198 1073 272 1108 Ἐρεῖ
286 1081 327 1104 τις
341 1072 415 1104 ἴσως,
429 1071 469 1098 δτι
483 1072 543 1099 τότε
560 1072 690 1108 συνήργει
707 1072 762 1104 τοῖς
783 1071 941 1103 ἀποστόλοις

153 1117 190 1144 τὰ
206 1118 239 1144 ὲκ
250 1116 304 1144 τῶν
320 1116 406 1152 ἔργων
421 1116 556 1152 θαύματα,
582 1118 629 1143 καὶ
652 1117 682 1143 τὸ
700 1116 854 1149 ἀξιόπιστον
870 1117 884 1143 ό
899 1116 942 1142 λό’-

153 1172 203 1197 ·γος
218 1162 262 1189 διὰ
275 1162 328 1188 τῶν
343 1162 519 1197 χαρισμάτων
541 1159 609 1196 εἶχε.
631 1161 705 1196 Φημὶ
728 1161 804 1195 κάγὼ
820 1161 941 1196 μεγάλην

153 1210 226 1236 εἶναι
239 1209 306 1244 πρὸς
318 1208 349 1234 τὸ
362 1207 463 1234 πείθειν
474 1207 560 1243 ῥοπὴν
571 1208 620 1242 τὴν
634 1207 667 1234 ὲκ
676 1207 729 1233 τῶν
744 1207 831 1243 ἔργων
846 1207 921 1243 ίσχύν
931 1215 939 1223 ·

153 1255 215 1282 νυνὶ
229 1255 257 1281 δὲ
279 1254 305 1280 τί
319 1253 372 1289 χρὴ
392 1253 426 1279 τὰ
442 1252 570 1287 γινόμενα
585 1252 723 1287 ἡγεῖσθαι,
745 1252 799 1279 Καὶ
816 1252 864 1287 οὺχ
875 1253 940 1288 ὁρᾷς

153 1301 189 1328 τὰ
202 1301 282 1335 ὃμοια
295 1300 344 1334 τῆς
357 1298 475 1330 πίστεως
491 1298 617 1333 θαύματα
629 1307 636 1330 ;
652 1297 810 1333 Οἱκειοῦμαι
821 1298 875 1333 γὰρ
886 1298 940 1324 τῶν

152 1345 308 1380 ὗμοδούλων
323 1343 401 1379 ἡμῶν
421 1343 456 1370 τὰ
475 1342 690 1378 κατορθώματα,
712 1342 750 1378 τῷ
766 1342 839 1378 αὐτῷ
858 1343 940 1369 πνεύ-

155 1400 221 1426 ματι
235 1389 403 1425 ποιχοῦντες
422 1390 450 1415 ὲν
463 1390 496 1423 τῇ
509 1388 622 1423 δυνάμει
638 1388 691 1415 τῶν
708 1388 813 1415 ἰάσεων.
830 1389 940 1423 Μαρτυ-

154 1436 232 1472 ροῦσι
253 1437 286 1471 τῇ
308 1434 421 1470 ἀληθείᾳ
440 1434 488 1460 τοῦ
513 1434 591 1467 λόγου
615 1433 709 1468 ἄνδρες
734 1433 763 1466 ἐξ
791 1432 939 1469 ὑπερορίας

151 1483 275 1518 ἥκοντες,
291 1481 397 1508 πολῖται
410 1479 456 1507 τοῦ
471 1480 572 1515 πατρὸς
583 1480 661 1515 ἡμῶν
677 1479 844 1527 Ἀδραάμ,ὲξ
854 1480 939 1527 Μεσο-
952 1497 973 1527 c

152 1527 292 1563 ποταμίας
309 1526 483 1562 ὡρμημένοι,
507 1525 659 1558 ἐξελθόντες
680 1525 726 1551 καὶ
749 1522 820 1551 οὗτοι
837 1525 869 1551 ἐκ
889 1524 938 1559 τῆς

151 1573 205 1608 γῆς
219 1573 266 1600 καὶ
289 1573 321 1599 ὲκ
335 1572 383 1607 τῆς
404 1571 562 1605 συγγενείας
585 1570 674 1597 αὐτῶν
700 1571 746 1597 καὶ
769 1568 816 1596 τοῦ
836 1569 937 1604 κόσμου

152 1619 264 1651 παντὸς,
286 1619 353 1655 πρὸς
372 1618 484 1653 οὐρανὸν
500 1617 653 1652 βλέποντες,
677 1615 858 1651 ἐκδημοῦντες
877 1615 939 1650 τρό-

151 1674 203 1691 πον
220 1664 279 1691 τινὰ
294 1664 343 1699 τῆς
359 1663 539 1699 ἀνθρωπίνης,
557 1662 612 1688 ἀνω
632 1661 686 1689 τῶν
701 1661 749 1696 τῆς
764 1661 870 1695 φύσεως
887 1669 938 1686 πα-

153 1710 285 1746 θημάτων
300 1709 448 1744 ἱστάμενοι,
463 1708 587 1735 τοσοῦτον
601 1707 782 1742 ἐφαπτόμενοι
797 1707 846 1742 τῆς
864 1706 937 1741 ζωῆς

151 1756 253 1791 ταύτης
277 1755 337 1782 ὅσον
361 1754 526 1788 ἐπάναγκες,
550 1752 588 1787 τῷ
613 1753 640 1779 δὲ
658 1752 758 1779 πλείονι
781 1751 857 1787 μέρει
877 1752 937 1783 ταῖς

151 1801 307 1836 ἀσωμάτοις
322 1798 614 1835 συμμετεωροποροῦσι
630 1799 769 1833 δυνάμεσι,
787 1797 896 1833 γηραιοὶ
906 1797 937 1823 τὸ

150 1845 231 1879 εἶδος,
247 1846 340 1882 σεμνοὶ
363 1846 430 1882 πρὸς
455 1845 538 1877 ἰδέαν,
562 1844 642 1879 πολιᾷ
667 1844 828 1876 στίλϐοντες,
847 1844 935 1878 σιωπῇ

151 1891 399 1928 κατησφαλισμένοι
414 1891 448 1917 τὰ
472 1890 603 1925 στόματα,
623 1889 785 1925 λογομαχεῖν
804 1889 853 1916 οὐκ
870 1889 937 1915 εἰδό-

156 1947 208 1970 ιες,
225 1938 349 1973 συζητεῖν
372 1937 403 1963 οὐ
429 1936 558 1971 μαθόντες
573 1944 580 1950 ·
607 1934 739 1970 τοσαύτην
756 1935 846 1970 ἔχουσι
866 1934 937 1960 κατά

150 1985 206 2011 τῶν
220 1983 383 2019 πνευμάτων
403 1981 451 2017 τὴν
467 1981 601 2014 ἐξουσίαν,
617 1981 654 2012 ὼς
669 1980 794 2015 θαύματα
813 1980 885 2015 μόνῳ
897 1979 936 2014 τῷ

150 2028 274 2057 δοκοῦντι
287 2027 511 2064 κατεργάζεσθαι,
533 2027 580 2053 καὶ
591 2026 742 2061 ὑποχωρεῖν
752 2025 785 2052 τὰ
800 2025 934 2059 δαιμόνια,

149 2075 181 2101 οὺ
202 2072 388 2107 συλλογισμῶν
404 2072 522 2106 τέχναις,
544 2070 601 2098 ἀλλ’
621 2070 731 2105 ἐξουσίᾳ
744 2069 793 2103 τῆς
807 2069 934 2101 πίστεως,

149 2120 200 2147 οὐκ
223 2119 263 2150 εἱς
281 2117 399 2153 ἀπορίαν
414 2116 582 2150 ἀντιφάσεως
599 2115 785 2151 περιαγόμενα
796 2134 803 2144 .
822 2114 878 2140 ἀλλ’
896 2114 935 2144 είς

1000 219 1050 239 nos
1073 212 1160 240 affecti
1181 219 1263 242 sunt:
1280 221 1407 251 tanquam
1427 220 1572 248 conﬁnium
1592 221 1663 250 inter
1686 231 1736 251 nos
1757 231 1787 252 ct

999 255 1092 284 hostes
1114 258 1189 293 facti,
1213 264 1240 287 et
1265 266 1377 296 utraque
1400 268 1464 291 sunt
1490 270 1516 292 et
1535 272 1678 302 neutrum;
1695 277 1784 304 neque

996 306 1101 329 rectum
1120 312 1271 334 sermonem
1285 307 1458 342 conﬁtentur,
1471 315 1497 336 et
1519 311 1638 340 haeretici
1653 315 1783 349 appellari

997 353 1135 377 recusant.
1162 352 1182 377 0
1206 359 1262 378 rem
1284 353 1449 380 inauditam!
1475 360 1501 382 et
1525 358 1630 385 veritati
1653 359 1734 386 simul
1755 365 1782 386 ct

996 392 1138 422 mendacio
1153 395 1253 430 pariter
1268 397 1367 425 bellum
1381 398 1546 433 indixerunt,
1558 407 1683 438 tanquam
1698 404 1781 431 arbor

997 440 1128 475 quaepiam
1140 441 1278 470 radicibus
1288 450 1386 470 carens
1400 442 1453 470 huc
1467 449 1494 471 et
1507 445 1569 473 illuc
1580 447 1629 474 levi
1644 454 1782 477 momento

996 487 1141 514 contrariis
1157 487 1317 522 impulsibus
1340 489 1470 517 inclinati.
1495 490 1626 520 Joannem
1639 493 1781 530 Evangeli-

996 535 1066 559 stam
1081 533 1171 560 audivi
1197 533 1354 568 huiusmodi
1377 536 1501 565 homines
1523 538 1691 571 anigmatica
1718 547 1780 567 ora-

995 576 1068 604 tione
1091 577 1119 605 in
1141 579 1304 614 apocryphis
1333 580 1511 614 alloquentem
1532 591 1537 608 :
1558 590 1619 608 cum
1642 587 1780 617 oporteret

994 626 1088 650 exacte
1111 622 1215 651 fervere
1231 624 1340 659 quidem
1365 627 1475 653 omnino
1495 628 1601 661 spiritu,
1618 627 1714 662 frigere
1728 636 1779 655 au—

995 670 1048 693 tem
1064 668 1183 702 peccato.
1201 668 1307 696 Utinam
1319 670 1388 697 enim
1398 679 1478 704 esses,
1494 672 1591 706 inquit,
1603 672 1717 707 frigidus
1731 678 1778 699 aut

994 710 1095 739 calidus
1122 713 1158 739 '"l
1182 714 1254 748 quod
1283 723 1345 742 vero
1371 720 1495 743 neutrum
1524 716 1565 744 e'st
1605 718 1712 751 horum,
1730 718 1778 745 sed

995 760 1138 792 utrumque
1152 759 1267 793 attingit,
1285 767 1414 787 nauseam
1435 761 1543 794 excitat,
1556 766 1583 789 et
1598 762 1630 789 ad
1648 762 1777 789 vomitqu

994 806 1036 828 est
1051 802 1187 830 idoneum.
1204 803 1273 836 Quid
1296 804 1377 839 igitur
1395 812 1485 833 causae
1500 811 1551 838 est,
1570 813 1620 833 cur
1635 806 1699 833 olim
1714 807 1776 841 qui-

959 835 980 863 B
993 847 1054 873 dem
1066 835 1234 883 temporibus
1245 835 1438 884 discipulorum
1453 851 1485 878 ad
1502 835 1648 879 Ecclesiam
1661 835 1776 886 plurima

993 892 1137 919 multitudo
1161 900 1177 920 a
1202 893 1316 921 Domino
1328 898 1529 930 aggregaretur,
1543 895 1596 929 jam
1612 903 1675 922 vero
1690 896 1777 931 longa:

992 941 1018 964 et
1044 942 1147 965 ornata:
1172 938 1311 966 doctorum
1344 940 1488 967 conciones
1513 941 1571 967 sine
1596 941 1650 968 ullo
1679 941 1777 969 etTectu

993 983 1199 1016 praetervolent?

1026 1074 1154 1102 Fortasse
1182 1075 1253 1103 dicet
1277 1076 1427 1111 quispiam,
1452 1077 1525 1112 quod
1555 1082 1610 1105 tum
1638 1078 1777 1113 apostolos

991 1119 1121 1146 miracula
1134 1127 1165 1147 ex
1182 1120 1309 1154 operibus
1320 1121 1489 1155 adjuvarent,
1504 1125 1531 1148 et
1545 1122 1589 1149 illa
1601 1123 1691 1149 divina
1705 1123 1775 1150 dona

991 1164 1105 1191 orationi
1124 1163 1201 1191 ﬁdem
1219 1165 1406 1192 conciliarent.
1424 1164 1479 1200 Ego
1499 1173 1564 1193 vero
1585 1174 1712 1201 maguum
1732 1168 1775 1193 al'.

992 1208 1063 1236 torre
1078 1208 1112 1235 ad
1124 1209 1329 1243 persuasionem
1346 1215 1511 1237 momentum
1526 1211 1579 1238 vim
1593 1218 1703 1246 operum
1721 1220 1776 1239 non

990 1253 1114 1281 diﬁiteor.
1132 1253 1229 1281 Verum
1246 1254 1321 1289 quid,
1335 1263 1437 1289 quaeso,
1455 1255 1489 1283 de
1514 1255 1547 1283 iis
1567 1263 1627 1291 qu:e
1642 1264 1714 1283 nunc
1731 1264 1776 1291 ge-

990 1302 1087 1325 runtur
1114 1299 1300 1326 arbitrantium
1328 1300 1388 1326 est?
1409 1308 1498 1327 nonne
1522 1301 1597 1335 paria
1623 1301 1684 1328 ﬁdei
1701 1301 1776 1328 vides

990 1343 1120 1370 miracula
1133 1343 1145 1370 ?
1159 1351 1353 1372 conservorum
1378 1345 1449 1371 enim
1468 1350 1623 1372 nostrorum
1646 1346 1775 1380 praeclara

990 1387 1110 1415 facinora
1127 1393 1221 1416 nostra
1233 1393 1337 1424 reputo,
1355 1390 1401 1425 qui
1419 1390 1512 1417 eodem
1535 1390 1562 1417 in
1581 1390 1680 1418 virtute
1694 1398 1775 1417 cura-

988 1434 1094 1460 tionum
1111 1434 1207 1468 spiritu
1221 1434 1363 1462 nobiscum
1375 1434 1522 1462 ducuntur.
1541 1435 1626 1469 Hujus
1641 1436 1775 1463 orationis

990 1478 1096 1505 veritati
1116 1479 1299 1508 testimonium
1314 1479 1410 1507 dicunt
1430 1480 1480 1508 viri
1497 1480 1531 1508 ab
1545 1480 1646 1508 exteris
1668 1485 1695 1509 et
1717 1481 1776 1509 lon-

988 1523 1096 1558 ginquis
1116 1524 1270 1558 regionibus
1291 1525 1407 1558 advecti,
1424 1525 1508 1560 patris
1531 1526 1615 1553 nostri
1636 1526 1773 1553 Abraham

988 1568 1061 1596 cives
1075 1576 1106 1595 ex
1125 1568 1316 1604 Mesopotamia
1334 1569 1459 1605 profecti,
1476 1571 1521 1605 qui
1542 1575 1568 1598 et
1592 1571 1642 1606 ipsi
1654 1572 1687 1599 de
1704 1577 1774 1599 terra

987 1617 1014 1641 et
1040 1615 1202 1648 cognatione
1227 1623 1295 1647 sua,
1325 1620 1407 1651 atque
1431 1616 1498 1643 adeo
1527 1624 1560 1644 ex
1588 1620 1646 1645 toto
1673 1618 1775 1646 mundo

987 1660 1110 1694 egressi,
1130 1660 1216 1688 Oculis
1236 1660 1268 1688 ad
1289 1661 1388 1689 caelum
1413 1662 1563 1695 conversis,
1580 1666 1607 1689 et
1627 1666 1702 1690 extra
1722 1663 1774 1690 hu-

987 1712 1095 1731 manam
1111 1706 1312 1740 quodammodo
1329 1707 1533 1742 peregrinantes
1547 1712 1683 1741 naturam,
1697 1713 1773 1736 extra

987 1757 1093 1777 onmem
1106 1751 1337 1785 perturbationum
1351 1752 1437 1779 aleam
1456 1754 1606 1786 constituti,
1621 1757 1724 1780 lantmu
1740 1762 1774 1782 ex

988 1795 1038 1822 hac
1053 1796 1105 1823 vita
1120 1796 1251 1829 delibant,
1263 1803 1393 1832 quanlum
1404 1805 1517 1826 necesse
1529 1802 1571 1826 est
1583 1808 1590 1832 ;
1602 1800 1699 1834 potiori
1712 1808 1774 1827 vero

987 1842 1028 1869 sui
1052 1848 1128 1877 parte
1152 1850 1214 1869 cum
1239 1843 1407 1878 incorporeis
1434 1844 1580 1873 virtutibus
1605 1845 1631 1871 in
1657 1845 1774 1872 excelsis

986 1890 1141 1917 versantur,
1154 1887 1232 1914 senili
1256 1887 1356 1922 specie,
1374 1891 1456 1922 atque
1479 1892 1590 1923 aspectu
1604 1889 1771 1922 venerando,

986 1931 1087 1958 canitie
1102 1932 1285 1967 splendentes,
1310 1937 1337 1959 et
1358 1933 1500 1967 obsignata
1522 1934 1629 1961 silentio
1648 1937 1770 1961 tenentes

986 1983 1045 2008 ora,
1058 1976 1103 2010 qui
1121 1976 1260 2003 decertare
1276 1977 1364 2004 verbis
1380 1977 1607 2013 neseiunt.neque
1621 1978 1774 2013 disquirere

986 2027 1033 2050 aut
1045 2022 1199 2058 disceptare
1217 2022 1381 2054 didicerunt,
1398 2027 1555 2057 tantamque
1570 2024 1701 2051 adversus
1719 2024 1774 2058 spi-

986 2068 1054 2096 ritus
1076 2068 1198 2095 obtinent
1220 2072 1392 2103 potestalem,
1411 2073 1439 2095 ut
1454 2068 1584 2095 miracula
1598 2069 1656 2096 sola
1676 2070 1773 2096 volun-

987 2116 1041 2139 tate
1056 2112 1205 2146 perﬁciant,
1221 2116 1248 2139 et
1270 2112 1401 2139 daemonia
1426 2112 1573 2139 abscedant
1588 2121 1640 2140 non
1662 2115 1773 2149 syllogi-

148 2165 179 2191 τὸ
198 2163 291 2194 σκότος
304 2163 334 2189 το
352 2162 481 2196 ἐξώτερον
494 2160 710 2195 ἀπελαυνόμενοι.
734 2159 826 2190 Οὕτως
840 2157 908 2185 οἶδεν
920 2158 935 2184 ὀ

990 2165 1106 2184 sincrum
1122 2158 1247 2189 artiﬁcio,
1267 2158 1312 2185 scd
1332 2158 1392 2184 lidci
1405 2159 1533 2192 potentia,
1552 2166 1603 2186 non
1625 2159 1651 2185 iu
1668 2167 1715 2187 eas
1732 2167 1773 2187 re-

149 2209 313 2245 Χριστιανδς
330 2206 547 2241 συλλογίζεσθαι·
569 2206 653 2233 ταῦτα
668 2205 718 2240 τῆς
732 2205 848 2235 πίστεως
860 2204 937 2239 ἡμῶν

148 2255 184 2281 τὰ
195 2253 403 2290 κατορθώματα.
412 2253 462 2279 Διά
470 2250 547 2279 τίοῦν
556 2252 587 2278 οὐ
602 2251 742 2287 πείθομεν,
758 2251 781 2276 εἰ
796 2250 936 2281 πλεονάζει

148 2300 205 2326 τῶν
231 2299 353 2334 ἰαμάτων
373 2299 390 2333 ἡ
404 2299 501 2334 χάρις;
524 2298 547 2323 εί
571 2295 727 2332 περισσεύει
748 2295 937 2331 ήδιδασκαλία

149 2345 197 2372 τοῦ
209 2345 290 2379 λόγου
301 2352 308 2376 ;
323 2343 424 2370 Πάντα
438 2343 471 2370 δὲ
482 2344 574 2370 ταῦτα
586 2341 742 2377 avem-8M7
758 2341 807 2383 καὶ
817 2340 850 2368 τὸ
862 2340 937 2368 αὐτὸ

149 2390 289 2425 Πνεῦμα,
302 2389 437 2424 διαιροῦν
458 2389 518 2421 ιδίςι
537 2388 655 2418 ἑκάστῳ
671 2387 767 2420 καθὼς
780 2386 936 2419 βούλεται.

148 2435 198 2462 Διὰ
212 2435 238 2461 τί
253 2435 283 2461 οὐ
300 2433 404 2468 γίνεται
420 2434 436 2468 ἡ
452 2433 506 2459 τῶν
523 2432 684 2467 σωζομένων
697 2431 857 2466 προσθήκης
881 2430 936 2456 Καὶ

149 2481 248 2516 μηδεὶς
271 2479 417 2506 ὑπονοείτω
442 2477 542 2514 μικρὰν
568 2477 616 2512 τὴν
651 2476 789 2511 παροῦσαν
811 2475 936 2511 ἡγεῖσθαι

147 2528 240 2561 χάριν.
258 2524 333 2561 Ὀρῶ
357 2523 486 2558 κομῶσαν
506 2523 556 2558 τὴν
579 2522 717 2556 ἄμπελον,
738 2521 937 2556 εὐθηνουμένην

148 2574 210 2604 ταῖς
227 2571 384 2606 κληματίσι,
400 2570 447 2596 καὶ
461 2569 499 2604 τῷ
513 2568 612 2604 καρπῷ
634 2568 832 2599 πλεονάζουσαν
849 2575 855 2581 ·
882 2565 938 2601 ὀρῶ

148 2616 353 2652 κυμαινομένην
363 2615 402 2650 τῷ
416 2615 511 2650 πλήθει
521 2614 575 2640 τῶν
586 2612 727 2648 ἀσταχύων
740 2612 789 2647 τὴν
802 2612 920 2647 ἄρουραν
928 2620 934 2627 ·

149 2664 219 2699 βαθὺ
243 2663 274 2690 τὸ
296 2662 387 2698 λήϊον,
411 2661 490 2696 ἁδρὸν
514 2660 544 2686 τὺ
561 2659 681 2694 δράγμα,
696 2657 779 2689 πολὺς
797 2658 811 2683 ὁ
826 2657 934 2692 σπόρος.

153 2709 235 2735 Ἀλλὰ
251 2708 278 2734 τί
298 2707 393 2739 πάοω;
419 2706 592 2740 Ἀπλήρωτον
606 2704 675 2739 ἔχων
691 2704 719 2729 ἐν
736 2704 792 2734 τοῖς
807 2702 936 2733 τοιούτοις

146 2755 197 2791 τὴν
222 2754 304 2789 φύσιν
325 2752 364 2787 τῷ
388 2752 468 2779 πάθει
494 2750 547 2777 τῶν
571 2748 754 2785 φιλοπλούτων
774 2748 933 2783 κατέχομαι.

185 2848 208 2863 ⁸⁷
229 2848 314 2881 Apoc.
330 2854 369 2877 tu,
392 2845 434 2871 lli.
511 2846 536 2862 ιδ
555 2845 566 2873 ι
589 2846 652 2874 Cor.
668 2853 719 2879 ιιι,
736 2845 781 2873 Η.

986 2203 1058 2230 dacti
1073 2203 1223 2237 angustias,
1239 2206 1268 2228 ut
1290 2202 1355 2228 nihil
1375 2203 1573 2236 contradicant,
1589 2203 1636 2230 sed
1657 2204 1684 2231 in
1699 2207 1774 2232 tene—

985 2249 1049 2276 bras
1062 2249 1212 2276 exteriores
1225 2248 1323 2275 abacti.
1342 2247 1386 2275 Sic
1401 2249 1475 2275 novit
1491 2249 1662 2284 syllogismos
1682 2254 1774 2277 texere

985 2293 1177 2320 Christianus:
1195 2300 1226 2320 ea
1250 2297 1315 2320 sunt
1343 2292 1402 2320 ﬁdei
1434 2297 1532 2320 nostra:
1557 2294 1687 2328 praeclara
1707 2294 1774 2321 faci-

984 2346 1061 2366 nora.
1089 2338 1144 2366 Cur
1166 2346 1230 2373 ergo
1250 2345 1304 2365 non
1327 2338 1473 2369 credimus,
1498 2339 1520 2366 si
1544 2339 1663 2366 abundat
1685 2339 1771 2374 gratia

985 2385 1148 2416 sanitatum,
1169 2384 1191 2411 si
1210 2384 1341 2411 exuberat
1355 2384 1478 2411 doctrina
1492 2385 1584 2412 verbi?
1607 2384 1671 2411 ΙΙαιε
1685 2390 1772 2412 autem

986 2431 1075 2458 omnia
1100 2435 1225 2465 operatur
1250 2438 1318 2456 unus
1339 2435 1415 2464 atque
1428 2430 1496 2457 idem
1509 2431 1637 2464 Spiritus,
1656 2430 1772 2457 dividens

986 2475 1095 2511 singulis
1118 2480 1195 2510 prout
1212 2475 1323 2501 vult":
1342 2482 1390 2501 cur
1404 2483 1457 2502 non
1483 2475 1511 2501 ﬁt
1534 2483 1627 2503 eorum
1652 2476 1697 2510 qui
1720 2476 1773 2502 sal-

986 2526 1082 2549 ventur
1097 2521 1237 2549 accessio?
1252 2521 1344 2556 Neque
1361 2529 1425 2548 vero
1438 2521 1464 2548 in
1477 2525 1593 2548 mentem
1606 2522 1696 2548 veniat
1715 2521 1772 2547 cui-

987 2575 1068 2603 quam
1082 2569 1207 2603 exlguam
1221 2571 1380 2602 praesenlem
1393 2567 1505 2602 gratiam
1517 2565 1771 2595 existimare.Vidco

990 2618 1140 2640 comantem
1161 2614 1254 2645 vitem,
1270 2613 1403 2647 pampinis
1419 2617 1446 2640 et
1463 2613 1606 2640 sarmentis
1624 2612 1771 2639 silvescen-

990 2663 1054 2689 tem,
1073 2666 1104 2685 ac
1125 2658 1240 2686 racemis
1260 2659 1468 2690 exuberantcm,
1482 2666 1574 2693 agrum
1594 2657 1677 2692 spicis
1692 2657 1771 2683 luxu—

989 2705 1122 2738 riantem,
1150 2704 1262 2731 densam
1286 2707 1421 2737 segetem.
1439 2703 1556 2737 amplum
1583 2702 1772 2736 manipulum,

988 2750 1100 2777 nmltam
1122 2753 1281 2776 sementem.
1305 2748 1375 2781 Quid
1394 2756 1458 2782 ergo
1483 2753 1523 2775 est
1546 2746 1617 2776 uuod
1641 2754 1685 2774 me
1704 2746 1773 2773 male
