1938 3082
202 95 250 122 filii

822 93 851 120 S.
872 92 1036 121 GREGORII
1058 93 1079 120 N
1086 93 1205 121 YSSENI

1786 90 1819 116 at:
1827 91 1837 115 ι

201 151 299 180 habet?
312 150 467 186 inexplebili
479 150 596 185 quadam
611 151 637 178 in
651 150 784 185 ejusmodi
799 151 880 186 rebus
892 156 989 177 natura

1046 151 1139 182 Οὐδείς
1160 151 1318 186 περιουσίας
1341 150 1403 185 ὄρος
1426 149 1474 186 τὴν
1499 149 1646 184 ἐπιθυμίαν
1671 148 1773 184 ἵστησι.
1798 149 1834 174 Tb

200 198 341 233 ptreditus,
359 197 453 225 eodem
469 204 531 224 cum
549 197 640 224 avaris
660 197 756 224 morbo
771 197 883 224 laboro:
900 197 991 224 mullus

201 251 284 279 copim
296 250 322 270 ct
334 243 519 271 redundantia'
530 243 662 271 terminus
674 243 849 277 cupiditatem
863 243 989 275 cohibet;

202 291 228 316 id
242 290 313 325 quod
332 290 357 317 in
377 289 435 316 dies
454 288 570 319 accedit,
585 287 619 315 ad
641 289 717 323 plura
735 293 864 323 provocat
888 289 992 323 appeti-

203 342 270 369 tum,
285 341 311 363 et
327 336 354 362 iu
379 335 497 362 fomitem
519 335 645 362 desiderii
670 335 804 369 majorum
826 342 908 369 opum
924 341 991 361 eon-

204 383 325 408 vertilur.
343 381 383 408 Me
398 381 505 415 quidem
524 380 659 407 oblectant
674 387 704 407 ea
731 387 789 415 quze
802 385 944 407 versantur
956 380 992 406 ob

203 428 296 455 oculos
309 436 316 460 ;
331 427 510 462 prmsentihus
529 430 677 461 torqueor;
694 433 794 454 novum
811 426 991 460 perturbatio-

204 473 246 500 nis
262 481 346 507 genus
361 481 392 500 ex
405 472 550 499 contrariis
569 473 742 499 commistum
764 472 884 499 animum
900 480 990 499 meum

152 533 154 536 τ
204 517 357 553 m-cuparit.
373 521 500 551 tanquam
515 516 653 551 voluptate
672 525 733 543 cum
748 517 857 544 tristitia
869 520 990 544 contem-

204 567 306 596 perata.
325 562 412 597 Atque
435 562 460 589 in
477 570 524 589 vos
544 563 652 597 quidem
671 563 693 589 si
713 567 869 590 convertant
885 563 989 593 oculos.

204 608 230 633 in
243 607 319 634 vobis
329 607 493 634 desideriqu
507 612 628 634 nostrum
639 608 802 642 acquiescit;
816 609 839 635 si
849 616 912 635 vero
920 609 990 642 quod

204 653 278 679 deest
305 653 329 679 in
355 653 511 679 memoriam
532 653 632 685 redeat,
654 661 706 680 non
728 653 814 681 habeo
837 662 891 688 quo
912 658 991 688 pacto

204 698 384 724 calamitatem
401 698 547 733 deplorem.
563 699 692 725 Homines
704 700 775 726 enim
790 700 946 727 omitteuics
963 700 989 726 in

205 742 318 769 Domino
332 743 459 777 gaudere,
471 749 497 769 et
513 751 544 770 ex
562 744 689 770 Ecclesia:
706 751 770 777 pace
787 744 878 771 animo
893 752 990 779 capere

1045 198 1088 224 ἀεὶ
1103 197 1315 232 προσγινόμενον
1326 196 1394 231 πρὸς
1407 195 1438 222 τὸ
1451 195 1532 221 πλέον
1544 195 1661 229 ἑρεθίξει
1672 194 1720 230 τὴν
1734 194 1832 229 δρεξιν,

1048 242 1215 278 ὑπέκκαυμα
1239 243 1288 277 τῆς
1312 242 1358 268 τοῦ
1380 241 1502 272 πλείονος
1522 240 1667 275 ἐπιθυμίας
1681 241 1832 274 γινόμενον.

1047 288 1194 324 Εὑφραίνει
1206 297 1238 324 με
1253 287 1288 314 τὰ
1301 287 1436 323 ὁρώμενα.
1447 288 1510 318 Τοῖς
1523 286 1656 321 παροῦσιν
1669 285 1831 321 ἀγάλλομαι,

1045 334 1093 360 καὶ
1105 334 1162 365 τοῖς
1176 332 1293 359 ἀποῦσιν
1308 332 1457 367 ἀλγύνομαι
1466 340 1473 347 ο
1495 331 1583 358 κοινόν
1595 340 1621 357 τι
1637 330 1723 362 πάθος
1736 331 1768 357 ὲκ
1780 330 1833 357 τῶν

1045 378 1175 406 ὲναντίων
1186 378 1338 414 σύμμικτον
1350 377 1398 413 τὴν
1410 378 1499 413 ψυχὴν
1512 377 1643 412 περιέχει,
1657 377 1755 412 ἡδονῆς
1765 376 1833 411 πρὸς

1043 424 1132 460 λύπην
1149 423 1386 458 συγκεκραμένης,
1412 423 1475 449 Ἐἀν
1495 422 1563 457 πρὸς
1585 422 1659 457 ὑμᾶς
1678 421 1830 456 ἀναϐλέψω,

1043 471 1108 507 ὑμῖν
1125 470 1291 497 ἑπαναπαύω
1306 469 1351 495 τδν
1371 469 1469 495 πᾶθον·
1493 469 1539 495 ἐὰν
1557 468 1589 494 τὸ
1609 468 1701 494 λεῖπον
1716 467 1830 501 λογίσω-

1045 524 1104 550 μαι,
1116 515 1166 541 οὐκ
1177 515 1231 549 ἔχω
1241 515 1315 545 ὅπως
1331 513 1451 545 στενάξω
1465 513 1514 548 τὴν
1535 513 1689 548 συμφοράν.
1706 513 1760 538 Καὶ
1776 511 1829 547 γὰρ

1042 560 1157 595 ἀφέντες
1170 561 1195 586 ot
1214 560 1351 595 ἄνθρωποι
1366 559 1395 586 τδ
1409 561 1583 595 κατατρυφᾷν
1598 559 1643 586 τοῦ
1658 559 1773 595 Κυρίου,
1786 560 1830 586 καὶ

1043 607 1088 632 ἐπὶ
1107 607 1139 641 τῇ
1160 606 1254 641 είρήνῃ
1269 606 1317 640 τῆς
1340 605 1502 639 Ἐκκλησίας
1519 605 1722 641 εὐφραίνεσθαι,
1739 605 1831 637 οὐσίας

1043 651 1119 683 τινὰς
1135 651 1332 686 τεχνολογοῦσι,
1344 652 1391 677 καὶ
1409 651 1510 686 μεγέθη
1525 650 1754 686 καταμετροῦσιν,
1769 651 1831 677 Υἰὸν

1044 697 1131 733 Πατρὶ
1142 697 1390 732 παραμετροῦντες,
1407 698 1453 723 καὶ
1465 697 1656 732 περισσότερον
1668 696 1714 722 τοῦ
1731 697 1830 731 μέτρου

1043 743 1082 778 τῷ
1101 743 1187 778 Πατρὶ
1199 743 1382 778 χαριζόμενοι.
1397 742 1446 774 Τίς
1467 742 1538 769 εἴποι
1555 742 1660 773 αὐτοῖς·
1681 742 1718 768 Τὸ
1732 742 1830 769 ἄποσον

203 790 380 823 voluptatem,
397 790 429 816 de
447 789 607 817 substantiis
629 790 720 816 nescio
738 790 835 824 quibus
862 797 990 825 argutaa-

1046 789 1071 815 οὐ
1086 790 1224 824 μετρεῖται
1235 797 1242 804 ·
1264 788 1295 814 τὸ
1314 788 1401 820 ἀειδὲς
1414 788 1445 814 οὺ
1459 787 1634 823 δοκιμάζεται
1645 795 1653 803 '
1668 787 1699 814 τὸ
1721 787 1831 823 ἀσώμα-

203 839 258 865 tur,
278 839 304 861 et
325 835 525 869 magnitudines
541 835 728 865 dimetiuntur.
746 835 843 863 Filium
862 845 894 863 cx
915 845 991 864 com-

203 881 343 914 paratione
365 888 426 907 cum
450 879 529 907 Patre
550 881 708 913 metiuntur,
733 886 759 907 et
787 882 858 916 quod
886 883 992 909 excedit

205 934 371 956 mensuram,
389 926 459 953 Patri
476 926 637 961 largiuntur.
655 926 721 959 Quis
743 928 791 954 hoc
805 928 905 955 dixerit
917 929 985 954 illis:

204 971 279 1003 Quod
293 976 424 1005 quantum
440 980 493 999 non
508 978 560 1004 est,
582 981 635 999 non
653 977 845 1006 niensm-atur;
861 973 932 1008 quod
951 974 992 1000 in-

203 1025 363 1051 corporeum
387 1022 448 1051 est,
476 1026 530 1046 non
555 1018 740 1054 pondel‘atur;
763 1019 834 1053 quod
856 1019 989 1046 inﬁnitum

202 1067 255 1092 est.
273 1071 326 1090 non
339 1068 533 1098 comparatur;
550 1064 621 1099 quod
637 1072 689 1091 non
705 1069 888 1099 comparatur.
905 1065 990 1099 pluris

203 1113 249 1134 aut
274 1108 387 1135 minoris
403 1108 535 1136 rationem
558 1118 610 1137 non
630 1110 747 1137 admittit
767 1120 773 1136 :
799 1111 932 1145 siquidem
958 1119 989 1138 ex

204 1161 293 1179 rerum
314 1153 383 1180 inter
405 1152 480 1188 ipsas
500 1155 705 1189 comparatione
729 1163 872 1182 excessum
892 1156 991 1191 colligi

204 1204 273 1224 nius.
303 1197 367 1232 Ejus
392 1203 496 1230 autent,
520 1200 599 1233 cujus
625 1201 686 1227 finis
715 1201 906 1235 comprehendi
938 1210 990 1229 non

204 1246 302 1276 potest,
328 1250 469 1270 excessum
496 1248 585 1271 mente
605 1247 762 1279 contingere
789 1254 868 1271 IIt'IIIu
892 1246 994 1280 potesf?

203 1287 313 1316 Memini
325 1295 374 1323 ego
386 1289 458 1316 illitis
470 1290 577 1323 psalmi,
590 1298 669 1325 quem
683 1292 855 1318 succinentcs
867 1299 898 1317 ac
911 1292 990 1318 simul

204 1334 318 1369 hymnos
332 1339 509 1370 personantes
525 1337 754 1371 ingrediebanmr,
771 1340 884 1373 Magnus
899 1338 991 1366 Domi-

1042 842 1087 861 τον
1105 835 1134 860 οὺ
1154 834 1330 869 σταθμίζεται
1341 843 1347 849 ·
1366 833 1396 860 τὺ
1406 834 1530 868 ἀόριστον
1547 834 1576 860 οὺ
1594 834 1770 869 συγκρίνεται
1782 842 1789 849 ·
1802 834 1831 860 τὸ

1045 880 1082 915 μὴ
1110 880 1322 914 συγκρινόμενον
1340 879 1388 906 τοῦ
1412 879 1533 911 πλείονος
1558 879 1604 906 καὶ
1621 879 1761 911 ἐλάττονος
1783 880 1831 905 οὐκ

1043 925 1198 960 ἐπιδέχεται
1209 925 1297 959 λόγον.
1321 925 1367 951 Ἐκ
1382 925 1435 960 γὰρ
1449 925 1498 961 τῆς
1515 925 1569 951 τῶν
1581 925 1750 960 πραγμάτων
1764 924 1831 960 πρὸς

1044 971 1146 1006 ἄλληλα
1159 970 1338 1006 παραθέσεως
1352 971 1382 997 τὺ
1399 971 1479 997 πλέον
1496 970 1724 1005 ἑπιγινώσκομεν.
1746 966 1783 996 Οὗ

1043 1018 1073 1043 τὺ
1098 1018 1174 1049 τέλος
1200 1017 1330 1051 ἄληπτον,
1359 1016 1455 1043 τούτου
1480 1016 1510 1042 τὸ
1541 1016 1622 1042 πλέον
1646 1015 1835 1050 ἁνεπινόητω,

1045 1063 1168 1089 Ἤκουσα
1186 1062 1233 1089 τοῦ
1251 1062 1454 1097 ὑποψάλματος,
1477 1062 1491 1088 ὃ
1510 1063 1587 1097 κοινῇ
1607 1061 1707 1092 πάντες
1721 1060 1830 1096 ὑμνολο-

1044 1109 1156 1143 γοῦντες
1177 1109 1307 1144 ὲπῄειμεν
1325 1117 1331 1124 ·
1360 1108 1458 1142 Μέγας
1482 1109 1589 1141 Κύριος
1606 1107 1655 1134 καί
1674 1107 1791 1141 μετά-ιη
1812 1107 1830 1139 ἠ

1045 1155 1134 1189 ἰσχὺς
1144 1155 1248 1186 αὑτοῦ,
1261 1155 1308 1182 καί
1324 1154 1379 1189 τῆς
1390 1153 1545 1186 συνέσεως
1562 1152 1657 1180 αὑτοῦ
1676 1153 1732 1179 οὐκ
1748 1152 1833 1178 ἐστιν

1042 1200 1175 1234 ἀριθμός.
1199 1200 1231 1226 Τί
1250 1198 1297 1226 οὖν
1313 1199 1393 1226 τοῦτό
1408 1200 1500 1231 torui;
1520 1198 1683 1234 ’Δρίθμησον
1702 1197 1736 1223 τὰ
1757 1197 1832 1231 είρη-

1045 1246 1124 1280 μένα,
1145 1246 1192 1272 καὶ
1213 1247 1283 1277 νοεῖς
1304 1246 1334 1272 τὺ
1360 1245 1518 1280 μυστήριον.
1542 1243 1640 1278 Μέγας
1650 1244 1768 1276 Κύριος,
1783 1242 1832 1268 οὐκ

1044 1291 1104 1318 εἷπε
1117 1292 1198 1319 πόσον
1217 1292 1329 1327 μέγεθος
1345 1299 1352 1306 ⁸
1379 1291 1438 1318 οὐδὲ
1453 1291 1507 1327 γὰρ
1520 1288 1554 1326 ἦν
1571 1290 1682 1317 δυνατὸν
1696 1289 1785 1314 εἰπεῖν
1802 1287 1834 1314 τὸ

1045 1338 1137 1371 πόσον,
1153 1337 1221 1365 ἀλλὰ
1238 1337 1276 1372 τῷ
1291 1338 1408 1373 ἀορίστῳ
1420 1337 1470 1371 τῆς
1488 1335 1625 1371 σημασίας
1646 1335 1691 1361 ἐπὶ
1705 1334 1737 1360 τὸ
1756 1333 1833 1360 ἄπει-

203 1387 251 1405 nus
267 1384 291 1406 ει
308 1388 404 1413 "rugitu
421 1381 503 1408 t-irlus
517 1381 592 1416 ejus;
611 1388 635 1410 et
661 1384 797 1415 supientin'
813 1384 870 1418 ejus
890 1393 940 1411 non
953 1390 991 1411 cst

1046 1393 1091 1419 ρον
1112 1384 1204 1419 ὁδηγεῖ
1216 1383 1265 1419 τὴν
1281 1383 1410 1410 διάνοιαν.
1440 1382 1567 1416 Ὁμοίως,
1581 1381 1715 1416 Μεγάλη,
1739 1380 1832 1416 φησὶν,

202 1433 325 1452 unnterus
339 1426 372 1452 ".
388 1426 458 1459 Quid
479 1427 530 1453 hoc
546 1435 610 1463 ergo
624 1429 683 1455 est?
703 1428 835 1456 Enumera
847 1438 907 1463 qua:
920 1430 993 1457 dicta

203 1476 277 1503 sunt.
292 1477 318 1498 et
336 1473 493 1508 mysterium
508 1474 646 1509 intelligis.
661 1475 772 1510 Magnus
786 1476 923 1509 Dominus,
940 1485 992 1504 non

203 1519 283 1550 dixit,
296 1525 397 1554 quanta
415 1521 449 1547 sit
462 1521 638 1555 magnitudo:
658 1530 743 1556 neque
760 1524 830 1550 enim
846 1524 900 1550 lieri
918 1529 992 1558 poto-

204 1569 245 1590 rat
265 1569 295 1591 ut
316 1565 417 1593 diceret
431 1571 549 1600 quantus
563 1568 704 1594 essclzsed
720 1568 771 1594 hoc
791 1570 848 1603 ipso
865 1569 937 1603 quod
956 1569 992 1595 ita

202 1616 261 1635 eam
279 1609 413 1645 designat,
435 1615 464 1637 ut
482 1619 535 1638 non
557 1612 763 1639 circumscribat
786 1618 830 1640 aut
855 1615 991 1647 terminet,

203 1654 304 1681 sensim
330 1662 362 1681 co
387 1661 502 1683 mentem
526 1657 659 1692 provehit.
687 1662 713 1683 ut
748 1658 907 1685 inunensam
931 1667 993 1686 eSse

202 1703 359 1733 cognoscat.
377 1699 438 1727 Pari
456 1701 546 1734 modo,
569 1701 677 1737 Magna,
695 1703 791 1735 inquit,
810 1706 893 1730 virtus
910 1704 967 1738 ejus
983 1712 991 1731 :

203 1744 328 1771 virtutem
339 1752 403 1772 vero
419 1753 480 1772 cum
499 1746 588 1777 audis,
609 1748 754 1781 potentiam
770 1748 896 1782 intelligo.
914 1749 992 1775 Cbri-

203 1795 261 1816 srus
278 1794 367 1816 autem
383 1790 430 1818 Dei
445 1791 564 1826 potentia
581 1796 623 1819 est
639 1796 666 1819 et
681 1791 726 1819 Dei
743 1793 885 1826 sapientia,
902 1793 948 1820 sed
966 1797 992 1821 et

1045 1432 1064 1465 ἡ
1091 1431 1181 1463 ἰσχὺς
1208 1429 1300 1467 αὐτοῦ
1316 1437 1323 1444 ·
1356 1429 1432 1464 ίσχὺν
1454 1428 1482 1455 δὲ
1510 1427 1641 1461 ἀκούσας,
1652 1426 1702 1462 τὴν
1718 1426 1834 1460 δύναμιν

1047 1476 1151 1511 νόησον.
1177 1475 1293 1512 Χριστὸς
1307 1475 1335 1502 δὲ
1357 1474 1424 1502 Θεοῦ
1448 1474 1562 1509 δύναμις
1586 1473 1633 1499 καὶ
1647 1472 1715 1499 Θεοῦ
1731 1472 1811 1506 σοφία
1825 1480 1833 1487 ·

1045 1522 1112 1549 ἀλλὰ
1141 1521 1192 1555 τῆς
1230 1521 1364 1552 συνέσεως
1401 1519 1484 1547 αὑτοῦ
1515 1520 1565 1545 οὐκ
1601 1518 1674 1545 ἐστιν
1706 1518 1834 1553 ἀριθμός.

1051 1566 1212 1603 Ἐρμηνεύει
1241 1566 1290 1603 τὴν
1324 1566 1431 1594 σύνεσιν
1460 1566 1574 1597 Ἡσαΐας
1602 1564 1696 1599 σαφῶς
1725 1564 1812 1598 λέγων
1827 1572 1833 1577 ·

1046 1611 1167 1645 Πνεῦμα
1191 1611 1301 1646 σοφίας
1321 1610 1371 1637 καὶ
1393 1610 1557 1642 συνέσεως.
1581 1610 1705 1636 Ἤκουσα
1725 1609 1755 1634 ὲν
1778 1610 1835 1640 τοίς

1048 1658 1232 1693 μακαρισμοῖς
1263 1655 1499 1692 μακαριζομένους
1529 1655 1593 1686 τοὺς
1623 1654 1758 1689 διψῶντας
1788 1654 1835 1681 τὸν

1046 1704 1159 1739 Κύριον.
1176 1703 1252 1737 Τάχα
1264 1700 1310 1729 οὖν
1331 1702 1379 1729 οὐκ
1400 1701 1452 1735 ἔξω
1469 1700 1516 1728 τοῦ
1532 1700 1628 1737 καιροῦ
1640 1700 1670 1728 τὺ
1686 1699 1814 1735 ἐνθύμιον
1828 1708 1834 1713 ·

1046 1749 1092 1777 καί
1121 1758 1165 1784 μοι
1188 1748 1299 1782 δέξασθε
1323 1748 1368 1775 τὸν
1390 1748 1488 1782 λόγον,
1513 1746 1564 1774 κᾶν
1586 1745 1763 1782 ἀπηρτῆσθαι
1781 1745 1837 1771 τῶν

1048 1795 1191 1831 παρόντων
1203 1794 1287 1821 δοκεῖ.

202 1836 341 1870 sapientia:
357 1837 417 1872 ejus
440 1846 494 1865 non
510 1843 552 1866 est
575 1838 647 1866 linis.
666 1838 833 1873 Sapientiam
854 1840 937 1868 Isaias
954 1841 1149 1878 interpretatur
1163 1846 1255 1877 aperte.
1287 1841 1391 1871 dicens.
1429 1840 1547 1875 Spiritus
1561 1841 1698 1875 sapientia:
1729 1845 1756 1867 et
1772 1846 1838 1874 pnt-

203 1883 298 1909 dmtiw
314 1883 347 1910 “.
362 1884 458 1911 Audivi
476 1885 547 1911 inter
563 1885 743 1912 beatitudines
782 1894 830 1914 cos
861 1887 954 1915 beatos
984 1890 1135 1923 prmdicari,
1152 1890 1198 1924 qui
1217 1890 1312 1917 sitiunt
1336 1889 1498 1916 Dominum:
1516 1887 1648 1915 attendite
1671 1893 1736 1922 ergo
1753 1890 1836 1920 atque

203 1929 318 1964 ﬂeeipite
342 1938 395 1956 non
422 1930 538 1958 aliemun
565 1931 680 1958 fortasse
698 1939 711 1957 a
728 1937 858 1967 tempore,
876 1933 902 1960 id
919 1936 990 1969 quod
1012 1935 1096 1962 menti
1112 1942 1178 1963 mea:
1196 1942 1269 1963 nunc
1289 1935 1462 1967 observatur,
1477 1933 1583 1960 tametsi
1606 1933 1640 1960 ab
1653 1939 1687 1960 eo
1723 1932 1752 1959 in
1781 1938 1837 1966 quo

204 1982 355 2008 versamur,
367 1975 474 2003 videtur
493 1976 694 2010 quodammodo
708 1977 871 2013 dependere.

239 2044 267 2071 Si
284 2045 346 2080 quis
368 2045 418 2072 sub
441 2046 657 2079 meridiem,sole
684 2046 768 2074 radiis
789 2047 991 2076 ardentioribus

1083 2049 1115 2075 Εἴ
1123 2057 1165 2079 τις
1174 2047 1218 2075 διὰ
1229 2046 1401 2083 μεσημϐρίας
1408 2045 1507 2072 ὁδεύων
1515 2043 1560 2071 τοῦ
1571 2044 1647 2080 ἡλίου
1657 2045 1836 2080 θερμοτέραες

203 2090 285 2123 capiti
325 2090 482 2118 imminente
515 2099 677 2126 omnemque
707 2094 829 2128 corporis
855 2094 992 2122 humorem

204 2143 253 2162 sua
273 2134 382 2162 ﬂamma
412 2140 542 2167 torrente.
566 2137 617 2165 iter
644 2137 758 2170 habeat,
787 2140 907 2174 subjecta
930 2148 995 2167 vero

204 2182 239 2209 sit
254 2181 314 2216 ejus
330 2182 428 2209 calceis
443 2182 522 2209 tellus
537 2190 643 2217 aspera,
657 2184 700 2210 via
716 2184 832 2211 diﬂicilis
859 2189 886 2211 et
899 2184 994 2211 admo-

203 2226 376 2259 dtttn'arida,
398 2227 495 2254 deinde
516 2233 643 2255 occurrat
664 2229 798 2263 ejusmodi
817 2229 919 2257 homini
934 2230 995 2258 fons

206 2271 313 2306 :liquis,
326 2272 405 2306 cujus
428 2272 537 2308 limpida
553 2279 616 2300 sunt
641 2281 672 2300 ac
690 2274 829 2308 perlucida
844 2275 956 2307 ﬂuenta,
968 2279 996 2303 ct

203 2318 304 2344 ntTatim
322 2318 520 2352 refrigerantia,
533 2320 697 2354 copioseque
717 2320 875 2355 proﬂuentia
895 2331 901 2348 :
921 2330 992 2348 nun-

204 2363 270 2395 quid
287 2367 350 2390 ante
365 2371 461 2398 aquam
476 2365 638 2397 considebit,
649 2366 736 2400 deque
748 2367 807 2400 ejus
823 2372 918 2393 natura
935 2367 994 2401 phi-

202 2410 400 2444 losophabitur,
413 2410 493 2442 unde,
512 2414 539 2437 et
553 2418 608 2445 quo
626 2411 715 2443 modo,
732 2419 840 2446 quaque
853 2420 886 2439 ex
901 2420 995 2445 causa,

202 2460 356 2489 cmteraquc
375 2455 509 2489 ejusmodi
533 2456 703 2490 perquirens,
727 2464 787 2491 qua:
808 2457 842 2484 ab
867 2457 920 2486 illis
940 2463 996 2485 tra-

202 2501 272 2529 ctari
287 2501 384 2533 solent,
399 2501 444 2535 qui
460 2500 487 2527 iu
502 2500 634 2535 ejusmodi
651 2501 731 2536 nugis
756 2509 934 2536 occupantur,
950 2512 996 2531 va-

207 2553 297 2581 porem
312 2546 416 2574 scilicet
427 2546 570 2581 quemdam
584 2547 610 2573 in
625 2545 767 2581 profundis
783 2552 862 2575 terra;
875 2549 996 2583 partibus

207 2592 360 2627 dispersum
390 2596 415 2620 et
450 2593 634 2628 prosilientem
671 2597 751 2627 atque
787 2601 991 2632 compressum,

207 2644 303 2671 aquam
320 2636 388 2669 ﬁeri,
407 2641 453 2664 aut
467 2645 561 2669 venas,
577 2645 637 2671 qua:
653 2637 679 2664 iu
693 2640 906 2667 concavitatibus
920 2645 998 2668 terra:

206 2682 310 2710 ditl'usa:
323 2688 396 2716 sunt,
411 2683 434 2710 si
449 2683 489 2711 eis
504 2691 549 2710 ora
566 2684 691 2711 laxentur
703 2693 801 2720 aquam
813 2686 993 2720 profundere:

206 2735 241 2754 aa
273 2735 337 2756 vero
364 2729 470 2756 cunctis
508 2729 641 2764 ejusmodi
678 2730 832 2758 valediceus
864 2731 995 2758 incumbit

259 2820 281 2836 ⁵³
297 2819 369 2846 Psal.
387 2827 476 2852 CXLVI,
499 2820 524 2846 ὕ.
593 2822 614 2839 σε
634 2822 684 2851 lsa.
705 2831 742 2856 χι,
762 2823 786 2850 Ξ.

1032 2096 1106 2132 λιταῖς
1121 2094 1212 2120 ἀκτῖσι
1225 2093 1274 2128 τῆς
1288 2091 1409 2126 κεφαλῆς
1428 2090 1617 2126 ὑπερζέοντος,
1633 2090 1679 2116 καὶ
1695 2090 1750 2116 πᾶν
1762 2090 1793 2116 τὸ
1807 2090 1836 2116 ἐν

1049 2140 1155 2176 σώματι
1169 2138 1251 2174 ὑγρὸν
1264 2139 1296 2173 τῇ
1313 2137 1391 2172 φλογὶ
1407 2136 1660 2172 καταφρύσσοντος·
1680 2135 1835 2171 προκείσθω

1047 2186 1076 2213 δὲ
1089 2184 1128 2220 τῷ
1150 2184 1301 2219 ὑποδήματι
1319 2184 1354 2218 γῆ
1376 2184 1489 2218 τραχεῖα
1512 2183 1559 2208 καὶ
1584 2181 1767 2217 δυσπόρευτος
1789 2182 1835 2208 καὶ

1047 2230 1164 2265 διψώδης
1177 2238 1184 2245 ·
1208 2227 1267 2256 εἶτα
1287 2228 1408 2264 ἐπιτύχοι
1423 2228 1513 2263 πηγῆς
1532 2228 1546 2254 ὁ
1559 2228 1687 2259 τοιοῦτος,
1707 2225 1740 2263 ἧς
1756 2228 1835 2254 καλὸν

1049 2276 1096 2303 καὶ
1109 2275 1238 2310 διαφανὲς
1252 2274 1282 2301 τὸ
1295 2274 1380 2308 νᾶμα,
1391 2274 1438 2300 καὶ
1451 2273 1594 2309 προσηνῶς
1610 2273 1777 2309 καταψύχον,
1790 2274 1837 2299 καὶ

1048 2321 1171 2356 ἀφθόνως
1203 2320 1402 2355 ὑπερχεόμενον
1420 2327 1426 2333 ·
1462 2317 1517 2354 ἆρα
1547 2319 1774 2354 προσκαθεδεῖται
1798 2319 1838 2353 τῷ

1049 2366 1136 2399 ὕδατι,
1152 2366 1198 2392 καί
1214 2365 1389 2400 φιλοσοφήσει
1411 2365 1475 2400 περὶ
1496 2364 1544 2399 τῆς
1565 2364 1682 2398 φύσεως,
1702 2364 1775 2397 ὅθεν,
1791 2365 1837 2392 καὶ

1048 2412 1132 2443 ὅπως,
1146 2412 1193 2437 καὶ
1207 2411 1251 2437 διὰ
1272 2410 1355 2442 τίνος,
1370 2410 1418 2436 καὶ
1432 2410 1466 2436 τὰ
1479 2409 1589 2436 τοιαῦτα
1604 2409 1777 2442 διεξετάζων,
1793 2407 1839 2435 οἶα

1048 2457 1080 2492 δὴ
1096 2457 1153 2487 τοῖς
1168 2454 1373 2490 μταιολογοῦσι
1391 2454 1504 2488 σύνηθες
1521 2454 1625 2488 λέγειν·
1640 2454 1681 2480 ὅτι
1699 2454 1782 2489 ίκμάς
1796 2462 1838 2485 τις

1050 2502 1290 2537 ὲγκατεσπασμένη
1306 2501 1345 2537 τῷ
1359 2500 1435 2536 βάθει
1451 2500 1500 2536 τῆς
1514 2501 1576 2535 γῆς,
1599 2500 1646 2526 καὶ
1667 2500 1838 2535 διαπηδῶσα.

1049 2549 1095 2574 καὶ
1117 2547 1322 2582 συνθλιῦομένη,
1340 2547 1412 2582 ὕδωρ
1428 2546 1541 2581 γίνεται,
1566 2545 1583 2580 ἢ
1605 2546 1645 2572 ὅτι
1671 2545 1770 2580 φλέϐες
1792 2546 1843 2571 ὲκ-

1050 2594 1197 2629 κεχυμέναι
1211 2595 1271 2625 ταῖς
1295 2593 1370 2620 κάτω
1389 2593 1551 2626 κοιλότησιν,
1577 2592 1657 2627 εἴπερ
1680 2592 1845 2626 ἀναστομω-

1050 2639 1127 2671 θῶσι,
1143 2640 1173 2665 τὺ
1187 2639 1258 2674 ὕδωρ
1274 2639 1446 2674 προχέουσιν·
1468 2638 1484 2673 ἢ
1500 2638 1588 2664 πάντα
1607 2637 1641 2663 τὰ
1652 2637 1765 2663 τοιαῦτα
1780 2636 1845 2671 χαί-

1052 2694 1107 2721 ρειν
1125 2685 1209 2717 ἐάσας
1234 2684 1379 2711 ἐπικύπτει
1401 2684 1439 2719 τῷ
1462 2684 1574 2719 νάματι,
1599 2683 1647 2709 καὶ
1662 2682 1790 2718 προσθεὶς
1805 2682 1845 2708 τὰ

1050 2730 1136 2766 χείλη,
1150 2729 1296 2765 θεραπεύει
1309 2729 1359 2765 τὴν
1372 2729 1452 2764 δίψαν
1469 2729 1515 2757 καὶ
1533 2727 1665 2764 ἀναψύχει
1683 2728 1735 2763 τὴν
1752 2726 1846 2761 γλῶσ-
