1938 3082
222 124 276 153 ὕδὸ

861 122 890 149 S.
911 121 1073 150 GREGORH
1095 122 1239 150 NYSSENl

1809 127 1858 159 5.56

221 184 260 210 tio
285 189 422 210 sumntum
443 184 486 207 est
508 187 698 215 smpeunmcro
723 187 777 207 non
800 182 987 214 assequuntur

1065 179 1170 206 διάνοια
1186 180 1253 215 πρὸς
1264 180 1309 206 τὴν
1324 180 1443 216 λειμῶνα
1459 181 1508 217 τῆς
1520 181 1632 218 Γραφῇ
1645 182 1856 216 ἀποϐλέποντος.

221 230 275 257 tale
292 227 422 263 quiddam
436 226 519 254 etiam
536 225 629 253 animo
646 234 707 254 meo
733 230 841 261 pratum
857 226 1007 260 Scriptura:

220 275 373 311 spectantis
390 281 442 301 usu
460 273 545 300 venit.
563 271 768 299 Sententiarum
797 271 871 299 enim
888 272 1011 306 pulchri-

221 322 325 350 tudinis
338 319 497 348 varietasad
508 318 598 346 omnia
611 318 714 354 pariter
728 317 848 345 animum
859 318 1011 348 attraheus.

221 368 306 395 efﬁcit
326 372 355 394 ut
368 365 505 402 cupiditas
523 365 592 399 ejus.
611 363 675 391 dum
705 364 731 391 111
751 364 808 399 pari
833 363 932 391 decore
945 371 1014 398 pra:-

221 415 285 441 111ιί5
296 413 367 440 haud
380 412 460 439 facile
471 411 544 446 quod
562 409 654 445 potius
679 415 812 445 sequntur
829 409 952 444 reperire
966 417 1013 445 po-

221 463 286 490 test.
308 459 470 486 inconstans
485 457 531 489 sitI
552 461 579 484 et
607 458 641 483 ah
671 456 733 483 aliis
756 455 789 483 ad
813 456 866 483 alia
887 459 1013 491 properet

221 510 304 539 atque
316 504 437 532 festinet.
457 502 527 529 Ecce
538 502 611 529 enim
626 502 764 537 quomodo
782 509 830 537 per
842 501 1012 537 prophetiam

222 550 311 584 magni
329 548 438 576 "avidis
453 548 534 575 flores
559 547 683 574 cnitcnt?
696 547 787 582 qualis
817 555 883 574 vero
904 546 954 574 flos
970 547 1012 574 di-

223 596 302 622 vinus
315 595 475 629 Apestolus,
499 593 620 627 paradisi
649 594 764 620 cultura:
781 592 1012 628 pulchritudinem

221 640 380 670 ostendens.
397 647 428 666 ac
438 639 551 666 multam
567 639 662 666 odoris
677 638 779 666 Christi
806 639 934 666 redolens
948 645 1014 665 sua-

1066 225 1103 251 Τὸ
1119 226 1174 260 γὰρ
1192 226 1315 253 ποικίλον
1328 226 1377 261 τῆς
1394 226 1469 262 ὥρας
1488 227 1544 254 τῶν
1558 228 1702 263 νοημάτων
1719 229 1857 264 ὁμοτίμως

1065 270 1111 296 ἐπὶ
1135 271 1225 298 πάντα
1242 270 1291 306 τὴν
1322 271 1410 306 ψυχὴν
1431 272 1624 308 ἐφελκόμενον,
1643 274 1771 301 ἀστατεῐν
1790 276 1859 302 ποιεῖ

1065 316 1114 351 τὴν
1127 316 1285 351 ἐπιθυμίαν,
1299 316 1337 352 τῷ
1354 318 1391 353 μὴ
1407 317 1537 346 δύνασθαι
1550 319 1649 355 ῥᾳδίως
1662 320 1753 355 εὑρεῖν
1763 321 1793 347 ὲν
1804 322 1858 353 τοῖς

1065 361 1207 397 ὁμοτίμοις
1222 362 1253 388 τὸ
1278 364 1482 398 προτιμότερον.
1504 364 1568 391 Ἰδοὺ
1590 364 1644 400 γὰρ
1662 366 1722 397 πῶς
1736 365 1857 401 ὑπολάμ-

1066 416 1111 434 πει
1125 407 1168 434 διὰ
1183 407 1230 434 τοῦ
1249 408 1367 443 μεγάλου
1380 409 1462 436 Δαϐὶδ
1478 409 1528 444 τῆς
1542 412 1708 447 προφητείας
1724 411 1759 438 τὰ
1769 411 1836 448 ἄνθη
1847 420 1855 428 ⁸

1065 451 1120 479 οἷον
1135 454 1162 480 δὲ
1181 453 1261 486 ἄνθος
1276 455 1290 480 6
1303 454 1373 484 θεῖος
1394 455 1556 488 Ἀπὸστολος
1567 457 1616 493 τῆς
1631 458 1679 484 τοῦ
1692 458 1856 494 παραδείσω

1065 499 1201 534 γεωργίας
1218 499 1412 535 ὑποσημαίνων
1428 501 1458 527 τὸ
1478 501 1584 534 κάλλος.
1605 504 1652 530 καὶ
1673 503 1773 539 πολλὴν
1792 505 1858 530 ἀπο-

1067 543 1155 571 πνέων
1170 544 1217 571 τοῦ
1237 545 1355 581 Χριστοῦ
1376 546 1427 582 τὴν
1442 547 1573 574 εὐωδίανί
1589 547 1649 574 Τῶν
1664 548 1693 575 δὲ
1716 549 1857 583 εὐαγγελιι

1066 588 1123 615 χῶν
1133 588 1272 625 λειμώνων
1286 590 1316 617 τὸ
1330 590 1428 624 κάλλος
1439 591 1481 624 τίς
1506 593 1539 620 ἂν
1555 593 1696 627 ὑπεξέλθοι
1720 595 1799 629 λόγος
1815 596 1858 621 ἀν-

1067 635 1202 671 Θρώπινος
1213 644 1222 669 ι

222 685 351 712 vitalem?
363 684 430 711 Nam
452 683 676 718 Evangelicorum
700 682 931 717 pulchritudinem
947 685 1088 716 pratorum
1105 687 1230 715 quanam
1241 681 1328 708 oratio
1346 682 1464 717 explicet
1474 683 1611 711 humana?

257 732 356 760 Verum
372 732 438 759 mihi
458 730 529 758 haud
545 731 663 758 aliemun
682 737 744 757 esse
759 729 878 761 videtur,
901 730 1011 757 111111111-

221 785 285 812 pore
297 776 476 812 proverbialis
489 775 563 803 illius
579 775 743 802 mentionem
758 773 849 802 facere
874 775 1011 801 laudatio«

221 824 273 855 nis,
289 828 314 849 et
331 830 408 857 apem
424 821 524 848 imitari
541 831 547 848 :
565 828 647 855 quatit
665 821 731 848 dicit
746 820 888 856 Scriptura
906 820 1011 847 viribus

220 868 330 903 quidem
357 867 492 894 infirmam
513 875 574 894 esse
588 868 595 882 ¹
615 867 766 901 (nunquam
793 866 866 894 enim
891 866 950 894 visa
969 870 1011 894 est

219 919 306 940 totum
319 914 446 948 colligere
460 913 565 944 florem.
575 919 602 940 et
618 920 701 948 super
715 913 828 941 dorsum
843 913 876 940 ad
891 913 1010 940 alvearia

220 962 351 994 portare),
365 958 411 985 sed
429 962 538 985 tenuem
555 958 630 984 illum
640 958 687 993 qui
700 958 726 985 in
741 958 830 985 medio
843 957 918 985 ﬂoris
930 956 1009 992 quasi

221 1005 340 1040 lanugini
358 1005 489 1037 adhaeret,
503 1004 555 1031 alis
567 1011 715 1032 excussum
732 1004 871 1038 pulverem
887 1004 1010 1030 curvatis

220 1051 371 1084 suscipiens
382 1050 521 1081 cruribus,
538 1057 585 1084 per
597 1049 641 1076 illa
654 1050 753 1076 scitum
765 1049 829 1076 illud
843 1049 927 1076 cflicit
941 1056 1010 1083 opus

220 1087 295 1124 senis
312 1097 411 1132 pedum
423 1095 578 1122 curvatnris
593 1103 706 1123 numero
722 1095 812 1130 pares'
829 1096 856 1122 in
876 1095 1008 1122 directum

219 1144 343 1171 excitans
364 1142 489 1177 angulos.
505 1149 536 1167 ac
560 1149 608 1176 per
624 1141 744 1168 medium
768 1141 876 1168 levitate
890 1141 1008 1171 alarum,

218 1189 297 1224 quasi
315 1188 478 1224 quibusdam
491 1187 628 1217 uncturis.
656 1192 752 1214 tenues
767 1186 829 1214 illos
854 1186 880 1213 in
899 1185 1008 1212 modum

219 1235 384 1262 membratim
400 1235 534 1269 parietum
549 1234 658 1260 ordines
669 1233 818 1268 expuliens.
832 1232 908 1265 Quod
927 1232 950 1259 si
968 1231 1010 1258 fu-

218 1287 308 1307 tta-um
329 1284 372 1307 est
396 1285 425 1306 ut
451 1284 544 1306 nostra
565 1287 674 1314 quoque
691 1279 778 1305 oratio
801 1283 828 1305 et
848 1278 958 1313 regibus
982 1283 1009 1305 et

220 1326 332 1361 privatis
348 1325 515 1357 hominibus,
534 1329 564 1352 ut
579 1326 668 1359 inquit
683 1325 826 1357 Solomon,
844 1324 878 1351 ad
906 1324 1010 1351 8111111111-

218 1377 272 1399 tem
291 1371 436 1400 conducat.
457 1370 582 1405 precibus
597 1378 624 1398 et
640 1371 708 1397 rotis
722 1377 780 1396 eam
796 1371 913 1405 gratiam
928 1371 1008 1398 nobis

218 1417 320 1452 pariter
335 1416 515 1444 conciliemus
538 1420 566 1443 et
586 1423 635 1451 ego
652 1422 678 1443 ct
695 1424 752 1443 ros.
784 1415 904 1443 Lucrum
935 1417 1008 1443 enim

216 1469 362 1490 commune
393 1466 456 1494 est,
481 1462 534 1489 imo
562 1462 647 1496 major
674 1469 737 1496 pars
759 1463 819 1496 ejus
835 1466 926 1489 vestra
940 1466 1006 1488 est:

217 1507 437 1544 quandoquidem
465 1507 589 1542 accipere
616 1506 718 1540 aliquid
747 1506 810 1532 boni
837 1505 899 1540 plus
929 1504 1006 1532 affert

216 1555 298 1586 lucri,
310 1561 391 1588 quam
405 1552 508 1587 aliquid
525 1552 655 1587 praebere.
682 1551 759 1579 Vetat
783 1551 959 1586 Erat-getiam
979 1552 1006 1577 111

218 1607 291 1628 utres
305 1605 410 1628 Veteres
434 1599 527 1626 vinum
544 1606 642 1625 novum
672 1597 816 1625 infundere
840 1598 868 1623 ‘:
892 1597 1006 1624 forsitan

216 1648 249 1674 ad
269 1647 324 1673 haec
332 1650 455 1680 tempora
465 1649 570 1680 spectat
587 1644 721 1672 sermonis
735 1644 798 1670 tecti
822 1642 1004 1670 involucrum.

217 1693 283 1720 Nam
307 1692 400 1719 vinum
420 1699 515 1718 recens
536 1697 707 1725 expressum,
734 1693 844 1724 propter
867 1696 928 1716 eum
959 1688 1005 1723 qui

216 1739 379 1766 naturaliter
421 1737 530 1764 exsistit
567 1737 594 1763 111
621 1743 654 1762 eo
693 1735 810 1770 liquoris
847 1734 1003 1766 fervorem,

214 1785 279 1811 llatn
303 1784 411 1816 plenum
437 1786 490 1812 est,
515 1781 635 1808 naturali
660 1785 735 1807 motu
755 1780 866 1807 limosas
893 1780 928 1806 ab
944 1787 1005 1807 sese

214 1839 262 1866 per
295 1827 580 1863 spumaurexhalans
611 1832 693 1861 atque
726 1825 852 1860 rejicieus
896 1825 1003 1853 sordes.

214 1876 271 1903 Hoc
288 1880 377 1902 autem
405 1874 473 1901 nihil
499 1872 573 1899 aliud
597 1876 650 1900 est.
673 1875 701 1898 ut
732 1879 791 1898 mea
821 1871 931 1905 qttidctn
952 1871 1003 1897 fert

212 1919 316 1954 opinio,
334 1918 384 1944 nisi
413 1925 444 1943 ea
475 1924 535 1950 qua:
565 1916 599 1943 de
625 1915 728 1949 Spiritu
755 1920 852 1942 sancto
882 1915 1001 1942 traditur

214 1965 348 1995 doetiiun,
373 1961 601 1997 quemadmodum
624 1961 690 1988 dicit
716 1961 876 1995 Apostolus,
901 1961 1002 1994 Spiritu

213 2009 366 2044 ferrelties";
377 2015 457 2042 quam
474 2011 567 2042 putres
581 2006 797 2040 pertinentesque
812 2011 888 2033 utres
903 2014 935 2032 ac
948 2015 1002 2041 pne

214 2055 401 2082 ineredutitate
413 2052 556 2079 inveterati
573 2051 792 2083 noncontinent,
809 2051 855 2078 sed
873 2053 1002 2079 doctrina:

212 2101 354 2135 majestate
370 2102 542 2133 rumpuntur.
554 2097 659 2124 idcirco
670 2097 692 2124 si
707 2103 760 2131 qua
776 2097 902 2124 sublimis
915 2098 956 2125 eis
967 2105 1000 2124 ex

212 2148 334 2175 doctrina
363 2147 518 2180 ingenerata
547 2144 628 2171 fuerit
655 2144 806 2176 sententia,
836 2143 1001 2171 scinduntur

1108 728 1188 755 ’Λλλά
1205 737 1251 763 μοι
1262 729 1336 755 δοκεῖ
1357 729 1448 761 καλῶς
1465 730 1537 765 ἔχειν
1552 731 1581 757 ὲν
1598 732 1686 768 καιρῷ
1703 733 1856 769 μνησθῆναι

1063 775 1113 809 τῆς
1130 775 1318 810 παροιμιακῆς
1332 776 1507 809 ὲπαινὲσεως,
1530 778 1576 804 καὶ
1605 777 1724 813 ζηλῶσαι
1745 779 1794 814 τὴν
1811 781 1857 814 μέ-

1064 819 1158 846 λισσαν
1169 829 1176 836 ·
1188 820 1221 854 ἦν
1235 829 1317 856 φησιν
1332 821 1348 856 ἡ
1361 821 1590 859 1’ραφὴτῇ¹ῥώμῃ
1607 824 1656 859 μὲν
1669 823 1738 852 εἶναι
1755 826 1857 861 ἀσθενῆ

1064 867 1105 900 (οὺ
1123 866 1177 902 γὰρ
1193 866 1271 901 ὤφθη
1300 868 1364 894 ποτὲ
1387 868 1446 895 ὅλον
1473 869 1630 905 δρεψαμένη
1648 871 1678 897 τὸ
1701 871 1796 904 ἄνθος,
1810 873 1857 899 καὶ

1063 911 1133 946 ὑπὲρ
1147 911 1231 938 νῶτον
1251 912 1298 938 ἐπὶ
1312 912 1413 948 σίμϐλα
1433 914 1607 950 κομίζουσα),
1623 915 1690 942 ἀλλὰ
1713 915 1745 942 τὸ
1759 916 1857 943 λεπτὸν

1061 958 1107 983 καὶ
1120 957 1235 992 χνοὼδες
1251 959 1301 993 τῆς
1321 959 1351 984 ἐν
1367 958 1406 994 τῷ
1431 959 1508 994 μέσῳ
1533 959 1619 995 κόμης
1640 960 1799 996 ὲκτιναχθὲν
1813 961 1858 988 διὰ

1060 1003 1114 1029 τῶν
1123 1003 1265 1039 πτερύγων
1278 1005 1338 1036 ταῖς
1352 1004 1484 1038 ἀγκύλαις
1502 1005 1683 1038 ὑπολαῦοῢσα,
1696 1006 1729 1033 δι’
1744 1006 1857 1033 ἐκείνων

1061 1050 1205 1084 ἐργάζεται
1222 1050 1271 1085 τὴν
1283 1050 1366 1086 σοφὴν
1382 1051 1513 1086 ἐργασίαν
1525 1051 1644 1087 ἐκείνην,
1660 1053 1718 1083 ταῖς
1729 1052 1759 1085 ἒξ
1771 1053 1858 1087 ἀγκύ-

1060 1095 1120 1126 λαις
1147 1095 1307 1130 ἰσαρίθμους
1324 1096 1424 1129 γωνίας
1438 1098 1478 1128 εἰς
1498 1096 1589 1132 ὄρθιον
1610 1097 1858 1133 ἀνεγείρουσα,καὶ.

1060 1139 1103 1166 διὰ
1128 1141 1211 1175 μέσου
1236 1142 1270 1176 τῇ
1296 1141 1414 1176 λειότητι
1440 1141 1494 1168 τῶν
1520 1141 1679 1177 πτερύγων,
1702 1140 1758 1169 οἷόν
1786 1151 1858 1169 τισιν

1061 1185 1194 1220 ἀλοιφαῖς,
1208 1186 1270 1217 τοὺς
1282 1185 1398 1218 λεπτοὺς
1409 1187 1529 1218 ἐκείνους
1540 1187 1587 1213 καὶ
1600 1187 1747 1222 ὑμενώδεις
1759 1187 1858 1224 [aI-tof-

1060 1240 1123 1266 χους
1139 1231 1341 1259 ὲπιλεαίνουσα.
1357 1232 1388 1258 El
1404 1231 1432 1258 δὲ
1459 1231 1550 1266 μέλλοι
1567 1233 1613 1259 καὶ
1627 1234 1642 1259 6
1657 1233 1793 1269 ἡμέτερος
1811 1233 1859 1260 λό-

1061 1285 1108 1310 γος
1126 1277 1267 1312 βασιλεῦσὶ
1284 1287 1313 1304 τε
1329 1278 1377 1304 καὶ
1396 1277 1530 1310 ἰδιώταις,
1548 1278 1637 1310 καθώς
1653 1288 1735 1315 φησιν
1747 1280 1761 1305 ὁ
1780 1279 1858 1306 Σολο-

1061 1321 1131 1357 μὼν,
1148 1323 1188 1354 είς
1200 1323 1305 1357 ὑγίειαν
1317 1324 1470 1359 ἐπιτήδειος
1484 1323 1691 1360 γίνεσθαι,εὺχῇ
1708 1326 1758 1361 τὴν
1773 1326 1857 1362 χάριν

1059 1368 1276 1404 ὲπισπασώμεθα
1308 1369 1364 1403 ἐγώ
1394 1378 1424 1396 τε
1452 1370 1497 1396 καὶ
1531 1370 1608 1406 ὑμεῖς
1643 1372 1854 1407 παραπλησίοις.

1059 1413 1155 1439 Κοινὸν
1168 1413 1222 1448 γὰρ
1238 1414 1268 1440 τὸ
1282 1415 1389 1450 κέρδος.
1408 1415 1508 1450 μᾶλλον
1519 1416 1547 1442 δὲ
1561 1416 1591 1443 τὸ
1606 1417 1687 1444 πλέον
1704 1418 1837 1454 ὑμέτερον
1848 1429 1855 1433 ·

1058 1458 1172 1493 ἐπείπερ
1188 1459 1218 1485 τὸ
1236 1459 1329 1486 λαϐεῖν
1341 1469 1367 1486 τι
1382 1460 1463 1488 καλὸν
1482 1461 1529 1488 τοῦ
1546 1464 1696 1498 παρασχεῖν
1711 1472 1738 1490 τι
1753 1465 1856 1499 κερδαε

1058 1504 1200 1540 λεώτερον.
1218 1506 1434 1542 ’Λπαγορεύειτδ
1443 1507 1607 1543 Εὑαγγέλιον
1622 1510 1745 1542 παλαιοῖς
1757 1511 1856 1543 duri;

1060 1547 1130 1576 οἶνον
1149 1550 1208 1578 νέον
1231 1552 1455 1580 ὲναποτίθεσθαι·
1471 1562 1542 1589 ταχα
1570 1555 1640 1590 πρὸς
1663 1556 1709 1582 τὸν
1732 1556 1857 1592 παρόντα

1060 1596 1156 1631 καιρὸν
1171 1596 1264 1631 βλέπει
1278 1598 1309 1624 τὸ
1327 1599 1450 1633 αι’νιγμα.
1481 1599 1510 1626 '0
1530 1599 1584 1635 γὰρ
1610 1600 1748 1636 νεοθλισὴς
1769 1601 1855 1635 οἶνος,

1059 1640 1102 1668 διὰ
1116 1642 1164 1676 τὴν
1180 1643 1302 1676 φυσικῶς
1315 1644 1494 1680 ὲγγινομένην
1505 1644 1553 1672 τοῦ
1572 1646 1658 1682 ὑγροῦ
1671 1646 1755 1678 ζέσιν,
1766 1649 1857 1675 Πνεῦ-

1060 1695 1145 1721 ματος
1163 1688 1271 1723 πλήρης
1296 1689 1368 1721 ἐστὶ,
1383 1689 1427 1716 διὰ
1441 1691 1490 1725 τῆς
1515 1691 1634 1726 φυσικῆς
1656 1693 1790 1728 κινήσεως
1812 1695 1857 1727 ἑξ-

1058 1733 1181 1768 αιρρίζων
1195 1734 1240 1760 τὸν
1259 1734 1356 1770 ἰλυώδη
1369 1735 1454 1762 ὸὺπον
1465 1736 1511 1770 ἀφ’
1524 1737 1627 1763 ἑαυτοῦ,
1639 1738 1724 1765 Τοῦτο
1736 1739 1764 1765 δὲ
1776 1740 1855 1767 οὐδὲν

1058 1777 1122 1804 ἄλλο
1140 1779 1197 1805 ἐστὶ
1211 1799 1219 1811 ,
1237 1780 1307 1806 κατά
1322 1789 1353 1814 γε
1375 1781 1420 1807 τὸν
1443 1782 1509 1816 ἐμὸν
1533 1782 1621 1816 λόγον,
1643 1784 1660 1818 ἢ
1676 1785 1692 1818 ἡ
1716 1786 1780 1821 περὶ
1804 1786 1853 1812 τοῦ

1058 1825 1136 1858 ἁγίου
1166 1825 1321 1860 Πνεύματος
1340 1826 1514 1861 διδασκαλία,
1532 1828 1620 1861 καθώς
1638 1838 1720 1865 φησιν
1732 1832 1747 1857 6
1772 1832 1854 1858 Ἁπό-

1058 1870 1159 1913 στολος,
1174 1871 1214 1897 ὅτι
1233 1871 1274 1904 Τῷ
1295 1873 1443 1906 [human
1466 1873 1597 1907 ζέοντες,
1611 1875 1644 1910 ἣν
1660 1877 1683 1902 οἱ
1702 1876 1798 1913 σαθροί
1821 1887 1851 1904 τε

1057 1916 1103 1942 καὶ
1119 1912 1308 1952 δῖερῤυηκότες
1327 1919 1423 1950 ἀσκοὶ,
1444 1919 1491 1945 καὶ
1515 1919 1567 1946 ὑπὸ
1583 1920 1632 1955 τῆς
1652 1912 1781 1955 ἀπιστίας
1800 1933 1851 1950 πε-

1057 1961 1239 1996 παλαιωμένοι
1254 1963 1283 1989 οὺ
1306 1964 1462 1997 στέγους-ιν,
1480 1965 1546 1991 ἀλλὰ
1566 1968 1800 2003 περιρῤήγνυνται
1817 1973 1847 2006 τῇ

1057 2008 1225 2043 μεγαλοφυῖᾳ
1244 2009 1290 2035 τοῦ
1311 2010 1454 2045 δόγματος.
1471 2011 1519 2037 Διὰ
1541 2012 1619 2039 τοῦτο
1631 2014 1678 2041 ἐάν
1701 2024 1726 2041 τι
1747 2017 1848 2052 ὑψηλὸν

1055 2052 1146 2084 αὐτοῖς
1163 2054 1194 2078 ὲκ
1215 2053 1388 2085 διδασκαλίας
1414 2055 1556 2091 ἐγγένηται
1584 2057 1673 2093 νόημα
1685 2079 1692 2091 ,
1709 2059 1848 2094 σχίζονται

1055 2099 1121 2140 mpii
1135 2099 1180 2126 τὸν
1194 2100 1274 2133 ὁγκον
1289 2100 1334 2126 τοῦ
1351 2101 1483 2136 δόγματος
1495 2111 1500 2117 ·
1517 2103 1563 2129 καὶ
1574 2103 1650 2130 αὐτοί
1663 2113 1695 2137 γε
1706 2105 1849 2140 ὰχρειοῦν-

1054 2153 1098 2171 ται
1114 2139 1156 2172 διὰ
1173 2145 1219 2172 τοῦ
1242 2147 1391 2181 ρήγματος,
1410 2148 1458 2182 τήν
1480 2156 1509 2173 τε
1528 2148 1575 2175 τοῦ
1593 2139 1751 2184 Πνεύματος
1768 2153 1847 2188 χάριν

211 2195 285 2220 circa
301 2192 505 2227 amplitudinem
521 2189 654 2217 doctrinm
670 2197 676 2215 :
698 2197 729 2215 ae
741 2197 804 2217 cum
822 2189 874 2224 ipsi
887 2189 999 2224 quidem

1059 2192 1112 2226 εἰκῆ
1145 2191 1216 2226 ῥέειν
1239 2193 1504 2226 παρασκευάζουσιν.
1523 2194 1569 2226 Εἰς
1596 2195 1649 2230 γὰρ
1682 2198 1846 2232 κακότεγνον

211 2247 260 2274 per
275 2244 415 2273 rupturum
427 2238 537 2264 inutiles
549 2235 710 2267 redduntur.
727 2239 783 2262 tum
796 2235 916 2262 cilicium
930 2242 959 2263 ut
971 2235 997 2262 in

212 2293 311 2312 vanum
333 2292 364 2311 ac
401 2284 503 2310 frustra
529 2282 620 2310 efﬂuat
654 2282 742 2317 gratia
761 2281 882 2316 Spiritus
898 2282 996 2308 sancti.

211 2331 240 2357 111
262 2331 380 2357 1111111111111
406 2329 478 2356 enim
495 2329 660 2356 malitiosum
682 2326 816 2362 sapientia
840 2333 893 2353 non
909 2326 998 2360 ingre—

210 2377 311 2408 dielur,
341 2373 568 2410 quemadmodmu
597 2374 685 2408 inquit
720 2372 861 2407 Scriptura
892 2372 913 2398 ‘.
942 2372 997 2398 lmo

210 2427 290 2457 agte,
307 2421 453 2456 permittite
463 2420 526 2446 mihi
537 2426 686 2454 pauperum
695 2417 921 2445 consuetudinem
935 2416 996 2443 imi-

209 2468 260 2495 tari
282 2477 288 2494 :
308 2474 370 2494 nam
391 2471 418 2494 et
433 2466 469 2492 illi
494 2466 592 2496 solent,
609 2473 670 2491 cum
695 2464 794 2498 aliquis
820 2470 867 2490 eos
883 2463 995 2497 opipara

209 2521 303 2540 thensa
336 2512 416 2540 fuerit
440 2513 578 2546 dignatus.
607 2514 712 2537 remoto
725 2509 828 2544 pudore
847 2508 880 2535 de
907 2509 996 2542 epulis

209 2559 260 2586 sibi
277 2558 408 2593 appositis
426 2557 505 2584 etiam
534 2557 561 2582 in
590 2560 727 2590 posterum
749 2554 819 2581 diem
835 2553 912 2580 cibos
933 2561 994 2588 pru-

207 2603 310 2630 videre.
326 2602 443 2629 Proinde
459 2609 509 2635 ego
536 2608 645 2635 quoque
659 2607 692 2625 ex
710 2599 836 2626 hesterna
868 2598 993 2632 magnifi-

207 2648 296 2674 centia
307 2647 412 2681 exiguis
424 2645 588 2681 quibusdam
599 2645 766 2679 depromptis
775 2644 908 2678 reliquiis,
920 2643 995 2670 illinc

207 2700 259 2727 pro
270 2693 372 2720 viribus
385 2694 453 2719 meis
467 2692 609 2719 conficiant
627 2691 790 2722 orationem,
808 2689 936 2724 pleraque
948 2697 994 2717 co-

208 2745 281 2771 rum,
320 2746 380 2772 qua:
408 2737 488 2764 hodie
517 2736 655 2770 proposita
681 2739 755 2767 sntit,
783 2733 993 2769 perfectioribus

1051 2238 1139 2273 ψυχὴν
1155 2238 1204 2264 οὐκ
1229 2238 1411 2265 εἰσελεύσεται
1428 2240 1517 2274 σοφία,
1535 2240 1626 2272 καθώς
1643 2250 1727 2276 φησιν
1741 2245 1757 2278 ὴ
1777 2244 1847 2279 Γρα-

1052 2284 1100 2318 φή.
1119 2282 1227 2310 Μᾶλλον
1252 2283 1281 2309 δὲ
1311 2285 1507 2319 συγχωρήσατέ
1534 2295 1578 2320 μοι
1602 2287 1776 2322 μιμήσασθαι
1798 2290 1846 2324 τὴν

1051 2329 1104 2354 τῶν
1128 2329 1250 2363 πενήτων
1279 2329 1422 2364 συνήθειαν
1438 2339 1445 2346 ·
1463 2331 1523 2357 ἐπεὶ
1542 2332 1678 2364 κάκείνοις
1709 2334 1843 2369 σύνηθες,

1050 2376 1113 2401 ὅταν
1126 2375 1189 2401 ποτὲ
1206 2375 1333 2406 πλουσέας
1347 2376 1481 2408 ἀξιωθῶσι
1501 2378 1651 2413 τραπέζης,
1661 2380 1846 2415 ἀνεπαιηύνσ

1049 2429 1103 2451 τως
1125 2421 1156 2447 ἐκ
1183 2420 1236 2446 τῶν
1256 2420 1441 2456 προτεθέντων
1458 2422 1560 2453 αὐτοῖς,
1572 2423 1618 2448 καὶ
1640 2424 1680 2454 είς
1699 2425 1751 2460 τὴν
1767 2427 1849 2452 ὑστε⁴

1051 2466 1129 2501 ραίαν
1145 2465 1349 2497 ἐπισιτίζεσθαι.
1363 2465 1448 2500 Κάγὼ
1464 2467 1552 2493 τοίνυν
1569 2468 1600 2494 ὲκ
1616 2469 1666 2503 τῆς
1680 2470 1779 2506 χθιζῆς
1797 2480 1849 2498 πο-

1049 2510 1186 2541 λυτελείας
1198 2511 1295 2545 μικρὸν
1304 2519 1330 2537 τι
1340 2513 1584 2548 προχειρισάμενος
1593 2514 1729 2549 λείψανον,
1738 2517 1848 2544 ἐκεῖθεν

1048 2555 1119 2581 κατὰ
1135 2555 1182 2589 τὴν
1197 2555 1316 2590 ἐμαυτοῦ
1334 2555 1447 2590 δύναμιν
1469 2557 1624 2592 ὀιῖμοποιήσω
1639 2559 1684 2585 τὸν
1700 2560 1792 2595 λόγον,
1810 2566 1850 2590 τὰ

1048 2600 1132 2626 πολλὰ
1160 2600 1212 2626 τῶν
1230 2602 1348 2636 σήμερον
1379 2603 1564 2636 προτεθέντων
1588 2605 1644 2636 τοῖς
1663 2606 1849 2643 τελειοτέροις

1048 2646 1102 2672 τῶν
1117 2646 1284 2680 δαιτυμόνων
1299 2648 1526 2682 ταμιευσάμενος.
1545 2649 1577 2675 Τί
1595 2650 1686 2677 τοίνυν
1700 2649 1735 2686 ἧν
1748 2652 1779 2678 τὸ
1794 2653 1851 2687 τῆς

1048 2690 1144 2725 χθιζῆς
1166 2690 1326 2722 πανδαισίας
1353 2691 1475 2727 ἄϐρωτον
1499 2702 1528 2720 τε
1551 2695 1597 2721 καὶ
1618 2696 1850 2732 ἁκατέργαστον;

1053 2735 1086 2762 'H
1099 2735 1153 2762 τῶν
1173 2736 1358 2763 ἁποστολικῶν
1375 2738 1500 2772 πράξεων
1524 2739 1629 2776 ἱστορία
1641 2741 1692 2777 τὴν
1711 2743 1741 2770 ἐν
1762 2743 1849 2779 ’Λθή-

245 2813 351 2841 lEccli.
375 2821 410 2845 XI.
426 2813 453 2840 5.
491 2814 500 2828 ⁹
520 2812 667 2847 Μι11111.111,
686 2813 728 2840 17.
767 2814 777 2829 ³
792 2799 870 2842 Rom.
887 2822 935 2847 1111,
951 2814 993 2841 11.

1061 2813 1126 2848 Sap.
1149 2821 1168 2847 1,
1183 2814 1208 2840 1.
