1938 3082
120 145 174 173 εὶῧἹ

573 141 617 169 DE
628 142 776 170 DEITATE
792 119 867 169 lilLll
886 141 928 168 ΕΤ
946 141 1107 170 SPIRLTUS
1128 142 1259 169 SANCTI.

1701 145 1756 175 558

121 214 182 237 ναις
207 203 353 238 ἐπιδημίαν
382 201 428 229 τοῦ
446 201 553 228 Παύλου
580 202 728 238 διηγήσατο
757 203 837 236 ἡμῖν,
854 201 912 232 πῶς

974 201 1087 228 :onvivis
1103 209 1259 229 reservans.
1275 201 1341 235 Quae
1369 207 1433 230 sunt
1449 203 1533 238 igitur
1546 205 1665 232 hesterni
1682 206 1755 241 epuli

122 248 367 284 εἰδωλομανοῦντος
382 247 430 274 τοῦ
441 247 504 282 τῇδε
520 247 596 279 λαοῦ,
617 247 665 273 καὶ
681 248 740 278 ταῖς
754 246 914 281 ὲπιϐωμίοις

120 295 247 326 κνίσσαις
268 293 482 330 προστετηκότος
494 313 501 324 ,
517 293 547 320 τὸ
558 293 669 328 Πνεῦμα
686 293 715 319 τδ
739 292 817 326 ἅγιον
832 293 860 318 ἐν
876 292 914 327 τῷ

124 340 253 376 μακαρίῳ
276 338 452 374 παρωξύνετο
474 338 585 373 Παύλῳ,
600 336 654 364 οἶόν
668 346 693 364 τι
710 337 799 373 ῥεῦμα
825 337 915 372 πλημ-

125 387 212 423 μύρον
230 387 259 413 ὲν
275 387 308 422 τῇ
316 386 388 421 ψυχῇ
407 384 454 412 τοῦ
477 384 637 411 ’Δποςτὸλου
653 384 913 419 στενοχωρούμενον,

123 436 171 462 καὶ
187 435 225 470 μὴ
244 433 371 469 εὑρίσκον
387 434 416 459 ὲν
440 434 496 464 τοῖς
512 432 632 465 ἀναξῖοις
653 433 702 468 τὴν
723 432 847 464 διέξοδον.
865 432 915 459 Διὰ

123 480 204 506 τοῦτο
213 480 344 511 Στωϊκοῖς
366 488 396 505 τε
419 478 467 505 καὶ
495 479 692 514 Ἐπικουρείοις
719 479 913 514 συμπλέκεται,

122 527 172 553 καὶ
193 527 233 558 είς
261 527 369 562 Ἄρειον
386 525 523 557 καταστὰς
547 526 644 559 πάγον,
665 526 698 552 ἐκ
711 526 765 552 τῶν
793 525 916 561 συνήθων

122 573 224 604 αὖτοὺς
235 573 304 608 πρὸς
315 573 366 607 τὴν
374 572 542 606 θεογνωσίαν
558 572 724 607 προσάγεται
735 581 741 586 ·
759 572 849 607 βωμὸς
862 572 916 608 γάρ

123 619 199 645 ἐστιν
221 617 296 652 αῦτῷ
309 618 356 644 καὶ
374 617 547 653 ὲπῖγραμμα,
558 617 588 643 τὸ
602 617 649 643 τοῦ
665 617 743 651 λόγου
763 617 915 653 προοίμιον,

122 664 172 695 Εἰς
186 663 212 689 τί
228 663 317 689 τοίνυν
331 662 469 698 ἐμνήσθην
483 662 530 689 τοῦ
547 662 776 697 ἀναγνώσματος;
794 663 856 690 Ὅτι
869 664 916 690 καὶ

125 709 175 735 νῦν
188 710 241 736 εἰσι
265 710 324 736 κατ’
346 708 467 740 ἐκείνους
493 708 556 739 τοὺς
583 708 756 744 Ἀθηναίους,
774 709 815 740 εἰς
840 709 916 735 οὐδὲν

123 755 219 790 ἓτερον
244 754 448 790 εὐκαιροῦντες,
463 754 479 790 ἢ
495 754 583 788 λέγειν
599 763 624 781 τι
640 755 686 781 καὶ
699 754 809 782 ἀκούειν
827 755 917 782 καινό-

125 809 215 836 τερον,
231 800 318 836 χθιζοί
330 809 402 832 τινες
416 800 462 827 καὶ
475 799 589 836 πρώῖζοι
597 801 628 827 ἐκ
638 801 692 828 τῶν
705 801 847 836 βαναύσων
859 802 918 827 ἑπι-

124 846 303 881 τηδευμάτων
328 845 494 881 ὁρμώμενοι,
520 846 686 882 αὑτοσχέδιοί
702 855 774 878 τινες
791 847 841 883 τῆς
861 847 917 873 οεο-

124 892 221 925 ι.ογίας
249 891 438 927 δογματισταὶ,
457 891 527 926 τάχα
543 892 615 924 τινὲς
635 892 740 919 οἰκέται
757 894 805 919 καὶ
822 901 918 928 μαστι-

123 939 203 971 γῖαι,
219 938 266 965 καὶ
287 937 342 964 τῶν
367 937 500 965 δουλικῶν
533 938 741 974 διακονημάτων
766 939 916 974 δραπέται,

125 984 237 1018 σεμνῶς
251 984 317 1019 ἡμῖν
336 984 401 1019 περὶ
419 983 474 1012 τῶν
493 983 623 1019 ἀλήπτων
641 984 841 1019 φιλοσοφοῦσιν.
862 985 918 1011 Οὐκ

125 1031 250 1065 ἀγνοεῖτε
266 1031 384 1064 πάντως,
401 1030 469 1066 πρὸς
489 1031 564 1063 τίνας
580 1032 594 1057 6
607 1031 686 1065 λόγος
704 1031 807 1066 βλέπει.
826 1031 918 1058 Πάντα

125 1075 183 1111 γὰρ
199 1075 234 1102 τὰ
255 1075 325 1102 κατὰ
346 1075 396 1111 τὴν
415 1075 493 1102 πόλιν
513 1075 568 1102 τῶν
582 1076 709 1103 τοιούτων
729 1076 918 1112 πεπλήρωται,

122 1122 154 1147 οἱ
170 1121 319 1153 στενωποὶ,
341 1122 369 1147 ai
387 1120 503 1156 ἀγοραὶ,
518 1122 547 1147 αἱ
567 1120 709 1153 πλατεῖαι,
732 1121 766 1147 τὰ
794 1120 917 1155 ἇμφοδα·

125 1168 153 1194 οί
166 1167 221 1193 τῶν
237 1166 352 1202 ἱματίων
377 1166 507 1202 κάπηλοι,
520 1167 544 1193 οἱ
563 1168 622 1198 ταῖς
636 1167 787 1202 τραπέζαις
803 1168 919 1201 ἐφεστη-

126 1214 220 1245 κότες,
245 1213 269 1239 οι
297 1213 332 1240 τὰ
360 1212 477 1248 ἐδώδιμα
505 1214 572 1248 ἡμῖν
601 1213 833 1248 ὰπεμπολοῦντες.
857 1213 920 1239 Ἐὰν

127 1259 195 1294 ’περὶ
213 1258 267 1285 τῶν
278 1258 379 1286 ὀεολῶν
392 1259 546 1294 ὲριιηήσῃς,
566 1259 581 1285 ὁ
595 1259 624 1285 δέ
645 1267 685 1285 σοι
707 1260 771 1295 περὶ
791 1259 919 1295 γεννητοῦ

127 1307 178 1332 καὶ
206 1305 353 1339 ἀγεννῆ-του
372 1304 569 1340 ἐφιλοσόφησε·
590 1304 642 1331 κᾶν
672 1305 736 1339 περὶ
767 1306 920 1340 τιμήματος

129 1352 214 1387 ἄρτου
230 1351 335 1383 πύθοιο,
356 1351 465 1383 Μείζων
479 1352 493 1377 6
507 1351 611 1386 Πατὴρ,
626 1351 803 1386 ἀποκρίνεται
815 1371 821 1381 ,
839 1351 886 1377 καὶ
907 1352 921 1377 ὀ

128 1396 195 1428 Υἱὸς
208 1395 371 1431 ὑποχείριος.
390 1396 422 1422 Εἰ
441 1395 478 1423 δὲ.
495 1396 532 1422 Τὸ
544 1396 656 1431 λουτρὸν
672 1396 824 1431 ἐπιτήδειόν
836 1397 920 1428 ἐστιν,

129 1443 218 1473 εἴποις
228 1463 235 1475 ,
249 1443 264 1469 ὁ
277 1442 305 1469 δὲ
321 1442 350 1475 ἐξ
364 1442 414 1469 οὐκ
426 1442 514 1469 ὖντων
532 1442 578 1468 τὸν
596 1442 658 1469 Υίὸν
679 1440 748 1468 εἶναι
767 1441 919 1478 διωρίσατο.

128 1488 190 1514 υὺκ
201 1485 259 1514 οἴδα
273 1488 299 1514 τί
313 1487 365 1523 χρὴ
381 1487 411 1514 τὺ
438 1487 522 1514 κακὸν
543 1487 622 1514 τοῦτο
642 1488 785 1522 ὀνομάσαι,
801 1489 921 1523 φρενῖτιν

965 247 1097 283 τριῑψιὶιει,
1112 255 1181 282 quas
1191 247 1312 275 conviva:
1328 255 1382 275 non
1397 249 1574 277 comederunt
1589 259 1676 286 neque
1691 259 1755 279 con-

964 294 1117 321 coxerunt?
1142 294 1262 322 llistoria
1295 298 1418 322 actorum
1443 297 1669 330 apostolicorum,
1695 307 1756 333 quae

965 340 1046 367 nobis
1068 340 1198 368 narrabat
1234 345 1263 367 ut
1289 340 1405 367 Athenis
1431 341 1530 376 hospes
1564 342 1665 370 Paulus
1695 351 1756 370 sese

965 390 1083 420 gereret,
1100 385 1331 420 quemadmodum
1351 386 1452 421 populo
1480 387 1553 415 illius
1568 388 1643 416 urbis
1657 388 1755 416 insano

965 431 1176 459 simulacrorum
1191 431 1276 458 cultui
1291 431 1424 464 dedito,et
1438 433 1635 460 sacriﬁciorum
1649 434 1755 461 nidori-

965 477 1018 504 bus
1036 475 1154 508 addicto,
1172 476 1292 511 Spiritus
1306 481 1419 505 sanctus
1436 478 1462 505 in
1483 478 1562 505 beato
1583 477 1669 506 Paulo
1688 487 1755 506 con-

966 522 1107 554 citaretur,
1123 527 1252 558 tanquam
1275 523 1376 550 ﬂumen
1402 524 1539 558 quoddam
1574 524 1710 552 inundans
1727 526 1755 552 in

967 568 1058 595 animo
1077 568 1199 603 Apostoli
1214 573 1424 604 eoangnstatus,
1436 576 1463 597 et
1478 570 1548 597 inter
1559 570 1685 605 indignos
1703 579 1755 598 non

967 615 1108 642 inveniens
1122 615 1212 643 locum
1224 616 1396 650 erumpendi.
1413 615 1585 651 Qttapropter
1602 624 1666 643 cum
1679 617 1755 643 Stoi-

967 661 1007 688 cis
1024 666 1051 687 et
1079 660 1218 696 Epicureis
1247 660 1429 695 conﬂictatur,
1461 665 1489 688 et
1514 661 1541 688 in
1560 662 1629 689 colle
1660 661 1756 689 Martio

967 710 1054 738 stans,
1073 715 1106 734 ex
1126 707 1234 733 illorum
1264 707 1398 734 institutis
1423 707 1571 735 occasione
1586 711 1707 742 sumpta,
1723 707 1757 734 at!

967 750 1015 778 Dei
1033 751 1199 786 agnitionem
1223 759 1271 778 eos
1299 751 1434 779 adducere
1460 755 1599 779 conatur:
1627 760 1689 778 naut
1705 759 1757 787 pro

968 797 1099 825 orationis
1113 797 1246 832 prommio
1261 798 1345 825 sumit
1368 798 1455 825 altare
1468 798 1614 832 quoddam,
1643 799 1758 833 ejusque

968 842 1078 869 titulum
1091 842 1340 878 etinscriptionem.
1360 842 1496 875 Quorsum
1511 843 1594 877 igitur
1608 843 1680 870 illius
1699 851 1758 870 nte--

969 888 1035 915 mini
1050 888 1194 916 lectionis?
1220 889 1354 921 Quoniam
1380 896 1454 915 nunc
1483 896 1594 923 quoque
1609 893 1685 920 sunt.
1698 889 1756 924 qtti,

969 934 1049 961 sicuti
1069 934 1251 962 Athenienses
1264 934 1313 964 illi.
1331 935 1398 961 nulli
1417 934 1462 961 alii
1480 934 1518 961 rei
1535 938 1645 966 vacant.
1662 934 1714 961 nisi
1728 939 1758 961 ut

969 980 1062 1007 dicant
1076 985 1103 1007 et
1118 979 1229 1007 audiant
1241 980 1343 1015 aliquid
1353 980 1425 1014 novi,
1436 980 1482 1016 qui
1498 980 1539 1007 vel
1554 980 1612 1007 heri
1627 980 1668 1007 vel
1677 980 1759 1015 paulo

969 1030 1034 1053 ante
1066 1025 1270 1058 absellulariis.
1298 1025 1410 1060 plebeiis
1423 1030 1450 1052 et
1479 1026 1624 1053 servilibus
1643 1026 1759 1060 opiﬁciis

968 1071 1138 1106 prodierunt,
1152 1072 1277 1099 subitarii
1291 1077 1373 1106 atque
1383 1070 1553 1098 tumultuarii
1562 1071 1671 1105 quidam
1681 1071 1760 1099 theo—

970 1117 1122 1152 logicarutn
1138 1116 1337 1144 sententiarum
1353 1121 1495 1149 auctores,
1520 1116 1635 1144 forsitan
1664 1117 1760 1145 famuli

970 1163 1082 1198 quidam
1106 1167 1134 1190 et
1151 1163 1316 1190 verberones
1330 1170 1346 1189 a
1358 1163 1504 1190 sewilibus
1519 1163 1680 1191 ministeriis
1695 1171 1760 1198 pro-

970 1209 1039 1245 fugi,
1057 1210 1200 1245 magniﬁce
1222 1209 1302 1236 nobis
1316 1209 1350 1236 de
1370 1209 1451 1236 rebus
1477 1209 1761 1245 incomprehensibili-

970 1256 1022 1284 bns
1033 1256 1274 1291 philosophantur.
1291 1255 1409 1283 Prorsus
1420 1255 1492 1282 haud
1505 1255 1637 1291 ignoratis
1645 1255 1679 1283 ad
1692 1264 1762 1292 quos

971 1303 1061 1330 oratio
1073 1307 1186 1338 spectet.
1203 1303 1300 1330 Omnia
1311 1311 1428 1338 namque
1440 1303 1498 1330 loca
1514 1303 1590 1332 urbis
1603 1303 1704 1331 talibus
1716 1311 1762 1331 re-

973 1348 1043 1383 pleta
1058 1353 1132 1381 sunt,
1153 1348 1306 1382 angiporta,
1323 1348 1406 1380 bivia,
1436 1347 1504 1379 fora,
1535 1348 1631 1382 plateas
1653 1357 1660 1375 :
1677 1349 1762 1375 restis

973 1399 1127 1421 mentorqu
1155 1393 1305 1423 institores.
1324 1393 1426 1420 mensis
1440 1394 1605 1428 argentariis
1630 1394 1761 1428 prml'ecti.

973 1438 1020 1473 qui
1036 1438 1176 1465 esculenta
1198 1437 1276 1465 nobis
1290 1438 1421 1465 vendunt.
1441 1437 1468 1464 Si
1503 1445 1584 1472 quem
1604 1446 1702 1466 eorum
1728 1439 1763 1466 de

973 1484 1237 1519 obolisinterroges,
1263 1484 1308 1511 ille
1333 1485 1382 1512 tibi
1401 1485 1436 1512 de
1460 1485 1543 1520 geniti
1557 1490 1585 1512 et
1609 1493 1664 1513 non
1679 1487 1763 1521 geniti

130 1533 149 1568 ἦ
163 1533 272 1568 μανίαν,
284 1534 302 1569 ἢ
318 1542 345 1560 τι
359 1533 479 1560 τοιοῦτον
495 1534 579 1560 κακὸν
593 1533 745 1570 ἐπιδήμιον,
760 1534 774 1560 ὅ
784 1534 837 1560 τῶν
851 1533 921 1568 λογι-

974 1536 1073 1558 natura
1088 1531 1309 1566 philosophatur;
1322 1531 1395 1566 quod
1406 1531 1430 1558 si
1445 1532 1478 1558 de
1491 1532 1580 1566 pretio
1602 1536 1629 1560 et
1643 1533 1764 1560 aestima-

132 1580 210 1614 σμῶν
221 1580 270 1615 τὴν
287 1580 450 1616 παραφορὰν
466 1579 653 1615 ἐξεργάζεται.

128 1624 220 1652 Filius
237 1626 377 1660 subjectus

973 1580 1047 1606 tione
1062 1578 1140 1612 panis
1152 1577 1313 1610 scisciteris,
1333 1576 1416 1604 Pater
1442 1578 1531 1612 major
1547 1582 1600 1610 est,
1620 1579 1722 1614 inquit,
1738 1584 1766 1606 et.

407 1635 414 1653 :
439 1626 512 1661 quod
533 1627 556 1653 si
587 1627 724 1653 lavacrum
749 1627 923 1653 commodum
937 1634 999 1654 esse
1013 1625 1127 1655 dixeris,
1145 1623 1190 1651 ille
1204 1631 1236 1651 ex
1261 1631 1314 1650 non
1339 1624 1448 1651 entibus
1460 1624 1558 1652 Filium
1575 1633 1636 1653 esse
1659 1631 1764 1656 censet,

130 1674 232 1701 Nescio
247 1681 302 1708 quo
313 1674 424 1700 nomine
455 1673 508 1701 hoc
542 1674 643 1701 malum
679 1679 804 1709 oporteat
833 1675 980 1710 appellare,

1021 1671 1169 1708 phrenesin
1205 1679 1239 1698 an
1257 1672 1376 1699 furorem
1392 1691 1402 1705 ,
1423 1677 1472 1699 aut
1496 1673 1606 1708 aliquod
1630 1674 1766 1709 ejusmodi

129 1722 234 1749 malum
248 1722 321 1756 quod
339 1722 366 1749 in
381 1722 482 1757 populo
493 1723 723 1757 grassetur.quod
753 1723 852 1751 eﬂiciat
871 1723 970 1750 mentis
985 1720 1196 1757 perversionem.

168 1766 218 1794 Διὰ
237 1766 314 1793 τοῦτό
330 1775 401 1801 φημι
417 1766 486 1800 πρὸς
511 1767 623 1799 τούτους
648 1767 758 1803 βλέπειν
781 1769 830 1804 τὴν
854 1768 925 1797 κατὰ

131 1812 179 1839 τὸν
197 1812 355 1838 Ἀπόστολον
371 1812 491 1848 ἱστορίαν
502 1821 508 1829 ·
525 1812 543 1840 ἃ
555 1813 609 1848 γὰρ
624 1813 754 1850 περὶτῶν
773 1814 924 1850 ⁴Αθηναίων

131 1859 150 1893 ἡ
169 1857 264 1892 Γραφὴ
285 1857 469 1892 διεξέρχεται,
488 1858 573 1886 ταῦτα
598 1858 645 1885 νῦν
661 1859 734 1887 ἐστιν
755 1859 801 1886 ἐπὶ
823 1860 924 1886 τούτων

134 1904 214 1930 ἰδεῖν·
240 1903 340 1938 μᾶλλον
365 1903 394 1930 δὲ
418 1904 442 1930 εί
465 1903 519 1939 χρὴ
541 1904 646 1939 τάληθῆ
669 1904 769 1941 λέγειν,
791 1905 924 1932 κάκείνων

133 1949 195 1975 ἐστὶ
215 1948 249 1976 τὰ
271 1950 341 1975 κατὰ
355 1949 466 1980 τούτους
488 1950 739 1985 ἀσυγγνωστότερα.
758 1951 787 1976 Οἱ
806 1951 854 1984 μὲν
869 1951 923 1986 γὰρ

129 1994 216 2020 οἳονεὶ
238 1994 315 2030 λῆμῃ
345 1994 400 2022 τινὶ
425 1996 458 2031 τῇ
486 1995 550 2030 περὶ
574 1996 609 2021 τὰ
633 1995 728 2022 εἴδωλα
755 1995 841 2031 πλάνῃ
863 1997 924 2027 τοὺς

133 2039 290 2075 ὀφθαλμοὺς
305 2040 353 2074 τῆς
371 2040 459 2075 ψυχῆς
484 2041 673 2076 κατεχόμενοι,
696 2041 759 2067 ἰδεῖν
772 2042 924 2077 αὑτοπροτ-

132 2084 219 2115 (om;
244 2084 294 2119 τὴν
321 2083 420 2119 εὐσεϐῆ
449 2086 513 2120 περὶ
542 2085 596 2112 τῶν
623 2086 707 2112 ὅντων
734 2086 926 2116 ἀδυνατοῦντες

133 2128 263 2163 ἀλήθειαν
273 2137 279 2142 ·
295 2129 369 2163 ὅμως
380 2127 435 2156 οἷον
446 2129 537 2167 ἐπαινῇ
552 2139 604 2157 τινι
619 2130 673 2156 τῶν
683 2131 818 2166 λογισμῶν
832 2131 926 2157 τοσοῦ-

134 2183 182 2201 τον
198 2175 354 2210 ὲνενόησαν,
373 2176 413 2201 ὅτι
436 2176 466 2202 οὐ
494 2177 581 2212 πάντη
604 2177 775 2212 καταληπτὸν
801 2178 832 2204 ἰδ
846 2178 922 2205 Θεῖόν

134 2222 221 2252 ἐςτιν,
239 2221 297 2249 οὐδὲ
314 2219 369 2248 οἷον
385 2222 399 2248 6
413 2222 540 2257 λογισμὸς
553 2223 648 2255 οἴεται,
664 2223 784 2249 τοιοῦτον
798 2225 830 2258 τῇ
846 2223 924 2257 φύσει
941 2215 963 2242 θ

132 2267 165 2293 τὺ
182 2267 387 2301 ὑπερκείμενον.
403 2268 448 2293 Διὸ
467 2268 512 2294 τὸν
526 2269 610 2300 ὅντως
625 2269 691 2294 Θεὸν
705 2268 841 2302 ἄγνωστον
858 2267 926 2295 εἶναι

133 2312 373 2346 ὁμολογήσαντες,
399 2313 484 2348 βωμῷ
513 2314 559 2340 καὶ
583 2313 726 2349 γράμματι
753 2314 853 2349 τιμῶσι
881 2315 926 2340 τὸν

136 2358 336 2393 ἀγνοούμενον⁸
361 2360 401 2385 ὅτι
429 2359 482 2395 γὰρ
506 2361 573 2395 πρδς
600 2361 645 2386 τὸν
669 2361 753 2391 ὅντως
780 2360 844 2386 ὄντα
861 2360 927 2386 Θεὸν

135 2404 251 2429 ἕέλλεπεν
274 2403 363 2430 αὐτῶν
386 2405 402 2439 ἡ
427 2404 546 2435 διάνοια,
560 2407 697 2440 μαρτυρεῖ
713 2405 793 2436 αὐτὸς
814 2406 828 2431 6
849 2405 928 2430 Ἀτύ-

136 2449 240 2479 στολος,
262 2450 364 2475 ἐκεῖνον
384 2450 577 2484 καταγγέλλων
592 2451 682 2482 αὐτοῖς
700 2451 744 2477 τὸν
757 2451 831 2483 Θεὸν,
848 2451 886 2483 είς
898 2451 927 2477 ὃν

136 2494 260 2520 εὐσεϐεῖν
282 2495 380 2521 ἐκεῖνοι
404 2495 447 2521 διὰ
473 2496 522 2529 τῆς
544 2495 591 2522 τοῦ
618 2496 710 2530 βωμοῦ
732 2497 815 2532 τιμῆς
832 2496 926 2531 ᾤοντο.

136 2539 202 2570 ῐίὦς
227 2537 273 2566 οὖν
298 2540 328 2566 οὒ
353 2539 538 2576 χαλεπώτεροι
564 2541 617 2567 τῶν
640 2542 880 2576 μνημονευθέντων
901 2543 927 2568 οἱ

136 2585 186 2612 νῦν
211 2586 422 2621 ματαιάζοντεςς
446 2588 471 2612 οἰ
501 2587 538 2621 μὴ
563 2588 766 2622 συγχωροῦντες
786 2588 856 2623 ὑπὲρ
880 2588 928 2623 τὴν

135 2632 293 2666 κατάληψιν
308 2631 398 2658 αὐτῶν
411 2629 481 2659 εἶναι
501 2632 532 2658 τὸ
545 2631 632 2664 Θεῖον,
649 2632 705 2659 ἀλλ’
721 2633 791 2659 οὕτω
805 2633 850 2659 τὸν
863 2633 928 2659 Θεὺν

136 2678 301 2712 γιγνώσκειν
328 2678 561 2713 μεγαλαυχοῦντες
584 2678 620 2709 ὡς
643 2679 724 2711 αὐτος
740 2679 851 2712 ἐαυτόν;
866 2679 929 2711 Πῶς

136 2725 170 2750 ἄν
184 2733 227 2755 τις
249 2723 310 2750 κατ’
334 2724 412 2756 ἀξίαν
426 2725 476 2758 τὴν
492 2725 615 2759 πήρωσιν
636 2724 690 2750 τῶν
709 2725 831 2751 δειλαίων
845 2733 929 2751 κατα-

135 2770 317 2805 θρηυήσειεν,
345 2770 370 2796 οἳ
396 2769 523 2796 τοσούτου
548 2770 636 2804 φωτὸς
657 2770 706 2805 τῆς
733 2770 860 2806 ἀληθείας
881 2771 929 2806 τὴν

135 2816 301 2850 οἰκουμένην
321 2816 411 2842 πᾶσαν
429 2817 458 2842 ὲν
473 2819 505 2851 τῇ
521 2817 581 2842 καθ’
595 2817 670 2851 ἡμᾶς
684 2816 739 2852 ζωῇ
759 2816 802 2842 διὰ
815 2818 862 2852 τῆς
883 2818 928 2844 εῦ-

135 2861 234 2892 σεῦοῦς
249 2862 368 2893 πίστεως
387 2863 614 2898 περιλάμποντος.
635 2863 708 2897 μόνοι
730 2863 798 2900 πρὸς
814 2863 862 2899 τὴν
879 2863 928 2891 αὺ-

1009 1766 1184 1800 Quapropter
1201 1764 1324 1799 Apostoli
1339 1764 1481 1792 historiam
1495 1766 1529 1793 ad
1544 1766 1595 1795 hos
1605 1767 1667 1794 dico
1681 1769 1767 1805 perti-

974 1819 1041 1839 nere
1053 1820 1060 1844 ;
1074 1819 1136 1838 nam
1150 1818 1210 1845 qua:
1222 1811 1256 1837 de
1272 1810 1485 1839 Atheniensibus
1500 1817 1597 1839 narrat
1612 1812 1765 1848 Scriptura,

977 1857 1037 1885 haec
1051 1864 1124 1884 nunc
1146 1856 1173 1883 in
1190 1856 1231 1883 bis
1250 1856 1313 1883 licet
1329 1856 1422 1884 videre
1439 1866 1445 1884 ι
1475 1857 1530 1884 imo
1547 1865 1612 1885 vero
1625 1858 1648 1885 si
1661 1863 1768 1893 operta

973 1911 1038 1931 vera
1055 1903 1156 1934 dicere,
1175 1902 1271 1930 [terunt
1287 1907 1427 1937 peccatum
1441 1904 1547 1931 minore
1558 1912 1639 1939 quam
1657 1906 1766 1934 illorum

974 1956 1064 1981 error,
1078 1948 1157 1976 venia
1176 1947 1287 1983 dignum
1299 1952 1351 1980 est,
1368 1952 1450 1984 atque
1460 1950 1502 1977 his
1514 1951 1605 1977 minus
1620 1958 1700 1986 quam
1714 1951 1768 1979 illis

976 1995 1080 2030 ignosci
1105 1994 1196 2022 debet.
1220 1994 1381 2029 Quanquam
1408 1995 1480 2022 enim
1505 1996 1556 2029 illi,
1574 1997 1650 2031 quod
1672 2005 1767 2026 eorum

977 2041 1061 2068 animi
1073 2041 1168 2068 oculos
1191 2044 1320 2075 tanquam
1345 2040 1478 2076 lippitudo
1505 2042 1628 2076 quaedam
1655 2044 1769 2071 simula-

977 2094 1087 2113 crorum
1106 2086 1198 2113 cultus
1213 2093 1291 2113 error
1304 2087 1452 2119 invaserat,
1468 2092 1542 2115 recta
1556 2088 1624 2116 facie
1636 2098 1684 2117 sua
1696 2091 1767 2124 piam

977 2130 1011 2158 de
1028 2131 1110 2158 rebus
1128 2130 1283 2166 quibusque
1296 2133 1437 2159 veritatem
1451 2132 1606 2161 videtenon
1623 2139 1767 2171 poterant;

977 2179 1069 2203 tamen
1082 2176 1218 2204 rationum
1233 2178 1311 2212 quasi
1325 2178 1442 2211 quadam
1455 2181 1647 2208 altrectatioue
1663 2186 1768 2209 tanttuu

978 2223 1183 2253 intellexerunt.
1214 2222 1287 2257 quod
1308 2231 1407 2250 nunten
1431 2224 1554 2252 divinum
1571 2227 1679 2261 penitus
1693 2236 1770 2255 cmu-

977 2267 1113 2303 prehendi
1129 2276 1183 2295 non
1199 2269 1295 2302 possit,
1311 2276 1360 2295 nec
1377 2269 1456 2303 quale
1469 2277 1526 2297 eaut
1542 2272 1612 2298 ratio
1621 2279 1682 2300 esse
1694 2278 1770 2308 putat

978 2318 1076 2340 natura
1095 2313 1159 2340 talis
1169 2321 1267 2348 supera
1280 2313 1371 2341 divina
1386 2315 1514 2350 majeslas
1526 2317 1570 2345 sit.
1587 2318 1770 2350 Quamobrem

979 2367 1072 2386 verum
1095 2357 1178 2385 Deum
1195 2359 1323 2393 cognosci
1347 2367 1400 2386 non
1417 2368 1497 2394 posse
1518 2361 1644 2395 fatentes,
1659 2371 1706 2391 ara
1731 2370 1770 2390 alr

978 2415 1031 2441 que
1046 2406 1126 2433 titulo
1141 2406 1278 2433 honorant
1294 2415 1374 2441 quem
1393 2409 1518 2442 ignorant
1543 2419 1550 2436 :
1568 2417 1630 2436 nam
1652 2417 1769 2438 tuentem

979 2452 1087 2480 illorum
1102 2459 1176 2483 eum,
1192 2453 1237 2487 qui
1255 2460 1348 2480 revera
1364 2452 1435 2482 Deus
1453 2459 1506 2487 est,
1529 2463 1679 2490 spectasse.
1698 2458 1769 2491 Apo-

980 2499 1066 2526 stolus
1092 2503 1219 2533 testatur,
1235 2500 1299 2527 dum
1324 2500 1399 2527 illum
1416 2500 1499 2529 Deum
1525 2502 1565 2528 eis
1579 2502 1768 2534 annuntiabat,

979 2553 1057 2579 quem
1081 2546 1124 2580 pie
1150 2554 1179 2574 se
1191 2547 1281 2574 colere
1299 2554 1346 2581 per
1359 2547 1489 2574 honorem
1516 2548 1611 2575 altaris
1630 2548 1769 2575 existima-

980 2591 1055 2617 bant.
1073 2591 1125 2623 Qui
1144 2591 1228 2626 igitur
1249 2593 1408 2620 memoratis
1438 2601 1492 2620 non
1510 2594 1620 2628 gravius
1645 2599 1771 2628 peccant,

978 2637 1025 2670 qui
1041 2644 1114 2664 nunc
1125 2638 1269 2666 stultitiam
1283 2646 1360 2665 suam
1389 2639 1526 2673 produnt?
1537 2639 1582 2673 qui
1598 2647 1653 2666 non
1672 2647 1771 2667 conce-

979 2683 1048 2710 dunt
1063 2690 1147 2718 supra
1163 2688 1273 2718 captum
1288 2691 1368 2711 suum
1384 2691 1446 2711 esse
1458 2691 1559 2711 numen
1568 2685 1703 2717 divinum,
1722 2686 1770 2713 sed

980 2729 1015 2756 ita
1032 2729 1115 2756 Deum
1132 2738 1192 2757 sese
1221 2738 1386 2765 cognoscere
1402 2731 1562 2765 gloriantur,
1578 2736 1608 2757 ut
1628 2732 1686 2767 ipso
1711 2740 1771 2760 sese

980 2775 1199 2810 cognoscit?qui
1212 2777 1300 2811 possit
1319 2777 1418 2812 aliquis
1433 2777 1512 2812 digne
1544 2772 1625 2805 talem
1659 2779 1772 2805 misera.

981 2827 1040 2846 rum
1071 2821 1170 2847 mentis
1197 2823 1346 2849 ewcitalent
1372 2822 1593 2858 deplorare?qui
1618 2829 1693 2851 tanta
1712 2826 1771 2852 luce

981 2867 1138 2896 universum
1151 2872 1284 2896 terrarum
1295 2868 1424 2902 orbcmjiu
1436 2869 1490 2897 vita
1506 2873 1599 2897 nostra
1612 2876 1769 2906 perrectum
