1938 3082
113 101 162 126 561

610 103 654 131 ΒΕ
672 104 821 133 DEITATE
832 107 909 135 FlLll
920 109 963 136 ET
979 109 1139 138 SPIRITUS
1155 110 1288 140 SANCTI.

1697 118 1748 146 εει
1773 110 1777 116 “

113 158 164 184 οὐκ
175 156 218 193 ἦν,
236 155 273 185 ὧν
289 159 353 187 ἄνευ
364 160 428 192 Θεὸς
449 161 498 188 οὐκ
514 161 586 189 ἔστιν
598 183 605 194 ,
621 165 634 190 6
651 165 697 191 ἐπὶ
712 165 819 193 πάντων
838 167 903 199 Θεὸς

955 173 1013 196 erat
1042 170 1183 204 splendor,
1209 179 1296 206 neque
1326 172 1352 198 id
1382 173 1453 207 quod
1481 174 1653 208 splendorem
1679 175 1745 205 edit,

113 205 173 236 πῶς
190 202 239 240 iv;
263 207 496 239 κατασκευάζεται
513 209 566 244 γὰρ
587 210 630 237 διὰ
658 211 759 238 τούτων
776 213 806 238 τὸ
832 211 900 240 εἶναι

113 249 189 277 Θεόν.
208 251 246 277 Οὐ
271 251 325 286 γὰρ
351 251 425 279 ἔστιν
451 254 574 289 ἐννοῆσαι
603 255 681 288 δόξαν
704 257 827 293 ἀλαμπῆ,
851 259 900 294 οὐχ

113 296 261 323 ὑπόστασιν
280 297 526 334 ἀχαρακτήριστον,
547 301 596 328 οὐκ
612 301 675 328 ἄνευ
694 303 790 338 σοφίας
807 305 898 339 σοφὸν,

111 339 162 367 οὐκ
189 341 252 368 ἄνευ
276 341 416 377 δυνάμεως
439 343 566 377 δυνατὸν,
583 346 633 372 οὐκ
659 347 761 374 ἄπαιδα
779 349 896 384 Πατέρα.

113 386 217 413 Οὐκοῦν
233 387 421 416 ἀποδέδεικται
445 389 488 416 διὰ
505 390 559 417 τῶν
583 392 746 427 εἰρημένων,
761 394 802 420 ὅτι
820 395 834 421 ὀ
853 395 902 421 τὸν

113 431 177 458 Υἰὸν
199 432 317 464 ἀθετῶν,
339 435 479 461 συναθετεῑ
502 436 546 463 καὶ
572 438 618 463 τὸν
635 438 760 474 Πατέρα·
788 439 856 466 ὅπου
873 440 901 466 δὲ

113 477 174 503 οὒτε
188 479 202 504 6
217 478 278 510 Υἱὸς
289 479 437 513 δοξάζεται,
449 481 511 508 οὔτε
521 483 535 508 6
549 483 644 519 Πατὴρ
652 481 721 511 εἶναι
732 485 899 519 πιστεύεται,

112 521 227 549 καθόλου
245 524 261 558 ἠ
281 523 376 559 θεότης
396 525 539 561 ἠθέτηται-
561 527 592 554 τὸ
605 528 634 555 δὲ
650 528 757 558 ἀθετεῖν
777 531 827 566 τὴν
844 531 902 558 θεό-

111 576 197 601 τητα,
214 569 320 601 οὐδενὸς
332 570 411 598 ἄλλου
427 571 444 607 ἢ
465 572 625 609 Ἐπικούρου
640 575 724 602 ἐστίν.

954 221 1030 248 erat;
1049 217 1071 242 si
1089 224 1141 243 non
1158 221 1216 243 erat
1231 217 1336 252 efﬁgies
1360 222 1386 246 et
1402 220 1500 255 imago,
1528 221 1641 247 oumino
1659 229 1748 255 neque

954 260 1107 287 substantia
1123 265 1181 288 erat
1195 270 1202 295 ;
1219 262 1242 289 si
1261 270 1314 290 non
1331 267 1388 290 erat
1407 265 1535 298 potentia,
1553 273 1606 292 non
1630 270 1688 292 erat
1700 273 1746 292 sa-

954 305 1054 340 pientia
1071 315 1077 332 :
1096 307 1170 341 quod
1185 308 1209 335 si
1227 308 1284 336 haec
1312 317 1366 336 non
1394 315 1472 337 erant
1488 311 1546 338 sine
1560 310 1659 346 quibus
1676 311 1746 338 Du-ns

953 358 1006 377 non
1023 355 1074 382 est,
1092 352 1114 379 is
1130 353 1175 387 qui
1192 358 1234 381 cst
1250 361 1333 389 super
1343 354 1444 386 omnia,
1459 355 1528 383 Deus
1550 357 1687 392 quierat?
1701 365 1747 391 per

953 397 1010 424 haec
1023 398 1095 424 enim
1109 398 1227 426 efﬁcitur
1241 400 1324 428 Deum
1350 408 1403 428 non
1421 409 1492 429 esse.
1509 402 1568 429 Non
1583 404 1654 430 enim
1671 406 1744 435 Pugi-

952 442 1005 469 tari
1018 447 1107 477 potest
1123 451 1172 471 nec
1187 445 1274 480 gloria
1289 446 1347 473 sine
1356 446 1512 481 splendore,
1530 455 1579 475 uec
1590 448 1743 475 substun'ia

953 489 1013 516 sine
1027 489 1128 525 et'llgie,
1143 498 1194 518 nec
1211 491 1272 519 sine
1291 492 1424 527 sapientia
1439 494 1559 528 sapiens,
1578 501 1628 522 nec
1643 495 1746 528 absque

953 535 1074 569 potentia
1100 540 1206 571 potens,
1222 545 1272 565 nec
1299 539 1402 573 absque
1429 539 1496 566 Filio
1524 539 1614 567 Pater.
1645 541 1743 566 Annon

952 587 1001 615 per
1016 581 1098 608 modo
1115 581 1186 609 dicta
1209 582 1424 611 demonstratum
1444 591 1494 617 est,
1509 593 1569 612 eum
1584 586 1629 620 qui
1647 585 1743 612 Filium

112 620 205 664 negat,
219 617 300 644 simul
315 618 396 645 etiam
420 627 520 655 negare
537 620 668 649 Patroni?
686 623 731 650 ubi
765 628 856 652 autem
889 634 978 662 neque
1001 627 1087 656 Filius
1123 629 1300 663 gloriﬁcatur,
1326 639 1377 659 nec
1405 631 1483 659 Pater
1521 617 1744 664 esse-creditur,

112 661 205 710 Deitas
214 670 326 710 prorsus
342 666 519 699 reprobatur:
537 668 684 702 reprobare
695 677 759 697 vero
773 671 901 699 deitatem
923 661 1026 702 nullius
1039 661 1153 702 alterius
1168 680 1249 710 atque
1266 661 1376 710 Epicuri
1392 680 1444 704 est.

148 705 254 735 Οὐκοῦν
271 709 452 746 Ἐπικούρειοι
467 712 492 738 ot
508 712 555 739 νῦν
568 713 748 749 δογματισταὶ
766 716 815 751 τῆς
832 717 904 744 ἀπα·
932 729 936 734 -

112 761 163 788 της
176 755 395 790 ἀναπεφήνασιν,
410 757 435 784 ot
453 758 497 784 διὰ
516 758 566 793 τῆς
580 761 620 791 εἰς
634 760 679 787 τὸν
694 762 826 797 μονογενῆ
840 763 904 789 Υἱὸν

993 719 1064 755 Ergo
1091 720 1216 756 Epicurei
1256 721 1337 749 nobis
1369 729 1431 749 esse
1467 721 1646 748 demonstrati
1682 727 1746 748 sunt

958 765 1062 793 fraudis
1076 766 1214 798 doctores,
1231 766 1277 800 qui
1295 774 1343 801 per
1358 767 1562 798 contumeliam,
1579 775 1632 802 qua
1657 766 1744 793 Filius

113 798 230 846 bdpsmg,
252 801 300 832 τὰς
314 801 449 837 ὑπεροχὰς
465 803 504 838 τῷ
531 804 618 840 Πατρὶ
642 806 833 842 χαριζόμενοι,
856 808 903 834 καὶ

956 809 1085 841 afﬁcitur,
1104 798 1385 845 prtestantiam‘Patri
1415 798 1631 846 largiunturfac
1649 812 1744 838 dicunt

112 844 237 878 λέγοντες
249 847 289 873 ὅτι
302 848 316 874 6
329 848 378 882 μὲν
394 849 504 884 μείζων,
519 852 533 877 6
546 850 574 877 δὲ
590 851 708 878 ἐλάττων
719 861 725 868 ·
740 854 754 879 6
767 854 816 887 μὲν
831 854 902 889 πέμ-

113 898 170 921 πει,
188 891 203 916 ὸ
217 890 245 916 δὲ
264 891 469 926 ἀποστέλλεται,
494 895 518 920 εἰ
532 895 576 921 καί
598 904 674 927 τινας
697 898 788 932 ῥήσεις
805 898 837 924 ὲκ
853 898 903 933 τῆς

113 935 226 970 Γραφῆς
247 937 310 973 περὶ
331 938 427 965 τούτου
446 940 618 975 παράγοντες
635 942 660 968 ot
672 942 778 978 ἀνόητοι
793 943 902 978 προτεί-

113 989 216 1013 νονται,
234 984 279 1009 καί
298 992 379 1017 φασιν
395 985 475 1012 αὐτὸν
495 987 636 1021 ὁμολογεῖν
659 988 705 1015 τὸν
730 989 843 1024 Κύριον,
861 990 902 1016 ὅτι

113 1027 246 1062 ἐπέμφθη
265 1029 339 1064 παρὰ
353 1030 400 1056 τοῦ
419 1032 536 1067 Πατρός.
563 1030 629 1059 Εἶτα
647 1034 687 1059 ὅτι
709 1034 758 1068 μὲν
775 1035 901 1070 ἐπέμφθη

114 1071 270 1105 γινώσκεις,
291 1074 332 1100 ὅτι
353 1075 382 1101 δὲ
399 1077 414 1102 6
435 1076 546 1111 πέμψας
564 1079 622 1112 μετ’
648 1078 731 1105 αὑτοῦ
756 1080 831 1106 ἔστιν
852 1081 902 1107 οὐκ

114 1117 252 1152 ἀκὴκοας;
285 1119 312 1145 '0
325 1119 445 1154 πέμψας
453 1130 502 1155 με,
519 1123 601 1157 φησὶ,
621 1124 686 1157 μετ’
713 1124 786 1158 ἐμοῦ
801 1125 901 1152 ἐστιν·

115 1163 164 1188 καὶ
178 1163 228 1190 οὐκ
245 1164 385 1200 ἐδιδάχθης
401 1166 445 1193 διὰ
464 1166 517 1193 τῶν
537 1168 700 1204 εἰρημένων,
716 1169 757 1196 ὅτι
772 1170 819 1196 καὶ
836 1171 903 1197 ἀπο-

117 1209 256 1236 στέλλεται
272 1211 318 1238 καὶ
331 1212 362 1238 οὑ
382 1212 542 1246 χωρίζεταις
561 1213 755 1241 ἀποστέλλεται
779 1215 827 1249 μὲν
849 1214 904 1251 γὰρ

114 1254 159 1283 διὰ
180 1256 395 1292 φιλανθρωπίαν,
420 1259 450 1284 οὺ
470 1258 617 1294 χωρίζεται
637 1259 665 1286 δὲ
680 1260 724 1287 διὰ
738 1261 768 1286 τὸ
788 1261 837 1296 τῆς
852 1261 901 1295 φύη

117 1308 187 1330 eam;
200 1301 329 1336 ἄτμητον,
350 1303 417 1330 Φασὶ
438 1303 466 1330 δὲ
486 1303 567 1331 πάλιν
579 1305 655 1340 παρὰ
670 1305 717 1332 τοῦ
735 1306 903 1340 Μονογενοῦς

115 1346 317 1382 ὡμολογῆσθαι,
333 1348 363 1374 τὸ
378 1348 488 1383 μείζονα
502 1349 571 1377 εἶναι
588 1351 670 1381 αὕτοῦ
682 1351 728 1378 τὸν
741 1352 861 1387 Πατέρα,
875 1353 903 1378 ὲν

114 1391 155 1428 τῷ
166 1392 263 1428 λέγειν.
272 1394 312 1422 ὅτι
330 1395 361 1422 Ὀ
372 1395 472 1430 Ηιιτΐὶρ
482 1406 538 1432 μου
548 1396 654 1432 μείζω
661 1406 720 1433 μου
731 1397 826 1426 ἐστιν.
835 1398 905 1424 Οὐκ-

115 1439 162 1466 οῦν
178 1440 357 1476 ἐξετάσωμεν,
368 1443 486 1477 ἀδελφοὶ,
501 1441 556 1478 ἄρα
573 1445 609 1479 μὴ
634 1444 760 1479 ψεύδεται
781 1445 795 1471 ὸ
808 1444 902 1475 ειπὼν,

116 1486 158 1512 ὃτι
186 1485 259 1519 Ἐγὼ
277 1486 312 1512 ἐν
332 1487 371 1519 τῷ
389 1488 488 1522 Harp),
505 1489 553 1515 καὶ
569 1491 585 1515 d
604 1490 704 1524 Πατὴρ
723 1490 758 1516 ὲν
777 1490 851 1525 ἐμοί.
871 1491 903 1517 Εἰ

118 1531 219 1566 μείζων
230 1532 244 1557 6
255 1532 349 1567 Πατὴρ
362 1532 407 1559 τοῦ
419 1533 494 1566 Υἰοῦ,
509 1534 568 1565 πῶς
586 1536 714 1570 χωρεῖται
725 1535 755 1561 τὸ
768 1535 859 1570 μεῖζον
874 1535 903 1562 ὲν

116 1575 156 1610 τῷ
178 1575 315 1607 ἐλάττωσις
337 1577 368 1603 Et
383 1577 502 1605 ἐλάττων
524 1579 538 1605 6
556 1579 619 1612 Υἱὸς
640 1579 686 1605 τοῦ
711 1580 826 1614 Πατρὸς,
845 1580 904 1611 πῶς

118 1620 269 1656 πληροῦται
289 1622 318 1648 τὺ
341 1622 433 1657 μεῖζον
454 1623 507 1650 ὑπὸ
524 1624 571 1650 τοῦ
586 1624 742 1658 λείποντος;
756 1625 790 1651 ’Ὀ
806 1634 834 1651 τε
849 1625 905 1660 γὰρ

119 1665 220 1701 μείζων
237 1669 442 1703 στενοχωρεῖται
455 1669 563 1701 πάντως
581 1671 611 1696 ὲν
624 1670 664 1705 τῷ
680 1671 812 1703 ἐλάττονι,
828 1672 874 1698 καὶ
890 1673 904 1699 6

118 1713 237 1740 ἐλάττων
254 1714 436 1749 ὲπεκταθῆναι
451 1715 518 1750 πρὸς
535 1716 565 1742 τὸ
586 1715 755 1751 ὑπερϐάλλον
776 1717 805 1744 οὺ
822 1716 902 1744 δύνα-

116 1767 176 1786 ται·
201 1759 271 1786 ὥστε
292 1760 415 1794 ἀνάγκην
437 1758 507 1787 εἶναι
531 1760 634 1788 λείπειν
648 1762 696 1797 μὲν
721 1762 801 1797 ἐντῷ
817 1763 905 1798 Πατρὶ

116 1805 163 1832 τὸν
176 1805 248 1837 Υἱὸν,
263 1806 435 1841 περισσεύειν
445 1806 474 1832 δὲ
485 1807 514 1832 ἐν
524 1806 563 1842 τῷ
574 1807 632 1842 Υἰῷ
643 1808 689 1834 τὸν
704 1809 823 1844 Πατέρα.
836 1808 902 1840 Καὶ,

115 1850 243 1884 ψεύδεται
262 1851 277 1877 ὁ
302 1851 406 1882 εἰπὼν,
433 1852 474 1879 ὅτι
501 1852 574 1887 Ἐγὼ
589 1853 624 1879 ἐν
647 1853 687 1886 τῷ
717 1854 807 1888 Harp)
830 1854 905 1889 (δέον

116 1897 214 1928 εἰπεῖν,
232 1897 310 1932 εἴπερ
331 1897 448 1925 ἐλάττων
465 1898 548 1930 ἐστὶν,
569 1899 609 1924 ὅτι
634 1898 703 1932 Ἐγὼ
717 1900 746 1925 ὲν
766 1899 805 1934 τῷ
826 1900 903 1935 μέρει

114 1941 164 1968 τοῦ
191 1942 323 1977 Πατρὺς),
338 1943 384 1970 καὶ
404 1943 435 1969 '0
451 1943 551 1977 Πατὴρ
565 1944 600 1970 ἐν
611 1945 685 1978 ἐμοί.
714 1945 904 1980 Ἀληθέστερον

115 1987 171 2022 γὰρ
183 1985 218 2022 ἦν
231 1989 328 2020 εἰπεῖν,
344 1989 424 2024 εἴπερ
445 1989 544 2024 μείζων
564 1990 578 2015 ὸ
600 1990 704 2025 Πατὴρ,
718 1990 760 2017 ὅτι
772 1991 860 2025 Μέρος
877 1999 904 2017 τι

113 2033 163 2060 τοῦ
186 2035 291 2069 Πατρὸς
310 2036 338 2061 ὲν
356 2035 432 2069 ἐμοί·
456 2036 479 2061 εἰ
496 2035 523 2061 δὲ
541 2035 599 2066 ὅλος
615 2035 629 2061 ὀ
647 2036 741 2071 Πατὴρ
757 2036 786 2062 ὲν
800 2036 853 2071 ὅλῳ
864 2036 904 2070 τῷ

114 2079 185 2114 Υεῷ,
198 2081 244 2106 καὶ
257 2080 316 2112 ὅλος
334 2082 348 2107 6
362 2081 426 2112 Υἱὸς
440 2082 468 2107 ὲν
481 2081 533 2115 ὅλῳ
550 2080 588 2115 τῷ
602 2081 699 2115 Πατρὶ,
715 2079 767 2106 ποῦ
782 2081 812 2107 τὸ
824 2080 904 2107 πλέον

115 2126 164 2152 καὶ
185 2125 237 2152 ποῦ
260 2126 291 2152 τὸ
311 2126 418 2158 λεῖπονς
441 2126 488 2152 καὶ
503 2126 529 2152 τι
544 2125 598 2161 χρὴ
611 2125 696 2152 πολλὰ
711 2125 819 2160 λέγειν,
842 2125 902 2152 δέον

116 2173 169 2207 μιᾷ
187 2173 262 2208 φωνῇ
282 2173 371 2199 πᾶσαν
391 2172 481 2200 αὐτῶν
501 2172 668 2208 περιγράψαι
681 2172 730 2207 τὴν
751 2172 902 2207 φλυαρίαν;

117 2225 128 2243 ι
137 2217 187 2248 ’ος
201 2217 231 2243 ὲν
243 2219 332 2253 μορφῇ
345 2217 412 2244 Θεοῦ
421 2218 559 2253 ὑπάρχων,
572 2219 621 2253 οὐχ
628 2218 773 2253 ἁρπαγμὸν
782 2218 904 2253 ἡγήσατο

113 2262 147 2288 τὸ
161 2260 231 2289 εἶναι
252 2259 298 2288 ἶσα
309 2262 377 2297 Θεῷ.
394 2273 404 2289 ι
422 2263 489 2289 Εἰπέ
505 2271 560 2298 μοι,
574 2263 603 2289 τὸ
615 2261 673 2290 ἴσον
684 2263 803 2294 ἀκούσας
817 2262 848 2289 τὸ
865 2262 902 2298 μὴ

112 2306 175 2334 ἴσον
189 2306 317 2342 ὲνόησας;
336 2308 367 2333 ’Ὠ
384 2307 478 2339 καινῆς
491 2307 665 2340 διδασκαλὶας
679 2308 723 2334 διὰ
738 2307 784 2334 τοῦ
802 2308 860 2334 ῐσου
873 2307 903 2333 τὸ

112 2353 208 2380 ἄνισον
220 2353 436 2388 ἑριιηνευοὺσηςέ
458 2353 527 2380 Ἀλλ’
544 2354 608 2385 ἴσως
618 2353 692 2384 εἰκός
702 2354 761 2380 ἐστι
785 2353 832 2380 καὶ
847 2352 902 2379 τῶν

113 2398 363 2434 πολυμαθεστέρων
380 2399 441 2426 τινὰ
455 2400 500 2426 τὸν
516 2400 581 2435 περὶ
598 2400 700 2426 τούτων
715 2399 793 2434 λόγον
808 2399 904 2434 ἐπιζη-

112 2446 183 2475 τεῖν,
201 2444 264 2476 Πῶς
275 2445 322 2471 καὶ
343 2445 443 2480 μείζων
456 2447 470 2472 6
484 2445 578 2481 Πατὴρ
599 2446 646 2473 τοῦ
660 2445 737 2476 Υιοῦ,
753 2445 800 2472 καὶ
815 2443 872 2476 ἴσος
886 2446 900 2471 ὁ

114 2490 182 2521 Υἱὸς
193 2490 240 2516 τοῦ
255 2490 376 2526 [lat-96c;
392 2492 470 2518 Δοκεῖ
483 2491 538 2527 γάρ
559 2500 618 2523 πως
633 2491 669 2527 μὴ
686 2491 845 2527 συμϐαίνειν
859 2491 906 2517 ἁλ-

112 2535 207 2571 λήλοις
227 2535 322 2563 ταῦτα.
345 2536 449 2563 Οὐκοῦν
477 2537 556 2571 ἀφεὶς
569 2536 600 2562 τὸ
621 2536 688 2571 πρὸς
708 2536 772 2566 τοὺς
791 2535 906 2566 πολλοὺς

112 2581 279 2612 ἀντιπάλους
301 2581 556 2617 διαπληκτίζεσθαι,
582 2581 722 2616 πατρικῶς
746 2581 812 2616 ὑμῖν
840 2580 904 2614 περὶ

112 2627 171 2654 τῶν
188 2627 375 2663 προκειμένων
399 2627 624 2662 διαλεχθήσομαι’
647 2627 684 2654 Οὐ
708 2627 797 2658 πάσας
814 2626 904 2661 ὁμοτι-

115 2682 186 2709 μους
202 2671 260 2700 οἶδα
281 2674 331 2704 τὰς
351 2673 398 2700 τοῦ
415 2674 580 2707 Εὐαγγελίου
596 2673 702 2707 φωνὰς,
714 2673 776 2699 ὅσαι
792 2672 826 2698 τὰ
841 2671 903 2705 περὶ

112 2719 164 2746 τοῦ
182 2718 284 2754 Κυρίου
299 2718 478 2751 διδάσκουσιν,
503 2719 562 2746 οὐδὲ
575 2718 629 2745 ἀπὸ
644 2720 692 2754 τῆς
707 2718 792 2752 αὐτῆς
807 2717 902 2752 δηλου-

151 2810 164 2827 ⁷
176 2810 256 2838 Joan.
275 2817 335 2844 vnt,
348 2809 392 2837 29.

954 855 1025 882 hunc
1042 856 1152 890 quidem
1172 856 1313 890 majorem,
1337 856 1412 883 illum
1431 864 1496 883 vero
1513 858 1645 883 minorem
1660 864 1740 883 esse:

953 901 1026 928 hunc
1036 901 1144 936 quidem
1158 902 1274 933 mittere,
1288 902 1362 929 illum
1375 910 1439 929 vero
1454 902 1523 928 mitti
1538 912 1544 929 :
1561 907 1644 937 atque.
1658 903 1741 928 etiam

952 945 1023 971 dicta
1039 945 1163 979 qua'dam
1179 953 1210 972 ex
1228 944 1370 980 Scriptura
1387 946 1437 972 hac
1453 947 1486 973 de
1505 954 1534 974 re
1560 946 1741 980 proferentes.

953 991 1036 1017 stulte
1054 990 1239 1025 prmtendnnt,
1255 995 1281 1017 et
1296 991 1373 1017 aiunt
1392 991 1536 1018 Dominum
1553 992 1641 1025 ipsum
1660 991 1743 1017 conﬁ-

953 1037 1003 1062 teri
1018 1043 1047 1064 se
1065 1036 1178 1063 missum
1205 1044 1266 1064 esse
1281 1045 1295 1063 a
1316 1036 1405 1064 Patre.
1421 1036 1453 1062 Et
1469 1036 1541 1071 quod
1554 1037 1666 1063 missum
1683 1037 1743 1072 qui-

953 1081 1013 1108 dem
1029 1089 1090 1109 esse
1106 1081 1247 1116 intelligis,
1265 1090 1327 1109 eum
1341 1087 1433 1109 autem
1450 1082 1497 1116 qui
1513 1082 1587 1109 misit
1602 1089 1663 1108 cum
1696 1082 1744 1108 illo

954 1134 1015 1154 esse
1043 1134 1097 1154 non
1115 1127 1242 1154 audisti?
1267 1127 1319 1160 Qui
1347 1128 1418 1154 misit
1438 1136 1496 1160 me,
1525 1127 1626 1162 inquit,
1643 1135 1743 1153 mecum

953 1172 1010 1198 est'
1024 1181 1031 1205 ;
1046 1176 1073 1198 et
1090 1179 1144 1198 non
1160 1180 1210 1207 per
1225 1180 1255 1200 ea
1275 1172 1349 1200 dicta
1377 1173 1491 1201 edoctus
1506 1180 1535 1200 es
1550 1173 1622 1207 quod
1637 1175 1663 1199 et
1679 1172 1743 1198 mit-

955 1214 1022 1240 titur
1032 1219 1059 1241 et
1075 1222 1128 1242 non
1142 1220 1286 1250 separatur
1296 1216 1309 1242 ἵ
1323 1215 1391 1243 Nam
1415 1217 1531 1244 mittitur
1551 1217 1660 1251 quidem
1678 1223 1743 1250 pro-

955 1264 1014 1294 pter
1035 1260 1230 1288 humanitatem
1246 1282 1254 1293 ,
1279 1269 1334 1288 non
1358 1266 1502 1296 separatur
1528 1268 1617 1288 autem
1633 1265 1743 1296 pt'opt'f

955 1309 1060 1333 natura:
1074 1306 1307 1333 individnitatem.
1323 1307 1407 1334 Aiunt
1423 1308 1487 1334 item
1516 1315 1612 1334 rursus
1643 1307 1741 1332 Filium

956 1351 1125 1386 unigenitum
1152 1351 1309 1379 confessum
1337 1360 1398 1380 esse
1430 1352 1502 1387 quod
1524 1352 1584 1386 ipso
1603 1351 1689 1385 major
1707 1351 1744 1378 sit

955 1396 1044 1428 Pater,
1062 1396 1126 1423 dum
1142 1397 1219 1428 dicit,
1237 1397 1318 1424 Pater
1334 1406 1404 1424 meus
1419 1397 1506 1432 nule
1519 1406 1558 1423 me
1571 1402 1608 1423 cst
1621 1398 1641 1423 ".
1659 1397 1744 1431 lg'mr

955 1443 1137 1475 excutiamus,
1154 1442 1263 1475 fratres,
1280 1443 1403 1478 nunquid
1420 1444 1569 1471 mentiatur
1591 1444 1636 1478 qui
1660 1443 1740 1472 tlix'ot.

918 1477 939 1505 (ἶ
958 1489 1012 1524 Ego
1029 1489 1055 1515 in
1078 1490 1158 1516 Patre
1180 1498 1250 1522 sum,
1266 1495 1289 1517 et
1306 1477 1387 1516 Pater
1402 1490 1429 1516 in
1457 1497 1497 1516 me
1511 1490 1580 1516 est“.
1609 1489 1637 1516 Si
1655 1488 1743 1522 major

955 1534 1025 1562 Filio
1042 1534 1123 1562 Pater
1133 1532 1186 1568 e'st,
1205 1536 1251 1570 qui
1266 1536 1373 1570 capitur
1387 1539 1414 1562 et
1427 1536 1516 1562 locum
1530 1535 1612 1562 habet
1628 1535 1652 1562 id
1669 1536 1741 1568 quod

955 1579 1044 1612 majus
1060 1583 1102 1607 est
1114 1580 1140 1607 in
1156 1580 1278 1607 minore?
1293 1581 1316 1607 si
1331 1580 1420 1607 minor
1432 1579 1511 1607 Patre
1523 1580 1608 1607 Filius
1625 1584 1677 1610 est.
1693 1581 1741 1615 qui

955 1625 1107 1659 completur
1122 1625 1149 1652 id
1164 1625 1237 1660 quod
1255 1626 1344 1660 majus
1375 1631 1413 1653 est
1432 1633 1447 1652 a
1476 1625 1604 1652 minore?
1629 1624 1697 1652 Nam
1715 1630 1742 1652 et

955 1670 1043 1704 major
1056 1675 1211 1698 coarctatur
1227 1679 1341 1706 prorsus
1358 1671 1384 1697 in
1401 1672 1515 1702 minore,
1533 1675 1561 1697 ct
1585 1671 1674 1698 minor
1693 1679 1741 1698 ex-

955 1716 1029 1743 tendi
1054 1716 1087 1743 ad
1113 1716 1334 1751 exsuperantiam
1371 1720 1398 1743 et
1423 1716 1659 1751 exaggerationem
1688 1723 1743 1742 non

956 1765 1065 1795 potest:
1082 1762 1149 1788 aleo
1169 1765 1198 1788 ut
1211 1769 1323 1789 necesse
1339 1762 1375 1789 sit
1389 1762 1485 1789 deesse
1498 1762 1607 1796 quidem
1623 1762 1650 1788 in
1662 1761 1742 1788 Patre

956 1806 1065 1838 Filium,
1092 1807 1245 1835 redundare
1278 1812 1367 1834 autem
1401 1808 1427 1834 in
1453 1807 1521 1833 Filio
1557 1807 1675 1834 Patrem.
1704 1808 1742 1834 de

956 1853 1086 1880 mentitur
1099 1853 1146 1888 qui
1161 1852 1240 1885 dixit,
1274 1852 1326 1888 Ego
1344 1861 1402 1879 tum
1418 1854 1444 1879 in
1463 1852 1545 1879 Patre
1561 1852 1643 1887 (cum
1662 1861 1743 1888 opor-

956 1902 1023 1925 teret
1039 1898 1141 1930 dicere,
1169 1898 1191 1926 si
1213 1899 1324 1933 quidem
1343 1898 1434 1925 minOr
1461 1904 1513 1930 est,
1542 1897 1597 1933 Ego
1626 1905 1686 1925 sum
1715 1899 1742 1924 ‘m

957 1947 1035 1978 parte
1047 1944 1138 1971 Patris
1149 1943 1170 1978 ),
1188 1948 1213 1970 et
1227 1943 1308 1970 Pater
1320 1945 1346 1970 in
1360 1952 1402 1970 me
1417 1949 1454 1970 cat
1472 1951 1481 1970 :
1495 1943 1586 1970 verius
1599 1943 1671 1969 enim
1685 1948 1743 1970 erat

956 1989 1047 2017 dicere
1063 1989 1104 2024 (si
1119 1989 1228 2024 quidem
1245 1991 1331 2024 major
1344 1993 1386 2016 est
1404 1989 1515 2024 Pater),
1534 1996 1597 2023 pars
1618 1988 1741 2023 quaedam

956 2034 1045 2062 Patris
1057 2039 1100 2062 est
1114 2035 1140 2062 in
1158 2043 1209 2062 me.
1224 2034 1301 2067 Quod
1316 2035 1339 2062 si
1356 2038 1429 2062 totus
1451 2033 1531 2061 Pater
1550 2034 1577 2060 in
1601 2037 1658 2061 toto
1674 2034 1742 2061 Filio

956 2084 1007 2112 est,
1022 2086 1049 2108 et
1063 2085 1136 2108 totus
1152 2080 1237 2108 Filius
1253 2080 1280 2107 in
1297 2084 1356 2108 toto
1372 2079 1462 2110 Patre.
1477 2079 1521 2106 ubi
1537 2080 1562 2106 id
1579 2080 1652 2114 quod
1670 2079 1742 2115 plus.

957 2132 984 2153 et
1000 2125 1047 2153 ubi
1066 2126 1093 2153 id
1109 2126 1182 2160 quod
1202 2126 1292 2152 minus
1307 2126 1371 2152 est?
1387 2125 1418 2152 Et
1432 2125 1498 2159 quid
1511 2133 1582 2160 opus
1595 2129 1637 2153 est
1657 2126 1742 2152 multa

956 2170 1058 2203 dicere,
1072 2179 1134 2198 cum
1157 2178 1210 2197 una
1227 2177 1294 2198 voce
1313 2178 1421 2197 omnem
1446 2177 1540 2197 eorum
1566 2170 1741 2197 circumscri-

955 2217 1020 2244 bere
1041 2221 1166 2251 oporteat
1181 2216 1325 2243 verborum
1341 2215 1520 2250 petulantiam
1544 2221 1624 2250 atque
1647 2223 1741 2250 garru-

954 2262 1058 2289 litatem
1072 2262 1083 2288 ?
1099 2263 1144 2296 qui
1166 2270 1229 2288 cum
1245 2265 1319 2288 esset
1334 2262 1361 2288 in
1378 2261 1466 2288 forma
1483 2260 1540 2293 Dei,
1572 2269 1625 2287 non
1643 2261 1740 2288 existi-

955 2307 1039 2335 mavit
1056 2308 1178 2341 rapinam
1195 2314 1256 2334 es~e
1269 2306 1341 2341 quod
1356 2306 1410 2333 Deo
1422 2314 1470 2340 par
1480 2311 1553 2333 essm
1565 2306 1597 2334 “‘.
1616 2305 1663 2332 Die
1677 2306 1742 2332 mihi

955 2361 1017 2380 cum
1039 2353 1140 2380 audisti
1157 2353 1181 2379 id
1199 2353 1271 2387 quod
1292 2360 1340 2386 par
1364 2356 1417 2383 est,
1432 2352 1458 2378 id
1480 2352 1553 2386 quod
1583 2352 1670 2386 impar
1701 2355 1743 2378 est

956 2398 1116 2426 intellexisti
1129 2399 1140 2424 ?
1151 2398 1174 2425 Ο
1187 2406 1284 2425 noram
1304 2398 1469 2428 doctrinam,
1485 2405 1546 2432 qua:
1561 2405 1608 2431 per
1629 2398 1654 2424 id
1670 2397 1742 2431 quod
1778 2413 1783 2419 -

957 2453 1006 2481 par
1021 2450 1073 2477 est,
1089 2444 1115 2472 id
1133 2444 1205 2479 quod
1223 2444 1311 2479 impar
1327 2448 1369 2471 est
1386 2443 1591 2478 interpretatur.
1618 2443 1670 2470 Sed
1687 2443 1742 2470 for-

957 2492 1027 2518 sitan
1056 2493 1272 2517 consenlaneum
1298 2493 1341 2516 est
1366 2489 1448 2515 etiam
1475 2489 1592 2523 aliquem
1618 2488 1740 2515 discendi

957 2536 1086 2571 cupidum
1112 2536 1207 2563 harum
1229 2543 1320 2563 rerum
1345 2534 1486 2569 requirere
1511 2535 1665 2566 rationem,
1693 2533 1740 2566 qui

959 2583 1005 2609 tiat
1018 2587 1048 2609 ut
1062 2587 1090 2609 et
1105 2582 1185 2609 Pater
1208 2581 1278 2608 Filio
1299 2580 1395 2615 major,
1410 2584 1437 2607 et
1452 2580 1537 2607 Filius
1555 2580 1627 2606 Patri
1648 2586 1741 2612 :equa-

957 2628 991 2655 lis
1010 2631 1038 2654 et
1054 2635 1103 2662 par
1117 2627 1175 2654 sit?
1190 2626 1323 2653 Videntur
1340 2625 1412 2652 enim
1430 2626 1486 2652 haec
1497 2625 1567 2651 inter
1589 2631 1648 2650 sese
1664 2623 1741 2649 nullo

956 2673 1037 2700 modo
1051 2673 1209 2699 convenire.
1233 2672 1317 2706 Igitur
1343 2671 1444 2698 omissa
1468 2669 1653 2697 decertutionc
1675 2676 1738 2695 eum

956 2719 1036 2753 vulgo
1047 2717 1278 2748 adversarim'um,
1295 2715 1327 2743 de
1341 2715 1422 2742 rebus
1442 2713 1592 2750 propositis
1605 2713 1738 2740 disseram

448 2808 545 2837 llJoan.
564 2817 623 2844 νιν,
639 2810 682 2837 28.
704 2811 714 2826 ³
730 2809 796 2836 ibid.
816 2810 857 2837 l0.
897 2808 1045 2843 l"Pbilipp.
1067 2815 1096 2841 tt,
1110 2808 1137 2835 6.
