1938 3082
188 103 240 131 563

820 104 849 132 S.
862 103 1026 133 GREGORII
1044 103 1192 152 blYSSENl

1763 100 1819 130 ΞΜ

190 169 208 189 v
229 162 269 188 .is
287 168 364 189 more
383 165 507 197 paterno.
521 160 580 189 Non
600 169 694 190 omnes
722 161 861 198 Evangelii
882 171 974 196 voces,

1029 164 1111 199 μένας
1133 163 1226 196 ἀξίας·
1243 165 1270 190 αἱ
1285 164 1334 199 μὲν
1354 162 1409 198 γὰρ
1431 162 1460 189 τὸ
1475 162 1540 197 ὕψος
1556 161 1606 197 τῆς
1619 160 1745 196 θεότητος
1767 160 1818 186 τοῦ

188 213 361 242 quacunque
388 214 434 235 res
455 214 470 234 a
494 206 611 235 Domino
633 212 725 243 gestas
755 210 846 244 (nos)
865 209 974 241 docent,

190 251 313 286 ejusdem
327 252 447 280 arbitror
458 260 520 280 esse
534 253 709 286 conditionis,
725 261 815 289 neque
830 254 864 281 ab
880 255 976 282 eadem

192 297 309 332 proferri
325 298 480 334 dignitate;
495 306 557 326 nam
583 298 642 326 aliae
662 299 774 335 quidem
802 300 974 328 altitudinem

191 342 253 370 Filii
270 342 319 371 Dei
336 343 489 371 divinitatis
511 352 574 371 eum
591 344 739 372 verborum
760 345 904 380 majestate
925 346 974 373 de-

192 388 298 416 clarant
311 398 318 423 ;
335 389 394 416 alia:
408 397 473 417 vero
487 397 548 417 sese
563 390 704 417 dimittunt
725 394 752 418 et
769 391 976 418 accommodant

193 433 227 460 ad
242 434 421 462 humilitatem
437 435 561 462 humanae
577 439 692 462 natura».
706 434 772 462 Nam
783 435 829 463 ubi
844 435 976 464 Dominus

192 479 300 514 quidem
321 480 406 507 dicit:
425 479 479 514 Ego
494 480 617 515 praecipio
635 480 682 507 tibi
694 480 735 514 “;
750 485 786 512 et,
805 479 880 513 Volo,
896 488 975 507 mun-

193 523 243 551 dus
258 526 343 552 esto"
357 533 365 558 ;
381 529 417 558 et,
433 525 513 552 Pater
531 526 558 552 in
571 534 610 552 me
626 530 675 556 est.
691 530 716 553 et
732 534 779 561 ego
793 534 851 552 sum
869 526 895 552 in
919 525 975 552 Pa-

195 575 232 597 tre
244 570 286 603 ";
303 574 340 601 et.
355 570 408 604 Qui
422 571 484 598 vidit
502 580 552 603 me,
569 572 631 599 vidit
650 571 756 598 Patrem
768 572 790 588 “
804 581 811 605 ;
828 577 864 603 et.
880 573 935 607 Ego
950 578 974 599 et

194 615 276 643 Pater
289 625 369 643 unum
387 618 508 644 sumus"
526 626 532 649 ;
553 622 589 648 et.
610 618 697 645 Nemo
721 617 820 644 Filium
838 619 907 644 novit
925 618 975 644 nisi

198 660 318 693 Pater“;
334 665 370 693 et,
387 661 483 689 Omnia
499 670 556 688 mea
571 668 615 689 tua
629 667 734 694 sunt,et
748 667 794 689 tua
808 671 864 689 mea
879 663 899 678 "'
914 672 922 694 ;
937 668 974 694 et,

194 705 365 740 Cleri/italus
377 714 434 733 sum
450 707 476 734 in
491 708 528 734 eis
539 708 570 739 ",
586 714 612 735 et
625 715 794 743 quaecunque
813 712 879 735 sunt
902 709 973 742 ejus-

194 750 278 782 modi.
293 751 414 778 indivant
426 760 485 779 eam
502 753 660 787 potentiam,
687 761 748 788 qua:
763 761 846 789 supra
865 762 975 781 omnem

193 801 276 822 estet
302 801 424 824 naturam
453 803 479 825 et
507 802 675 832 potestatem.
698 797 750 826 Sed
765 807 827 826 cum
849 800 881 826 ad
899 799 975 827 infir-

1027 209 1092 236 Υἱοῦ
1115 209 1160 236 τοῦ
1187 209 1260 235 Θεοῠτ
1281 208 1480 244 μεγαλοφὼνως
1505 207 1704 242 κηρύσσουσιν·
1730 206 1761 232 αἱ
1785 205 1817 232 δὲ

1026 254 1094 290 πρὸς
1111 255 1140 281 τὸ
1157 254 1284 281 ταπεινὸν
1303 254 1354 288 τῆς
1375 253 1548 289 ἀνθρωπίνης
1567 251 1818 286 συγκαταϐαίνωσι

1026 299 1143 333 φύσεως.
1159 299 1245 325 Ὅταν
1270 298 1320 333 μὲν
1343 298 1398 333 γὰρ
1418 297 1484 332 λέγῃ
1497 297 1512 322 ὁ
1526 295 1628 331 Κύριος
1639 303 1646 310 ·
1663 294 1737 329 Ἐγὼ
1753 294 1819 320 ἐπι-

1025 343 1130 370 τάσσω
1144 351 1210 370 σοι·
1241 343 1303 373 καὶ,
1332 343 1424 373 Θέλω,
1444 342 1656 375 καθιιρΙσθητι·
1685 340 1746 371 καὶ,
1784 339 1819 365 '0

1026 389 1126 424 Πατὴρ
1138 389 1172 416 ἐν
1186 389 1259 423 ἐμοὶ,
1276 388 1356 423 κάγὼ
1371 389 1406 415 ἐν
1417 388 1456 421 τῷ
1474 387 1567 421 Harp!
1577 395 1583 401 ·
1595 386 1653 417 καὶ,
1674 386 1706 412 '0
1725 385 1815 418 ἑωρα-

1026 435 1085 468 κὼς
1099 435 1160 470 ἐμὲ,
1184 435 1294 469 ἑώρακε
1319 434 1373 461 τὸν
1394 433 1525 467 Πατέρα·
1556 432 1612 462 καὶ.
1643 430 1717 464 Ἐγὼ
1733 430 1781 456 καὶ
1800 431 1820 456 ὁ

1026 481 1126 515 Πατὴρ
1142 481 1176 507 ἓν
1199 481 1308 515 ἐσμεν·
1335 479 1393 511 καῖ,
1415 478 1520 511 οὐδεὶς
1540 476 1602 504 οἶδε
1622 477 1676 503 τὸν
1697 477 1774 506 flor,
1789 476 1818 501 εὶ

1023 526 1066 560 μὴ
1077 528 1094 553 ὁ
1112 525 1222 560 Πατήρ·
1246 525 1303 556 καὶ,
1327 525 1432 551 Πάντα
1443 524 1479 550 τὰ
1495 523 1550 557 ἐμὰ
1567 522 1612 549 σά
1623 522 1698 552 ἐστι,
1711 521 1758 547 καὶ
1780 520 1818 546 τὰ

1026 571 1066 597 σὰ
1089 570 1163 604 ἐμά·
1192 570 1249 602 καὶ,
1270 569 1454 604 Δεδὸξασμηι
1479 568 1513 595 ὲν
1538 567 1657 599 αὐτοῖς·
1691 565 1738 592 καὶ
1766 565 1820 591 ὅσα

1026 617 1138 644 τοιαῦτα
1151 617 1200 652 τὴν
1215 616 1342 643 ἐπέκεινα
1359 616 1448 650 πάσης
1463 613 1571 649 φύσεώς
1584 622 1613 639 τε
1629 612 1676 639 καὶ
1691 611 1818 644 ἐξουσίας

1027 662 1190 689 ἐνδείκνυται
1212 661 1335 697 δύναμιν.
1366 660 1490 687 Ἐπειδὰν
1516 659 1626 695 sum»;
1648 658 1679 684 τδ
1703 657 1821 687 ἀσθενὲς

1026 708 1076 742 τῆς
1099 707 1235 745 ἡμετέρας
1258 707 1365 743 φύσεως
1387 705 1511 741 ἑπικλίνῃ
1538 705 1584 732 τὸν
1604 704 1692 738 λόγον,
1723 703 1816 728 ἐκεῖνα

1027 754 1188 789 φθέγγεται·
1208 753 1375 787 Περίλυπός
1392 753 1477 779 ἐστιν
1495 752 1514 785 ἢ
1530 750 1616 785 ψυχή
1634 755 1707 784 μου’
1720 750 1754 775 Εἰ
1766 748 1817 774 δυ-

1027 800 1128 831 νατὸν,
1151 800 1320 834 παρελθέτω
1343 799 1376 825 τὸ
1396 797 1553 832 ποτήριον·
1583 797 1625 823 οὐ
1648 795 1773 821 δύναται
1799 793 1818 818 ὁ

193 840 315 868 unitatem
339 847 440 869 nostra:
465 848 568 870 natura
591 850 745 871 sermonem
771 844 902 878 inclinat,
928 845 975 873 illa

1032 846 1098 878 Υιὸς
1118 830 1168 881 ἀφ’
1181 830 1290 872 ἑαυτοῦ
1310 854 1337 872 τι
1359 830 1477 871 ποιεῖν(
1491 842 1637 876 Ἐντολὴν
1657 841 1770 868 ἔλαϐον
1789 839 1817 866 τι

193 887 352 920 pronuntiat
365 896 371 914 :
387 887 525 916 Pertrixtis
537 889 672 916 extanima
685 898 761 922 mea;
772 891 795 917 si
806 891 866 925 ﬁeri
879 895 974 925 potest,

194 935 313 958 transeat
331 931 402 958 calix
416 932 466 959 iste
478 933 519 960 ηε
541 933 627 961 Filius
645 942 698 960 mm
719 939 802 968 potest
823 943 839 962 a
861 944 915 962 sese
930 936 974 970 fa-

194 984 252 1003 cere
263 977 405 1012 quidquam
418 978 451 1006 ’°.
477 977 635 1006 Mandatum
656 981 743 1014 accepi
765 980 827 1015 quid
848 980 935 1007 dicant
951 986 976 1008 et

193 1022 256 1056 quid
270 1022 364 1057 loquar
380 1023 414 1050 ".
443 1022 515 1051 Vada
535 1024 569 1051 ad
584 1024 691 1052 Patrem
711 1033 795 1053 nteum
818 1031 842 1053 et
869 1026 975 1054 Patrem

193 1073 319 1100 nstrum,
333 1074 357 1096 et
369 1070 402 1096 ad
419 1069 499 1096 Deum
517 1078 602 1097 meum
614 1075 638 1098 et
658 1071 692 1098 ad
717 1071 800 1098 Deum
816 1078 929 1100 uestrum
942 1075 974 1101 ”.

195 1113 222 1140 lu
237 1114 279 1141 his
290 1122 359 1149 pone
375 1115 456 1143 etiam
474 1116 607 1152 lacrymas
620 1125 703 1152 super
716 1117 820 1146 Lazaro
837 1119 975 1155 profusas,

193 1164 221 1186 et
236 1160 424 1189 lassitudinem
438 1169 470 1189 ex
483 1162 581 1190 itinere
604 1167 784 1195 contractam,
810 1169 838 1192 et
853 1165 905 1192 cibi
928 1173 976 1200 ap-

194 1203 362 1236 petitionem,
383 1209 409 1232 et
425 1213 501 1240 aqua:
514 1206 685 1240 petitionem.
706 1211 734 1234 et
751 1215 865 1236 cursum
880 1210 913 1236 ad
943 1210 976 1236 li-

193 1255 268 1279 cum,
283 1250 396 1283 etquod
414 1250 546 1279 Dominus
574 1251 717 1286 ignorabat
747 1254 872 1281 arborem
901 1255 977 1282 illam

194 1293 285 1320 fructu
301 1302 405 1326 carere,
428 1299 454 1323 et
476 1297 503 1323 in
525 1298 634 1333 navigio
653 1305 789 1326 somnum.
817 1298 878 1327 Haec
904 1301 976 1327 enim

193 1339 285 1366 oumia
301 1344 328 1367 et
354 1349 525 1376 quaecunque
543 1346 609 1371 sunt
632 1343 698 1370 talia
728 1352 782 1371 non
807 1345 879 1379 ejus,
905 1347 979 1381 quod

1026 893 1109 924 ειπω,
1120 891 1169 918 καὶ
1181 891 1210 918 τί
1222 890 1349 925 λαλήσω
1356 898 1363 904 ·
1380 889 1543 924 Πορεύομαι
1553 888 1628 923 πρὸς
1638 887 1692 914 τὸν
1701 886 1818 918 Πατέρα

1023 945 1083 971 μου
1104 936 1154 964 καὶ
1173 935 1288 969 Πατέρα
1306 934 1408 969 ὑμῶν.
1431 934 1481 961 καὶ
1501 935 1576 960 Θεόν
1590 941 1649 967 μου
1670 931 1719 958 καὶ
1740 930 1818 957 Θεὸν

1026 982 1120 1017 ὑμῶν.
1140 982 1184 1008 Ἐν
1195 981 1300 1013 τούτοις
1313 981 1382 1008 τίθει
1393 981 1440 1008 καὶ
1453 980 1484 1007 τὸ
1496 980 1542 1007 ἐπὶ
1551 979 1677 1013 Λαζάρου
1687 979 1814 1012 δάκρυον,

1027 1028 1074 1055 καὶ
1085 1028 1132 1054 τὸν
1145 1027 1178 1054 ὲκ
1191 1027 1243 1062 τῆς
1256 1027 1409 1062 ὁδοιπορίας
1424 1027 1519 1057 κόπον,
1535 1025 1582 1052 καὶ
1596 1025 1645 1060 τὴν
1655 1024 1704 1058 τῆς
1713 1023 1815 1059 τροφῆς

1027 1074 1130 1108 ἔφεσιν,
1147 1073 1195 1100 καὶ
1207 1072 1256 1108 τὴν
1267 1072 1314 1100 τοῦ
1332 1071 1426 1103 ὓδατος
1442 1071 1560 1106 αἴτησιν.
1585 1070 1632 1097 καὶ
1645 1070 1690 1096 τὸν
1707 1070 1755 1095 ἐπὶ
1766 1067 1817 1103 τῆς

1028 1119 1113 1154 συκῆς
1133 1119 1242 1155 δρόμον,
1270 1118 1317 1145 καὶ
1342 1119 1392 1154 τῆς
1415 1117 1463 1144 τοῦ
1488 1116 1573 1152 φυτοῦ
1602 1115 1741 1151 ἀκαρπίας
1766 1115 1816 1150 τὴν

1027 1166 1148 1200 ἄγνοιαν,
1163 1165 1210 1192 καὶ
1229 1164 1274 1192 τὸν
1290 1165 1337 1191 ἐπὶ
1358 1163 1405 1191 τοῦ
1427 1164 1519 1190 πλοίου
1540 1162 1633 1189 ὕπνον.
1649 1161 1742 1189 Ταῦτα
1761 1160 1817 1196 γὰρ

1027 1211 1125 1243 πάντα,
1147 1211 1195 1238 καὶ
1216 1211 1266 1238 ὅσα
1288 1209 1414 1242 τοιαῦτα,
1439 1209 1499 1245 οὐχὶ
1525 1208 1573 1236 τοῦ
1592 1210 1621 1236 ὲν
1644 1209 1715 1244 ἀρχῇ
1740 1207 1818 1238 ὄντος

1030 1257 1118 1291 Λόγου
1129 1256 1197 1283 Θεοῦ
1209 1256 1261 1292 τὴν
1274 1255 1361 1289 ἀξίαν,
1376 1255 1443 1282 ἀλλὰ
1462 1255 1510 1282 τοῦ
1524 1254 1740 1284 ταπεινώσαντος
1753 1253 1820 1279 ea».

1030 1303 1075 1330 τὺν
1092 1304 1120 1330 ὲν
1131 1304 1164 1338 τῇ
1175 1302 1222 1329 τοῦ
1241 1302 1335 1329 δούλου
1350 1303 1441 1338 μορφῇ
1453 1301 1503 1337 τὴν
1522 1300 1589 1336 πρὸς
1597 1299 1631 1326 et;
1639 1299 1750 1330 ἀσθενὲς
1767 1297 1820 1333 τῆς

1027 1347 1135 1382 φύσεως
1150 1347 1229 1383 ἡμῶν
1245 1346 1396 1383 παραδηλοῖ
1406 1345 1620 1381 ωγκατάΰασιν.

193 1386 296 1413 eratin
328 1386 474 1422 principio,
491 1387 573 1415 Verbi
600 1388 648 1416 Dei
673 1389 844 1424 dignitatem,
873 1391 919 1418 sed
943 1391 1002 1426 ejus
1021 1393 1068 1427 qui
1099 1400 1159 1421 sese
1182 1393 1209 1419 in
1229 1392 1314 1419 l'orma
1337 1392 1407 1420 servi
1426 1392 1625 1424 humiliaverat,
1653 1391 1689 1418 ad
1712 1395 1822 1418 natura?

192 1437 294 1460 nostra:
306 1433 518 1461 imbecillitatem
535 1435 674 1462 declarant
692 1437 969 1466 accoznlnodationem
989 1442 1071 1475 atque
1086 1440 1289 1467 demissionem.

228 1479 334 1506 Dictum
353 1485 394 1507 est
410 1480 511 1515 igitur:
530 1481 582 1514 Qui
594 1482 665 1509 misit
682 1491 732 1515 me,
747 1484 832 1518 major
844 1491 884 1511 me
897 1485 976 1511 ut“.

1065 1486 1178 1522 Εἴρηται
1197 1487 1297 1518 τοίνυν,
1316 1486 1357 1512 ὁτι
1383 1485 1410 1511 ὀ
1429 1485 1550 1519 πέμψας
1570 1493 1622 1519 με,
1637 1484 1744 1519 μείζων
1757 1493 1822 1518 μου

193 1524 278 1560 Igitur
292 1526 435 1553 videamus
455 1533 470 1553 a
482 1534 537 1561 quo
553 1528 609 1554 haec
624 1529 712 1555 oratio
724 1528 890 1563 proferatur.
904 1530 980 1563 Quo-

193 1572 275 1599 modo
290 1573 392 1601 missus
403 1573 469 1600 est?
483 1573 523 1600 An
543 1573 628 1601 forma
642 1573 687 1601 Dei
705 1574 848 1609 praeditus,
863 1583 897 1603 an
922 1575 979 1603 for-

194 1625 238 1644 ma
265 1618 336 1645 servi
362 1618 497 1653 accepta?
521 1619 548 1645 In
577 1620 655 1654 p'ena
680 1620 780 1648 dcitate
803 1629 928 1654 manens,
944 1629 979 1649 an

193 1671 255 1690 cum
269 1664 388 1698 seipsum
406 1664 434 1691 in
450 1664 537 1692 forma
553 1666 645 1693 servili
661 1666 878 1695 cxinanivisset‘l
899 1668 979 1695 Peni-

193 1713 238 1736 tus
255 1709 329 1736 enim
351 1709 526 1744 perspicuum
550 1719 611 1739 esse
635 1712 761 1744 arbitror,
779 1713 899 1740 divinam
930 1722 980 1749 po-

194 1755 307 1781 tentiam
334 1759 416 1789 atqne
441 1762 579 1788 naturam,
602 1765 664 1784 cum
681 1758 782 1793 ubique
809 1759 845 1786 sit
871 1767 904 1786 ac
932 1767 980 1795 per

192 1799 285 1826 omnia
311 1801 446 1834 pertineat
463 1805 544 1836 atque
570 1803 710 1836 pervadat,
721 1808 747 1831 et
763 1812 806 1832 res
834 1805 979 1834 universas

193 1844 318 1879 amplexa
335 1846 380 1876 sit.
398 1846 469 1878 mitti
485 1846 557 1874 haud
572 1852 645 1875 recte
658 1848 712 1876 dici
726 1859 734 1881 ;
746 1857 801 1877 non
815 1851 887 1878 enim
902 1856 978 1879 extra

192 1896 253 1916 eam
270 1890 372 1925 aliquid
388 1898 504 1919 vacuum
522 1896 549 1919 et
566 1892 647 1920 inane
664 1898 715 1925 est,
733 1902 798 1929 quo.
815 1904 877 1924 cum
903 1899 979 1932 prius

193 1935 231 1963 ibi
245 1943 300 1963 non
313 1941 398 1970 esset,
423 1941 517 1972 postea
535 1945 616 1972 quam
635 1939 718 1966 missa
745 1940 828 1967 fuerit
844 1942 977 1970 accedat:

193 1981 241 2010 sed
255 1990 317 2010 cum
335 1984 538 2011 conservatrice
560 1984 585 2011 vi
602 1992 651 2012 sua
677 1993 720 2013 res
741 1986 884 2015 universas
901 1995 979 2015 coer-

192 2033 254 2057 ceat
266 2034 348 2064 atque
362 2029 514 2062 contineat,
531 2037 585 2058 non
603 2030 684 2058 habet
700 2039 755 2066 quo
767 2036 900 2066 transeat,
917 2041 978 2060 cum

193 2077 251 2112 ipsa
265 2077 302 2104 sit
314 2085 405 2104 rerum
424 2077 613 2105 universitatis
630 2077 780 2112 plenitudo.

230 2122 384 2150 Descensus
395 2122 478 2157 igitur
486 2122 547 2149 Filii
562 2122 607 2150 Dei
623 2123 655 2150 ad
666 2128 786 2151 nostram
797 2125 977 2152 lnnnilitatcm

1029 1530 1126 1558 ἐστίν.
1157 1530 1263 1557 Οὐκοῦν
1289 1531 1468 1565 σκοπήσωμεν
1495 1529 1570 1564 παρὰ
1591 1529 1663 1560 τίνος
1688 1529 1703 1554 ό
1726 1529 1815 1563 λόγος.

1029 1576 1091 1608 Πῶς
1104 1575 1249 1611 ἐπέμφθης
1272 1576 1316 1602 Ἑν
1329 1576 1419 1610 μορφῇ
1441 1575 1508 1601 Θεοῦ
1522 1575 1662 1609 ὑπάρχων,
1678 1574 1694 1609 ἢ
1709 1574 1818 1609 μορφὴν

1029 1620 1123 1647 δούλου
1138 1620 1244 1651 λαϐώνς
1266 1620 1310 1646 Ἐν
1324 1619 1363 1655 τῷ
1377 1619 1539 1656 πληρώματι
1551 1619 1588 1646 ὢν
1606 1619 1655 1654 τῆς
1673 1619 1816 1654 θεότητος,

1029 1667 1046 1702 ἢ
1058 1666 1178 1698 κενώσας
1204 1667 1300 1694 ἑαυτὸν
1317 1667 1346 1693 ὲν
1365 1667 1398 1701 τῇ
1417 1665 1465 1692 τοῦ
1481 1665 1573 1692 δούλου
1596 1667 1702 1700 μορφῇς
1722 1665 1818 1699 an)

1029 1713 1083 1748 γὰρ
1095 1710 1172 1748 οἶμαι
1187 1712 1320 1748 πρόδηλον
1334 1709 1414 1742 εἶναι,
1427 1712 1495 1747 ὁτιή
1519 1710 1579 1737 Θεία
1597 1710 1711 1745 δύναμίς
1728 1719 1757 1737 τε
1769 1710 1819 1737 καὶ

1030 1759 1111 1794 φύσις
1122 1758 1260 1794 πανταχοῦ
1275 1757 1353 1790 οὖσα,
1373 1758 1420 1784 καὶ
1428 1757 1472 1784 διὰ
1490 1758 1597 1784 πάντων
1611 1757 1756 1791 διήκουσα,
1770 1757 1818 1783 καὶ

1028 1805 1076 1832 τοῦ
1093 1805 1191 1836 παντὸς
1216 1804 1447 1839 περιδεδραγμένη
1458 1823 1465 1834 ,
1494 1803 1545 1830 οὒκ
1566 1803 1600 1830 ἂν
1616 1803 1728 1834 εἰκότως
1745 1802 1820 1837 πέμ-

1029 1851 1128 1878 πεσθαι
1148 1851 1261 1885 λέγοιτο.
1279 1850 1316 1876 Οὺ
1331 1850 1386 1886 γάρ
1399 1850 1456 1876 ἐστί
1467 1859 1492 1876 τι
1503 1849 1581 1876 κενὸν
1591 1849 1643 1882 ἔξω
1654 1848 1767 1883 ταύτης,
1787 1849 1820 1874 ἐν

1028 1895 1050 1932 ᾧ
1071 1897 1202 1932 πρότερον
1223 1896 1260 1932 μὴ
1282 1893 1366 1927 οὖσα,
1391 1895 1454 1922 ὅταν
1474 1894 1598 1930 πεμφθῇ,
1612 1894 1815 1929 παραγένηται’

1029 1943 1096 1970 ἀλλὰ
1116 1943 1150 1978 τῇ
1173 1941 1355 1977 συντηρητικῇ
1374 1940 1488 1975 δυνάμει
1503 1939 1687 1975 διακρατοῦσα
1700 1938 1731 1965 τὸ
1750 1939 1817 1970 πᾶν,

1029 1990 1079 2016 οὐκ
1095 1989 1151 2024 ἔχει
1171 1989 1210 2020 εἰς
1224 1988 1239 2014 ὃ
1263 1986 1463 2022 μεταχωρήσει,
1482 1986 1550 2021 αὑτὴ
1570 1985 1617 2012 τοῦ
1635 1984 1736 2016 παντὸς
1749 1983 1817 2010 οὖτα

1030 2036 1174 2072 πλήρωμα.

1076 2123 1109 2150 'H
1124 2122 1212 2149 τοίνυν
1224 2121 1292 2156 πρὸς
1302 2120 1332 2147 τὺ
1346 2120 1480 2156 ἡμέτερον
1492 2119 1618 2146 ταπεινόν
1632 2127 1662 2146 τε
1677 2119 1726 2146 καὶ
1737 2119 1816 2146 ἀσθε-

192 2171 219 2194 et
233 2168 432 2201 inﬁrmitatem,
443 2169 489 2203 qui
503 2169 642 2196 voluntate
656 2169 745 2196 Patris
757 2171 868 2202 accidit,
882 2171 976 2198 missio

1029 2169 1073 2200 νὲς
1089 2168 1136 2195 τοῦ
1154 2167 1220 2194 Υἱοῦ
1241 2167 1289 2193 τοῦ
1307 2166 1376 2193 Θεοῦ
1393 2166 1520 2198 κάθοδος,
1542 2165 1612 2191 κατὰ
1634 2165 1748 2200 γνώμην
1769 2165 1816 2191 τοῦ

193 2212 304 2240 dicitur.
324 2212 390 2239 Nam
404 2214 437 2239 ah
461 2214 608 2242 immortali
626 2219 723 2242 natura
737 2215 770 2242 ad
790 2221 912 2243 nostram
933 2217 975 2243 vi-

192 2264 247 2284 tam
264 2259 391 2292 migratio
404 2266 458 2286 non
472 2259 505 2286 de
523 2259 584 2286 loco
597 2260 630 2286 ad
646 2260 734 2287 locum
751 2264 854 2287 motum
869 2261 975 2288 Domini

192 2302 340 2336 signiﬁcat,
357 2303 405 2330 sed
423 2304 457 2331 ab
471 2305 612 2331 altitudine
630 2306 723 2340 gloria:
738 2306 771 2332 ad
795 2306 975 2334 humilitatem

192 2349 285 2375 carnis
302 2349 405 2376 indicat
419 2349 593 2377 descensum.
618 2350 762 2378 Descendit
787 2352 869 2386 igitur
889 2356 916 2379 et
929 2359 978 2386 ap-

192 2393 283 2427 paruit
298 2401 352 2420 non
366 2395 470 2421 nudum
482 2395 612 2428 Verbum,
631 2397 677 2423 sed
696 2404 761 2423 caro
779 2396 879 2424 factum
893 2406 900 2424 :
922 2405 976 2424 non

193 2438 240 2466 Dei
254 2439 340 2466 forma
358 2448 406 2475 per
422 2449 493 2474 sese,
516 2442 564 2469 sed
581 2443 608 2469 in
632 2442 719 2469 forma
741 2444 811 2470 servi
829 2451 975 2478 apparens.

192 2484 244 2511 llic
259 2484 341 2520 igitur
353 2491 395 2513 est
409 2487 455 2521 qui
470 2486 539 2514 dixit
557 2495 587 2515 se
609 2495 661 2515 non
686 2496 766 2523 posse
783 2489 871 2517 facere
898 2490 978 2524 quid-

193 2537 275 2563 quam
293 2530 327 2557 ab
342 2531 443 2566 seipso.
460 2532 597 2565 videlicet,
615 2533 642 2560 in
659 2537 790 2567 quantum
808 2542 872 2561 caro
888 2534 978 2563 factus

193 2581 329 2609 est;nam
346 2585 399 2604 non
424 2585 515 2612 posse,
545 2579 741 2607 imbecillitatis
764 2584 815 2607 est.
847 2581 880 2608 Ut
904 2581 976 2608 enim

194 2621 249 2648 luci
267 2622 394 2654 tenebrae,
409 2627 436 2649 et
450 2623 511 2650 vita:
526 2631 611 2654 mors.
628 2625 664 2651 ita
681 2625 809 2659 potentia:
824 2626 974 2660 opponitur

193 2667 356 2696 inﬁrmitas:
377 2669 451 2704 atqui
467 2669 594 2697 Christus
610 2670 655 2696 Dei
678 2673 797 2706 potentia
817 2675 898 2706 atque
925 2671 973 2698 Dei

229 2745 249 2759 “
270 2744 352 2771 Marc.
370 2753 407 2775 ut,
428 2746 472 2772 2L
512 2747 533 2761 ”
554 2747 634 2773 Marc.
655 2757 673 2780 ι,
691 2749 733 2776 Η.
774 2750 795 2765 ³³
830 2749 908 2776 Joan.
927 2757 976 2781 xxv,

229 2778 303 2805 Joan.
320 2787 386 2811 xvu,
400 2780 440 2806 10.
481 2782 501 2796 ’⁸
520 2782 582 2810 ibid.
606 2784 646 2811 t0.
687 2786 706 2799 "-‘
727 2784 820 2812 Matth.
839 2785 965 2812 xxvt.58.

1029 2751 1043 2774 ι.
1084 2749 1105 2764 νδ
1122 2748 1187 2776 Ibid.
1203 2748 1229 2774 9.

1080 2784 1102 2800 ²⁰
1119 2783 1195 2810 .Ιο.ιιι.
1217 2791 1229 2809 \

699 2787 706 2799 -‘
727 2787 820 2812 Matth.
839 2787 965 2816 xxvt,58.
981 2787 1024 2812 59.

194 2778 215 2794 "
227 2778 303 2805 Joan.
320 2787 386 2811 xvu,
400 2780 440 2806 10.
481 2782 501 2796 ’⁸
520 2782 582 2810 ihid.
606 2784 646 2811 l0.

194 2814 237 2840 Π.
275 2815 296 2830 ’³
313 2813 388 2840 loan.
408 2816 513 2847 xtv,‘28.

1028 2213 1133 2249 Πατρὸς
1149 2212 1330 2248 γεγενημένη,
1352 2211 1489 2246 ἀποστολὴ
1512 2211 1631 2244 λέγεται.
1658 2211 1691 2237 'H
1707 2211 1762 2246 γὰρ
1784 2212 1816 2237 ὲκ

1027 2260 1076 2295 τῆς
1091 2259 1230 2294 ἀκηράτου
1245 2257 1353 2292 φύσεως
1361 2257 1430 2292 πρὸς
1440 2257 1490 2292 τὴν
1501 2257 1639 2292 ἡμετέραν
1649 2256 1723 2290 ζωὴν
1737 2257 1816 2290 μετά-

1029 2313 1122 2336 στασις
1136 2305 1166 2330 οὑ
1184 2303 1298 2339 τοπικὴν
1313 2303 1429 2329 ποιεῖται
1447 2302 1494 2328 τοῦ
1510 2302 1611 2337 Κυρίου
1631 2302 1680 2337 τὴν
1699 2302 1816 2337 κίνησιν,

1029 2351 1097 2378 ἀλλὰ
1109 2351 1158 2385 τὴν
1173 2350 1227 2376 ἀπὸ
1242 2349 1289 2376 τοῦ
1304 2349 1387 2383 ὕψους
1401 2348 1450 2382 τῆς
1469 2347 1547 2383 δόξης
1563 2348 1631 2382 πρὸς
1645 2347 1676 2374 τὺ
1688 2348 1817 2374 ταπεινὸν

1030 2398 1079 2433 τῆς
1096 2396 1196 2431 σαρκὸς
1212 2395 1376 2422 ἐνδείκνυται
1392 2394 1514 2421 κάθοδον.
1534 2393 1644 2429 Κατέὸη
1659 2394 1748 2420 τοίνυν
1771 2394 1817 2420 καὶ

1030 2444 1115 2478 ἐφάνη
1131 2443 1162 2468 οὐ
1177 2441 1281 2477 γυμνὸς
1293 2442 1307 2467 ὁ
1319 2440 1414 2474 Λόγος,
1429 2439 1497 2467 ἀλλὰ
1514 2440 1581 2474 σὰρξ
1596 2440 1756 2475 γενόμενος·
1770 2441 1816 2475 οὐχ

1030 2491 1046 2524 ὴ
1060 2488 1106 2515 τοῦ
1119 2487 1185 2514 Θεοῦ
1201 2486 1291 2522 μορφὴ
1305 2486 1365 2512 καθ’
1381 2486 1490 2520 ἑαυτὴν,
1503 2485 1560 2511 ἀλλ’
1575 2486 1604 2511 ἐν
1616 2486 1649 2520 τῇ
1666 2485 1713 2512 τοῦ
1724 2485 1816 2512 δούλου

1032 2535 1122 2569 μορφῇ
1147 2532 1342 2568 θεωρούμενος.
1360 2528 1444 2562 Οὗτος
1463 2529 1510 2557 οὖν
1535 2531 1626 2562 ἐστιν,
1641 2532 1657 2557 ὁ
1677 2530 1762 2557 εἰπὼν
1781 2532 1816 2566 μὴ

1030 2578 1158 2605 δύνασθαί
1172 2586 1198 2604 τι
1213 2577 1259 2610 ἀφ’
1272 2575 1371 2603 ἑαυτοῦ
1387 2577 1481 2606 ποιεῖν,
1496 2575 1573 2610 δῆλον
1587 2576 1628 2601 ὅτι
1643 2575 1711 2602 καθὸ
1723 2576 1816 2610 γέγονε

1031 2625 1098 2660 σάρξ
1111 2633 1117 2639 ·
1131 2624 1161 2650 τὸ
1175 2624 1229 2658 γὰρ
1242 2623 1278 2658 μὴ
1293 2621 1432 2653 δύνασθαι,
1447 2621 1586 2653 ἀσθενείας
1601 2622 1686 2649 ἐστίν.
1709 2622 1753 2653 Ὠς
1764 2622 1818 2657 γὰρ

1030 2671 1068 2706 τῷ
1083 2670 1152 2704 φωτὶ
1165 2669 1196 2696 τὸ
1211 2669 1315 2699 σκότος,
1334 2668 1381 2694 καὶ
1398 2668 1412 2694 ὁ
1431 2666 1544 2698 θάνατος
1565 2669 1598 2703 τῇ
1615 2667 1683 2703 ζωῇ,
1700 2667 1771 2694 οὕτω
1785 2669 1816 2703 τῇ

1280 2747 1301 2762 ’⁸
1319 2745 1397 2773 Joan.
1416 2753 1445 2776 x,
1459 2744 1502 2772 30.
1553 2745 1574 2759 ”
1595 2745 1688 2772 Matth.
1707 2755 1734 2773 Il
1747 2767 1753 2778 ,
1771 2748 1815 2774 ‘27.

1080 2784 1102 2800 ²⁰
1119 2783 1195 2810 .Ιο.ιιι.
1217 2791 1244 2815 v,
1267 2782 1308 2809 19.
1347 2782 1367 2796 ¹¹
1388 2779 1465 2807 Joan.
1481 2787 1530 2812 xit,
1548 2779 1591 2806 ~59.
1631 2782 1652 2796 "
1667 2781 1748 2810 Joan.
1771 2791 1817 2814 xx,
