1938 3082
119 82 180 111 569

587 89 630 118 DE
643 90 792 119 DEITATE
814 92 894 119 FILH
906 93 950 120 ET
973 94 1137 124 SPlRlTlIS
1158 96 1292 125 SAM-1'“.

1706 100 1764 127 570

119 143 214 180 πατὴρ
232 145 328 179 ἐθνῶν,
349 148 362 174 ὁ
382 148 449 183 μηδὲ
466 149 557 180 παιδος
579 151 817 186 συγχωρούμενος;
839 150 906 187 τΑρὲ

964 154 1050 181 rabo?
1069 154 1100 181 Et
1117 155 1177 188 ejus
1197 157 1309 184 nomine
1327 157 1476 184 ant-endam
1506 167 1560 186 non
1579 159 1676 186 undam
1707 169 1757 186 nu-

116 199 143 216 τι
167 190 286 218 τοιοῦτον
310 189 386 218 εἶπεν
402 194 598 230 ὀ¹Λ6ραὰμ.ἤ
625 196 780 230 ὲνενόησεν;
805 196 910 232 0-3pm-

116 245 174 264 ουν.
198 238 268 264 Ἀλλ’
283 239 374 275 ἐπειδὴ
390 240 436 266 τὸν
453 241 554 267 σκοπὸν
570 240 622 268 εἶδε
638 242 683 269 τοῦ
713 243 909 278 ἐπιτάγματος,

116 283 186 316 πρὸς
201 283 250 318 τὴν
263 283 338 311 θείαν
350 285 504 320 ἀναϐλέψας
519 287 640 323 ἀγάπην,
656 288 736 320 εὐθὺς
763 289 813 324 τὴν
830 289 910 323 φύσιν

117 329 262 363 ἠγνόησεν,
276 331 323 357 καὶ
335 330 390 358 οἷόν
402 341 429 359 τι
443 333 542 366 γεῶδες
556 333 641 369 δεχοος
652 334 700 366 τὰς
715 335 848 369 ἐμπαθεῖς
861 336 910 370 τῆς

116 374 226 408 φύσεως
241 376 374 410 διαθέσεις
389 378 610 413 ἀποδυσάμενος,
627 379 687 407 ὅλον
701 380 800 407 ἔδωκεν
813 381 910 408 ἑαυτὸν

116 419 157 454 τῷ
180 419 249 456 Θεῷ,
278 422 324 447 καὶ
343 421 390 448 τοῦ
415 423 626 460 προστάγματος
647 423 698 461 ἦν’
719 425 766 453 καὶ
792 425 854 453 οὔτε
876 429 909 463 τῇ

116 468 224 502 γαμετῇ
241 468 305 502 περὶ
320 468 416 495 τούτου
437 469 650 504 ἀνεκοινώσατο,
674 471 764 502 καλῶς
779 479 810 505 γε
825 472 911 498 ποιῶν

116 511 166 537 καὶ
191 511 338 545 λυσιτελῶς
358 514 457 549 ἑαυτῷ,
477 515 666 548 ἀναξιόπιστον
692 517 732 548 είς
756 518 912 554 συμϐουλὴν

116 556 214 592 κρίνας
230 557 261 584 τὸ
276 558 353 594 θῆλυ.
370 560 437 586 Οὐδὲ
453 561 508 596 γὰρ
525 561 563 596 τῷ
588 562 672 598 Ἀδὰμ
694 563 845 598 συνήνεγκε
860 564 910 600 τὴν

116 603 274 639 συμϐουλὴν
292 604 431 641 δεξαμένῳ
444 606 494 641 τῆς
508 606 590 640 Εὔας.
607 608 657 635 Διά
672 609 752 636 τοῦτο
763 609 801 642 ὡς
825 609 858 637 ἂν
872 610 909 645 μὴ

116 648 193 684 πάοῃ
208 658 234 675 τι
252 651 405 684 γυναικεῖον
421 651 470 678 καὶ
493 652 619 688 μητρῷον
644 655 661 688 ἠ
679 654 784 690 Σάρρα.
809 655 855 681 καὶ
879 655 910 683 τὸ

116 693 233 730 σφοδρόν
245 704 275 722 τε
291 696 338 722 καὶ
352 697 501 732 ἀκραιφνὲς
517 698 566 734 τῆς
580 699 648 734 πρὸς
660 699 705 726 τὸν
719 700 785 727 Θεὸν
799 701 910 736 ἀγάπης

114 739 164 765 τοῦ
198 740 323 777 ’Δΰραὰμ
347 742 536 777 ἐπικλάσειεν,
562 745 653 773 λαθεῖν
676 746 839 781 ἐπετήδευσε
861 748 910 783 τὴν

113 785 259 820 ὁμόζυγον.
277 788 350 815 Πόσα
369 788 425 825 γὰρ
442 787 475 825 ἦν
491 791 581 822 εἰκὸς,
606 791 632 818 εἷ
653 800 679 818 τι
698 793 818 820 τοιοῦτον
839 794 910 828 ἔγνω

113 830 268 866 γινόμενον,
283 832 301 868 ἢ
315 833 412 869 δράσαι
425 834 476 869 τὴν
491 835 609 871 Σάρραν,
623 836 639 871 ἢ
656 836 724 872 προς
744 837 826 863 αὒτὲν
841 837 908 864 ἀπο-

112 874 264 911 δύρασθαι;
277 875 320 904 οἷα
335 878 356 904 δ’
373 878 406 905 ἂν
422 879 505 906 ἔπαθε
520 880 697 916 περιχυθεῖσα
711 880 749 916 τῷ
765 882 840 908 παιδὶ
861 882 907 909 καὶ

112 922 175 953 ταῖς
206 923 339 956 ἀγκάλαις
365 923 568 960 ἐμπλεξαμένη,
595 927 619 952 εί
643 926 712 962 πρὸς
731 927 780 963 τὴν
800 928 906 964 σφαγὴν

111 966 229 995 ἔϐλεπεν
247 969 328 996 αὐτὸν
353 969 447 1005 βιαίως
471 971 632 1006 ἑλκόμενα-ις
650 973 715 1005 οἵοις
729 973 752 1000 δ’
772 974 805 1001 ἂν
823 975 906 1011 ἐχρή-

113 1021 179 1040 σατι.
195 1014 300 1048 λόγοις;
313 1012 406 1043 Φεῖσαι
420 1017 470 1052 τῆς
482 1017 605 1051 φύσεως,
620 1018 685 1054 ἄνερ
696 1039 703 1050 ,
724 1019 762 1055 μὴ
776 1020 841 1056 γένῃ
857 1029 907 1047 πο-

111 1060 197 1096 νηρὸν
217 1061 263 1088 τοῦ
278 1061 337 1097 βίου
353 1063 476 1099 διήγημα
486 1072 493 1079 ·
511 1065 660 1101 μονογενής
681 1075 726 1101 μοι
740 1067 755 1094 ὁ
768 1067 846 1099 τόκος
859 1065 905 1095 οὗ·

110 1114 170 1138 τος,
190 1107 336 1144 μονογενὴς
349 1109 377 1135 ὲν
397 1109 490 1136 ὠδῖσιν
504 1111 518 1137 ὁ
539 1111 649 1143 Ἰσαὰκ,
662 1112 692 1138 ιν
711 1112 844 1147 ἀγκάλαις
861 1114 906 1149 μό-

111 1161 159 1184 νος
171 1161 177 1168 ·
198 1151 275 1185 οὗτός
291 1163 336 1190 μοι
349 1155 428 1187 τόκος
442 1157 488 1183 καὶ
507 1156 615 1192 πρῶτος
629 1157 677 1184 καὶ
698 1157 819 1191 ὕστατος.
837 1159 904 1187 Τίνα

113 1198 186 1233 μετὰ
207 1199 300 1226 τοῦτον
326 1201 372 1227 ἐπὶ
387 1202 527 1237 τραπέζης
543 1203 681 1238 alienatis;
707 1204 754 1236 Τίς
775 1207 906 1241 προσερεῖ

113 1252 162 1279 μοι
176 1245 225 1281 τὴν
239 1246 366 1280 γλυκεῖαν
381 1248 472 1283 φωνήν
486 1257 493 1279 ς
514 1248 561 1280 Τίς
575 1249 702 1284 ὀνομάσει
718 1250 841 1286 μητέρας
857 1252 904 1283 Τίς

112 1289 277 1325 θεραπεύσει
297 1292 328 1319 τὸ
346 1293 450 1328 γῆραςς
472 1294 520 1326 Τίς
540 1295 694 1330 περιστῖλεῖ
712 1296 780 1332 μετὰ
796 1296 843 1323 τὸν
857 1297 905 1324 04i-

111 1344 210 1369 va-cov;
232 1337 280 1369 Τίς
302 1337 432 1373 ἐπιχὼσει
452 1339 537 1373 τάφον
558 1339 597 1375 τῷ
618 1340 744 1375 σώματις
769 1341 850 1377 Ὁρᾷς
873 1342 904 1368 τὸ

112 1383 195 1415 ἄνθος
207 1383 254 1410 τοῦ
269 1383 341 1417 νέου,
361 1385 375 1411 ὃ
396 1385 442 1411 καὶ
458 1386 486 1412 ὲν
501 1385 592 1422 ἐχθρῷ
604 1395 646 1419 τις
664 1387 780 1423 βλέπων,
794 1388 904 1420 πάντως

112 1429 147 1457 ἂν
169 1430 220 1464 τὴν
239 1429 314 1465 ὥραν
331 1431 456 1466 ἠλέησεν.
479 1429 562 1464 Οὗτος
581 1433 630 1468 τῆς
654 1435 760 1469 μακρᾶς
787 1434 870 1469 εὐχῆς
889 1436 904 1461 ὁ

111 1475 229 1511 καρπὸς,
244 1473 321 1508 οὗτος
340 1476 389 1512 τῆς
411 1477 536 1513 διαδοχῆς
550 1479 565 1504 ὁ
579 1478 686 1511 κλάδος,
699 1475 776 1511 οὗτος
789 1480 836 1507 τοῦ
855 1480 901 1515 γέ-

111 1529 175 1552 νους
193 1521 223 1548 τὸ
241 1521 375 1556 λείψανον,
394 1519 470 1554 οὗτος
492 1523 509 1558 ἡ
532 1523 668 1560 βακτηρία
686 1525 732 1552 τοῦ
752 1525 856 1561 γήρως.
873 1526 904 1553 Εἰ

111 1565 184 1592 κατὰ
198 1565 291 1592 τούτου
306 1567 397 1602 φέρεις
414 1567 444 1593 τὸ
462 1566 549 1601 ξίφος,
569 1568 669 1604 ταύτην
683 1578 728 1604 μοι
740 1569 784 1601 δὸς
798 1571 831 1605 τῇ
849 1569 904 1596 δει-

111 1610 176 1646 λαίᾳ
192 1611 242 1646 τὴν
254 1611 332 1646 χάριν
343 1620 350 1627 '
362 1613 423 1638 κατ’
436 1612 502 1647 ἐμοῦ
516 1613 623 1648 πρῶτον
643 1614 742 1649 χρῆσαι
762 1614 801 1649 τῷ
822 1614 904 1648 ξίφει,

111 1657 161 1683 καὶ
177 1657 237 1683 τότε
258 1658 370 1693 ποίησον
389 1659 421 1685 sb
435 1659 530 1686 δοκοῦν
543 1659 590 1685 ἐπὶ
609 1659 704 1686 τούτου
716 1668 722 1675 ·
739 1659 827 1687 κοινὸν
850 1661 906 1695 ἀμ·

111 1703 234 1738 φστέρων
246 1703 317 1730 ἔστω
328 1703 359 1730 τὸ
374 1704 464 1739 χῶμα,
482 1704 559 1740 κοινὴ
573 1705 646 1735 κόνις
661 1705 856 1739 ἐπικαλυψάτω
870 1706 905 1732 τὰ

111 1748 244 1784 σώματα,
262 1749 338 1785 κοινὴ
360 1750 445 1785 στήλη
468 1750 614 1785 διηγείσθω
635 1749 668 1776 τὰ
687 1749 778 1785 πάθη·
800 1750 837 1785 μὴ
863 1750 906 1786 ἴδῃ

109 1795 221 1831 Σάρρας
239 1795 254 1821 ὁ
270 1795 408 1830 ὀφθαλμὸς
432 1796 500 1831 μήτε
523 1795 648 1830 Ἀϐραὰμ
668 1795 903 1829 παιδοκτονοῦντα,

111 1842 183 1877 μήτε
205 1841 295 1868 Ἰσαὰκ
309 1842 388 1877 χερσὶ
403 1841 543 1877 πατρῴαις
560 1841 832 1877 παιὼκτονοὺμενον.

963 199 1083 233 ptialem,
1105 200 1151 227 sed
1170 208 1265 235 rogum
1290 203 1495 236 scpircralem?
1516 204 1588 239 Ergo
1612 213 1697 239 super
1715 206 1758 232 his

961 245 1042 271 etiam
1067 246 1245 273 coronabor?
1261 246 1335 272 Itane
1360 255 1408 274 ero
1433 253 1510 282 pater
1533 251 1679 283 gentium,
1712 251 1757 278 cui

961 297 1050 322 neque
1069 290 1114 317 lilii
1130 292 1211 318 unius
1228 299 1289 320 esse
1303 297 1406 326 patrem
1420 301 1582 322 concessum
1600 296 1656 323 sit?
1670 296 1751 323 Nun-

961 335 1027 368 quid
1040 335 1175 370 cjusmodi
1191 337 1291 372 quippe
1304 338 1442 365 Abraham
1459 340 1527 367 dixit
1539 347 1586 368 aut
1600 342 1755 376 cogitavit?

961 377 1033 406 Nihil
1062 379 1165 408 minus.
1191 380 1245 407 Sed
1273 381 1319 408 ubi
1344 390 1400 417 quo
1421 389 1586 419 praeceptum
1617 391 1755 422 spectaret

961 424 1163 457 animadvertit,
1188 425 1233 453 Dei
1256 428 1409 462 respiciens
1439 429 1625 463 dilectionem,
1658 433 1751 460 statim

962 474 1066 498 naturu-
1080 472 1183 499 oblitus
1204 477 1256 506 est,
1274 477 1302 502 et
1323 479 1452 509 tanquam
1479 480 1616 504 terrenum
1646 480 1756 512 pondus

961 517 1075 545 vitiosos
1092 522 1198 546 natura;
1208 520 1352 548 excutit-ns
1369 525 1395 548 et
1408 529 1511 548 exuens
1528 522 1651 554 allectus,
1663 529 1753 551 totum

962 561 1018 590 Deo
1042 571 1103 591 sese
1122 565 1258 599 permisit,
1277 570 1304 592 et
1319 565 1345 593 id
1369 567 1440 601 quod
1460 568 1608 601 jubebatur
1633 570 1748 604 chequi

962 609 1097 643 parabat:
1115 618 1146 637 ac
1173 619 1206 638 ne
1233 618 1294 637 cum
1328 616 1413 640 uxore
1440 613 1550 647 quidem
1580 614 1629 641 hac
1664 615 1697 641 (Ie
1722 622 1754 641 re

961 655 1184 687 communicavit,
1201 661 1276 684 recte
1291 665 1357 684 sane
1381 657 1488 693 sibique
1507 659 1611 686 utiliter
1630 659 1746 689 fat-iens.

960 701 1006 736 qui
1031 701 1159 729 feminam
1191 710 1244 729 non
1274 702 1400 730 idoneam
1427 703 1582 738 judicaret,
1605 713 1687 738 quam
1721 705 1750 732 in

961 748 1106 775 consilium
1119 748 1272 777 adhiberet.
1303 749 1370 777 Nam
1387 757 1438 777 nec
1454 750 1561 779 Adatuo
1587 751 1653 778 utile
1668 755 1754 786 atque

961 792 1135 820 conducibile
1151 792 1217 824 fuit,
1238 793 1311 828 quod
1325 794 1472 821 consilium
1490 794 1551 822 Eva:
1571 800 1682 822 secutus
1697 799 1749 822 est.

961 836 1144 870 Quamobrem
1168 846 1202 865 ne
1229 838 1296 874 quid
1317 838 1383 866 Sara
1399 839 1570 866 muliebrium
1596 845 1676 874 atque
1693 847 1750 867 ma-

961 889 1103 912 ternorum
1131 885 1280 913 aﬂ‘ectuum
1312 887 1477 921 impulsione
1501 887 1697 917 coimnittcret.
1723 892 1750 914 ct

959 931 1073 958 sincera:
1088 931 1220 959 adversus
1236 931 1318 960 Deum
1334 931 1490 959 dilectionis
1503 932 1651 960 Abrahami
1667 932 1751 960 vehe-

960 978 1089 1005 mentiam
1106 977 1276 1012 infringeret,
1293 977 1438 1013 coniugem
1457 985 1535 1005 suam
1552 978 1645 1005 studio
1673 978 1749 1006 l'cl'el-

959 1023 1000 1055 lit,
1021 1028 1049 1050 ut
1065 1032 1096 1051 ea
1117 1024 1190 1059 quod
1205 1024 1336 1058 agebatur
1360 1024 1508 1058 ignoraret.
1539 1023 1607 1050 Nam
1633 1024 1654 1051 si
1683 1024 1748 1058 quid

959 1071 1013 1098 tale
1027 1069 1070 1105 agi
1089 1068 1172 1097 sum
1187 1069 1362 1100 rescivisset,
1382 1076 1465 1103 quam
1487 1069 1572 1096 multa
1603 1069 1751 1097 verisimile

957 1119 1000 1143 cst
1013 1123 1073 1142 eam
1093 1115 1134 1142 vel
1157 1115 1303 1147 facturam,
1324 1115 1369 1142 vel
1387 1115 1459 1148 apud
1481 1115 1558 1141 illum
1583 1121 1752 1149 conquestu-

958 1167 1016 1187 ram
1036 1167 1068 1186 ac
1086 1159 1290 1194 deploraturam
1309 1158 1419 1187 fuisse?
1437 1158 1525 1191 Quam
1541 1166 1608 1185 vero
1633 1159 1751 1186 misera-

959 1204 1062 1232 bilibus
1074 1204 1221 1231 affet-tibus
1234 1203 1402 1231 circumfusa
1411 1203 1466 1229 lilio
1475 1208 1558 1238 atque
1576 1203 1649 1230 ulnis
1661 1203 1752 1237 impli-

957 1249 1011 1276 cita
1032 1248 1140 1280 luisset,
1153 1249 1176 1275 si
1188 1256 1249 1275 eum
1263 1248 1398 1275 violenter
1418 1248 1489 1274 trahi
1500 1247 1534 1275 ad
1555 1255 1649 1274 necem
1665 1247 1751 1274 anim-

957 1294 1142 1322 advertisset?
1158 1294 1262 1327 Quibus
1287 1293 1350 1321 item
1375 1301 1425 1321 usa
1450 1294 1540 1320 verbis
1565 1293 1662 1320 esset?
1683 1292 1752 1320 Par-

957 1346 988 1366 ce
1003 1344 1117 1369 uaturre,
1130 1346 1147 1364 ο
1166 1339 1218 1370 vir,
1240 1345 1275 1365 ne
1291 1345 1373 1373 prava
1397 1338 1432 1364 de
1450 1342 1477 1364 te
1495 1337 1624 1364 narrandi
1643 1337 1746 1364 mundo

957 1385 1079 1419 praebeas
1088 1384 1284 1411 occasionem:
1309 1384 1408 1411 unicus
1423 1383 1467 1410 hic
1487 1383 1553 1410 mihi
1577 1388 1672 1418 partus
1695 1387 1749 1415 est.

958 1431 1056 1456 tmicus
1069 1429 1095 1456 in
1111 1428 1244 1463 pariendo
1261 1428 1348 1460 Isaac,
1366 1429 1393 1455 in
1408 1428 1482 1456 ulnis
1497 1428 1573 1455 solus
1587 1438 1593 1455 :
1615 1428 1659 1455 hic
1684 1430 1751 1457 mihi

957 1479 1051 1510 partus
1063 1479 1090 1502 et
1113 1475 1218 1510 primus
1237 1479 1264 1502 et
1285 1479 1452 1508 postremus.
1479 1474 1565 1508 Quem
1584 1478 1645 1509 post
1675 1475 1750 1502 hunc

956 1521 983 1547 in
1006 1527 1100 1548 mensa
1115 1520 1340 1555 conspiciemus?
1358 1520 1426 1553 Quis
1451 1528 1494 1548 me
1521 1519 1596 1547 dulei
1618 1520 1663 1546 illa
1685 1528 1750 1548 voce

956 1566 1124 1601 appellabit?
1150 1565 1218 1598 Quis
1235 1569 1350 1593 matrem
1384 1566 1556 1593 nominabit?
1591 1565 1658 1599 Quis
1680 1566 1750 1594 colet

955 1616 1038 1647 atque
1053 1612 1162 1640 curabit
1177 1612 1368 1639 senectutem?
1381 1611 1449 1645 Quis
1469 1616 1605 1639 mortuam
1624 1612 1750 1639 obvolvct

955 1658 989 1685 ad
1015 1657 1202 1693 sepulturam?
1230 1657 1297 1690 Quis
1318 1658 1428 1693 corpori
1456 1658 1538 1686 addet
1571 1659 1752 1692 sepulcrum?

956 1703 1041 1732 Vides
1053 1704 1145 1731 ﬂorent
1163 1703 1286 1737 juvenis,
1302 1711 1384 1738 quem
1400 1705 1422 1732 si
1440 1705 1505 1739 quis
1527 1705 1554 1731 in
1575 1705 1687 1732 inimico
1711 1705 1752 1730 vi~

958 1751 1054 1783 deret,
1077 1749 1292 1785 pulchritudinis
1327 1749 1443 1777 omnino
1484 1750 1671 1778 misereretur.
1702 1749 1751 1776 llic

958 1797 1104 1832 longarum
1119 1804 1232 1831 precum
1251 1796 1370 1828 fructus,
1391 1796 1435 1822 hic
1455 1803 1550 1823 ramus
1564 1801 1605 1823 est
1635 1804 1750 1823 succes-

959 1842 1112 1874 sionis,ha:
1133 1843 1241 1877 generis
1264 1847 1329 1869 sunt
1355 1842 1489 1876 reliquias.
1506 1842 1550 1869 hic
1571 1843 1684 1869 baculus
1709 1847 1751 1869 est

109 1888 273 1916 senectutis.
289 1887 319 1916 Si
334 1888 362 1915 iu
379 1887 451 1914 hunc
463 1887 585 1922 gladium
601 1887 668 1921 l‘ers,
683 1888 754 1915 hanc
769 1888 834 1915 mihi
850 1887 958 1915 miserat
996 1888 1102 1915 veniam
1128 1888 1174 1920 da,
1208 1888 1236 1915 in
1274 1895 1317 1916 me
1351 1887 1468 1922 primum
1495 1892 1570 1915 ntere
1593 1889 1699 1923 gladm,
1724 1895 1755 1925 οι

111 1939 180 1962 tuuc
199 1935 242 1963 fac
256 1935 330 1970 quod
345 1934 454 1963 videtur
470 1935 496 1963 in
511 1935 580 1963 hoc:
595 1935 750 1970 communis
774 1936 916 1963 amborum
936 1936 1058 1964 tumulus
1076 1940 1146 1969 esto,
1176 1936 1331 1963 communis
1352 1939 1479 1969 contegat
1510 1943 1627 1971 corpora
1650 1937 1750 1975 pulvis,

109 1981 266 2010 communis
297 1981 395 2008 titulus
423 1981 566 2016 utriusque
592 1980 698 2008 cladem
720 1981 835 2017 prodat,
864 1989 898 2008 ne
918 1981 1007 2009 videat
1021 1982 1120 2009 oculus
1135 1981 1226 2009 Sarra:
1240 1989 1291 2009 nec
1329 1981 1517 2009 Abrahamum
1544 1982 1629 2009 lilium
1665 1990 1753 2010 suum

111 2027 277 2056 interﬁcere.
306 2034 356 2055 nec
372 2026 496 2055 lsaacum
521 2028 606 2054 [ilium
627 2027 756 2056 manibus
780 2028 903 2062 paternis
923 2027 1070 2055 trucidari.

148 2073 241 2100 Ταῦτσ.
253 2073 360 2104 πάντως
376 2072 409 2100 ἂν
426 2073 473 2099 καὶ
487 2073 521 2100 τὰ
537 2073 650 2100 τοιαῦτα
666 2073 743 2108 παρὰ
761 2074 810 2108 τῆς
832 2073 904 2108 Σάρ-

995 2073 1043 2101 llis
1058 2079 1173 2107 prorsus
1189 2077 1215 2100 et
1230 2071 1366 2107 ejusmodi
1387 2071 1479 2099 verbis
1508 2071 1591 2099 Sarra
1614 2071 1755 2101 adversus.

112 2122 163 2155 ρις
178 2118 287 2153 ἐγένετο
298 2117 337 2153 τῷ
354 2118 479 2153 Ἀἢραὰμ
493 2118 526 2145 τὰ
541 2119 661 2154 ῥήματα,
675 2118 755 2153 εἴπερ
768 2118 822 2145 τῶν
835 2127 906 2153 γινο-

959 2119 1145 2146 Abrahamqu
1164 2126 1213 2146 usa
1233 2117 1340 2150 fuisset,
1357 2117 1379 2145 si
1397 2117 1508 2153 quidem
1525 2117 1598 2152 quod
1614 2119 1753 2153 agebatur

113 2165 203 2200 μένων
217 2164 376 2200 προῄσθετο.
401 2164 471 2191 Ἀλλ’
488 2164 526 2196 ὼς
543 2165 575 2191 ἂν
592 2164 676 2200 μηδὲν
694 2165 822 2199 ἐμπόδιον
838 2165 906 2200 πρὸς

960 2164 1162 2199 praesensisset.
1187 2162 1240 2190 Sed
1259 2171 1292 2190 ne
1320 2162 1385 2198 quid
1407 2169 1463 2190 rem
1484 2170 1566 2198 quam
1583 2165 1680 2198 agebat
1696 2164 1748 2191 im-

109 2211 160 2246 τὴν
176 2210 332 2246 ἐγχείρησιν
343 2210 456 2244 γένοιτο,
469 2210 521 2246 ΰνῳ
530 2209 579 2242 τὰς
591 2211 720 2245 σχίδακας
733 2210 847 2242 ἐπιθεὶς,
859 2211 906 2237 καί

109 2264 188 2288 τινας
211 2255 265 2282 τῶν
279 2255 383 2282 παίδων
399 2255 579 2291 ἑπαγόμενος,
597 2255 657 2287 ὅλος
680 2255 726 2282 τοῦ
742 2255 813 2282 θείου
830 2255 908 2290 θελή-

112 2310 198 2338 ματος
211 2299 247 2337 ἦν
261 2310 266 2316 ·
289 2299 348 2328 εἷτα
362 2301 518 2328 καταλιπὼν
530 2302 594 2333 τοὺς
605 2301 713 2333 παῖδας,
728 2301 766 2333 ὡς
779 2301 812 2328 ἂν
829 2302 865 2336 μή
879 2310 906 2327 τι

111 2348 305 2382 ἀγεννέστερον
320 2347 367 2374 καὶ
382 2347 583 2383 ἀώραπώῶδες
596 2348 693 2374 ἐκεῖνοι
709 2347 904 2382 βουλεύσοιντο,

111 2393 285 2424 κωλύσαντες
307 2392 352 2420 τοῦ
370 2393 464 2423 παιδὸς
479 2393 528 2429 τὴν
543 2393 698 2429 ἱερουργίαν
709 2413 716 2425 ,
753 2393 832 2427 μόνον
854 2394 905 2420 ἐπ-

110 2439 210 2472 άγεται
222 2438 267 2465 τὸν
286 2438 352 2469 υἱὸν,
369 2438 469 2469 ἱκανῶς
491 2438 540 2473 ἤδη
567 2438 636 2473 πρὸς
654 2437 688 2464 τὰ
703 2437 839 2473 βαρύτερα
851 2437 905 2464 τῶν

112 2484 203 2520 ἔργων
215 2484 261 2518 ὑφ’
274 2483 381 2519 ἡλικίας
395 2483 595 2518 ἁνδριζόμενον.
608 2483 767 2516 Μετατάξας
782 2484 836 2519 γὰρ
849 2483 906 2510 ἀπὸ

111 2531 162 2566 τῆς
178 2531 239 2557 ὄνου
265 2531 310 2557 ἐπὶ
325 2531 371 2557 τὸν
386 2531 468 2558 παῖδα
487 2530 516 2556 τὸ
532 2530 613 2566 ἄχθος
624 2550 631 2562 ,
659 2531 761 2557 ἐκεῖνον
778 2530 904 2565 ὑπήγαγε

110 2577 151 2612 τῷ
167 2577 260 2611 φόρτῳ
284 2576 338 2603 τῶν
355 2576 451 2608 ξύλων.
474 2576 558 2603 Πάλιν
574 2577 716 2612 δριμύσσει
735 2577 768 2603 τὰ
790 2576 836 2603 τοῦ
855 2585 907 2603 πα-

110 2622 176 2658 τρὸς
192 2622 335 2656 σπλάγχνα
351 2623 367 2657 ἡ
386 2623 462 2657 φωνὴ
476 2622 521 2648 τοῦ
536 2622 629 2654 παιδός
641 2631 649 2638 '
665 2622 742 2654 ἄλλος
755 2619 832 2654 οὗτος
848 2631 906 2649 πει-

113 2667 219 2703 ρασμὸς
246 2667 321 2693 οὐδὲν
350 2667 396 2694 τοῦ
429 2668 608 2702 προλαϐόντος
642 2667 904 2704 φιλανθρωπότερος.

111 2713 312 2749 Προσκαλείται
326 2713 371 2739 τὸν
385 2714 490 2748 πατέρα.
502 2714 516 2739 ὁ
536 2713 628 2740 Ἰσαὰκ
643 2715 676 2749 τῇ
689 2713 803 2748 γλυκείᾳ
818 2714 904 2748 ταύτῃ

111 2760 200 2800 φῳνῇ,
215 2758 262 2785 καί
279 2767 355 2794 φησι,
372 2759 484 2792 Πάτερ.
515 2759 544 2786 Ὀ
560 2759 587 2786 δὲ
603 2759 633 2786 οὺ
650 2759 845 2792 καταπνίγεται
860 2759 905 2786 δάι-

112 2804 194 2841 κρυσι
208 2826 215 2838 ,
245 2805 283 2840 τῷ
305 2805 403 2840 μικρον
427 2805 538 2841 ὕστερον
564 2805 662 2840 μηκέτι
680 2805 841 2833 ἀκούσεσθαι
857 2805 905 2840 τῆς

958 2210 1079 2245 ρριιὶτθι.
1107 2218 1168 2236 eum
1193 2209 1301 2236 asinum
1318 2208 1399 2244 lignis
1419 2213 1582 2241 ouerasset,
1596 2213 1624 2237 et
1651 2217 1751 2238 servos.

957 2256 1063 2290 aliquot.
1081 2257 1289 2290 assumpsisset,
1310 2259 1384 2282 totus
1404 2254 1506 2281 divina:
1520 2255 1654 2283 voluntati
1671 2255 1751 2284 dede

957 2306 1001 2330 tus
1018 2305 1078 2329 erat
1096 2311 1102 2329 :
1120 2301 1219 2330 deinde
1235 2301 1337 2330 relictis
1354 2301 1456 2333 servis,
1476 2309 1510 2329 ne
1526 2302 1600 2336 quod
1630 2301 1668 2328 illi
1689 2309 1750 2329 ser-

956 2347 1001 2373 vili
1019 2354 1076 2374 sua:
1088 2346 1240 2375 conditioni
1255 2348 1423 2374 conveniens
1440 2347 1580 2375 sordidum
1597 2347 1749 2375 consilium

957 2399 1096 2427 caperent,
1113 2392 1279 2428 prohibituri
1296 2392 1343 2420 ﬁlii
1367 2392 1583 2420 immolationem
1595 2412 1603 2424 ,
1616 2393 1704 2422 solum
1719 2392 1749 2420 Γισ

957 2439 1023 2467 litim
1041 2447 1134 2468 secum
1150 2438 1237 2470 ducit,
1253 2439 1301 2475 qui
1315 2438 1372 2474 jam
1387 2443 1466 2466 aelate
1481 2439 1549 2467 satis
1571 2439 1666 2467 ﬁrmus
1689 2443 1750 2466 erat

957 2485 989 2511 ad
1004 2492 1085 2519 opera
1102 2484 1228 2520 graviora
1244 2484 1398 2512 subeunda.
1418 2484 1461 2511 Ab
1474 2485 1551 2512 asina
1566 2485 1638 2512 enim
1665 2491 1751 2511 enere

957 2530 985 2558 in
1004 2530 1091 2557 lilium
1107 2520 1262 2563 translato,
1276 2529 1352 2557 illum
1368 2529 1492 2557 humeris
1513 2529 1606 2557 subire
1628 2536 1699 2555 onus
1714 2528 1748 2554 li-

957 2575 1092 2610 gnorumi
1109 2574 1190 2602 ussit.
1215 2573 1322 2602 Rursus
1347 2573 1434 2608 patris
1456 2574 1561 2601 viscera
1585 2573 1631 2600 lilii
1649 2572 1746 2599 vulne-

957 2627 999 2648 rat
1013 2630 1064 2649 vox
1075 2631 1081 2648 τ
1093 2622 1146 2648 alia
1166 2622 1224 2649 hate
1238 2625 1280 2648 est
1296 2620 1414 2648 tentatio
1432 2620 1519 2648 nihilo
1535 2619 1626 2646 mitior
1641 2619 1743 2653 priore.

956 2669 1081 2704 Appellat
1091 2673 1195 2703 patrem
1211 2667 1290 2695 Isaac
1303 2667 1377 2693 dulci
1388 2666 1438 2693 hac
1455 2673 1521 2693 voce
1537 2669 1563 2692 ct
1582 2665 1636 2695 ait,
1654 2663 1746 2690 Pater.

957 2715 991 2741 At
1016 2714 1061 2742 illc.
1077 2722 1130 2740 non
1148 2713 1301 2742 sulfocatnr
1327 2712 1457 2747 lacrymis
1469 2731 1476 2743 ν
1506 2715 1536 2738 ιιι
1550 2711 1595 2744 qui
1613 2710 1748 2744 cogitaret

958 2759 1016 2785 fore
1034 2763 1061 2785 ut
1090 2758 1170 2792 paulo
1179 2762 1240 2793 post
1255 2757 1336 2784 talem
1354 2764 1408 2783 non
1425 2755 1542 2790 amplius
1559 2762 1651 2782 vocem
1669 2752 1747 2781 audi-

959 2810 1013 2836 rct,
1033 2812 1120 2839 orque
1134 2803 1254 2830 orationi
1272 2802 1438 2838 ingemiscit,
1460 2808 1510 2829 nec
1525 2800 1699 2828 lamentabile
1713 2807 1748 2826 ac
