1938 3082
207 91 256 120 571

208 153 296 179 "calle
310 152 423 180 verbum
440 153 526 181 ullttm
547 155 659 190 profert.
678 155 724 183 sed
741 155 848 188 sedato,
861 153 1002 182 constanti
1018 154 1040 183 Δ

207 205 292 232 atque
314 201 465 235 tranquillo
499 202 591 229 animo
610 209 673 229 cum
692 202 738 229 filii
761 210 852 230 vocem
879 202 999 236 accipit,

208 249 265 270 tum
281 253 360 272 suam
379 246 496 274 invicetn
515 248 615 274 reddit.
629 248 674 275 Ait
692 248 765 275 enim
782 247 815 274 ad
839 255 913 280 eum,
933 247 999 278 Fili,

207 289 271 323 quid
284 292 345 318 est!
361 291 410 318 llic
426 292 491 318 mihi
511 293 655 320 considera
690 293 894 328 intelligentiam
919 292 1000 320 simul

208 338 236 360 et
254 336 416 369 prudentem
433 337 543 372 juvenis
575 338 792 365 moderationem
809 357 817 371 ,
842 346 896 373 quo
920 342 1000 372 pacto

208 387 270 407 cum
296 388 326 407 se
341 381 439 417 negligi
464 390 479 408 a
503 387 580 417 patre
596 387 725 417 putaret,
754 382 814 417 ejus
834 383 874 410 rei
896 383 1000 417 absque

208 426 263 452 ulla
279 427 363 454 animi
381 427 532 456 offensione
558 429 634 456 idlum
660 427 890 460 commonefacit,
911 436 1000 462 neque

205 472 373 499 dementiam
396 474 466 508 patri
493 482 581 509 neque
608 475 774 502 oblivionem
808 475 997 510 exprobrans.

208 518 255 544 sed
277 519 434 546 siim'Jando
454 528 514 547 sese
533 521 602 548 velle
617 522 689 548 scire
706 521 771 556 quid
793 525 934 555 ageretur,
953 529 999 548 nc-

208 564 342 598 gligentim
368 566 410 592 sui
426 570 507 600 atque
529 566 719 602 despicientia:
736 566 996 594 coluntoncfacil-ns.

209 609 275 636 Ecce
286 611 365 641 enim.
385 611 483 646 inquit.
510 612 580 647 ligna
594 632 601 643 η
617 613 696 648 ignis,
715 613 834 648 gladius,
855 613 899 639 sed
924 613 999 639 victi.

208 664 251 682 ma
273 656 317 682 ubi
333 658 396 684 est?
413 659 446 683 At
476 658 521 685 ille
533 658 592 686 sive
610 660 731 685 animum
757 658 857 686 addere
873 658 928 685 filio
952 666 999 684 ro-

207 700 276 732 lens,
304 701 363 728 sive
388 706 517 737 tanquam
536 707 612 730 vates
630 703 656 730 id
682 703 755 737 quod
782 703 904 730 futurulu
938 708 998 730 erat

207 747 356 780 ponderis,
375 747 455 780 Deus,
485 748 584 784 inquit,
611 749 661 782 ﬁli,
686 749 833 783 pravidebit
859 749 909 776 sibi
923 758 997 776 ovem

205 793 438 820 iii/toleranstum.
460 793 492 821 Et
517 803 600 829 super
621 795 663 822 his
685 795 766 823 etiam
786 803 858 823 nunc
883 796 997 823 teutatio

206 843 288 873 atque
312 841 466 874 exploratio
486 841 570 868 ιιιιὶιηί
592 841 757 876 patriarchze
787 842 995 876 prorogabatur.
1013 833 1034 860 Β

205 882 333 912 Pervenit
357 886 465 913 tandem
483 887 516 913 ad
544 887 635 914 locum
661 887 714 915 sibi
743 892 995 923 praemonstratum,

205 929 319 956 aediﬁcat
346 929 399 957 Deo
417 932 514 963 altare,
531 930 604 959 filius
628 931 705 967 juxta
732 937 836 968 patrem
855 934 926 969 ligna
947 942 997 968 pob

205 976 297 1008 nebat,
324 977 471 1011 parabatur
491 985 574 1012 rogus
589 998 596 1009 .
615 986 647 1006 ac
664 979 786 1007 nondum
807 987 877 1015 opus
903 980 997 1015 prohi-

205 1020 285 1048 betur
307 1030 340 1049 ne
365 1023 426 1057 quis
451 1023 633 1057 pusillanimis
667 1024 762 1058 dicat,
800 1026 823 1052 si
855 1026 997 1061 hucusque

205 1068 385 1095 tentationem
406 1069 560 1097 consistere
580 1078 612 1097 ac
634 1079 793 1106 permanere
810 1073 995 1108 contigisset,

206 1120 259 1138 non
287 1114 328 1140 sui
345 1114 463 1141 similem
485 1114 512 1142 in
541 1115 631 1143 studio
670 1117 843 1145 sacrificandi
874 1119 997 1146 Abraha-

205 1165 279 1183 mum
306 1165 516 1192 permansurum
546 1160 655 1193 fuisse,
684 1162 706 1189 si
729 1162 883 1192 discrimini
911 1165 997 1200 inagis

205 1205 461 1239 appmpinquassel.

240 1250 304 1278 Post
318 1252 375 1279 haec
400 1257 477 1288 pater
501 1253 584 1281 filium
604 1255 692 1290 tangit
707 1275 715 1287 ,
732 1264 783 1284 nec
800 1264 839 1284 rei
871 1258 996 1291 gerenda:

203 1301 300 1323 natura
317 1298 479 1326 adversatur
495 1309 501 1326 :
515 1299 600 1326 tradit
614 1308 675 1328 sese
691 1302 761 1336 patri
779 1302 851 1330 filius
873 1308 995 1330 tractan-

203 1343 283 1374 dum,
316 1343 548 1378 quemadmodum
567 1346 612 1373 ille
637 1347 727 1374 vellet.
759 1347 854 1374 Utrum
886 1349 994 1376 illorum

202 1387 318 1415 duorum
336 1389 396 1424 plus
420 1389 561 1417 admirer?
580 1391 652 1418 hunc
669 1393 715 1426 qui
733 1397 844 1427 propter
870 1394 994 1422 dilectio-

202 1442 264 1462 nem
288 1443 351 1470 erga
368 1435 452 1463 Deum
475 1437 531 1463 filio
547 1445 644 1466 manus
661 1439 773 1473 injecit.
797 1448 830 1466 an
852 1441 927 1467 illum
946 1442 992 1476 qui

201 1481 271 1516 patri
294 1490 379 1516 usque
423 1482 456 1509 ad
484 1488 597 1510 mortem
629 1485 742 1519 parebat
773 1492 800 1512 et
824 1487 993 1515 obediehat?

201 1527 314 1555 Certant
349 1529 421 1556 inter
445 1537 525 1562 sese,
552 1530 597 1557 hic
617 1531 727 1565 quidem
757 1541 840 1568 super
865 1540 991 1562 naturain

201 1582 260 1602 sese
277 1575 392 1607 tollens,
419 1575 463 1603 ille
479 1584 544 1604 vero
569 1581 657 1604 morte
676 1579 786 1612 gravius
810 1584 836 1607 et
870 1581 992 1608 atrocius

199 1627 262 1648 esse
283 1621 388 1647 ducens
412 1621 552 1649 adversari
572 1625 654 1657 atque
671 1624 800 1651 resistere
814 1625 894 1659 patri.
912 1625 992 1652 Dein-

200 1666 234 1693 de
255 1667 332 1701 prius
355 1667 473 1694 vinculis
487 1667 571 1694 ﬁlium
597 1673 675 1702 pater
698 1671 873 1704 constringit.
899 1671 990 1706 Smpe-

201 1720 314 1739 nmnero
330 1713 494 1740 miserabilis
511 1713 593 1748 hujus
611 1715 648 1741 rei
665 1715 811 1750 imaginem
829 1717 855 1744 in
884 1718 989 1752 pictura

199 1757 254 1784 vidi
271 1777 278 1788 ,
296 1765 346 1784 nec
366 1757 470 1792 absque
499 1758 628 1794 lacrymis
642 1762 830 1794 spectaculum
861 1764 990 1796 prieterii,

198 1802 266 1830 adeo
283 1803 425 1838 perspicue
440 1808 521 1839 atque.
546 1805 686 1833 evidenter
713 1815 758 1835 ars
776 1807 903 1843 pingendi
923 1817 990 1836 ocu-

198 1848 233 1876 lis
257 1857 312 1876 rem
333 1854 436 1884 gestam
462 1850 590 1885 subjecit.
626 1851 785 1880 Proeumhit
821 1854 897 1882 Isaac
927 1861 990 1884 ante

197 1899 303 1930 patrem
320 1900 431 1930 propter
457 1896 546 1930 ipsum
567 1899 652 1925 altare
670 1898 746 1926 flexis
761 1901 875 1934 genibus
897 1902 988 1935 nixus,

197 1943 225 1967 et
250 1947 348 1968 manus
371 1945 521 1968 retrorsum
550 1941 654 1970 habens
685 1944 838 1972 adductas:
859 1946 903 1972 ille
928 1955 990 1974 iero

196 1989 260 2020 post
286 1994 404 2020 genuum
431 1991 607 2014 curvaturam
645 1988 761 2024 pedibus
796 1990 945 2024 insistens,
963 1999 990 2021 et

196 2031 309 2058 sinistra
342 2039 423 2059 manu
457 2033 586 2068 capillum
607 2033 666 2068 ejus
687 2035 720 2062 ad
743 2043 805 2063 sese
829 2037 987 2069 adducens.

196 2077 328 2104 inclinato
355 2078 445 2113 capite
476 2079 599 2106 intuetur
613 2081 717 2108 vultum
745 2082 939 2111 miserabiliter
954 2085 986 2112 ad

195 2122 282 2156 ipsum
299 2123 394 2150 oculos
408 2124 608 2156 attollentis,ac
623 2125 763 2154 dexteram
779 2135 912 2156 armatam
928 2131 987 2165 gla-

195 2167 241 2195 dio
266 2168 358 2203 dirigit
374 2169 406 2196 ad
425 2172 524 2198 caadem
566 2170 718 2200 faciendam
734 2193 741 2205 ,
774 2181 805 2202 ac
820 2175 875 2209 jam
904 2177 985 2210 gladii
1005 2183 1025 2210 [)

195 2221 291 2240 mucro
305 2221 406 2249 corpus
421 2216 559 2250 tangebat.
580 2221 608 2244 et
625 2221 691 2244 tunc
707 2218 817 2246 demum
848 2220 986 2249 divinitus

195 2258 229 2286 ad
249 2266 311 2286 eum
331 2260 422 2288 editur
438 2269 490 2288 vox
511 2269 571 2297 qum
588 2270 644 2290 rem
667 2264 800 2299 agendam
818 2266 986 2301 prohiberet,

193 2312 246 2332 vox
261 2309 351 2333 autem
364 2307 496 2341 ejusmodi
507 2308 630 2342 quaedam
643 2313 712 2338 erat.
728 2309 777 2337 Vix
805 2312 877 2338 enim
896 2320 988 2347 quem-

195 2351 344 2378 admodum
359 2353 462 2387 pullum
481 2354 626 2388 quemdam
643 2356 773 2391 equinum
797 2361 986 2386 contumacem

194 2399 222 2422 et
238 2395 401 2423 indomitum
419 2396 558 2433 frenisque
591 2403 619 2426 et
642 2399 756 2429 habenis
773 2401 865 2429 minus
879 2403 986 2430 obtem-

194 2446 349 2477 perantem,
363 2451 395 2471 ac
411 2444 445 2472 de
460 2451 536 2472 recto
556 2445 653 2474 itinere
669 2447 866 2479 declinantem.
880 2449 987 2477 multis-

193 2496 246 2523 que
261 2489 335 2524 gyris
349 2495 375 2516 et
389 2490 559 2519 anfractibus
573 2499 607 2519 ex
624 2496 782 2521 transverso
803 2493 985 2522 exusltantem

193 2542 290 2562 rursus
305 2535 331 2562 in
355 2537 424 2563 viam
439 2540 542 2564 rectam
573 2537 734 2565 reduximus
753 2539 913 2566 orationem.
929 2539 986 2567 lloc

191 2579 264 2605 enim
281 2580 360 2607 nobis
383 2581 553 2616 propositum
568 2586 627 2609 erat
641 2586 671 2609 ut
686 2583 892 2611 ostenderemus
914 2585 986 2620 Apo-

193 2625 294 2651 stnlum
315 2626 433 2653 orationi
452 2627 638 2654 testimonium
654 2627 807 2662 perhibere,
821 2637 917 2664 nempe
932 2629 985 2656 Pa-

198 2674 266 2696 trem
283 2669 354 2698 Filio
373 2671 502 2706 majorem
521 2680 575 2699 non
591 2680 663 2700 esse.
689 2672 739 2699 Hie
755 2674 828 2701 enim
843 2675 984 2710 Scriptura

193 2723 256 2741 cum
275 2717 402 2750 angelum
420 2718 539 2745 orationi
558 2718 604 2746 Dei
632 2721 825 2754 prmposnissct
838 2741 845 2753 ,
874 2722 985 2756 subjicit

193 2767 288 2787 VUCCIII
306 2771 311 2789 :
335 2762 443 2789 Vocanit
458 2764 526 2789 enim
539 2772 598 2790 cum
614 2766 722 2799 angelus
741 2765 847 2793 Domini
860 2772 883 2793 et
899 2767 964 2794 dimil
975 2777 984 2795 .-

196 2805 339 2841 I’raprerea
357 2809 425 2843 quod
438 2809 523 2844 fetiali
541 2813 644 2838 verbum
667 2812 724 2846 hac,
737 2817 760 2839 et
776 2822 826 2840 non
843 2815 985 2847 pepercisti

805 95 834 122 S.
855 91 1018 122 GREGOIIII
1039 91 1186 122 NYSSENI

1794 97 1850 126 572

1055 155 1182 190 τοιαύτης
1198 156 1289 191 φωνῆς
1313 156 1454 191 ἐννοήσας,
1477 157 1531 184 ούδ⁴
1546 157 1698 192 ἐποιμώζει
1774 157 1849 193 λόγῳ

1051 200 1110 227 οὐδέ
1135 209 1162 226 τι
1186 200 1322 236 θρηνῶδες
1345 203 1392 228 καὶ
1415 202 1510 238 γοερὸν
1532 203 1736 237 ἀποφθέγγεται
1751 223 1758 234 ,
1788 203 1848 229 ἀλλ’

1051 246 1158 283 ἑστώσῃ
1173 247 1220 273 καὶ
1236 248 1341 274 ἀκλινεί
1353 250 1385 283 τῇ
1402 248 1486 283 ψυχῇ,
1503 249 1550 275 καὶ
1565 249 1672 284 δέχεται
1686 248 1733 275 τοῦ
1751 249 1848 280 παιδος

1050 292 1100 327 τὴν
1116 292 1218 328 φωνὴν,
1243 293 1290 319 καὶ
1311 293 1362 328 τὴν
1381 294 1448 320 ἰδίαν
1464 294 1598 329 προΐεται.
1623 295 1692 329 Φησὶ
1708 294 1763 330 γὰρ
1778 294 1849 329 πρὸς

1050 338 1149 364 αὐτόν’
1169 338 1198 365 Τί
1212 338 1287 370 ἐστι,
1307 339 1432 371 τέκνον-ς
1455 339 1588 367 Ἐνταῦοά
1611 348 1655 375 μοι
1676 340 1848 375 κατανόησον

1049 383 1079 409 τὸ
1096 384 1204 410 συνετὸν
1220 384 1279 419 ἅμα
1292 385 1339 411 καὶ
1353 385 1542 420 λελογισμένον
1565 385 1612 412 τοῦ
1634 386 1707 417 νέου,
1733 385 1794 416 πῶς
1816 385 1847 411 τὺ

1049 428 1143 454 δοκοῦν
1159 428 1305 464 παρῶιρθαι
1321 429 1396 464 παρὰ
1417 429 1464 456 τοῦ
1483 430 1596 465 πατρὸς,
1614 429 1846 465 ἀπροσκρούστως

1049 475 1089 506 εἰς
1105 475 1258 509 ὑπόμνησιν
1271 476 1342 509 ἄγει,
1356 476 1416 502 οὔτε
1434 476 1594 511 παράνοιαν,
1617 475 1678 503 οὔτε
1704 476 1790 512 λήθην
1807 476 1845 511 τῷ

1051 521 1135 555 πατρὶ
1147 521 1284 553 ὀνειδίζων
1296 529 1303 535 ·
1330 521 1389 547 ἀλλ’
1404 522 1434 548 ὲν
1455 522 1633 557 προσποιήσει
1645 521 1725 556 δῆθεν
1742 522 1788 548 τοῦ
1803 521 1846 547 θε-

1049 565 1080 600 λῆ
1086 574 1130 592 σαι
1143 559 1248 601 μαθεῖν,
1260 567 1306 593 τοῦ
1321 569 1515 603 παροράματος
1527 568 1753 603 ὑπομιμνήσκων.
1771 567 1845 594 Ἰδοὺ

1049 611 1114 646 γὰρ,
1128 612 1203 647 φησὶ,
1218 612 1254 639 τὰ
1269 613 1358 644 ξύλα,
1370 613 1402 639 τὸ
1416 613 1486 647 πῦρ,
1497 613 1658 648 ὴμάχαιριι
1669 621 1677 628 ·
1690 614 1722 639 τὸ
1737 613 1845 647 ἱερεῖον

1049 658 1125 690 ποῦ;
1150 658 1178 685 ’0
1191 658 1229 690 δὲ,
1249 659 1304 685 εἴτε
1323 659 1544 695 παραθαρρύνων
1557 659 1603 686 τὸν
1618 659 1711 691 παῖδα.
1735 661 1790 686 εἴτε
1807 660 1844 692 ὡς

1049 707 1192 742 προφήτης
1205 707 1235 733 τδ
1250 707 1345 741 μέλλον
1358 707 1568 742 διεγγυὼμενος,
1589 708 1621 734 '0
1639 707 1710 741 86h;
1721 728 1728 739 ,
1749 708 1842 743 φησιν,

1049 751 1152 786 ὄψεται
1165 752 1261 785 ἑαυτῷ
1271 753 1421 787 πρόϐατον
1431 755 1474 787 εἰς
1487 753 1709 788 ὀλοκάρπωσιν,
1725 753 1842 780 τέκνον.

1048 797 1103 824 Καὶ
1117 797 1163 823 ἐπὶ
1176 798 1282 829 τούτοις
1297 798 1337 824 ἐτι
1354 799 1369 833 ἡ
1385 799 1469 833 πεῖρα
1483 798 1533 833 τῆς
1545 798 1593 825 τοῦ
1608 799 1779 833 πατριάρχου
1792 799 1843 833 ψυ-

1048 845 1098 878 χῆς
1123 844 1309 878 παρετείνετο.
1340 844 1552 879 Καταλαμϐάνει
1584 844 1629 870 τὸν
1653 843 1844 879 προρρηθέντα

1047 888 1135 923 χῶρον
1151 889 1236 924 αὐτῷ.
1257 890 1393 925 οἰκοδομεῖ
1407 889 1446 924 τῷ
1459 889 1518 924 Θεῷ
1541 889 1571 915 τὸ
1593 889 1801 924 θυσιαστήριον,
1828 888 1844 914 ὁ

1048 936 1112 966 παῖς
1125 935 1260 970 παρετ-ἱοη
1286 935 1326 971 τῷ
1340 935 1424 970 πατρῖ
1449 934 1499 966 τὰς
1522 934 1607 967 ῦλας·
1637 934 1801 970 ἡτοιμάζετο
1825 935 1840 968 ἠ

1047 980 1132 1016 πυρὰ,
1148 981 1195 1008 καὶ
1209 981 1286 1008 οὔπω
1299 981 1329 1007 τὸ
1351 981 1431 1017 ἔργον
1446 981 1597 1008 κωλύεται·
1625 981 1663 1012 ὼς
1676 980 1710 1007 ἂν
1740 979 1778 1016 μή
1800 989 1842 1012 τις

1046 1026 1101 1054 τῶν
1114 1027 1353 1063 μικροψυχοτέρων
1369 1028 1452 1060 εἴποι,
1465 1028 1489 1053 εἰ
1506 1026 1602 1062 μέχρις
1617 1026 1722 1054 ἐκείνου
1741 1025 1842 1059 συνέϐη

1048 1073 1142 1109 στῆναι
1166 1074 1214 1108 τὴν
1228 1074 1324 1108 πεῖραν
1338 1093 1345 1104 ,
1366 1074 1416 1100 οὐκ
1434 1074 1466 1100 ἃν
1484 1073 1564 1105 αὐτὸς
1579 1073 1713 1108 διέμεινεν
1730 1071 1842 1107 ὁμοίως,

1047 1120 1071 1146 ει
1085 1119 1184 1154 μᾶλλον
1200 1118 1239 1154 τῷ
1255 1119 1335 1146 πάθει
1351 1120 1475 1155 ἣγγισεν.

1081 1252 1216 1279 ’Δπτεται
1235 1251 1304 1287 μετὰ
1318 1250 1406 1278 ταῦτα
1418 1251 1465 1277 τοῦ
1478 1251 1571 1282 παιδος
1586 1252 1600 1277 ὁ
1617 1250 1718 1285 πατὴρ.
1733 1249 1781 1276 καὶ
1791 1249 1842 1275 οὐκ

1045 1299 1196 1326 ἀντιϐαίνει
1211 1299 1250 1334 τῷ
1268 1298 1402 1334 γινομένῳ
1417 1299 1433 1334 ή
1449 1297 1530 1331 φύσις
1541 1307 1548 1313 ⁸
1572 1297 1677 1323 δεδωσιν
1692 1296 1788 1323 ἐαυτὸν
1802 1295 1842 1331 τῷ

1045 1347 1130 1381 πατρὶ
1146 1347 1160 1372 ὁ
1177 1347 1250 1378 παῖς,
1275 1345 1429 1380 χρήσασθαι
1444 1346 1458 1371 ὃ
1473 1353 1498 1371 τι
1517 1344 1649 1379 βούλεται.
1671 1343 1739 1369 Τίνα
1761 1342 1842 1369 πλέον

1045 1392 1075 1424 ἐξ
1100 1392 1262 1427 ἀμφοτέρων
1285 1391 1439 1426 θαυμάτω;
1463 1391 1508 1417 τὸν
1534 1389 1696 1416 ὲπιῦαλόντα
1718 1389 1762 1415 ιῖιᾶι⁵
1791 1388 1842 1424 τὴν

1046 1438 1113 1474 πρὸς
1128 1438 1194 1464 Θεὸν
1207 1437 1317 1472 ἀγάπην
1332 1437 1371 1472 τῷ
1386 1437 1462 1464 παιδὶ
1475 1436 1524 1467 τὰς
1538 1437 1642 1471 χεῖρας,
1658 1435 1674 1469 ἢ
1690 1435 1736 1461 τὸν
1759 1434 1840 1469 μέχρι

1045 1483 1160 1510 θανάτου
1170 1484 1208 1518 τῷ
1219 1483 1302 1518 πατρὶ
1318 1482 1509 1509 ὑπακούσαντα
1522 1491 1529 1514 ;
1547 1480 1752 1515 ψιλοτιμοῦνται
1771 1480 1841 1514 πρὶς

1045 1529 1186 1563 ἀλλήλους.
1204 1529 1218 1555 ὁ
1237 1528 1285 1564 μὲν
1299 1529 1347 1562 τῆς
1364 1527 1471 1562 φύσεως
1488 1527 1584 1553 ἑαυτὸν
1598 1526 1763 1561 ὑπεραίρων,
1781 1526 1796 1552 ὁ
1811 1525 1842 1551 δὲ

1045 1575 1235 1611 χαλεπώτερον
1251 1575 1298 1602 τοῦ
1314 1574 1429 1601 θανάτου
1443 1574 1472 1600 τὸ
1488 1574 1633 1600 ἀντιτεῖναι
1649 1573 1687 1607 τῷ
1703 1572 1788 1606 πατρὶ
1801 1571 1841 1597 λο-

1045 1621 1196 1656 γιζόμενος.
1222 1620 1362 1647 Ἐντεῦθεν
1385 1620 1493 1655 δεσμοῖς
1510 1619 1641 1654 πρότερον
1655 1617 1839 1652 διαλαμϐάνει

1043 1668 1058 1694 ό
1073 1667 1164 1702 πατὴρ
1177 1666 1223 1693 τὸν
1246 1666 1338 1693 παῖδα.
1365 1664 1440 1693 Εἶδον
1455 1666 1585 1696 πολλάκις
1600 1665 1647 1690 ἐπὶ
1674 1664 1783 1699 γραςςῆς
1798 1664 1839 1689 εί-

1044 1714 1110 1740 κὸνα
1125 1713 1172 1739 τοῦ
1186 1712 1299 1743 πάθους,
1316 1713 1362 1739 καὶ
1379 1713 1428 1738 ούκ
1441 1711 1574 1747 ἀδακρυτὶ
1587 1711 1637 1746 τὴν
1652 1710 1716 1737 θέαν
1734 1710 1839 1746 παρῆλ-

1044 1759 1100 1791 θον,
1118 1760 1242 1794 ἐναργῶς
1258 1759 1308 1793 τῆς
1321 1759 1418 1793 τέχνης
1434 1758 1479 1785 ὑπ’
1493 1758 1553 1792 ὄψιν
1567 1758 1687 1792 ἀγούσης
1700 1757 1751 1792 τὴν
1767 1758 1839 1783 ἱστο-

1043 1805 1115 1841 ρίαν.
1141 1805 1288 1841 Πρόκειται
1311 1805 1325 1830 ὁ
1344 1805 1438 1831 Ἰσαὰκ
1457 1804 1499 1839 τῷ
1519 1803 1602 1839 πατρὶ
1621 1804 1684 1839 παρ’
1707 1803 1782 1838 αὐτῷ
1799 1803 1838 1838 τῷ

1042 1851 1245 1887 θυσιαστηρίῳ,
1270 1850 1388 1881 ὀκλάσας
1410 1850 1456 1876 ἐπὶ
1480 1850 1561 1884 γόνυ.
1581 1849 1626 1876 καὶ
1649 1849 1838 1884 περιηγμένας

1042 1896 1113 1931 ἔχων
1127 1897 1166 1928 εἰς
1182 1896 1301 1923 τούπίσω
1313 1895 1361 1927 τὰς
1376 1897 1469 1930 χεῖρας
1482 1903 1488 1909 ·
1505 1895 1519 1920 ὁ
1532 1895 1560 1921 δὲ
1571 1894 1743 1929 ἐπιόεὸηκὼς
1756 1895 1836 1921 κατό-

1041 1952 1088 1969 πιν
1100 1942 1140 1969 τὼ
1154 1942 1218 1969 πόδε
1234 1942 1283 1977 τῆς
1298 1941 1429 1975 ἀγκύλης,
1454 1941 1501 1968 καὶ
1517 1942 1549 1976 τῇ
1562 1940 1627 1975 λαιᾷ
1640 1940 1713 1976 χειρὶ
1724 1940 1775 1975 τὴν
1790 1940 1836 1966 κό-

1042 1998 1096 2022 μην
1111 1988 1158 2015 τοῦ
1175 1988 1269 2019 παιδὸς
1294 1987 1362 2023 πρὸς
1378 1987 1474 2013 ἑαυτὸν
1497 1986 1664 2018 ἀνακλάσας,
1687 1986 1835 2013 ἐπικύπτει

1039 2033 1078 2068 τῷ
1096 2033 1242 2068 προσώπῳ,
1257 2033 1380 2064 ἐλεεινῶς
1396 2032 1464 2067 πρὸς
1479 2032 1559 2059 αὐτὸν
1579 2031 1767 2064 ἀναϐλέποντι,
1788 2032 1834 2058 καὶ

1039 2079 1088 2115 τὴν
1102 2079 1193 2112 δεξιὰν
1211 2079 1437 2113 καθωπλισμένην
1461 2078 1499 2113 τῷ
1517 2078 1587 2112 ξίφει
1613 2077 1682 2112 πρὸς
1703 2077 1752 2112 τὴν
1768 2085 1834 2110 σφα-

1039 2127 1090 2161 γὴν
1106 2125 1276 2158 κατευθύνει,
1296 2126 1342 2152 καὶ
1357 2125 1472 2152 ἅπτεται
1489 2124 1538 2159 ἤδη
1552 2123 1600 2150 τοῦ
1619 2123 1745 2158 σώματος
1758 2123 1774 2157 ή
1788 2131 1832 2148 του

1041 2171 1133 2206 ξίφους
1146 2171 1232 2205 ἀκμὴ,
1251 2171 1297 2197 καὶ
1311 2170 1371 2196 τότε
1388 2169 1462 2204 αὐτῷ
1486 2169 1590 2203 γίνεται
1605 2168 1699 2195 θεόθεν
1713 2168 1789 2203 φωνὴ
1803 2168 1832 2194 τό

1039 2216 1118 2252 ἔργον
1142 2215 1292 2242 κωλύουσα.
1308 2216 1341 2241 Ἦ
1362 2215 1389 2241 δὲ
1407 2215 1482 2250 φωνὴ
1503 2215 1611 2250 τοιαύτη
1626 2223 1668 2247 τις
1684 2212 1728 2249 ἧν.
1747 2215 1832 2248 Μόγις

1037 2262 1092 2298 γὰρ
1106 2262 1231 2297 καθάπερ
1247 2262 1335 2288 πῶλον
1348 2270 1410 2288 τινα
1424 2261 1556 2296 δυσπειθῆ
1575 2261 1621 2287 καὶ
1634 2260 1772 2296 δυσήνιον,
1782 2260 1831 2294 τῆς

1039 2308 1148 2340 εὐθείας
1161 2317 1198 2335 πα
1204 2308 1386 2343 ρατραπέντα,
1412 2308 1458 2334 καὶ
1471 2307 1577 2339 πολλοῖς
1593 2306 1704 2339 κύκλοις
1718 2308 1752 2333 ὲκ
1765 2306 1831 2333 πλα-

1037 2355 1103 2389 γίων
1115 2355 1354 2390 διασκιρτήσαντα,
1371 2354 1450 2381 πάλιν
1463 2355 1502 2386 εἰς
1512 2355 1562 2389 τὴν
1575 2354 1681 2380 εὐθεῖαν
1695 2353 1742 2380 τὸν
1753 2353 1830 2388 λόγον

1037 2401 1188 2435 ἠγάγομεν.
1206 2400 1288 2427 Τουτὶ⁸
1302 2400 1356 2436 γὰρ
1371 2398 1404 2436 ἦν
1417 2401 1448 2427 τὸ
1460 2400 1639 2436 προκείμενον
1655 2400 1732 2434 ἡμῖν,
1748 2400 1831 2433 δεῖξαι

1042 2447 1088 2472 τὸν
1107 2446 1267 2473 ’Λπόστολον
1285 2446 1475 2481 μαρτυροῦντα
1499 2446 1538 2481 τῷ
1561 2445 1648 2481 λόγῳ,
1673 2446 1714 2472 ὅτι
1732 2446 1831 2480 μείζων

1037 2493 1085 2522 τοῦ
1102 2492 1167 2519 Υἱοῦ
1181 2494 1196 2520 ὁ
1212 2493 1307 2527 Πατὴρ
1319 2493 1370 2519 οὐκ
1386 2492 1469 2519 ἐστιν.
1496 2491 1627 2518 Ἐνταῦθα
1644 2491 1698 2526 γὰρ
1716 2491 1831 2525 ἄγγελον

1036 2539 1082 2566 τοῦ
1093 2539 1171 2573 λόγου
1178 2539 1223 2565 τοῦ
1235 2539 1301 2565 Θεοῦ
1313 2539 1428 2574 ἡγραφὴ
1440 2538 1607 2574 προτάξασα,
1619 2539 1716 2572 ἐπάγει
1729 2539 1829 2572 φωνήν·

1037 2585 1159 2620 ἐφώνησε
1187 2585 1242 2621 γὰρ
1267 2585 1346 2612 αὐτὸν
1360 2585 1473 2620 ἄγγελος
1495 2584 1598 2620 Κυρίου
1616 2583 1663 2610 καὶ
1680 2582 1767 2614 εἶπεν,
1790 2583 1830 2609 ὅτι

1044 2631 1115 2658 Ἀνθ’
1127 2627 1171 2657 ὧν
1178 2631 1326 2664 ἐποίησας
1340 2631 1372 2657 τὸ
1381 2630 1463 2665 ῥῆμα
1478 2630 1576 2661 τοῦτο,
1589 2629 1639 2656 καὶ
1654 2630 1709 2656 οὐκ
1721 2629 1830 2663 ἐφείσω

1036 2677 1088 2704 τοῦ
1101 2677 1166 2704 υἱοῦ
1183 2685 1242 2704 σου
1256 2677 1308 2703 τοῦ
1320 2676 1485 2710 ἀγαπητοῦ,
1497 2676 1560 2703 κατ’
1570 2675 1700 2710 ἐμαυτοῦ
1715 2675 1828 2709 ὤμοσα,

1036 2722 1161 2755 ποιῆσαι
1175 2722 1250 2756 ἅπερ
1266 2722 1314 2748 καὶ
1329 2722 1364 2748 ὲν
1381 2721 1417 2756 τῇ
1433 2721 1594 2755 ἐπαγγελίᾳ
1610 2720 1658 2747 τοῦ
1673 2720 1754 2754 λόγου
1771 2721 1826 2746 ἔστι

1038 2768 1142 2803 μαθεῖν.
1168 2768 1216 2799 Τίς
1241 2766 1287 2794 οὖν
1310 2769 1384 2794 ἐστιν
1398 2769 1412 2794 ό
1428 2767 1597 2802 χρηματίσας
1623 2767 1662 2801 τῷ
1684 2767 1828 2800 Ἀϐραᾶμ;

1036 2812 1108 2848 ’Λρα
1123 2814 1160 2848 μὴ
1174 2815 1187 2840 ὁ
1198 2815 1291 2848 Πατήρ
1305 2823 1312 2848 ;
1338 2813 1407 2840 Ἀλλ’
1423 2814 1471 2840 οὐκ
1486 2813 1518 2840 ἂν
1531 2814 1616 2844 εἴποις
1629 2813 1745 2847 ἄγγελόν
1759 2820 1829 2843 τινος
