1938 3082
94 90 152 117 573

563 90 606 117 DE
625 90 773 118 DEITATE
792 91 869 118 FILII
890 91 935 118 ET
956 91 1115 119 SPlRlTL‘S
1132 90 1267 132 SANCYI.

1674 90 1727 119 537i

92 145 167 173 εἶναι
181 147 227 173 τὸν
243 146 361 182 Πατέρα.
385 147 490 174 Οὐκοῦν
502 148 517 174 6
531 147 677 183 μονογενὴς
689 148 763 180 Θεὸς,
779 149 842 184 περὶ
854 145 884 176 οὗ

939 149 996 183 ﬁlio
1012 154 1056 175 tuo
1071 149 1178 178 dilecto.
1193 157 1239 183 per
1267 155 1308 174 me
1331 148 1431 182 jurari,
1452 149 1586 183 facturum
1609 157 1650 176 me
1669 157 1727 176 esse

92 193 108 218 ὁ
120 193 268 227 Προφήτης
278 192 369 226 φησὶν,
386 193 427 219 ὅτι
438 193 574 220 Καλεῗται
586 193 620 220 τὸ
632 194 724 228 ὄνομα
734 194 827 221 αὑτοῦ
835 203 886 228 με-

936 196 1024 221 omnia
1039 195 1104 227 Itu'c,
1120 204 1179 230 qua:
1189 195 1270 221 etiam
1289 195 1314 221 in
1329 195 1462 222 orationis
1480 196 1662 229 promissione
1675 203 1725 222 co-

91 236 192 270 τιιιης
210 236 330 270 ,βουλῆς
346 237 498 271 Ἄγγελος.
516 238 599 265 Τοῦτο
612 239 640 265 δὲ
654 239 703 266 οὐκ
718 240 809 273 ἀγνοεῖ
821 240 887 266 πάν-

939 240 1029 274 gnosci
1045 245 1169 274 possunt.
1193 239 1260 272 Quis
1278 240 1359 275 igitur
1370 246 1412 268 est
1430 242 1476 276 qui
1493 250 1554 269 cum
1572 242 1725 269 Abrahamo

92 290 150 313 τως
164 283 178 308 6
194 281 298 314 Παῦλος
313 283 328 308 6
347 283 376 308 ὲν
390 283 546 319 παραδείσῳ
562 284 674 319 μυηθεὶς
687 285 721 311 τὰ
733 285 886 321 ἀπόρρητα,

93 327 136 353 ὅτι
153 327 229 363 παρὰ
241 327 288 354 τοῦ
302 327 471 361 Μονογενοῠς
486 329 502 363 ὴ
516 328 625 364 ἔνορκος
641 329 710 364 αὕτη
728 330 886 365 ὑπόσχεσις.

94 373 178 406 Λέγει
190 373 218 399 δὲ
244 372 259 398 6
281 373 395 405 Παῦλος,
409 373 449 400 ὃτι
471 373 512 406 Τῷ
532 375 658 409 ’Λϐριιὰμ
673 375 886 411 ἐπαγγειλάμε-

94 425 161 450 νος.
174 418 189 443 6
203 417 268 448 Θεὸς
281 417 377 451 Λόγος,
393 417 457 445 ἐπεὶ
471 419 535 446 κατ’
544 419 668 453 οὐδενὸς
677 418 740 455 εἶχε
748 420 886 455 μείζονος

96 462 216 496 ὀμόσαι,
233 462 331 497 ὤμοσε
346 463 410 490 καθ’
426 463 545 490 ἑαυτοῦ.

936 286 1091 312 collocutus
1103 286 1168 312 est?
1182 286 1310 320 Nunquid
1325 285 1406 314 Pater
1421 287 1433 312 ?
1446 288 1478 314 At
1493 296 1664 323 nequaquam
1678 288 1721 316 di-

939 331 1011 358 xeris
1029 331 1146 365 alicujus
1175 332 1300 367 angelum
1320 340 1380 359 esse
1409 332 1527 361 Patrem.
1550 335 1619 368 Ergo
1637 334 1723 361 Filius

939 376 1098 413 unigenitus
1112 377 1134 404 is
1149 381 1216 408 erat,
1231 377 1264 404 de
1281 385 1336 412 quo
1353 379 1483 412 propheta
1501 380 1586 410 dicit.
1610 379 1727 407 Vocatur

938 429 1030 448 nomen
1046 422 1104 456 ejus
1130 424 1220 458 magni
1245 424 1350 450 consilii
1372 425 1481 459 Angelus
1495 425 1528 451 "'.
1551 425 1607 452 lloc
1632 430 1722 452 autent

939 466 1051 498 Paulus.
1069 468 1114 502 qui
1139 469 1249 496 arcanis
1266 470 1353 496 saeris
1371 469 1396 496 in
1412 470 1538 504 jaradiso
1559 471 1682 498 initiatus
1696 477 1722 498 ct

98 509 242 536 institutus
261 513 325 542 est,
349 516 463 543 prorsus
485 509 555 537 haud
577 510 708 545 ignorat,
733 519 830 546 nempe
855 513 890 538 ah
917 514 1057 548 uuigeuito
1081 515 1135 541 lilio
1157 514 1336 549 jurejurando
1355 516 1543 542 confirmatam
1579 516 1648 544 hanc
1682 517 1723 544 fa-

97 559 171 582 ctam
187 563 247 584 esse
261 556 478 591 promissionem.
507 557 578 585 Dicit
594 562 683 585 autem
708 559 818 590 Paulus.
848 561 997 588 Abralmmo
1020 562 1153 596 pollicitus
1178 563 1244 590 Deus
1265 563 1301 598 (id
1321 568 1372 594 est.
1387 563 1457 591 Deus
1477 562 1618 595 Verbum).
1639 572 1724 598 quau-

95 601 237 635 doquidem
252 610 297 636 per
309 603 438 630 neminem
453 603 580 637 majorem
595 609 698 638 poterat
715 605 810 640 jurare
820 626 828 638 ,
837 606 939 640 juravit
956 615 1001 641 per
1022 607 1187 642 semétipsum
1198 608 1231 635 ".

132 650 195 681 Πῶς
208 648 255 676 οὖν
270 648 342 678 οὗτοι
356 651 464 685 λέγουσι
482 651 593 687 μείζονα
615 653 663 680 τοῦ
684 653 749 680 Υἱοῦ
766 654 811 680 τὸν
825 655 882 681 Πα-

95 695 174 729 τέρα,
195 697 242 723 τοῦ
257 697 363 724 Παύλου
377 697 502 732 λέγοντος
524 699 565 725 ὃτι
581 699 631 725 οὐκ
645 699 702 734 ἔχει
718 699 748 726 τὺ
771 700 862 735 μεῖζον
875 710 882 734 ;

103 741 174 768 Ἀλλ’
187 743 376 779 ἐπανέλθωμεν
400 745 481 771 πάλιν
495 746 541 771 ἐπὶ
558 746 604 772 τὸν
623 746 799 780 εὑαγγελικδν
816 745 885 774 οἶνον

972 656 1023 689 Qui
1041 657 1121 692 igitur
1134 657 1178 684 isti
1196 657 1291 684 dicunt
1305 656 1412 684 Patrem
1430 657 1498 684 Filio
1509 656 1638 690 majorem
1650 663 1722 685 esse.

938 710 999 729 cum
1023 701 1124 729 Paulus
1150 706 1229 737 neget
1256 710 1318 730 eum
1346 701 1587 736 ltahere'laliquid)
1613 701 1726 735 majus?

939 746 992 774 Sed
1009 747 1152 774 redeamus
1170 755 1266 774 rursus
1283 747 1315 774 ad
1336 747 1524 781 evangelicum
1546 746 1613 772 illud
1628 746 1721 772 vinum

96 787 143 813 τὸν
157 787 226 818 νέον.
241 787 279 820 ὡς
302 778 335 815 ἂν
358 789 497 823 δεξάμενοι
517 790 560 816 διὰ
580 791 630 825 τῆς
652 778 825 823 διδασκαλίας
839 792 887 817 καὶ

939 800 1048 824 novum,
1066 796 1096 819 ut
1112 797 1139 819 et
1160 792 1211 827 ipsi
1233 800 1280 827 per
1304 793 1457 819 doctrinam
1474 792 1586 827 spiritus
1611 795 1724 826 accepto

95 832 173 859 αὐτοὶ
187 833 235 868 τὴν
250 833 322 866 ζέσιν
335 834 381 860 τοῦ
395 835 562 870 Πνεύματος,
577 836 716 872 ἐπιτήδεια
733 837 822 872 δοχεῖα
838 837 886 864 τοῦ

95 879 219 905 τοιούτου
232 880 302 906 οἴνου
315 880 470 916 γενοίμεθα,
493 881 562 916 μήτε
583 882 661 908 αὐτοὶ
674 882 885 918 διασχιζόμενοι,

98 925 169 960 μήτε
196 925 245 961 τὴν
271 926 498 962 ἐγκεκρυμμὲνην
526 927 591 962 ἡμῖν
621 927 700 963 χάριν
732 929 882 964 ἐκχέοντες.

98 971 218 997 ’Ἤκουον
232 971 281 1006 τῆς
295 971 454 1007 ψαλμῳδίας
472 973 535 1008 περὶ
551 973 606 999 τῶν
624 974 775 1008 παρόντων,
798 973 884 1010 οἶμαι,

98 1015 192 1042 κακῶν
209 1017 449 1053 προφητευούσης·
468 1018 540 1052 λέγει
562 1019 615 1055 γὰρ
642 1019 705 1055 περὶ
728 1020 782 1046 τῶν
799 1021 886 1057 ἁμαρ-

97 1060 209 1094 τωλῶν,
235 1061 275 1088 ὃτι
297 1062 594 1097 Ἆπηλλοτριὼθησαν
615 1065 673 1092 ἀπὸ
688 1065 816 1099 μήτρας,
836 1067 885 1093 καὶ

96 1107 316 1141 ἐπλανήθησαν
341 1108 401 1135 ἀπὸ
428 1110 566 1143 γαστρός.
596 1111 709 1146 Μήτραν
733 1109 809 1146 οἴμαι
833 1112 886 1138 τῶν

95 1153 171 1180 κατὰ
190 1153 256 1180 Θεὸν
279 1155 466 1189 γεννωμένων,
492 1156 540 1190 τὴν
564 1156 725 1191 Ἐκκλησίαν
741 1157 884 1190 λέγεσθαι·

95 1200 171 1236 αὕτη
185 1201 238 1236 γὰρ
252 1201 422 1237 κυοφοροῦσα
443 1204 476 1238 τῇ
493 1202 545 1238 ἰδίᾳ
557 1203 633 1238 νηδύϊ
646 1203 708 1235 τοὺς
722 1204 751 1230 ὲν
763 1204 831 1239 αὐτῇ
843 1213 887 1230 τε-

95 1246 341 1282 λεσφορουμένους,
354 1247 467 1289 είςκφῶς
480 1247 524 1275 διὰ
535 1248 585 1284 τῆς
599 1249 717 1280 πίστεως
727 1249 797 1283 ἄγει.
816 1249 885 1276 Ἀλλ’

97 1291 124 1317 oi.
136 1291 293 1326 ἁμαρτωλοὶ
306 1293 376 1319 κατὰ
389 1292 424 1318 τὰ
436 1292 623 1328 ἀμϐλωθριδια
632 1293 686 1320 τῶν
697 1294 885 1329 γεννημάτων,

96 1335 150 1371 τῆς
168 1336 274 1372 μήτρας
293 1336 513 1373 ὴλλοτριώθησαν
526 1358 533 1369 ,
559 1338 606 1365 καὶ
630 1340 680 1374 τῆς
703 1339 820 1374 γαστρὸς
836 1340 887 1374 τῆς

96 1382 214 1416 γνησίας
237 1382 468 1417 ἀπεπλανήθησαν
480 1392 487 1398 -
512 1384 562 1419 οὐχ
584 1384 639 1420 ὀρῶ
652 1385 706 1420 γὰρ
721 1386 750 1411 ὲν
763 1386 819 1416 τοῖς
834 1394 887 1421 μη-

97 1428 198 1462 τρῴοις
221 1427 331 1459 κόλποις
354 1428 418 1459 τοὺς
441 1428 597 1460 ἀποστάτας
621 1430 671 1465 τῆς
690 1429 819 1462 πίστεως,
839 1432 887 1457 καὶ

96 1473 173 1507 λέγω
184 1473 233 1509 τὴν
255 1475 422 1509 προφητείαν
445 1476 508 1510 περὶ
529 1475 632 1502 τούτων
653 1475 752 1510 λέγειν,
769 1476 822 1503 τῶν
843 1476 887 1504 διὰ

97 1519 150 1554 τῆς
166 1519 274 1555 ἀπάτης
303 1519 532 1556 πεπλανημένων,
557 1521 598 1547 ὅτι
623 1521 812 1556 ἐπλανήθησαν
834 1523 888 1549 ἀπὸ

97 1565 237 1601 γαστρός·
259 1566 448 1601 ἐπλανήθησαν
473 1566 512 1602 τῷ
534 1567 647 1602 λαλῆσαι
663 1567 757 1603 ψευδῆ.
791 1569 888 1603 Θιγιὸς

98 1611 212 1644 αὐτοῖς.
236 1612 312 1646 φησὶ,
331 1613 404 1639 κατὰ
419 1613 475 1646 τὴν
491 1613 632 1647 ὁμοίωσιν
652 1614 705 1640 τοῦ
719 1614 823 1648 ὄφεως,
839 1615 888 1650 οὐχ

98 1656 193 1688 ἁπλῶς
210 1657 307 1692 ὂψεως,
323 1657 361 1688 ὡς
374 1658 407 1684 ἂν
432 1659 468 1694 μὴ
491 1659 558 1694 πρὸς
580 1658 611 1685 τὸ
632 1658 725 1694 θηρίον
745 1659 823 1685 τοῦτο
838 1660 888 1695 τὴν

99 1702 225 1729 είκασίαν
238 1704 324 1738 σχοῖεν
337 1711 344 1718 ·
361 1703 417 1730 ἁλλ’
434 1705 450 1739 ἡ
466 1703 513 1730 τοῦ
527 1703 628 1740 ἄρθρου
645 1704 787 1740 προσθήκη
802 1704 832 1730 το
843 1705 890 1739 ἀρ-

99 1749 217 1784 χέτυπον
231 1749 314 1776 κακὸν
329 1749 361 1775 δι’
384 1750 552 1784 αἰνιγμάτων
577 1750 722 1777 δείκνυσιν.
752 1750 821 1776 Ἀλλ’
838 1750 888 1776 οὐκ

100 1795 216 1830 ἄκαιρος
233 1794 297 1827 ἴσως
320 1796 385 1830 ἡμῖν
401 1796 418 1830 ἡ
435 1797 526 1831 μνήμη
540 1795 587 1822 τοῦ
601 1795 699 1829 ὄφεως,
725 1796 764 1827 είς
781 1795 889 1831 ἔλεγχον

99 1839 157 1866 τῶν
172 1839 429 1875 θρασυστομοὺντων
443 1842 513 1867 κατὰ
526 1841 571 1867 τοῦ
589 1841 755 1876 Πνεῦματος.
781 1841 889 1877 Ἐπειδὴ

101 1885 158 1921 γὰρ
172 1886 270 1913 οἴονται
285 1888 385 1921 ταύτην
401 1887 514 1922 ἰσχυρὰν
531 1887 602 1921 ἔχειν
618 1887 688 1913 κατὰ
702 1887 748 1914 τοῦ
765 1886 890 1922 Πνεῦμα-

99 1940 148 1964 to;
161 1932 255 1967 λαὸὴν,
265 1933 295 1958 τὸ
309 1932 347 1968 μὴ
361 1932 554 1968 προσειρῆσθαι
568 1933 633 1959 Θεὸν
646 1933 676 1959 τὸ
690 1933 802 1968 Πνεῦμα
815 1932 890 1966 παρὰ

100 1977 153 2012 τῆς
169 1977 248 2012 ἁγίας
262 1978 371 2012 Γραφῆς
389 1978 437 2011 (ὡς
453 1977 528 2004 αὐτοί
544 1986 574 2012 γε
590 1977 745 2013 νομίζουσιν
758 1987 765 1993 ι
792 1978 822 2004 οὐ
836 1977 890 2013 γὰρ

101 2023 185 2057 ἡμεῖς
200 2023 402 2058 συντιθέμεθα)·
424 2024 470 2050 καί
483 2032 548 2057 φασι
564 2023 671 2058 φύσεως
694 2024 742 2059 μὲν
759 2021 827 2050 εἶναι
843 2032 890 2058 ση-

104 2066 238 2102 μαντικὴν
260 2067 309 2101 τὴν
331 2067 454 2102 θεότητα,
476 2067 523 2094 τοῦ
547 2067 574 2093 δὲ
597 2068 726 2103 ὀνόματος
740 2067 833 2094 τούτου
852 2067 890 2102 μὴ

939 836 1056 868 fervore,
1080 837 1177 864 idonea
1200 844 1265 864 vasa
1288 841 1370 872 atque
1392 838 1564 871 receptacula
1582 837 1644 863 talis
1666 837 1721 863 vini

939 882 1046 912 fiamus,
1072 890 1161 917 neque
1185 882 1236 918 ipsi
1256 886 1424 916 rumpentes,
1447 890 1534 916 neque
1552 882 1722 908 reconditam

936 932 964 954 et
981 927 1100 954 abditam
1129 928 1157 954 in
1183 928 1263 955 nobis
1280 928 1395 963 gratiam
1417 927 1598 954 eﬂundeutcs.
1625 927 1722 954 Audiri

937 973 1097 1008 scriptorem
1127 972 1298 1000 Psalmorum
1326 973 1359 1000 de
1383 973 1581 1008 praesentibus.
1607 973 1721 1007 opinor,

937 1018 1017 1045 malis
1034 1017 1227 1044 vaticinantem
1245 1024 1278 1044 ac
1294 1017 1483 1052 przedicentem
1497 1025 1504 1049 ;
1524 1017 1591 1044 dicit
1605 1016 1678 1042 enim
1689 1015 1726 1042 de

937 1063 1128 1098 peccatoribus
1152 1063 1195 1090 his
1214 1062 1305 1089 verbis
1323 1071 1330 1088 ε
1346 1062 1498 1088 Abatienati
1513 1066 1573 1088 sunt
1595 1063 1628 1088 ab
1649 1065 1725 1087 utero

936 1112 1103 1142 peccatores,
1137 1111 1162 1133 et
1194 1106 1382 1132 alienaverunt
1407 1113 1424 1131 α
1452 1105 1579 1132 ventre".
1609 1104 1724 1131 Uterum

937 1153 1035 1187 opinor
1061 1159 1155 1179 eorum
1183 1151 1230 1186 qui
1262 1150 1414 1178 secundum
1443 1149 1528 1178 Deum
1555 1154 1723 1183 nascuntur,

937 1197 1087 1225 Ecclesium
1110 1197 1175 1224 dici.
1200 1195 1262 1223 Hac
1286 1196 1359 1223 enim
1383 1195 1410 1222 in
1433 1199 1513 1223 utero
1534 1203 1585 1222 suo
1614 1200 1726 1230 gestans

936 1251 984 1272 eos
996 1244 1043 1279 qui
1059 1243 1092 1270 ad
1107 1242 1301 1278 perfectionem
1320 1243 1346 1268 in
1362 1249 1393 1269 ea
1406 1242 1578 1276 perveniunt,
1596 1242 1622 1268 in
1637 1242 1725 1268 lucem

937 1298 985 1326 per
1011 1290 1090 1317 ﬁdem
1115 1289 1250 1324 producit.
1282 1288 1335 1315 Sed
1361 1293 1519 1323 peccatores
1547 1287 1725 1322 quemadmo-

937 1337 1000 1364 dum
1023 1336 1094 1363 fetus
1108 1335 1222 1364 abortivi
1244 1335 1279 1361 ab
1300 1339 1380 1361 utero
1403 1333 1550 1361 abalienati
1571 1336 1646 1364 sunt,
1663 1337 1690 1360 et
1708 1340 1724 1359 a

937 1390 1002 1410 νθιὈ
1028 1386 1110 1416 atque
1136 1388 1266 1416 germano
1294 1384 1388 1406 ventre
1419 1379 1616 1406 aberraverunt
1641 1387 1646 1404 Ζ
1668 1386 1722 1404 11011

937 1428 1009 1455 enim
1026 1427 1052 1454 in
1070 1430 1195 1454 materno
1207 1427 1269 1452 sinu
1282 1425 1441 1460 gremioque
1457 1424 1537 1451 video
1551 1423 1610 1450 fidei
1628 1423 1723 1450 descr-

938 1477 1022 1504 tores,
1033 1476 1059 1499 et
1068 1473 1111 1498 aio
1121 1471 1289 1507 prophetiam
1300 1472 1334 1498 de
1348 1471 1390 1498 his
1399 1471 1473 1505 loqui
1486 1471 1532 1505 qui
1543 1478 1590 1506 per
1602 1470 1723 1497 fraudem

939 1517 1044 1545 seducti
1071 1521 1174 1550 errant,
1203 1525 1300 1552 nempe
1325 1525 1338 1544 a
1367 1520 1462 1544 ventre
1492 1516 1553 1543 illos
1571 1516 1724 1547 aberrasse,

937 1569 1099 1592 erraverunt
1118 1572 1151 1593 eo
1175 1565 1247 1599 quod
1272 1565 1354 1591 locuti
1378 1569 1442 1591 sunt
1469 1563 1548 1594 falsa,
1566 1563 1655 1590 Furor
1673 1563 1725 1595 eis,

940 1611 1046 1645 inquit,
1071 1611 1105 1636 ad
1133 1610 1336 1637 similitudinem
1363 1610 1436 1636 illius
1462 1609 1643 1643 serpentia“.
1670 1616 1725 1635 non

939 1657 1019 1690 plane
1043 1660 1124 1690 atque
1140 1655 1302 1690 simpliciter
1321 1655 1469 1689 serpentis,
1494 1662 1528 1681 ne
1554 1661 1615 1680 cum
1638 1654 1725 1681 bestia

939 1703 990 1729 hac
1023 1701 1178 1736 comparari
1205 1705 1287 1735 atque
1317 1700 1463 1728 assimilari
1492 1700 1657 1727 videantur:
1676 1699 1724 1726 sed

939 1747 1056 1782 adjectio
1072 1746 1178 1773 articuli
1201 1745 1334 1780 originale
1350 1749 1432 1778 atque
1449 1743 1599 1779 principale
1621 1743 1722 1769 malum

938 1800 988 1828 per
1013 1792 1158 1824 aenigmata
1190 1791 1392 1825 verberumque
1424 1790 1565 1816 involucra
1594 1789 1723 1816 ostendit.

941 1839 993 1865 Sed
1019 1837 1135 1864 fortasse
1154 1844 1208 1863 non
1233 1836 1424 1870 intempestive
1450 1842 1464 1862 a
1488 1835 1567 1862 nobis
1589 1834 1724 1869 Serpentis

939 1890 981 1911 cst
994 1884 1094 1911 mentio
1112 1883 1195 1916 facta,
1215 1883 1248 1910 ad
1271 1881 1474 1916 coarguendam
1493 1889 1540 1908 eos
1554 1881 1600 1915 qui
1626 1885 1726 1909 temere

939 1934 967 1957 et
989 1928 1188 1956 inconsiderate
1212 1928 1345 1955 adversus
1370 1926 1502 1962 Spiritum
1528 1930 1653 1952 sanctum
1686 1925 1727 1951 lo-

940 1981 1072 2011 quuntur.
1090 1975 1224 2008 Quoniam
1247 1973 1320 2001 enim
1340 1973 1412 2000 hanc
1429 1972 1532 1998 firmam
1555 1978 1588 1998 ac,
1609 1971 1726 1997 validam

940 2022 1072 2049 adversus
1095 2021 1228 2056 Spiritum
1246 2024 1374 2047 sanctum
1389 2018 1492 2045 habere
1517 2025 1546 2044 se
1563 2021 1661 2051 putant
1683 2024 1727 2044 re-

941 2065 1246 2103 prehensionem.quotl
1270 2073 1285 2092 a
1311 2070 1406 2092 sancta
1427 2064 1556 2091 nimirum
1585 2063 1725 2097 Scriptura

102 2112 277 2147 ἐπικειμένου
291 2112 330 2147 τῷ
347 2112 495 2147 Πνεύματι,
515 2113 545 2139 τὸ
563 2113 601 2148 μὴ
614 2113 664 2148 τῆς
685 2113 769 2148 αὐτῆς
784 2113 887 2147 φύσεως

943 2113 1061 2148 Spiritus
1080 2115 1192 2139 sant-tus
1217 2119 1270 2138 non
1287 2110 1439 2145 appelletur
1455 2109 1524 2136 Deus
1548 2109 1588 2144 (ut
1605 2107 1726 2142 ipsorum

102 2154 175 2183 εἶναι
186 2156 225 2191 τῷ
242 2157 329 2192 Harp).
351 2158 398 2184 καὶ
415 2158 454 2193 τῷ
473 2157 530 2193 Υίῷ
543 2157 574 2184 τὸ
591 2158 702 2193 Πνεῦμα
720 2158 890 2185 κατασκευά-

103 2202 197 2234 ζουσιν
208 2211 214 2218 ·
231 2202 388 2230 λαϐέτωσαν
407 2203 458 2237 τῆς
479 2204 592 2239 ἀνοήτου
614 2204 703 2231 αὐτῶν
719 2204 891 2239 βλασφημίας

102 2247 149 2274 τὸν
160 2247 224 2282 ὅφιν
237 2248 400 2284 κατήγορον.
424 2249 468 2280 Ὧς
480 2249 533 2284 γὰρ
547 2250 627 2284 ἡμεῖς
642 2258 732 2284 φαμεν
747 2249 787 2276 ὅτι
801 2250 817 2284 ἡ
833 2249 892 2276 θεία

103 2292 186 2327 φύσις
200 2293 284 2328 ὄνομα
310 2293 474 2328 σημαντικὸν
488 2293 504 2329 ἢ
520 2293 569 2320 οὐκ
589 2293 644 2329 ἔχει
668 2294 767 2329 ἑαυτῆς
785 2294 802 2329 ἧ
825 2295 892 2329 ἡμῖν

102 2341 154 2366 οὐκ
179 2339 235 2374 ἔχει
248 2348 256 2355 ⁸
280 2339 337 2365 ἀλλ’
354 2340 381 2366 εί
394 2348 419 2366 τι
435 2341 481 2366 καὶ⁸
496 2340 603 2374 λέγεται
619 2340 673 2366 εἴτε
686 2340 761 2375 παρὰ
775 2340 824 2375 τῆς
845 2341 892 2366 ἀν-

103 2385 245 2420 θρωπίνης
264 2385 417 2419 συνηθείας,
440 2385 495 2411 εἴτε
509 2385 583 2419 παρὰ
600 2385 649 2420 τῆς
671 2385 752 2418 ἁγίας
767 2385 890 2420 Γραῳῆς,

102 2430 158 2456 τῶν
171 2439 195 2457 τι
209 2429 272 2464 περὶ
287 2431 371 2466 αὐτὴν
383 2429 628 2465 ἀποσημανθέντων
644 2430 717 2456 ἐστίν
730 2438 736 2445 ·
753 2429 820 2466 αὑτὴ
834 2429 890 2464 δὲή

104 2476 166 2503 θεία
189 2476 269 2509 φύσις
298 2476 436 2511 ἄφραστός
457 2485 487 2502 τε
511 2476 558 2502 καὶ
588 2476 776 2511 ἀνεκφώνητος
806 2475 891 2510 μένει,

103 2521 304 2555 ὑπερϐαίνουσα
319 2522 412 2548 πᾶσαν
429 2521 478 2556 τὴν
492 2521 536 2547 διὰ
556 2521 647 2556 φωνῆς
664 2521 801 2556 σημασίαν
814 2529 821 2536 ⁸
847 2520 892 2547 εὔ-

104 2575 202 2601 χαιρον
215 2565 291 2602 οἶμαι
306 2566 384 2593 τοῦτο
398 2567 448 2601 τῆς
467 2567 577 2602 Γραῳῆς
593 2567 656 2602 ὑμῖν
677 2566 848 2602 παραθέσθαι
864 2567 893 2593 τὸ

106 2612 200 2647 μέρος,
215 2611 229 2637 ὂ
244 2613 310 2646 πρὸς
323 2612 372 2647 τὴν
387 2612 456 2639 Εὕαν
467 2613 602 2648 διεξῆλθεν
616 2614 630 2639 6
642 2613 713 2647 ὄφις,
733 2613 837 2644 δεικνὺς
853 2614 893 2639 ὅτι

104 2658 135 2683 τὸ
150 2657 200 2692 τῆς
217 2657 342 2693 θεότητος
359 2658 443 2693 ἧνομα
465 2659 513 2693 τῆς
532 2659 663 2693 ὁρατιχῆς
684 2659 822 2694 ἐνεργείας
844 2659 892 2693 τὴν

105 2703 244 2738 σημασίαν
257 2703 323 2737 ἔχει.
341 2703 534 2739 Συμεουλεύων
550 2703 604 2739 γὰρ
629 2703 747 2738 ἅψασθαι
762 2704 816 2729 τῶν
838 2704 891 2730 ἀπ-

159 2794 183 2810 ²⁸
199 2793 250 2821 lsa.
267 2802 305 2826 xx,
320 2795 345 2820 6.

939 2159 1033 2186 saltem
1058 2158 1150 2192 opinio
1166 2156 1218 2184 fert
1235 2166 1241 2183 :
1258 2163 1311 2183 non
1329 2155 1402 2182 enim
1429 2162 1479 2182 nos
1503 2162 1564 2181 cmn
1591 2154 1646 2180 illis
1661 2161 1727 2180 con-

939 2203 1105 2237 cordamus).
1122 2207 1148 2230 et
1163 2203 1239 2229 aiunt
1259 2206 1364 2228 natura
1378 2201 1487 2236 quidem
1504 2199 1726 2235 signiticatricem

940 2258 1001 2278 esse
1020 2257 1114 2277 vorem
1132 2248 1255 2280 deitatis;
1280 2247 1394 2282 etquod
1418 2246 1471 2273 hoc
1493 2253 1591 2273 nomen
1613 2244 1726 2280 Spiritui

941 2298 1036 2323 sancto
1049 2293 1204 2329 impositum
1223 2300 1276 2319 non
1294 2293 1338 2323 sit,
1360 2299 1414 2318 non
1431 2291 1554 2326 ejusdem
1570 2298 1631 2317 cum
1649 2289 1728 2316 Patre

941 2349 972 2368 ac
996 2339 1066 2367 Filio
1085 2344 1192 2366 naturae
1218 2338 1350 2374 Spiritum
1373 2341 1498 2364 sanctum
1522 2343 1584 2363 esse
1611 2335 1727 2371 lingunt,

941 2386 1077 2421 accipiant
1097 2388 1253 2420 serpentem
1273 2384 1350 2411 illmn
1367 2383 1456 2410 stulto!
1474 2389 1530 2410 sua:
1550 2381 1729 2416 vituperatio-

941 2431 985 2458 nis
1008 2437 1040 2457 ac
1064 2429 1262 2456 maledicentite
1276 2433 1487 2456 accusatorem:
1507 2426 1727 2462 quandoquidem

940 2476 1013 2503 enim
1037 2482 1088 2502 nos
1115 2474 1233 2502 dicimus
1256 2474 1378 2500 divinam
1405 2477 1528 2499 naturam
1551 2479 1649 2498 nomen
1673 2478 1729 2505 quo

942 2521 1120 2554 signiﬁcetur,
1147 2524 1194 2546 aut
1220 2527 1274 2546 non
1298 2519 1409 2551 habere,
1433 2522 1479 2544 aut
1504 2518 1582 2544 nobis
1602 2524 1655 2542 non
1676 2517 1726 2542 ha—

941 2567 1022 2599 bere;
1041 2566 1087 2593 sed
1112 2566 1134 2592 si
1152 2565 1223 2600 quod
1242 2564 1324 2591 etiam
1346 2563 1449 2590 dicitur
1470 2563 1527 2589 sive
1548 2570 1563 2588 a
1580 2565 1727 2588 consuetu-

941 2612 1005 2639 dine
1019 2612 1146 2642 lmmana,
1163 2611 1221 2637 sive
1236 2617 1250 2636 a
1268 2614 1365 2637 Sancta
1389 2607 1532 2642 Scriptura
1548 2605 1649 2640 aliquid
1666 2612 1727 2631 esse

941 2666 1035 2684 corum
1042 2665 1101 2692 qua:
1110 2657 1182 2684 circa
1191 2663 1251 2683 eam
1262 2658 1391 2681 notantur
1401 2657 1496 2680 etesse
1505 2651 1726 2678 aninmdvcrtnn-

940 2708 999 2736 tur,
1015 2703 1100 2738 ipsam
1114 2710 1177 2729 vero
1192 2701 1311 2729 divinam
1325 2705 1450 2726 naturam
1470 2696 1688 2731 inexplicabilem
1700 2699 1726 2721 ct

393 2794 502 2822 "Hebr.
515 2802 552 2827 \‘l,
575 2794 616 2821 l5.
636 2795 658 2809 ³⁰
679 2793 747 2820 Psal.
769 2801 833 2825 Lvu,
850 2793 876 2819 4.
915 2793 935 2809 ³⁸
955 2792 1018 2820 ibid.
1038 2793 1065 2818 5.
