1938 3082
227 137 278 163 579

227 194 386 222 memoriam
417 196 577 221 sanctorum
611 191 763 224 initiorum,
792 198 854 225 quae
879 190 1056 220 hominena

229 244 355 275 purgant,
385 248 447 273 quae
473 239 557 266 etiam
589 242 742 273 peccatum,
776 237 849 272 quod
876 236 1019 263 diﬂicnlter

228 285 341 317 eluitur,
370 289 426 312 tum
443 285 477 312 ab
492 284 594 315 anima,
612 288 669 310 tum
695 291 710 309 a
728 290 843 317 corpore
859 283 1020 316 abstergunt

229 335 311 366 atque
333 331 490 366 depellunt:
508 337 569 365 qua:
585 329 649 357 item
665 328 698 356 ad
711 328 854 363 pristinam
869 328 1020 362 pulchritu-

229 377 333 410 dinem,
347 383 429 410 quam
447 375 568 410 optimus
580 374 680 401 artifex
698 374 769 401 Deus
793 373 821 401 in
836 373 915 401 nobis
942 373 1019 400 eﬂin-

230 427 318 453 xcrat,
333 422 478 448 reducunt.
498 420 585 455 Atque
600 420 704 447 ideirco
721 427 770 447 vos
788 419 908 454 quidem,
926 419 972 454 qui
987 426 1020 445 ex

231 468 282 494 hoe
294 468 397 502 popqu
417 467 515 494 initiati
526 467 604 498 estis,
623 467 692 493 bona
711 465 772 492 ﬁdei
787 469 889 492 nostra:
913 463 1019 499 experti

229 513 500 548 convenistis,atque
510 511 646 539 addueitis
655 511 736 538 etiam
743 514 880 545 expertem
891 510 981 537 adhuc
994 512 1022 537 et

231 559 384 593 imperitam
401 559 498 584 harum
518 565 610 585 rerum
640 557 856 588 multitudinem,
888 559 1021 590 tanquam

232 604 295 630 boni
311 607 403 638 patres
418 610 483 630 cura
499 608 579 637 atque
593 602 788 630 conciliatione
814 609 869 629 non
899 601 1021 628 initiatos

232 648 265 674 ad
286 648 431 682 perfectam
446 648 554 683 pietatis
581 647 853 682 comprehensionem
883 646 1022 673 deducen-

233 697 284 720 tes.
307 693 362 728 Ego
378 702 441 721 rem
454 694 576 728 gratulor
590 693 732 728 utrisque:
756 692 871 720 initiatis
899 692 1021 727 quidem,

231 739 304 771 quod
323 747 420 773 magno
433 739 505 766 dono
520 739 598 765 ditati
615 738 702 770 estis;
719 745 772 764 non
797 737 914 764 initiatis
945 745 1021 768 vero,

232 784 304 817 quod
321 785 391 810 bona
407 784 498 810 futura
513 783 641 818 speratis.
652 782 751 818 judieii
767 783 872 810 scilicet
886 787 912 809 et
935 790 1022 817 penna:

233 830 436 860 remissionem,
452 830 623 856 vinculorum
644 829 821 860 solutionem,
849 829 1021 856 conciliatio-

232 882 293 901 nem
307 879 333 901 et
346 875 568 909 conjunctionem
584 883 645 902 cum
659 875 724 907 Deo,
737 874 861 902 Muciam
873 875 1019 910 ingenuam
1037 863 1057 890 Β

231 924 259 947 et
272 920 376 946 aditum
393 921 507 947 liberum
525 921 585 948 loco
600 921 709 948 servilis
727 921 900 953 humilitatis,
928 929 1019 956 parem

231 972 295 991 cum
315 965 416 999 angelis
431 965 543 993 honoris
558 966 754 993 conditionem.
772 965 833 993 llzec
841 965 914 993 cnim
930 966 1020 997 nobis,

233 1017 265 1036 ac
279 1010 301 1036 si
314 1010 379 1044 quid
399 1010 440 1038 his
458 1011 548 1038 simile
566 1015 609 1038 est
633 1019 664 1039 ac
692 1011 781 1045 aliine,
803 1013 904 1039 lavacri
935 1013 1022 1048 gratia

232 1057 348 1090 spondet
373 1060 400 1082 et
426 1057 483 1082 dat.
513 1056 695 1090 Quamobrem
729 1059 791 1086 aliis
816 1059 1021 1094 Scripturarum

233 1101 355 1127 materiis
376 1105 402 1128 et
426 1103 595 1136 argumentis
613 1103 639 1130 in
656 1103 708 1130 alia
726 1108 849 1138 tempora
868 1105 976 1139 rejectis
992 1105 1019 1131 in

232 1146 375 1180 proposito
400 1153 561 1181 argumento
595 1155 816 1182 permaneamus.
840 1157 889 1184 pro
914 1151 1020 1178 viribus

232 1191 425 1218 convenientia
437 1196 520 1227 atque
540 1194 745 1221 accommodata
772 1195 825 1222 dici
850 1195 921 1222 festo
950 1195 1021 1222 dona

847 132 878 159 S.
898 129 1060 159 GRECORII
1082 128 1223 156 NYSSENI

1820 121 1879 153 εει)

1069 189 1100 215 τι)
1119 189 1151 221 ἐξ
1165 189 1250 223 ἀρχῆς
1267 187 1376 218 κάλλος,
1392 188 1461 222 ὅπερ
1476 187 1491 212 ό
1514 186 1706 222 ἁριστοτὲχνης
1730 185 1804 216 Θεὸς
1829 185 1877 218 ἐφ’

1069 235 1135 268 ἡμῖν
1152 233 1329 260 διεπλᾶωω.
1351 233 1406 260 Καὶ
1422 232 1466 259 διὰ
1486 232 1565 259 τοῦτο
1586 231 1600 257 ὁ
1617 232 1722 267 μύστης
1739 231 1831 264 λαὸς,
1851 232 1876 256 cl.

1070 279 1269 314 πεπειραμένοι
1291 278 1346 305 τῶν
1369 279 1483 313 ἀγαθᾶν
1502 279 1552 313 τῆς
1570 278 1706 313 ἡμετέρας
1727 277 1874 306 πίστεως,

1069 325 1231 360 ἡθροίσθητε
1242 334 1248 340 ·
1274 325 1410 359 ἑπάγεσθε
1427 325 1455 351 δὲ
1474 325 1520 351 καὶ
1537 324 1585 351 τὸν
1603 324 1716 359 διειρον
1740 323 1784 349 ἔτι
1798 343 1806 354 ,
1825 319 1874 348 οἷα

1071 371 1187 406 πατέρες
1201 371 1325 406 χρηστοὶ,
1344 371 1444 407 μελέτῃ
1460 371 1506 398 καὶ
1522 372 1688 406 προσαγωγῇ
1702 369 1875 404 ὁδηγοῦντες

1070 416 1134 448 τοὺς
1148 417 1286 452 ἀμυήτους
1309 417 1377 452 πρὶς
1393 417 1444 452 τὴν
1464 417 1570 443 τελείαν
1591 416 1642 450 τῆς
1657 415 1803 446 εύσεὸείας
1819 423 1874 441 κι-

1071 462 1198 497 τὰληψιν.
1222 462 1294 496 Ἐγὼ
1315 462 1344 489 δὲ
1364 462 1530 498 ἀμφοτέροις
1551 462 1718 497 συνήδομαι·
1736 462 1796 492 τοῖς
1819 460 1872 495 μὲν

1071 507 1246 539 τελεσθεῖσιν,
1261 508 1301 534 ὅτι
1318 507 1438 543 μεγάλην
1453 507 1559 542 δωρεὰν
1582 507 1769 542 ἐπλουτήσατε
1784 513 1792 520 ·
1810 506 1872 537 τοῖς

1071 553 1100 580 δὲ
1114 553 1262 588 ἀμυήτοις,
1277 553 1318 580 ὅτι
1333 553 1418 587 καλὴν
1432 553 1595 588 προσδοκίαν
1610 552 1733 584 ἐλπίζετε
1743 572 1751 584 ,
1767 551 1872 586 ἄφεσιν

1072 599 1200 631 εὐθυνῶν,
1222 599 1299 625 λύσιν
1321 598 1438 634 δεσμῶν,
1458 599 1594 625 οίκείωσιν
1611 598 1679 634 πρὸς
1695 598 1775 629 Θεὸν.
1797 599 1872 632 παρ-

1073 646 1170 681 ρησίαν
1187 645 1350 681 ἐλευθέριον,
1367 645 1426 671 ἀντὶ
1441 644 1565 679 δουλικῆς
1578 643 1773 678 ταπεινότητος
1788 643 1871 668 ἰσοτι-

1074 692 1138 727 μίαν
1152 691 1201 727 τὴν
1221 691 1287 726 πρὸς
1302 691 1446 725 ἀγγέλους.
1461 690 1555 716 Ταῦτα
1570 689 1623 725 γὰρ
1638 691 1713 724 ἡμῖν,
1728 689 1777 715 καὶ
1793 688 1822 715 εἴ
1844 697 1870 714 τι

1072 736 1175 768 τούτοις
1188 736 1344 766 ἀκόλουθον.
1361 737 1377 771 ὴ
1391 735 1438 762 τοῦ
1451 735 1564 771 λουτροῦ
1579 735 1659 770 χάρις
1669 735 1806 769 ἐγγυᾶται
1820 735 1870 760 καὶ

1071 781 1173 808 δίδωσι.
1188 781 1233 807 Διὸ
1246 780 1297 812 τάς
1307 779 1390 811 ἄλλας
1402 780 1456 806 τῶν
1471 779 1586 816 Γραφῶν
1602 780 1744 811 ὑποθετεις
1760 779 1869 814 ἑτέροις

1074 827 1180 862 καιροῖς
1198 826 1370 861 ἀναθέμενοι.
1383 825 1421 861 τῷ
1432 825 1604 861 προκειμένῳ
1621 824 1715 860 σκοπῷ
1728 825 1856 860 παραμεί
1864 837 1871 844 -

1071 881 1171 908 νωμεν,
1196 872 1230 899 τὰ
1255 873 1343 899 οἰκεῖα
1359 872 1406 899 καὶ
1430 872 1573 908 πρόσφορα
1596 873 1629 907 τῇ
1647 872 1728 907 ἑορτῇ
1745 871 1871 906 δωροφο-

1073 920 1183 955 ροῦντες
1197 921 1236 951 εἰς
1249 919 1362 954 δύναμιν
1373 927 1380 934 '
1396 919 1472 953 φίλον
1486 919 1541 954 γὰρ
1553 917 1655 954 ἑκάστῃ
1669 917 1828 952 πανηγύρει
1840 917 1870 942 τὸ

1073 967 1149 994 ἴδιον.
1167 966 1245 993 Οὕτω
1270 967 1358 1002 γάμον
1374 966 1423 1001 μὲν
1439 967 1498 997 ταῖς
1514 965 1703 1000 ὲπιθαλαμίοις
1724 965 1808 1000 ᾠδαῖς
1823 965 1868 990 δε-

1075 1012 1203 1048 ξιούμεθα
1214 1021 1221 1028 ·
1233 1013 1325 1039 πένθει
1333 1012 1361 1038 δὲ
1372 1012 1405 1038 τὰ
1414 1012 1596 1048 νενομισμένα
1608 1013 1663 1043 τοῖς
1674 1010 1868 1046 ὲπικηῧ[ε]ίοις

1075 1059 1184 1095 θρήνοις
1192 1059 1365 1094 εἰσφέρομεν·
1376 1059 1405 1084 ἐν
1416 1058 1559 1094 πράγματι
1570 1057 1866 1092 σπουδαιολογούμεθα¹

1074 1105 1103 1131 ὲν
1119 1105 1246 1139 εὐωχίαις
1263 1104 1362 1138 λύομεν
1375 1104 1424 1139 τῆς
1440 1103 1530 1139 ψυχῆς
1544 1103 1574 1130 τὸ
1589 1103 1807 1138 πεπυκνωμένον
1819 1103 1867 1129 καὶ

1074 1149 1199 1177 σύντονον
1210 1157 1216 1164 ’
1231 1149 1347 1176 ἕκαστον
1358 1149 1386 1176 δὲ
1398 1149 1493 1185 καιρὸν
1503 1148 1641 1185 τηροῦμεν
1651 1149 1705 1175 τῶν
1716 1148 1867 1184 ἀλλοτρίων

1074 1196 1283 1223 ἀνεπιθόλωτον.

232 1236 489 1264 οΠυι-ριιιυεςευιιιιι
511 1239 583 1266 enim
610 1244 637 1266 et
669 1241 810 1275 proprium
843 1241 942 1276 cuique
976 1241 1127 1269 celebritati
1145 1247 1252 1276 gratum
1266 1246 1293 1269 et
1314 1245 1456 1276 acceptum
1483 1245 1536 1268 est.
1564 1239 1602 1268 lt:
1627 1240 1738 1276 nuptias
1754 1240 1866 1276 quidem

231 1283 415 1318 rpithalamiis
433 1286 576 1314 cantilenis
592 1287 780 1322 celebramus;
806 1288 880 1316 luctu
909 1297 973 1316 vero
995 1289 1212 1324 l'uncbribusque
1233 1289 1474 1317 lamentationibus
1487 1289 1562 1324 justa
1574 1289 1691 1315 mortuis
1709 1292 1738 1315 et
1751 1287 1865 1314 inferias

230 1331 347 1364 damus;
366 1333 393 1359 in
414 1334 523 1368 negotio
537 1334 610 1361 serio
626 1335 776 1370 loquimur;
794 1336 820 1363 in
835 1336 967 1364 conviviis
992 1337 1206 1364 contractionem
1225 1341 1251 1364 et
1271 1337 1473 1364 contentionem
1501 1336 1584 1363 animi
1601 1336 1745 1368 solvimus,
1770 1342 1866 1361 unum-

230 1377 359 1412 quodque
389 1382 495 1413 tempus
520 1379 555 1406 ab
572 1380 723 1408 alienarunt:
749 1389 838 1409 rerum
861 1382 1023 1409 confusione
1039 1387 1121 1417 atque
1140 1383 1346 1417 perturbatione
1363 1382 1498 1418 integrum
1514 1389 1658 1410 servamus

269 1421 354 1449 Natus
371 1422 455 1457 igitur
474 1427 516 1450 est
531 1423 668 1454 Christus.
685 1425 757 1452 velut
772 1430 836 1453 ante
850 1433 952 1460 paucos
965 1426 1025 1453 dies

231 1467 279 1501 qui
292 1472 356 1494 ante
371 1476 480 1495 omnem
495 1473 633 1500 naturam.
650 1474 704 1496 tant
719 1471 848 1498 seusilem
865 1479 946 1506 quam
967 1471 1024 1506 spi-

232 1513 370 1545 ritualem,
388 1518 469 1540 natus
485 1518 537 1540 est.
562 1513 719 1549 Baptizatur
744 1515 826 1543 hodie
841 1517 876 1544 ab
905 1516 1022 1550 Joanne,

231 1562 261 1585 ut
277 1558 448 1585 sordidatum
462 1562 489 1586 et
503 1560 720 1588 contaminatum
738 1567 912 1597 expurgaret,
939 1563 1021 1598 spiri-

230 1608 344 1639 tumque
361 1613 479 1640 superne
507 1605 665 1638 adduceret,
683 1612 711 1634 et
726 1607 862 1635 hominem
879 1609 906 1636 in
934 1609 1020 1636 rmlos

230 1650 388 1677 extolleret:
404 1655 433 1677 ut
449 1651 543 1686 lapsus
566 1652 728 1687 erigeretur,
755 1657 783 1680 et
798 1654 846 1689 qui
872 1654 1018 1689 dejecerat,

230 1694 444 1722 confunderetur
460 1700 488 1723 et
501 1697 736 1726 dehonestaretur.
762 1699 802 1726 Ac
823 1707 857 1726 ne
877 1700 1020 1728 admireris

230 1739 303 1774 quod
321 1739 375 1766 Deo
393 1748 437 1767 res
453 1745 553 1769 nostra:
567 1747 643 1770 tanto
656 1743 749 1771 studio
764 1751 796 1771 ac
807 1752 881 1772 cura;
897 1745 1018 1777 fuerunt,

231 1789 261 1812 ut
276 1785 358 1811 etiam
374 1786 432 1820 ipse
447 1794 496 1821 per
511 1794 572 1815 sese
589 1787 708 1816 hominis
737 1789 853 1817 salutem
880 1795 1020 1825 priestaret

230 1839 264 1858 ac
278 1836 495 1866 reprarsrntaret.
512 1833 702 1863 Sollicitudine
713 1836 786 1864 enim
797 1837 919 1864 adhibita
936 1839 1020 1864 riuale-

231 1878 299 1904 llcus
317 1879 396 1906 nobis
414 1879 561 1907 insidiatus
576 1884 628 1912 est,
644 1888 706 1908 eum
721 1889 788 1909 cura
804 1883 868 1910 item
886 1883 1018 1910 creatoris

229 1931 383 1951 servantur.
402 1924 491 1959 Atque
509 1925 554 1952 ille
575 1926 685 1960 quidem
713 1927 822 1954 invidus
839 1931 866 1954 et
890 1936 1017 1962 nequam,

231 1977 295 1996 cum
311 1974 455 2004 peccatum
475 1970 608 1999 adversus
625 1979 676 1999 nos
693 1972 890 2007 introduceret,
906 1975 1017 2010 dignum

229 2021 281 2042 suo
297 2016 413 2043 consilio
433 2016 614 2044 velamentum
647 2023 801 2053 serpentem
828 2025 926 2048 nactus
954 2026 1017 2048 est:

231 2061 355 2096 impurus
373 2063 400 2089 in
415 2063 763 2097 similemscseinsinuans,
771 2066 910 2094 voluntate
918 2075 950 2093 ac
961 2072 1019 2094 stu-

231 2106 278 2133 dio
306 2111 432 2134 terrenus
456 2113 483 2135 et
507 2109 702 2137 subterraneus
732 2111 821 2146 replili
848 2112 1015 2140 inhabitans.

230 2151 358 2179 Christus
373 2161 448 2185 vero,
466 2161 527 2180 cum
551 2155 624 2182 illius
642 2155 792 2190 nequitiam
809 2160 837 2183 et
861 2157 1019 2192 improbita-

230 2202 283 2223 tcm
308 2199 467 2233 corrigeret,
496 2200 632 2228 hominem
649 2201 800 2236 perfectum
832 2204 959 2236 assumit,
990 2209 1018 2231 et
1035 2216 1055 2242 ο

229 2247 322 2269 servat
334 2243 482 2275 hominem,
494 2248 520 2271 et
533 2246 655 2272 omnium
671 2247 758 2274 nostri
773 2247 861 2274 forma
876 2253 957 2283 atque
979 2249 1019 2276 li—

230 2296 299 2323 gura
313 2289 432 2321 exsistit,
449 2294 478 2316 ut
492 2291 711 2327 uniuscujusque
738 2294 855 2321 actionis
883 2296 1019 2329 primitias

229 2334 422 2368 sanetdicaret,
436 2341 462 2362 ct
472 2336 591 2363 studium
606 2338 760 2366 traditionis
773 2339 844 2367 haud
861 2341 1018 2376 ambiguum

229 2379 318 2406 servis
348 2380 513 2415 relinqueret
561 2382 697 2417 Baptisma
729 2385 812 2419 igitur
843 2390 1018 2420 peccatorum

229 2426 349 2460 expiatio
364 2430 416 2457 est,
433 2427 560 2454 remissio
574 2427 749 2461 delictorum,
783 2433 970 2458 renovatiouis
993 2438 1020 2459 ct

231 2472 445 2506 regenerationis
492 2480 585 2500 causa.
632 2474 877 2509 Regenerationem
927 2482 1017 2504 autem

229 2516 350 2552 intelligo.
378 2524 437 2544 eam
464 2526 524 2553 qua:
551 2518 718 2554 cogitatione
744 2521 878 2552 cernitur,
929 2523 1018 2550 oculis

229 2571 282 2590 non
325 2563 441 2591 videtur.
480 2563 539 2591 Non
571 2565 643 2592 enim
688 2573 750 2592 vere
787 2567 1016 2601 quemadmodum

229 2608 361 2636 Hebrzeus
423 2609 468 2636 ille
507 2609 670 2637 Nicodcmus
710 2610 787 2643 dixit,
832 2616 913 2646 atque
956 2622 1018 2641 vero

228 2655 349 2682 crassius
377 2655 557 2687 intellexerat,
587 2663 679 2682 senem
707 2657 873 2685 mutabimns
899 2659 926 2685 in
951 2667 1017 2694 pue-

228 2709 310 2734 rum;
337 2708 426 2736 neque
455 2709 584 2736 rugosum
612 2707 638 2728 et
665 2709 763 2729 canum
788 2704 815 2730 ill
844 2710 965 2732 tenerum
990 2711 1017 2733 οι

223 2746 354 2780 juvenem
370 2748 641 2779 transformabimus,
657 2753 704 2775 aut
720 2749 818 2776 iterum
833 2750 972 2778 hominem
988 2753 1015 2778 in

229 2795 337 2818 uterum
354 2792 450 2820 matris
474 2792 648 2824 reducemus,
664 2794 710 2820 sed
732 2801 927 2829 compunctum
945 2797 1016 2823 notis

228 2841 402 2870 peccatorum
426 2842 454 2865 et
470 2838 550 2864 malis
574 2839 697 2867 muribus
720 2840 903 2869 inveteratum
927 2843 1015 2878 gratia

1115 1427 1263 1462 Ἐγεννήθη
1274 1427 1364 1454 τοίνυν
1379 1427 1505 1463 Χριστὸς.
1519 1427 1556 1459 ὡς
1568 1427 1621 1463 πρὸ
1631 1427 1731 1461 ὀλίγων
1741 1427 1864 1463 ἡμερῶν,

1073 1474 1088 1499 ό
1104 1473 1157 1508 πρὸ
1177 1473 1266 1507 πάσης
1280 1473 1374 1502 οὐσίας
1389 1473 1522 1508 αἰσθητῆς
1540 1482 1569 1499 τε
1589 1474 1636 1499 καὶ
1654 1473 1754 1508 νοητῆς
1770 1481 1866 1507 γεννη-

1075 1518 1142 1550 θείς.
1159 1517 1322 1549 Βαπτίζεται
1343 1518 1464 1552 σήμερον
1479 1517 1554 1552 παρὰ
1584 1517 1728 1549 Ἰωάννου,
1752 1517 1796 1543 ἴνα
1819 1517 1865 1543 τὸν

1075 1564 1269 1598 ὲρῤυπωμένον
1280 1563 1453 1598 ἀποκαθάρῃ.
1473 1563 1584 1598 Πνεῦμα
1599 1562 1627 1589 δὲ
1644 1562 1748 1589 ἄνωθεν
1761 1563 1862 1598 άγάγῃ,

1074 1610 1120 1636 καὶ
1134 1609 1179 1635 τὸν
1196 1608 1338 1644 ἄνθρωπον
1353 1609 1394 1640 είς
1412 1609 1542 1644 οὐρανοὺς
1559 1608 1690 1645 άνυψώσῃ
1702 1616 1709 1622 ·
1730 1609 1774 1637 ἱνα
1786 1610 1801 1635 ὀ
1814 1617 1863 1634 πε-

1075 1653 1129 1680 σὼν
1142 1653 1280 1689 διεγερθῇ,
1289 1654 1336 1680 καὶ
1349 1655 1363 1680 ό
1377 1653 1459 1688 ῥίψας
1472 1654 1666 1689 καταισχυνθῇ.
1684 1655 1739 1681 Καὶ
1752 1654 1789 1690 μὴ
1802 1654 1864 1680 θαυς

1076 1700 1174 1735 μάσῃς,
1191 1701 1215 1726 εὶ
1227 1699 1354 1726 τοσοῦτον
1367 1699 1473 1733 ἐγίνετο
1484 1699 1522 1734 τῷ
1536 1699 1596 1734 Θεῷ
1610 1699 1641 1726 τδ
1655 1699 1716 1726 καθ’
1730 1700 1804 1735 ἡμᾶς
1815 1708 1863 1725 πε-

1078 1745 1286 1779 ρισπούδαστον,
1300 1745 1343 1771 ῖνα
1355 1745 1401 1771 καὶ
1411 1745 1586 1781 αὑτουργήσῃ
1596 1744 1642 1771 τοῦ
1656 1744 1799 1780 ἀνθρώπου
1813 1745 1863 1779 τὴν

1074 1791 1221 1826 σωτηρίαν.
1236 1790 1314 1817 Μετὰ
1332 1791 1468 1826 μερίμνης
1480 1791 1534 1826 γάρ
1550 1791 1600 1824 τῆς
1616 1791 1663 1817 τοῦ
1676 1791 1862 1826 κακουργοῦν-

1072 1844 1118 1868 τος
1133 1836 1380 1872 ὲπεῦουλεύθημεν,
1398 1837 1467 1872 μετὰ
1479 1837 1618 1872 φροντίδος
1627 1836 1655 1863 δὲ
1667 1836 1714 1862 τοῦ
1728 1838 1862 1872 Δημιουρ-

1072 1882 1121 1917 γοῦ
1142 1882 1295 1917 σωζόμεθα.
1318 1883 1374 1909 Καὶ
1392 1884 1406 1909 ό
1431 1883 1479 1918 μὲν
1508 1883 1642 1918 μοχθηρὸς
1659 1883 1706 1909 καὶ
1727 1882 1862 1918 βάσκανος

1073 1927 1144 1954 κατὰ
1168 1928 1215 1954 τοῦ
1239 1928 1336 1962 γένους
1354 1929 1433 1964 ἡμῶν
1454 1929 1502 1964 τὴν
1527 1929 1664 1964 ἁμαρτίαν
1680 1930 1859 1965 καινοτομῶ-ι,

1073 1974 1148 2006 ἀξιον
1164 1974 1213 2009 τῆς
1229 1975 1326 2001 ἑαυτοῦ
1346 1975 1458 2011 γνώμης
1470 1975 1655 2011 προκάλυμμα
1668 1975 1714 2002 τὸν
1723 1975 1785 2010 ὅφιν
1800 1976 1860 2002 ἐσύ-

1073 2028 1152 2055 ρετο,
1166 2020 1180 2045 ὁ
1202 2020 1355 2055 ἀκάθαρτος
1371 2020 1409 2055 τῷ
1431 2020 1516 2055 ὁμοίῳ
1538 2020 1701 2047 ἐπεισελθὼν
1712 2040 1719 2052 ,
1736 2022 1750 2047 ό
1770 2022 1860 2057 γήῖνος

1072 2066 1120 2092 καὶ⁸
1141 2065 1246 2100 χθόνιος
1266 2066 1316 2102 τὴν
1335 2067 1494 2102 προαίρεσιν
1515 2067 1658 2101 ἐνοικήσας
1679 2067 1719 2101 τῷ
1743 2067 1856 2102 ἑρπετῷ.

1072 2111 1187 2146 Χριστὸς
1195 2111 1222 2138 δὲ
1232 2112 1246 2138 ὁ
1255 2112 1304 2147 τὴν
1318 2113 1422 2139 ἐκείνου
1434 2113 1566 2148 πονηρίαν
1577 2112 1746 2147 ἐπανορθῶν,
1761 2113 1858 2139 τέλειον

1072 2157 1258 2192 ἀναλαμὸάνει
1271 2158 1316 2184 τὸν
1330 2157 1484 2192 ἄνθρωπον,
1497 2158 1544 2184 καὶ
1558 2158 1638 2190 σώζει
1648 2159 1694 2185 τὸν
1709 2159 1855 2193 ἄνθρωπον,

1073 2203 1238 2237 καὶγίνεται
1260 2204 1369 2231 πάντων
1389 2205 1468 2239 ἡμῶν
1487 2204 1571 2236 τύπος
1587 2205 1633 2231 καὶ
1656 2205 1807 2240 χαρακτὴρ,
1826 2204 1856 2231 ἶν’

1071 2249 1189 2282 ἑκάστης
1205 2248 1329 2282 πράξεως
1346 2249 1447 2284 ἁγιάσῃ
1467 2248 1515 2284 τὴν
1530 2249 1666 2284 ἀπαρχὴν,
1688 2249 1735 2275 καὶ
1751 2249 1796 2274 τὸν
1810 2248 1855 2282 ζῆ-

1071 2293 1115 2320 λον
1131 2293 1180 2328 τῆς
1195 2294 1371 2329 παραδόσεως
1388 2294 1571 2329 άναμιρίϐολον
1584 2293 1721 2329 καταλίπῃ
1734 2295 1789 2325 τοῖς
1800 2293 1855 2320 δοὺ⁴

1070 2341 1135 2372 λοις.
1163 2341 1308 2376 Βάπτισμα
1331 2341 1419 2368 τοίνυν
1442 2342 1515 2367 ἐστὶν
1540 2341 1682 2377 ἁμαρτιῶν
1708 2341 1852 2376 κάθαρσις,

1070 2387 1167 2420 ᾶφεσις
1180 2386 1435 2422 πλημμελημάτων,
1446 2387 1643 2422 άνακαινισμοῦ
1657 2388 1703 2413 καὶ
1716 2388 1856 2422 ἀναγεννή-

1071 2441 1139 2464 σεως
1160 2433 1243 2459 αἰτία.
1266 2433 1455 2468 ’Λναγέννησιν
1474 2433 1502 2460 δὲ
1518 2434 1624 2468 νόησον,
1638 2434 1728 2469 ἐννοίᾳ
1743 2434 1855 2469 θεωρου-

1071 2478 1165 2512 μένην,
1190 2477 1340 2513 ὀφθαλμοῖς
1361 2478 1391 2504 οὺ
1419 2478 1600 2514 βλεπομένην.
1625 2480 1663 2505 υὺ
1693 2479 1748 2514 γὰρ
1776 2479 1855 2510 ὅντως

1074 2524 1143 2550 κατὰ
1158 2524 1205 2550 τὸν
1234 2524 1359 2559 Ἐὅραῐον
1377 2525 1546 2559 Νικόδημον,
1562 2526 1608 2552 καὶ
1622 2525 1672 2559 τὴν
1688 2526 1792 2552 ἐκείνου
1812 2535 1855 2553 τια-

1069 2570 1184 2604 χυτὲραν
1195 2569 1313 2597 διάνοιαν
1322 2570 1368 2596 τὸν
1383 2570 1538 2605 πρεσϐύτην
1554 2570 1734 2606 ὲναλλάξομεν
1747 2573 1785 2603 εἰς
1798 2580 1853 2597 παι-

1068 2614 1139 2641 δίον·
1158 2615 1221 2642 οὕτε
1245 2615 1289 2641 τὸν
1308 2616 1390 2650 ῥυσὸν
1406 2616 1453 2643 καὶ
1472 2616 1676 2651 πεπολιωμένον
1691 2618 1731 2648 είς
1756 2617 1852 2643 ἁπαλὸν

1069 2661 1116 2687 καὶ
1132 2661 1191 2687 νέον
1207 2662 1456 2697 μετασκευάσομεν,
1478 2663 1512 2689 ἂν
1527 2663 1607 2688 πάλιν
1622 2663 1661 2693 εἰς
1675 2662 1726 2697 τὴν
1740 2662 1852 2697 γαστέρα

1069 2708 1117 2741 τῆς
1129 2709 1229 2742 μητρὺς
1238 2708 1284 2734 τὸν
1299 2709 1440 2743 ἄνθρωπον
1455 2710 1625 2743 ἐπανάξομεν
1635 2716 1642 2723 ’
1657 2709 1727 2735 ἀλλὰ
1742 2709 1787 2735 τὴν
1798 2717 1852 2735 κατ-

1068 2755 1225 2788 εστιγμένον
1243 2755 1301 2785 ταῖς
1322 2755 1480 2790 ἁμαρτίαις,
1498 2755 1544 2781 καὶ
1569 2756 1661 2785 κακοῖς
1677 2754 1851 2789 ἐπιτηδεύμα-

1069 2807 1111 2824 σιν
1125 2799 1353 2833 ὲμπαλαιωθέντα
1367 2801 1456 2835 χάριτι
1481 2800 1606 2835 βασιλικῇ
1625 2800 1798 2834 ἐπανάγομεν
1815 2800 1848 2830 εὶς

1067 2844 1097 2869 τὸ
1110 2844 1156 2870 τοῦ
1168 2844 1284 2879 βρέφους
1298 2846 1453 2872 ἀνεύθυνον.
1473 2845 1516 2877 Ὠς
1529 2845 1582 2879 γὰρ
1593 2845 1623 2872 τὸ
1638 2845 1849 2874 εὐθύτοκον.παι-
