  <div class='ocr_page' id='page_1' title='image "/cluster/home/n/w/nwhite01/storage/ocr_20150623/46/njp.32101077772604/342.png"; bbox 0 0 1938 3082; ppageno 0'>
   <div class='ocr_carea' id='block_1_1' title="bbox 91 136 147 167">
    <p class='ocr_par' dir='ltr' id='par_1_1' title="bbox 91 136 147 167">
     <span class='ocr_line' id='line_1_1' title="bbox 91 136 147 167; baseline -0.089 0"><span class='ocrx_word' id='word_1_1' title='bbox 91 136 147 167; x_wconf 67' lang='lat' dir='ltr'><strong>S81</strong></span> 
     </span>
    </p>
   </div>
   <div class='ocr_carea' id='block_1_2' title="bbox 704 127 1116 158">
    <p class='ocr_par' dir='ltr' id='par_1_2' title="bbox 704 127 1116 158">
     <span class='ocr_line' id='line_1_2' title="bbox 704 127 1116 158; baseline -0.007 0"><span class='ocrx_word' id='word_1_2' title='bbox 704 131 738 158; x_wconf 88' lang='lat' dir='ltr'><strong>IN</strong></span> <span class='ocrx_word' id='word_1_3' title='bbox 754 130 953 158; x_wconf 75' lang='lat' dir='ltr'><strong>BAPTISMUM</strong></span> <span class='ocrx_word' id='word_1_4' title='bbox 971 127 1116 157; x_wconf 74' lang='lat' dir='ltr'><strong>CHRISTI.</strong></span> 
     </span>
    </p>
   </div>
   <div class='ocr_carea' id='block_1_3' title="bbox 1690 125 1743 152">
    <p class='ocr_par' dir='ltr' id='par_1_3' title="bbox 1690 125 1743 152">
     <span class='ocr_line' id='line_1_3' title="bbox 1690 125 1743 152; baseline 0 0"><span class='ocrx_word' id='word_1_5' title='bbox 1690 125 1743 152; x_wconf 73' lang='lat'><strong>582</strong></span> 
     </span>
    </p>
   </div>
   <div class='ocr_carea' id='block_1_4' title="bbox 96 186 895 228">
    <p class='ocr_par' dir='ltr' id='par_1_4' title="bbox 96 192 895 228">
     <span class='ocr_line' id='line_1_4' title="bbox 96 192 895 228; baseline -0.003 -7"><span class='ocrx_word' id='word_1_6' title='bbox 96 194 152 221; x_wconf 71' lang='grc' dir='ltr'>δεον</span> <span class='ocrx_word' id='word_1_7' title='bbox 181 193 324 228; x_wconf 70' lang='grc' dir='ltr'>ἐλεύθερόν</span> <span class='ocrx_word' id='word_1_8' title='bbox 350 193 425 219; x_wconf 85' lang='grc' dir='ltr'>ἐστιν</span> <span class='ocrx_word' id='word_1_9' title='bbox 454 192 636 228; x_wconf 76' lang='grc' dir='ltr'><strong>ἐγκλημάτων</strong></span> <span class='ocrx_word' id='word_1_10' title='bbox 664 194 712 219; x_wconf 80' lang='grc' dir='ltr'>καὶ</span> <span class='ocrx_word' id='word_1_11' title='bbox 738 192 895 228; x_wconf 81' lang='grc' dir='ltr'><strong>τιμωριῶν,</strong></span> 
     </span>
    </p>
   </div>
   <div class='ocr_carea' id='block_1_5' title="bbox 949 186 1741 228">
    <p class='ocr_par' dir='ltr' id='par_1_5' title="bbox 949 186 1741 226">
     <span class='ocr_line' id='line_1_5' title="bbox 949 186 1741 226; baseline -0.004 -8"><span class='ocrx_word' id='word_1_12' title='bbox 949 191 1023 226; x_wconf 78' lang='lat' dir='ltr'><strong>regia</strong></span> <span class='ocrx_word' id='word_1_13' title='bbox 1041 198 1074 217; x_wconf 90' lang='lat' dir='ltr'><strong>eo</strong></span> <span class='ocrx_word' id='word_1_14' title='bbox 1096 189 1256 224; x_wconf 74' lang='lat' dir='ltr'><strong>redigimus.</strong></span> <span class='ocrx_word' id='word_1_15' title='bbox 1284 192 1312 214; x_wconf 77' lang='grc' dir='ltr'><strong>ιιι</strong></span> <span class='ocrx_word' id='word_1_16' title='bbox 1329 189 1464 216; x_wconf 82' lang='lat' dir='ltr'><strong>innocens</strong></span> <span class='ocrx_word' id='word_1_17' title='bbox 1485 189 1521 217; x_wconf 90' lang='lat' dir='ltr'><strong>sit</strong></span> <span class='ocrx_word' id='word_1_18' title='bbox 1538 187 1621 214; x_wconf 76' lang='lat' dir='ltr'><strong>sicuti</strong></span> <span class='ocrx_word' id='word_1_19' title='bbox 1637 186 1741 215; x_wconf 79' lang='lat' dir='ltr'><strong>infans.</strong></span> 
     </span>
    </p>
   </div>
   <div class='ocr_carea' id='block_1_6' title="bbox 96 236 893 273">
    <p class='ocr_par' dir='ltr' id='par_1_6' title="bbox 96 236 893 273">
     <span class='ocr_line' id='line_1_6' title="bbox 96 236 893 273; baseline -0.004 -8"><span class='ocrx_word' id='word_1_20' title='bbox 96 238 186 270; x_wconf 78' lang='grc' dir='ltr'>οὕτως</span> <span class='ocrx_word' id='word_1_21' title='bbox 199 238 244 265; x_wconf 63' lang='grc' dir='ltr'>καὶ</span> <span class='ocrx_word' id='word_1_22' title='bbox 253 239 267 264; x_wconf 86' lang='grc' dir='ltr'>ὁ</span> <span class='ocrx_word' id='word_1_23' title='bbox 281 238 330 273; x_wconf 82' lang='grc' dir='ltr'>τῆς</span> <span class='ocrx_word' id='word_1_24' title='bbox 339 237 542 271; x_wconf 74' lang='grc' dir='ltr'>ἁναγεννήσεως</span> <span class='ocrx_word' id='word_1_25' title='bbox 550 238 613 268; x_wconf 81' lang='grc' dir='ltr'>παῖς</span> <span class='ocrx_word' id='word_1_26' title='bbox 627 237 676 263; x_wconf 82' lang='grc' dir='ltr'>οὐκ</span> <span class='ocrx_word' id='word_1_27' title='bbox 683 236 740 272; x_wconf 75' lang='grc' dir='ltr'>ἔχει</span> <span class='ocrx_word' id='word_1_28' title='bbox 751 246 783 263; x_wconf 80' lang='grc' dir='ltr'>πε</span> <span class='ocrx_word' id='word_1_29' title='bbox 789 237 814 272; x_wconf 79' lang='grc' dir='ltr'>ρὶ</span> <span class='ocrx_word' id='word_1_30' title='bbox 820 237 893 268; x_wconf 79' lang='grc' dir='ltr'>τίνος</span> 
     </span>
    </p>
   </div>
   <div class='ocr_carea' id='block_1_7' title="bbox 97 282 891 318">
    <p class='ocr_par' dir='ltr' id='par_1_7' title="bbox 97 282 891 318">
     <span class='ocr_line' id='line_1_7' title="bbox 97 282 891 318; baseline -0.003 -8"><span class='ocrx_word' id='word_1_31' title='bbox 97 284 310 318; x_wconf 70' lang='grc' dir='ltr'><strong>ἀπολογήσεται,</strong></span> <span class='ocrx_word' id='word_1_32' title='bbox 323 283 451 318; x_wconf 78' lang='grc' dir='ltr'>βασιλικῇ</span> <span class='ocrx_word' id='word_1_33' title='bbox 464 283 552 318; x_wconf 82' lang='grc' dir='ltr'><strong>δωρεᾷ</strong></span> <span class='ocrx_word' id='word_1_34' title='bbox 565 282 620 309; x_wconf 83' lang='grc' dir='ltr'>τῶν</span> <span class='ocrx_word' id='word_1_35' title='bbox 639 283 760 309; x_wconf 83' lang='grc' dir='ltr'>εὐθυνῶν</span> <span class='ocrx_word' id='word_1_36' title='bbox 770 282 891 317; x_wconf 79' lang='grc' dir='ltr'>ἀφεθείς,</span> 
     </span>
    </p>
   </div>
   <div class='ocr_carea' id='block_1_8' title="bbox 98 326 893 364">
    <p class='ocr_par' dir='ltr' id='par_1_8' title="bbox 98 326 893 364">
     <span class='ocr_line' id='line_1_8' title="bbox 98 326 893 364; baseline -0.001 -9"><span class='ocrx_word' id='word_1_37' title='bbox 98 328 208 364; x_wconf 73' lang='grc' dir='ltr'>Ταύτην</span> <span class='ocrx_word' id='word_1_38' title='bbox 219 329 247 355; x_wconf 81' lang='grc' dir='ltr'>δὲ</span> <span class='ocrx_word' id='word_1_39' title='bbox 258 329 309 363; x_wconf 84' lang='grc' dir='ltr'><strong>τὴν</strong></span> <span class='ocrx_word' id='word_1_40' title='bbox 329 329 490 363; x_wconf 83' lang='grc' dir='ltr'>εὐεργεσίαν</span> <span class='ocrx_word' id='word_1_41' title='bbox 508 328 539 354; x_wconf 87' lang='grc' dir='ltr'>οὑ</span> <span class='ocrx_word' id='word_1_42' title='bbox 558 328 587 354; x_wconf 88' lang='grc' dir='ltr'><strong>τὺ</strong></span> <span class='ocrx_word' id='word_1_43' title='bbox 603 327 675 364; x_wconf 81' lang='grc' dir='ltr'>ὕδωρ</span> <span class='ocrx_word' id='word_1_44' title='bbox 687 327 829 364; x_wconf 76' lang='grc' dir='ltr'>χαρίζεται</span> <span class='ocrx_word' id='word_1_45' title='bbox 843 326 893 363; x_wconf 80' lang='grc' dir='ltr'><strong>(ἦν</strong></span> 
     </span>
    </p>
   </div>
   <div class='ocr_carea' id='block_1_9' title="bbox 96 373 891 410">
    <p class='ocr_par' dir='ltr' id='par_1_9' title="bbox 96 373 891 410">
     <span class='ocr_line' id='line_1_9' title="bbox 96 373 891 410; baseline 0 -10"><span class='ocrx_word' id='word_1_46' title='bbox 96 375 152 410; x_wconf 69' lang='grc' dir='ltr'><strong>γὰρ</strong></span> <span class='ocrx_word' id='word_1_47' title='bbox 173 375 207 400; x_wconf 80' lang='grc' dir='ltr'>ἂν</span> <span class='ocrx_word' id='word_1_48' title='bbox 224 374 314 410; x_wconf 82' lang='grc' dir='ltr'>πάσης</span> <span class='ocrx_word' id='word_1_49' title='bbox 331 374 382 408; x_wconf 78' lang='grc' dir='ltr'>τῆς</span> <span class='ocrx_word' id='word_1_50' title='bbox 399 373 514 405; x_wconf 80' lang='grc' dir='ltr'><strong>κτίσεως</strong></span> <span class='ocrx_word' id='word_1_51' title='bbox 536 373 722 410; x_wconf 73' lang='grc' dir='ltr'><strong>ὑψηλότερον),</strong></span> <span class='ocrx_word' id='word_1_52' title='bbox 743 374 810 401; x_wconf 84' lang='grc' dir='ltr'>ἀλλὰ</span> <span class='ocrx_word' id='word_1_53' title='bbox 824 373 891 400; x_wconf 82' lang='grc' dir='ltr'>Θεοῦ</span> 
     </span>
    </p>
   </div>
   <div class='ocr_carea' id='block_1_10' title="bbox 97 418 893 455">
    <p class='ocr_par' dir='ltr' id='par_1_10' title="bbox 97 418 893 455">
     <span class='ocr_line' id='line_1_10' title="bbox 97 418 893 455; baseline -0.003 -9"><span class='ocrx_word' id='word_1_54' title='bbox 97 421 265 455; x_wconf 76' lang='grc' dir='ltr'>πρόσταγμα</span> <span class='ocrx_word' id='word_1_55' title='bbox 276 439 283 450; x_wconf 86' lang='grc'><strong>,</strong></span> <span class='ocrx_word' id='word_1_56' title='bbox 300 419 347 446; x_wconf 73' lang='grc' dir='ltr'>καὶ</span> <span class='ocrx_word' id='word_1_57' title='bbox 361 420 378 454; x_wconf 85' lang='grc' dir='ltr'><strong>ἡ</strong></span> <span class='ocrx_word' id='word_1_58' title='bbox 391 418 439 445; x_wconf 85' lang='grc' dir='ltr'><strong>τοῦ</strong></span> <span class='ocrx_word' id='word_1_59' title='bbox 459 418 615 454; x_wconf 71' lang='grc' dir='ltr'>Πνεῦματος</span> <span class='ocrx_word' id='word_1_60' title='bbox 629 419 803 453; x_wconf 67' lang='grc' dir='ltr'><strong>ἐπιφοίτησις</strong></span> <span class='ocrx_word' id='word_1_61' title='bbox 814 438 822 450; x_wconf 91' lang='grc'><strong>,</strong></span> <span class='ocrx_word' id='word_1_62' title='bbox 845 426 893 453; x_wconf 79' lang='grc' dir='ltr'>μυ-</span> 
     </span>
    </p>
   </div>
   <div class='ocr_carea' id='block_1_11' title="bbox 97 463 890 500">
    <p class='ocr_par' dir='ltr' id='par_1_11' title="bbox 97 463 890 500">
     <span class='ocr_line' id='line_1_11' title="bbox 97 463 890 500; baseline -0.001 -9"><span class='ocrx_word' id='word_1_63' title='bbox 97 465 200 496; x_wconf 79' lang='grc' dir='ltr'>στικῶς</span> <span class='ocrx_word' id='word_1_64' title='bbox 233 465 367 500; x_wconf 76' lang='grc' dir='ltr'><strong>ἐρχομένη</strong></span> <span class='ocrx_word' id='word_1_65' title='bbox 394 464 462 499; x_wconf 78' lang='grc' dir='ltr'>πρὸς</span> <span class='ocrx_word' id='word_1_66' title='bbox 487 464 536 500; x_wconf 81' lang='grc' dir='ltr'>τὴν</span> <span class='ocrx_word' id='word_1_67' title='bbox 561 464 698 500; x_wconf 77' lang='grc' dir='ltr'><strong>ἡμετέραν</strong></span> <span class='ocrx_word' id='word_1_68' title='bbox 724 463 890 499; x_wconf 73' lang='grc' dir='ltr'><strong>ἐλευθερίαν.</strong></span> 
     </span>
    </p>
   </div>
   <div class='ocr_carea' id='block_1_12' title="bbox 98 509 890 546">
    <p class='ocr_par' dir='ltr' id='par_1_12' title="bbox 98 509 890 546">
     <span class='ocr_line' id='line_1_12' title="bbox 98 509 890 546; baseline 0 -10"><span class='ocrx_word' id='word_1_69' title='bbox 98 510 192 546; x_wconf 80' lang='grc' dir='ltr'>’Ύδωρ</span> <span class='ocrx_word' id='word_1_70' title='bbox 214 510 241 536; x_wconf 80' lang='grc' dir='ltr'>δὲ</span> <span class='ocrx_word' id='word_1_71' title='bbox 260 511 391 545; x_wconf 73' lang='grc' dir='ltr'>ὑπηρετεί</span> <span class='ocrx_word' id='word_1_72' title='bbox 417 510 485 545; x_wconf 77' lang='grc' dir='ltr'>πρὸς</span> <span class='ocrx_word' id='word_1_73' title='bbox 509 509 620 543; x_wconf 71' lang='grc' dir='ltr'>ἔνδειξιν</span> <span class='ocrx_word' id='word_1_74' title='bbox 644 511 694 545; x_wconf 72' lang='grc' dir='ltr'>τῆς</span> <span class='ocrx_word' id='word_1_75' title='bbox 720 510 890 545; x_wconf 73' lang='grc' dir='ltr'>καθάρσεως.</span> 
     </span>
    </p>
   </div>
   <div class='ocr_carea' id='block_1_13' title="bbox 103 555 892 591">
    <p class='ocr_par' dir='ltr' id='par_1_13' title="bbox 103 555 892 591">
     <span class='ocr_line' id='line_1_13' title="bbox 103 555 892 591; baseline -0.001 -9"><span class='ocrx_word' id='word_1_76' title='bbox 103 555 215 591; x_wconf 82' lang='grc' dir='ltr'>Ἐπειδὴ</span> <span class='ocrx_word' id='word_1_77' title='bbox 227 555 280 590; x_wconf 82' lang='grc' dir='ltr'><strong>γὰρ</strong></span> <span class='ocrx_word' id='word_1_78' title='bbox 297 555 431 590; x_wconf 74' lang='grc' dir='ltr'>εἰώθαμεν</span> <span class='ocrx_word' id='word_1_79' title='bbox 448 556 527 591; x_wconf 76' lang='grc' dir='ltr'><strong>ῥύπῳ</strong></span> <span class='ocrx_word' id='word_1_80' title='bbox 549 556 596 582; x_wconf 71' lang='grc' dir='ltr'>καὶ</span> <span class='ocrx_word' id='word_1_81' title='bbox 617 555 740 590; x_wconf 78' lang='grc' dir='ltr'>βορῦόρῳ</span> <span class='ocrx_word' id='word_1_82' title='bbox 759 555 790 581; x_wconf 85' lang='grc' dir='ltr'>τὸ</span> <span class='ocrx_word' id='word_1_83' title='bbox 812 555 892 590; x_wconf 83' lang='grc' dir='ltr'>σῶμα</span> 
     </span>
    </p>
   </div>
   <div class='ocr_carea' id='block_1_14' title="bbox 95 600 890 636">
    <p class='ocr_par' dir='ltr' id='par_1_14' title="bbox 95 600 890 636">
     <span class='ocr_line' id='line_1_14' title="bbox 95 600 890 636; baseline -0.001 -8"><span class='ocrx_word' id='word_1_84' title='bbox 95 601 280 636; x_wconf 75' lang='grc' dir='ltr'>καθυϐρισθὲν</span> <span class='ocrx_word' id='word_1_85' title='bbox 303 600 379 627; x_wconf 76' lang='grc' dir='ltr'>ὕδατι</span> <span class='ocrx_word' id='word_1_86' title='bbox 410 601 549 632; x_wconf 83' lang='grc' dir='ltr'>νίπτοντες</span> <span class='ocrx_word' id='word_1_87' title='bbox 572 601 693 636; x_wconf 75' lang='grc' dir='ltr'>καθαρὸν</span> <span class='ocrx_word' id='word_1_88' title='bbox 712 601 890 636; x_wconf 79' lang='grc' dir='ltr'>ἀποφαίνειν.</span> 
     </span>
    </p>
   </div>
   <div class='ocr_carea' id='block_1_15' title="bbox 95 636 891 683">
    <p class='ocr_par' dir='ltr' id='par_1_15' title="bbox 95 647 891 683">
     <span class='ocr_line' id='line_1_15' title="bbox 95 647 891 683; baseline -0.001 -9"><span class='ocrx_word' id='word_1_89' title='bbox 95 647 141 674; x_wconf 71' lang='grc' dir='ltr'><strong>διὰ</strong></span> <span class='ocrx_word' id='word_1_90' title='bbox 155 647 235 674; x_wconf 84' lang='grc' dir='ltr'>τοῦτο</span> <span class='ocrx_word' id='word_1_91' title='bbox 254 648 302 674; x_wconf 73' lang='grc' dir='ltr'>καὶ</span> <span class='ocrx_word' id='word_1_92' title='bbox 316 647 362 673; x_wconf 76' lang='grc' dir='ltr'><strong>ἐπὶ</strong></span> <span class='ocrx_word' id='word_1_93' title='bbox 375 647 424 682; x_wconf 74' lang='grc' dir='ltr'>τῆς</span> <span class='ocrx_word' id='word_1_94' title='bbox 443 648 576 683; x_wconf 75' lang='grc' dir='ltr'><strong>μυστικῆς</strong></span> <span class='ocrx_word' id='word_1_95' title='bbox 588 647 714 682; x_wconf 76' lang='grc' dir='ltr'>πράξεως</span> <span class='ocrx_word' id='word_1_96' title='bbox 727 647 794 673; x_wconf 79' lang='grc' dir='ltr'>αὐτὸ</span> <span class='ocrx_word' id='word_1_97' title='bbox 806 656 891 682; x_wconf 87' lang='grc' dir='ltr'>προσ-</span> 
     </span>
    </p>
   </div>
   <div class='ocr_carea' id='block_1_16' title="bbox 95 692 892 728">
    <p class='ocr_par' dir='ltr' id='par_1_16' title="bbox 95 692 892 728">
     <span class='ocr_line' id='line_1_16' title="bbox 95 692 892 728; baseline 0 -8"><span class='ocrx_word' id='word_1_98' title='bbox 95 693 290 728; x_wconf 75' lang='grc' dir='ltr'>λαμϐάνομεν,</span> <span class='ocrx_word' id='word_1_99' title='bbox 311 693 350 728; x_wconf 84' lang='grc' dir='ltr'>τῷ</span> <span class='ocrx_word' id='word_1_100' title='bbox 371 693 491 728; x_wconf 82' lang='grc' dir='ltr'>αἰσθητῷ</span> <span class='ocrx_word' id='word_1_101' title='bbox 508 693 651 728; x_wconf 85' lang='grc' dir='ltr'>πράγματι</span> <span class='ocrx_word' id='word_1_102' title='bbox 671 694 720 728; x_wconf 85' lang='grc' dir='ltr'>τὴν</span> <span class='ocrx_word' id='word_1_103' title='bbox 746 692 892 728; x_wconf 87' lang='grc' dir='ltr'>ἀσώματον</span> 
     </span>
    </p>
   </div>
   <div class='ocr_carea' id='block_1_17' title="bbox 94 738 891 774">
    <p class='ocr_par' dir='ltr' id='par_1_17' title="bbox 94 738 891 774">
     <span class='ocr_line' id='line_1_17' title="bbox 94 738 891 774; baseline -0.003 -8"><span class='ocrx_word' id='word_1_104' title='bbox 94 739 242 774; x_wconf 72' lang='grc' dir='ltr'><strong>δηλοῦντες</strong></span> <span class='ocrx_word' id='word_1_105' title='bbox 257 739 448 774; x_wconf 83' lang='grc' dir='ltr'>λαμπρότητα.</span> <span class='ocrx_word' id='word_1_106' title='bbox 463 738 572 766; x_wconf 76' lang='grc' dir='ltr'>Μᾶλλον</span> <span class='ocrx_word' id='word_1_107' title='bbox 586 739 625 770; x_wconf 86' lang='grc' dir='ltr'>δὲ,</span> <span class='ocrx_word' id='word_1_108' title='bbox 645 739 669 764; x_wconf 89' lang='grc' dir='ltr'><strong>εί</strong></span> <span class='ocrx_word' id='word_1_109' title='bbox 683 738 766 769; x_wconf 86' lang='grc' dir='ltr'>δοκεῖ,</span> <span class='ocrx_word' id='word_1_110' title='bbox 787 739 833 765; x_wconf 82' lang='grc' dir='ltr'>καὶ</span> <span class='ocrx_word' id='word_1_111' title='bbox 846 739 891 764; x_wconf 90' lang='grc' dir='ltr'>λε-</span> 
     </span>
    </p>
   </div>
   <div class='ocr_carea' id='block_1_18' title="bbox 96 783 890 822">
    <p class='ocr_par' dir='ltr' id='par_1_18' title="bbox 96 783 890 822">
     <span class='ocr_line' id='line_1_18' title="bbox 96 783 890 822; baseline -0.003 -10"><span class='ocrx_word' id='word_1_112' title='bbox 96 786 231 822; x_wconf 80' lang='grc' dir='ltr'>πτότερον</span> <span class='ocrx_word' id='word_1_113' title='bbox 254 786 541 821; x_wconf 86' lang='grc' dir='ltr'>προσκαρτερήσωμεν</span> <span class='ocrx_word' id='word_1_114' title='bbox 561 786 596 820; x_wconf 80' lang='grc' dir='ltr'>τῇ</span> <span class='ocrx_word' id='word_1_115' title='bbox 621 784 685 819; x_wconf 77' lang='grc' dir='ltr'>περὶ</span> <span class='ocrx_word' id='word_1_116' title='bbox 705 783 752 811; x_wconf 87' lang='grc' dir='ltr'><strong>τοῦ</strong></span> <span class='ocrx_word' id='word_1_117' title='bbox 777 784 890 820; x_wconf 81' lang='grc' dir='ltr'>λουτροῦ</span> 
     </span>
    </p>
   </div>
   <div class='ocr_carea' id='block_1_19' title="bbox 97 829 892 868">
    <p class='ocr_par' dir='ltr' id='par_1_19' title="bbox 97 829 892 868">
     <span class='ocr_line' id='line_1_19' title="bbox 97 829 892 868; baseline -0.003 -9"><span class='ocrx_word' id='word_1_118' title='bbox 97 833 233 868; x_wconf 77' lang='grc' dir='ltr'>ζητήσει,</span> <span class='ocrx_word' id='word_1_119' title='bbox 249 829 304 859; x_wconf 78' lang='grc' dir='ltr'>οἷον</span> <span class='ocrx_word' id='word_1_120' title='bbox 320 832 351 858; x_wconf 85' lang='grc' dir='ltr'>ὲκ</span> <span class='ocrx_word' id='word_1_121' title='bbox 367 831 458 867; x_wconf 78' lang='grc' dir='ltr'>πηγῆς</span> <span class='ocrx_word' id='word_1_122' title='bbox 472 839 544 863; x_wconf 77' lang='grc' dir='ltr'>τινος</span> <span class='ocrx_word' id='word_1_123' title='bbox 563 831 712 866; x_wconf 80' lang='grc' dir='ltr'>ἀρξάμενοι</span> <span class='ocrx_word' id='word_1_124' title='bbox 730 830 777 857; x_wconf 86' lang='grc' dir='ltr'><strong>τοῦ</strong></span> <span class='ocrx_word' id='word_1_125' title='bbox 794 831 892 866; x_wconf 85' lang='grc' dir='ltr'>Γραφι-</span> 
     </span>
    </p>
   </div>
   <div class='ocr_carea' id='block_1_20' title="bbox 950 234 1744 268">
    <p class='ocr_par' dir='ltr' id='par_1_20' title="bbox 950 234 1744 268">
     <span class='ocr_line' id='line_1_20' title="bbox 950 234 1744 268; baseline -0.004 -5"><span class='ocrx_word' id='word_1_126' title='bbox 950 236 984 263; x_wconf 87' lang='lat' dir='ltr'><strong>Ut</strong></span> <span class='ocrx_word' id='word_1_127' title='bbox 996 236 1069 263; x_wconf 90' lang='lat' dir='ltr'><strong>enim</strong></span> <span class='ocrx_word' id='word_1_128' title='bbox 1086 235 1168 262; x_wconf 85' lang='lat' dir='ltr'><strong>modo</strong></span> <span class='ocrx_word' id='word_1_129' title='bbox 1183 239 1264 261; x_wconf 79' lang='lat' dir='ltr'><strong>natus</strong></span> <span class='ocrx_word' id='word_1_130' title='bbox 1278 234 1384 268; x_wconf 77' lang='lat' dir='ltr'><strong>puellus</strong></span> <span class='ocrx_word' id='word_1_131' title='bbox 1401 242 1415 260; x_wconf 88' lang='lat' dir='ltr'><strong>a</strong></span> <span class='ocrx_word' id='word_1_132' title='bbox 1432 234 1596 261; x_wconf 84' lang='lat' dir='ltr'><strong>criminibus</strong></span> <span class='ocrx_word' id='word_1_133' title='bbox 1611 238 1637 261; x_wconf 90' lang='lat' dir='ltr'><strong>et</strong></span> <span class='ocrx_word' id='word_1_134' title='bbox 1652 234 1744 268; x_wconf 64' lang='lat' dir='ltr'><strong>pactis</strong></span> 
     </span>
    </p>
   </div>
   <div class='ocr_carea' id='block_1_21' title="bbox 948 279 1740 316">
    <p class='ocr_par' dir='ltr' id='par_1_21' title="bbox 948 279 1740 316">
     <span class='ocr_line' id='line_1_21' title="bbox 948 279 1740 316; baseline -0.003 -8"><span class='ocrx_word' id='word_1_135' title='bbox 948 282 1017 308; x_wconf 85' lang='lat' dir='ltr'><strong>liber</strong></span> <span class='ocrx_word' id='word_1_136' title='bbox 1033 285 1086 313; x_wconf 81' lang='lat' dir='ltr'><strong>est,</strong></span> <span class='ocrx_word' id='word_1_137' title='bbox 1102 281 1139 308; x_wconf 86' lang='lat' dir='ltr'><strong>ita</strong></span> <span class='ocrx_word' id='word_1_138' title='bbox 1154 280 1237 308; x_wconf 86' lang='lat' dir='ltr'><strong>etiam</strong></span> <span class='ocrx_word' id='word_1_139' title='bbox 1254 281 1471 315; x_wconf 75' lang='lat' dir='ltr'><strong>regenerationis</strong></span> <span class='ocrx_word' id='word_1_140' title='bbox 1486 288 1555 316; x_wconf 77' lang='lat' dir='ltr'><strong>puer</strong></span> <span class='ocrx_word' id='word_1_141' title='bbox 1569 287 1624 307; x_wconf 74' lang='lat' dir='ltr'><strong>non</strong></span> <span class='ocrx_word' id='word_1_142' title='bbox 1637 279 1721 307; x_wconf 70' lang='lat' dir='ltr'><strong>habet</strong></span> <span class='ocrx_word' id='word_1_143' title='bbox 1732 298 1740 310; x_wconf 87' lang='lat'><strong>,</strong></span> 
     </span>
    </p>
   </div>
   <div class='ocr_carea' id='block_1_22' title="bbox 946 325 1742 362">
    <p class='ocr_par' dir='ltr' id='par_1_22' title="bbox 946 325 1742 362">
     <span class='ocr_line' id='line_1_22' title="bbox 946 325 1742 362; baseline -0.005 -7"><span class='ocrx_word' id='word_1_144' title='bbox 946 328 1028 362; x_wconf 82' lang='lat' dir='ltr'><strong>cujus</strong></span> <span class='ocrx_word' id='word_1_145' title='bbox 1055 327 1166 354; x_wconf 86' lang='lat' dir='ltr'><strong>nomine</strong></span> <span class='ocrx_word' id='word_1_146' title='bbox 1190 333 1303 352; x_wconf 87' lang='lat' dir='ltr'><strong>causam</strong></span> <span class='ocrx_word' id='word_1_147' title='bbox 1332 325 1416 357; x_wconf 77' lang='lat' dir='ltr'><strong>dicat,</strong></span> <span class='ocrx_word' id='word_1_148' title='bbox 1441 331 1471 352; x_wconf 79' lang='lat' dir='ltr'><strong>ut</strong></span> <span class='ocrx_word' id='word_1_149' title='bbox 1494 327 1540 361; x_wconf 85' lang='lat' dir='ltr'><strong>qui</strong></span> <span class='ocrx_word' id='word_1_150' title='bbox 1569 325 1644 361; x_wconf 78' lang='lat' dir='ltr'><strong>regio</strong></span> <span class='ocrx_word' id='word_1_151' title='bbox 1669 326 1742 352; x_wconf 73' lang='lat' dir='ltr'><strong>dono</strong></span> 
     </span>
    </p>
   </div>
   <div class='ocr_carea' id='block_1_23' title="bbox 946 371 1741 406">
    <p class='ocr_par' dir='ltr' id='par_1_23' title="bbox 946 371 1741 406">
     <span class='ocr_line' id='line_1_23' title="bbox 946 371 1741 406; baseline -0.003 -6"><span class='ocrx_word' id='word_1_152' title='bbox 946 381 1038 400; x_wconf 74' lang='lat' dir='ltr'><strong>causae</strong></span> <span class='ocrx_word' id='word_1_153' title='bbox 1064 372 1179 399; x_wconf 81' lang='lat' dir='ltr'><strong>dictioni</strong></span> <span class='ocrx_word' id='word_1_154' title='bbox 1204 376 1368 406; x_wconf 82' lang='lat' dir='ltr'><strong>exemptus.</strong></span> <span class='ocrx_word' id='word_1_155' title='bbox 1397 375 1425 398; x_wconf 84' lang='lat' dir='ltr'><strong>et</strong></span> <span class='ocrx_word' id='word_1_156' title='bbox 1450 379 1465 398; x_wconf 93' lang='lat' dir='ltr'><strong>a</strong></span> <span class='ocrx_word' id='word_1_157' title='bbox 1496 372 1649 398; x_wconf 74' lang='lat' dir='ltr'><strong>rationibus</strong></span> <span class='ocrx_word' id='word_1_158' title='bbox 1679 371 1741 398; x_wconf 77' lang='lat' dir='ltr'><strong>vita:</strong></span> 
     </span>
    </p>
   </div>
   <div class='ocr_carea' id='block_1_24' title="bbox 946 416 1740 445">
    <p class='ocr_par' dir='ltr' id='par_1_24' title="bbox 946 416 1740 445">
     <span class='ocr_line' id='line_1_24' title="bbox 946 416 1740 445; baseline -0.003 0"><span class='ocrx_word' id='word_1_159' title='bbox 946 418 1093 445; x_wconf 79' lang='lat' dir='ltr'><strong>reddendis</strong></span> <span class='ocrx_word' id='word_1_160' title='bbox 1112 418 1243 444; x_wconf 88' lang='lat' dir='ltr'><strong>liberatus</strong></span> <span class='ocrx_word' id='word_1_161' title='bbox 1262 418 1308 443; x_wconf 90' lang='lat' dir='ltr'><strong>sit.</strong></span> <span class='ocrx_word' id='word_1_162' title='bbox 1328 416 1383 443; x_wconf 88' lang='lat' dir='ltr'><strong>Iloc</strong></span> <span class='ocrx_word' id='word_1_163' title='bbox 1398 421 1488 443; x_wconf 84' lang='lat' dir='ltr'><strong>autem</strong></span> <span class='ocrx_word' id='word_1_164' title='bbox 1503 417 1665 444; x_wconf 81' lang='lat' dir='ltr'><strong>beneﬁcium</strong></span> <span class='ocrx_word' id='word_1_165' title='bbox 1684 424 1740 443; x_wconf 89' lang='lat' dir='ltr'><strong>non</strong></span> 
     </span>
    </p>
   </div>
   <div class='ocr_carea' id='block_1_25' title="bbox 946 463 1739 499">
    <p class='ocr_par' dir='ltr' id='par_1_25' title="bbox 946 463 1739 499">
     <span class='ocr_line' id='line_1_25' title="bbox 946 463 1739 499; baseline -0.001 -9"><span class='ocrx_word' id='word_1_166' title='bbox 946 471 1018 499; x_wconf 86' lang='lat' dir='ltr'><strong>aqua</strong></span> <span class='ocrx_word' id='word_1_167' title='bbox 1029 464 1149 499; x_wconf 78' lang='lat' dir='ltr'><strong>largitur</strong></span> <span class='ocrx_word' id='word_1_168' title='bbox 1165 464 1247 499; x_wconf 71' lang='lat' dir='ltr'><strong>(esset</strong></span> <span class='ocrx_word' id='word_1_169' title='bbox 1263 464 1336 490; x_wconf 89' lang='lat' dir='ltr'><strong>enim</strong></span> <span class='ocrx_word' id='word_1_170' title='bbox 1350 463 1424 490; x_wconf 92' lang='lat' dir='ltr'><strong>omni</strong></span> <span class='ocrx_word' id='word_1_171' title='bbox 1443 467 1571 490; x_wconf 85' lang='lat' dir='ltr'><strong>creatura</strong></span> <span class='ocrx_word' id='word_1_172' title='bbox 1583 463 1739 497; x_wconf 82' lang='lat' dir='ltr'><strong>sublimior)</strong></span> 
     </span>
    </p>
   </div>
   <div class='ocr_carea' id='block_1_26' title="bbox 946 509 1739 544">
    <p class='ocr_par' dir='ltr' id='par_1_26' title="bbox 946 509 1739 544">
     <span class='ocr_line' id='line_1_26' title="bbox 946 509 1739 544; baseline -0.004 -7"><span class='ocrx_word' id='word_1_173' title='bbox 946 510 993 538; x_wconf 84' lang='lat' dir='ltr'><strong>sed</strong></span> <span class='ocrx_word' id='word_1_174' title='bbox 1019 509 1065 537; x_wconf 87' lang='lat' dir='ltr'><strong>Dei</strong></span> <span class='ocrx_word' id='word_1_175' title='bbox 1091 514 1256 544; x_wconf 56' lang='lat' dir='ltr'><strong>praeceptum</strong></span> <span class='ocrx_word' id='word_1_176' title='bbox 1282 513 1309 535; x_wconf 87' lang='lat' dir='ltr'><strong>et</strong></span> <span class='ocrx_word' id='word_1_177' title='bbox 1335 509 1466 544; x_wconf 82' lang='lat' dir='ltr'><strong>Spiritus,</strong></span> <span class='ocrx_word' id='word_1_178' title='bbox 1487 509 1533 543; x_wconf 91' lang='lat' dir='ltr'><strong>qui</strong></span> <span class='ocrx_word' id='word_1_179' title='bbox 1564 509 1679 543; x_wconf 81' lang='lat' dir='ltr'><strong>mystice</strong></span> <span class='ocrx_word' id='word_1_180' title='bbox 1705 509 1739 535; x_wconf 83' lang='lat' dir='ltr'><strong>ad</strong></span> 
     </span>
    </p>
   </div>
   <div class='ocr_carea' id='block_1_27' title="bbox 946 556 1740 589">
    <p class='ocr_par' dir='ltr' id='par_1_27' title="bbox 946 556 1740 589">
     <span class='ocr_line' id='line_1_27' title="bbox 946 556 1740 589; baseline -0.004 -6"><span class='ocrx_word' id='word_1_181' title='bbox 946 561 1070 584; x_wconf 86' lang='lat' dir='ltr'><strong>nostram</strong></span> <span class='ocrx_word' id='word_1_182' title='bbox 1100 557 1254 583; x_wconf 80' lang='lat' dir='ltr'><strong>libertatem</strong></span> <span class='ocrx_word' id='word_1_183' title='bbox 1284 556 1370 588; x_wconf 80' lang='lat' dir='ltr'><strong>vertit,</strong></span> <span class='ocrx_word' id='word_1_184' title='bbox 1400 563 1543 582; x_wconf 78' lang='lat' dir='ltr'><strong>accessus.</strong></span> <span class='ocrx_word' id='word_1_185' title='bbox 1571 556 1649 589; x_wconf 82' lang='lat' dir='ltr'><strong>Aqua</strong></span> <span class='ocrx_word' id='word_1_186' title='bbox 1673 562 1740 581; x_wconf 74' lang='lat' dir='ltr'><strong>vero</strong></span> 
     </span>
    </p>
   </div>
   <div class='ocr_carea' id='block_1_28' title="bbox 945 600 1739 636">
    <p class='ocr_par' dir='ltr' id='par_1_28' title="bbox 945 600 1739 636">
     <span class='ocr_line' id='line_1_28' title="bbox 945 600 1739 636; baseline -0.004 -7"><span class='ocrx_word' id='word_1_187' title='bbox 945 603 1084 630; x_wconf 80' lang='lat' dir='ltr'><strong>subservit</strong></span> <span class='ocrx_word' id='word_1_188' title='bbox 1108 602 1141 628; x_wconf 85' lang='lat' dir='ltr'><strong>ad</strong></span> <span class='ocrx_word' id='word_1_189' title='bbox 1158 601 1356 629; x_wconf 85' lang='lat' dir='ltr'><strong>ostendendam</strong></span> <span class='ocrx_word' id='word_1_190' title='bbox 1384 602 1585 636; x_wconf 72' lang='lat' dir='ltr'><strong>purgationem.</strong></span> <span class='ocrx_word' id='word_1_191' title='bbox 1603 600 1739 633; x_wconf 83' lang='lat' dir='ltr'><strong>Quoniam</strong></span> 
     </span>
    </p>
   </div>
   <div class='ocr_carea' id='block_1_29' title="bbox 945 646 1740 681">
    <p class='ocr_par' dir='ltr' id='par_1_29' title="bbox 945 646 1740 681">
     <span class='ocr_line' id='line_1_29' title="bbox 945 646 1740 681; baseline -0.005 -6"><span class='ocrx_word' id='word_1_192' title='bbox 945 649 1017 676; x_wconf 91' lang='lat' dir='ltr'><strong>enim</strong></span> <span class='ocrx_word' id='word_1_193' title='bbox 1040 649 1169 676; x_wconf 81' lang='lat' dir='ltr'><strong>sordibus</strong></span> <span class='ocrx_word' id='word_1_194' title='bbox 1185 652 1213 675; x_wconf 77' lang='lat' dir='ltr'><strong>et</strong></span> <span class='ocrx_word' id='word_1_195' title='bbox 1234 655 1314 679; x_wconf 71' lang='lat' dir='ltr'><strong>emno</strong></span> <span class='ocrx_word' id='word_1_196' title='bbox 1339 647 1468 675; x_wconf 72' lang='lat' dir='ltr'><strong>fmdatum</strong></span> <span class='ocrx_word' id='word_1_197' title='bbox 1484 654 1585 681; x_wconf 86' lang='lat' dir='ltr'><strong>corpus</strong></span> <span class='ocrx_word' id='word_1_198' title='bbox 1608 654 1678 679; x_wconf 82' lang='lat' dir='ltr'><strong>aqua</strong></span> <span class='ocrx_word' id='word_1_199' title='bbox 1704 646 1740 672; x_wconf 88' lang='lat' dir='ltr'><strong>la-</strong></span> 
     </span>
    </p>
   </div>
   <div class='ocr_carea' id='block_1_30' title="bbox 945 691 1739 728">
    <p class='ocr_par' dir='ltr' id='par_1_30' title="bbox 945 691 1739 728">
     <span class='ocr_line' id='line_1_30' title="bbox 945 691 1739 728; baseline -0.004 -8"><span class='ocrx_word' id='word_1_200' title='bbox 945 698 1041 721; x_wconf 70' lang='lat' dir='ltr'><strong>vantes</strong></span> <span class='ocrx_word' id='word_1_201' title='bbox 1058 702 1156 728; x_wconf 90' lang='lat' dir='ltr'><strong>purutn</strong></span> <span class='ocrx_word' id='word_1_202' title='bbox 1170 694 1284 721; x_wconf 81' lang='lat' dir='ltr'><strong>reddere</strong></span> <span class='ocrx_word' id='word_1_203' title='bbox 1302 693 1433 725; x_wconf 77' lang='lat' dir='ltr'><strong>solemus,</strong></span> <span class='ocrx_word' id='word_1_204' title='bbox 1451 696 1595 727; x_wconf 72' lang='lat' dir='ltr'><strong>propteria</strong></span> <span class='ocrx_word' id='word_1_205' title='bbox 1610 692 1692 719; x_wconf 87' lang='lat' dir='ltr'><strong>etiam</strong></span> <span class='ocrx_word' id='word_1_206' title='bbox 1710 691 1739 717; x_wconf 88' lang='lat' dir='ltr'><strong>itt</strong></span> 
     </span>
    </p>
   </div>
   <div class='ocr_carea' id='block_1_31' title="bbox 946 738 1740 775">
    <p class='ocr_par' dir='ltr' id='par_1_31' title="bbox 946 738 1740 775">
     <span class='ocr_line' id='line_1_31' title="bbox 946 738 1740 775; baseline -0.005 -9"><span class='ocrx_word' id='word_1_207' title='bbox 946 740 1062 775; x_wconf 79' lang='lat' dir='ltr'><strong>mystica</strong></span> <span class='ocrx_word' id='word_1_208' title='bbox 1080 740 1188 767; x_wconf 82' lang='lat' dir='ltr'><strong>actione</strong></span> <span class='ocrx_word' id='word_1_209' title='bbox 1214 747 1274 767; x_wconf 89' lang='lat' dir='ltr'><strong>eam</strong></span> <span class='ocrx_word' id='word_1_210' title='bbox 1299 739 1473 770; x_wconf 83' lang='lat' dir='ltr'><strong>adhibemus,</strong></span> <span class='ocrx_word' id='word_1_211' title='bbox 1503 746 1531 765; x_wconf 88' lang='lat' dir='ltr'><strong>re</strong></span> <span class='ocrx_word' id='word_1_212' title='bbox 1548 738 1599 765; x_wconf 90' lang='lat' dir='ltr'><strong>sub</strong></span> <span class='ocrx_word' id='word_1_213' title='bbox 1625 744 1740 765; x_wconf 88' lang='lat' dir='ltr'><strong>sensum</strong></span> 
     </span>
    </p>
   </div>
   <div class='ocr_carea' id='block_1_32' title="bbox 945 783 1740 820">
    <p class='ocr_par' dir='ltr' id='par_1_32' title="bbox 945 783 1740 820">
     <span class='ocr_line' id='line_1_32' title="bbox 945 783 1740 820; baseline -0.005 -8"><span class='ocrx_word' id='word_1_214' title='bbox 945 786 1051 812; x_wconf 75' lang='lat' dir='ltr'><strong>cadenti</strong></span> <span class='ocrx_word' id='word_1_215' title='bbox 1068 786 1260 820; x_wconf 87' lang='lat' dir='ltr'><strong>incorporeum</strong></span> <span class='ocrx_word' id='word_1_216' title='bbox 1274 785 1447 820; x_wconf 84' lang='lat' dir='ltr'><strong>splendorem</strong></span> <span class='ocrx_word' id='word_1_217' title='bbox 1467 785 1665 819; x_wconf 80' lang='lat' dir='ltr'><strong>signiﬁcantes.</strong></span> <span class='ocrx_word' id='word_1_218' title='bbox 1682 783 1740 810; x_wconf 91' lang='lat' dir='ltr'><strong>lmo</strong></span> 
     </span>
    </p>
   </div>
   <div class='ocr_carea' id='block_1_33' title="bbox 945 831 1740 866">
    <p class='ocr_par' dir='ltr' id='par_1_33' title="bbox 945 831 1740 866">
     <span class='ocr_line' id='line_1_33' title="bbox 945 831 1740 866; baseline -0.003 -7"><span class='ocrx_word' id='word_1_219' title='bbox 945 840 1022 864; x_wconf 81' lang='lat' dir='ltr'><strong>vero,</strong></span> <span class='ocrx_word' id='word_1_220' title='bbox 1044 833 1067 859; x_wconf 90' lang='lat' dir='ltr'><strong>si</strong></span> <span class='ocrx_word' id='word_1_221' title='bbox 1090 833 1209 864; x_wconf 75' lang='lat' dir='ltr'><strong>videtur,</strong></span> <span class='ocrx_word' id='word_1_222' title='bbox 1225 832 1307 860; x_wconf 89' lang='lat' dir='ltr'><strong>etiam</strong></span> <span class='ocrx_word' id='word_1_223' title='bbox 1323 832 1452 859; x_wconf 82' lang='lat' dir='ltr'><strong>subtilius</strong></span> <span class='ocrx_word' id='word_1_224' title='bbox 1468 831 1630 866; x_wconf 84' lang='lat' dir='ltr'><strong>explicando</strong></span> <span class='ocrx_word' id='word_1_225' title='bbox 1647 837 1740 866; x_wconf 85' lang='lat' dir='ltr'><strong>perse-</strong></span> 
     </span>
    </p>
   </div>
   <div class='ocr_carea' id='block_1_34' title="bbox 97 876 895 915">
    <p class='ocr_par' dir='ltr' id='par_1_34' title="bbox 97 876 893 915">
     <span class='ocr_line' id='line_1_34' title="bbox 97 876 893 915; baseline -0.004 -9"><span class='ocrx_word' id='word_1_226' title='bbox 97 878 151 906; x_wconf 77' lang='grc' dir='ltr'><strong>κοῦ</strong></span> <span class='ocrx_word' id='word_1_227' title='bbox 167 878 406 915; x_wconf 57' lang='grc' dir='ltr'>παραγγέλματος</span> <span class='ocrx_word' id='word_1_228' title='bbox 416 877 487 905; x_wconf 80' lang='grc' dir='ltr'><em>Ἐὰν</em></span> <span class='ocrx_word' id='word_1_229' title='bbox 495 879 537 912; x_wconf 77' lang='grc' dir='ltr'>μή</span> <span class='ocrx_word' id='word_1_230' title='bbox 549 886 595 910; x_wconf 81' lang='grc' dir='ltr'><strong>τις</strong></span> <span class='ocrx_word' id='word_1_231' title='bbox 603 876 745 912; x_wconf 78' lang='grc' dir='ltr'>γεννηθῇ,</span> <span class='ocrx_word' id='word_1_232' title='bbox 757 877 848 912; x_wconf 76' lang='grc' dir='ltr'>φησὶν,</span> <span class='ocrx_word' id='word_1_233' title='bbox 859 877 893 909; x_wconf 80' lang='grc' dir='ltr'><strong>ἐξ</strong></span> 
     </span>
    </p>
   </div>
   <div class='ocr_carea' id='block_1_35' title="bbox 949 876 1740 915">
    <p class='ocr_par' dir='ltr' id='par_1_35' title="bbox 949 876 1740 913">
     <span class='ocr_line' id='line_1_35' title="bbox 949 876 1740 913; baseline -0.001 -9"><span class='ocrx_word' id='word_1_234' title='bbox 949 886 1071 906; x_wconf 80' lang='lat' dir='ltr'><strong>reremus</strong></span> <span class='ocrx_word' id='word_1_235' title='bbox 1099 879 1126 906; x_wconf 92' lang='lat' dir='ltr'><strong>in</strong></span> <span class='ocrx_word' id='word_1_236' title='bbox 1151 878 1304 913; x_wconf 71' lang='lat' dir='ltr'><strong>qumstione</strong></span> <span class='ocrx_word' id='word_1_237' title='bbox 1329 878 1443 910; x_wconf 77' lang='lat' dir='ltr'><strong>lavacri,</strong></span> <span class='ocrx_word' id='word_1_238' title='bbox 1463 882 1593 912; x_wconf 81' lang='lat' dir='ltr'><strong>tanquam</strong></span> <span class='ocrx_word' id='word_1_239' title='bbox 1621 884 1636 903; x_wconf 91' lang='lat' dir='ltr'><strong>a</strong></span> <span class='ocrx_word' id='word_1_240' title='bbox 1666 876 1740 903; x_wconf 89' lang='lat' dir='ltr'><strong>l&#39;onte</strong></span> 
     </span>
    </p>
   </div>
   <div class='ocr_carea' id='block_1_36' title="bbox 96 923 896 959">
    <p class='ocr_par' dir='ltr' id='par_1_36' title="bbox 96 923 896 959">
     <span class='ocr_line' id='line_1_36' title="bbox 96 923 896 959; baseline -0.003 -8"><span class='ocrx_word' id='word_1_241' title='bbox 96 925 212 957; x_wconf 80' lang='grc' dir='ltr'>ὕδατος</span> <span class='ocrx_word' id='word_1_242' title='bbox 236 924 285 951; x_wconf 78' lang='grc' dir='ltr'>καὶ</span> <span class='ocrx_word' id='word_1_243' title='bbox 299 924 480 959; x_wconf 82' lang='grc' dir='ltr'>Πνεύματος,</span> <span class='ocrx_word' id='word_1_244' title='bbox 497 923 532 950; x_wconf 87' lang='grc' dir='ltr'>οὐ</span> <span class='ocrx_word' id='word_1_245' title='bbox 549 923 673 950; x_wconf 81' lang='grc' dir='ltr'>δύναται</span> <span class='ocrx_word' id='word_1_246' title='bbox 688 923 837 950; x_wconf 71' lang='grc' dir='ltr'>εἰσελθεῖν</span> <span class='ocrx_word' id='word_1_247' title='bbox 853 924 896 955; x_wconf 76' lang='grc' dir='ltr'>εις</span> 
     </span>
    </p>
   </div>
   <div class='ocr_carea' id='block_1_37' title="bbox 97 969 895 1004">
    <p class='ocr_par' dir='ltr' id='par_1_37' title="bbox 97 969 895 1004">
     <span class='ocr_line' id='line_1_37' title="bbox 97 969 895 1004; baseline -0.005 -6"><span class='ocrx_word' id='word_1_248' title='bbox 97 971 158 1004; x_wconf 76' lang='grc' dir='ltr'><strong>τὴν</strong></span> <span class='ocrx_word' id='word_1_249' title='bbox 168 971 333 1003; x_wconf 68' lang='grc' dir='ltr'>,βασιλείαν</span> <span class='ocrx_word' id='word_1_250' title='bbox 346 970 399 997; x_wconf 85' lang='grc' dir='ltr'><strong>τοῦ</strong></span> <span class='ocrx_word' id='word_1_251' title='bbox 421 970 505 998; x_wconf 85' lang='grc' dir='ltr'>Θεοῦ.</span> <span class='ocrx_word' id='word_1_252' title='bbox 531 970 580 997; x_wconf 78' lang='grc' dir='ltr'>Διὰ</span> <span class='ocrx_word' id='word_1_253' title='bbox 599 969 626 995; x_wconf 83' lang='grc' dir='ltr'><strong>τί</strong></span> <span class='ocrx_word' id='word_1_254' title='bbox 641 969 675 995; x_wconf 76' lang='grc' dir='ltr'><strong>τὰ.</strong></span> <span class='ocrx_word' id='word_1_255' title='bbox 699 969 756 1000; x_wconf 80' lang='grc' dir='ltr'>δύο,</span> <span class='ocrx_word' id='word_1_256' title='bbox 773 969 818 995; x_wconf 78' lang='grc' dir='ltr'>καὶ</span> <span class='ocrx_word' id='word_1_257' title='bbox 833 969 895 1003; x_wconf 67' lang='grc' dir='ltr'>οὐχὶ</span> 
     </span>
    </p>
   </div>
   <div class='ocr_carea' id='block_1_38' title="bbox 99 1014 897 1052">
    <p class='ocr_par' dir='ltr' id='par_1_38' title="bbox 99 1014 897 1052">
     <span class='ocr_line' id='line_1_38' title="bbox 99 1014 897 1052; baseline -0.004 -9"><span class='ocrx_word' id='word_1_258' title='bbox 99 1017 184 1052; x_wconf 85' lang='grc' dir='ltr'>μόνον</span> <span class='ocrx_word' id='word_1_259' title='bbox 191 1016 222 1043; x_wconf 85' lang='grc' dir='ltr'>τὸ</span> <span class='ocrx_word' id='word_1_260' title='bbox 231 1017 342 1051; x_wconf 78' lang='grc' dir='ltr'>Πνεῦμα</span> <span class='ocrx_word' id='word_1_261' title='bbox 351 1015 488 1051; x_wconf 78' lang='grc' dir='ltr'>αὔταρκες</span> <span class='ocrx_word' id='word_1_262' title='bbox 499 1014 627 1050; x_wconf 75' lang='grc' dir='ltr'>ἐνομίσθη</span> <span class='ocrx_word' id='word_1_263' title='bbox 639 1015 706 1050; x_wconf 85' lang='grc' dir='ltr'>πρὸς</span> <span class='ocrx_word' id='word_1_264' title='bbox 713 1015 762 1050; x_wconf 80' lang='grc' dir='ltr'>τὴν</span> <span class='ocrx_word' id='word_1_265' title='bbox 773 1023 804 1041; x_wconf 88' lang='grc' dir='ltr'><strong>συ</strong></span> <span class='ocrx_word' id='word_1_266' title='bbox 808 1014 897 1049; x_wconf 82' lang='grc' dir='ltr'>μπλή-</span> 
     </span>
    </p>
   </div>
   <div class='ocr_carea' id='block_1_39' title="bbox 99 1060 896 1099">
    <p class='ocr_par' dir='ltr' id='par_1_39' title="bbox 99 1060 896 1099">
     <span class='ocr_line' id='line_1_39' title="bbox 99 1060 896 1099; baseline -0.004 -9"><span class='ocrx_word' id='word_1_267' title='bbox 99 1072 188 1099; x_wconf 72' lang='grc' dir='ltr'>ρωσιν</span> <span class='ocrx_word' id='word_1_268' title='bbox 200 1063 247 1089; x_wconf 88' lang='grc' dir='ltr'><strong>τοῦ</strong></span> <span class='ocrx_word' id='word_1_269' title='bbox 256 1062 443 1098; x_wconf 76' lang='grc' dir='ltr'>βαπτίσματος</span> <span class='ocrx_word' id='word_1_270' title='bbox 452 1070 459 1092; x_wconf 76' lang='grc' dir='ltr'>ς</span> <span class='ocrx_word' id='word_1_271' title='bbox 467 1061 596 1093; x_wconf 83' lang='grc' dir='ltr'>Σύνθετος</span> <span class='ocrx_word' id='word_1_272' title='bbox 604 1062 618 1087; x_wconf 85' lang='grc' dir='ltr'><strong>ό</strong></span> <span class='ocrx_word' id='word_1_273' title='bbox 631 1060 785 1097; x_wconf 76' lang='grc' dir='ltr'>ἄνθρωπος,</span> <span class='ocrx_word' id='word_1_274' title='bbox 792 1061 839 1087; x_wconf 72' lang='grc' dir='ltr'>καὶ</span> <span class='ocrx_word' id='word_1_275' title='bbox 848 1061 896 1096; x_wconf 81' lang='grc' dir='ltr'>οὐχ</span> 
     </span>
    </p>
   </div>
   <div class='ocr_carea' id='block_1_40' title="bbox 97 1107 896 1144">
    <p class='ocr_par' dir='ltr' id='par_1_40' title="bbox 97 1107 896 1144">
     <span class='ocr_line' id='line_1_40' title="bbox 97 1107 896 1144; baseline -0.003 -9"><span class='ocrx_word' id='word_1_276' title='bbox 97 1109 220 1141; x_wconf 75' lang='grc' dir='ltr'>ἁπλοῦς,</span> <span class='ocrx_word' id='word_1_277' title='bbox 243 1109 280 1140; x_wconf 81' lang='grc' dir='ltr'>ὡς</span> <span class='ocrx_word' id='word_1_278' title='bbox 301 1108 422 1144; x_wconf 78' lang='grc' dir='ltr'>ἀκριϐῶς</span> <span class='ocrx_word' id='word_1_279' title='bbox 439 1107 611 1143; x_wconf 76' lang='grc' dir='ltr'>ἐπιστάμεθα</span> <span class='ocrx_word' id='word_1_280' title='bbox 621 1116 628 1123; x_wconf 90' lang='grc'><strong>·</strong></span> <span class='ocrx_word' id='word_1_281' title='bbox 647 1109 693 1134; x_wconf 78' lang='grc' dir='ltr'><strong>καὶ</strong></span> <span class='ocrx_word' id='word_1_282' title='bbox 707 1107 752 1134; x_wconf 78' lang='grc' dir='ltr'>διὰ</span> <span class='ocrx_word' id='word_1_283' title='bbox 765 1107 844 1135; x_wconf 87' lang='grc' dir='ltr'>τοῦτο</span> <span class='ocrx_word' id='word_1_284' title='bbox 856 1108 896 1143; x_wconf 85' lang='grc' dir='ltr'>τῷ</span> 
     </span>
    </p>
   </div>
   <div class='ocr_carea' id='block_1_41' title="bbox 97 1153 896 1189">
    <p class='ocr_par' dir='ltr' id='par_1_41' title="bbox 97 1153 896 1189">
     <span class='ocr_line' id='line_1_41' title="bbox 97 1153 896 1189; baseline -0.004 -7"><span class='ocrx_word' id='word_1_285' title='bbox 97 1155 186 1189; x_wconf 80' lang='grc' dir='ltr'>διπλῴ</span> <span class='ocrx_word' id='word_1_286' title='bbox 198 1155 244 1181; x_wconf 72' lang='grc' dir='ltr'>καὶ</span> <span class='ocrx_word' id='word_1_287' title='bbox 265 1153 470 1189; x_wconf 81' lang='grc' dir='ltr'>συνεζευγμένῳ</span> <span class='ocrx_word' id='word_1_288' title='bbox 483 1153 518 1180; x_wconf 77' lang='grc' dir='ltr'><strong>τὰ</strong></span> <span class='ocrx_word' id='word_1_289' title='bbox 533 1153 651 1189; x_wconf 81' lang='grc' dir='ltr'>συγγενῆ</span> <span class='ocrx_word' id='word_1_290' title='bbox 668 1153 713 1180; x_wconf 77' lang='grc' dir='ltr'>καὶ</span> <span class='ocrx_word' id='word_1_291' title='bbox 728 1154 808 1188; x_wconf 83' lang='grc' dir='ltr'>ὃμοια</span> <span class='ocrx_word' id='word_1_292' title='bbox 824 1153 896 1189; x_wconf 82' lang='grc' dir='ltr'>φάρ-</span> 
     </span>
    </p>
   </div>
   <div class='ocr_carea' id='block_1_42' title="bbox 100 1197 896 1235">
    <p class='ocr_par' dir='ltr' id='par_1_42' title="bbox 100 1197 896 1235">
     <span class='ocr_line' id='line_1_42' title="bbox 100 1197 896 1235; baseline -0.003 -9"><span class='ocrx_word' id='word_1_293' title='bbox 100 1209 179 1235; x_wconf 83' lang='grc' dir='ltr'>μακα</span> <span class='ocrx_word' id='word_1_294' title='bbox 200 1199 266 1233; x_wconf 74' lang='grc' dir='ltr'>πρὸς</span> <span class='ocrx_word' id='word_1_295' title='bbox 286 1199 435 1234; x_wconf 81' lang='grc' dir='ltr'>θεραπείαν</span> <span class='ocrx_word' id='word_1_296' title='bbox 453 1197 637 1234; x_wconf 77' lang='grc' dir='ltr'>ἀπεκληρώθη</span> <span class='ocrx_word' id='word_1_297' title='bbox 649 1206 656 1214; x_wconf 79' lang='grc'><em>’</em></span> <span class='ocrx_word' id='word_1_298' title='bbox 672 1197 778 1233; x_wconf 87' lang='grc' dir='ltr'>σώματι</span> <span class='ocrx_word' id='word_1_299' title='bbox 795 1198 844 1233; x_wconf 82' lang='grc' dir='ltr'>μὲν</span> <span class='ocrx_word' id='word_1_300' title='bbox 858 1197 896 1232; x_wconf 83' lang='grc' dir='ltr'>τῷ</span> 
     </span>
    </p>
   </div>
   <div class='ocr_carea' id='block_1_43' title="bbox 99 1244 895 1282">
    <p class='ocr_par' dir='ltr' id='par_1_43' title="bbox 99 1244 895 1282">
     <span class='ocr_line' id='line_1_43' title="bbox 99 1244 895 1282; baseline -0.003 -9"><span class='ocrx_word' id='word_1_301' title='bbox 99 1246 266 1282; x_wconf 80' lang='grc' dir='ltr'>φαινομένῳ,</span> <span class='ocrx_word' id='word_1_302' title='bbox 286 1245 358 1281; x_wconf 81' lang='grc' dir='ltr'>ὕδωρ</span> <span class='ocrx_word' id='word_1_303' title='bbox 371 1245 402 1272; x_wconf 83' lang='grc' dir='ltr'>τὸ</span> <span class='ocrx_word' id='word_1_304' title='bbox 418 1245 559 1280; x_wconf 71' lang='grc' dir='ltr'>αἰσθητόνι</span> <span class='ocrx_word' id='word_1_305' title='bbox 579 1245 652 1280; x_wconf 69' lang='grc' dir='ltr'>ψυχῇ</span> <span class='ocrx_word' id='word_1_306' title='bbox 668 1244 697 1271; x_wconf 79' lang='grc' dir='ltr'>δὲ</span> <span class='ocrx_word' id='word_1_307' title='bbox 719 1246 753 1280; x_wconf 80' lang='grc' dir='ltr'>τῇ</span> <span class='ocrx_word' id='word_1_308' title='bbox 777 1245 895 1280; x_wconf 80' lang='grc' dir='ltr'>ἀοράτῳ,</span> 
     </span>
    </p>
   </div>
   <div class='ocr_carea' id='block_1_44' title="bbox 100 1291 897 1329">
    <p class='ocr_par' dir='ltr' id='par_1_44' title="bbox 100 1291 897 1329">
     <span class='ocr_line' id='line_1_44' title="bbox 100 1291 897 1329; baseline -0.003 -9"><span class='ocrx_word' id='word_1_309' title='bbox 100 1293 216 1329; x_wconf 82' lang='grc' dir='ltr'>Πνεῦμα</span> <span class='ocrx_word' id='word_1_310' title='bbox 230 1293 262 1319; x_wconf 74' lang='grc' dir='ltr'>τὸ</span> <span class='ocrx_word' id='word_1_311' title='bbox 274 1292 386 1327; x_wconf 70' lang='grc' dir='ltr'>ἀφανὲς,</span> <span class='ocrx_word' id='word_1_312' title='bbox 400 1292 489 1318; x_wconf 82' lang='grc' dir='ltr'>πίστει</span> <span class='ocrx_word' id='word_1_313' title='bbox 509 1291 686 1326; x_wconf 78' lang='grc' dir='ltr'>καλούμενον,</span> <span class='ocrx_word' id='word_1_314' title='bbox 705 1291 833 1327; x_wconf 68' lang='grc' dir='ltr'>ἀρρήτως</span> <span class='ocrx_word' id='word_1_315' title='bbox 845 1300 897 1318; x_wconf 90' lang='grc' dir='ltr'>πα-</span> 
     </span>
    </p>
   </div>
   <div class='ocr_carea' id='block_1_45' title="bbox 101 1337 895 1375">
    <p class='ocr_par' dir='ltr' id='par_1_45' title="bbox 101 1337 895 1375">
     <span class='ocr_line' id='line_1_45' title="bbox 101 1337 895 1375; baseline -0.003 -10"><span class='ocrx_word' id='word_1_316' title='bbox 101 1338 295 1375; x_wconf 86' lang='grc' dir='ltr'>ραγινόμενον.</span> <span class='ocrx_word' id='word_1_317' title='bbox 321 1337 357 1365; x_wconf 83' lang='grc' dir='ltr'><strong>Τὸ</strong></span> <span class='ocrx_word' id='word_1_318' title='bbox 371 1337 426 1373; x_wconf 85' lang='grc' dir='ltr'>γὰρ</span> <span class='ocrx_word' id='word_1_319' title='bbox 443 1337 565 1373; x_wconf 74' lang='grc' dir='ltr'>Πνεῦμα</span> <span class='ocrx_word' id='word_1_320' title='bbox 575 1358 582 1368; x_wconf 87' lang='grc'><strong>,</strong></span> <span class='ocrx_word' id='word_1_321' title='bbox 605 1338 681 1364; x_wconf 81' lang='grc' dir='ltr'>ὅπου</span> <span class='ocrx_word' id='word_1_322' title='bbox 694 1337 774 1364; x_wconf 81' lang='grc' dir='ltr'>θέλει</span> <span class='ocrx_word' id='word_1_323' title='bbox 785 1357 792 1368; x_wconf 82' lang='grc'><strong>,</strong></span> <span class='ocrx_word' id='word_1_324' title='bbox 810 1337 895 1364; x_wconf 80' lang='grc' dir='ltr'>πνεῖ·</span> 
     </span>
    </p>
   </div>
   <div class='ocr_carea' id='block_1_46' title="bbox 100 1378 897 1417">
    <p class='ocr_par' dir='ltr' id='par_1_46' title="bbox 100 1378 897 1417">
     <span class='ocr_line' id='line_1_46' title="bbox 100 1378 897 1417; baseline -0.003 -8"><span class='ocrx_word' id='word_1_325' title='bbox 100 1383 153 1409; x_wconf 76' lang='grc' dir='ltr'>καὶ</span> <span class='ocrx_word' id='word_1_326' title='bbox 173 1383 231 1416; x_wconf 83' lang='grc' dir='ltr'><strong>τὴν</strong></span> <span class='ocrx_word' id='word_1_327' title='bbox 252 1381 358 1417; x_wconf 68' lang='grc' dir='ltr'><em>φωνὴν</em></span> <span class='ocrx_word' id='word_1_328' title='bbox 375 1381 468 1408; x_wconf 82' lang='grc' dir='ltr'>αὑτοῦ</span> <span class='ocrx_word' id='word_1_329' title='bbox 486 1381 621 1414; x_wconf 78' lang='grc' dir='ltr'><strong>ἀκούεις·</strong></span> <span class='ocrx_word' id='word_1_330' title='bbox 642 1380 710 1408; x_wconf 78' lang='grc' dir='ltr'><em>ἀλλ’</em></span> <span class='ocrx_word' id='word_1_331' title='bbox 733 1381 790 1408; x_wconf 79' lang='grc' dir='ltr'>οὐκ</span> <span class='ocrx_word' id='word_1_332' title='bbox 813 1378 897 1414; x_wconf 81' lang='grc' dir='ltr'>οἶδας</span> 
     </span>
    </p>
   </div>
   <div class='ocr_carea' id='block_1_47' title="bbox 99 1425 897 1461">
    <p class='ocr_par' dir='ltr' id='par_1_47' title="bbox 99 1425 897 1461">
     <span class='ocr_line' id='line_1_47' title="bbox 99 1425 897 1461; baseline -0.003 -7"><span class='ocrx_word' id='word_1_333' title='bbox 99 1427 197 1454; x_wconf 71' lang='grc' dir='ltr'>πόθεν</span> <span class='ocrx_word' id='word_1_334' title='bbox 212 1426 343 1461; x_wconf 80' lang='grc' dir='ltr'>ἔρχεται,</span> <span class='ocrx_word' id='word_1_335' title='bbox 361 1425 412 1453; x_wconf 77' lang='grc' dir='ltr'><strong>καὶ</strong></span> <span class='ocrx_word' id='word_1_336' title='bbox 432 1425 491 1453; x_wconf 80' lang='grc' dir='ltr'>ποῦ</span> <span class='ocrx_word' id='word_1_337' title='bbox 511 1425 629 1460; x_wconf 78' lang='grc' dir='ltr'>ὑπάγει.</span> <span class='ocrx_word' id='word_1_338' title='bbox 645 1425 758 1460; x_wconf 80' lang='grc' dir='ltr'>Εὐλογεί</span> <span class='ocrx_word' id='word_1_339' title='bbox 770 1425 800 1452; x_wconf 78' lang='grc' dir='ltr'><strong>τὸ</strong></span> <span class='ocrx_word' id='word_1_340' title='bbox 818 1425 897 1460; x_wconf 80' lang='grc' dir='ltr'>σῶμα</span> 
     </span>
    </p>
   </div>
   <div class='ocr_carea' id='block_1_48' title="bbox 100 1471 896 1508">
    <p class='ocr_par' dir='ltr' id='par_1_48' title="bbox 100 1471 896 1508">
     <span class='ocr_line' id='line_1_48' title="bbox 100 1471 896 1508; baseline 0 -10"><span class='ocrx_word' id='word_1_341' title='bbox 100 1473 135 1498; x_wconf 74' lang='grc' dir='ltr'><strong>τὸ</strong></span> <span class='ocrx_word' id='word_1_342' title='bbox 157 1472 365 1508; x_wconf 79' lang='grc' dir='ltr'>βαπτιζόμενον,</span> <span class='ocrx_word' id='word_1_343' title='bbox 383 1472 430 1499; x_wconf 78' lang='grc' dir='ltr'>καὶ</span> <span class='ocrx_word' id='word_1_344' title='bbox 446 1471 476 1498; x_wconf 77' lang='grc' dir='ltr'>τὸ</span> <span class='ocrx_word' id='word_1_345' title='bbox 494 1471 565 1507; x_wconf 85' lang='grc' dir='ltr'>’ὑδωρ</span> <span class='ocrx_word' id='word_1_346' title='bbox 582 1471 613 1498; x_wconf 85' lang='grc' dir='ltr'>τὸ</span> <span class='ocrx_word' id='word_1_347' title='bbox 630 1471 771 1507; x_wconf 81' lang='grc' dir='ltr'>βαπτίζον.</span> <span class='ocrx_word' id='word_1_348' title='bbox 790 1472 836 1498; x_wconf 82' lang='grc' dir='ltr'>Διὸ</span> <span class='ocrx_word' id='word_1_349' title='bbox 859 1472 896 1507; x_wconf 86' lang='grc' dir='ltr'>μὴ</span> 
     </span>
    </p>
   </div>
   <div class='ocr_carea' id='block_1_49' title="bbox 102 1517 896 1554">
    <p class='ocr_par' dir='ltr' id='par_1_49' title="bbox 102 1517 896 1554">
     <span class='ocr_line' id='line_1_49' title="bbox 102 1517 896 1554; baseline 0.001 -10"><span class='ocrx_word' id='word_1_350' title='bbox 102 1519 316 1554; x_wconf 81' lang='grc' dir='ltr'>καταφρονήσῃς</span> <span class='ocrx_word' id='word_1_351' title='bbox 336 1517 383 1544; x_wconf 86' lang='grc' dir='ltr'><strong>τοῦ</strong></span> <span class='ocrx_word' id='word_1_352' title='bbox 409 1517 480 1544; x_wconf 82' lang='grc' dir='ltr'>θείου</span> <span class='ocrx_word' id='word_1_353' title='bbox 506 1517 635 1554; x_wconf 82' lang='grc' dir='ltr'>λουτροῦ,</span> <span class='ocrx_word' id='word_1_354' title='bbox 655 1518 722 1553; x_wconf 84' lang='grc' dir='ltr'>μηδὲ</span> <span class='ocrx_word' id='word_1_355' title='bbox 748 1518 785 1550; x_wconf 87' lang='grc' dir='ltr'>ὠς</span> <span class='ocrx_word' id='word_1_356' title='bbox 807 1520 896 1545; x_wconf 77' lang='grc' dir='ltr'>κοινὸν</span> 
     </span>
    </p>
   </div>
   <div class='ocr_carea' id='block_1_50' title="bbox 946 921 1739 960">
    <p class='ocr_par' dir='ltr' id='par_1_50' title="bbox 946 921 1739 960">
     <span class='ocr_line' id='line_1_50' title="bbox 946 921 1739 960; baseline -0.004 -9"><span class='ocrx_word' id='word_1_357' title='bbox 946 925 1064 960; x_wconf 85' lang='lat' dir='ltr'><strong>quodam</strong></span> <span class='ocrx_word' id='word_1_358' title='bbox 1079 925 1188 952; x_wconf 89' lang='lat' dir='ltr'><strong>initiutn</strong></span> <span class='ocrx_word' id='word_1_359' title='bbox 1205 923 1335 960; x_wconf 64' lang='lat' dir='ltr'><strong>prmeepti</strong></span> <span class='ocrx_word' id='word_1_360' title='bbox 1351 924 1501 959; x_wconf 67' lang='lat' dir='ltr'><strong>Scriptura:</strong></span> <span class='ocrx_word' id='word_1_361' title='bbox 1514 923 1656 950; x_wconf 80' lang='lat' dir='ltr'><strong>facientes.</strong></span> <span class='ocrx_word' id='word_1_362' title='bbox 1675 921 1739 948; x_wconf 74' lang='lat' dir='ltr'><strong>Nisi</strong></span> 
     </span>
    </p>
   </div>
   <div class='ocr_carea' id='block_1_51' title="bbox 946 968 1740 1005">
    <p class='ocr_par' dir='ltr' id='par_1_51' title="bbox 946 968 1740 1005">
     <span class='ocr_line' id='line_1_51' title="bbox 946 968 1740 1005; baseline -0.003 -9"><span class='ocrx_word' id='word_1_363' title='bbox 946 971 1017 1005; x_wconf 68' lang='lat' dir='ltr'><strong>quia,</strong></span> <span class='ocrx_word' id='word_1_364' title='bbox 1042 971 1142 1005; x_wconf 87' lang='lat' dir='ltr'><strong>inquit,</strong></span> <span class='ocrx_word' id='word_1_365' title='bbox 1170 976 1249 998; x_wconf 78' lang='lat' dir='ltr'><strong>natus</strong></span> <span class='ocrx_word' id='word_1_366' title='bbox 1272 970 1352 1005; x_wconf 73' lang='lat' dir='ltr'><strong>fuerit</strong></span> <span class='ocrx_word' id='word_1_367' title='bbox 1369 978 1402 997; x_wconf 65' lang='lat' dir='ltr'><strong>ea:</strong></span> <span class='ocrx_word' id='word_1_368' title='bbox 1424 978 1493 1004; x_wconf 82' lang='lat' dir='ltr'><strong>aqua</strong></span> <span class='ocrx_word' id='word_1_369' title='bbox 1515 974 1539 995; x_wconf 85' lang='lat' dir='ltr'><strong>et</strong></span> <span class='ocrx_word' id='word_1_370' title='bbox 1558 968 1672 1003; x_wconf 80' lang='lat' dir='ltr'><strong>Spiritu,</strong></span> <span class='ocrx_word' id='word_1_371' title='bbox 1687 976 1740 994; x_wconf 82' lang='lat' dir='ltr'><strong>non</strong></span> 
     </span>
    </p>
   </div>
   <div class='ocr_carea' id='block_1_52' title="bbox 945 1015 1740 1051">
    <p class='ocr_par' dir='ltr' id='par_1_52' title="bbox 945 1015 1740 1051">
     <span class='ocr_line' id='line_1_52' title="bbox 945 1015 1740 1051; baseline -0.003 -9"><span class='ocrx_word' id='word_1_372' title='bbox 945 1021 1028 1050; x_wconf 77' lang='lat' dir='ltr'><strong>putes!</strong></span> <span class='ocrx_word' id='word_1_373' title='bbox 1044 1018 1146 1044; x_wconf 76' lang='lat' dir='ltr'><strong>intrare</strong></span> <span class='ocrx_word' id='word_1_374' title='bbox 1163 1017 1190 1043; x_wconf 78' lang='lat' dir='ltr'><strong>iu</strong></span> <span class='ocrx_word' id='word_1_375' title='bbox 1207 1025 1315 1051; x_wconf 81' lang='lat' dir='ltr'><strong>regnum</strong></span> <span class='ocrx_word' id='word_1_376' title='bbox 1332 1016 1381 1043; x_wconf 74' lang='lat' dir='ltr'><strong>Dei</strong></span> <span class='ocrx_word' id='word_1_377' title='bbox 1392 1016 1412 1043; x_wconf 82' lang='grc'><strong>³.</strong></span> <span class='ocrx_word' id='word_1_378' title='bbox 1429 1016 1521 1048; x_wconf 82' lang='lat' dir='ltr'><strong>Quare</strong></span> <span class='ocrx_word' id='word_1_379' title='bbox 1542 1016 1604 1042; x_wconf 85' lang='lat' dir='ltr'><strong>bina</strong></span> <span class='ocrx_word' id='word_1_380' title='bbox 1626 1015 1684 1046; x_wconf 88' lang='lat' dir='ltr'><strong>illa,</strong></span> <span class='ocrx_word' id='word_1_381' title='bbox 1712 1018 1740 1040; x_wconf 79' lang='lat' dir='ltr'><strong>rt</strong></span> 
     </span>
    </p>
   </div>
   <div class='ocr_carea' id='block_1_53' title="bbox 947 1059 1740 1097">
    <p class='ocr_par' dir='ltr' id='par_1_53' title="bbox 947 1059 1740 1097">
     <span class='ocr_line' id='line_1_53' title="bbox 947 1059 1740 1097; baseline -0.004 -9"><span class='ocrx_word' id='word_1_382' title='bbox 947 1070 1001 1088; x_wconf 89' lang='lat' dir='ltr'><strong>non</strong></span> <span class='ocrx_word' id='word_1_383' title='bbox 1025 1062 1102 1089; x_wconf 83' lang='lat' dir='ltr'><strong>solus</strong></span> <span class='ocrx_word' id='word_1_384' title='bbox 1128 1062 1250 1097; x_wconf 81' lang='lat' dir='ltr'><strong>Spiritus</strong></span> <span class='ocrx_word' id='word_1_385' title='bbox 1273 1061 1411 1089; x_wconf 83' lang='lat' dir='ltr'><strong>sulliciens</strong></span> <span class='ocrx_word' id='word_1_386' title='bbox 1437 1061 1612 1088; x_wconf 79' lang='lat' dir='ltr'><strong>existimatus</strong></span> <span class='ocrx_word' id='word_1_387' title='bbox 1638 1065 1681 1087; x_wconf 86' lang='lat' dir='ltr'><strong>est</strong></span> <span class='ocrx_word' id='word_1_388' title='bbox 1705 1059 1740 1086; x_wconf 88' lang='lat' dir='ltr'><strong>ad</strong></span> 
     </span>
    </p>
   </div>
   <div class='ocr_carea' id='block_1_54' title="bbox 947 1106 1740 1143">
    <p class='ocr_par' dir='ltr' id='par_1_54' title="bbox 947 1106 1740 1143">
     <span class='ocr_line' id='line_1_54' title="bbox 947 1106 1740 1143; baseline -0.004 -8"><span class='ocrx_word' id='word_1_389' title='bbox 947 1109 1156 1142; x_wconf 86' lang='lat' dir='ltr'><strong>completionem</strong></span> <span class='ocrx_word' id='word_1_390' title='bbox 1183 1108 1379 1143; x_wconf 86' lang='lat' dir='ltr'><strong>baptismatis?</strong></span> <span class='ocrx_word' id='word_1_391' title='bbox 1402 1107 1579 1141; x_wconf 84' lang='lat' dir='ltr'><strong>Contpositus</strong></span> <span class='ocrx_word' id='word_1_392' title='bbox 1596 1111 1639 1133; x_wconf 76' lang='lat' dir='ltr'><strong>est</strong></span> <span class='ocrx_word' id='word_1_393' title='bbox 1657 1106 1740 1132; x_wconf 92' lang='lat' dir='ltr'><strong>homo</strong></span> 
     </span>
    </p>
   </div>
   <div class='ocr_carea' id='block_1_55' title="bbox 946 1153 1740 1189">
    <p class='ocr_par' dir='ltr' id='par_1_55' title="bbox 946 1153 1740 1189">
     <span class='ocr_line' id='line_1_55' title="bbox 946 1153 1740 1189; baseline -0.001 -9"><span class='ocrx_word' id='word_1_394' title='bbox 946 1158 973 1181; x_wconf 86' lang='lat' dir='ltr'><strong>et</strong></span> <span class='ocrx_word' id='word_1_395' title='bbox 996 1162 1050 1181; x_wconf 89' lang='lat' dir='ltr'><strong>non</strong></span> <span class='ocrx_word' id='word_1_396' title='bbox 1077 1154 1204 1189; x_wconf 81' lang='lat' dir='ltr'><strong>simplex,</strong></span> <span class='ocrx_word' id='word_1_397' title='bbox 1232 1158 1261 1180; x_wconf 91' lang='lat' dir='ltr'><strong>ut</strong></span> <span class='ocrx_word' id='word_1_398' title='bbox 1285 1159 1360 1181; x_wconf 74' lang='lat' dir='ltr'><strong>certo</strong></span> <span class='ocrx_word' id='word_1_399' title='bbox 1385 1154 1499 1181; x_wconf 88' lang='lat' dir='ltr'><strong>scimus.</strong></span> <span class='ocrx_word' id='word_1_400' title='bbox 1526 1154 1616 1188; x_wconf 80' lang='lat' dir='ltr'><strong>Atque</strong></span> <span class='ocrx_word' id='word_1_401' title='bbox 1636 1153 1740 1180; x_wconf 85' lang='lat' dir='ltr'><strong>ideirco</strong></span> 
     </span>
    </p>
   </div>
   <div class='ocr_carea' id='block_1_56' title="bbox 946 1191 1739 1235">
    <p class='ocr_par' dir='ltr' id='par_1_56' title="bbox 946 1191 1739 1235">
     <span class='ocr_line' id='line_1_56' title="bbox 946 1191 1739 1235; baseline -0.003 -9"><span class='ocrx_word' id='word_1_402' title='bbox 946 1199 1049 1235; x_wconf 85' lang='lat' dir='ltr'><strong>duplici</strong></span> <span class='ocrx_word' id='word_1_403' title='bbox 1076 1201 1280 1234; x_wconf 85' lang='lat' dir='ltr'><strong>conjuncloque</strong></span> <span class='ocrx_word' id='word_1_404' title='bbox 1299 1203 1414 1234; x_wconf 75' lang='lat' dir='ltr'><strong>cognata</strong></span> <span class='ocrx_word' id='word_1_405' title='bbox 1437 1191 1594 1234; x_wconf 81' lang='lat' dir='ltr'><strong>similiaque</strong></span> <span class='ocrx_word' id='word_1_406' title='bbox 1620 1198 1739 1226; x_wconf 86' lang='lat' dir='ltr'><strong>mediea-</strong></span> 
     </span>
    </p>
   </div>
   <div class='ocr_carea' id='block_1_57' title="bbox 947 1245 1737 1280">
    <p class='ocr_par' dir='ltr' id='par_1_57' title="bbox 947 1245 1737 1280">
     <span class='ocr_line' id='line_1_57' title="bbox 947 1245 1737 1280; baseline -0.003 -7"><span class='ocrx_word' id='word_1_407' title='bbox 947 1251 1038 1273; x_wconf 85' lang='lat' dir='ltr'><strong>tnenta</strong></span> <span class='ocrx_word' id='word_1_408' title='bbox 1066 1245 1099 1273; x_wconf 81' lang='lat' dir='ltr'><strong>ad</strong></span> <span class='ocrx_word' id='word_1_409' title='bbox 1131 1247 1302 1273; x_wconf 84' lang='lat' dir='ltr'><strong>curationem</strong></span> <span class='ocrx_word' id='word_1_410' title='bbox 1328 1246 1464 1273; x_wconf 78' lang='lat' dir='ltr'><strong>destinata</strong></span> <span class='ocrx_word' id='word_1_411' title='bbox 1489 1250 1572 1280; x_wconf 86' lang='lat' dir='ltr'><strong>atque</strong></span> <span class='ocrx_word' id='word_1_412' title='bbox 1604 1245 1737 1272; x_wconf 81' lang='lat' dir='ltr'><strong>attributa</strong></span> 
     </span>
    </p>
   </div>
   <div class='ocr_carea' id='block_1_58' title="bbox 947 1291 1741 1327">
    <p class='ocr_par' dir='ltr' id='par_1_58' title="bbox 947 1291 1741 1327">
     <span class='ocr_line' id='line_1_58' title="bbox 947 1291 1741 1327; baseline 0 -8"><span class='ocrx_word' id='word_1_413' title='bbox 947 1297 1013 1319; x_wconf 91' lang='lat' dir='ltr'><strong>sunt</strong></span> <span class='ocrx_word' id='word_1_414' title='bbox 1031 1301 1038 1319; x_wconf 87' lang='lat'><strong>:</strong></span> <span class='ocrx_word' id='word_1_415' title='bbox 1057 1292 1165 1326; x_wconf 77' lang='lat' dir='ltr'><strong>corpori</strong></span> <span class='ocrx_word' id='word_1_416' title='bbox 1183 1292 1306 1327; x_wconf 86' lang='lat' dir='ltr'><strong>quidem,</strong></span> <span class='ocrx_word' id='word_1_417' title='bbox 1335 1291 1407 1326; x_wconf 90' lang='lat' dir='ltr'><strong>quod</strong></span> <span class='ocrx_word' id='word_1_418' title='bbox 1429 1296 1556 1326; x_wconf 77' lang='lat' dir='ltr'><strong>apparet;</strong></span> <span class='ocrx_word' id='word_1_419' title='bbox 1574 1299 1655 1326; x_wconf 86' lang='lat' dir='ltr'><strong>aqua,</strong></span> <span class='ocrx_word' id='word_1_420' title='bbox 1674 1293 1741 1326; x_wconf 73' lang='lat' dir='ltr'><strong>qua:</strong></span> 
     </span>
    </p>
   </div>
   <div class='ocr_carea' id='block_1_59' title="bbox 947 1336 1740 1372">
    <p class='ocr_par' dir='ltr' id='par_1_59' title="bbox 947 1336 1740 1372">
     <span class='ocr_line' id='line_1_59' title="bbox 947 1336 1740 1372; baseline -0.001 -8"><span class='ocrx_word' id='word_1_421' title='bbox 947 1337 999 1365; x_wconf 83' lang='lat' dir='ltr'><strong>sub</strong></span> <span class='ocrx_word' id='word_1_422' title='bbox 1016 1345 1128 1365; x_wconf 82' lang='lat' dir='ltr'><strong>sensum</strong></span> <span class='ocrx_word' id='word_1_423' title='bbox 1143 1337 1232 1370; x_wconf 85' lang='lat' dir='ltr'><strong>cadit,</strong></span> <span class='ocrx_word' id='word_1_424' title='bbox 1251 1339 1349 1364; x_wconf 70' lang='lat' dir='ltr'><strong>animae</strong></span> <span class='ocrx_word' id='word_1_425' title='bbox 1360 1345 1434 1368; x_wconf 80' lang='lat' dir='ltr'><strong>vero.</strong></span> <span class='ocrx_word' id='word_1_426' title='bbox 1449 1346 1510 1372; x_wconf 66' lang='lat' dir='ltr'><strong>qua:</strong></span> <span class='ocrx_word' id='word_1_427' title='bbox 1527 1338 1615 1364; x_wconf 90' lang='lat' dir='ltr'><strong>visum</strong></span> <span class='ocrx_word' id='word_1_428' title='bbox 1629 1336 1740 1372; x_wconf 76' lang='lat' dir='ltr'><strong>ell&#39;ugit,</strong></span> 
     </span>
    </p>
   </div>
   <div class='ocr_carea' id='block_1_60' title="bbox 949 1381 1740 1417">
    <p class='ocr_par' dir='ltr' id='par_1_60' title="bbox 949 1381 1740 1417">
     <span class='ocr_line' id='line_1_60' title="bbox 949 1381 1740 1417; baseline 0.001 -9"><span class='ocrx_word' id='word_1_429' title='bbox 949 1382 1080 1417; x_wconf 86' lang='lat' dir='ltr'><strong>Spiritus,</strong></span> <span class='ocrx_word' id='word_1_430' title='bbox 1102 1382 1149 1417; x_wconf 89' lang='lat' dir='ltr'><strong>qui</strong></span> <span class='ocrx_word' id='word_1_431' title='bbox 1173 1389 1227 1408; x_wconf 90' lang='lat' dir='ltr'><strong>non</strong></span> <span class='ocrx_word' id='word_1_432' title='bbox 1253 1386 1376 1417; x_wconf 76' lang='lat' dir='ltr'><strong>apparet,</strong></span> <span class='ocrx_word' id='word_1_433' title='bbox 1404 1381 1449 1416; x_wconf 89' lang='lat' dir='ltr'><strong>qui</strong></span> <span class='ocrx_word' id='word_1_434' title='bbox 1476 1381 1527 1409; x_wconf 77' lang='lat' dir='ltr'><strong>[ide</strong></span> <span class='ocrx_word' id='word_1_435' title='bbox 1549 1385 1675 1414; x_wconf 83' lang='lat' dir='ltr'><strong>vocatur,</strong></span> <span class='ocrx_word' id='word_1_436' title='bbox 1693 1382 1740 1416; x_wconf 89' lang='lat' dir='ltr'><strong>qui</strong></span> 
     </span>
    </p>
   </div>
   <div class='ocr_carea' id='block_1_61' title="bbox 948 1427 1740 1462">
    <p class='ocr_par' dir='ltr' id='par_1_61' title="bbox 948 1427 1740 1462">
     <span class='ocr_line' id='line_1_61' title="bbox 948 1427 1740 1462; baseline 0 -8"><span class='ocrx_word' id='word_1_437' title='bbox 948 1427 1125 1455; x_wconf 78' lang='lat' dir='ltr'><strong>ineil&#39;abiliter</strong></span> <span class='ocrx_word' id='word_1_438' title='bbox 1140 1427 1256 1455; x_wconf 88' lang='lat' dir='ltr'><strong>accedit.</strong></span> <span class='ocrx_word' id='word_1_439' title='bbox 1276 1427 1403 1462; x_wconf 79' lang='lat' dir='ltr'><strong>Spiritus,</strong></span> <span class='ocrx_word' id='word_1_440' title='bbox 1425 1427 1510 1459; x_wconf 91' lang='lat' dir='ltr'><strong>enim,</strong></span> <span class='ocrx_word' id='word_1_441' title='bbox 1534 1427 1578 1453; x_wconf 83' lang='lat' dir='ltr'><strong>ubi</strong></span> <span class='ocrx_word' id='word_1_442' title='bbox 1594 1427 1658 1458; x_wconf 79' lang='lat' dir='ltr'><strong>uult.</strong></span> <span class='ocrx_word' id='word_1_443' title='bbox 1683 1428 1740 1461; x_wconf 71' lang='lat' dir='ltr'><strong>spi—</strong></span> 
     </span>
    </p>
   </div>
   <div class='ocr_carea' id='block_1_62' title="bbox 948 1471 1740 1507">
    <p class='ocr_par' dir='ltr' id='par_1_62' title="bbox 948 1471 1740 1507">
     <span class='ocr_line' id='line_1_62' title="bbox 948 1471 1740 1507; baseline -0.003 -7"><span class='ocrx_word' id='word_1_444' title='bbox 948 1478 990 1500; x_wconf 54' lang='lat' dir='ltr'><strong>rat</strong></span> <span class='ocrx_word' id='word_1_445' title='bbox 1002 1493 1009 1505; x_wconf 90' lang='lat'><strong>,</strong></span> <span class='ocrx_word' id='word_1_446' title='bbox 1031 1478 1055 1500; x_wconf 71' lang='lat' dir='ltr'><strong>et</strong></span> <span class='ocrx_word' id='word_1_447' title='bbox 1075 1481 1159 1500; x_wconf 75' lang='lat' dir='ltr'><strong>vocem</strong></span> <span class='ocrx_word' id='word_1_448' title='bbox 1181 1472 1238 1507; x_wconf 74' lang='lat' dir='ltr'><strong>ejus</strong></span> <span class='ocrx_word' id='word_1_449' title='bbox 1255 1474 1342 1504; x_wconf 76' lang='lat' dir='ltr'><strong>nudis,</strong></span> <span class='ocrx_word' id='word_1_450' title='bbox 1358 1472 1405 1498; x_wconf 76' lang='lat' dir='ltr'><strong>sed</strong></span> <span class='ocrx_word' id='word_1_451' title='bbox 1420 1473 1503 1499; x_wconf 76' lang='lat' dir='ltr'><strong>nescis</strong></span> <span class='ocrx_word' id='word_1_452' title='bbox 1517 1471 1585 1499; x_wconf 82' lang='lat' dir='ltr'><strong>unde</strong></span> <span class='ocrx_word' id='word_1_453' title='bbox 1602 1473 1697 1504; x_wconf 80' lang='lat' dir='ltr'><strong>veniat,</strong></span> <span class='ocrx_word' id='word_1_454' title='bbox 1716 1477 1740 1498; x_wconf 72' lang='lat' dir='ltr'><strong>et</strong></span> 
     </span>
    </p>
   </div>
   <div class='ocr_carea' id='block_1_63' title="bbox 948 1518 1741 1556">
    <p class='ocr_par' dir='ltr' id='par_1_63' title="bbox 948 1518 1741 1556">
     <span class='ocr_line' id='line_1_63' title="bbox 948 1518 1741 1556; baseline -0.004 -9"><span class='ocrx_word' id='word_1_455' title='bbox 948 1529 999 1556; x_wconf 85' lang='lat' dir='ltr'><strong>quo</strong></span> <span class='ocrx_word' id='word_1_456' title='bbox 1014 1519 1093 1547; x_wconf 83' lang='lat' dir='ltr'><strong>vadat</strong></span> <span class='ocrx_word' id='word_1_457' title='bbox 1103 1519 1129 1546; x_wconf 63' lang='grc' dir='ltr'><strong>’λε</strong></span> <span class='ocrx_word' id='word_1_458' title='bbox 1148 1527 1249 1553; x_wconf 85' lang='lat' dir='ltr'><strong>corpus</strong></span> <span class='ocrx_word' id='word_1_459' title='bbox 1263 1518 1335 1553; x_wconf 87' lang='lat' dir='ltr'><strong>qttod</strong></span> <span class='ocrx_word' id='word_1_460' title='bbox 1350 1518 1516 1553; x_wconf 81' lang='lat' dir='ltr'><strong>baptizatur,</strong></span> <span class='ocrx_word' id='word_1_461' title='bbox 1531 1523 1558 1545; x_wconf 89' lang='lat' dir='ltr'><strong>et</strong></span> <span class='ocrx_word' id='word_1_462' title='bbox 1569 1526 1664 1553; x_wconf 88' lang='lat' dir='ltr'><strong>aquatu</strong></span> <span class='ocrx_word' id='word_1_463' title='bbox 1681 1526 1741 1553; x_wconf 72' lang='lat' dir='ltr'><strong>qua:</strong></span> 
     </span>
    </p>
   </div>
   <div class='ocr_carea' id='block_1_64' title="bbox 101 1563 895 1601">
    <p class='ocr_par' dir='ltr' id='par_1_64' title="bbox 101 1563 895 1601">
     <span class='ocr_line' id='line_1_64' title="bbox 101 1563 895 1601; baseline 0.001 -10"><span class='ocrx_word' id='word_1_464' title='bbox 101 1564 172 1592; x_wconf 83' lang='grc' dir='ltr'>αὐτὸ</span> <span class='ocrx_word' id='word_1_465' title='bbox 187 1564 366 1600; x_wconf 79' lang='grc' dir='ltr'>ἐξευτελίσῃς,</span> <span class='ocrx_word' id='word_1_466' title='bbox 378 1563 421 1591; x_wconf 81' lang='grc' dir='ltr'><strong>διὰ</strong></span> <span class='ocrx_word' id='word_1_467' title='bbox 433 1563 482 1599; x_wconf 85' lang='grc' dir='ltr'>τὴν</span> <span class='ocrx_word' id='word_1_468' title='bbox 495 1564 592 1600; x_wconf 82' lang='grc' dir='ltr'>χρῆσιν</span> <span class='ocrx_word' id='word_1_469' title='bbox 608 1564 655 1591; x_wconf 80' lang='grc' dir='ltr'><strong>τοῦ</strong></span> <span class='ocrx_word' id='word_1_470' title='bbox 671 1564 776 1597; x_wconf 77' lang='grc' dir='ltr'>ὕδατος.</span> <span class='ocrx_word' id='word_1_471' title='bbox 793 1566 829 1592; x_wconf 71' lang='grc' dir='ltr'><strong>Τὸ</strong></span> <span class='ocrx_word' id='word_1_472' title='bbox 843 1565 895 1601; x_wconf 84' lang='grc' dir='ltr'><strong>γὰρ</strong></span> 
     </span>
    </p>
   </div>
   <div class='ocr_carea' id='block_1_65' title="bbox 949 1563 1739 1601">
    <p class='ocr_par' dir='ltr' id='par_1_65' title="bbox 951 1563 1739 1601">
     <span class='ocr_line' id='line_1_65' title="bbox 951 1563 1739 1601; baseline -0.003 -9"><span class='ocrx_word' id='word_1_473' title='bbox 951 1566 1082 1601; x_wconf 82' lang='lat' dir='ltr'><strong>baptizat,</strong></span> <span class='ocrx_word' id='word_1_474' title='bbox 1101 1564 1250 1592; x_wconf 88' lang='lat' dir='ltr'><strong>benedicit.</strong></span> <span class='ocrx_word' id='word_1_475' title='bbox 1270 1564 1361 1597; x_wconf 84' lang='lat' dir='ltr'><strong>Quare</strong></span> <span class='ocrx_word' id='word_1_476' title='bbox 1381 1571 1415 1591; x_wconf 92' lang='lat' dir='ltr'><strong>ne</strong></span> <span class='ocrx_word' id='word_1_477' title='bbox 1430 1569 1592 1591; x_wconf 86' lang='lat' dir='ltr'><strong>contemnas</strong></span> <span class='ocrx_word' id='word_1_478' title='bbox 1616 1563 1739 1590; x_wconf 82' lang='lat' dir='ltr'><strong>divinum</strong></span> 
     </span>
    </p>
   </div>
   <div class='ocr_carea' id='block_1_66' title="bbox 102 1609 897 1646">
    <p class='ocr_par' dir='ltr' id='par_1_66' title="bbox 102 1609 897 1646">
     <span class='ocr_line' id='line_1_66' title="bbox 102 1609 897 1646; baseline 0.004 -11"><span class='ocrx_word' id='word_1_479' title='bbox 102 1609 232 1645; x_wconf 63' lang='grc' dir='ltr'>ἐνεργοῦν</span> <span class='ocrx_word' id='word_1_480' title='bbox 248 1609 329 1644; x_wconf 83' lang='grc' dir='ltr'>μέγα.</span> <span class='ocrx_word' id='word_1_481' title='bbox 343 1609 390 1636; x_wconf 79' lang='grc' dir='ltr'>καὶ</span> <span class='ocrx_word' id='word_1_482' title='bbox 401 1609 448 1636; x_wconf 82' lang='grc' dir='ltr'><strong>ἀπ’</strong></span> <span class='ocrx_word' id='word_1_483' title='bbox 462 1609 568 1636; x_wconf 76' lang='grc' dir='ltr'>ἐκείνου</span> <span class='ocrx_word' id='word_1_484' title='bbox 586 1609 731 1646; x_wconf 79' lang='grc' dir='ltr'>θαυμαστὰ</span> <span class='ocrx_word' id='word_1_485' title='bbox 744 1611 848 1646; x_wconf 82' lang='grc' dir='ltr'>γίνεται</span> <span class='ocrx_word' id='word_1_486' title='bbox 862 1611 897 1638; x_wconf 80' lang='grc' dir='ltr'>τὰ</span> 
     </span>
    </p>
   </div>
   <div class='ocr_carea' id='block_1_67' title="bbox 102 1654 895 1691">
    <p class='ocr_par' dir='ltr' id='par_1_67' title="bbox 102 1654 895 1691">
     <span class='ocr_line' id='line_1_67' title="bbox 102 1654 895 1691; baseline 0.001 -9"><span class='ocrx_word' id='word_1_487' title='bbox 102 1656 263 1690; x_wconf 83' lang='grc' dir='ltr'>τελούμενα.</span> <span class='ocrx_word' id='word_1_488' title='bbox 274 1655 350 1682; x_wconf 81' lang='grc' dir='ltr'>Ἐπεὶ</span> <span class='ocrx_word' id='word_1_489' title='bbox 362 1655 409 1682; x_wconf 79' lang='grc' dir='ltr'>καὶ</span> <span class='ocrx_word' id='word_1_490' title='bbox 423 1654 454 1681; x_wconf 82' lang='grc' dir='ltr'>τὸ</span> <span class='ocrx_word' id='word_1_491' title='bbox 469 1654 663 1691; x_wconf 81' lang='grc' dir='ltr'>θυσιαστήριον</span> <span class='ocrx_word' id='word_1_492' title='bbox 673 1655 754 1683; x_wconf 87' lang='grc' dir='ltr'>τοῦτο</span> <span class='ocrx_word' id='word_1_493' title='bbox 767 1656 797 1682; x_wconf 86' lang='grc' dir='ltr'>τὸ</span> <span class='ocrx_word' id='word_1_494' title='bbox 809 1656 895 1688; x_wconf 78' lang='grc' dir='ltr'>ἅγιον,</span> 
     </span>
    </p>
   </div>
   <div class='ocr_carea' id='block_1_68' title="bbox 102 1698 896 1736">
    <p class='ocr_par' dir='ltr' id='par_1_68' title="bbox 102 1698 896 1736">
     <span class='ocr_line' id='line_1_68' title="bbox 102 1698 896 1736; baseline 0.001 -9"><span class='ocrx_word' id='word_1_495' title='bbox 102 1698 127 1736; x_wconf 84' lang='grc' dir='ltr'>ᾧ</span> <span class='ocrx_word' id='word_1_496' title='bbox 145 1701 366 1736; x_wconf 82' lang='grc' dir='ltr'>παρεστήκαμεν,</span> <span class='ocrx_word' id='word_1_497' title='bbox 383 1699 454 1732; x_wconf 82' lang='grc' dir='ltr'>λίθος</span> <span class='ocrx_word' id='word_1_498' title='bbox 470 1700 529 1726; x_wconf 75' lang='grc' dir='ltr'>ἐστὶ</span> <span class='ocrx_word' id='word_1_499' title='bbox 548 1700 618 1727; x_wconf 83' lang='grc' dir='ltr'>κατὰ</span> <span class='ocrx_word' id='word_1_500' title='bbox 632 1700 681 1736; x_wconf 84' lang='grc' dir='ltr'>τὴν</span> <span class='ocrx_word' id='word_1_501' title='bbox 694 1701 774 1736; x_wconf 81' lang='grc' dir='ltr'>φύσιν</span> <span class='ocrx_word' id='word_1_502' title='bbox 791 1702 896 1735; x_wconf 79' lang='grc' dir='ltr'>κοινὸς,</span> 
     </span>
    </p>
   </div>
   <div class='ocr_carea' id='block_1_69' title="bbox 102 1746 898 1783">
    <p class='ocr_par' dir='ltr' id='par_1_69' title="bbox 102 1746 898 1783">
     <span class='ocr_line' id='line_1_69' title="bbox 102 1746 898 1783; baseline 0 -9"><span class='ocrx_word' id='word_1_503' title='bbox 102 1747 181 1774; x_wconf 68' lang='grc' dir='ltr'>οὐδὲν</span> <span class='ocrx_word' id='word_1_504' title='bbox 199 1747 334 1782; x_wconf 77' lang='grc' dir='ltr'>διαφέρων</span> <span class='ocrx_word' id='word_1_505' title='bbox 348 1746 402 1773; x_wconf 88' lang='grc' dir='ltr'>τῶν</span> <span class='ocrx_word' id='word_1_506' title='bbox 419 1746 506 1774; x_wconf 81' lang='grc' dir='ltr'>ἄλλων</span> <span class='ocrx_word' id='word_1_507' title='bbox 522 1746 644 1780; x_wconf 82' lang='grc' dir='ltr'>πλακῶν,</span> <span class='ocrx_word' id='word_1_508' title='bbox 667 1747 695 1774; x_wconf 84' lang='grc' dir='ltr'>αἶ</span> <span class='ocrx_word' id='word_1_509' title='bbox 714 1748 777 1779; x_wconf 76' lang='grc' dir='ltr'>τοὺς</span> <span class='ocrx_word' id='word_1_510' title='bbox 791 1748 898 1783; x_wconf 82' lang='grc' dir='ltr'>τοίχους</span> 
     </span>
    </p>
   </div>
   <div class='ocr_carea' id='block_1_70' title="bbox 104 1792 896 1830">
    <p class='ocr_par' dir='ltr' id='par_1_70' title="bbox 104 1792 896 1830">
     <span class='ocr_line' id='line_1_70' title="bbox 104 1792 896 1830; baseline 0.003 -11"><span class='ocrx_word' id='word_1_511' title='bbox 104 1793 186 1829; x_wconf 83' lang='grc' dir='ltr'>ἡμῶν</span> <span class='ocrx_word' id='word_1_512' title='bbox 211 1792 402 1827; x_wconf 76' lang='grc' dir='ltr'>οἰκοδομοῦσι,</span> <span class='ocrx_word' id='word_1_513' title='bbox 429 1792 475 1818; x_wconf 77' lang='grc' dir='ltr'>καὶ</span> <span class='ocrx_word' id='word_1_514' title='bbox 504 1792 706 1825; x_wconf 76' lang='grc' dir='ltr'>καλλωπίζουσι</span> <span class='ocrx_word' id='word_1_515' title='bbox 735 1794 770 1820; x_wconf 81' lang='grc' dir='ltr'>τὰ</span> <span class='ocrx_word' id='word_1_516' title='bbox 799 1794 896 1830; x_wconf 78' lang='grc' dir='ltr'>ἐδάφη.</span> 
     </span>
    </p>
   </div>
   <div class='ocr_carea' id='block_1_71' title="bbox 112 1836 898 1874">
    <p class='ocr_par' dir='ltr' id='par_1_71' title="bbox 112 1836 898 1874">
     <span class='ocr_line' id='line_1_71' title="bbox 112 1836 898 1874; baseline 0.001 -10"><span class='ocrx_word' id='word_1_517' title='bbox 112 1837 222 1872; x_wconf 82' lang='grc' dir='ltr'>Ἐπειδὴ</span> <span class='ocrx_word' id='word_1_518' title='bbox 245 1837 273 1864; x_wconf 79' lang='grc' dir='ltr'>δὲ</span> <span class='ocrx_word' id='word_1_519' title='bbox 289 1836 445 1872; x_wconf 82' lang='grc' dir='ltr'>καθιερώθη</span> <span class='ocrx_word' id='word_1_520' title='bbox 463 1837 495 1871; x_wconf 85' lang='grc' dir='ltr'>τῇ</span> <span class='ocrx_word' id='word_1_521' title='bbox 513 1836 560 1863; x_wconf 82' lang='grc' dir='ltr'><strong>τοῦ</strong></span> <span class='ocrx_word' id='word_1_522' title='bbox 585 1837 653 1864; x_wconf 80' lang='grc' dir='ltr'>Θεοῦ</span> <span class='ocrx_word' id='word_1_523' title='bbox 671 1837 804 1874; x_wconf 68' lang='grc' dir='ltr'>θεραπείᾳ</span> <span class='ocrx_word' id='word_1_524' title='bbox 816 1859 824 1872; x_wconf 84' lang='grc'><strong>,</strong></span> <span class='ocrx_word' id='word_1_525' title='bbox 850 1840 898 1866; x_wconf 76' lang='grc' dir='ltr'><strong>καὶ</strong></span> 
     </span>
    </p>
   </div>
   <div class='ocr_carea' id='block_1_72' title="bbox 103 1882 898 1920">
    <p class='ocr_par' dir='ltr' id='par_1_72' title="bbox 103 1882 898 1920">
     <span class='ocr_line' id='line_1_72' title="bbox 103 1882 898 1920; baseline 0 -9"><span class='ocrx_word' id='word_1_526' title='bbox 103 1884 157 1919; x_wconf 74' lang='grc' dir='ltr'>τὴν</span> <span class='ocrx_word' id='word_1_527' title='bbox 173 1883 296 1918; x_wconf 82' lang='grc' dir='ltr'>εὐλογίαν</span> <span class='ocrx_word' id='word_1_528' title='bbox 310 1883 432 1915; x_wconf 77' lang='grc' dir='ltr'>ἐδέξατο,</span> <span class='ocrx_word' id='word_1_529' title='bbox 448 1882 505 1909; x_wconf 80' lang='grc' dir='ltr'>ἔστι</span> <span class='ocrx_word' id='word_1_530' title='bbox 523 1883 647 1919; x_wconf 74' lang='grc' dir='ltr'>τράπεζα</span> <span class='ocrx_word' id='word_1_531' title='bbox 659 1884 735 1918; x_wconf 65' lang='grc' dir='ltr'>ἁγία,</span> <span class='ocrx_word' id='word_1_532' title='bbox 752 1885 898 1920; x_wconf 87' lang='grc' dir='ltr'>θυσιαστή-</span> 
     </span>
    </p>
   </div>
   <div class='ocr_carea' id='block_1_73' title="bbox 106 1929 897 1966">
    <p class='ocr_par' dir='ltr' id='par_1_73' title="bbox 106 1929 897 1966">
     <span class='ocr_line' id='line_1_73' title="bbox 106 1929 897 1966; baseline 0.001 -10"><span class='ocrx_word' id='word_1_533' title='bbox 106 1938 167 1966; x_wconf 89' lang='grc' dir='ltr'>ριον</span> <span class='ocrx_word' id='word_1_534' title='bbox 188 1929 331 1964; x_wconf 81' lang='grc' dir='ltr'>ἄχραντον,</span> <span class='ocrx_word' id='word_1_535' title='bbox 350 1929 442 1956; x_wconf 76' lang='grc' dir='ltr'>οὐκέτι</span> <span class='ocrx_word' id='word_1_536' title='bbox 461 1929 535 1964; x_wconf 76' lang='grc' dir='ltr'>παρὰ</span> <span class='ocrx_word' id='word_1_537' title='bbox 559 1929 668 1956; x_wconf 81' lang='grc' dir='ltr'>πάντων</span> <span class='ocrx_word' id='word_1_538' title='bbox 685 1929 897 1966; x_wconf 69' lang='grc' dir='ltr'>ψηλαφώμενον,</span> 
     </span>
    </p>
   </div>
   <div class='ocr_carea' id='block_1_74' title="bbox 105 1974 896 2011">
    <p class='ocr_par' dir='ltr' id='par_1_74' title="bbox 105 1974 896 2011">
     <span class='ocr_line' id='line_1_74' title="bbox 105 1974 896 2011; baseline 0.001 -10"><span class='ocrx_word' id='word_1_539' title='bbox 105 1974 178 2002; x_wconf 81' lang='grc' dir='ltr'>ἀλλὰ</span> <span class='ocrx_word' id='word_1_540' title='bbox 193 1975 272 2010; x_wconf 84' lang='grc' dir='ltr'>μόνον</span> <span class='ocrx_word' id='word_1_541' title='bbox 291 1974 346 2001; x_wconf 82' lang='grc' dir='ltr'>τῶν</span> <span class='ocrx_word' id='word_1_542' title='bbox 367 1975 472 2011; x_wconf 81' lang='grc' dir='ltr'>ἱερέων,</span> <span class='ocrx_word' id='word_1_543' title='bbox 491 1975 538 2001; x_wconf 78' lang='grc' dir='ltr'>καὶ</span> <span class='ocrx_word' id='word_1_544' title='bbox 558 1974 661 2001; x_wconf 79' lang='grc' dir='ltr'>τούτων</span> <span class='ocrx_word' id='word_1_545' title='bbox 680 1975 896 2011; x_wconf 79' lang='grc' dir='ltr'>εὐλαϐουμένων.</span> 
     </span>
    </p>
   </div>
   <div class='ocr_carea' id='block_1_75' title="bbox 111 2020 898 2055">
    <p class='ocr_par' dir='ltr' id='par_1_75' title="bbox 111 2020 898 2055">
     <span class='ocr_line' id='line_1_75' title="bbox 111 2020 898 2055; baseline 0.003 -8"><span class='ocrx_word' id='word_1_546' title='bbox 111 2020 144 2047; x_wconf 88' lang='grc' dir='ltr'>Ὁ</span> <span class='ocrx_word' id='word_1_547' title='bbox 157 2020 237 2055; x_wconf 82' lang='grc' dir='ltr'>ἄρτος</span> <span class='ocrx_word' id='word_1_548' title='bbox 250 2020 330 2047; x_wconf 84' lang='grc' dir='ltr'>πάλιν</span> <span class='ocrx_word' id='word_1_549' title='bbox 345 2021 425 2055; x_wconf 83' lang='grc' dir='ltr'>ἄρτος</span> <span class='ocrx_word' id='word_1_550' title='bbox 441 2021 498 2047; x_wconf 69' lang='grc' dir='ltr'>ἐστὶ</span> <span class='ocrx_word' id='word_1_551' title='bbox 506 2021 574 2052; x_wconf 83' lang='grc' dir='ltr'>τέως</span> <span class='ocrx_word' id='word_1_552' title='bbox 586 2021 674 2052; x_wconf 84' lang='grc' dir='ltr'>κοινός</span> <span class='ocrx_word' id='word_1_553' title='bbox 685 2029 691 2035; x_wconf 95' lang='grc'><strong>·</strong></span> <span class='ocrx_word' id='word_1_554' title='bbox 705 2021 763 2048; x_wconf 71' lang='grc' dir='ltr'>ἀλλ’</span> <span class='ocrx_word' id='word_1_555' title='bbox 772 2023 837 2049; x_wconf 80' lang='grc' dir='ltr'>ὃταν</span> <span class='ocrx_word' id='word_1_556' title='bbox 850 2023 898 2050; x_wconf 77' lang='grc' dir='ltr'><strong>αὺ-</strong></span> 
     </span>
    </p>
   </div>
   <div class='ocr_carea' id='block_1_76' title="bbox 104 2067 898 2103">
    <p class='ocr_par' dir='ltr' id='par_1_76' title="bbox 104 2067 898 2103">
     <span class='ocr_line' id='line_1_76' title="bbox 104 2067 898 2103; baseline 0 -9"><span class='ocrx_word' id='word_1_557' title='bbox 104 2067 155 2094; x_wconf 75' lang='grc' dir='ltr'>τὸν</span> <span class='ocrx_word' id='word_1_558' title='bbox 167 2067 198 2093; x_wconf 76' lang='grc' dir='ltr'>τὸ</span> <span class='ocrx_word' id='word_1_559' title='bbox 213 2067 359 2102; x_wconf 83' lang='grc' dir='ltr'>μυστήριον</span> <span class='ocrx_word' id='word_1_560' title='bbox 373 2067 548 2103; x_wconf 73' lang='grc' dir='ltr'>ἱερουργήσῃ,</span> <span class='ocrx_word' id='word_1_561' title='bbox 564 2067 644 2102; x_wconf 80' lang='grc' dir='ltr'>σῶμα</span> <span class='ocrx_word' id='word_1_562' title='bbox 658 2067 776 2102; x_wconf 84' lang='grc' dir='ltr'>Χριστοῦ</span> <span class='ocrx_word' id='word_1_563' title='bbox 790 2067 898 2102; x_wconf 77' lang='grc' dir='ltr'>λέγεταί</span> 
     </span>
    </p>
   </div>
   <div class='ocr_carea' id='block_1_77' title="bbox 105 2112 899 2148">
    <p class='ocr_par' dir='ltr' id='par_1_77' title="bbox 105 2112 899 2148">
     <span class='ocr_line' id='line_1_77' title="bbox 105 2112 899 2148; baseline 0.003 -8"><span class='ocrx_word' id='word_1_564' title='bbox 105 2122 138 2140; x_wconf 80' lang='grc' dir='ltr'><strong>τε</strong></span> <span class='ocrx_word' id='word_1_565' title='bbox 161 2112 207 2140; x_wconf 79' lang='grc' dir='ltr'><strong>καὶ</strong></span> <span class='ocrx_word' id='word_1_566' title='bbox 227 2113 340 2146; x_wconf 83' lang='grc' dir='ltr'>γίνεται.</span> <span class='ocrx_word' id='word_1_567' title='bbox 359 2113 453 2145; x_wconf 74' lang='grc' dir='ltr'>Οὕτως</span> <span class='ocrx_word' id='word_1_568' title='bbox 472 2113 502 2139; x_wconf 78' lang='grc' dir='ltr'>τὸ</span> <span class='ocrx_word' id='word_1_569' title='bbox 518 2114 647 2148; x_wconf 82' lang='grc' dir='ltr'>μυστικὸν</span> <span class='ocrx_word' id='word_1_570' title='bbox 666 2114 770 2147; x_wconf 77' lang='grc' dir='ltr'>ἔλαιον,</span> <span class='ocrx_word' id='word_1_571' title='bbox 787 2115 873 2147; x_wconf 79' lang='grc' dir='ltr'>οὕτως</span> <span class='ocrx_word' id='word_1_572' title='bbox 885 2116 899 2141; x_wconf 79' lang='grc' dir='ltr'><strong>ό</strong></span> 
     </span>
    </p>
   </div>
   <div class='ocr_carea' id='block_1_78' title="bbox 105 2157 898 2195">
    <p class='ocr_par' dir='ltr' id='par_1_78' title="bbox 105 2157 898 2195">
     <span class='ocr_line' id='line_1_78' title="bbox 105 2157 898 2195; baseline 0.004 -11"><span class='ocrx_word' id='word_1_573' title='bbox 105 2157 180 2189; x_wconf 78' lang='grc' dir='ltr'>οἶνος</span> <span class='ocrx_word' id='word_1_574' title='bbox 191 2167 198 2174; x_wconf 90' lang='grc'><strong>·</strong></span> <span class='ocrx_word' id='word_1_575' title='bbox 211 2158 300 2192; x_wconf 86' lang='grc' dir='ltr'>ὀλίγου</span> <span class='ocrx_word' id='word_1_576' title='bbox 315 2158 386 2190; x_wconf 86' lang='grc' dir='ltr'>τινὸς</span> <span class='ocrx_word' id='word_1_577' title='bbox 397 2158 460 2190; x_wconf 75' lang='grc' dir='ltr'>ἄξια</span> <span class='ocrx_word' id='word_1_578' title='bbox 472 2158 535 2184; x_wconf 77' lang='grc' dir='ltr'>ὄντα</span> <span class='ocrx_word' id='word_1_579' title='bbox 549 2159 601 2194; x_wconf 79' lang='grc' dir='ltr'><strong>πρὸ</strong></span> <span class='ocrx_word' id='word_1_580' title='bbox 617 2159 667 2193; x_wconf 78' lang='grc' dir='ltr'>τῆς</span> <span class='ocrx_word' id='word_1_581' title='bbox 681 2159 815 2193; x_wconf 80' lang='grc' dir='ltr'>εὐλογίας,</span> <span class='ocrx_word' id='word_1_582' title='bbox 829 2161 898 2195; x_wconf 82' lang='grc' dir='ltr'>μετὰ</span> 
     </span>
    </p>
   </div>
   <div class='ocr_carea' id='block_1_79' title="bbox 105 2203 898 2240">
    <p class='ocr_par' dir='ltr' id='par_1_79' title="bbox 105 2203 898 2240">
     <span class='ocr_line' id='line_1_79' title="bbox 105 2203 898 2240; baseline 0.003 -10"><span class='ocrx_word' id='word_1_583' title='bbox 105 2203 154 2230; x_wconf 68' lang='grc' dir='ltr'><strong>τον</strong></span> <span class='ocrx_word' id='word_1_584' title='bbox 175 2203 308 2238; x_wconf 84' lang='grc' dir='ltr'>ἁγιασμὸν</span> <span class='ocrx_word' id='word_1_585' title='bbox 327 2203 372 2230; x_wconf 82' lang='grc' dir='ltr'><strong>τὸν</strong></span> <span class='ocrx_word' id='word_1_586' title='bbox 392 2203 439 2229; x_wconf 84' lang='grc' dir='ltr'><strong>τοῦ</strong></span> <span class='ocrx_word' id='word_1_587' title='bbox 465 2203 638 2238; x_wconf 84' lang='grc' dir='ltr'>Πνεύματος,</span> <span class='ocrx_word' id='word_1_588' title='bbox 661 2204 791 2240; x_wconf 77' lang='grc' dir='ltr'>ἑκάτερον</span> <span class='ocrx_word' id='word_1_589' title='bbox 807 2205 898 2232; x_wconf 82' lang='grc' dir='ltr'>αὐτῶν</span> 
     </span>
    </p>
   </div>
   <div class='ocr_carea' id='block_1_80' title="bbox 106 2248 374 2285">
    <p class='ocr_par' dir='ltr' id='par_1_80' title="bbox 106 2248 374 2285">
     <span class='ocr_line' id='line_1_80' title="bbox 106 2248 374 2285; baseline -0.007 -9"><span class='ocrx_word' id='word_1_590' title='bbox 106 2251 216 2285; x_wconf 73' lang='grc' dir='ltr'>ἐνεργεῖ</span> <span class='ocrx_word' id='word_1_591' title='bbox 230 2248 374 2283; x_wconf 84' lang='grc' dir='ltr'>διαφόρως.</span> 
     </span>
    </p>
   </div>
   <div class='ocr_carea' id='block_1_81' title="bbox 949 1609 1741 1644">
    <p class='ocr_par' dir='ltr' id='par_1_81' title="bbox 949 1609 1741 1644">
     <span class='ocr_line' id='line_1_81' title="bbox 949 1609 1741 1644; baseline -0.006 -7"><span class='ocrx_word' id='word_1_592' title='bbox 949 1611 1100 1642; x_wconf 81' lang='lat' dir='ltr'><strong>lavacrum,</strong></span> <span class='ocrx_word' id='word_1_593' title='bbox 1131 1617 1220 1644; x_wconf 87' lang='lat' dir='ltr'><strong>neque</strong></span> <span class='ocrx_word' id='word_1_594' title='bbox 1248 1609 1272 1636; x_wconf 91' lang='lat' dir='ltr'><strong>id</strong></span> <span class='ocrx_word' id='word_1_595' title='bbox 1301 1613 1433 1644; x_wconf 82' lang='lat' dir='ltr'><strong>tauquam</strong></span> <span class='ocrx_word' id='word_1_596' title='bbox 1459 1616 1604 1635; x_wconf 84' lang='lat' dir='ltr'><strong>commune</strong></span> <span class='ocrx_word' id='word_1_597' title='bbox 1630 1612 1741 1643; x_wconf 75' lang='lat' dir='ltr'><strong>pl‘Oplt-t&#39;</strong></span> 
     </span>
    </p>
   </div>
   <div class='ocr_carea' id='block_1_82' title="bbox 949 1652 1738 1689">
    <p class='ocr_par' dir='ltr' id='par_1_82' title="bbox 949 1652 1738 1689">
     <span class='ocr_line' id='line_1_82' title="bbox 949 1652 1738 1689; baseline -0.004 -8"><span class='ocrx_word' id='word_1_598' title='bbox 949 1661 1029 1682; x_wconf 87' lang='lat' dir='ltr'><strong>usum</strong></span> <span class='ocrx_word' id='word_1_599' title='bbox 1050 1661 1131 1688; x_wconf 56' lang='lat' dir='ltr'><strong>aqua;</strong></span> <span class='ocrx_word' id='word_1_600' title='bbox 1145 1654 1220 1689; x_wconf 87' lang='lat' dir='ltr'><strong>parvi</strong></span> <span class='ocrx_word' id='word_1_601' title='bbox 1246 1653 1343 1685; x_wconf 79' lang='lat' dir='ltr'><strong>facias,</strong></span> <span class='ocrx_word' id='word_1_602' title='bbox 1366 1657 1393 1680; x_wconf 83' lang='lat' dir='ltr'><strong>et</strong></span> <span class='ocrx_word' id='word_1_603' title='bbox 1414 1652 1466 1680; x_wconf 90' lang='lat' dir='ltr'><strong>levi</strong></span> <span class='ocrx_word' id='word_1_604' title='bbox 1492 1656 1629 1679; x_wconf 85' lang='lat' dir='ltr'><strong>momento</strong></span> <span class='ocrx_word' id='word_1_605' title='bbox 1642 1652 1738 1679; x_wconf 74' lang='lat' dir='ltr'><strong>duras.</strong></span> 
     </span>
    </p>
   </div>
   <div class='ocr_carea' id='block_1_83' title="bbox 949 1699 1741 1735">
    <p class='ocr_par' dir='ltr' id='par_1_83' title="bbox 949 1699 1741 1735">
     <span class='ocr_line' id='line_1_83' title="bbox 949 1699 1741 1735; baseline -0.003 -9"><span class='ocrx_word' id='word_1_606' title='bbox 949 1699 1015 1726; x_wconf 79' lang='lat' dir='ltr'><strong>Nam</strong></span> <span class='ocrx_word' id='word_1_607' title='bbox 1034 1700 1072 1732; x_wconf 91' lang='lat' dir='ltr'><strong>id,</strong></span> <span class='ocrx_word' id='word_1_608' title='bbox 1093 1699 1166 1734; x_wconf 87' lang='lat' dir='ltr'><strong>quod</strong></span> <span class='ocrx_word' id='word_1_609' title='bbox 1190 1703 1331 1735; x_wconf 85' lang='lat' dir='ltr'><strong>operatur,</strong></span> <span class='ocrx_word' id='word_1_610' title='bbox 1357 1707 1484 1734; x_wconf 80' lang='lat' dir='ltr'><strong>magnum</strong></span> <span class='ocrx_word' id='word_1_611' title='bbox 1506 1703 1558 1730; x_wconf 89' lang='lat' dir='ltr'><strong>est,</strong></span> <span class='ocrx_word' id='word_1_612' title='bbox 1582 1702 1610 1725; x_wconf 80' lang='lat' dir='ltr'><strong>et</strong></span> <span class='ocrx_word' id='word_1_613' title='bbox 1635 1699 1670 1725; x_wconf 86' lang='lat' dir='ltr'><strong>ab</strong></span> <span class='ocrx_word' id='word_1_614' title='bbox 1694 1699 1741 1724; x_wconf 89' lang='lat' dir='ltr'><strong>ilo</strong></span> 
     </span>
    </p>
   </div>
   <div class='ocr_carea' id='block_1_84' title="bbox 949 1744 1741 1785">
    <p class='ocr_par' dir='ltr' id='par_1_84' title="bbox 949 1744 1741 1785">
     <span class='ocr_line' id='line_1_84' title="bbox 949 1744 1741 1785; baseline -0.004 -12"><span class='ocrx_word' id='word_1_615' title='bbox 949 1746 1090 1774; x_wconf 83' lang='lat' dir='ltr'><strong>mirabiles</strong></span> <span class='ocrx_word' id='word_1_616' title='bbox 1109 1745 1249 1773; x_wconf 83' lang='lat' dir='ltr'><strong>exsistunt</strong></span> <span class='ocrx_word' id='word_1_617' title='bbox 1276 1745 1401 1772; x_wconf 75' lang='lat' dir='ltr'><strong>ellectus.</strong></span> <span class='ocrx_word' id='word_1_618' title='bbox 1426 1744 1494 1785; x_wconf 72' lang='lat' dir='ltr'><strong>l\&#39;:tm</strong></span> <span class='ocrx_word' id='word_1_619' title='bbox 1521 1749 1548 1772; x_wconf 91' lang='lat' dir='ltr'><strong>et</strong></span> <span class='ocrx_word' id='word_1_620' title='bbox 1577 1745 1664 1770; x_wconf 86' lang='lat' dir='ltr'><strong>altare</strong></span> <span class='ocrx_word' id='word_1_621' title='bbox 1689 1744 1741 1770; x_wconf 80' lang='lat' dir='ltr'><strong>huc</strong></span> 
     </span>
    </p>
   </div>
   <div class='ocr_carea' id='block_1_85' title="bbox 949 1792 1742 1827">
    <p class='ocr_par' dir='ltr' id='par_1_85' title="bbox 949 1792 1742 1827">
     <span class='ocr_line' id='line_1_85' title="bbox 949 1792 1742 1827; baseline -0.005 -7"><span class='ocrx_word' id='word_1_622' title='bbox 949 1797 1087 1825; x_wconf 83' lang='lat' dir='ltr'><strong>sanctum,</strong></span> <span class='ocrx_word' id='word_1_623' title='bbox 1103 1792 1146 1819; x_wconf 88' lang='lat' dir='ltr'><strong>cui</strong></span> <span class='ocrx_word' id='word_1_624' title='bbox 1169 1792 1338 1822; x_wconf 81' lang='lat' dir='ltr'><strong>assistimus,</strong></span> <span class='ocrx_word' id='word_1_625' title='bbox 1357 1792 1426 1827; x_wconf 80' lang='lat' dir='ltr'><strong>lapis</strong></span> <span class='ocrx_word' id='word_1_626' title='bbox 1446 1796 1488 1819; x_wconf 87' lang='lat' dir='ltr'><strong>est</strong></span> <span class='ocrx_word' id='word_1_627' title='bbox 1505 1796 1603 1818; x_wconf 83' lang='lat' dir='ltr'><strong>natura</strong></span> <span class='ocrx_word' id='word_1_628' title='bbox 1618 1798 1742 1817; x_wconf 82' lang='lat' dir='ltr'><strong>cornutu-</strong></span> 
     </span>
    </p>
   </div>
   <div class='ocr_carea' id='block_1_86' title="bbox 948 1837 1743 1872">
    <p class='ocr_par' dir='ltr' id='par_1_86' title="bbox 948 1837 1743 1872">
     <span class='ocr_line' id='line_1_86' title="bbox 948 1837 1743 1872; baseline -0.005 -6"><span class='ocrx_word' id='word_1_629' title='bbox 948 1839 1004 1872; x_wconf 89' lang='lat' dir='ltr'><strong>nis,</strong></span> <span class='ocrx_word' id='word_1_630' title='bbox 1023 1839 1091 1866; x_wconf 85' lang='lat' dir='ltr'><strong>nihil</strong></span> <span class='ocrx_word' id='word_1_631' title='bbox 1103 1838 1233 1865; x_wconf 80' lang='lat' dir='ltr'><strong>dillcrens</strong></span> <span class='ocrx_word' id='word_1_632' title='bbox 1248 1838 1282 1865; x_wconf 85' lang='lat' dir='ltr'><strong>ab</strong></span> <span class='ocrx_word' id='word_1_633' title='bbox 1298 1838 1359 1865; x_wconf 89' lang='lat' dir='ltr'><strong>aliis</strong></span> <span class='ocrx_word' id='word_1_634' title='bbox 1373 1838 1476 1864; x_wconf 90' lang='lat' dir='ltr'><strong>crustis</strong></span> <span class='ocrx_word' id='word_1_635' title='bbox 1494 1837 1619 1871; x_wconf 78' lang='lat' dir='ltr'><strong>lapideis,</strong></span> <span class='ocrx_word' id='word_1_636' title='bbox 1634 1843 1666 1863; x_wconf 77' lang='lat' dir='ltr'><strong>ex</strong></span> <span class='ocrx_word' id='word_1_637' title='bbox 1684 1837 1743 1870; x_wconf 74' lang='lat' dir='ltr'><strong>qui-</strong></span> 
     </span>
    </p>
   </div>
   <div class='ocr_carea' id='block_1_87' title="bbox 949 1882 1742 1920">
    <p class='ocr_par' dir='ltr' id='par_1_87' title="bbox 949 1882 1742 1920">
     <span class='ocr_line' id='line_1_87' title="bbox 949 1882 1742 1920; baseline -0.006 -7"><span class='ocrx_word' id='word_1_638' title='bbox 949 1886 1000 1913; x_wconf 87' lang='lat' dir='ltr'><strong>bus</strong></span> <span class='ocrx_word' id='word_1_639' title='bbox 1029 1886 1151 1920; x_wconf 77' lang='lat' dir='ltr'><strong>parietes</strong></span> <span class='ocrx_word' id='word_1_640' title='bbox 1180 1884 1268 1912; x_wconf 88' lang='lat' dir='ltr'><strong>nostri</strong></span> <span class='ocrx_word' id='word_1_641' title='bbox 1297 1888 1498 1916; x_wconf 78' lang='lat' dir='ltr'><strong>cxstruuntur,</strong></span> <span class='ocrx_word' id='word_1_642' title='bbox 1526 1887 1554 1910; x_wconf 82' lang='lat' dir='ltr'><strong>et</strong></span> <span class='ocrx_word' id='word_1_643' title='bbox 1587 1882 1742 1917; x_wconf 78' lang='lat' dir='ltr'><strong>pavimenta</strong></span> 
     </span>
    </p>
   </div>
   <div class='ocr_carea' id='block_1_88' title="bbox 949 1930 1740 1966">
    <p class='ocr_par' dir='ltr' id='par_1_88' title="bbox 949 1930 1740 1966">
     <span class='ocr_line' id='line_1_88' title="bbox 949 1930 1740 1966; baseline -0.006 -7"><span class='ocrx_word' id='word_1_644' title='bbox 949 1938 1128 1960; x_wconf 76' lang='lat' dir='ltr'><strong>exornantur.</strong></span> <span class='ocrx_word' id='word_1_645' title='bbox 1146 1931 1198 1958; x_wconf 87' lang='lat' dir='ltr'><strong>Sed</strong></span> <span class='ocrx_word' id='word_1_646' title='bbox 1215 1931 1345 1966; x_wconf 85' lang='lat' dir='ltr'><strong>quoniam</strong></span> <span class='ocrx_word' id='word_1_647' title='bbox 1370 1930 1417 1958; x_wconf 88' lang='lat' dir='ltr'><strong>Dei</strong></span> <span class='ocrx_word' id='word_1_648' title='bbox 1440 1931 1527 1957; x_wconf 82' lang='lat' dir='ltr'><strong>cultui</strong></span> <span class='ocrx_word' id='word_1_649' title='bbox 1551 1935 1740 1956; x_wconf 85' lang='lat' dir='ltr'><strong>consecratum</strong></span> 
     </span>
    </p>
   </div>
   <div class='ocr_carea' id='block_1_89' title="bbox 950 1974 1740 2012">
    <p class='ocr_par' dir='ltr' id='par_1_89' title="bbox 950 1974 1740 2012">
     <span class='ocr_line' id='line_1_89' title="bbox 950 1974 1740 2012; baseline -0.008 -8"><span class='ocrx_word' id='word_1_650' title='bbox 950 1982 1032 2012; x_wconf 82' lang='lat' dir='ltr'><strong>atque</strong></span> <span class='ocrx_word' id='word_1_651' title='bbox 1056 1977 1211 2004; x_wconf 85' lang='lat' dir='ltr'><strong>dedicatum</strong></span> <span class='ocrx_word' id='word_1_652' title='bbox 1235 1982 1286 2008; x_wconf 86' lang='lat' dir='ltr'><strong>est,</strong></span> <span class='ocrx_word' id='word_1_653' title='bbox 1316 1984 1349 2003; x_wconf 86' lang='lat' dir='ltr'><strong>ac</strong></span> <span class='ocrx_word' id='word_1_654' title='bbox 1380 1975 1600 2003; x_wconf 84' lang='lat' dir='ltr'><strong>benedictionem</strong></span> <span class='ocrx_word' id='word_1_655' title='bbox 1624 1974 1740 2007; x_wconf 84' lang='lat' dir='ltr'><strong>accepit,</strong></span> 
     </span>
    </p>
   </div>
   <div class='ocr_carea' id='block_1_90' title="bbox 951 2019 1741 2054">
    <p class='ocr_par' dir='ltr' id='par_1_90' title="bbox 951 2019 1741 2054">
     <span class='ocr_line' id='line_1_90' title="bbox 951 2019 1741 2054; baseline -0.006 -4"><span class='ocrx_word' id='word_1_656' title='bbox 951 2031 1044 2051; x_wconf 86' lang='lat' dir='ltr'><strong>mensa</strong></span> <span class='ocrx_word' id='word_1_657' title='bbox 1062 2028 1168 2054; x_wconf 86' lang='lat' dir='ltr'><strong>sancta,</strong></span> <span class='ocrx_word' id='word_1_658' title='bbox 1193 2023 1279 2049; x_wconf 83' lang='lat' dir='ltr'><strong>altare</strong></span> <span class='ocrx_word' id='word_1_659' title='bbox 1301 2022 1504 2049; x_wconf 87' lang='lat' dir='ltr'><strong>immaculatum</strong></span> <span class='ocrx_word' id='word_1_660' title='bbox 1527 2025 1580 2053; x_wconf 87' lang='lat' dir='ltr'><strong>est,</strong></span> <span class='ocrx_word' id='word_1_661' title='bbox 1596 2019 1668 2054; x_wconf 90' lang='lat' dir='ltr'><strong>quod</strong></span> <span class='ocrx_word' id='word_1_662' title='bbox 1685 2027 1741 2046; x_wconf 92' lang='lat' dir='ltr'><strong>non</strong></span> 
     </span>
    </p>
   </div>
   <div class='ocr_carea' id='block_1_91' title="bbox 950 2065 1740 2105">
    <p class='ocr_par' dir='ltr' id='par_1_91' title="bbox 950 2065 1740 2105">
     <span class='ocr_line' id='line_1_91' title="bbox 950 2065 1740 2105; baseline -0.008 -9"><span class='ocrx_word' id='word_1_663' title='bbox 950 2071 1069 2105; x_wconf 73' lang='lat' dir='ltr'><strong>amplius</strong></span> <span class='ocrx_word' id='word_1_664' title='bbox 1086 2070 1120 2096; x_wconf 87' lang='lat' dir='ltr'><strong>ab</strong></span> <span class='ocrx_word' id='word_1_665' title='bbox 1135 2069 1274 2100; x_wconf 88' lang='lat' dir='ltr'><strong>omnibus,</strong></span> <span class='ocrx_word' id='word_1_666' title='bbox 1294 2069 1339 2096; x_wconf 87' lang='lat' dir='ltr'><strong>sed</strong></span> <span class='ocrx_word' id='word_1_667' title='bbox 1363 2076 1377 2094; x_wconf 92' lang='lat' dir='ltr'><strong>a</strong></span> <span class='ocrx_word' id='word_1_668' title='bbox 1399 2068 1465 2095; x_wconf 84' lang='lat' dir='ltr'><strong>solis</strong></span> <span class='ocrx_word' id='word_1_669' title='bbox 1489 2066 1676 2094; x_wconf 76' lang='lat' dir='ltr'><strong>sacerdotibus</strong></span> <span class='ocrx_word' id='word_1_670' title='bbox 1693 2065 1740 2092; x_wconf 85' lang='lat' dir='ltr'><strong>iis-</strong></span> 
     </span>
    </p>
   </div>
   <div class='ocr_carea' id='block_1_92' title="bbox 950 2111 1740 2150">
    <p class='ocr_par' dir='ltr' id='par_1_92' title="bbox 950 2111 1740 2150">
     <span class='ocr_line' id='line_1_92' title="bbox 950 2111 1740 2150; baseline -0.006 -7"><span class='ocrx_word' id='word_1_671' title='bbox 950 2124 1002 2150; x_wconf 84' lang='lat' dir='ltr'><strong>que</strong></span> <span class='ocrx_word' id='word_1_672' title='bbox 1019 2116 1216 2142; x_wconf 82' lang='lat' dir='ltr'><strong>venerantibus</strong></span> <span class='ocrx_word' id='word_1_673' title='bbox 1232 2117 1429 2141; x_wconf 83' lang='lat' dir='ltr'><strong>contrectatur.</strong></span> <span class='ocrx_word' id='word_1_674' title='bbox 1456 2112 1539 2139; x_wconf 82' lang='lat' dir='ltr'><strong>Panis</strong></span> <span class='ocrx_word' id='word_1_675' title='bbox 1564 2113 1640 2142; x_wconf 79' lang='lat' dir='ltr'><strong>item,</strong></span> <span class='ocrx_word' id='word_1_676' title='bbox 1662 2111 1740 2146; x_wconf 84' lang='lat' dir='ltr'><strong>panis</strong></span> 
     </span>
    </p>
   </div>
   <div class='ocr_carea' id='block_1_93' title="bbox 950 2158 1740 2194">
    <p class='ocr_par' dir='ltr' id='par_1_93' title="bbox 950 2158 1740 2194">
     <span class='ocr_line' id='line_1_93' title="bbox 950 2158 1740 2194; baseline -0.008 -5"><span class='ocrx_word' id='word_1_677' title='bbox 950 2167 992 2189; x_wconf 88' lang='lat' dir='ltr'><strong>est</strong></span> <span class='ocrx_word' id='word_1_678' title='bbox 1006 2161 1085 2188; x_wconf 84' lang='lat' dir='ltr'><strong>initio</strong></span> <span class='ocrx_word' id='word_1_679' title='bbox 1100 2160 1276 2192; x_wconf 87' lang='lat' dir='ltr'><strong>communis;</strong></span> <span class='ocrx_word' id='word_1_680' title='bbox 1294 2159 1341 2187; x_wconf 90' lang='lat' dir='ltr'><strong>sed</strong></span> <span class='ocrx_word' id='word_1_681' title='bbox 1361 2159 1406 2186; x_wconf 87' lang='lat' dir='ltr'><strong>ubi</strong></span> <span class='ocrx_word' id='word_1_682' title='bbox 1429 2166 1491 2185; x_wconf 76' lang='lat' dir='ltr'><strong>eum</strong></span> <span class='ocrx_word' id='word_1_683' title='bbox 1514 2158 1674 2194; x_wconf 87' lang='lat' dir='ltr'><strong>mysterium</strong></span> <span class='ocrx_word' id='word_1_684' title='bbox 1697 2164 1740 2184; x_wconf 79' lang='lat' dir='ltr'><strong>sa-</strong></span> 
     </span>
    </p>
   </div>
   <div class='ocr_carea' id='block_1_94' title="bbox 951 2202 1740 2240">
    <p class='ocr_par' dir='ltr' id='par_1_94' title="bbox 951 2202 1740 2240">
     <span class='ocr_line' id='line_1_94' title="bbox 951 2202 1740 2240; baseline -0.006 -7"><span class='ocrx_word' id='word_1_685' title='bbox 951 2206 1127 2237; x_wconf 82' lang='lat' dir='ltr'><strong>criﬁcaverit,</strong></span> <span class='ocrx_word' id='word_1_686' title='bbox 1149 2213 1250 2240; x_wconf 85' lang='lat' dir='ltr'><strong>corpus</strong></span> <span class='ocrx_word' id='word_1_687' title='bbox 1265 2204 1366 2232; x_wconf 85' lang='lat' dir='ltr'><strong>Christi</strong></span> <span class='ocrx_word' id='word_1_688' title='bbox 1391 2204 1419 2230; x_wconf 84' lang='lat' dir='ltr'><strong>lit</strong></span> <span class='ocrx_word' id='word_1_689' title='bbox 1437 2207 1464 2231; x_wconf 89' lang='lat' dir='ltr'><strong>et</strong></span> <span class='ocrx_word' id='word_1_690' title='bbox 1481 2203 1593 2230; x_wconf 73' lang='lat' dir='ltr'><strong>dicitur.</strong></span> <span class='ocrx_word' id='word_1_691' title='bbox 1619 2202 1665 2229; x_wconf 84' lang='lat' dir='ltr'><strong>Sic</strong></span> <span class='ocrx_word' id='word_1_692' title='bbox 1681 2210 1740 2237; x_wconf 88' lang='lat' dir='ltr'><strong>my-</strong></span> 
     </span>
    </p>
   </div>
   <div class='ocr_carea' id='block_1_95' title="bbox 915 2248 1741 2284">
    <p class='ocr_par' dir='ltr' id='par_1_95' title="bbox 915 2248 1741 2284">
     <span class='ocr_line' id='line_1_95' title="bbox 915 2248 1741 2284; baseline -0.004 -7"><span class='ocrx_word' id='word_1_693' title='bbox 915 2249 1052 2279; x_wconf 85' lang='lat' dir='ltr'><strong>Dstienm</strong></span> <span class='ocrx_word' id='word_1_694' title='bbox 1084 2252 1185 2284; x_wconf 89' lang='lat' dir='ltr'><strong>olettm,</strong></span> <span class='ocrx_word' id='word_1_695' title='bbox 1213 2251 1253 2279; x_wconf 84' lang='lat' dir='ltr'><strong>sic</strong></span> <span class='ocrx_word' id='word_1_696' title='bbox 1279 2251 1384 2283; x_wconf 85' lang='lat' dir='ltr'><strong>vinum,</strong></span> <span class='ocrx_word' id='word_1_697' title='bbox 1412 2257 1473 2277; x_wconf 92' lang='lat' dir='ltr'><strong>cum</strong></span> <span class='ocrx_word' id='word_1_698' title='bbox 1499 2250 1554 2276; x_wconf 91' lang='lat' dir='ltr'><strong>sint</strong></span> <span class='ocrx_word' id='word_1_699' title='bbox 1582 2257 1624 2276; x_wconf 85' lang='lat' dir='ltr'><strong>res</strong></span> <span class='ocrx_word' id='word_1_700' title='bbox 1653 2248 1741 2283; x_wconf 73' lang='lat' dir='ltr'><strong>exigui</strong></span> 
     </span>
    </p>
   </div>
   <div class='ocr_carea' id='block_1_96' title="bbox 106 2295 1744 2334">
    <p class='ocr_par' dir='ltr' id='par_1_96' title="bbox 106 2295 1744 2334">
     <span class='ocr_line' id='line_1_96' title="bbox 106 2295 1744 2334; baseline -0.001 -11"><span class='ocrx_word' id='word_1_701' title='bbox 106 2297 189 2331; x_wconf 88' lang='lat' dir='ltr'><strong>pretii</strong></span> <span class='ocrx_word' id='word_1_702' title='bbox 213 2300 277 2323; x_wconf 88' lang='lat' dir='ltr'><strong>ante</strong></span> <span class='ocrx_word' id='word_1_703' title='bbox 300 2295 531 2326; x_wconf 78' lang='lat' dir='ltr'><strong>benedictionem.</strong></span> <span class='ocrx_word' id='word_1_704' title='bbox 556 2299 617 2329; x_wconf 81' lang='lat' dir='ltr'><strong>post</strong></span> <span class='ocrx_word' id='word_1_705' title='bbox 643 2296 902 2330; x_wconf 83' lang='lat' dir='ltr'><strong>sanctiﬁcatiouem,</strong></span> <span class='ocrx_word' id='word_1_706' title='bbox 935 2307 997 2334; x_wconf 68' lang='lat' dir='ltr'><strong>qua:</strong></span> <span class='ocrx_word' id='word_1_707' title='bbox 1022 2307 1037 2326; x_wconf 72' lang='grc' dir='ltr'><strong>ιι</strong></span> <span class='ocrx_word' id='word_1_708' title='bbox 1065 2298 1169 2334; x_wconf 85' lang='lat' dir='ltr'><strong>Spiritu</strong></span> <span class='ocrx_word' id='word_1_709' title='bbox 1193 2297 1327 2333; x_wconf 79' lang='lat' dir='ltr'><strong>procedit,</strong></span> <span class='ocrx_word' id='word_1_710' title='bbox 1354 2302 1499 2332; x_wconf 88' lang='lat' dir='ltr'><strong>utrumque</strong></span> <span class='ocrx_word' id='word_1_711' title='bbox 1536 2304 1630 2323; x_wconf 88' lang='lat' dir='ltr'><strong>eoruttt</strong></span> <span class='ocrx_word' id='word_1_712' title='bbox 1654 2295 1744 2322; x_wconf 72' lang='lat' dir='ltr'><strong>excel-</strong></span> 
     </span>
    </p>
   </div>
   <div class='ocr_carea' id='block_1_97' title="bbox 107 2345 351 2378">
    <p class='ocr_par' dir='ltr' id='par_1_97' title="bbox 107 2345 351 2378">
     <span class='ocr_line' id='line_1_97' title="bbox 107 2345 351 2378; baseline 0 -8"><span class='ocrx_word' id='word_1_713' title='bbox 107 2345 197 2372; x_wconf 84' lang='lat' dir='ltr'><strong>lenter</strong></span> <span class='ocrx_word' id='word_1_714' title='bbox 212 2348 351 2378; x_wconf 80' lang='lat' dir='ltr'><strong>operatur.</strong></span> 
     </span>
    </p>
   </div>
   <div class='ocr_carea' id='block_1_98' title="bbox 148 2390 900 2427">
    <p class='ocr_par' dir='ltr' id='par_1_98' title="bbox 148 2390 900 2427">
     <span class='ocr_line' id='line_1_98' title="bbox 148 2390 900 2427; baseline 0.004 -10"><span class='ocrx_word' id='word_1_715' title='bbox 148 2393 182 2418; x_wconf 80' lang='grc' dir='ltr'><strong>ἸΙ</strong></span> <span class='ocrx_word' id='word_1_716' title='bbox 199 2391 269 2426; x_wconf 78' lang='grc' dir='ltr'>αὑτὴ</span> <span class='ocrx_word' id='word_1_717' title='bbox 280 2392 309 2418; x_wconf 77' lang='grc' dir='ltr'>δὲ</span> <span class='ocrx_word' id='word_1_718' title='bbox 321 2390 368 2417; x_wconf 72' lang='grc' dir='ltr'><strong>τοῦ</strong></span> <span class='ocrx_word' id='word_1_719' title='bbox 382 2391 460 2425; x_wconf 86' lang='grc' dir='ltr'>λόγου</span> <span class='ocrx_word' id='word_1_720' title='bbox 477 2391 603 2426; x_wconf 71' lang='grc' dir='ltr'>δύναμις,</span> <span class='ocrx_word' id='word_1_721' title='bbox 620 2391 667 2418; x_wconf 73' lang='grc' dir='ltr'>καὶ</span> <span class='ocrx_word' id='word_1_722' title='bbox 679 2392 723 2418; x_wconf 81' lang='grc' dir='ltr'>τὸν</span> <span class='ocrx_word' id='word_1_723' title='bbox 737 2392 812 2427; x_wconf 73' lang='grc' dir='ltr'>ἱερέα</span> <span class='ocrx_word' id='word_1_724' title='bbox 829 2395 900 2420; x_wconf 84' lang='grc' dir='ltr'>ποιεῖ</span> 
     </span>
    </p>
   </div>
   <div class='ocr_carea' id='block_1_99' title="bbox 107 2437 900 2475">
    <p class='ocr_par' dir='ltr' id='par_1_99' title="bbox 107 2437 900 2475">
     <span class='ocr_line' id='line_1_99' title="bbox 107 2437 900 2475; baseline 0.001 -10"><span class='ocrx_word' id='word_1_725' title='bbox 107 2438 208 2473; x_wconf 76' lang='grc' dir='ltr'>σεμνὸν</span> <span class='ocrx_word' id='word_1_726' title='bbox 225 2438 272 2464; x_wconf 80' lang='grc' dir='ltr'>καὶ</span> <span class='ocrx_word' id='word_1_727' title='bbox 290 2437 392 2472; x_wconf 85' lang='grc' dir='ltr'>τίμιον,</span> <span class='ocrx_word' id='word_1_728' title='bbox 413 2438 446 2472; x_wconf 86' lang='grc' dir='ltr'><strong>τῇ</strong></span> <span class='ocrx_word' id='word_1_729' title='bbox 467 2438 607 2473; x_wconf 85' lang='grc' dir='ltr'>καινότητι</span> <span class='ocrx_word' id='word_1_730' title='bbox 631 2439 681 2473; x_wconf 82' lang='grc' dir='ltr'>τῆς</span> <span class='ocrx_word' id='word_1_731' title='bbox 705 2439 830 2474; x_wconf 76' lang='grc' dir='ltr'>εὐλογίας</span> <span class='ocrx_word' id='word_1_732' title='bbox 851 2440 900 2475; x_wconf 85' lang='grc' dir='ltr'>τῆς</span> 
     </span>
    </p>
   </div>
   <div class='ocr_carea' id='block_1_100' title="bbox 106 2482 900 2520">
    <p class='ocr_par' dir='ltr' id='par_1_100' title="bbox 106 2482 900 2520">
     <span class='ocr_line' id='line_1_100' title="bbox 106 2482 900 2520; baseline 0.001 -9"><span class='ocrx_word' id='word_1_733' title='bbox 106 2485 175 2519; x_wconf 79' lang='grc' dir='ltr'>πρὸς</span> <span class='ocrx_word' id='word_1_734' title='bbox 191 2484 253 2514; x_wconf 75' lang='grc' dir='ltr'>τοὺς</span> <span class='ocrx_word' id='word_1_735' title='bbox 265 2483 378 2514; x_wconf 69' lang='grc' dir='ltr'>πολλοὺς</span> <span class='ocrx_word' id='word_1_736' title='bbox 393 2482 546 2517; x_wconf 84' lang='grc' dir='ltr'>κοινότητος</span> <span class='ocrx_word' id='word_1_737' title='bbox 559 2483 751 2519; x_wconf 81' lang='grc' dir='ltr'>χωριζόμενον.</span> <span class='ocrx_word' id='word_1_738' title='bbox 765 2485 836 2516; x_wconf 75' lang='grc' dir='ltr'>Χθὲς</span> <span class='ocrx_word' id='word_1_739' title='bbox 846 2486 900 2520; x_wconf 84' lang='grc' dir='ltr'><strong>γὰρ</strong></span> 
     </span>
    </p>
   </div>
   <div class='ocr_carea' id='block_1_101' title="bbox 106 2525 898 2563">
    <p class='ocr_par' dir='ltr' id='par_1_101' title="bbox 106 2525 898 2563">
     <span class='ocr_line' id='line_1_101' title="bbox 106 2525 898 2563; baseline 0 -8"><span class='ocrx_word' id='word_1_740' title='bbox 106 2530 154 2556; x_wconf 75' lang='grc' dir='ltr'>καὶ</span> <span class='ocrx_word' id='word_1_741' title='bbox 172 2527 270 2563; x_wconf 83' lang='grc' dir='ltr'>πρώην</span> <span class='ocrx_word' id='word_1_742' title='bbox 286 2525 326 2559; x_wconf 81' lang='grc' dir='ltr'>εἷς</span> <span class='ocrx_word' id='word_1_743' title='bbox 341 2527 471 2562; x_wconf 83' lang='grc' dir='ltr'>ὑπάρχων</span> <span class='ocrx_word' id='word_1_744' title='bbox 487 2527 540 2553; x_wconf 83' lang='grc' dir='ltr'>τῶν</span> <span class='ocrx_word' id='word_1_745' title='bbox 557 2528 662 2555; x_wconf 77' lang='grc' dir='ltr'>πολλῶν</span> <span class='ocrx_word' id='word_1_746' title='bbox 679 2529 723 2555; x_wconf 76' lang='grc' dir='ltr'>καὶ</span> <span class='ocrx_word' id='word_1_747' title='bbox 743 2531 787 2556; x_wconf 67' lang='grc' dir='ltr'><strong>τοῦ</strong></span> <span class='ocrx_word' id='word_1_748' title='bbox 801 2530 898 2563; x_wconf 62' lang='grc' dir='ltr'>δήμου,</span> 
     </span>
    </p>
   </div>
   <div class='ocr_carea' id='block_1_102' title="bbox 105 2573 899 2610">
    <p class='ocr_par' dir='ltr' id='par_1_102' title="bbox 105 2573 899 2610">
     <span class='ocr_line' id='line_1_102' title="bbox 105 2573 899 2610; baseline 0.003 -10"><span class='ocrx_word' id='word_1_749' title='bbox 105 2574 206 2609; x_wconf 75' lang='grc' dir='ltr'>ἀθρόον</span> <span class='ocrx_word' id='word_1_750' title='bbox 231 2573 423 2599; x_wconf 83' lang='grc' dir='ltr'>ἀποδείκνυται</span> <span class='ocrx_word' id='word_1_751' title='bbox 451 2573 626 2609; x_wconf 81' lang='grc' dir='ltr'>καθηγεμὼν,</span> <span class='ocrx_word' id='word_1_752' title='bbox 651 2575 797 2610; x_wconf 78' lang='grc' dir='ltr'>πρόεδρος,</span> <span class='ocrx_word' id='word_1_753' title='bbox 825 2576 899 2602; x_wconf 73' lang='grc' dir='ltr'>διδά-</span> 
     </span>
    </p>
   </div>
   <div class='ocr_carea' id='block_1_103' title="bbox 106 2619 900 2656">
    <p class='ocr_par' dir='ltr' id='par_1_103' title="bbox 106 2619 900 2656">
     <span class='ocr_line' id='line_1_103' title="bbox 106 2619 900 2656; baseline 0.003 -10"><span class='ocrx_word' id='word_1_754' title='bbox 106 2620 207 2651; x_wconf 80' lang='grc' dir='ltr'>σκαλος</span> <span class='ocrx_word' id='word_1_755' title='bbox 220 2619 372 2651; x_wconf 76' lang='grc' dir='ltr'>εὐσεὸείας,</span> <span class='ocrx_word' id='word_1_756' title='bbox 389 2619 545 2654; x_wconf 84' lang='grc' dir='ltr'>μυστηρίων</span> <span class='ocrx_word' id='word_1_757' title='bbox 559 2619 743 2646; x_wconf 87' lang='grc' dir='ltr'>λανθανόντων</span> <span class='ocrx_word' id='word_1_758' title='bbox 756 2630 900 2656; x_wconf 59' lang='grc' dir='ltr'>μυσταγω-</span> 
     </span>
    </p>
   </div>
   <div class='ocr_carea' id='block_1_104' title="bbox 106 2664 900 2702">
    <p class='ocr_par' dir='ltr' id='par_1_104' title="bbox 106 2664 900 2702">
     <span class='ocr_line' id='line_1_104' title="bbox 106 2664 900 2702; baseline 0.001 -11"><span class='ocrx_word' id='word_1_759' title='bbox 106 2666 164 2700; x_wconf 61' lang='grc' dir='ltr'><strong>τὸς·</strong></span> <span class='ocrx_word' id='word_1_760' title='bbox 179 2665 226 2691; x_wconf 77' lang='grc' dir='ltr'>καὶ</span> <span class='ocrx_word' id='word_1_761' title='bbox 242 2664 328 2690; x_wconf 83' lang='grc' dir='ltr'>ταῦτα</span> <span class='ocrx_word' id='word_1_762' title='bbox 344 2666 425 2696; x_wconf 80' lang='grc' dir='ltr'>ποιεῖ,</span> <span class='ocrx_word' id='word_1_763' title='bbox 442 2665 524 2700; x_wconf 78' lang='grc' dir='ltr'>μηδὲν</span> <span class='ocrx_word' id='word_1_764' title='bbox 539 2665 585 2692; x_wconf 83' lang='grc' dir='ltr'><strong>τοῦ</strong></span> <span class='ocrx_word' id='word_1_765' title='bbox 598 2666 722 2700; x_wconf 79' lang='grc' dir='ltr'>σώματος</span> <span class='ocrx_word' id='word_1_766' title='bbox 735 2668 751 2702; x_wconf 82' lang='grc' dir='ltr'>ἢ</span> <span class='ocrx_word' id='word_1_767' title='bbox 768 2668 818 2702; x_wconf 79' lang='grc' dir='ltr'>τῆς</span> <span class='ocrx_word' id='word_1_768' title='bbox 836 2677 900 2702; x_wconf 80' lang='grc' dir='ltr'>μορ-</span> 
     </span>
    </p>
   </div>
   <div class='ocr_carea' id='block_1_105' title="bbox 106 2709 901 2747">
    <p class='ocr_par' dir='ltr' id='par_1_105' title="bbox 106 2709 901 2747">
     <span class='ocr_line' id='line_1_105' title="bbox 106 2709 901 2747; baseline 0.005 -12"><span class='ocrx_word' id='word_1_769' title='bbox 106 2711 162 2746; x_wconf 65' lang='grc' dir='ltr'>φῆς</span> <span class='ocrx_word' id='word_1_770' title='bbox 184 2709 345 2744; x_wconf 74' lang='grc' dir='ltr'>ἀμειφθείς·</span> <span class='ocrx_word' id='word_1_771' title='bbox 369 2709 425 2736; x_wconf 74' lang='grc' dir='ltr'>ἀλλ’</span> <span class='ocrx_word' id='word_1_772' title='bbox 451 2710 579 2745; x_wconf 82' lang='grc' dir='ltr'>ὑπάρχων</span> <span class='ocrx_word' id='word_1_773' title='bbox 599 2711 670 2737; x_wconf 75' lang='grc' dir='ltr'>κατὰ</span> <span class='ocrx_word' id='word_1_774' title='bbox 685 2711 715 2737; x_wconf 72' lang='grc' dir='ltr'>τὸ</span> <span class='ocrx_word' id='word_1_775' title='bbox 739 2713 901 2747; x_wconf 69' lang='grc' dir='ltr'>φαινόμενον</span> 
     </span>
    </p>
   </div>
   <div class='ocr_carea' id='block_1_106' title="bbox 106 2753 899 2793">
    <p class='ocr_par' dir='ltr' id='par_1_106' title="bbox 106 2753 899 2793">
     <span class='ocr_line' id='line_1_106' title="bbox 106 2753 899 2793; baseline 0.001 -10"><span class='ocrx_word' id='word_1_776' title='bbox 106 2757 212 2787; x_wconf 77' lang='grc' dir='ltr'>ἐκεῖνος</span> <span class='ocrx_word' id='word_1_777' title='bbox 231 2755 260 2786; x_wconf 81' lang='grc' dir='ltr'>ὃς</span> <span class='ocrx_word' id='word_1_778' title='bbox 281 2753 327 2790; x_wconf 81' lang='grc' dir='ltr'>ἦν,</span> <span class='ocrx_word' id='word_1_779' title='bbox 347 2755 455 2790; x_wconf 83' lang='grc' dir='ltr'>ἀοράτῳ</span> <span class='ocrx_word' id='word_1_780' title='bbox 473 2757 526 2782; x_wconf 77' lang='grc' dir='ltr'>τινὶ</span> <span class='ocrx_word' id='word_1_781' title='bbox 541 2756 654 2790; x_wconf 81' lang='grc' dir='ltr'>δυνάμει</span> <span class='ocrx_word' id='word_1_782' title='bbox 672 2758 718 2784; x_wconf 65' lang='grc' dir='ltr'>καὶ</span> <span class='ocrx_word' id='word_1_783' title='bbox 741 2758 830 2793; x_wconf 75' lang='grc' dir='ltr'>χάριτι</span> <span class='ocrx_word' id='word_1_784' title='bbox 851 2759 899 2792; x_wconf 78' lang='grc' dir='ltr'>τὴν</span> 
     </span>
    </p>
   </div>
   <div class='ocr_carea' id='block_1_107' title="bbox 142 2843 556 2876">
    <p class='ocr_par' dir='ltr' id='par_1_107' title="bbox 142 2843 556 2876">
     <span class='ocr_line' id='line_1_107' title="bbox 142 2843 556 2876; baseline 0 -5"><span class='ocrx_word' id='word_1_785' title='bbox 142 2845 155 2861; x_wconf 76' lang='grc'>³</span> <span class='ocrx_word' id='word_1_786' title='bbox 171 2843 255 2872; x_wconf 80' lang='lat' dir='ltr'><strong>Joan.</strong></span> <span class='ocrx_word' id='word_1_787' title='bbox 272 2851 314 2876; x_wconf 87' lang='lat' dir='ltr'><strong>ut,</strong></span> <span class='ocrx_word' id='word_1_788' title='bbox 329 2843 355 2870; x_wconf 80' lang='lat'><strong>5.</strong></span> <span class='ocrx_word' id='word_1_789' title='bbox 411 2844 421 2858; x_wconf 66' lang='grc'>⁸</span> <span class='ocrx_word' id='word_1_790' title='bbox 435 2843 500 2871; x_wconf 80' lang='lat' dir='ltr'><strong>iLid.</strong></span> <span class='ocrx_word' id='word_1_791' title='bbox 529 2845 556 2871; x_wconf 88' lang='lat'><strong>8.</strong></span> 
     </span>
    </p>
   </div>
   <div class='ocr_carea' id='block_1_108' title="bbox 988 2389 1744 2424">
    <p class='ocr_par' dir='ltr' id='par_1_108' title="bbox 988 2389 1744 2424">
     <span class='ocr_line' id='line_1_108' title="bbox 988 2389 1744 2424; baseline -0.003 -5"><span class='ocrx_word' id='word_1_792' title='bbox 988 2393 1089 2421; x_wconf 88' lang='lat' dir='ltr'><strong>Eadem</strong></span> <span class='ocrx_word' id='word_1_793' title='bbox 1113 2393 1178 2420; x_wconf 86' lang='lat' dir='ltr'><strong>item</strong></span> <span class='ocrx_word' id='word_1_794' title='bbox 1204 2391 1281 2419; x_wconf 85' lang='lat' dir='ltr'><strong>verbi</strong></span> <span class='ocrx_word' id='word_1_795' title='bbox 1299 2391 1341 2418; x_wconf 85' lang='lat' dir='ltr'><strong>vis</strong></span> <span class='ocrx_word' id='word_1_796' title='bbox 1360 2391 1443 2418; x_wconf 87' lang='lat' dir='ltr'><strong>etiam</strong></span> <span class='ocrx_word' id='word_1_797' title='bbox 1463 2389 1634 2417; x_wconf 78' lang='lat' dir='ltr'><strong>sacerdotem</strong></span> <span class='ocrx_word' id='word_1_798' title='bbox 1659 2397 1744 2424; x_wconf 73' lang='lat' dir='ltr'><strong>augu-</strong></span> 
     </span>
    </p>
   </div>
   <div class='ocr_carea' id='block_1_109' title="bbox 953 2434 1744 2468">
    <p class='ocr_par' dir='ltr' id='par_1_109' title="bbox 953 2434 1744 2468">
     <span class='ocr_line' id='line_1_109' title="bbox 953 2434 1744 2468; baseline -0.008 -2"><span class='ocrx_word' id='word_1_799' title='bbox 953 2443 1026 2466; x_wconf 90' lang='lat' dir='ltr'><strong>stum</strong></span> <span class='ocrx_word' id='word_1_800' title='bbox 1041 2443 1067 2466; x_wconf 91' lang='lat' dir='ltr'><strong>et</strong></span> <span class='ocrx_word' id='word_1_801' title='bbox 1091 2437 1283 2465; x_wconf 84' lang='lat' dir='ltr'><strong>honorandum</strong></span> <span class='ocrx_word' id='word_1_802' title='bbox 1302 2437 1377 2468; x_wconf 84' lang='lat' dir='ltr'><strong>facit,</strong></span> <span class='ocrx_word' id='word_1_803' title='bbox 1400 2436 1521 2463; x_wconf 75' lang='lat' dir='ltr'><strong>novitate</strong></span> <span class='ocrx_word' id='word_1_804' title='bbox 1545 2434 1744 2462; x_wconf 82' lang='lat' dir='ltr'><strong>benedictionis</strong></span> 
     </span>
    </p>
   </div>
   <div class='ocr_carea' id='block_1_110' title="bbox 953 2480 1743 2519">
    <p class='ocr_par' dir='ltr' id='par_1_110' title="bbox 953 2480 1743 2519">
     <span class='ocr_line' id='line_1_110' title="bbox 953 2480 1743 2519; baseline -0.008 -7"><span class='ocrx_word' id='word_1_805' title='bbox 953 2493 967 2512; x_wconf 86' lang='lat' dir='ltr'><strong>a</strong></span> <span class='ocrx_word' id='word_1_806' title='bbox 987 2485 1185 2512; x_wconf 84' lang='lat' dir='ltr'><strong>communitate</strong></span> <span class='ocrx_word' id='word_1_807' title='bbox 1202 2484 1276 2519; x_wconf 78' lang='lat' dir='ltr'><strong>vulgi</strong></span> <span class='ocrx_word' id='word_1_808' title='bbox 1299 2487 1487 2517; x_wconf 71' lang='lat' dir='ltr'><strong>segregatum.</strong></span> <span class='ocrx_word' id='word_1_809' title='bbox 1504 2481 1572 2508; x_wconf 89' lang='lat' dir='ltr'><strong>Cum</strong></span> <span class='ocrx_word' id='word_1_810' title='bbox 1597 2481 1670 2508; x_wconf 88' lang='lat' dir='ltr'><strong>enint</strong></span> <span class='ocrx_word' id='word_1_811' title='bbox 1685 2480 1743 2507; x_wconf 75' lang='lat' dir='ltr'><strong>heri</strong></span> 
     </span>
    </p>
   </div>
   <div class='ocr_carea' id='block_1_111' title="bbox 953 2526 1743 2565">
    <p class='ocr_par' dir='ltr' id='par_1_111' title="bbox 953 2526 1743 2565">
     <span class='ocr_line' id='line_1_111' title="bbox 953 2526 1743 2565; baseline -0.006 -8"><span class='ocrx_word' id='word_1_812' title='bbox 953 2539 985 2558; x_wconf 88' lang='lat' dir='ltr'><strong>ac</strong></span> <span class='ocrx_word' id='word_1_813' title='bbox 999 2537 1122 2565; x_wconf 86' lang='lat' dir='ltr'><strong>tempore</strong></span> <span class='ocrx_word' id='word_1_814' title='bbox 1137 2530 1274 2565; x_wconf 87' lang='lat' dir='ltr'><strong>superiori</strong></span> <span class='ocrx_word' id='word_1_815' title='bbox 1298 2537 1369 2555; x_wconf 82' lang='lat' dir='ltr'><strong>unus</strong></span> <span class='ocrx_word' id='word_1_816' title='bbox 1393 2537 1408 2555; x_wconf 91' lang='lat' dir='ltr'><strong>e</strong></span> <span class='ocrx_word' id='word_1_817' title='bbox 1424 2527 1599 2553; x_wconf 88' lang='lat' dir='ltr'><strong>multitudine</strong></span> <span class='ocrx_word' id='word_1_818' title='bbox 1621 2534 1651 2552; x_wconf 86' lang='lat' dir='ltr'><strong>ac</strong></span> <span class='ocrx_word' id='word_1_819' title='bbox 1666 2526 1743 2560; x_wconf 83' lang='lat' dir='ltr'><strong>plebe</strong></span> 
     </span>
    </p>
   </div>
   <div class='ocr_carea' id='block_1_112' title="bbox 953 2572 1744 2610">
    <p class='ocr_par' dir='ltr' id='par_1_112' title="bbox 953 2572 1744 2610">
     <span class='ocr_line' id='line_1_112' title="bbox 953 2572 1744 2610; baseline -0.009 -7"><span class='ocrx_word' id='word_1_820' title='bbox 953 2581 1036 2607; x_wconf 87' lang='lat' dir='ltr'><strong>esset,</strong></span> <span class='ocrx_word' id='word_1_821' title='bbox 1052 2582 1164 2610; x_wconf 83' lang='lat' dir='ltr'><strong>repente</strong></span> <span class='ocrx_word' id='word_1_822' title='bbox 1183 2575 1306 2602; x_wconf 84' lang='lat' dir='ltr'><strong>redditur</strong></span> <span class='ocrx_word' id='word_1_823' title='bbox 1323 2578 1486 2609; x_wconf 69' lang='lat' dir='ltr'><strong>prmceptor,</strong></span> <span class='ocrx_word' id='word_1_824' title='bbox 1509 2580 1619 2607; x_wconf 82' lang='lat' dir='ltr'><strong>pr.cses,</strong></span> <span class='ocrx_word' id='word_1_825' title='bbox 1646 2572 1744 2598; x_wconf 81' lang='lat' dir='ltr'><strong>doctor</strong></span> 
     </span>
    </p>
   </div>
   <div class='ocr_carea' id='block_1_113' title="bbox 953 2619 1741 2658">
    <p class='ocr_par' dir='ltr' id='par_1_113' title="bbox 953 2619 1741 2658">
     <span class='ocr_line' id='line_1_113' title="bbox 953 2619 1741 2658; baseline -0.006 -10"><span class='ocrx_word' id='word_1_826' title='bbox 953 2622 1081 2658; x_wconf 85' lang='lat' dir='ltr'><strong>pictatis,</strong></span> <span class='ocrx_word' id='word_1_827' title='bbox 1109 2621 1303 2656; x_wconf 75' lang='lat' dir='ltr'><strong>mysteriorum</strong></span> <span class='ocrx_word' id='word_1_828' title='bbox 1328 2621 1470 2646; x_wconf 83' lang='lat' dir='ltr'><strong>latentium</strong></span> <span class='ocrx_word' id='word_1_829' title='bbox 1502 2619 1600 2652; x_wconf 66' lang='lat' dir='ltr'><strong>praasul</strong></span> <span class='ocrx_word' id='word_1_830' title='bbox 1624 2627 1631 2644; x_wconf 87' lang='lat'><strong>:</strong></span> <span class='ocrx_word' id='word_1_831' title='bbox 1655 2625 1741 2651; x_wconf 84' lang='lat' dir='ltr'><strong>eaque</strong></span> 
     </span>
    </p>
   </div>
   <div class='ocr_carea' id='block_1_114' title="bbox 954 2663 1744 2702">
    <p class='ocr_par' dir='ltr' id='par_1_114' title="bbox 954 2663 1744 2702">
     <span class='ocr_line' id='line_1_114' title="bbox 954 2663 1744 2702; baseline -0.008 -8"><span class='ocrx_word' id='word_1_832' title='bbox 954 2668 1119 2702; x_wconf 77' lang='lat' dir='ltr'><strong>contingunt</strong></span> <span class='ocrx_word' id='word_1_833' title='bbox 1142 2667 1178 2698; x_wconf 88' lang='lat' dir='ltr'><strong>ei,</strong></span> <span class='ocrx_word' id='word_1_834' title='bbox 1204 2675 1265 2693; x_wconf 79' lang='lat' dir='ltr'><strong>eum</strong></span> <span class='ocrx_word' id='word_1_835' title='bbox 1294 2667 1361 2693; x_wconf 91' lang='lat' dir='ltr'><strong>nihil</strong></span> <span class='ocrx_word' id='word_1_836' title='bbox 1383 2666 1424 2691; x_wconf 72' lang='lat' dir='ltr'><strong>vel</strong></span> <span class='ocrx_word' id='word_1_837' title='bbox 1445 2672 1570 2698; x_wconf 79' lang='lat' dir='ltr'><strong>corpore,</strong></span> <span class='ocrx_word' id='word_1_838' title='bbox 1594 2663 1636 2690; x_wconf 86' lang='lat' dir='ltr'><strong>vel</strong></span> <span class='ocrx_word' id='word_1_839' title='bbox 1658 2663 1744 2689; x_wconf 73' lang='lat' dir='ltr'><strong>l‘orma</strong></span> 
     </span>
    </p>
   </div>
   <div class='ocr_carea' id='block_1_115' title="bbox 956 2709 1744 2748">
    <p class='ocr_par' dir='ltr' id='par_1_115' title="bbox 956 2709 1744 2748">
     <span class='ocr_line' id='line_1_115' title="bbox 956 2709 1744 2748; baseline -0.008 -8"><span class='ocrx_word' id='word_1_840' title='bbox 956 2718 1088 2746; x_wconf 86' lang='lat' dir='ltr'><strong>mutatus,</strong></span> <span class='ocrx_word' id='word_1_841' title='bbox 1111 2713 1157 2740; x_wconf 82' lang='lat' dir='ltr'><strong>sed</strong></span> <span class='ocrx_word' id='word_1_842' title='bbox 1176 2713 1248 2748; x_wconf 79' lang='lat' dir='ltr'><strong>quod</strong></span> <span class='ocrx_word' id='word_1_843' title='bbox 1270 2712 1302 2738; x_wconf 85' lang='lat' dir='ltr'><strong>ad</strong></span> <span class='ocrx_word' id='word_1_844' title='bbox 1326 2712 1444 2746; x_wconf 81' lang='lat' dir='ltr'><strong>speciem</strong></span> <span class='ocrx_word' id='word_1_845' title='bbox 1470 2715 1610 2736; x_wconf 73' lang='lat' dir='ltr'><strong>externam</strong></span> <span class='ocrx_word' id='word_1_846' title='bbox 1637 2709 1744 2739; x_wconf 80' lang='lat' dir='ltr'><strong>attinet,</strong></span> 
     </span>
    </p>
   </div>
   <div class='ocr_carea' id='block_1_116' title="bbox 954 2755 1743 2793">
    <p class='ocr_par' dir='ltr' id='par_1_116' title="bbox 954 2755 1743 2793">
     <span class='ocr_line' id='line_1_116' title="bbox 954 2755 1743 2793; baseline -0.006 -8"><span class='ocrx_word' id='word_1_847' title='bbox 954 2759 999 2786; x_wconf 86' lang='lat' dir='ltr'><strong>ille</strong></span> <span class='ocrx_word' id='word_1_848' title='bbox 1025 2759 1069 2791; x_wconf 90' lang='lat' dir='ltr'><strong>sit,</strong></span> <span class='ocrx_word' id='word_1_849' title='bbox 1089 2759 1134 2793; x_wconf 86' lang='lat' dir='ltr'><strong>qui</strong></span> <span class='ocrx_word' id='word_1_850' title='bbox 1164 2763 1234 2789; x_wconf 86' lang='lat' dir='ltr'><strong>erat,</strong></span> <span class='ocrx_word' id='word_1_851' title='bbox 1257 2757 1385 2785; x_wconf 75' lang='lat' dir='ltr'><strong>invisibili</strong></span> <span class='ocrx_word' id='word_1_852' title='bbox 1408 2756 1525 2790; x_wconf 87' lang='lat' dir='ltr'><strong>quadam</strong></span> <span class='ocrx_word' id='word_1_853' title='bbox 1546 2755 1569 2782; x_wconf 79' lang='lat' dir='ltr'><strong>vi</strong></span> <span class='ocrx_word' id='word_1_854' title='bbox 1588 2763 1619 2782; x_wconf 83' lang='lat' dir='ltr'><strong>ac</strong></span> <span class='ocrx_word' id='word_1_855' title='bbox 1645 2756 1743 2790; x_wconf 75' lang='lat' dir='ltr'><strong>gratia,</strong></span> 
     </span>
    </p>
   </div>
  </div>
