1938 3082
40 93 107 121 585

677 92 709 120 ΙΝ
730 90 926 119 BAPTISMUM
951 90 1099 119 CHRISTI.

1645 89 1698 118 5815

41 151 206 186 plexitatc
226 151 261 178 ob
278 151 466 178 inscr-utabilia
481 152 612 179 miracula
642 152 761 186 repletus
796 154 880 182 esset,
919 150 986 176 illud
1008 150 1081 184 quod
1107 149 1142 176 ab
1165 149 1292 177 omnibus
1318 149 1426 177 canitur
1452 149 1571 178 notabile
1596 150 1698 178 dictum

42 198 284 231 pronuntiavit:
307 197 415 230 Quanta
444 198 643 233 magniﬁcentia
669 198 785 232 perfecta
809 201 870 223 sunt
890 204 968 230 opera
983 202 1039 228 tua,
1072 195 1208 223 Domine!
1223 197 1311 222 omnia
1333 205 1391 223 cum
1412 197 1541 230 sapientia
1560 197 1646 229 fecisti
1666 197 1697 223 ”.

43 243 129 271 Nam
149 245 321 280 sapientiam
344 245 456 280 quidem
483 247 575 273 animo
603 246 740 280 concepit,
770 250 858 272 artem
877 251 942 271 vero
958 244 1098 279 sapientiae
1111 251 1166 271 non
1179 243 1292 271 invenit.

87 291 313 324 Καταλιπόντες
325 292 415 318 τοίνυν
430 293 462 319 τὸ
477 293 546 328 ὑπὲρ
560 292 674 327 δύναμιν
688 291 860 328 ἁνθρωπικὴν

950 290 1112 318 Omittentes
1138 289 1221 325 igitur
1251 289 1389 324 inquirere
1419 295 1500 324 atque
1519 289 1635 317 scrutari
1666 296 1699 316 ea

44 335 321 372 πολυπραγμονεῖν,
345 338 430 364 ὲχεῖνο
456 338 557 373 μᾶλλον
581 338 752 374 ζητήσωμεν,
776 337 791 363 ὃ
815 337 860 363 καὶ

914 343 974 370 qua).
987 335 1060 363 vires
1082 339 1214 370 superant
1232 334 1381 367 humanas,
1399 334 1464 361 illud
1478 335 1569 368 potius
1593 341 1700 369 quana-

50 383 193 417 μερικὴν
201 382 346 417 ὑποφαίνει
357 383 519 419 κατάληψινι
530 383 608 415 Τίνος
618 383 709 410 ἕνεκεν
719 383 753 410 δι’
764 382 860 414 ὕδατος

913 388 986 413 mus,
1002 381 1076 416 quod
1110 381 1191 408 etiam
1209 379 1403 416 particularcm
1429 380 1547 408 ostendit
1573 387 1698 415 compre-

45 429 66 463 ἡ
83 428 258 464 κάθαρσις;
279 430 326 455 καὶ
348 430 414 464 πρὸς
437 429 517 475 ποξαν
530 429 626 465 χρείαν
644 429 671 457 αἱ
687 430 761 465 τρεῖς
777 438 861 456 κατα-

47 474 155 506 δύσεις
183 474 461 510 παραλαμϐάνονται;
481 475 515 502 ⁴¹Ο
529 474 619 502 τοίνυν
639 475 686 502 καὶ
699 476 723 502 οἱ
740 475 861 511 Πατέρες

48 518 206 551 ἐδίδαξαν,
220 519 268 546 καὶ
285 520 300 545 ὁ
315 519 448 555 ἡμέτερος
464 518 527 552 νοῦς
543 520 731 554 συντιθέμενος
749 520 860 547 κατεδέ-

50 563 138 595 ξατο,
156 564 244 591 τοῦτο
257 565 395 600 τυγχάνει·
412 565 538 601 Τέσσαρα
550 567 669 601 στοιχεῖα
681 566 859 602 γνωρίζομεν,

48 610 101 644 ἀφ’
121 606 168 635 ὦν
191 611 207 636 ὁ
229 611 331 646 κόσμος
348 610 404 646 ἔχει
417 611 466 647 τὴν
480 611 619 644 σύστασιν,
634 611 760 648 γνώριμα
782 614 859 645 πᾶσι,

50 655 110 684 κᾶν
127 656 265 692 σιωπηθῇ
288 656 322 683 τὰ
342 657 472 691 ὀνόματα.
490 657 522 684 Εἰ
546 657 574 684 δὲ
588 658 729 693 προσῆκε,
743 658 788 685 διὰ
797 660 861 691 τοὺς

50 701 285 737 ἁπλουστέρους,
302 702 350 729 καὶ
362 703 411 734 τὰς
426 703 610 739 προσηγορίας
629 705 726 731 εἰπεῖν·
741 704 798 740 τῶρ
814 706 861 732 καὶ

52 747 124 782 ἀὴρ,
143 747 186 781 γῆ
204 748 251 774 καὶ
266 747 347 782 ὕδωρ.
365 748 394 774 ’0
408 748 497 775 τοίνυν
511 748 576 780 Θεὸς
590 749 669 784 ἡμῶν
686 750 732 776 καὶ
745 750 840 787 Σωτὴρ
850 771 859 783 ο

50 793 106 827 τὴν
127 793 210 828 ὑπὲρ
221 792 298 827 ἡμῶν
311 794 466 829 οἰκονομίαν
480 793 601 830 πληρῶν,
617 795 646 821 τὸ
660 795 789 832 τέταρτον
802 797 861 824 τού-

53 847 113 864 των
130 838 245 874 ὑπῆλθε
261 839 310 874 τὴν
328 838 390 874 γῆν.
407 840 440 866 ἶν’
456 840 560 867 ἐκεῖθεν
573 841 623 876 τὴν
638 841 709 877 ζωὴν
723 842 859 879 ἀνατείλῃ.

62 883 170 918 Ἡμεῖς
183 883 215 910 δὲ
234 883 264 910 τὸ
278 883 418 920 βάπτισμα
434 885 703 922 παραλαμϐάνοντες,
720 889 760 920 είς
775 889 861 925 μίμη-

55 938 101 957 σιν
114 930 170 957 τοῦ
179 930 284 965 Κυρίου
294 931 340 957 καὶ
348 931 508 959 διδασκάλου
519 933 565 960 καὶ
575 933 761 969 καῡηγεμϐνος
770 935 859 969 ἡμῶν,

54 976 99 1007 είς
110 975 170 1010 γῆν
187 975 239 1010 μὲν
248 976 278 1002 οὐ
294 975 450 1012 θαπτόμεθα
459 977 469 1013 (
478 976 546 1013 αὕτη
558 978 611 1013 γὰρ
681 966 861 1014 νεκρωόεντος
878 966 899 994 Β

55 1021 212 1054 παντελῶς
227 1022 352 1057 σώματος
363 1024 465 1057 γίνεται
479 1024 578 1059 σκέπη,
592 1024 641 1060 τὴν
657 1026 798 1053 ἀσθένειαν
815 1028 861 1054 καὶ

57 1067 171 1103 φθορὰν
186 1069 238 1104 τῆς
256 1068 363 1103 φύσεως
376 1070 453 1105 ripa”
467 1070 713 1106 περιστέλλουσα),
729 1072 775 1098 ἐπὶ
788 1071 817 1099 δὲ
831 1072 861 1098 τὸ

57 1113 204 1148 συγγενὲς
211 1114 261 1149 τῆς
270 1114 321 1150 γῆς
332 1116 505 1150 στοιχεῖον,τὸ
518 1115 756 1152 ὖδωρ,ὲρχόμενοι,
765 1118 861 1153 ἐκείνῳ

58 1159 184 1191 ἑαυτοὺς
200 1159 401 1196 ἐγκρύπτομεν,
418 1161 456 1193 ὡς
466 1162 480 1188 ὁ
491 1162 586 1198 Σωτὴρ
597 1164 630 1198 τῇ
643 1165 677 1198 γῇ
687 1172 693 1178 ε
711 1163 758 1190 καὶ
768 1164 860 1198 τρίτον

58 1205 144 1232 τοῦτο
163 1206 347 1241 ποιήσαντες,
374 1206 424 1242 τὴν
438 1207 588 1244 τριήμερον
604 1208 708 1240 ἑαυτοῖς
725 1209 774 1244 τῆς
796 1210 861 1236 ἀνα-

61 1251 194 1283 στάσεως
208 1251 289 1287 χάριν
301 1251 509 1288 ὲξεικονίζομεψ
527 1253 574 1280 καὶ
586 1253 673 1281 ταῦτα
687 1254 817 1289 ποιοῦμεν
830 1255 859 1281 οὑ

63 1298 158 1332 σιωπῇ
187 1297 449 1332 παραλαμϐάνοντες
473 1298 504 1325 τὸ
530 1299 690 1335 μυστήριον,
712 1299 781 1327 ἀλλὰ
805 1300 861 1327 τῶν

63 1345 152 1380 τριῶν
167 1344 257 1379 ἁγίων
279 1345 453 1373 ὐποστάσεων
468 1345 668 1382 ἐπιλεγομένων
683 1348 759 1382 ἡμῖν.
776 1348 815 1380 είς
828 1347 861 1380 ἃς

62 1391 286 1427 ἐπιστεύσαμεν,
310 1392 354 1427 ἐφ’
375 1389 418 1424 αἶς
441 1393 486 1419 καὶ
509 1393 666 1429 ἐλπίζομεν.
691 1393 720 1428 ἐξ
741 1391 778 1421 ὧν
795 1395 861 1430 ἡμῖν

65 1437 114 1464 καὶ
133 1437 166 1464 τὸ
180 1437 231 1464 νῦν
251 1435 330 1470 εἶναι,
343 1439 393 1465 καὶ
409 1439 440 1466 τὸ
457 1439 537 1467 πάλιν
551 1439 660 1467 ἔσεσθαι
680 1440 859 1476 περιγίνεται.

65 1483 144 1517 Τάχα
165 1483 354 1519 δυσχεραίνεις
368 1485 383 1511 ὀ
401 1485 470 1520 πρὸς
487 1485 536 1520 τὴν
550 1485 628 1518 δόξαν
642 1485 689 1512 τοῦ
705 1486 862 1522 Πνεύματος

66 1529 218 1564 τολμηρῶς
241 1529 402 1566 μαχόμενος,
415 1531 462 1557 καὶ
479 1530 638 1566 ζηλοτυπεῖς
651 1531 696 1558 τὸν
714 1532 860 1568 Παράκλη-

66 1583 114 1601 τον
130 1575 180 1601 τοῦ
199 1575 370 1611 σεϐάσματος
380 1596 387 1608 ,
411 1572 432 1611 ᾧ
449 1576 525 1612 παρὰ
538 1576 594 1604 τῶν
608 1577 727 1604 εὐσεϐῶν
741 1577 859 1605 σέϐεται.

67 1620 240 1647 Καταλιπὼν
254 1620 281 1647 δὲ
294 1621 356 1656 ἐμοὶ
365 1621 578 1656 συμπλέκεσθαι,
591 1622 731 1657 ἀντίστηθι
744 1624 803 1655 ταῖς
813 1622 860 1650 τοῦ

70 1666 174 1701 Κυρίου
188 1668 300 1701 φωναῖς,
316 1668 341 1694 εί
355 1667 478 1702 δύνασαι,
493 1668 521 1695 αἶ
533 1668 583 1704 τὴν
596 1669 739 1704 ἐπίκλησιν
752 1669 799 1695 τοῦ
814 1669 862 1704 βα-

68 1711 228 1746 πτίσματος
242 1713 300 1744 τοῖς
315 1712 469 1748 ἀνθρώποις
482 1713 691 1749 ἐνομοθέτησαν.
709 1714 741 1741 Τί
753 1715 782 1742 δέ
797 1723 863 1750 φησι

70 1756 100 1783 τὸ
115 1756 163 1783 τοῦ
179 1757 315 1784 Δεσπότω
331 1759 514 1795 παράγγελμα
525 1768 533 1792 ;
545 1759 740 1794 Βαπτιζοντες
753 1761 864 1795 αὐτοὺς

70 1803 113 1835 εις
127 1803 160 1829 τὸ
176 1803 273 1838 ὄνομα
290 1804 342 1831 τοῦ
364 1806 479 1839 Πατρός
498 1806 549 1833 καί
567 1806 621 1833 τοῦ
641 1807 710 1834 Υιοῦ
736 1808 786 1834 καὶ
809 1807 864 1835 τοῦ

67 1849 158 1883 ἁγίου
178 1851 360 1884 Πνεύματος.
380 1852 442 1883 Πῶς
461 1852 501 1884 είς
520 1852 550 1878 τὸ
571 1852 656 1888 δνομα
671 1853 719 1879 τοῦ
739 1853 862 1888 Πατρός;

78 1894 189 1930 Ἐπειδὴ
203 1896 274 1931 ἁρχὴ
287 1896 340 1923 τῶν
353 1897 470 1924 πάντων.
485 1897 547 1929 Πῶς
561 1899 601 1930 εἰς
614 1898 659 1925 τὸν
671 1898 752 1930 Υίόν;
769 1899 862 1934 ἐπειδὴ

68 1939 237 1975 δημιουργὸς
266 1942 315 1977 τῆς
336 1943 461 1974 κτίσεως.
488 1943 550 1975 Πῶς
569 1945 608 1975 είς
635 1944 667 1971 τὸ
691 1944 804 1980 Πνεῦμα
831 1945 862 1971 τὸ

70 1985 167 2020 ’ἆγιονς
184 1987 292 2024 Ἐπειδὴ
307 1989 476 2016 τελειωτικὸν
488 1989 542 2016 τῶν
557 1990 673 2018 πάντων.
698 1991 863 2018 Ὺποκύπτο-

76 2040 126 2066 μεν
146 2030 194 2059 οὖν
213 2034 251 2069 τῷ
271 2035 376 2070 Πατρὶ,
390 2035 434 2062 ἴνα
459 2036 643 2072 ἁγιασθῶμεν·
668 2037 862 2072 ὑποκύπτομεν

75 2078 120 2104 καὶ
135 2079 202 2114 Υίῷ,
221 2079 264 2107 ἵνα
282 2081 348 2108 αὐτὸ
362 2081 442 2108 τοῦτο
454 2082 585 2118 γένηται·
609 2082 802 2118 ὑποκύπτομεν
814 2084 861 2110 καὶ

73 2123 143 2159 ἁγίῳ
167 2125 305 2161 Πνεὺματι
315 2146 323 2159 ,
338 2127 381 2154 ἵνα
405 2127 483 2154 τοῦτο
505 2128 647 2164 γενώμεθα
660 2128 728 2164 ὅπερ
742 2129 800 2155 ἐστὶ
814 2129 860 2156 καὶ

73 2168 191 2204 λέγεται.
207 2173 264 2199 Οὐκ
285 2173 343 2200 ἔστι
358 2173 405 2200 τοῦ
424 2174 562 2210 ἁγιασμοῦ
583 2174 709 2210 διαφορὰ,
727 2175 765 2207 ὠς
780 2175 861 2202 πλέον

75 2215 120 2242 τοῦ
133 2217 237 2253 Πατρὸς
250 2218 407 2253 ἁγιάζοντος
416 2240 424 2252 ,
440 2220 550 2248 ἔλαττον
571 2221 599 2247 δὲ
618 2220 665 2247 τοῦ
677 2220 741 2247 Υἰοῠ
753 2242 761 2253 ,
779 2219 860 2258 ἦττον

74 2260 101 2287 δὲ
115 2262 168 2289 τῶν
178 2263 224 2290 δύο
238 2264 284 2291 τοῦ
296 2265 373 2300 ἁγίου
386 2266 555 2301 Πνεύματος.
569 2266 618 2293 Διὰ
631 2266 658 2293 τί
670 2264 715 2294 οὖν
725 2266 774 2299 τὰς
786 2268 859 2302 τρεῖς

912 427 1084 460 hensiouem,
1102 427 1182 462 cujus
1207 427 1246 454 rei
1261 426 1349 462 gratia
1367 434 1414 461 per
1438 433 1538 461 aquam
1573 427 1699 462 purgatio

912 474 958 501 [iat
973 474 984 501 Y
996 478 1023 502 et
1039 481 1090 502 cur
1101 478 1185 501 ternae
1201 473 1391 500 immersiones
1405 473 1607 501 adhibeantur?
1619 473 1698 507 Quod

910 519 994 554 igitur
1012 523 1040 547 et
1056 519 1151 547 Patres
1168 519 1332 549 docuerunt,
1347 524 1373 546 et
1387 523 1481 546 nostra
1498 526 1574 547 mens
1604 527 1700 547 assen-

911 572 972 593 sum
997 564 1121 600 praabens
1139 565 1257 599 accepit,
1279 564 1331 592 hoc
1350 568 1391 591 est
1405 573 1411 591 :
1427 565 1551 597 Quatuor
1564 565 1698 592 elementa

912 615 976 639 nota
990 611 1130 642 habemus.
1145 619 1180 638 ex
1193 611 1293 646 quibus
1315 611 1432 638 mundus
1448 611 1614 638 constitutus
1636 616 1698 638 est:

911 665 971 692 qua:
987 657 1069 684 etiam
1090 658 1113 684 si
1128 656 1239 684 nomina
1251 656 1360 684 silentio
1377 661 1574 691 praetereantur
1584 677 1592 690 ,
1611 657 1699 684 omni—

911 704 963 731 bus
977 707 1041 731 nota
1061 707 1136 732 sunt.
1150 702 1227 736 Quod
1243 703 1265 730 si
1285 706 1397 738 propter
1411 703 1596 738 simpliciores
1616 702 1698 730 etiam

911 749 1021 777 nomina
1046 749 1184 784 (eorum)
1214 749 1295 776 edere
1323 748 1356 775 ad
1390 755 1445 775 rem
1477 748 1699 783 pertinet:ignis

912 796 985 830 (est)
1007 799 1034 822 et
1051 802 1106 827 aer,
1127 799 1200 822 terra
1223 798 1250 822 et
1280 801 1360 829 aqua.
1375 791 1442 822 Cum
1469 794 1553 829 igitur
1579 794 1650 822 Dcus
1671 800 1698 822 et

911 845 1036 869 servator
1065 844 1158 868 noster
1175 848 1225 874 pro
1239 840 1318 868 nobis
1337 845 1493 875 susceptam
1521 840 1698 867 administra-

911 888 1012 915 tionem
1041 887 1190 922 impleret,
1218 894 1301 914 unum
1330 895 1364 914 ex
1380 886 1423 914 his
1452 891 1580 921 quatuor,
1596 890 1698 913 terram

912 932 1168 968 (scilicet)subiit,
1197 936 1227 960 ut
1253 932 1329 959 illinc
1362 932 1444 959 vitam
1473 932 1614 959 excitaret.
1643 931 1698 958 Nos

913 987 978 1006 vero
994 979 1127 1013 baptisma
1144 984 1317 1006 assumentes
1337 978 1370 1006 ad
1393 978 1572 1005 imitationem
1593 977 1698 1005 homini

912 1029 940 1053 et
952 1025 1075 1053 doctoris
1096 1031 1123 1052 et
1141 1025 1316 1060 praeceptoris
1325 1024 1413 1052 nostri
1427 1045 1435 1057 ,
1458 1024 1487 1052 in
1501 1029 1574 1052 terra
1588 1024 1699 1059 quidem

913 1078 968 1099 non
980 1071 1129 1107 sepelimur
1144 1071 1154 1106 (
1168 1071 1225 1099 haec
1254 1071 1325 1098 enim
1348 1071 1536 1098 inﬁrmitatem
1555 1075 1582 1098 et
1599 1078 1698 1097 corru-

913 1119 1035 1154 ptionem
1072 1122 1178 1146 naturae
1185 1123 1289 1145 nostra:
1309 1118 1470 1152 conperiens
1486 1121 1574 1145 morte
1591 1118 1700 1153 penitus

913 1165 1046 1201 perempti
1072 1165 1197 1201 corporis
1215 1169 1403 1201 tegumentum
1427 1164 1576 1199 exsistit).
1594 1165 1642 1192 sed
1665 1166 1699 1191 ad

913 1215 993 1238 terra:
1010 1215 1156 1246 cognatum
1185 1210 1352 1238 elementum
1373 1217 1471 1244 aquam
1492 1209 1632 1237 venientes
1645 1229 1652 1241 ,
1671 1209 1701 1237 in

914 1257 970 1290 illa,
997 1258 1078 1285 sicuti
1100 1257 1229 1285 Senator
1255 1257 1283 1284 in
1301 1261 1374 1283 terra
1388 1277 1396 1288 .
1412 1264 1462 1284 nos
1479 1256 1676 1289 ﬁscondimus
1689 1276 1699 1287 .

913 1303 995 1338 idque
1019 1310 1081 1330 cum
1105 1307 1146 1330 ter
1165 1302 1247 1330 simul
1279 1302 1394 1330 fecimus
1409 1322 1416 1334 ,
1437 1301 1530 1329 triduo
1561 1305 1700 1337 peractam

914 1349 994 1377 nobis
1008 1349 1219 1377 resurrectionis
1240 1348 1354 1384 gratiam
1371 1347 1524 1382 eiiiugimus
1534 1367 1541 1378 .
1555 1355 1642 1382 caque
1659 1346 1700 1374 fa-

913 1396 1012 1427 cimus.
1029 1404 1084 1423 non
1109 1395 1219 1423 silentio
1243 1394 1402 1430 mysteriqu
1430 1399 1622 1424 assumentes.
1652 1393 1700 1420 sed

914 1442 996 1469 trium
1013 1445 1170 1469 sanctarum
1187 1441 1380 1476 hypostaseon,
1394 1440 1422 1467 in
1437 1447 1506 1474 quas
1519 1439 1698 1471 credidimus,

914 1488 942 1515 in
955 1495 1025 1522 quas
1037 1488 1118 1515 etiam
1137 1493 1297 1521 speramus,
1319 1493 1353 1513 ex
1370 1484 1470 1520 quibus
1498 1483 1577 1511 nobis
1591 1484 1701 1511 contin.

912 1534 963 1569 git,
978 1538 1006 1561 ut
1021 1536 1048 1561 et
1063 1540 1136 1560 nunc
1150 1532 1247 1565 simus,
1267 1536 1294 1560 et
1308 1539 1405 1560 rursus
1420 1530 1506 1558 futuri
1521 1530 1609 1558 simus
1622 1550 1630 1562 ,
1647 1538 1698 1557 no-

913 1579 1034 1606 minibus
1060 1585 1143 1613 super
1169 1585 1220 1605 nos
1243 1576 1436 1613 pronuntiatis.
1455 1575 1583 1604 Forsitan
1612 1574 1701 1602 oﬂ'en-

913 1625 1006 1658 deris,
1031 1624 1078 1660 qui
1098 1624 1230 1652 adversus
1248 1623 1362 1659 gloriam
1390 1622 1511 1658 Spiritus
1529 1621 1700 1649 conﬁdenter

914 1677 1030 1705 pugnas,
1045 1673 1073 1698 et
1091 1669 1196 1697 invides
1209 1669 1350 1696 Paracleto
1367 1668 1581 1698 venerationem.
1593 1675 1646 1702 qua
1661 1667 1699 1703 pii

913 1723 975 1743 eum
987 1720 1163 1744 venerantur.
1183 1715 1239 1744 Sed
1255 1715 1350 1743 omitte
1375 1721 1482 1742 meeum
1497 1713 1655 1750 conﬂigere,
1672 1719 1701 1741 ct

913 1769 1021 1798 oppone
1033 1766 1069 1794 te,
1088 1762 1111 1789 si
1132 1767 1220 1798 potes,
1239 1762 1347 1790 Domini
1369 1761 1493 1793 vocibus,
1509 1767 1570 1795 qua:
1589 1760 1699 1787 invocao

914 1808 1014 1836 tionem
1028 1811 1056 1835 et
1070 1807 1336 1843 cognominationem
1352 1805 1526 1841 baptismatis
1539 1804 1699 1833 hominibus

912 1854 1134 1883 instituerunt“.
1154 1855 1186 1881 Et
1211 1861 1272 1888 quae
1287 1857 1351 1880 sunt
1363 1851 1448 1879 verba
1476 1850 1609 1878 Dominici
1628 1857 1699 1884 prae-

913 1900 1005 1936 cepti!
1021 1900 1191 1935 Baptizantes
1216 1908 1259 1927 eos
1279 1899 1307 1926 in
1328 1906 1421 1926 nomen
1441 1897 1531 1924 Patris
1548 1902 1572 1923 et
1598 1895 1660 1922 Filii
1673 1900 1699 1923 et

913 1947 1029 1981 Spiritus
1053 1946 1148 1974 sancti.
1171 1945 1314 1979 Quomodo
1329 1945 1356 1972 in
1386 1951 1484 1971 nomen
1502 1941 1615 1970 Patris?
1634 1941 1700 1976 quia

913 1993 1075 2028 principium
1089 1996 1130 2020 est
1148 1992 1269 2019 omnium
1290 1998 1390 2018 rerum.
1405 1990 1464 2023 Qua
1485 1989 1592 2016 ratione
1610 1988 1636 2014 in
1652 1987 1698 2014 Fi-

913 2038 1001 2065 lium?
1016 2038 1145 2074 quoniam
1172 2037 1300 2065 conditor
1325 2040 1459 2063 creaturae
1478 2039 1530 2063 est.
1554 2033 1698 2067 Quomodo

913 2083 939 2110 in
958 2082 1090 2118 Spiritum
1112 2083 1261 2111 sanctum?
1277 2081 1340 2117 quia
1369 2082 1422 2108 vim
1454 2081 1546 2107 omnia
1571 2079 1698 2106 absoluta

912 2129 1041 2156 reddendi
1063 2129 1154 2156 habet.
1179 2128 1373 2156 Submittimus
1399 2127 1482 2161 igitur
1500 2133 1549 2152 nos
1566 2124 1652 2154 Patri,
1668 2128 1698 2150 ut

912 2175 1136 2208 sanctiﬁcemur;
1150 2174 1338 2202 submittimus
1358 2174 1421 2201 item
1439 2180 1488 2200 nos
1501 2171 1584 2202 Filio.
1601 2175 1631 2198 ut
1646 2170 1698 2197 hoc

911 2221 1000 2256 ipsum
1019 2221 1065 2248 ﬂat
1079 2229 1086 2254 ;
1102 2219 1289 2249 submittimus
1303 2227 1354 2247 nos
1373 2218 1489 2254 Spiritui
1514 2224 1623 2253 quoque
1636 2223 1699 2244 san-

910 2271 965 2299 cto,
983 2271 1013 2294 ut
1037 2267 1064 2294 id
1087 2266 1235 2294 eiiiciamur
1251 2286 1259 2299 ,
1280 2266 1353 2301 quod
1368 2265 1451 2301 (ille)
1468 2268 1511 2292 est
1528 2271 1562 2291 ac
1587 2263 1698 2291 dicitur.

77 2304 235 2340 ὑποστάσεις
258 2309 503 2345 κατακερματίζεις
524 2312 564 2343 είς
582 2311 725 2346 διαφόρους
745 2311 855 2346 φύσεις,

912 2312 969 2340 Non
994 2316 1037 2340 est
1054 2312 1209 2340 dinei-entia
1234 2311 1481 2343 sanctiﬁcationis,
1508 2309 1588 2345 quasi
1616 2307 1698 2335 Patre

75 2351 119 2376 καὶ
143 2354 217 2388 τρεῖς
243 2354 346 2391 ἐργάζῃ
370 2355 454 2388 Θεοὺς
473 2357 615 2392 ἀνομοίους
637 2357 768 2393 ἀλλήλων,
794 2358 858 2393 μίαν

77 2396 147 2430 παρὰ
162 2398 269 2425 πάντων
284 2400 330 2426 καὶ
342 2399 390 2436 τὴν
405 2400 487 2437 αὐτὴν
500 2401 580 2438 χάριν
591 2400 733 2438 δεχόμενος
744 2410 751 2435 ;

911 2359 1039 2394 amplius,
1054 2358 1126 2386 Filio
1139 2360 1241 2390 minus,
1257 2362 1284 2385 et
1306 2357 1397 2384 minus
1410 2363 1491 2392 quam
1505 2359 1621 2390 uterque
1635 2353 1698 2387 Spi-

910 2405 966 2432 ritu
983 2408 1077 2432 sancto
1089 2404 1287 2432 sanctiﬁcante.
1299 2403 1355 2431 Cur
1369 2403 1452 2438 igitur
1464 2402 1551 2430 trinas
1570 2401 1632 2428 illas
1648 2399 1700 2434 hy-

75 2446 194 2474 postases
223 2445 345 2474 concidis
364 2454 395 2473 ac
413 2447 512 2475 dividis
533 2448 560 2475 in
574 2448 696 2477 diversas
719 2453 832 2477 naturas
848 2468 857 2482 ,
877 2457 910 2478 ac
935 2456 992 2479 tres
1008 2450 1091 2479 silicis
1106 2449 1176 2478 Deos
1192 2450 1264 2478 inter
1283 2457 1312 2478 se
1328 2448 1487 2479 dissimiles.
1519 2454 1582 2475 cum
1615 2452 1698 2473 unam

76 2490 102 2514 et
120 2489 238 2517 eamdem
261 2490 296 2518 ab
311 2492 439 2520 omnibus
466 2493 548 2521 ctiam
575 2494 690 2529 gratiam
712 2494 858 2529 accipias?

115 2532 221 2570 Ἐπειδὴ
234 2535 263 2562 δὲ
279 2535 313 2562 τὰ
327 2536 513 2572 ὑποδείγματα
532 2537 715 2574 ὲμψυχότερον
730 2539 774 2566 ἀεὶ
789 2538 857 2574 πρὸς

77 2578 135 2609 τοὺς
150 2580 296 2613 ἀκούοντας
308 2581 354 2608 τὸν
365 2581 443 2616 λόγον
455 2582 611 2618 ἐργάζεται,
628 2583 711 2610 εικόνι
727 2583 857 2619 βούλομαι

78 2624 213 2653 παιδεῦσαι
226 2627 280 2654 τῶν
298 2626 527 2664 βλασφημούντων
540 2629 589 2663 τὴν
613 2628 738 2664 γνώμην,
754 2630 785 2656 ὲκ
801 2629 856 2655 τῶν

78 2669 172 2703 γτῇνων
184 2673 229 2698 καὶ
241 2674 377 2700 ταπεινῶν
393 2674 547 2709 σαφηνίζων
555 2674 589 2701 τὰ
604 2674 719 2709 μεγάλα,
733 2675 782 2702 καῖ⁸
795 2675 857 2701 κατ’

80 2713 195 2750 αἴσθησιν
210 2717 247 2753 μὴ
261 2717 422 2754 βλεπόμενα.
435 2720 467 2746 Εἰ
481 2721 535 2755 γάρ
550 2728 591 2746 σοι
603 2720 702 2746 συνέϐη
716 2720 858 2757 concupii:

115 2801 132 2816 “
152 2803 218 2833 Psal.
238 2814 298 2838 cru,
311 2806 356 2834 24.
396 2808 417 2823 ¹¹
434 2807 530 2835 Matth.
552 2815 648 2841 xn’ut,
667 2808 709 2836 19.

233 2853 370 2884 l’Al‘ROL.
383 2853 428 2884 Gn
435 2876 442 2884 .
462 2853 573 2884 XLVI.

941 2536 1075 2571 Quoniam
1092 2540 1184 2564 autem
1209 2535 1402 2564 similitudines
1420 2542 1529 2570 semper
1544 2535 1698 2562 orationem

905 2583 976 2618 apud
995 2583 1134 2611 auditores
1149 2582 1236 2618 magis
1252 2582 1369 2610 vividam
1385 2581 1502 2609 reddunt
1517 2591 1523 2608 :
1545 2580 1697 2608 simulacro

905 2630 969 2657 volo
981 2628 1205 2657 maledicentiam
1234 2632 1352 2656 mentem
1379 2627 1499 2660 erudire,
1519 2634 1568 2662 per
1585 2631 1696 2653 terrena

906 2680 987 2710 atque
1010 2675 1141 2707 humilia,
1168 2681 1286 2710 magna,
1307 2680 1421 2709 quaque
1444 2679 1526 2700 sensu
1547 2679 1602 2698 non
1633 2678 1694 2698 cer.

907 2726 1028 2756 nuntur,
1053 2721 1207 2750 declarans.
1226 2721 1294 2749 Nam
1309 2721 1333 2749 si
1353 2718 1488 2756 ejusmodi
1512 2718 1561 2746 tibi
1581 2717 1695 2747 calami-

1485 2849 1525 2882 19
