1938 3082
266 107 318 134 587

886 100 916 128 5.
933 98 1096 128 GBEGORII
1111 97 1264 125 .NYSSENI

1866 93 1918 120 553

265 170 307 191 tas
321 162 477 195 accidisset,
493 165 522 189 ut
539 160 662 196 captivus
681 168 757 189 esses
776 159 847 196 apud
871 159 964 188 hostes
977 169 984 193 ;
997 167 1055 186 ser-

1113 158 1295 194 ιίχμαλωσίας
1312 157 1487 192 ὑπομείναντι
1500 153 1570 182 εἶναι
1586 154 1663 191 παρά
1679 154 1738 185 τοῖς
1750 152 1916 187 πολεμίοις·

263 218 315 237 vtts
338 213 430 236 autem
447 212 475 236 et
497 208 614 236 amictus
639 215 702 234 cum
726 207 827 242 gemitu
852 206 993 240 antiquaut
1021 205 1054 231 li-

265 255 419 286 bertatem,
445 261 527 290 quam
557 253 723 284 habuisses,
750 251 946 283 desiderares;
975 255 1056 284 atque

266 304 377 336 repente
389 301 445 328 noti
462 303 489 327 et.
502 300 576 327 cives
592 303 659 330 tres,
676 299 722 334 qui
738 298 765 325 in
784 298 926 333 regionem
942 301 1054 324 tuorum

264 346 438 374 dominorum
453 353 485 373 ac
505 350 684 381 tyrannorum
709 343 900 375 advenissent,
918 350 953 370 ex
969 341 1054 377 aequis

266 390 390 426 partibus
406 391 469 418 dato
493 390 592 426 pretio,
605 396 660 424 quo
676 388 852 416 redimereris
863 408 871 420 ,
889 391 1056 422 sumptaque

267 437 425 472 pecuniario
450 436 592 472 aequaliter
614 435 686 462 inter
703 441 733 462 se
759 433 847 460 diviso
861 453 869 466 ,
886 432 1054 460 liberassent

267 488 295 512 te
313 483 348 511 ab
363 486 478 519 urgente
506 480 688 509 necessitate:
705 487 740 507 an
757 486 812 506 non
823 478 876 506 hoc
890 478 1054 506 beneﬁcium

267 533 434 556 consecutus
449 548 457 560 ,
479 527 605 554 similiter
620 525 684 553 illos
706 529 764 552 tres
796 531 846 560 pro
869 523 1054 551 benefactori-

266 576 320 603 bus
337 574 471 606 haberes,
488 577 516 601 et
534 571 613 609 pretii
633 579 688 607 quo
705 569 862 605 redemptus
884 577 962 597 esses
979 576 1055 596 com-

268 621 457 656 pensationem
472 627 505 647 ex
531 618 617 653 aequis
632 617 758 652 partibus
773 616 910 644 tribueres
924 625 930 643 :
948 623 1009 643 cum
1027 619 1054 642 et

269 665 391 694 studium
406 671 456 699 pro
469 668 496 690 te
507 670 652 690 commune
666 682 674 694 ,
692 665 873 696 sumptusque
900 660 1053 687 communis

269 712 377 742 fuisset,
390 710 414 738 si
429 709 511 737 modo
527 709 620 744 justus
634 708 761 736 beneﬁcii
778 707 930 735 aestimator
956 706 1054 734 esses!

269 761 357 794 Atque
374 758 430 784 htt'c
444 755 553 791 quidem
571 759 708 790 quatenus
724 761 771 788 per
781 753 906 788 exempla
934 759 990 780 rem
1006 751 1054 779 de-

269 807 423 831 monstrare
454 799 656 828 conveniebat:
680 806 735 825 non
769 798 843 826 enim
872 805 945 825 nunc
973 797 1054 825 nobis

270 847 440 884 propositum
456 849 510 877 est,
534 850 615 871 recta:
630 843 694 871 ﬁdei
710 842 819 870 tradere
839 841 983 869 rationem.
999 840 1054 869 Sed
1072 844 1093 873 Β

270 895 304 921 ad
326 899 445 928 praesens
468 896 575 925 tempus
607 896 639 917 ac
665 888 837 924 propositum
862 890 1054 922 argumentum

270 945 454 967 recurramus.
479 936 546 964 Nam
564 935 683 967 invenio,
701 934 776 970 quod
799 941 854 961 non
880 933 970 961 solum
997 937 1058 968 post

274 992 401 1017 crucem,
420 982 564 1018 Evangelia
581 981 697 1017 gratiam
723 979 897 1016 baptismatis
928 979 1059 1014 prtedica-

271 1036 370 1059 verttnt
381 1051 389 1063 ,
406 1029 454 1058 sed
468 1033 496 1056 et
513 1034 577 1055 ante
591 1026 809 1054 incarnationem
831 1024 938 1052 Domini
955 1024 1058 1059 ubique

270 1082 350 1104 vetus
369 1075 512 1109 Scriptura
545 1071 760 1107 regenerationis
785 1075 885 1098 nostrae
911 1069 1058 1105 imaginem

274 1120 481 1158 pratliguravit:
497 1126 552 1146 tton
571 1121 663 1152 aperte
677 1121 704 1144 ct
724 1116 863 1144 evidenter
882 1115 997 1143 formam
1012 1122 1059 1142 os-

272 1167 387 1194 tendens
401 1185 409 1198 ,
434 1163 483 1192 sed
512 1162 704 1198 aettigmatibus
716 1165 744 1189 et
760 1160 910 1188 involucris
933 1159 1060 1187 humani-

273 1219 354 1240 tatem
369 1211 418 1239 Dei
442 1213 668 1246 praemonstrans.
688 1207 721 1234 Et
737 1213 766 1234 ut
788 1214 876 1242 agnus
907 1211 972 1233 ante
991 1213 1060 1240 prae-

272 1257 424 1286 dicabatur.
441 1258 468 1282 et
482 1261 548 1281 crux
561 1252 782 1288 prophetabatur,
813 1252 850 1278 ita
867 1251 950 1278 etiam
972 1250 1062 1286 bapti-

272 1310 332 1330 sma
346 1321 354 1333 ,
378 1304 405 1328 ct
419 1300 509 1328 verbis
526 1303 554 1327 et
573 1306 603 1326 re
620 1299 678 1333 ipsa
696 1297 878 1324 indicabatur.
894 1297 929 1323 At
954 1295 1062 1331 rediga-

272 1356 334 1375 tttus
361 1347 538 1374 honestarum
564 1352 655 1372 rerutn
682 1343 815 1371 studiosis
843 1343 870 1370 in
900 1343 1060 1370 memoriam

273 1394 394 1429 Iiguras;
411 1392 495 1427 exigit
509 1391 582 1418 enim
600 1394 707 1425 tempus
737 1389 868 1416 feriarum
881 1389 890 1423 (
903 1388 979 1424 eam)
999 1393 1061 1415 tan-

272 1448 355 1475 quam
390 1437 575 1466 necessariam
605 1436 909 1464 commemorationem.
923 1434 997 1470 Agar
1011 1441 1062 1461 an-

230 1492 232 1494 '
272 1486 336 1513 cilla
360 1482 554 1514 Abrahami",
568 1481 646 1516 cujus
669 1482 751 1508 etiam
768 1479 871 1507 Paulus
892 1479 927 1506 ad
952 1478 1062 1507 Galatas

271 1531 356 1558 verba
371 1529 485 1561 faciens.
502 1528 679 1563 allegoricam
708 1526 875 1553 mentionem
893 1523 957 1551 facit
968 1524 1001 1557 “,
1027 1524 1062 1551 ab
1075 1512 1097 1541 (ἶ

272 1577 356 1604 domo
385 1575 489 1603 domini
516 1573 559 1601 sui
586 1576 697 1608 propter
725 1571 792 1598 iram
818 1570 907 1598 Sarrae
940 1570 1064 1605 ablegata

273 1623 407 1658 (molesta
421 1621 493 1648 enim
519 1619 646 1655 legitimis
675 1617 809 1645 uxoribus
823 1625 867 1644 res
880 1619 933 1649 est,
952 1620 1064 1651 propter

272 1668 413 1695 dominum
437 1670 564 1701 suspecta
586 1664 719 1698 ancilla),
737 1663 845 1690 deserta
871 1669 904 1689 ac
932 1662 1064 1689 destituta

272 1714 410 1741 ferebatur
420 1712 453 1739 ad
468 1716 568 1739 terrant
581 1710 728 1741 desertam,
751 1710 896 1736 luctantem
908 1716 1001 1736 secum
1016 1709 1064 1735 Ita-

273 1759 340 1786 bens
352 1765 464 1794 puerum
480 1757 620 1784 Ismaelem
634 1756 667 1782 ¹⁸.
679 1755 746 1782 Cum
758 1759 850 1782 autem
862 1754 972 1782 redacta
991 1758 1064 1782 esset

274 1806 306 1832 ad
327 1804 446 1839 inopiam
478 1809 571 1830 rerum
593 1802 825 1831 necessariarum,
845 1801 958 1836 ipsaque
981 1807 1064 1835 prope

273 1856 397 1881 mortem,
408 1853 435 1876 et
447 1853 510 1876 ante
525 1855 584 1875 eam
598 1847 666 1875 adeo
677 1854 744 1882 puer
756 1846 875 1874 venisset
883 1849 975 1881 (quam
991 1846 1063 1873 enim

273 1896 301 1922 in
314 1900 374 1922 utre
384 1901 482 1929 aquam
497 1893 628 1920 habuerat
641 1911 649 1924 ,
664 1894 827 1926 consumpta
848 1891 1064 1926 erat:quoniam

275 1949 309 1968 tte
322 1940 379 1967 ﬁeri
396 1939 505 1975 quidem
523 1942 640 1973 poterat,
658 1942 689 1964 ut
704 1936 858 1972 Synagoga,
872 1943 933 1971 qua
954 1935 1021 1963 olim
1036 1937 1064 1963 itt

273 1987 369 2022 ﬁguris
391 1985 517 2021 perennis
545 1983 627 2011 fontis
653 1982 836 2016 versabatur,
875 1981 1064 2010 suﬂicientiam
1088 2005 1097 2014 ,

273 2035 336 2061 vita:
353 2033 496 2066 haberet),
510 2031 624 2066 angelus
638 2030 666 2057 in
683 2030 824 2064 insperato
838 2034 960 2064 apparet,
977 2033 1004 2056 et
1020 2036 1065 2056 os-

275 2079 363 2108 tendit
379 2079 405 2106 ei
424 2083 544 2114 puteum
560 2084 638 2112 aquae
655 2076 790 2104 viventis:
806 2081 888 2110 atque
913 2075 976 2102 inde
1001 2083 1063 2102 cum

276 2127 433 2158 hausisset,
453 2127 545 2152 servat
574 2123 725 2151 lsntaelem.
750 2116 819 2149 Vide
845 2122 928 2158 igitur
951 2122 1064 2156 ﬁguram

276 2172 443 2207 mysticam,
461 2169 690 2206 quemadmodum
716 2169 808 2196 statim
846 2168 880 2196 ab
910 2168 988 2194 initio
1016 2175 1065 2202 per

277 2225 376 2252 aquam
398 2217 543 2249 viventem,
560 2223 621 2251 quae
635 2223 689 2243 non
705 2215 781 2250 prius
796 2219 879 2246 esset,
895 2214 942 2242 sed
961 2221 1008 2249 per
1019 2221 1066 2240 an-

277 2264 368 2299 gelum
382 2263 456 2290 dotto
479 2263 542 2290 data
567 2265 651 2294 esset,
671 2261 796 2297 pereunti
812 2260 888 2288 salus
907 2259 1063 2295 contigerit.

278 2308 344 2335 item
366 2307 510 2342 posteriori
532 2310 655 2342 tempore
680 2306 785 2341 nuptiis
807 2305 936 2340 conjungi
954 2308 1065 2339 oporte-

276 2355 325 2382 bat
343 2353 530 2383 'lsaacum”.
545 2356 656 2387 propter
680 2359 760 2387 quem
784 2352 866 2380 etiant
887 2350 984 2378 lsmael
1011 2358 1067 2378 una

278 2408 340 2427 cuttt
354 2403 440 2426 matre
454 2403 566 2433 paterna
581 2397 646 2425 sede
661 2398 758 2432 pulsus
774 2400 843 2424 erat.
856 2396 956 2424 Missus
975 2400 1068 2423 autem

278 2453 377 2473 servus
392 2443 544 2471 Abrahanti
565 2443 706 2479 pronubtts
726 2447 753 2471 et
767 2443 922 2477 nuptiarum
936 2442 1068 2469 concilia-

278 2495 333 2521 tor.
350 2493 380 2517 ut
406 2489 518 2517 domino
542 2496 593 2516 suo
616 2495 746 2523 sponsam
770 2487 937 2518 adduceret,
963 2487 1067 2514 invenit

279 2535 430 2563 Rebeccam
457 2534 492 2561 ad
517 2539 627 2569 puteum
647 2541 655 2560 :
673 2540 705 2560 ac
735 2532 856 2567 nuptim,l
876 2539 938 2567 qua:
964 2531 1067 2559 Christi

279 2590 365 2618 genus
381 2581 518 2609 eﬂecturai
537 2584 624 2613 erant,
648 2579 681 2607 ad
705 2586 804 2614 aquatn
832 2578 941 2605 initium
956 2585 989 2605 ac
1008 2578 1066 2614 pri-

279 2637 352 2657 mam
367 2628 521 2664 pactionem
536 2627 801 2661 conventionemque
814 2625 980 2653 habuerunt.
994 2625 1066 2658 Quin

280 2676 362 2703 etiam
385 2675 443 2710 ipse
458 2680 567 2709 quoque
585 2672 662 2700 Isaac
679 2679 741 2699 eum
766 2671 894 2706 gregibus
920 2670 1066 2705 praefectus

286 2725 375 2754 esset,
397 2721 425 2748 in
442 2720 570 2749 omnibus
584 2719 652 2747 locis
668 2717 835 2752 solitudinis,
863 2722 961 2753 puteos
980 2716 1067 2744 fodie-

316 2813 340 2829 “
356 2811 424 2840 Gen.
441 2817 497 2844 ινι,
513 2809 556 2837 15.
595 2808 616 2825 ¹⁸
631 2807 719 2835 Galat.
740 2814 777 2840 tv,
794 2805 830 2832 22
849 2813 909 2842 sqq.

949 2805 972 2821 “
985 2803 1054 2832 Gen.
1075 2809 1133 2834 ut,
1148 2801 1164 2828 9
1179 2808 1242 2836 sqq.

1107 205 1243 232 δουλεύειν
1265 204 1293 231 δὲ
1319 204 1366 230 καὶ¹
1388 201 1632 238 ταλαιπωρεῖσθαι,
1656 201 1705 227 καὶ
1726 199 1847 226 στένειν
1869 199 1918 234 τὴν

1108 251 1226 278 παλαιὰν
1240 249 1395 285 ἐλευθερίαν
1408 250 1441 284 ἢν
1457 246 1544 284 εἶχες·
1561 247 1658 282 ἀθρόον
1672 246 1702 272 δὲ
1716 246 1799 281 τρεῖς
1811 244 1917 279 γνώρι-

1109 307 1154 334 μοι
1176 298 1224 324 καὶ
1243 297 1348 323 πολῖται
1368 297 1397 322 ἓν
1416 297 1449 331 τῇ
1469 295 1548 330 χώρᾳ
1561 294 1615 320 τῶν
1630 292 1684 319 σῶν
1699 291 1856 319 δεσποτῶν
1874 292 1916 316 καὶ

1107 343 1246 380 τυράννων
1262 343 1403 377 γενόμενοι
1415 340 1604 376 ἡλευθέρωσάν
1617 347 1646 366 σε
1658 340 1709 374 τῆς
1721 337 1916 371 ἐπικειμένης

1107 390 1240 425 ἀνάγκης,
1253 389 1338 425 λύτρα
1353 388 1443 420 δόντες
1462 386 1572 422 ἐξίσης,
1587 386 1634 412 καὶ
1645 386 1695 421 τὴν
1710 383 1849 417 δαπάνην
1862 382 1915 408 τῶν

1108 436 1256 472 χρημάτων
1277 435 1307 468 ἐξ
1332 434 1484 470 ἰσομοιρίας
1503 433 1572 468 πρὸς
1594 432 1708 462 ἑαυτοὺς
1733 429 1913 464 διελόμενοι·

1107 481 1163 518 ἆρα
1174 482 1224 518 τῆς
1239 482 1349 518 χάριτος
1366 481 1473 516 ὲκείνης
1488 478 1588 514 τυχὼν,
1604 478 1654 504 οὑκ
1673 476 1708 503 ἃν
1722 475 1837 511 ὁμοίως
1851 475 1913 504 τοὺς

1106 530 1181 564 τρεῖς
1194 529 1232 560 ὡς
1245 527 1391 564 εὐεργέτας
1403 526 1502 561 ἑώρας,
1514 525 1561 552 καὶ
1572 524 1625 550 τῶν
1638 523 1745 558 λύτρων
1761 521 1819 556 τὴν
1835 519 1913 554 duo:-

1107 575 1157 611 ὁὴν
1172 574 1202 607 ἐξ
1223 573 1374 609 ἰσομοιρίας
1393 573 1547 607 είσέφερες,
1572 569 1663 604 κοινῆς
1683 568 1756 602 ὑπὲρ
1783 565 1840 592 σοῦ
1869 566 1911 590 καὶ

1106 621 1155 656 τῆς
1168 620 1287 655 σπουδῆς
1304 619 1350 645 καὶ
1369 618 1418 653 τῆς
1434 617 1556 651 δαπάνης
1577 613 1778 650 γεγενημένης,
1796 612 1836 638 ἄν
1856 619 1907 644 περ

1105 667 1207 698 δίκαιος
1222 665 1346 701 ὑπάρχῃς
1361 664 1412 699 τῆς
1428 662 1585 698 εὐεργεσίας
1602 661 1716 696 κριτής;
1734 659 1794 687 Καὶ
1817 657 1905 684 ταῦτα

1108 713 1157 748 μὲν
1175 713 1236 739 ὅσον
1252 712 1282 738 ὲν
1302 710 1507 744 ὑποδείγμασιν
1521 708 1552 735 οὖ
1569 708 1623 743 γὰρ
1639 707 1687 734 νῦν
1701 707 1772 741 ἡμῖν
1796 705 1903 736 σκοπὸς

1105 758 1152 785 τὸν
1166 757 1216 792 τῆς
1231 757 1348 787 πίστεως
1361 754 1524 782 ἀπευθύνειν
1543 753 1632 787 λόγον.
1650 753 1723 788 Πρὸς
1750 753 1781 778 δὲ
1794 752 1848 778 τὸν
1863 753 1905 777 ὲν-

1107 803 1213 830 εστῶτα
1231 803 1326 838 καιρὸν
1346 803 1393 829 καὶ
1414 801 1462 837 τὴν
1482 799 1666 836 προκειμένην
1676 798 1812 825 ὑπόθεσιν
1839 798 1906 824 ἀνα-

1107 849 1265 885 δράμωμεν.
1287 848 1414 883 Εὑρίσκω
1433 848 1488 883 γάρ
1509 847 1549 873 ὅτι
1568 847 1618 881 τὴν
1638 845 1683 872 τοῦ
1707 844 1909 880 βαπτίσματος

1109 896 1188 931 χάριν
1199 895 1230 922 οὐ
1244 894 1323 930 μόνον
1336 893 1371 920 τά
1388 894 1458 929 μετὰ
1471 893 1516 920 τὸν
1530 893 1646 928 σταυρὸν
1660 891 1797 927 ἐκήρυξεν
1817 891 1910 923 Εὑαγ-

1109 942 1197 976 γέλια,
1213 941 1281 968 ἀλλά
1294 941 1342 967 καὶ
1354 940 1408 976 πρὸ
1420 939 1472 975 τῆς
1487 938 1721 974 ὲνανθρωπὴσεως
1731 937 1783 963 τοῦ
1799 936 1909 971 Κυρίου

1110 986 1248 1022 πανταχοῦ
1260 987 1277 1022 ὴ
1295 986 1403 1014 Παλαιὰ
1417 985 1512 1022 Γραφὴ
1527 984 1577 1020 τῆς
1593 983 1811 1018 παλιγγενεσίας
1829 983 1909 1018 ἠμὲν

1110 1033 1287 1069 προετύπωσε
1308 1033 1358 1068 τὴν
1379 1032 1489 1060 είκόνα’
1509 1032 1539 1058 οὺ
1554 1030 1697 1067 τηλαυγῶς
1720 1030 1773 1065 τὴν
1794 1030 1909 1064 μορφὴν

1110 1081 1313 1116 ἐμφανίζουσα,
1331 1081 1475 1116 αἰνίγμασι
1486 1079 1514 1106 δὲ
1532 1077 1580 1105 τοῦ
1594 1077 1662 1105 Θεοῦ
1680 1077 1730 1112 τὴν
1747 1075 1910 1110 φιλανθρω-

1110 1128 1175 1154 πίαν
1187 1126 1437 1162 προῡποφαίνουσα.
1449 1125 1504 1152 Καὶ
1513 1125 1550 1156 ὡς
1559 1125 1574 1151 ὁ
1585 1123 1669 1159 ἀμνὸς
1680 1121 1908 1158 προεκηρύττετο

1111 1175 1162 1201 καί
1172 1175 1187 1200 ὁ
1202 1174 1318 1209 σταυρὸς
1331 1172 1542 1209 προεφητεύετο·
1554 1171 1624 1197 οὕτω
1646 1169 1693 1196 καὶ
1712 1169 1744 1196 τὸ
1759 1169 1907 1204 βάπτισμα

1111 1220 1271 1254 πρακτικῶς
1284 1220 1331 1246 καὶ
1342 1218 1459 1253 λογικῶς
1473 1217 1616 1253 ἐμηνύετο.
1641 1215 1862 1250 ’Δναμνήσωμεν
1881 1214 1906 1239 δὲ

1111 1267 1173 1298 τοὺς
1182 1265 1342 1301 φιλοκάλους
1352 1264 1406 1291 τῶν
1418 1264 1520 1290 τύπων·
1534 1263 1644 1289 ἀπαιτεί
1655 1261 1709 1296 γὰρ
1718 1262 1732 1287 ὁ
1741 1261 1793 1295 τῆς
1806 1259 1907 1295 ἑορτῆς

1111 1312 1207 1348 καιρὸς
1219 1312 1258 1343 ὡς
1271 1311 1422 1345 ἀναγκαίαν
1438 1310 1488 1347 τὴν
1506 1310 1625 1345 μνήμην.
1647 1308 1679 1334 Ἠ
1698 1307 1788 1342 ’Λγαρ
1803 1307 1823 1341 ἡ
1842 1315 1907 1332 παι-

1111 1359 1189 1395 δίσκη
1212 1358 1259 1386 τοῦ
1291 1358 1414 1394 ’Λὸράμ,
1430 1358 1464 1392 ἢν
1481 1356 1529 1383 καὶ
1544 1355 1649 1388 Παῦλος
1668 1354 1818 1389 ἀλληγορεῖ
1837 1353 1908 1388 πρὸς

1112 1406 1234 1437 Γαλάτας
1251 1404 1439 1440 διαλεγόμενος
1449 1424 1456 1436 ,
1472 1402 1660 1438 έκπεμφῧείσα
1675 1401 1726 1436 τῆς
1747 1400 1842 1431 οἰκίας
1857 1399 1907 1425 τοῦ

1113 1453 1220 1489 κυρίου,
1231 1452 1275 1490 διὰ
1287 1452 1337 1488 τὴν
1347 1451 1430 1488 ὀργὴν
1443 1451 1492 1487 τῆς
1502 1451 1610 1486 Σάρρας
1622 1451 1630 1485 (
1642 1449 1759 1485 χαλεπὸν
1771 1448 1830 1484 γὰρ
1845 1449 1907 1478 ταῖς

1113 1501 1238 1536 νομίμοις
1256 1499 1378 1534 γυναιξὶν
1399 1498 1605 1534 ὑποπτευομένη
1618 1498 1698 1532 δούλη
1711 1496 1779 1532 πρὸς
1799 1496 1849 1522 τὸν
1864 1496 1907 1522 δε-

1115 1547 1234 1582 σπότην)
1245 1547 1347 1583 ἕρημος
1360 1546 1472 1582 ἐφέρετο
1482 1546 1549 1580 πρὸς
1562 1545 1664 1581 ἔρημον
1677 1544 1737 1579 γῆν,
1750 1542 1908 1578 ὑπομάζιον

1114 1594 1213 1630 ἔχουσα
1227 1594 1326 1629 βρέφος
1349 1593 1394 1620 τὸν
1420 1592 1540 1628 Ἰσμαήλ.
1570 1591 1679 1626 Ἐπειδὴ
1701 1590 1729 1617 δὲ
1749 1590 1778 1616 ὲν
1801 1589 1908 1624 ἀπορία

1113 1641 1167 1667 τῶν
1179 1640 1334 1674 ἀναγκαίων
1345 1639 1465 1674 γέγονεν,
1479 1639 1547 1673 αὐτή
1558 1646 1587 1664 τε
1601 1638 1683 1671 ἐγγὺς
1695 1635 1761 1672 ἦλθε
1774 1635 1908 1666 θανάτου,

1115 1688 1162 1714 καὶ
1178 1687 1230 1723 πρό
1246 1695 1278 1721 γε
1295 1686 1379 1721 αὐτῆς
1394 1685 1424 1712 τὸ
1440 1684 1545 1711 παιδίον
1557 1683 1598 1720 (τὸ
1608 1683 1662 1718 γάρ
1675 1683 1704 1708 ὂν
1720 1683 1749 1708 ὲν
1769 1681 1811 1716 τῷ
1828 1682 1909 1715 ἀσκῷ

1115 1733 1187 1768 ὕδωρ
1208 1731 1363 1767 ἐδαπανήθη
1373 1740 1380 1746 υ
1394 1731 1454 1757 ἐπεὶ
1470 1729 1539 1766 μηδὲ
1556 1727 1610 1756 οἷόν
1624 1737 1654 1754 τε
1669 1728 1719 1763 τὴν
1736 1727 1908 1761 Συναγωγὴν

1115 1779 1279 1815 αὐτάρκειαν
1292 1778 1362 1813 ἔχειν
1378 1777 1450 1813 ζωῆς
1459 1797 1468 1810 ,
1483 1777 1531 1812 τὴν
1549 1776 1618 1807 τέως
1631 1776 1660 1802 ὲν
1671 1776 1727 1805 τοῖς
1737 1773 1836 1805 τύποις
1847 1773 1908 1800 διά-

1114 1835 1216 1860 γουσαν
1234 1826 1283 1860 τῆς
1297 1825 1408 1852 ἀεννάου
1423 1822 1525 1859 πηγῆς)
1537 1830 1544 1838 ·
1565 1822 1678 1857 ἄγγελος
1693 1822 1726 1847 ἐκ
1745 1820 1792 1847 τοῦ
1815 1828 1907 1855 παρα-

1114 1874 1190 1907 δόξου
1211 1873 1350 1908 φαίνεται,
1377 1871 1424 1898 καὶ
1443 1871 1578 1898 δείκνυσιν
1602 1870 1670 1904 αὑτῇ
1696 1869 1784 1904 φρέαρ
1807 1867 1907 1899 ὓδατος

1115 1921 1230 1953 ζῶντος·
1256 1919 1382 1947 κάκεῖθεν
1405 1917 1581 1954 ἀρυσαμένη,
1603 1915 1683 1948 σώζει
1704 1916 1750 1942 τὸν
1778 1915 1904 1949 Ἰσμαήλ.

1116 1967 1188 2003 ’Ὀρα
1201 1967 1291 1993 τοίνυν
1305 1965 1390 1992 τύπον
1409 1964 1539 1999 μυστικόν
1550 1971 1557 1977 “
1572 1963 1645 1993 ὅπως
1660 1961 1741 1992 εὐθὺς
1761 1961 1790 1993 ἐξ
1816 1961 1906 1995 ἀρχῆς

1114 2014 1147 2041 δι’
1167 2014 1262 2044 ὓδατος
1285 2012 1386 2044 ζῶντος
1410 2010 1450 2046 τῷ
1465 2009 1643 2044 ἀπολλυμένῳ
1662 2008 1679 2043 ἡ
1702 2007 1825 2042 σωτηρία
1838 2026 1845 2038 ,
1873 2007 1903 2032 οὑ

1115 2060 1247 2096 πρότερον
1261 2058 1346 2089 ὄντος,
1361 2057 1429 2084 ἀλλά
1448 2056 1482 2083 δι’
1498 2055 1613 2090 ἀγγέλου
1635 2052 1704 2080 κατὰ
1719 2053 1798 2088 χάριν
1813 2052 1903 2078 δοθέν-

1114 2115 1169 2138 τος.
1184 2105 1297 2141 Χρόνοις
1307 2104 1335 2130 δὲ
1348 2103 1460 2138 ὕστερον
1477 2102 1558 2128 πάλιν
1576 2101 1674 2135 γάμοις
1693 2099 1746 2125 ἔδει
1768 2099 1901 2130 καταζευ·

1115 2152 1212 2188 χθῆναι
1223 2151 1268 2178 τὸν
1287 2149 1387 2181 Ἰσαὰκ,
1400 2148 1434 2175 δι’
1447 2148 1477 2175 ὃν
1491 2148 1538 2175 καὶ
1549 2147 1564 2173 ὁ
1581 2145 1692 2181 Ἰσμαὴλ
1707 2145 1756 2171 σὺν
1770 2145 1804 2180 τῇ
1821 2145 1900 2179 μητρὶ

1115 2199 1165 2232 τῆς
1177 2196 1312 2233 πατρικῆς
1325 2195 1417 2226 ἑστίας
1427 2194 1524 2229 ἠλάθη.
1545 2192 1718 2222 Ἀποσταλεὶς
1730 2191 1759 2217 δὲ
1772 2191 1786 2217 ὁ
1795 2190 1898 2224 οἰκέτης

1120 2245 1162 2272 τοῦ
1188 2244 1312 2279 Ἀϐραάμ
1325 2242 1524 2278 προμνήστωρ,
1542 2240 1612 2267 ὥστε
1627 2238 1666 2273 τῷ
1678 2238 1765 2274 κυρίῳ
1783 2237 1898 2273 νυμφεύ-

1117 2290 1232 2322 σασθαι,
1255 2289 1377 2325 εὑρίσκει
1399 2287 1448 2323 τὴν
1477 2286 1624 2313 Ῥεὸέκκαν
1644 2285 1689 2311 ἐπὶ
1707 2284 1756 2310 τοῦ
1772 2283 1897 2319 φρέατος

1117 2337 1164 2363 καὶ
1177 2336 1282 2371 γάμος,
1306 2335 1320 2361 ὁ
1337 2333 1440 2370 μέλλων
1455 2333 1542 2359 ποιεῖν
1560 2331 1591 2358 τὺ
1607 2330 1684 2365 γένος
1700 2328 1821 2365 Χριστοῦ
1831 2349 1838 2360 ,
1854 2329 1899 2354 ἐπὶ

1117 2382 1211 2414 ὓδατος
1225 2381 1304 2408 έλαὸε
1317 2381 1367 2416 τὴν
1385 2379 1473 2416 ἀρχὴν
1491 2378 1538 2406 καὶ
1559 2377 1608 2413 τὴν
1623 2376 1735 2412 πρώτην
1756 2375 1895 2410 συνθήκην.

1117 2431 1155 2458 Οὐ
1172 2429 1224 2466 μὴν
1238 2428 1306 2456 ἀλλὰ
1320 2428 1367 2456 καὶ
1380 2426 1461 2458 αὐτὸς
1470 2427 1484 2452 ό
1505 2425 1608 2457 Ἰσαάκ,
1622 2423 1704 2459 ἡνίκα
1718 2423 1779 2454 ταῖς
1794 2422 1897 2456 ἀγέλαις

1118 2479 1263 2513 ἐφεστήκει
1273 2497 1280 2508 ,
1298 2475 1433 2510 πανταχοῦ
1449 2473 1501 2508 τῆς
1522 2471 1639 2508 ἐρημίας
1659 2469 1767 2505 ὤρυσσε
1780 2468 1878 2504 φρέατα
1888 2488 1895 2498 ,

1117 2525 1189 2559 ἅπερ
1207 2524 1371 2558 ἐνέφραττον
1387 2521 1434 2548 καὶ
1448 2518 1633 2554 κατεχώννυον
1649 2518 1674 2543 ot
1689 2515 1849 2550 ἀλλόφυλοι·
1863 2515 1896 2544 εἰς

1118 2571 1202 2598 τύπον
1221 2569 1273 2597 τῶν
1293 2569 1333 2601 είς
1347 2568 1459 2603 ὕστερον
1476 2565 1593 2596 ἀσεὸὦν,
1611 2565 1666 2591 ὅσοι
1681 2563 1731 2598 τὴν
1743 2562 1790 2588 τοῦ
1809 2561 1896 2597 βαπτί-

1120 2625 1222 2653 σματος
1235 2617 1314 2652 χάριν
1331 2614 1449 2642 ἐκώλυον
1462 2612 1509 2640 καὶ
1528 2610 1705 2646 ἀνεστόμουν,
1722 2606 1896 2643 ζυγομαχοῦν-

1118 2673 1163 2697 τες
1178 2663 1244 2700 πρὸς
1256 2664 1306 2699 τὴν
1319 2661 1458 2698 ἀλήθειαν,
1478 2659 1546 2686 Ἀλλ’
1560 2659 1633 2694 ὅμως
1654 2657 1680 2683 οί
1702 2656 1840 2692 μάρτυρες
1856 2653 1895 2700 καὶ

1119 2712 1142 2737 οἱ
1159 2698 1242 2746 ίερεῖς
1264 2698 1487 2746 φρεωρυχοῦντες
1506 2704 1647 2739 ἐνίκησαν,
1665 2702 1713 2729 καὶ
1740 2701 1830 2728 πᾶσαν
1852 2698 1895 2734 τὴν

1282 2799 1303 2815 ¹⁶
1316 2798 1384 2826 Gen.
1407 2804 1482 2829 ntv,
1496 2796 1513 2823 '5
1523 2801 1585 2830 sqq.
