1938 3082
8 131 74 160 ἰ89
643 132 676 159 ΙΝ
696 131 894 160 BAPTISMUM
913 132 1060 160 CllRlSTl.
1616 136 1667 164 590

8 188 200 224 ,ἰκουμένην
223 186 253 213 τὸ
279 186 326 214 τοῦ
351 186 538 222 βαπτίσματος
564 187 649 222 δῶρον
681 187 825 214 ἐπέκλυσε.

886 192 926 215 hat
937 208 944 219 ,
961 196 1031 223 quos
1045 188 1204 224 alicnigenw
1217 188 1407 222 obstruebant,
1417 194 1443 216 et
1459 198 1556 226 aggere
1570 191 1667 220 obrue.

8 234 115 262 (α.τὰ
127 235 177 270 τὴν
196 233 280 269 αὐτὴν
293 231 321 259 δὲ
336 233 382 259 τοῦ
396 233 476 267 λόγου
490 231 603 268 δύναμιν
617 231 739 259 σπεύδων
754 233 801 259 καὶ
813 234 827 259 6

886 238 946 261 uani.
974 238 1000 261 et
1011 232 1198 266 occultabant,
1213 234 1247 262 ad
1266 236 1379 270 figurant
1391 243 1496 268 eorum,
1511 238 1558 272 qui
1572 243 1667 272 postea

8 279 140 306 Ἰακὼϐ
163 279 210 306 ἐπὶ
229 278 394 314 μνηστείαν.
418 278 555 314 ἀδοκήτως
577 279 623 304 ἐπὶ
637 277 685 304 τοῦ
710 278 827 313 φρέατος

886 279 1005 314 ’uerunt,
1022 281 1178 316 impiorum,
1195 281 1242 316 qui
1270 282 1370 308 donum
1387 282 1560 317 baptismatis
1572 284 1668 318 prohi-

8 327 187 361 ωνὴντησε
207 327 241 360 τῇ
263 324 375 360 Ῥαχήλ.
404 324 544 351 Ἐπέκειτο
558 325 586 351 δὲ
600 324 673 355 λίθος
691 325 777 359 μέγας
790 325 828 360 τῷ

886 325 981 352 hebant
1005 331 1033 353 et
1053 326 1250 360 impediebant,
1273 327 1384 354 veritati
1410 335 1470 356 sese
1486 334 1666 364 opponentes.

8 371 145 405 ρρέατι,
160 371 191 398 ὃν
207 370 309 406 πλῆθος
323 370 461 405 ποιμένων
475 370 564 397 συνιὸν
581 369 756 397 ἀπεκύλισεν·
776 369 826 398 εἷθ’

886 370 1073 399 Verumtamen
1086 376 1221 408 martyres
1235 377 1262 399 et
1273 373 1431 400 sacerdotes
1446 378 1544 407 puteos
1560 373 1668 401 fodien-

8 416 120 448 ὤτως
144 418 250 449 ἑαυτοῖς
269 416 316 443 καὶ
335 418 391 449 τοῖς
409 417 555 452 προϐάτοις
574 417 726 453 ὑδρεύοντο.
757 418 786 444 Ὀ
800 418 828 444 δὲ

9 463 142 490 Ἰακὼϐ
159 463 240 499 μόνος
264 463 407 490 ἀποκυλίει
425 463 470 490 τὸν
484 463 568 496 λίθον,
588 464 634 490 καὶ
654 464 758 496 ποτίζει
779 463 828 499 τῆς

8 509 162 545 μνηστῆς
178 508 212 535 τὰ
233 508 368 543 πρόϐατα.
384 508 521 544 Αῐνιγμα,
543 506 638 544 οἶμαι,
662 508 828 545 τδπρᾶγμα

8 555 74 582 καὶ
97 555 164 582 σκιὰ
174 554 221 581 τοῦ
236 554 389 590 μέλλοντος.
403 555 451 586 Τίς
465 555 517 590 γὰρ
531 556 544 581 ὁ
557 555 730 590 ἐπικείμενος
744 555 827 586 λίθος,

8 602 24 636 ἢ
48 601 150 633 αὐτὸς
171 602 186 628 ὁ
203 600 336 636 Χριστὸς;
357 601 426 637 Περὶ
447 599 477 628 οὗ
505 610 586 636 φησιν
617 601 730 633 Ἠσσῖας
743 607 750 616 ⁸
774 600 829 628 Kal

8 647 153 683 ἐμϐαλῶ
165 649 208 681 εἷς
224 650 260 675 τὰ
273 647 395 683 θεμέλια
411 647 488 674 Σιὼν
499 648 586 674 λίθον
598 647 761 682 πολυτελῆ,
780 647 829 674 ἕν-

8 703 38 721 τι
39 703 130 730 μον,
143 695 297 722 ἐκλεκτόν.
307 695 361 721 Καὶ
372 694 587 730 Δανιὴλόμοίως·
605 695 733 729 Ἔτμήθη
744 695 829 728 λίθος

8 741 107 768 ἄνευ
127 741 244 776 χειρός·
269 741 419 773 τουτέστιν,
446 740 594 776 Ἐγεννήθη
623 739 740 775 Χριστὸς
764 741 828 768 ἄνευ

886 738 964 767 Iacob
981 740 1057 767 solus
1079 745 1187 768 amovet
1211 749 1319 774 saxum,
1337 749 1370 769 ac
1392 747 1458 777 potu
1488 750 1596 777 sponsae
1614 750 1672 771 suae

8 788 142 824 ἄνδράς.
167 788 212 820 Ὠς
234 787 289 824 γὰρ
311 787 404 814 καινόν
425 787 484 814 ἐστι
505 787 552 814 καὶ
575 786 737 823 παράδοξον,
755 786 829 813 λίθον

886 785 967 813 reﬁcit
980 793 1056 814 oves.
1073 786 1211 823 Enigma,
1229 789 1336 823 opinor,
1348 795 1379 816 ea
1397 795 1441 816 res
1453 788 1556 824 (erat),
1569 792 1596 816 et
1612 797 1671 816 urn-

8 833 141 869 πέτρας
154 833 414 869 ἀποτμηθῆναιᾶνευ
421 832 562 868 λιθοτόμου
578 833 625 859 καὶ
637 831 761 868 ὀργάνων
772 831 828 859 λιθ-

886 834 929 859 bra
946 831 1042 859 futuri.
1063 832 1131 865 Quis
1145 834 1217 860 enim
1242 834 1386 869 impositus
1405 834 1474 870 lapis
1490 835 1561 863 alius
1589 840 1670 870 atque

8 887 48 905 ου
55 878 183 914 ργικῶν·
213 878 285 905 οὓτω
295 878 395 910 παντὸς
405 878 533 905 ἐπέκεινα
544 878 693 914 θαύματος,
706 877 734 911 ἐξ
746 878 828 913 ἀνυμ-

886 886 939 913 pse
961 878 1113 907 Christus?
1131 879 1168 907 De
1197 888 1253 914 quo
1284 880 1351 908 dicit
1368 881 1475 908 Isaias:
1508 880 1542 907 Et
1565 881 1668 908 immit-

8 925 136 960 φεὺτου
155 925 290 962 παρθένου
308 924 387 952 τόκον
399 924 525 959 ὀφθῆναι.

886 930 936 952 tam
962 925 989 952 in
1006 925 1182 961 fundamenta
1200 926 1266 954 Sion
1291 927 1404 962 lapidem
1428 928 1594 963 pretiosum,
1622 927 1669 954 Im-

9 978 174 1006 noratum,
187 973 299 1000 electum
311 972 345 998 ¹⁸.
364 970 398 998 Et
410 970 504 999 Daniel
516 971 660 999 similiter:
676 970 769 999 Sectus
792 977 830 998 est
850 971 919 1005 lapis
947 971 1044 1007 absque
1068 981 1148 999 manu
1160 973 1193 1005 ¹⁹,
1219 973 1247 1000 id
1266 978 1309 1000 est
1325 993 1331 1006 ,
1368 972 1454 1001 Natus
1477 977 1519 1001 est
1544 973 1670 1000 Christus

878 421 920 445 tes
938 418 1083 450 vicerunt,
1100 425 1263 454 omnemque
1292 423 1427 446 terrarum
1451 420 1545 447 orbem
1580 420 1669 456 bapti-

879 463 976 491 smatis
1006 462 1107 490 donum
1125 460 1283 490 inundavit.
1300 463 1352 491 Per
1375 463 1497 492 eamdem
1512 465 1575 492 item
1593 465 1669 492 Scri-

886 512 974 542 ptime
983 509 1038 535 vim
1057 508 1190 537 festinans
1205 509 1238 536 ad
1252 509 1390 544 sponsalia
1401 510 1482 537 etiam
1497 508 1593 544 Iacob,
1608 511 1669 538 ino-

879 555 972 589 pinato
983 555 1016 581 ad
1027 561 1135 590 puteum
1145 555 1252 582 obviam
1265 555 1354 583 factus
1362 561 1403 584 est
1414 555 1524 585 Racheli
1537 558 1568 584 ".
1581 558 1669 593 Impo-

879 601 962 628 situm
980 605 1070 628 autem
1084 605 1143 628 erat
1156 606 1238 636 puleo
1253 610 1349 629 saxum
1365 610 1493 638 magnum
1506 624 1512 636 ,
1531 604 1603 639 quod
1622 604 1669 631 ubi

879 652 967 675 cretus
989 653 1131 683 pastorum
1152 649 1338 682 convenisset,
1360 650 1508 682 revolvere,
1521 658 1553 677 ac
1568 651 1608 678 sic
1623 651 1671 678 de-

880 693 944 721 inde
962 698 988 720 et
1003 694 1055 721 sibi
1077 699 1104 722 et
1118 695 1217 722 ovibus
1240 702 1338 730 aquam
1357 695 1467 723 haurire
1485 696 1619 724 solebant.
1635 697 1672 723 At

8 1021 143 1055 absque
157 1021 227 1049 viro.
245 1019 281 1047 Ut
293 1020 366 1047 enim
384 1027 493 1051 nOvum.
515 1019 668 1046 inauditum
683 1024 710 1046 et
727 1019 885 1046 inusitatum
901 1024 954 1051 cst,
968 1020 1085 1054 lapidem
1103 1020 1138 1047 ab
1158 1027 1226 1055 rupe
1240 1020 1364 1048 abscindi
1379 1021 1439 1048 sine
1458 1028 1541 1055 opera
1565 1020 1669 1054 lutomi,

10 1071 118 1103 atque
136 1065 330 1094 instrumentis
341 1065 497 1092 latomicis:
516 1065 554 1092 ita
570 1069 682 1096 superat
701 1072 782 1092 oume
798 1064 971 1097 miraculum,
985 1065 1070 1092 videri
1088 1069 1196 1100 partum
1211 1065 1362 1100 ax-virgine
1380 1066 1507 1101 innupta.

70 1161 222 1189 Ἐπέκειτο
237 1159 326 1187 τοίνυν
339 1160 378 1195 τῷ
398 1159 495 1195 φρέατι
509 1160 524 1186 6
544 1159 618 1191 λίθος
631 1160 645 1186 6
660 1158 753 1194 νοητὸς
765 1159 833 1194 Χρι-

15 1208 114 1241 στὸς,
133 1207 264 1242 κρύπτων
278 1207 307 1234 ὲν
323 1206 400 1241 βάθει
414 1207 459 1232 καὶ
475 1205 616 1242 μυστηρίῳ
626 1205 656 1232 τὸ
670 1205 719 1241 τῆς
733 1204 832 1238 παλιγ-

17 1254 166 1289 γενεσίας
195 1252 316 1287 λουτρὸν,
346 1252 385 1278 ἔτι
400 1252 496 1288 χρόνου
518 1251 616 1278 πολλοῦ
639 1251 764 1287 δεόμενον
795 1251 834 1282 είς

17 1299 212 1334 ἀποκάλυψιν
232 1299 270 1331 ὡς
285 1298 403 1333 σχοινίου
419 1297 536 1334 μακροῦ.
553 1297 649 1329 Οὐδεὶς
663 1297 690 1324 δὲ
703 1297 748 1323 τὸν
762 1296 835 1322 λίθον

20 1345 217 1379 ὰπεκύλισεν,
237 1346 262 1372 εί
276 1344 314 1380 μὴ
336 1344 454 1380 Ἰσραὴλ,
467 1344 496 1376 ὅς
511 1345 570 1370 ἐστι
593 1343 654 1375 νοῦς
671 1343 742 1379 ὁρῶν
754 1343 830 1369 Θεόν.

29 1391 127 1419 Ἀλλὰ
139 1391 186 1419 καὶ
200 1391 331 1426 ἀνιμᾶται
342 1390 372 1417 τὸ
387 1390 469 1425 ὓδωρ,
482 1390 529 1417 καὶ
543 1389 647 1422 ποτίζει
661 1389 696 1416 τὰ
709 1388 831 1424 πρόϐατα

21 1439 87 1475 τῆς
111 1438 226 1474 Ῥαχὴλ,
243 1437 377 1470 τουτέστι,
398 1438 546 1472 μυστήριον
565 1435 754 1472 κεκρυμμένον
765 1436 832 1463 ἀπο-

23 1484 165 1520 καλύψας
171 1484 261 1510 δίδωσι
271 1482 385 1515 ζωτικὸν
392 1483 446 1510 ὒδω
449 1492 464 1519 ρ
471 1484 503 1518 τῇ
511 1482 596 1518 ἀγέλῃ
602 1483 651 1518 τῆς
659 1481 831 1517 Ἑκκλησὶας.

23 1529 95 1558 Καὶ
103 1529 137 1556 τὸ
149 1528 203 1556 τῶν
213 1528 295 1564 τριῶν
307 1527 412 1563 ῥάϐδων
421 1527 468 1553 τοῦ
485 1526 579 1554 Ἰακὼϐ
588 1525 714 1560 πρόσθες.
731 1526 790 1560 Ἀφ’
802 1520 833 1551 οὗ

916 1156 1063 1192 [inpositus
1080 1156 1163 1192 igitur
1193 1161 1253 1184 erat
1283 1161 1367 1192 puteo
1391 1156 1480 1192 lapis,
1507 1157 1555 1192 qui
1581 1163 1672 1186 mento

880 1203 1005 1231 cernitur
1019 1202 1156 1235 Christus,
1186 1203 1359 1231 abscondens
1388 1203 1417 1230 in
1433 1202 1571 1239 profundo
1591 1209 1672 1239 atque

882 1248 1016 1284 mysterio
1042 1248 1184 1276 lavacrum
1211 1249 1441 1284 regenerationis,
1477 1249 1549 1285 quod
1582 1250 1671 1278 adhuc

883 1296 972 1323 multo
993 1299 1128 1330 tempore,
1146 1299 1278 1330 tanquam
1304 1296 1386 1330 longo
1415 1295 1492 1328 fune,
1518 1296 1552 1323 ad
1567 1298 1673 1324 revela-

884 1341 986 1369 tionem
1013 1348 1083 1376 opus
1096 1341 1225 1369 habebat.
1243 1340 1328 1369 Nemo
1344 1347 1434 1368 autem
1463 1341 1580 1376 lapidem
1595 1350 1672 1369 amo-

884 1387 974 1418 vebat.
985 1387 1038 1414 nisi
1050 1387 1144 1419 lsrael,
1156 1395 1216 1422 qua:
1228 1391 1271 1415 est
1282 1395 1359 1415 mens
1368 1387 1462 1415 videns
1474 1387 1569 1415 Deum.
1585 1387 1672 1421 Quin-

885 1435 968 1461 etiam
983 1433 1075 1461 haurit
1096 1441 1206 1469 aquam,
1221 1438 1248 1461 et
1263 1437 1356 1468 potum
1377 1433 1480 1468 prmbet
1503 1433 1602 1461 ovibus
1615 1433 1671 1460 lia-

889 1479 988 1511 elielis,
1002 1479 1054 1507 hoc
1069 1483 1122 1511 est,
1137 1480 1278 1515 mysterio,
1299 1479 1373 1515 quod
1396 1479 1586 1508 absconditum
1600 1486 1670 1513 erat,

886 1525 1017 1557 revelato.
1039 1525 1085 1553 dat
1105 1533 1204 1560 aquam
1220 1525 1329 1553 vitalem
1347 1524 1477 1554 Ecclesia:
1493 1526 1580 1562 gregi.
1595 1527 1672 1554 Adde

26 1580 94 1613 γὰρ
112 1576 143 1603 αἱ
158 1576 233 1611 τρεῖς
249 1574 342 1610 ῥάϐδοι
361 1574 393 1609 τῇ
409 1574 484 1608 πηγῇ
499 1572 698 1608 παρετέθησαν,
722 1571 754 1598 ἐκ
769 1571 830 1598 τότε

886 1572 936 1600 huc
965 1572 1048 1598 trium
1067 1572 1204 1607 virgarum
1228 1571 1322 1600 Jacobi
1339 1579 1396 1600 rem
1423 1576 1540 1607 gestam.
1559 1573 1599 1600 Ex
1616 1582 1671 1608 quo

25 1623 44 1649 ὁ
64 1622 166 1649 Λάϐαν
179 1622 193 1648 6
209 1619 348 1651 πολύθεος,
365 1619 450 1654 πένης
464 1619 582 1652 ἐγένετο,
603 1618 729 1648 πλούσιος
742 1617 770 1644 δὲ
787 1617 834 1644 καὶ

29 1667 196 1705 πολύαρνος
224 1666 331 1694 Ἰακώϐ.
354 1663 579 1700 Ἀλληγορηθήτω
599 1663 627 1690 δὲ
650 1664 664 1690 6
688 1663 780 1690 Λάϐαν
795 1664 834 1694 εἰς

29 1716 86 1742 τὸν
112 1713 245 1744 διάϐολον,
268 1713 315 1739 καὶ
333 1713 347 1738 6
369 1710 465 1737 Ἰακὼϐ
484 1711 524 1741 εἰς
551 1709 596 1736 τὸν
611 1709 737 1742 Χριστόν.
757 1708 834 1735 Μετὰ

32 1760 97 1794 γὰρ
115 1758 149 1786 τὸ
173 1757 323 1794 βάπτισμα,
348 1757 465 1793 Χριστὸς
481 1756 571 1783 πᾶσαν
594 1754 646 1791 ἦρε
669 1754 718 1790 τὴν
735 1754 834 1788 ἀγέλην

32 1807 89 1834 τοῦ
105 1806 233 1838 Σατανᾶ,
252 1805 299 1832 καὶ
314 1803 557 1839 αὑτὸςέπλούτησε.
573 1801 694 1837 Μωῦσῆς
712 1801 740 1828 δὲ
753 1802 767 1827 6
785 1800 834 1837 μέ‹

35 1861 106 1887 τας,
125 1851 223 1887 βρέφος
248 1850 377 1886 ὑπάρχων
394 1850 500 1876 ἀστεῖον
517 1849 564 1875 καὶ
589 1846 749 1883 ὑπομάζιον,
767 1847 836 1873 ὑπο-

36 1898 138 1926 πεσὼν
151 1898 184 1933 τῇ
206 1898 282 1932 κοινῇ
298 1897 346 1923 καὶ
360 1895 508 1932 σκυθρωπῇ
521 1895 614 1930 ψήφῳ,
636 1894 671 1930 ἢν
688 1894 703 1920 6
719 1893 836 1929 σκληρὸς

36 1942 146 1979 Φαραὼ
163 1941 240 1970 ’κατὰ
252 1943 307 1969 τῶν
330 1941 437 1978 βρεφῶν
452 1941 506 1968 τῶν
531 1940 653 1976 ἀρρένων
679 1939 834 1975 ἐξήνεγκεν.

39 1990 158 2025 ἐξετέθη
178 1989 247 2025 πρὸς
267 1991 328 2021 ταῖς
344 1988 437 2024 ὗχθαις
458 1987 504 2014 τοῦ
525 1986 658 2022 ποταμοῦ,
673 1986 702 2012 οὐ
723 1986 835 2021 γυμνὸς,

41 2036 103 2064 ἀλλ’
117 2035 263 2071 ἐμϐληθεὶς
273 2035 399 2072 λάρνακι,
419 2034 492 2060 Ἔδει
506 2033 560 2068 γὰρ
577 2030 646 2059 εἶναι
659 2032 781 2063 τυπικῶς
792 2031 837 2058 τὸν

42 2082 129 2116 νόμον
148 2081 178 2107 έν
192 2080 310 2116 κιϐωτῷ.
343 2078 441 2113 Ἐγγὺς
455 2079 483 2105 δὲ
506 2077 640 2113 κατετέθη
662 2077 709 2104 τοῦ
730 2077 836 2109 ὓδατος.

42 2126 156 2161 Γειτνιᾷ
166 2125 221 2161 γὰρ
235 2126 250 2151 6
265 2125 345 2160 νόμος
363 2125 396 2160 τῇ
411 2124 520 2159 χάριτι·
537 2123 584 2149 καὶ
600 2122 634 2149 τὰ
649 2123 774 2158 ἐφήμερα
784 2122 837 2149 τῶν

50 2172 188 2208 Ἑϐραίων
208 2171 391 2206 ραντίσματα,
404 2170 422 2197 ἃ
445 2169 541 2205 μικρὸν
561 2169 674 2204 ὕστερον
691 2168 785 2203 ἔμελλε
799 2166 838 2203 τῷ

43 2217 143 2253 τελείῳ
155 2217 202 2243 καὶ
210 2216 357 2252 θαυμαστῷ
368 2215 532 2251 βαπτίσματι
546 2213 776 2249 καλυφθήσεσθαι.
795 2213 838 2245 Ὧς

47 2264 77 2290 δὲ
91 2262 191 2297 Παύλῳ
205 2262 244 2297 τῷ
266 2261 400 2296 θεσπεσίῳ
417 2261 499 2293 δοκεῖ,
515 2261 561 2288 καί
576 2262 590 2287 6
605 2260 667 2291 λαὸς
688 2259 768 2291 αὐτὸς
787 2258 836 2294 τὴν

55 2309 188 2345 Ἐρυθρὰν
201 2308 363 2343 περαιωθεὶς
377 2307 524 2340 θάλασσαν,
538 2307 586 2342 τὴν
596 2306 625 2340 ἐξ
639 2306 733 2338 ὕδατος
747 2314 836 2340 σωτη-

48 2355 111 2391 ρίαν
135 2353 340 2390 εὺηγγελίσατο.
363 2353 504 2389 Παρῆλθεν
521 2353 535 2378 6
550 2352 623 2384 λαὸς,
639 2352 686 2378 καὶ
713 2350 837 2386 βασιλεὺς

49 2403 64 2428 6
79 2400 227 2435 Αἰγύπτιος
248 2399 316 2435 μετὰ
329 2400 379 2435 τῆς
398 2400 526 2434 στρατιᾶς
540 2398 678 2433 ἐϐυθίσθη,
696 2396 743 2424 καὶ
759 2396 838 2423 τοῦτο

49 2447 82 2473 τὸ
97 2446 245 2482 μυστήριον
258 2445 301 2472 διὰ
313 2445 368 2472 τῶν
386 2444 474 2480 ἔργων
493 2443 703 2480 προεφητεύετο.
720 2443 774 2469 Καὶ
790 2442 838 2469 νῦν

52 2493 116 2527 γὰρ,
135 2490 216 2526 ἡνίκα
230 2489 262 2517 ἂν
274 2491 289 2516 6
300 2489 364 2521 λαὸς
377 2490 405 2515 ἐν
416 2489 455 2524 τῷ
470 2489 520 2523 τῆς
539 2486 747 2522 παλιγγενεσίας
762 2486 838 2513 ὕδατι

52 2537 173 2572 γένηται,
191 2535 299 2570 φεύγων
310 2534 359 2570 τὴν
373 2534 520 2567 Αἴγυπτον,
531 2532 580 2568 τὴν
598 2531 736 2568 μοχθηρὰν
748 2531 839 2566 ἁμαρ-

53 2584 123 2615 τίαν,
139 2581 220 2612 αὺτὺς
235 2581 284 2616 μὲν
298 2579 484 2615 ἐλευθεροῦται
495 2579 542 2605 καὶ
552 2578 677 2609 σώζεται,
686 2578 700 2604 6
710 2577 737 2604 δὲ
749 2576 839 2604 διάϐο-

54 2629 98 2660 λος
110 2628 177 2664 μετὰ
191 2627 246 2654 τῶν
263 2626 335 2653 ἰδίων
350 2625 493 2661 ὑπηρετῶν
506 2624 588 2660 (λέγω
598 2623 631 2659 δὴ
645 2623 700 2650 τῶν
715 2622 840 2658 πνευμά-

56 2685 106 2702 των
121 2675 170 2710 τῆς
191 2672 335 2709 πονηρίας)
352 2671 533 2706 ἁποπνίγεται
554 2672 588 2706 τῇ
606 2669 679 2705 λύπῃ
695 2669 742 2696 καὶ
763 2668 841 2703 φθεί-

59 2729 140 2753 ρεται,
160 2718 305 2754 συμφορὰν
325 2717 394 2744 ίδίαν
406 2716 455 2753 τὴν
466 2717 520 2744 τῶν
531 2715 683 2752 ἀνθρώπων
705 2715 840 2751 σωτηρίαν

884 1618 957 1645 enim
974 1621 1031 1645 tres
1059 1617 1112 1644 illa:
1125 1618 1208 1652 virga:
1235 1617 1304 1645 fonti
1333 1618 1465 1653 appositae
1488 1623 1562 1650 sunt,
1587 1627 1620 1646 ex
1638 1626 1671 1646 eo

885 1666 1006 1697 tempore
1016 1661 1109 1689 Laban
1120 1662 1165 1689 ille
1180 1662 1326 1689 multorum
1338 1662 1452 1690 deorum
1476 1663 1672 1698 superstitione

886 1707 1047 1743 implicitus,
1076 1715 1180 1742 pauper
1207 1707 1310 1740 evasit;
1326 1707 1411 1736 Jacob
1431 1713 1521 1736 autem
1537 1708 1618 1735 ditari
1644 1715 1672 1736 et

885 1754 964 1790 agnis
981 1754 1124 1781 abundare
1147 1754 1231 1789 cmpit
1242 1754 1277 1780 ³ο.
1300 1754 1454 1789 Allegorico
1473 1759 1563 1782 autem
1589 1763 1672 1782 sensu

886 1799 979 1828 Laban
993 1801 1026 1828 ad
1044 1800 1193 1832 diabolum,
1215 1799 1300 1828 Jacob
1318 1801 1351 1828 ad
1369 1800 1509 1828 Christum
1525 1800 1671 1829 referatur.

885 1844 952 1872 Nam
968 1848 1031 1880 post
1056 1845 1191 1880 baptisma
1213 1845 1340 1874 Christus
1358 1854 1466 1875 omnem
1491 1847 1592 1874 diaboli
1611 1856 1673 1883 gre-

887 1899 945 1927 gem
959 1892 1081 1926 abstulit,
1096 1896 1123 1920 et
1137 1892 1196 1927 ipse
1212 1893 1318 1920 ditatus
1330 1897 1383 1922 est.
1397 1893 1504 1929 Moyses
1521 1897 1612 1921 autem
1628 1894 1674 1921 ille

886 1944 1012 1972 magnus,
1026 1945 1089 1965 cum
1106 1945 1174 1972 puer
1193 1939 1280 1966 scitus
1300 1943 1328 1966 et
1341 1940 1460 1974 elegans,
1486 1943 1568 1975 atque
1590 1940 1673 1967 etiam

869 2006 872 2009 .
887 1990 960 2009 nunc
972 1981 1023 2010 sub
1035 1983 1166 2011 uberibus
1179 1987 1263 2016 esset,
1279 1984 1417 2011 communi
1433 1991 1464 2012 ac
1476 1984 1546 2012 tristi
1562 1989 1674 2012 senten-

887 2028 948 2061 tiae,
966 2036 1046 2063 quam
1071 2028 1158 2056 durus
1184 2028 1230 2056 ille
1256 2027 1364 2055 Pharao
1392 2028 1523 2056 adversus
1555 2029 1674 2056 infantes

887 2073 1026 2101 masculos
1039 2074 1148 2106 tulerat,
1163 2074 1316 2109 subjectus,
1334 2075 1477 2109 expositus
1491 2078 1532 2102 est
1550 2075 1583 2102 ad
1601 2075 1674 2110 ripas

888 2120 988 2153 amnis,
1005 2127 1059 2147 non
1089 2119 1191 2152 nudus,
1206 2120 1253 2147 sed
1271 2119 1348 2147 cistae
1374 2120 1519 2155 impositus
1534 2120 1569 2147 “.
1585 2119 1674 2156 Opor-

889 2166 962 2193 tebat
976 2167 1049 2194 enim
1072 2166 1158 2201 legem
1171 2167 1262 2201 typice
1275 2170 1303 2193 et
1317 2166 1463 2202 allegorice
1478 2175 1539 2194 esse
1556 2168 1584 2194 in
1600 2175 1674 2195 arca.

890 2211 979 2247 Prope
1003 2219 1101 2247 aquam
1127 2219 1217 2240 autem
1249 2213 1392 2248 depositus
1404 2217 1458 2240 est.
1477 2212 1573 2240 Vicina
1602 2214 1676 2241 enim

889 2259 983 2294 gratia:
999 2258 1042 2286 lex
1057 2261 1109 2291 est,
1121 2262 1148 2285 et
1164 2258 1331 2293 quotidianae
1347 2257 1522 2286 llehrteorum
1539 2260 1677 2295 aspersio-

889 2312 940 2332 nes
956 2313 963 2331 ι
979 2311 1049 2338 quae,
1067 2303 1148 2338 paulo
1177 2308 1239 2338 post
1262 2303 1383 2331 futurum
1409 2308 1468 2331 erat
1495 2308 1526 2332 ut
1555 2305 1678 2340 perfecto

889 2356 971 2385 atque
998 2349 1158 2376 admirando
1177 2349 1341 2384 baptismate
1370 2350 1571 2385 obtegerentur.
1588 2350 1677 2386 Atque

889 2401 920 2423 ut
935 2395 1028 2423 divino
1043 2395 1128 2423 Paulo
1145 2395 1252 2424 videtur
1260 2398 1294 2428 “,
1312 2396 1393 2424 etiam
1410 2396 1528 2432 populus
1542 2397 1611 2433 ipse,
1628 2397 1675 2432 qui

890 2441 1013 2470 Rubrum
1030 2450 1106 2470 mare
1119 2443 1256 2474 transivit,
1275 2451 1346 2475 eam,
1364 2451 1424 2478 qua:
1438 2450 1470 2471 ex
1484 2451 1554 2478 aqua
1568 2444 1676 2472 contin-

891 2488 939 2523 git,
954 2489 1069 2516 salutem
1081 2489 1264 2516 annuntiavit.
1281 2487 1422 2517 Transivit
1444 2491 1572 2524 populus,
1587 2493 1615 2517 et
1628 2497 1677 2517 rex

893 2533 1038 2569 IEgyptius
1053 2542 1115 2562 cum
1127 2535 1251 2563 exercitu
1260 2534 1423 2563 submersus
1436 2538 1479 2563 est
1489 2535 1522 2568 ",
1535 2539 1561 2563 et
1575 2539 1677 2570 myste-

893 2581 964 2608 rium
981 2587 1029 2615 per
1043 2587 1125 2615 opera
1141 2580 1350 2615 praedicebatur.
1362 2581 1468 2609 Etenim
1481 2588 1554 2608 nunc
1567 2581 1676 2616 quando

893 2626 1011 2661 populus
1039 2626 1146 2660 fugiens
1176 2626 1340 2662 Egyptum,
1365 2626 1519 2662 improbum
1549 2626 1677 2661 (scilicet)

893 2674 1046 2704 peccatum.
1065 2670 1093 2697 in
1121 2678 1191 2706 aqua
1217 2671 1431 2706 regenerationis
1462 2674 1596 2701 versatur.
1618 2671 1676 2705 ipse

893 2715 1003 2751 quidem
1022 2715 1154 2744 liberatur
1180 2719 1208 2744 et
1227 2720 1354 2744 servatur
1367 2725 1374 2749 ;
1387 2715 1514 2744 diabolus
1533 2722 1598 2743 vero
1613 2722 1676 2742 cum

93 2823 112 2838 "
130 2820 197 2848 Gen.
229 2827 307 2849 χχιι,
327 2817 344 2846 9
362 2826 422 2853 sqq.
475 2818 497 2834 “
512 2817 565 2845 Isa.
582 2825 686 2853 xxvln.
706 2815 763 2853 16:7
800 2815 822 2831 "

886 2824 909 2843 n.
933 2824 963 2850 ιι,
985 2815 1030 2843 65.
1079 2816 1102 2832 ’θ
1125 2815 1193 2845 Gen.
1221 2824 1284 2850 nx,
1302 2815 1336 2842 27
1354 2822 1416 2850 sqq.
1455 2815 1476 2831 ¹¹
1497 2811 1584 2842 Exod.
1611 2821 1678 2847 nu,

62 2856 78 2884 3
89 2865 146 2893 son.
183 2856 206 2872 "
228 2855 237 2882 I
254 2854 317 2882 Cor.
338 2861 366 2886 ιι,
383 2851 480 2889 i'sqq.
519 2854 542 2869 ’³
558 2852 645 2880 Exod.
661 2859 718 2886 xuv,
732 2851 768 2878 22
783 2858 843 2886 sqq.
