1938 3082
273 153 322 182 591

898 153 926 180 S.
941 152 1103 181 GltEGORll
1114 152 1260 180 NYSSENI

1866 154 1923 183 $92

274 215 333 242 suis
354 215 487 243 ministris
502 214 547 249 (de
563 215 705 250 spiritibus
722 215 850 242 nimirum
877 215 1007 250 improbis
1024 215 1062 242 lo-

1124 215 1275 250 ῇγούμενος.
1300 213 1389 241 Ἰκανὰ
1407 214 1456 249 μὲν
1471 211 1517 240 οὖν
1537 215 1582 241 καὶ
1601 214 1686 241 ταῦτα
1707 216 1746 246 εἰς
1761 214 1923 249 βεϐαίωσιν

273 260 354 296 quor)
374 261 458 288 animi
485 260 579 288 dolore
604 260 764 292 sull'ocatur,
789 266 815 288 et
839 261 995 292 conﬁcitur,
1012 267 1061 295 pro

275 315 324 334 sua
357 306 513 334 calamitate
538 306 679 333 hominum
705 307 821 334 salutem
838 307 952 333 ducens.
974 307 1061 340 Atque

274 354 356 379 etiam
373 353 431 379 haec
443 351 554 387 quidetu
572 352 651 379 nobis
666 351 699 378 ad
716 351 951 378 conﬁrmationem
965 359 1062 386 propo-

275 399 319 426 siti
339 403 472 426 tractatus
490 397 656 426 sulTecerint.
677 397 869 425 Verumtamen
888 405 922 424 ne
946 404 1061 432 sequen-

276 446 312 472 tia
329 445 437 480 quidem
457 444 631 472 honestarum
653 451 743 471 rerum
761 443 886 471 studioso
902 443 1062 479 negligenda

279 497 355 518 sunt.
375 491 465 518 Multis
480 491 552 518 enim
572 489 751 517 incommodis
761 489 943 521 conflictatus,
967 497 1063 524 quem-

266 537 424 572 ,admodum
467 536 630 566 didicimus,
655 535 831 562 Hebraeorum
872 536 1008 570 populus,
1037 541 1063 562 et

276 583 414 610 laborioso
430 587 509 617 atque
543 582 660 609 molesto
681 581 838 609 solitudinis
864 581 991 608 confecto
1010 581 1059 608 Cll"

277 628 363 660 cuitu,
376 635 428 655 non
443 628 518 662 prius
537 632 636 654 terram
652 627 842 662 promissionis
858 627 969 662 recepit,
982 632 1064 662 quam

278 675 396 701 ducente
412 674 487 705 Jesu,
504 675 643 708 vitamque
659 674 718 708 ejus
732 673 900 708 gubernante
917 673 950 700 ad
968 672 1064 700 Iorda-

279 730 340 749 nem
357 722 479 756 pervenit
493 721 526 748 ".
539 720 716 755 Perspicuum
731 725 775 747 est
785 723 887 751 autem,
898 719 971 754 quod
983 719 1065 746 etiam

278 766 370 799 Jesus,
392 766 438 800 qui
469 765 612 792 duodecim
645 772 711 792 saxa
739 765 765 791 in
792 763 903 791 ﬂumine
928 763 1065 798 deposuit,

278 812 422 839 duodecim
438 811 588 846 discipulos
610 810 753 838 ministros
769 810 942 844 baptismatis
959 816 1066 844 pra-pa-

279 859 358 885 rabat
382 865 414 885 ac
440 857 664 892 przedestinabat.
693 856 779 883 Porro
813 855 978 883 sacriﬁcium
1001 853 1068 881 illud

280 903 457 935 admirabile,
483 903 610 938 quodque
645 909 754 929 omnem
782 902 928 928 humanam
957 905 1067 935 superat

279 954 410 981 mentem,
430 947 566 975 Thesbitae
587 947 660 974 illius
675 947 759 978 senis,
784 947 848 981 qttid
863 946 935 972 aliud
956 945 1064 972 tandem

281 1000 362 1030 atque
374 1002 403 1021 re
418 995 475 1028 ipsa
500 993 690 1028 pra-signiﬁcat
715 992 794 1020 ﬁdem
819 992 846 1019 in
858 991 964 1019 Patrem
979 996 1006 1018 et
1020 990 1066 1018 Fi-

281 1040 348 1067 lium
369 1044 396 1067 et
413 1039 544 1075 Spiritum
571 1043 706 1069 sanctum,
730 1043 812 1073 atque
837 1037 1068 1072 redemptionem?

281 1084 462 1119 Posteaquam
490 1082 563 1111 enim
586 1083 732 1110 universus
749 1082 925 1110 Hebraeorum
951 1082 1067 1117 populus

282 1131 370 1166 patria
397 1130 557 1157 conculcata
577 1130 692 1164 pietate,
716 1129 742 1155 in
769 1135 889 1156 errorem
917 1128 1067 1155 multorum

282 1177 398 1204 deormn
425 1177 517 1203 cultus
533 1176 679 1210 prolapsus
699 1178 758 1202 erat
774 1184 780 1201 :
798 1179 826 1202 et
841 1181 887 1202 rex
912 1174 1006 1202 Achab
1033 1174 1068 1201 ab

283 1223 492 1250 sinmlaerorum
509 1222 584 1249 cultu
603 1220 792 1251 deludcbatur,
807 1228 868 1247 cum
886 1221 985 1247 malam
1007 1221 1069 1247 vim

284 1269 388 1297 sociam
416 1267 694 1302 seclestissimamque.
726 1265 872 1300 impietatis
909 1266 1067 1300 magistram

285 1316 397 1342 haberet
426 1314 572 1341 infaustam
604 1319 630 1340 et
662 1311 857 1340 cxsecrandatn
887 1310 1068 1338 Jezabelem:

285 1361 405 1395 repletus
419 1359 549 1394 propheta
561 1358 648 1393 gratia
664 1357 811 1392 spirituali,
823 1360 850 1383 et
869 1364 931 1383 cum
958 1356 1069 1383 Achabo

286 1413 462 1441 congressus,
481 1408 550 1431 teste
577 1411 649 1438 rege.
665 1403 793 1437 omnique
820 1402 920 1437 populo
941 1402 1070 1430 sacerdo—

286 1453 360 1479 tibus
375 1451 437 1477 Baal
453 1458 484 1478 se
495 1450 622 1485 opposuit
648 1449 681 1476 ad
696 1453 834 1476 certamen
860 1449 956 1483 ingens
971 1453 998 1476 et
1024 1449 1071 1476 ad-

286 1498 429 1530 mirabile;
459 1501 540 1531 atque
572 1496 654 1528 illos,
681 1495 728 1530 qui
758 1498 958 1530 proposuerant
990 1499 1072 1530 atque

287 1544 404 1580 professi
427 1547 514 1575 erant,
532 1541 604 1576 quod
621 1542 724 1576 absque
746 1542 798 1576 igni
816 1541 911 1568 bovem
931 1542 1071 1568 sacriﬁca-

1111 262 1160 296 τῆς
1169 261 1352 296 προκειμένης
1363 261 1555 296 πραγματείας
1564 258 1608 296 ἦν.
1621 261 1694 296 Πλὴν
1705 260 1766 287 οὐδὲ
1778 260 1840 286 τῶν
1853 261 1922 295 ἑξῆς

1112 307 1263 342 ἀμελητέον
1278 307 1318 342 τῷ
1332 307 1478 342 φιλοκάλῳ.
1495 306 1582 332 Πολλὰ
1603 307 1657 342 γὰρ
1671 306 1776 338 παθὼν,
1794 306 1838 337 ὡς
1865 306 1921 332 ἐδι-

1112 353 1261 388 δάχθημεν,
1275 354 1290 379 ὁ
1305 353 1358 379 τῶν
1382 353 1514 388 Ἐϐραίων
1537 353 1612 387 λαὸς,
1632 353 1679 379 καὶ
1693 353 1743 388 τὴν
1766 352 1922 387 μοχθηρὰν

1112 398 1241 430 διανύσας
1257 398 1305 434 τῆς
1322 399 1426 434 ἐρήμου
1442 399 1566 434 περίοδον
1578 419 1586 431 ,
1601 399 1631 425 οὐ
1652 399 1784 435 πρότερον
1799 399 1855 434 τὴν
1867 399 1922 432 γῆν

1113 446 1162 480 τῆς
1185 445 1350 479 ἐπαγγελίας
1374 445 1504 477 ἀπέλαϐε,
1528 445 1593 481 πρὶν
1615 445 1778 480 ὀδηγοῦντος
1811 444 1919 480 Ἰησοῦ,

1114 492 1160 517 καὶ
1182 491 1230 526 τὴν
1242 490 1314 526 ζωὴν
1337 491 1420 517 αὑτοῦ
1435 491 1630 526 κυϐερνῶντος,
1648 492 1687 522 εἰς
1708 491 1754 517 τὸν
1773 491 1919 526 Ἰορδάνην

1114 536 1277 572 ἑτεραιώθη.
1299 537 1403 572 Ἰησοῦς
1424 537 1451 564 δὲ
1472 539 1519 563 καὶ
1532 538 1594 569 τοὺς
1609 537 1712 564 δώδεκα
1734 537 1833 568 λίθους
1847 537 1919 563 ἁπο-

1115 582 1226 617 Οέμενος
1236 583 1266 609 ἐν
1278 582 1317 617 τῷ
1334 583 1460 618 ῥεύματι,
1475 582 1607 618 πρόδηλόν
1619 584 1703 616 ἐστιν,
1717 583 1760 609 ὅτι
1775 583 1846 614 τοὺς
1867 582 1917 608 δώ-

1115 628 1182 654 δεκα
1193 628 1326 663 μαθητὰς,
1340 629 1403 660 τοὺς
1416 628 1553 664 ὑπηρέτας
1566 627 1612 654 τοῦ
1627 628 1833 663 βαπτίσματος,
1851 636 1917 662 προ-

1115 673 1287 709 ηυτρέπιζεν.
1307 673 1338 699 'H
1349 673 1377 700 δὲ
1389 673 1530 709 θαυμαστὴ
1540 673 1678 710 ἱερουργία
1691 674 1737 700 καὶ
1751 674 1846 701 πάντα
1855 673 1916 699 νοίν

1116 719 1267 754 ἀνθρώπων
1283 721 1483 756 ὑπερϐαίνουσα
1497 720 1543 747 τοῦ
1561 721 1689 747 Θεσὸῖτου
1705 719 1753 746 τοῦ
1770 721 1916 755 γέροντος.

1117 766 1143 792 τί
1158 774 1222 792 ποτε
1234 765 1307 798 ἄλλο,
1322 766 1338 801 ἢ
1352 767 1508 802 πρακτικῶς
1524 766 1673 802 προμηνύει
1686 767 1736 802 τὴν
1751 769 1792 799 εἰς
1803 767 1918 802 Πατέρα

1119 812 1165 839 καὶ
1178 812 1240 838 Υἱὺν
1254 813 1300 839 καὶ
1313 813 1389 847 ἅγιον
1403 813 1512 848 Πνεῦμα
1525 813 1627 845 πίστιν,
1641 814 1688 840 καὶ
1699 813 1916 848 ἀπολύτρωσινε

1125 859 1236 895 Ἐπειδὴ
1248 859 1302 894 γὰρ
1313 859 1384 890 am;
1398 861 1412 886 ὁ
1425 860 1480 886 τῶν
1496 860 1627 895 Ἐϐραίων
1637 860 1700 892 λαὸς
1712 860 1763 895 τὴν
1779 861 1916 896 πατρῴαν

1084 917 1103 944 Β
1120 906 1244 940 πατήσας
1256 905 1404 936 εὑσέόειαν,
1415 906 1454 937 εἰς
1467 906 1514 941 τὴν
1527 906 1655 932 πολύοεον
1666 906 1770 942 πλάνην
1783 906 1915 939 ἐξέπεσε,

1118 951 1164 977 καὶ
1191 952 1205 977 ὁ
1228 951 1354 986 βασιλεὺς
1385 950 1487 986 ’Λχαὰὸ
1515 950 1590 985 παρὰ
1613 950 1663 985 τῆς
1686 951 1915 986 εἰδωλολατρεὶα,

1117 996 1253 1028 ὲπαὶζετο,
1270 997 1358 1032 κακὴν
1377 996 1424 1023 τοῦ
1448 996 1505 1030 βίου
1530 995 1656 1022 κοινωνὸν
1681 997 1726 1023 καὶ
1749 996 1916 1031 παμμίαρον

1116 1043 1165 1077 τῆς
1182 1042 1307 1073 ἀσεὸείας
1323 1042 1392 1077 ἔχων
1410 1041 1568 1069 διδάσκαλον
1585 1041 1633 1076 τὴν
1647 1041 1808 1076 δυσώνυμον
1828 1041 1915 1072 Ἰεζὼ

1118 1088 1181 1115 σελ·
1199 1088 1328 1123 πλησθεὶς
1338 1089 1352 1114 ὁ
1367 1088 1511 1123 Προφήτης
1525 1089 1574 1122 τῆς
1592 1088 1780 1122 πνευματικῆς
1792 1088 1915 1123 χάριτος,

1118 1134 1203 1162 ἐλθὼν
1218 1134 1246 1161 δὲ
1264 1135 1303 1166 εἰς
1316 1134 1461 1169 συντυχίαν
1477 1133 1516 1169 τῷ
1536 1133 1648 1168 ’Δχαὰ6,
1667 1134 1718 1160 ὑπο
1736 1134 1861 1169 μάρτυρι
1879 1134 1915 1167 τῷ

1120 1181 1226 1216 βασιλεῖ
1241 1181 1288 1208 καὶ
1306 1181 1388 1207 παντὶ
1403 1180 1442 1215 τῷ
1464 1179 1533 1215 λαῷ,
1550 1181 1606 1212 τοῖς
1627 1180 1676 1214 τῆς
1694 1179 1770 1206 Βάαλ
1794 1179 1914 1214 ἱερεῦσιν

1118 1226 1299 1261 ἁντικατέστη
1316 1226 1383 1261 πρὸς
1407 1226 1499 1260 ἀγῶνα
1523 1224 1679 1260 Θαυμαστὸν
1705 1226 1753 1252 καὶ
1781 1225 1914 1258 ἐξαίσιον.

1119 1272 1174 1298 Καὶ⁸
1188 1271 1405 1307 προϐαλλόμενος
1414 1271 1504 1302 αὐτοῖς
1514 1271 1545 1297 τὸ
1560 1269 1644 1304 χωρὶς
1658 1269 1745 1304 πυρὸς
1765 1270 1911 1305 ἱερουργῆ-

1120 1327 1165 1344 σαι
1175 1318 1220 1344 τὸν
1233 1317 1296 1353 βοῦν
1309 1337 1316 1348 ,
1335 1316 1552 1351 καταγελάστους
1566 1315 1647 1348 ἔδειξε
1667 1316 1712 1342 καὶ
1722 1315 1846 1347 ἀθλίους,
1867 1317 1914 1350 μαι

1119 1372 1169 1399 την
1188 1363 1351 1399 εὐχομένους
1373 1362 1420 1389 καὶ
1435 1362 1585 1396 κράζοντας
1599 1362 1654 1392 τοῖς
1676 1361 1725 1387 οὐκ
1745 1358 1806 1386 οὖσι
1834 1360 1914 1390 θεοῖς.

1120 1410 1213 1442 Τέλος,
1230 1409 1461 1444 ἐπικαλεσάμενος
1483 1408 1564 1440 αὐτὸς
1579 1407 1624 1434 τὸν
1642 1407 1707 1434 [διον
1719 1407 1765 1433 καὶ
1786 1406 1913 1440 ἀληθινοί

1121 1456 1198 1488 Θεὸν,
1225 1455 1388 1490 ὑπερϐολαῖς
1407 1454 1511 1481 πλείοσι
1529 1454 1576 1480 καὶ
1601 1453 1781 1488 προσθήκαις,
1806 1451 1915 1485 οαυμαο

1123 1501 1192 1533 στῶς
1220 1501 1356 1533 ἐξετέλεσε
1382 1501 1412 1527 τὸ
1435 1499 1588 1535 προϐληθὲν
1614 1498 1770 1532 ἀγώνισμα.
1800 1497 1839 1523 Οὐ
1864 1498 1912 1530 τὰς

1123 1546 1216 1578 ἁπλῶς
1228 1546 1374 1582 εὐξάμενος
1388 1547 1476 1581 ἠγαγε
1491 1546 1522 1572 τὸ
1535 1545 1591 1581 πῦρ
1606 1545 1635 1578 ἐξ
1650 1543 1764 1577 οὐρανοῦ
1777 1543 1850 1569 κατὰ
1862 1543 1911 1568 nia

287 1591 342 1618 turi
360 1593 461 1621 essent,
476 1588 606 1615 ridiculos
628 1595 660 1614 ac
684 1588 798 1615 miseros
815 1588 945 1619 ostendit,
970 1588 1070 1615 frustra

1129 1593 1213 1624 ξύλων
1225 1593 1314 1628 ξηρῶν
1330 1592 1516 1628 ὑπαρχόντων,
1529 1591 1595 1618 ἀλλὰ
1607 1592 1662 1621 τοῖς
1673 1589 1825 1624 ὑπηρέταις
1840 1589 1912 1621 ἐγκε-

287 1640 430 1671 precantes
445 1638 472 1661 et
487 1635 646 1661 invocantes
660 1633 736 1666 deos,
762 1633 809 1667 qui
828 1634 895 1660 uulli
908 1637 982 1661 sunt.
1000 1634 1073 1661 Tan-

287 1682 349 1709 dem
361 1681 419 1716 ipse
435 1687 485 1707 suo
501 1687 533 1706 ac
547 1686 611 1706 vero
621 1678 675 1705 Deo
689 1679 825 1711 invocato,
841 1679 1000 1707 excessibus
1011 1683 1072 1715 plu-

288 1729 366 1755 ribus
380 1732 408 1754 et
430 1726 632 1761 adiectionibus
647 1725 809 1753 mirabiliter
827 1727 996 1760 propositum
1013 1734 1073 1753 cer-

288 1779 379 1801 tamen
399 1774 502 1808 percgit
514 1774 548 1800 ’³.
572 1771 632 1799 Non
651 1773 723 1799 enim
740 1772 901 1806 simpliciter
926 1777 1071 1807 precatus,

289 1821 389 1856 lignis,
407 1827 468 1854 qua:
492 1818 567 1846 arida
595 1823 698 1850 essent,
715 1818 803 1853 ignem
818 1826 833 1845 e
849 1818 920 1845 cmlo
949 1820 1074 1854 superin-

289 1865 378 1896 duxit,
395 1863 441 1891 sed
454 1871 518 1891 ,cum
534 1863 673 1890 ministros
689 1863 813 1889 hortatus
830 1867 903 1890 esset
929 1871 960 1890 ac
972 1864 1073 1898 jussis.

1126 1639 1289 1674 λευσάμενος
1300 1640 1346 1666 καὶ
1359 1639 1512 1674 προστάξας
1522 1638 1592 1673 ὕδωρ
1603 1636 1713 1672 κομίσαι
1726 1635 1804 1662 πολύ.
1819 1635 1914 1670 Τρίτον

1126 1685 1154 1712 δὲ
1167 1685 1220 1712 τῶν
1236 1685 1370 1720 σχιδάκων
1394 1685 1531 1720 καταχέας
1549 1685 1613 1715 τοὺς
1633 1683 1834 1718 ἁμερορίσκους,
1851 1681 1912 1714 εὐχῇ

1125 1733 1156 1757 τὸ
1177 1731 1232 1766 πῦρ
1246 1730 1347 1766 ἀνῆψεν
1365 1731 1394 1764 ἐξ
1418 1731 1525 1762 ὕδατος·
1547 1730 1590 1756 ἴνα
1609 1730 1641 1755 ὲκ
1658 1729 1706 1763 τῆς
1725 1727 1844 1762 φυσικῆς
1863 1727 1911 1751 τιῗικ

1128 1777 1264 1812 στοιχείων
1288 1777 1482 1811 ἐναντιότητος,
1505 1777 1536 1802 ὲκ
1555 1775 1601 1802 τοῦ
1630 1773 1782 1809 παραῶξου
1803 1771 1910 1805 συνδραι

1129 1823 1232 1857 μὸντων
1243 1823 1282 1854 εἰς
1297 1822 1388 1856 φιλίαν
1403 1822 1448 1848 καὶ
1463 1821 1616 1856 συνεργίαν,
1631 1819 1700 1854 μετὰ
1718 1818 1818 1852 πολλῆς
1835 1817 1914 1851 ὑπερ-

1128 1868 1208 1903 ϐολῆς
1223 1868 1269 1895 τοῦ
1289 1868 1352 1894 ἰδίου
1373 1867 1438 1894 Θεοῦ
1455 1867 1504 1902 τὴν
1518 1867 1630 1902 δύναμιν
1647 1864 1810 1899 ἐνδείξηται.

289 1915 341 1942 set,
355 1914 384 1937 ut
399 1910 511 1936 multam
524 1916 623 1943 aquam
635 1908 774 1939 allen-rent,
786 1915 817 1934 ac
832 1913 872 1935 ter
884 1909 910 1935 in
925 1910 996 1945 ligna
1013 1911 1076 1939 ﬁssa
1097 1915 1288 1949 amphoriscos
1304 1914 1455 1945 eﬂttdissct,
1467 1914 1590 1940 oratione
1622 1913 1709 1947 igncu:
1727 1909 1850 1937 accendit
1884 1916 1911 1935 ex

290 1965 371 1990 aqua,
417 1961 446 1982 ut
476 1963 509 1982 ex
538 1955 716 1989 repugnantia
749 1955 867 1982 naturali
892 1956 1100 1991 elementorum,
1121 1969 1182 1996 qua“:
1193 1966 1290 1996 praeter
1305 1970 1380 1996 spem
1407 1966 1433 1987 ιιι
1461 1961 1617 1995 opinionem
1650 1959 1681 1985 ad
1698 1957 1875 1984 concordiam
1889 1959 1913 1982 et

290 2009 413 2031 mutuum
442 2002 628 2036 atljumentum
658 2007 867 2036 concurrerant,
893 2010 957 2031 cum
981 2013 1078 2042 magna
1099 2010 1292 2044 exsuperantia
1312 2014 1394 2044 atque
1410 2015 1524 2035 excessu
1547 2011 1661 2038 naturae,
1677 2006 1719 2032 sui
1758 2004 1805 2031 Dei
1826 2008 1912 2038 polcn~

290 2053 354 2077 tiam
372 2050 584 2076 demonstraret.

326 2095 381 2123 lloc
398 2096 477 2122 modo
493 2094 566 2122 Elias
584 2094 692 2129 Quidcm
705 2099 796 2130 aperte
811 2104 882 2128 eam,
900 2105 960 2132 qua:
983 2099 1009 2125 iu
1025 2107 1074 2134 po-

290 2147 393 2168 sterum
411 2140 563 2176 peragenda
586 2145 654 2171 erat,
677 2141 849 2175 baptismatis
875 2143 1074 2171 institutionem

291 2193 318 2215 et
346 2187 537 2217 iuitiationem,
568 2194 616 2221 per
641 2186 802 2214 admirabile
823 2188 890 2215 illud
910 2190 1076 2216 sacriﬁcium

291 2236 371 2262 nobis
387 2235 521 2269 praedixit.
544 2235 619 2268 Aqua
635 2234 706 2261 enim
723 2239 764 2261 ler
788 2236 960 2270 superiul'usa
981 2244 1078 2263 accen-

1159 2099 1252 2126 Ταῦτα
1269 2099 1318 2134 μὲν
1340 2099 1354 2124 ὁ
1377 2097 1469 2129 Ἠλίας
1487 2095 1580 2130 σαφῶς
1606 2094 1655 2130 τὴν
1671 2095 1700 2125 sq
1724 2094 1836 2129 ὓστερον
1851 2094 1908 2128 μέλ-

1125 2146 1224 2173 λουσαν
1239 2144 1373 2171 τελεῖσθαι
1389 2143 1435 2170 τοῦ
1454 2141 1640 2177 βαπτίσματος
1661 2140 1855 2175 μυσταγωγίαν
1867 2139 1905 2165 διὰ

1125 2192 1175 2226 τῆς
1191 2190 1350 2225 θαυμαστῆς
1367 2190 1472 2224 ἐκείνης
1492 2187 1647 2223 ἱερουργίας
1667 2187 1733 2220 ἡμῖν
1759 2184 1907 2221 προανεφώ-

1127 2244 1218 2270 νησεν.
1234 2235 1329 2261 ’Ύδατι
1348 2234 1402 2269 γὰρ
1427 2232 1533 2268 ἀνήφθη
1549 2232 1580 2258 τὸ
1601 2231 1656 2266 πῦρ
1676 2230 1767 2266 τρίτον
1783 2230 1906 2264 ἐπαντλη-

292 2289 339 2308 5trs
351 2284 393 2307 est
407 2281 487 2315 ignis,
499 2284 528 2306 ut
539 2280 747 2314 signiﬁcaretur,
760 2281 832 2316 qttod
846 2281 890 2308 ubi
903 2289 971 2316 aqua
984 2283 1070 2316 mysti-

1130 2281 1202 2308 θέντι
1214 2289 1220 2296 ·
1234 2280 1303 2307 ὥστε
1317 2279 1470 2314 δηλοῦσθαι,
1491 2278 1530 2304 ’ὁτι
1545 2278 1612 2303 ὅπου
1631 2276 1702 2311 ὕδωρ
1723 2276 1752 2302 τὺ
1775 2276 1904 2310 μυστικον,

292 2335 324 2353 ca
353 2330 406 2357 est,
425 2326 482 2352 illic
506 2325 588 2352 etiam
609 2326 723 2360 spiritus
739 2330 781 2353 est
809 2327 853 2353 ille
867 2327 1021 2358 viviﬁcaris,
1037 2335 1078 2353 ar-

293 2373 372 2403 dens,
391 2372 498 2406 igneus,
521 2371 567 2405 qui
584 2371 681 2406 impios
697 2372 845 2403 comburit,
864 2377 889 2398 et
911 2372 1003 2399 ﬁdeles
1016 2372 1078 2398 illu-

294 2418 390 2444 minat.
407 2416 561 2449 Quinetiam
574 2416 655 2451 hujus
665 2425 774 2452 quoque
789 2417 941 2451 discipulus
953 2417 1076 2449 Elisaaus,

294 2471 357 2489 cum
379 2462 411 2488 ad
434 2469 496 2489 eum
520 2462 634 2497 supplex
653 2463 773 2489 venisset
797 2461 916 2489 Naaman
943 2461 1028 2497 Syrus
1043 2462 1077 2494 ’⁸,

294 2509 341 2542 qui
359 2509 439 2542 lepra:
461 2508 558 2534 morbo
575 2507 726 2540 laborabat,
748 2514 811 2534 cum
830 2507 940 2534 lavisset
964 2508 992 2534 in
1015 2506 1078 2533 Jor-

295 2555 376 2587 tlane,
392 2559 488 2589 purgat
505 2558 648 2589 aegrotum,
675 2558 702 2581 et
727 2554 846 2589 generali
874 2562 926 2581 usu
950 2561 1038 2588 aqua),
1056 2558 1082 2580 et

296 2600 407 2634 speciali
425 2600 514 2628 amnis
539 2600 612 2627 illius
637 2599 812 2627 immersione
838 2605 930 2634 aperte
946 2607 1081 2634 praemon-

296 2650 387 2673 straus
404 2646 535 2672 futurum.
552 2644 590 2671 Ex
609 2645 734 2672 amnibtts
757 2645 828 2672 enim
850 2645 926 2672 soltts
940 2644 1079 2677 Jordanis,

298 2699 359 2719 cum
377 2692 404 2718 in
420 2699 450 2718 se
465 2691 613 2725 recepisset
626 2690 853 2718 sanctiﬁcationis
866 2694 893 2716 et
911 2690 1079 2717 benedictio-

297 2737 341 2764 nis
352 2737 499 2772 primitias,
515 2741 645 2771 tanquam
670 2744 704 2764 ex
717 2736 834 2771 quodam
852 2736 928 2764 fonte
939 2744 995 2764 sua:
1012 2736 1078 2771 ﬁgu-

297 2791 335 2810 ra:
352 2783 378 2808 in
402 2786 488 2808 totum
515 2783 646 2809 mundum
668 2783 768 2809 donutn
795 2782 976 2818 baptismatis,
999 2783 1078 2818 quasi

337 2870 360 2886 δι
375 2869 433 2896 ius.
449 2878 489 2902 Ill,
516 2871 526 2896 l
545 2878 604 2904 sqq.
643 2872 664 2887 ’⁵
681 2871 710 2898 lll
727 2870 791 2905 Reg.
810 2879 885 2904 μιν,
905 2872 939 2897 “2!
955 2879 1014 2905 sqq.

1053 2872 1076 2886 ’θ
1097 2870 1128 2897 IV
1149 2869 1213 2896 lle-1.

1129 2329 1187 2354 ἐκεῖ
1198 2328 1243 2354 καὶ
1260 2326 1367 2361 πνεῦμα
1381 2326 1411 2352 τὸ
1423 2323 1577 2359 ζωπυροῶι,
1591 2323 1622 2349 τὸ
1638 2322 1749 2357 θερμὸν,
1766 2322 1795 2348 τὸ
1807 2330 1905 2357 πυροει·

1128 2374 1181 2406 δὲς,
1201 2374 1232 2400 τὸ
1248 2374 1310 2404 τοὺς
1335 2372 1441 2403 ἀσεϐεῖς
1465 2372 1539 2397 καῖον
1556 2369 1601 2395 καὶ
1624 2369 1685 2400 τοὺς
1701 2369 1811 2399 πιστοὺς
1833 2367 1905 2402 φωτί-

1129 2420 1185 2452 ζον.
1204 2420 1240 2446 Οὐ
1259 2420 1311 2455 μὴν
1326 2419 1394 2445 ἀλλὰ
1410 2418 1456 2444 καὶ
1473 2419 1486 2443 ὸ
1500 2416 1594 2443 τούτου
1611 2414 1735 2451 μαθητὴς
1757 2415 1902 2445 Ἐλισσαῖος,

1130 2465 1253 2496 ἐλθόντος
1267 2465 1336 2500 πρὸς
1358 2464 1438 2491 αὑτὸν
1462 2463 1549 2489 ἱκέτου
1565 2461 1675 2496 Νεεμὰν
1690 2461 1736 2486 τοῦ
1762 2461 1841 2496 Σύρου
1864 2460 1902 2486 τοῦ

1131 2512 1178 2547 τὴν
1192 2511 1296 2546 λέπραν
1310 2511 1484 2545 νοσήσαντος,
1499 2509 1597 2539 λούσας
1619 2509 1647 2533 ἐν
1665 2507 1704 2542 τῷ
1725 2507 1847 2542 Ἰορδάνῃ.
1862 2515 1902 2532 x1-

1131 2557 1220 2592 θαίρει
1234 2557 1279 2583 τὸν
1295 2557 1435 2591 ἄρρωστον
1445 2563 1452 2569 ·
1469 2554 1516 2581 καὶ
1526 2555 1559 2589 τῇ
1576 2554 1670 2588 γενικῇ
1686 2553 1783 2588 χρήσει
1795 2552 1837 2578 τοῦ
1850 2551 1901 2577 ὕδει-

1130 2609 1175 2632 τος
1199 2600 1246 2626 καὶ
1269 2600 1307 2634 τῷ
1325 2599 1399 2634 ἰδικῷ
1415 2597 1461 2625 τοῦ
1486 2598 1608 2632 ποταμοῦ
1630 2598 1798 2632 βαπτίσματι
1822 2596 1900 2629 eam};

1132 2646 1340 2682 προῦποφαίνων
1356 2646 1386 2672 τὸ
1400 2645 1504 2680 μέλλον.
1518 2644 1604 2674 Μόνος
1617 2644 1669 2678 γὰρ
1689 2643 1819 2678 Ἰορδάνης
1832 2651 1900 2668 ποτα-

1135 2691 1192 2726 μῶν
1211 2692 1239 2717 ὲν
1262 2690 1350 2725 ἐαυτῷ
1367 2690 1510 2724 δεξάμενος
1528 2688 1574 2715 τοῦ
1592 2687 1728 2722 ἁγιασμοῦ
1748 2689 1793 2714 καὶ
1807 2689 1850 2722 τῆς
1864 2687 1901 2713 εὐ-

1132 2736 1223 2769 λογίας
1233 2736 1284 2770 τὴν
1298 2735 1433 2770 ἀπαρχὴν,
1448 2734 1541 2768 ὥσπερ
1556 2732 1587 2758 ἐκ
1597 2741 1669 2763 τινος
1686 2733 1776 2767 πηγῆς
1787 2732 1829 2758 τοῦ
1845 2731 1897 2758 ἰδίω

1131 2781 1215 2807 τύπου
1233 2781 1271 2816 τῷ
1284 2781 1377 2816 κόσμῳ
1394 2780 1473 2808 παντὶ
1489 2779 1538 2814 τὴν
1551 2778 1597 2805 τοῦ
1614 2778 1800 2814 βαπτίσματος
1811 2775 1896 2810 ἐπωχέ·

1238 2879 1262 2901 v,
1283 2870 1291 2896 l
1311 2877 1370 2904 sqq.
