1938 3082
77 90 143 121 593

706 96 738 123 IN
755 96 954 125 BAPTISMUM
976 100 1123 128 CHRISTI.

1669 105 1722 137 5%

76 158 170 178 τευσε
193 152 282 187 χάριν.
308 151 400 179 Ταῦτα
423 153 470 187 μὲν
485 151 530 179 οὖν
556 154 654 189 ἐνεργὰ
671 154 717 180 καὶ
740 155 879 189 πρακτικὰ

932 165 980 191 per
997 159 1085 186 rivum
1106 166 1133 187 ct
1151 162 1341 195 aquaeductum
1373 164 1530 191 trattsl'udit.
1547 166 1636 201 Atque
1662 167 1720 195 haec

81 201 240 231 μηνύματα
253 197 304 232 τῆς
319 197 362 224 διὰ
376 198 423 224 τοῦ
437 198 548 233 λουτροῦ
570 199 790 234 παλιγγενεσίας.
811 203 883 228 Κατ-

81 241 191 276 ἑδωμεν
205 242 232 268 δὲ
249 243 341 269 λοιπὸν
360 243 406 275 τὰς
430 244 474 271 διὰ
498 245 585 278 λόγων
601 246 648 273 καὶ
665 247 761 281 φωνῶν
777 257 882 284 προφη-

80 287 175 318 τείας.
200 288 229 314 '0
247 288 294 323 μὲν
309 287 355 315 οὖν
371 289 485 321 Ἡσαΐας
502 290 633 325 κέκραγε,
650 287 751 325 λέγων·
765 294 883 320 Λούσα-

81 335 156 365 σθε,
171 334 292 368 καθαροὶ
306 334 431 369 γένεσθε
443 344 448 350 ”
463 336 590 370 ἀφέλετε
603 337 655 370 τὰς
668 339 812 372 πονηρίας
823 340 881 367 ἀπὸ

82 379 151 405 τῶν
166 379 275 414 ψυχῶν
291 381 383 415 ὑμῶν.
405 382 433 407 ’0
451 382 479 408 δὲ
495 382 576 409 Δαῦίδ
586 391 592 398 ’
609 384 795 417 Προσέλθετε
808 385 883 419 πρὸς

82 426 194 458 αὑτὸν,
209 427 257 453 καὶ
272 428 449 462 gustamus,
466 429 515 455 καὶ
533 430 568 456 τὰ
590 431 736 464 πρόσωπα
751 431 832 466 ὑμῶν
846 433 882 460 οὺ

78 471 130 505 μὴ
149 474 366 508 καταισχυνθῇ.
392 475 521 511 ἰεζεκιὴλ
534 476 562 503 δὲ
582 477 635 504 τῶν
654 478 700 504 δύο
717 479 882 514 σαφέστερον

81 518 138 544 καὶ
153 518 312 555 λευκότερον
325 520 448 555 γράφων,
459 522 629 558 ὑπισχνεῖται
639 524 688 559 τὴν
698 524 783 560 καλὴν
796 526 881 559 ἐπαγ-

81 563 199 596 γελίαν·
215 565 270 591 Καὶ
291 565 373 598 parti}
401 566 446 600 ἐφ’
466 566 543 601 ’ὑμᾶς
566 568 698 602 καθαρὸν
716 568 803 603 ὕδωρ,
832 570 882 595 καὶ

80 610 350 644 κιιθαρισθήσεσοε
383 612 441 638 ἀπὸ
468 612 575 639 πασῶν
601 613 660 639 τῶν
692 615 882 649 ἀκαθαρσιῶν

81 654 183 688 Δὑμῶν,
201 656 250 682 καὶ
267 657 325 683 ἀπὸ
344 657 463 684 πάντων
477 658 536 685 τῶν
555 659 684 687 εἰδώλων
696 660 780 692 ὑμῶν
790 663 880 688 καθα-

74 700 141 734 ριῶ
167 700 253 735 ὑμᾶς,
272 703 321 729 καὶ
347 703 432 730 δώσω
454 704 525 738 ὑμῖν
540 705 666 739 καρδίαν
685 707 804 741 καινὴν,
832 709 881 735 καὶ

80 746 208 781 πνεῦμα
224 749 328 775 καινὸν
348 749 433 776 δώσω
453 750 540 785 ὑμῖν·
553 751 602 778 καὶ
622 752 724 786 ἀφελῶ
741 753 799 787 τὴν
811 763 881 788 καρ-

82 792 159 819 δίαν
174 793 230 827 τὴν
245 795 366 829 λιθίνην
382 797 415 823 ἐκ
430 796 484 830 τῆς
499 797 613 832 σαρκὸς
625 799 716 833 ὑμῶν,
731 800 780 826 καὶ
794 801 880 828 δώσω

82 839 162 873 ὑμῖν
172 840 298 874 καρδίαν
311 843 460 876 σαρκὶνην
470 852 476 859 ·
492 844 541 871 καὶ
553 844 585 871 τὸ
597 845 715 880 πνεῦμά
721 855 781 881 μου
794 847 880 874 δώσω

82 885 123 911 ἐν
147 886 230 919 ὑμῖν.
252 887 453 922 Ἐναργέστατα
477 889 506 915 δὲ
522 891 569 916 καὶ
590 891 604 916 ὁ
624 892 759 927 Ζαχαρίας
783 894 828 920 τόν
851 903 879 920 τε

92 930 202 966 Ἰησοῦν
215 933 379 967 προφητεύει
391 935 436 961 τὸν
451 936 622 971 ἐνδεδυμένον
638 939 667 965 τὸ
679 940 800 975 ῥυπαρὸν
815 942 879 977 ἰμά-

83 985 156 1009 τιον,
180 977 229 1013 τὴν
245 979 368 1015 δουλικὴν
394 981 441 1007 καὶ
456 983 595 1018 ἡμετέραν
616 984 715 1020 σάρκα,
733 987 836 1014 ἐκδύων
853 987 880 1013 δὲ

84 1023 172 1049 αὑτὸν
188 1025 238 1059 τῆς
263 1025 428 1062 σκυθρωπῆς
451 1028 573 1062 ἐσθῆτος,
591 1031 690 1065 κοσμεῖ
712 1032 744 1066 τῇ
772 1031 881 1067 καθαρᾷ

84 1069 135 1095 καὶ
151 1070 298 1106 λαμπούσῃ
313 1071 391 1107 στολῇ
406 1080 411 1086 ·
426 1072 558 1100 διδάσκων
574 1075 648 1109 ἡμᾶς
662 1076 705 1102 διὰ
720 1076 766 1102 τοῦ
782 1077 880 1103 εἰκονι-

84 1114 138 1141 κοῦ
157 1116 419 1153 ὑποδείγματοςκὸτι
433 1118 465 1153 δὴ
482 1120 510 1145 ἐν
525 1120 562 1155 τῷ
579 1121 804 1157 βαπτίσματιτοῦ
827 1125 879 1159 ’1η-

85 1161 137 1187 σοῦ
160 1163 259 1194 πάντες
281 1164 359 1199 ἡμεῖς
376 1165 530 1201 ὲκδυόμενοι
551 1168 601 1199 τὰς
622 1169 759 1204 ἁμαρτίας
782 1170 820 1201 ὡς
837 1180 878 1206 χι-

81 1206 162 1232 τῶνα
186 1208 323 1243 πτωχικόν
344 1218 373 1235 τε
387 1210 434 1236 καὶ
456 1212 666 1249 πολυκόλλητον,
683 1215 728 1241 τὸν
749 1216 819 1251 ἱερὸν
832 1218 880 1243 καὶ

83 1252 232 1279 κάλλιστον
245 1253 291 1280 τὸν
305 1254 354 1290 τῆς
372 1255 581 1291 παλιγγενεσίας
597 1261 806 1297 μετενδυόμεοα.
823 1264 878 1289 Ποῦ

81 1297 114 1344 δὲ
133 1297 253 1333 Θήσομεν
273 1300 383 1326 κάκεῖνο
397 1301 443 1327 τοῦ
464 1302 574 1330 Ἡσαΐου
588 1305 618 1331 τὸ
636 1305 734 1340 λόγιον,
749 1308 816 1343 πρὸς
830 1308 878 1344 τὴν

81 1343 98 1369 ἕ
102 1352 138 1389 pq
142 1353 191 1378 μον
202 1353 217 1371 κ
222 1345 311 1380 ρὰζον·
321 1347 345 1373 Ε
349 1347 519 1383 ὺρράνϐητι,
530 1350 638 1385 ἕρημος
649 1352 778 1386 διψῶσα*
787 1343 878 1389 ἀγαλ-

82 1388 204 1416 λιὰσθω
216 1391 334 1425 ἕρημος,
350 1393 399 1419 καὶ
413 1394 535 1422 ἀνθείτω
550 1396 590 1428 ὡς
603 1398 715 1431 κρίνον,
732 1400 781 1427 καὶ
792 1388 878 1433 ἐξαν-

84 1435 177 1468 θήσει
191 1437 240 1463 καὶ
254 1438 469 1472 ἀγαλλιάσετιιι
482 1442 519 1468 τὰ
532 1442 627 1477 ἔρημα
640 1445 693 1472 τοῦ
714 1446 875 1480 Ἰορδάνου.

934 205 1045 240 quidem
1058 214 1140 240 opere
1157 211 1239 241 atque
1256 216 1284 234 re
1300 208 1357 242 ipsa
1370 209 1511 243 designata
1537 215 1601 238 sunt
1619 212 1720 240 indicia

934 252 1161 286 regenerationis,
1176 261 1236 287 qua:
1252 261 1299 288 per
1311 254 1446 281 lavacrum
1463 257 1606 292 contingit.
1623 258 1721 286 Videa-

933 306 994 325 mus
1014 303 1103 326 autetn
1130 299 1260 334 deinceps
1284 308 1340 331 eas.
1368 309 1428 335 quae
1454 310 1501 336 per
1527 311 1668 332 sermones
1689 313 1720 330 ac

933 350 1015 370 voces
1026 343 1106 370 editae
1118 350 1192 374 sunt,
1211 344 1378 378 propltctias.
1402 346 1485 380 Igitur
1507 347 1591 375 Isaias
1609 348 1718 381 quidem

933 390 1034 416 clamat
1049 389 1144 417 dicens
1163 400 1168 416 :
1192 390 1341 421 Lavamini.
1367 391 1426 425 puri
1439 397 1530 423 estote,
1549 393 1650 426 auferte
1678 402 1720 420 nee

932 435 1029 469 quitias
1043 434 1074 461 ab
1091 435 1230 461 animabus
1246 436 1337 462 vestris
1354 436 1386 462 ²⁷.
1401 435 1484 462 David
1511 442 1599 464 autem
1618 446 1623 464 :
1640 439 1719 464 Acce—

933 480 985 507 dite
1003 481 1036 507 ad
1056 489 1125 513 eum,
1154 486 1179 508 et
1194 481 1393 513 illaminamini,
1408 487 1432 508 et
1457 482 1544 510 vultus
1568 486 1646 510 vestri
1666 493 1717 511 non

932 526 1125 559 confundentur
1150 526 1183 552 ’⁸.
1215 526 1340 554 Ezechiel
1373 532 1462 554 autent
1496 533 1611 563 utroqtte
1641 537 1717 563 aper-

932 572 997 604 tius,
1022 572 1122 600 clarius
1150 577 1177 599 et
1191 572 1335 600 candidius
1353 574 1490 605 scribens,
1513 575 1655 609 pollicetur
1670 576 1717 602 bo-

932 625 994 644 nant
1013 619 1221 653 promissionem
1241 629 1245 645 :
1261 618 1294 645 Et
1318 627 1440 655 spargant
1460 629 1537 654 super
1556 629 1599 648 vos
1623 630 1718 655 aquam

931 671 1035 696 puram,
1052 669 1075 690 et
1101 664 1277 698 purgabimini
1295 664 1328 692 ab
1343 666 1462 692 omnibus
1486 667 1662 693 immunditiis
1677 675 1718 693 ve-

931 709 1004 741 stris,
1026 714 1049 735 et
1067 709 1098 735 ab
1109 709 1229 736 omnibus
1244 710 1396 737 simulacris
1407 713 1499 738 vestris
1517 712 1648 739 mandabo
1663 721 1717 743 vos,

930 760 954 782 et
973 755 1041 782 dabo
1067 756 1137 783 vobis
1153 764 1313 785 eat-novum.
1333 761 1358 782 et
1379 757 1500 790 spiritum
1523 765 1619 784 novant
1650 757 1718 784 dabo

932 800 1012 833 vobis,
1032 806 1056 828 et
1076 802 1195 836 auferam
1213 810 1257 829 cor
1272 803 1402 836 lapideum
1428 803 1459 830 de
1479 812 1556 831 carne
1571 808 1676 836 vestra;
1694 808 1719 830 et

931 845 998 872 dabo
1016 846 1085 873 vobis
1101 855 1146 873 cor
1163 855 1286 874 corneum
1297 868 1304 880 ,
1325 852 1349 874 et
1371 848 1493 882 spiritum
1508 857 1593 875 meum
1609 850 1636 875 in
1648 849 1717 875 vobis

932 891 1000 918 dabo
1014 892 1047 921 ’⁸,
1078 892 1288 920 Evidentissime
1308 897 1399 921 autem
1417 894 1498 920 etiarn
1526 894 1673 921 Zacharias
1692 900 1719 921 et

932 938 1023 966 Jcsum
1039 939 1181 973 prophetat
1194 939 1319 966 indutum
1336 940 1419 974 pallio
1433 939 1546 966 sordido
1563 940 1596 971 ³ο,
1614 940 1717 972 servili,

933 986 1047 1016 scilicet.
1057 990 1206 1020 nostraque
1218 993 1311 1019 carne;
1324 990 1351 1013 et
1362 994 1465 1013 exuens
1474 994 1536 1013 eum
1547 986 1620 1014 tristi
1633 991 1716 1018 veste,

932 1039 999 1066 pura
1016 1031 1212 1066 splendidaque
1237 1032 1307 1059 stola
1330 1036 1455 1063 exornat,
1478 1032 1580 1059 docens
1597 1040 1647 1059 nos
1669 1039 1717 1066 per

932 1078 1121 1113 imaginariam
1137 1078 1355 1110 similitudinem,
1379 1078 1453 1112 qttod
1467 1078 1597 1105 nimirum
1619 1078 1646 1105 in
1670 1078 1718 1105 ba-

932 1124 1059 1158 ptismate
1073 1123 1149 1155 Iesu,
1166 1131 1262 1151 omnes
1278 1131 1328 1151 nos
1351 1129 1482 1151 exuentes
1507 1129 1618 1159 peccata
1631 1143 1639 1155 ,
1654 1127 1718 1150 tan-

931 1178 1012 1204 quam
1034 1170 1155 1197 tunicam
1172 1169 1291 1196 mendici
1307 1170 1388 1197 vilem
1415 1175 1442 1197 et
1458 1178 1491 1197 ex
1507 1170 1600 1197 multis
1623 1170 1719 1204 pannis

929 1221 1071 1244 consutam
1086 1236 1093 1248 ,
1118 1224 1225 1243 sacram
1252 1220 1335 1251 atque
1362 1217 1575 1252 pulcherrimam
1591 1236 1598 1247 ,
1623 1223 1719 1249 nempe

931 1264 1146 1299 regenerationis
1173 1263 1316 1299 (vestem)
1339 1263 1456 1290 invicem
1488 1263 1639 1290 induimus.
1666 1261 1718 1289 Ubi

930 1317 994 1337 vero
1011 1317 1144 1343 ponemus
1163 1309 1246 1336 etiam
1260 1308 1325 1335 illud
1339 1309 1415 1336 Isaia:
1435 1308 1590 1339 oraculum,
1604 1308 1636 1334 ad
1652 1308 1720 1334 soli—

930 1355 1052 1382 tudinem
1066 1355 1210 1381 clamantis
1228 1364 1233 1381 :
1248 1354 1363 1386 Lwtare,
1379 1354 1494 1381 solitudo
1505 1354 1608 1385 sitiens;
1626 1354 1717 1380 exsul-

931 1406 965 1428 tet
979 1401 1106 1432 solitudo,
1120 1409 1151 1427 ac
1163 1401 1259 1434 ﬂoreat
1287 1406 1315 1427 at
1344 1401 1429 1426 lilium
1445 1407 1453 1425 :
1473 1404 1498 1426 et
1517 1400 1674 1435 efflorescat!
1693 1403 1719 1425 et

929 1446 1100 1473 exsultabant
1126 1446 1230 1473 deserta
1260 1445 1389 1472 Iordanis
1412 1445 1445 1471 ³¹.
1470 1444 1649 1478 Perspicuum
1677 1448 1719 1470 est

84 1482 225 1531 Ιῖρόδήλον
245 1484 299 1519 γὰρ
311 1485 348 1517 ὡς
364 1486 394 1512 οὐ
408 1487 501 1519 τόποις
514 1488 627 1524 ἀψύχοις
644 1492 690 1517 καὶ
705 1493 878 1529 ἀναισθήτοις

931 1493 1013 1523 enim,
1023 1492 1095 1526 quod
1111 1498 1165 1519 non
1174 1491 1243 1517 locis
1259 1490 1417 1517 inanimatis
1429 1494 1456 1517 et
1466 1497 1548 1516 sensu
1561 1489 1718 1516 carentibus

83 1529 137 1565 τὴν
149 1530 318 1565 εὐφροσύνην
334 1532 536 1566 εὐαγγελίζεται
546 1543 553 1549 ·
574 1535 641 1562 ἀλλὰ
662 1539 820 1574 τροπολογεῖ
834 1541 878 1567 διὰ

83 1576 138 1611 τῆς
153 1577 256 1612 ἐρήμου
266 1576 315 1613 τὴν
329 1578 459 1614 αὐχμὼδη
474 1580 563 1616 ψυχὴν
576 1582 622 1608 καὶ
637 1583 802 1620 ἀκόσμητον.
813 1587 878 1613 Ὥσ-

85 1630 143 1657 περ
157 1622 188 1658 δὴ
212 1622 259 1649 καὶ
277 1624 291 1649 ὁ
304 1623 393 1656 Δαὸὶδ,
411 1624 473 1651 ὅταν
489 1624 556 1662 λέγῃ
568 1634 575 1642 '
598 1627 634 1654 Ἡ
650 1629 735 1664 ψυχή
756 1640 815 1665 μου
839 1632 879 1666 ὡς

83 1668 126 1703 γῆ
149 1668 279 1703 ἄνυδρός
301 1678 360 1697 σοι.
384 1671 438 1697 Καὶ
455 1672 547 1699 πάλιν·
572 1673 736 1708 Ἐδίψησεν
751 1676 770 1710 ἡ
792 1678 877 1713 ψυχή

82 1722 147 1748 μου
161 1714 235 1748 πρὸς
248 1716 301 1742 τὸν
317 1716 390 1743 Θεὸν
408 1718 536 1751 ὶσχυρὸν
548 1719 601 1746 τὸν
615 1719 717 1749 ζῶντα.
732 1723 787 1749 Kal
801 1722 878 1756 αὖθις

86 1759 117 1784 ὲν
133 1759 308 1793 Εὔαγγελίοις
322 1762 335 1787 ὁ
348 1761 464 1797 Κύριος·
491 1763 562 1790 Ἐάν
578 1772 623 1797 τις
642 1765 716 1800 διψᾷ
726 1786 732 1798 ,
747 1767 878 1802 ἐρχέσθω

86 1805 164 1838 πρός
179 1814 225 1839 με,
248 1806 297 1833 καὶ
318 1807 436 1835 πινέτω.
458 1809 512 1836 Καὶ
537 1810 605 1845 πρὸς
620 1811 670 1846 τὴν
695 1813 876 1848 Σαμαρεῖτιν*

86 1849 153 1882 ΙΙᾶς
168 1852 184 1877 ὁ
202 1851 297 1878 πίνων
310 1852 344 1879 ἐκ
359 1852 412 1879 τοῦ
426 1853 535 1887 ὕδατος
548 1855 665 1887 τούτου,
682 1856 806 1891 διψήσει
823 1859 879 1886 πά-

86 1899 155 1923 λιν·
178 1897 211 1930 ὃς
233 1897 258 1924 δ’
272 1898 310 1924 ἂν
327 1899 380 1934 πίῃ
401 1899 434 1926 ἐκ
458 1900 510 1926 τοῦ
530 1900 650 1934 ὕδατος,
663 1900 698 1930 οὗ
721 1903 775 1938 ἐγὼ
793 1904 879 1932 δώσω

83 1942 180 1974 αὐτῷ,
197 1944 232 1969 οὺ
250 1943 292 1978 μὴ
312 1944 437 1978 διψήσει
456 1947 499 1978 εὶς
521 1946 575 1973 τὸν
591 1947 693 1975 αἰῶνα.
709 1949 763 1976 Καὶ
782 1951 878 1987 ἠτιμὴ

87 1989 118 2015 δὲ
140 1988 187 2015 τοῦ
213 1990 363 2025 Καρμήλου
388 1991 486 2018 δίδοται
507 1994 540 2028 τῇ
555 1992 627 2029 ψυχῇ
652 1996 684 2030 τῇ
708 1995 807 2032 ἐχούσῃ
830 1998 879 2031 τὴν

85 2035 218 2070 ὁμοίωσιν
242 2036 310 2071 πρὸς
334 2037 382 2072 τὴν
408 2037 529 2073 ἔρημον·
557 2040 704 2073 τουτέστιν,
732 2042 748 2077 ἡ
772 2042 815 2069 διὰ
832 2044 877 2069 τοῦ

87 2081 247 2116 Πνεύματος
262 2083 350 2118 χάρις.
374 2084 481 2119 Ἐπειδὴ
501 2085 555 2120 γὰρ
576 2085 669 2118 Ἠλίας
689 2087 738 2122 μὲν
755 2086 820 2122 ᾤκει
835 2089 879 2116 τὸν

88 2128 239 2164 Κάρμηλον
256 2129 414 2164 (ὀνομαστὸν
427 2130 454 2156 δὲ
467 2130 497 2157 τὸ
512 2131 574 2166 ὄρος
590 2133 698 2166 ἐγένετο
714 2133 758 2160 διὰ
772 2134 821 2169 τὴν
832 2135 878 2162 τοῦ

931 1538 1053 1565 Ιιειίῑὶιιιι]
1072 1537 1242 1564 annuntiat:
1267 1536 1314 1564 sed
1339 1544 1388 1571 per
1416 1536 1590 1563 solitudinem
1615 1535 1719 1568 tropice

932 1589 959 1612 et
977 1585 1123 1619 allegorice
1150 1582 1302 1618 squalidam
1323 1587 1350 1610 et
1368 1583 1521 1609 inornatam
1545 1582 1663 1608 animam
1679 1582 1718 1609 si—

933 1631 1057 1665 gniﬁcat.
1079 1629 1315 1663 Quemadmodum
1344 1636 1410 1655 sane
1435 1629 1515 1655 etiam
1544 1627 1638 1659 David,
1654 1635 1716 1654 cunt

932 1676 998 1703 dicit
1015 1686 1020 1702 :
1038 1676 1132 1702 Anima
1159 1683 1215 1701 mea
1227 1675 1294 1706 sitit,
1327 1674 1395 1700 sicut
1412 1677 1481 1700 terra
1492 1681 1620 1707 aquarum
1636 1680 1717 1706 penu-

933 1722 974 1747 ria
994 1721 1119 1747 laborans
1133 1720 1165 1746 3'.
1182 1719 1224 1746 Et.
1244 1727 1341 1746 rursus
1361 1718 1470 1746 :Sitirit
1488 1718 1577 1744 anima
1602 1726 1659 1744 mea
1682 1717 1717 1743 ad

932 1768 1016 1795 Deum
1032 1767 1136 1801 fortem,
1152 1767 1236 1793 vivum
1256 1766 1288 1792 ⁵³.
1305 1765 1426 1799 Itemque
1440 1764 1571 1791 Dominus
1589 1764 1616 1790 in
1631 1763 1717 1789 Evan-

932 1813 1011 1848 geliis
1027 1822 1033 1839 :
1052 1812 1081 1840 Si
1095 1813 1151 1847 quis
1164 1812 1319 1844 silit,venial
1331 1810 1364 1837 ad
1383 1819 1432 1842 me,
1449 1819 1480 1836 ac
1498 1810 1567 1836 bibat
1587 1809 1619 1836 ³³.
1636 1809 1669 1835 Et
1683 1809 1717 1835 ad

933 1859 1133 1886 Samaritanam
1149 1868 1155 1885 :
1173 1857 1324 1892 Quicunque
1340 1856 1402 1883 bibit
1425 1864 1457 1883 ex
1484 1864 1552 1890 aqua
1564 1855 1622 1885 liae.
1647 1855 1716 1881 sitiet

932 1914 1024 1932 rursus
1039 1912 1047 1930 :
1067 1909 1093 1930 at
1111 1901 1155 1938 qui
1172 1903 1263 1929 biberit
1290 1910 1322 1928 ex
1338 1910 1405 1937 aqua
1428 1910 1506 1936 quam
1525 1909 1571 1935 ego
1598 1900 1666 1927 dabo
1682 1900 1715 1929 ei.

932 1960 984 1977 non
1011 1950 1080 1976 sitiet
1107 1950 1133 1975 in
1155 1953 1281 1975 aeternum
1293 1948 1325 1973 ³³.
1340 1948 1429 1981 Atque
1446 1947 1533 1972 honor
1552 1946 1634 1972 etiam
1650 1945 1716 1971 Car-

932 1997 994 2024 meli
1013 1996 1035 2011 ³⁵
1057 1996 1138 2022 datur
1166 1994 1263 2020 anima:
1286 1993 1395 2020 habenti
1421 1991 1624 2019 similitudinem
1654 1998 1715 2017 cum

933 2043 1040 2069 deserto
1059 2050 1065 2067 :
1080 2040 1130 2066 hoc
1144 2043 1185 2066 est
1202 2040 1315 2069 donum,
1330 2038 1400 2073 quod
1414 2037 1548 2072 contingit
1567 2044 1614 2071 per
1628 2036 1716 2070 Spiri-

933 2093 1000 2115 tum.
1016 2086 1149 2119 Quoniam
1175 2085 1246 2112 ettitn
1261 2084 1332 2111 Elias
1345 2084 1454 2118 quidem
1471 2082 1626 2110 Carmeluttt
1640 2082 1716 2109 inco-

933 2134 1004 2161 lebat
1033 2134 1041 2166 (
1056 2132 1147 2158 clarus
1162 2134 1251 2157 autent
1267 2137 1345 2156 mons
1373 2133 1483 2164 propter
1498 2129 1624 2155 virtutem
1638 2127 1716 2154 inha-

88 2174 264 2206 ἑποικοῦντος
281 2175 380 2211 ἀρετὴν
395 2177 443 2202 καὶ
461 2177 604 2212 ἀοίδιμον),
621 2179 634 2204 ὁ
651 2178 678 2204 δέ
699 2187 731 2212 γε
753 2179 879 2216 Ἰωάννης

932 2178 1044 2206 bitantis
1069 2182 1096 2204 et
1122 2177 1193 2203 fama
1210 2175 1364 2203 celebratus
1390 2176 1451 2209 est),
1478 2173 1599 2200 Joannes
1624 2177 1713 2200 autem

89 2221 104 2246 ι
115 2219 271 2256 Βαπτιστὴς
290 2222 319 2247 ἐν
333 2222 372 2256 τῷ
387 2223 520 2257 πνεύματι
542 2224 631 2250 Ἡλίου
652 2225 820 2260 διαλάμπων,
833 2227 878 2254 τὸν

96 2266 234 2301 Ἰορδάνην
250 2268 345 2302 ὴγὶαζε
357 2276 365 2284 ·
388 2268 430 2294 διὰ
455 2269 534 2295 τοῦτο
553 2271 566 2295 ὁ
582 2271 726 2306 Προφήτης
741 2271 877 2304 ἐθέσπιζε,

90 2310 139 2345 τὴν
153 2311 236 2346 τιμὴν
246 2311 292 2338 τοῦ
307 2313 454 2348 Καρμήλου
466 2314 503 2349 τῷ
516 2315 630 2350 ποταμῷ
643 2316 812 2351 δοθήσεσθαι.
824 2319 879 2345 Καὶ

89 2355 139 2391 τὴν
165 2357 242 2389 δόξαν
256 2358 284 2384 δὲ
304 2359 350 2384 τοῦ
376 2360 503 2393 Λιϐάνου,
526 2362 557 2387 ἐκ
573 2363 621 2396 τῆς
642 2363 800 2399 παραϐολῆς
825 2365 878 2392 τῶν

90 2401 202 2437 ὑψηλῶν
216 2403 341 2439 δένδρων,
360 2406 404 2431 ἐπὶ
429 2407 472 2432 τὸν
499 2408 619 2442 ποταμὸν
641 2409 813 2444 μετήνεγκεν.
836 2411 879 2443 Ὠς

90 2447 147 2483 γὰρ
161 2449 264 2480 ἐκεῖνος
286 2451 299 2476 ὁ
318 2451 432 2483 Λίϐανος
458 2453 550 2487 ἱκανὴν
567 2454 622 2488 ἕχει
640 2454 777 2490 θαύματος
797 2457 880 2493 ἀφορ-

93 2493 157 2528 μὴν,
175 2495 245 2521 αὐτὰ
269 2495 303 2522 τὰ
319 2496 412 2530 δένδρα
435 2498 453 2524 ἂ
477 2498 537 2532 φύει
558 2499 603 2525 καὶ
628 2500 739 2534 τρέφει·
761 2501 846 2534 οὕτως
867 2504 881 2530 ὁ

98 2539 234 2575 Ἰορδάνης
254 2540 403 2573 δοξάζεται,
422 2544 581 2579 ἀνθρώπους
602 2546 754 2580 ἀναγεννῶν
768 2548 814 2574 καὶ
830 2557 880 2583 φυ-

90 2584 179 2612 τεύων
190 2586 220 2612 ὲν
234 2587 272 2622 τῷ
283 2588 330 2614 τοῦ
344 2589 410 2616 Θεοῦ
421 2590 587 2626 παραδείσῳ·
601 2589 649 2624 ὧν,
663 2593 733 2619 κατὰ
745 2594 794 2628 τὴν
808 2594 878 2629 ψαλ-

93 2631 178 2667 μικὴν
194 2633 448 2669 φωνὴν,ἀνθούντων
461 2637 504 2662 ἀεὶ
517 2637 564 2663 καὶ
576 2639 636 2669 ταῖς
652 2638 763 2674 ἀρεταῖς
773 2640 878 2675 κομών-

91 2686 158 2710 των,
175 2679 206 2705 τὸ
221 2680 270 2715 μὲν
282 2681 378 2715 φύλλον
390 2682 439 2708 οὐκ
451 2683 662 2719 ὰπορρυήσεται,
675 2684 721 2712 τὸν
732 2685 759 2712 δὲ
773 2687 879 2721 καρπὸν

74 2807 82 2817 .
128 2791 150 2806 ’⁷
169 2791 222 2817 Isa.
239 2799 257 2821 ι,
275 2791 314 2817 l6.

94 2833 178 2859 cun,
194 2828 220 2853 6.

366 2792 387 2807 υ
406 2792 476 2820 Psal.
495 2802 590 2821 χχχιιι.
607 2794 633 2821 6.

260 2826 362 2855 “l‘sal.
376 2828 447 2860 Lt,5.
487 2829 508 2844 ³⁵
522 2829 599 2857 Joan.
618 2838 666 2863 vtt,
686 2830 730 2857 57.

676 2795 698 2810 ²⁹
714 2794 812 2822 Ezct-h.
836 2804 907 2828 xxt’t,
923 2796 958 2822 25'
973 2803 1033 2830 sqq.

771 2831 791 2846 ³⁵
805 2830 883 2858 Joan.
904 2839 939 2863 iv,
960 2831 999 2858 l5.

932 2225 1051 2259 Baptista
1066 2224 1092 2250 in
1115 2223 1212 2257 spiritu
1239 2222 1302 2249 Elia:
1326 2221 1502 2256 resplendens
1517 2220 1550 2252 ⁵⁷,
1569 2219 1714 2247 Iordanem

931 2270 1120 2299 sattctilicabat
1135 2278 1141 2295 :
1158 2268 1261 2295 idcirco
1282 2268 1414 2303 propheta
1442 2267 1642 2294 vaticinabatur
1667 2267 1715 2292 Ito-

931 2325 1025 2345 norcm
1041 2316 1156 2343 Carmeli
1174 2315 1210 2341 illi
1228 2314 1310 2341 ﬂuvio
1335 2313 1426 2340 datum
1453 2313 1497 2339 iri.
1519 2312 1607 2347 Atque
1632 2312 1713 2338 etiam

931 2364 1044 2398 gloriam
1057 2362 1152 2388 Libani
1166 2369 1199 2388 ex
1212 2359 1387 2387 similitudine
1397 2366 1571 2393 proccrarum
1586 2358 1712 2385 arborum

931 2409 1072 2437 transtulit
1095 2408 1128 2434 ad
1144 2414 1261 2433 amnem.
1291 2406 1326 2432 Ut
1347 2405 1418 2432 enim
1440 2404 1560 2431 Libattus
1581 2403 1627 2430 ille
1647 2402 1713 2430 satis

932 2462 1056 2490 magnam
1072 2461 1183 2480 causam
1200 2451 1388 2479 admirationis
1403 2451 1476 2485 ipsas
1497 2449 1609 2477 arbores
1621 2448 1711 2478 habet,

932 2510 1002 2537 quas
1016 2500 1140 2535 producit
1153 2504 1179 2526 et
1190 2499 1237 2525 alit
1255 2507 1262 2525 :
1277 2498 1314 2525 ita
1328 2496 1456 2524 Iordanis
1465 2496 1627 2526 celebratur,
1640 2493 1711 2528 quod

934 2549 1061 2576 homines
1078 2548 1250 2581 regeneraret
1270 2552 1302 2571 ac
1315 2544 1449 2579 plantaret
1467 2543 1493 2569 in
1511 2541 1636 2576 paradiso
1653 2539 1710 2568 Dei,

930 2600 1058 2628 quorum,
1069 2592 1148 2626 juxta
1163 2598 1257 2617 vocent
1275 2589 1383 2624 psalmi,
1406 2595 1513 2622 semper
1522 2585 1675 2613 ﬂorentium
1686 2588 1712 2610 et

930 2637 1079 2666 virtutibus
1099 2635 1177 2669 quasi
1204 2635 1384 2662 frendentium
1407 2633 1500 2660 folium
1523 2631 1632 2665 quidem
1658 2637 1711 2656 non

932 2685 1030 2713 delluct
1042 2683 1063 2698 ³⁸
1078 2692 1083 2709 :
1104 2682 1193 2708 fructu
1210 2685 1301 2708 autent
1317 2681 1345 2707 itt
1357 2685 1477 2714 tempore
1499 2680 1627 2712 percepto
1640 2676 1712 2703 Deus

1337 2792 1357 2807 ³¹
1374 2789 1567 2820 Isa.'xxxv,l‘2.
1598 2788 1620 2804 "
1638 2788 1712 2815 Psal.

1528 2824 1549 2840 ³⁵
1562 2823 1636 2851 Psal.
1652 2833 1671 2856 ι,
1686 2823 1704 2850 5

1073 2795 1094 2809 ³⁰
1112 2794 1195 2820 Ζ;ι‹·Ιι.
1213 2801 1252 2822 tu.
1268 2793 1293 2819 5.

1038 2830 1059 2846 ³⁵
1077 2829 1129 2857 lsa.
1149 2837 1228 2862 xxxv,
1243 2829 1269 2854 ‘2.
1292 2828 1312 2843 ³⁷
1327 2826 1393 2853 Luc.
1412 2835 1429 2860 ι,
1447 2827 1488 2853 li.
