1938 3082
246 109 296 139 ἱθδ

862 114 891 141 S.
909 113 1072 142 GREGORII
1090 114 1234 144 NYSSENI

1826 113 1887 142 596

246 169 390 203 laatabitur,
405 175 535 207 tanquam
559 172 648 200 bonus
665 173 803 208 plantator
818 174 877 201 suis
900 174 1029 209 operibus

1086 176 1109 201 ἐν
1125 176 1213 211 καιρῷ
1227 175 1373 210 δεξάμενος
1387 176 1402 202 6
1421 175 1486 208 Θεὸς
1504 175 1733 212 εὐφρανθήσεται,
1749 174 1791 207 ὡς
1805 176 1886 209 ἀγα-

244 216 378 250 gaudens.
395 215 483 246 Porro
495 218 606 246 divinus
621 219 706 246 David
731 220 812 246 etiam
829 227 923 248 vocem
935 220 1032 255 praedi-

247 270 323 295 cens,
333 271 416 298 quam
427 262 462 293 de
473 265 549 293 coalis
560 265 641 293 Pater
652 273 736 301 super
747 265 856 299 Filium,
867 266 932 294 dum
946 267 1031 301 bapti-

245 313 364 341 zaretur,
378 309 481 342 emisit,
495 315 525 338 ut
539 311 572 338 ad
582 312 734 338 naturalem
747 311 857 339 deitatis
869 311 1028 347 dignitatem

244 355 392 385 deduceret
414 355 568 390 audientes,
596 358 643 393 qui
666 359 745 393 prius
771 358 804 385 ad
820 365 964 393 eam,quaa
979 359 1031 386 sub

244 409 356 430 sensum
367 403 493 437 cadebat,
506 404 654 431 humanam
674 405 805 432 vilitatem
834 404 1031 440 respiciebant.

245 448 317 475 libro
330 447 502 478 Psalmornm
519 458 570 478 suo
583 450 686 477 dictum
709 450 775 478 illud
793 451 933 486 inscripsit
947 459 954 476 :
975 451 1030 478 Vox

244 492 352 520 Domini
367 502 444 528 super
455 502 549 530 aquas,
565 503 614 522 νοτ
624 495 730 523 Domini
748 496 774 522 in
790 497 987 531 magniﬁcentia
997 497 1032 524 ".

246 537 346 566 Verum
363 541 529 568 testimoniis
547 542 666 577 quidem.
683 550 714 569 ex
733 542 824 570 divina
846 542 989 578 Scriptura
1004 542 1033 569 in

247 585 368 612 medium
393 586 550 620 afferendis.
570 588 614 616 hic
639 589 701 616 ﬁnis
725 594 786 617 esto
808 589 1034 624 ;(progredictur

245 631 317 658 enim
333 633 422 659 oratio
431 633 603 662 adinlinitam
619 636 814 670 prolixitatem.
831 636 852 663 si
865 636 926 671 quis
941 636 1033 663 volue-

246 677 281 703 rit
295 677 385 704 omnia
400 678 538 713 sigillatim
550 681 635 707 electa
656 681 703 707 nni
719 681 789 708 libro
805 681 960 714 mandare.)

283 721 338 749 Vos
357 727 447 751 autent
463 731 576 757 omnes,
592 725 638 760 qni
654 725 726 752 dono
749 726 964 760 regenerationis
982 734 1031 752 vo-

247 769 290 799 bis
307 770 440 806 placetis.
456 779 488 799 ac
502 780 552 807 pro
565 771 650 808 gloria
667 772 814 800 salutarem
831 772 1034 799 reuovationem

247 817 373 848 habetis,
399 817 534 844 ostendite
559 818 626 844 mihi
657 821 718 852 post
746 817 889 853 mysticam
917 817 1033 853 gratiam

1081 222 1126 254 06;
1138 222 1289 257 φυτοκόμος
1304 223 1361 253 τοῖς
1381 221 1456 253 ίδίοις
1479 221 1569 256 ἔργοις
1587 221 1829 256 ἐπαγαλλόμενος.
1855 221 1886 248 Ὀ

1080 268 1108 295 δὲ
1123 267 1265 298 Θεσπέσιος
1276 267 1357 294 Δαΰὶδ
1376 267 1424 294 καὶ
1439 267 1488 303 τὴν
1510 268 1601 303 φωνὴν
1625 266 1825 302 προφητεύων,
1850 267 1886 301 ἢν

1081 314 1111 346 ἐξ
1122 313 1244 349 οὐρανῶν
1259 313 1273 339 6
1294 313 1387 349 Πατὴρ
1403 314 1530 348 ἐπαφῆκε
1541 313 1579 349 τῷ
1593 312 1650 348 Υἱῷ
1666 312 1885 348 βαπτιζομένῳ,

1082 360 1126 387 ἵνα
1135 359 1202 394 πρὸς
1210 359 1241 386 τὸ
1250 359 1364 394 φυσικὸν
1373 359 1424 394 τῆς
1436 359 1561 394 θεότητος
1571 359 1680 394 ἀξίωμα
1688 359 1752 390 τοὺς
1765 358 1887 385 ἀκούον-

1081 414 1130 437 τας
1143 406 1274 442 όδηγήσῃ,
1289 405 1357 441 πρὸς
1374 405 1424 441 τὴν
1443 404 1574 441 αἰσθητὴν
1592 405 1661 436 τέως
1675 405 1726 441 τὴν
1739 404 1816 431 κατὰ
1836 404 1886 430 τὸν

1082 451 1224 487 ἄνθρωπον
1241 451 1377 478 εὐτέλειαν
1400 450 1558 485 βλέποντας,
1573 450 1725 485 ἐνέγραψεν
1739 450 1837 477 έκεῖνο
1849 451 1884 484 τῇ

1083 497 1176 533 βίῦλῳ,
1201 497 1246 530 τδ,
1262 496 1347 531 Φωνὴ
1372 497 1484 531 Κυρίου
1502 496 1624 523 ἐπὶτῶν
1640 496 1772 528 ὑδάτων,
1790 496 1884 530 φωνὴ

1083 543 1193 576 Κυρίου
1217 543 1252 569 ἐν
1266 542 1517 577 μεγαλοπρεπείᾳ.
1537 540 1617 568 Ἀλλὰ
1636 541 1687 573 τὰς
1705 540 1756 576 μὲν
1776 541 1811 566 ὲκ
1827 540 1885 566 τῶν

1083 587 1163 615 θείων
1182 587 1298 624 Γραφῶν
1315 587 1478 623 μαρτυρίας,
1499 587 1580 622 μέχρι
1603 586 1698 613 τούτου
1721 586 1883 613 παυστέον·

1083 633 1203 668 χωρήσοι
1219 633 1273 668 γὰρ
1287 633 1302 658 ὁ
1315 633 1393 666 λόγος
1410 633 1450 664 είς
1463 632 1562 668 πλῆθος
1577 633 1700 668 ἄπειρον,
1717 633 1803 664 εἴτις
1820 633 1885 668 βου-

1083 678 1152 714 ληθῇ
1168 679 1202 705 τὰ
1213 678 1381 705 καθέκαστον
1395 678 1516 712 ὲκλέγων
1527 678 1568 705 ἐνὶ
1581 678 1753 713 παραθέσθαι
1768 678 1883 712 βιϐλίῳ.

1126 726 1219 761 Ὑμεῖς
1229 725 1256 752 δὲ
1269 725 1379 758 πάντες,
1391 725 1447 751 ὅσοι
1460 724 1499 760 τῷ
1513 724 1592 760 δώρῳ
1605 725 1650 760 τῆς
1664 725 1883 758 παλιγγενεσίας

1084 771 1331 806 ὲγκαλλωπίζεσθε,
1346 771 1394 798 καὶ
1416 771 1546 806 καύχημα
1566 770 1663 806 φέρετε
1679 770 1884 805 ἀνακαινισμὺν

1084 816 1131 843 τὸν
1144 817 1292 852 σωτήριον,
1305 815 1410 848 δείξατέ
1431 824 1476 852 μοι
1493 816 1562 851 μετὰ
1575 815 1626 852 τὴν
1646 815 1782 852 μυστικὴν
1797 816 1884 851 χάριν

248 870 354 889 morum
376 863 611 894 immutationem,
632 867 661 891 et
682 864 709 890 in
731 864 831 891 melius
852 863 1032 891 transforma-

1086 862 1133 899 τὴν
1147 862 1202 889 τῶν
1219 863 1327 898 τρόπων
1345 862 1505 898 ἐναλλαγὴν,
1520 862 1567 888 καὶ
1580 862 1629 897 τῆς
1643 862 1690 888 ἐπὶ
1705 862 1735 888 τὸ
1752 863 1883 897 κρεῖττον

247 908 332 936 tionis
349 908 533 937 differentiam
550 910 670 945 puritate
686 910 748 937 vita:
763 909 882 937 instituti
901 909 1029 936 indicate.

248 954 314 981 Nam
331 954 399 982 nihil
415 955 525 990 quidem
546 963 579 983 ex
603 955 637 983 iis
662 955 759 987 rebus.
782 963 843 991 qua:
864 955 916 983 sub
937 955 1033 982 oculos

247 1000 367 1032 cadunt,
391 1001 562 1032 immutatur,
587 1002 713 1036 corporis
736 1001 801 1028 item
825 1001 904 1036 signa
927 1000 1033 1035 integra

248 1051 376 1078 manent,
391 1046 508 1081 ejusque
527 1055 588 1081 quae
609 1047 719 1074 videtur
744 1051 849 1074 natura:
872 1046 957 1081 ﬁgura
978 1053 1033 1073 non

249 1096 380 1118 nunatnr.
409 1091 461 1118 Sed
488 1098 558 1126 opus
584 1095 627 1119 est
654 1092 746 1127 aliqua
771 1100 885 1127 prorsus
915 1091 1033 1119 evidenti

247 1135 499 1168 demonstratione,
521 1145 569 1172 per
588 1145 670 1173 quam
689 1145 873 1173 agnoscamus
895 1138 1033 1165 hominem

248 1189 345 1210 recens
358 1187 453 1210 natum
466 1203 474 1216 ,
496 1183 584 1218 signis
605 1183 771 1218 quibusdam
792 1183 965 1215 manifestis,
985 1191 1034 1211 no-

247 1236 312 1255 vum
328 1235 342 1255 a
360 1232 451 1256 vetere
467 1229 676 1258 discernentes:
694 1229 752 1257 haec
770 1235 862 1257 autem
880 1230 958 1265 signa
972 1237 1034 1258 esse

247 1275 346 1308 opinor
361 1282 427 1307 eos,
443 1275 490 1310 qui
508 1275 658 1303 secundum
677 1276 850 1311 propositum
869 1276 954 1310 fiunt,
975 1277 1034 1304 ani—

247 1327 304 1347 Η·Νὲ
313 1325 402 1349 motus
413 1341 421 1352 ,
439 1329 488 1356 per
503 1329 572 1357 quos
589 1329 649 1350 sese
669 1329 819 1358 segregans
832 1330 848 1349 a
863 1328 954 1350 νειοῖο
968 1331 1035 1350 con—

247 1367 408 1400 suetudine,
423 1375 455 1394 ac
470 1375 570 1396 novum
585 1368 648 1395 vitae
662 1368 782 1396 instituti
797 1370 849 1397 iter
863 1369 1034 1405 ingrediens,

248 1419 341 1447 aperte
366 1413 515 1442 fatniliares
537 1414 663 1447 decebit,
686 1416 760 1450 quod
783 1416 836 1442 alia
858 1416 982 1451 quaedam
1002 1423 1035 1443 ex

247 1458 299 1484 alia
315 1457 384 1486 facta
400 1459 450 1491 sit.
468 1459 572 1487 nullum
588 1465 651 1495 post
666 1468 696 1488 se
715 1461 817 1489 veteris
832 1462 962 1497 nequitiae
989 1471 1035 1491 ve-

1085 909 1316 944 μετακοσμήσεως
1330 908 1379 944 τὴν
1390 908 1523 944 διαφορὰν
1534 909 1568 944 τῇ
1582 908 1747 944 καθαρότητι
1761 908 1815 944 τῆς
1833 916 1883 934 πο-

1084 954 1185 987 λιτείας
1199 954 1362 990 γνωρίσατε.
1381 954 1441 981 Τῶν
1461 954 1511 990 μὲν
1531 955 1587 990 γὰρ
1600 955 1808 981 ὑποπιπτόντων
1823 955 1883 985 τοῖς

1084 1000 1232 1036 ὀφθαλμοῖς
1259 1001 1334 1028 οὐδὲν
1354 1000 1518 1032 ἀλλοιοῦται,
1533 1001 1559 1027 οι
1579 1000 1608 1028 δὲ
1626 1000 1673 1027 τοῦ
1687 1000 1818 1036 σώματος
1830 1009 1882 1035 χα-

1086 1046 1222 1083 ρακτῆρες
1237 1046 1364 1082 μένουσιν
1373 1047 1568 1082 ἀμετάϐλητοι,
1584 1047 1632 1074 καὶ
1643 1047 1659 1083 ἡ
1671 1046 1722 1082 τῆς
1733 1047 1882 1082 όρωμένης

1085 1092 1192 1127 φύσεως
1216 1092 1358 1125 διάπλασις
1373 1093 1423 1119 οὐκ
1444 1092 1599 1127 ἀμείϐεται.
1621 1092 1706 1127 Χρεία
1725 1092 1754 1119 δὲ
1767 1092 1881 1124 πάντως

1086 1138 1158 1170 τινὸς
1172 1138 1305 1174 ἐναργοῦς
1325 1139 1499 1172 ἀποδείξεως,
1513 1139 1548 1165 δι’
1559 1136 1593 1174 ἧς
1607 1137 1818 1173 ὲπιγνωσόμεθσ.
1834 1138 1881 1164 τὸν

1084 1184 1227 1219 ἀρτίτοκον
1246 1183 1399 1219 ἄνθρωπον,
1425 1184 1569 1220 πμὸὁλοις
1599 1184 1655 1210 τισὶ
1675 1184 1804 1218 φανεροῖς
1836 1183 1880 1208 τὸν

1085 1230 1144 1256 νέον
1160 1229 1215 1257 ἀπὸ
1229 1228 1276 1256 τοῦ
1299 1228 1414 1256 παλαιοῦ
1435 1229 1629 1265 διακρίνοντες.
1643 1228 1736 1255 Ταῦτα
1756 1228 1785 1254 δὲ
1797 1225 1881 1262 οἶμαι

1085 1275 1228 1311 τυγχάνειν
1252 1275 1286 1302 τὰ
1299 1275 1370 1302 κατὰ
1395 1275 1523 1311 πρόθεσιν
1539 1276 1588 1311 τῆς
1611 1275 1701 1310 ψυχῆς
1727 1275 1880 1309 κινήματα,

1087 1322 1136 1357 ἀφ’
1156 1318 1195 1348 ὧν
1219 1321 1318 1357 ἑαυτὴν
1337 1320 1492 1357 χωρίζουσα
1508 1321 1557 1356 τῆς
1572 1321 1690 1352 παλαιᾶς
1717 1319 1877 1355 συνηθείας,

1085 1367 1220 1402 νεωτέραν
1229 1366 1258 1393 δὲ
1269 1367 1403 1401 τέμνουσα
1415 1366 1465 1401 τῆς
1481 1366 1618 1398 πολιτείας
1631 1366 1700 1396 ὁδὸν,
1714 1365 1817 1397 διδάξει
1832 1373 1880 1391 σα-

1087 1414 1144 1450 φῶς
1160 1414 1223 1446 τοὺς
1238 1413 1402 1449 γνωρίμους,
1417 1413 1455 1444 ὼς
1469 1412 1535 1448 άλλη
1552 1422 1592 1445 τις
1615 1412 1645 1445 ἐξ
1660 1412 1742 1447 ἄλλης
1762 1411 1879 1446 γεγένη-

1086 1468 1141 1491 ται,
1159 1458 1234 1487 οὐδὲν
1245 1459 1294 1494 τῆς
1306 1458 1422 1490 παλαιᾶς
1437 1457 1605 1493 ἐφελκομένη
1626 1457 1780 1493 γνώρισμα.
1799 1457 1879 1483 Ἔστι

241 1504 358 1547 lstigium
371 1512 403 1532 ac
417 1506 526 1541 signum
538 1506 708 1542 relinquens.
725 1507 773 1534 Est
788 1512 879 1536 autem
895 1508 940 1535 hic
950 1512 1037 1537 trans-

1087 1505 1116 1531 δὲ
1126 1501 1202 1536 οὗτος
1215 1504 1264 1540 τῆς
1279 1504 1483 1539 μεταποιήσεως
1494 1505 1508 1530 6
1519 1504 1619 1539 τρόπος
1630 1524 1637 1535 ,
1652 1503 1684 1530 ἄν
1697 1512 1743 1538 μοι
1753 1503 1880 1529 πεισθέν-

249 1550 422 1579 formationis
447 1552 563 1585 modus,
594 1553 617 1580 si
636 1553 703 1580 mihi
721 1553 865 1582 credentes
879 1555 1032 1583 orationem

1086 1560 1132 1583 τες
1145 1551 1191 1578 τὸν
1205 1551 1283 1585 λόγον
1295 1551 1333 1583 ὡς
1344 1551 1426 1586 νόμον
1440 1551 1584 1586 φυλάξητε·
1599 1548 1653 1576 Ἦν
1665 1551 1680 1576 6
1697 1550 1750 1586 πρὸ
1765 1550 1815 1578 τοῦ
1829 1550 1879 1585 βα-

248 1603 298 1630 pro
315 1596 372 1631 lege
395 1599 592 1625 servaveritis:
611 1597 676 1625 Erat
702 1604 765 1626 ante
792 1600 927 1635 baptisma
953 1600 1034 1628 homo

248 1646 412 1677 protervus.
427 1651 526 1672 avarus
543 1648 570 1672 et
585 1644 738 1678 fraudator,
755 1650 850 1681 raptor
866 1654 956 1673 rerum
973 1647 1036 1674 alie-

248 1695 346 1715 narum
357 1709 364 1721 ,
379 1689 544 1716 convitiator
557 1695 585 1716 et
599 1689 766 1722 maledicus,
785 1691 900 1718 mendax
912 1712 919 1723 ,
937 1691 1036 1718 calum-

249 1735 349 1767 niator,
366 1742 398 1762 ac
412 1735 434 1762 si
449 1735 523 1770 quod
539 1735 582 1763 bis
596 1736 686 1764 simile
703 1737 835 1772 (vitium)
846 1743 890 1765 est
902 1742 929 1765 et
943 1738 1033 1767 aliine.

250 1780 291 1806 Sit
306 1787 379 1807 nunc
393 1781 550 1813 modestus,
568 1782 696 1814 sobrius,
711 1783 769 1810 suis
785 1789 947 1816 contentus,
963 1789 989 1812 et
1002 1792 1033 1812 ex

242 1826 294 1854 his
309 1831 471 1861 paupertate
485 1827 706 1856 conﬂictantibus
720 1829 895 1864 imparliens,
911 1831 1037 1859 veritatis

242 1871 394 1899 studiosus
404 1891 411 1903 ,
429 1872 560 1900 honorem
577 1873 694 1901 libenter
708 1875 770 1902 aliis
785 1875 913 1903 deferens
923 1896 931 1908 ,
947 1877 1036 1904 comis

250 1921 278 1943 et
292 1916 428 1945 affabilis:
445 1922 475 1945 ut
489 1919 645 1946 summatim
660 1919 768 1954 dicant,
784 1929 892 1948 omnem
907 1922 986 1951 laude
999 1922 1037 1950 di-

249 1970 329 1998 gnam
343 1963 478 1991 actionem
492 1972 634 1994 exercens.
651 1966 685 1994 Ut
700 1966 770 1994 enim
784 1967 950 1996 adventante
964 1969 1034 2001 luce,

249 2008 370 2036 tenebrae
383 2008 582 2044 discutiuntur,
596 2016 623 2038 et
638 2012 700 2040 albo
713 2013 805 2040 colore
820 2014 888 2041 illito
902 2019 1038 2042 atramen-

250 2057 308 2080 tum
330 2054 474 2082 aboietur:
492 2056 528 2083 ita
544 2057 628 2084 etiam
644 2062 725 2086 vetus
743 2059 825 2086 homo
838 2059 952 2094 ,Ῐυειὶιὶιο
971 2069 1037 2096 ope-

250 2099 328 2127 ribus
343 2106 492 2129 exornatus
505 2101 640 2130 aboletur.
663 2103 746 2132 Vides
767 2105 890 2132 utetiam
905 2105 1036 2135 Zacharus

249 2145 402 2174 mutatione
425 2147 487 2174 vitae
508 2147 627 2176 instituti
648 2150 823 2185 publicanum
847 2153 965 2186 orcidit,
982 2154 1035 2186 iis,

1086 1597 1236 1632 ’κτίσματος
1252 1596 1394 1632 ἄνθρωπος
1421 1596 1581 1628 ἀκόλαστος,
1595 1595 1771 1630 πλεονέκτης,
1785 1596 1879 1631 ἅρπαξ

1085 1643 1139 1670 τῶν
1156 1643 1312 1678 ἀλλοτρίων,
1331 1643 1461 1678 λοίδορος,
1478 1642 1609 1677 ψεύστης,
1626 1642 1810 1677 συκοφάντης,
1831 1643 1879 1668 καὶ

1085 1689 1113 1716 εἰ
1127 1698 1154 1716 τι
1171 1689 1275 1721 τούτοις
1290 1689 1382 1724 ὅμοιον
1397 1689 1443 1716 καὶ
1456 1689 1612 1716 ἀκόλουθον.
1626 1688 1748 1715 Γενέσθω
1768 1689 1816 1716 νῦν
1833 1690 1879 1716 κὸη

1087 1742 1175 1768 σμιος,
1195 1733 1322 1770 σώφρων,
1345 1734 1514 1769 ἀρκούμενος
1533 1735 1588 1766 τοῖς
1607 1734 1691 1766 ἰδίοις,
1707 1734 1754 1760 καὶ
1771 1735 1803 1760 ὲκ
1816 1735 1879 1761 τοῦ·

1086 1789 1140 1807 των
1152 1781 1206 1812 τοῖς
1222 1781 1251 1807 ὲν
1266 1780 1346 1815 πενίᾳ
1362 1780 1528 1815 μεταδιδοὺς,
1543 1779 1703 1816 φιλαλήθης,
1721 1780 1879 1815 τιμητικὸς,

1086 1827 1300 1862 εὐπροσήγορος,
1320 1827 1409 1854 πᾶσαν
1431 1826 1524 1858 ἁπλῶς
1550 1827 1750 1862 ἐπαινουμένην
1777 1827 1879 1862 πρᾶξιν

1086 1872 1188 1899 ἀσκῶν.
1210 1873 1254 1904 Ὠς
1266 1872 1321 1908 γὰρ
1331 1872 1370 1908 τῷ
1383 1872 1453 1908 φωτὶ
1469 1872 1499 1899 τὸ
1517 1873 1611 1904 σκότος
1621 1872 1725 1903 λύεται,
1747 1873 1792 1899 καὶ
1809 1873 1877 1906 ἀφα-

1086 1918 1190 1950 νίζεται
1213 1918 1244 1945 τὸ
1267 1918 1352 1952 μέλαν
1377 1917 1592 1954 ὲπιχρωσθείσης
1610 1917 1787 1953 λευκότητος·
1805 1918 1877 1945 οὕτω

1087 1965 1134 1991 καὶ
1147 1965 1162 1991 6
1177 1964 1292 1996 παλαιὸς
1311 1964 1453 2000 ἄνθρωπος
1471 1965 1526 1994 τοῖς
1541 1964 1590 1999 τῆς
1602 1963 1773 1998 δικαιοσύνης
1787 1963 1876 1999 ἔργοις

1087 2010 1283 2046 ὲπικοσμηθεὶς
1295 2009 1465 2045 ἀφανίζεται.
1484 2010 1565 2046 ὐρᾷς
1575 2010 1650 2039 ὅπως
1660 2010 1707 2036 καὶ
1718 2011 1732 2036 ό
1743 2010 1875 2044 Ζακχαῖος

1086 2057 1119 2091 τῇ
1135 2055 1268 2092 μεταϐολῇ
1284 2055 1332 2082 τοῦ
1347 2056 1405 2091 βίου
1425 2056 1472 2082 τὸν
1485 2055 1603 2091 τελώνην
1634 2055 1788 2088 ἀπέκτεινε,
1807 2055 1874 2091 πρὸς

1089 2101 1139 2137 μὲν
1152 2102 1214 2134 τοὺς
1238 2101 1425 2137 ζημιωθέντας
1439 2101 1540 2133 ἀδίκως
1557 2101 1711 2136 τετραπλῆν
1731 2101 1874 2135 ἐπανάγων

1087 2148 1136 2184 τὴν
1149 2148 1276 2175 ἀπόδοσιν
1286 2156 1293 2163 ’
1306 2147 1417 2183 ἐμέριζε
1430 2148 1459 2174 δὲ
1471 2149 1526 2180 τοῖς
1538 2149 1656 2182 πτωχοῖς
1668 2147 1703 2174 τὰ
1713 2148 1871 2179 κατάλοιπα,

249 2192 296 2226 qui
315 2191 444 2220 damnum
462 2193 563 2228 injuria
578 2201 758 2231 acceperant,
776 2198 960 2234 quadruplum
974 2201 1036 2234 ejus

1087 2194 1105 2221 ἃ.
1131 2195 1260 2230 πρότερον
1285 2194 1361 2230 παρὰ
1381 2194 1435 2221 τῶν
1457 2194 1571 2229 πτωχῶν
1594 2193 1759 2229 θλιϐομένων
1783 2194 1870 2226 κακῶς

249 2237 322 2272 quod
340 2237 506 2271 amiserant,
522 2247 656 2275 reponens
671 2251 677 2268 ι
695 2242 834 2270 distribuit
852 2244 916 2272 item
933 2253 1034 2280 paupe-

250 2282 327 2309 ribtts
342 2283 456 2317 reliqua.
469 2292 528 2318 qua:
541 2285 618 2320 prius
632 2294 648 2312 a
663 2288 829 2322 pauperibus
843 2289 914 2316 tnale
928 2294 1034 2316 extorta

249 2327 397 2362 collegerat
417 2328 452 2354 ".
467 2328 638 2364 Evangeiista
659 2330 802 2359 Mattbaeus
821 2333 894 2360 alius
915 2333 1035 2367 publica-

250 2381 302 2400 nus
326 2373 348 2389 “
379 2373 503 2401 eumdem
528 2383 590 2402 cum
614 2375 730 2404 Zachaeo
749 2383 884 2412 quaestum
911 2378 1032 2409 faciens,

249 2416 429 2453 eamdemque
448 2423 534 2446 artem
555 2427 705 2452 exercens.
721 2423 814 2449 statim
836 2427 898 2457 post
913 2424 1035 2450 vocatio-

249 2471 311 2490 netn
337 2468 468 2499 tanquam
491 2473 637 2500 personant
662 2468 808 2502 quamdam
834 2468 895 2496 vita:
920 2469 1037 2496 mutavit

250 2511 420 2539 institutum.
446 2511 611 2540 Persecutor
640 2514 736 2549 (erat)
761 2514 877 2546 Paulus,
900 2515 948 2541 sed
974 2519 1037 2550 post

249 2557 364 2590 gratiam
390 2557 539 2592 Apostolus
564 2559 598 2590 η,
623 2567 720 2594 graves
747 2560 848 2595 (illas)
871 2560 962 2588 ferens
986 2569 1036 2596 pro

249 2600 359 2629 Christo
372 2607 484 2630 catenas
497 2604 529 2630 ad
546 2604 732 2638 paenitentiam
745 2609 773 2631 et
788 2605 975 2640 purgationem
991 2607 1035 2633 in~

247 2647 384 2681 iustorum
401 2649 588 2682 vineulonum,
602 2658 663 2685 qua:
678 2658 741 2677 cum
757 2651 904 2686 aliquando
918 2659 1038 2686 acccpts~

251 2696 292 2719 set
313 2699 328 2718 a
352 2693 428 2728 lege.
453 2694 587 2722 adversus
610 2695 755 2731 Evangelia
779 2698 917 2731 portabat.
939 2697 1034 2725 Talem

251 2739 378 2766 convenit
393 2747 454 2767 esse
471 2741 724 2775 regenerationem,
743 2742 780 2769 ita
795 2743 906 2771 abolere
927 2747 1036 2778 oportet

288 2825 310 2843 ι’
321 2826 389 2858 ξ’ξςιὶ.
409 2835 503 2862 xXVIIt,
521 2828 549 2862 5,
564 2830 583 2857 ί.

1087 2239 1276 2275 ὲθησαύρισεν.
1297 2239 1497 2275 Εὑαγγελιστὴς
1513 2240 1527 2266 6
1541 2239 1680 2270 Ματθαῖος
1693 2239 1773 2271 ἄλλος
1791 2240 1870 2266 τελώ-

1086 2294 1144 2321 νης,
1160 2286 1303 2321 ὁμότεχνος
1318 2285 1365 2312 τοῦ
1381 2286 1528 2321 Ζακχαίου,
1542 2285 1642 2317 εὐθέως
1657 2285 1727 2321 μετὰ
1744 2286 1792 2321 τὴν
1808 2285 1868 2321 κλῆ-

1088 2340 1129 2359 σιν
1142 2332 1237 2366 ὥσπερ
1249 2341 1276 2358 τι
1292 2333 1461 2367 προσωπεῖον
1471 2332 1570 2367 ήμειψε
1586 2331 1632 2358 τὸν
1646 2331 1713 2366 βίον.
1726 2330 1844 2367 Διὼκτης
1855 2333 1868 2358 ὸ

1088 2377 1202 2410 Παῦλος,
1211 2378 1278 2405 ἀλλὰ
1293 2378 1362 2413 μετὰ
1368 2378 1418 2414 τὴν
1429 2378 1508 2414 χάριν
1522 2377 1690 2409 ’Λπόστολος,
1704 2377 1815 2413 βαρείας
1825 2379 1868 2412 φέ-

1085 2433 1140 2460 ρων
1147 2424 1197 2455 τὰς
1204 2424 1312 2456 ἁλύσεις
1321 2424 1390 2460 ὑπὲρ
1398 2423 1528 2460 Χριστοῦ,
1537 2425 1576 2456 είς
1584 2423 1731 2458 ἀπολογίαν
1740 2424 1786 2450 καὶ
1796 2424 1868 2460 μετά-

1084 2478 1159 2496 νοιαν
1175 2470 1229 2496 τῶν
1246 2470 1344 2496 ἀδίκων
1367 2469 1493 2505 δεσμῶν,
1506 2469 1524 2496 ἃ
1548 2469 1624 2504 παρὰ
1648 2468 1696 2495 τοῦ
1711 2469 1795 2504 νόμου
1810 2470 1866 2496 ποτέ

1084 2515 1173 2543 λαὸὼν
1198 2516 1269 2543 κατὰ
1291 2516 1345 2542 τῶν
1366 2515 1540 2550 Εὑαγγελίων
1566 2516 1711 2542 ἐϐάστασε.
1741 2515 1866 2549 Τοιαύτην

1088 2562 1226 2597 προσῆκεν
1249 2559 1316 2589 εἶναι
1336 2562 1385 2599 τὴν
1405 2563 1598 2597 ἀναγέννησινο
1619 2561 1706 2593 οὕτως
1724 2561 1866 2595 ἐξαλείφειν

1088 2607 1137 2642 τὴν
1152 2607 1221 2644 πρὸς
1233 2608 1282 2643 τὴν
1303 2608 1440 2643 ἁμαρτίαν
1459 2607 1620 2643 συνήθειαν·
1634 2606 1707 2634 οὕτω
1737 2607 1865 2634 πολιτεύε-

1088 2652 1149 2679 σθαι
1163 2654 1225 2685 τοὺς
1241 2654 1315 2685 υἱοὺς
1338 2654 1385 2681 τοῦ
1402 2654 1486 2681 Θεοῦ⁸
1506 2654 1588 2680 τέκνα
1601 2654 1655 2689 γὰρ
1677 2653 1785 2680 ἐκείνου
1805 2654 1865 2688 μετὰ

1086 2698 1135 2734 τὴν
1152 2699 1230 2734 χάριν
1246 2700 1390 2735 ἀκούομεν.
1411 2701 1465 2727 Καὶ
1481 2700 1525 2727 διὰ
1545 2699 1624 2726 τοῦτο
1642 2700 1780 2734 προσῆκεν
1793 2701 1863 2735 ἀκρι-

1088 2744 1143 2776 ὃῶς
1165 2745 1399 2780 ἑπισκοπήσασθαι
1418 2746 1452 2772 τὰ
1467 2745 1513 2772 τοῦ
1527 2745 1686 2781 γεννήτορας
1708 2745 1787 2780 ήμῶν
1803 2743 1863 2772 ἰδιώ-

626 2832 644 2846 ”⁰
662 2830 726 2860 Luc.
744 2841 798 2866 sit,
817 2834 841 2862 8.
882 2835 902 2851 “
925 2835 1009 2865 Matth
1041 2841 1078 2869 Ix,
1096 2834 1121 2861 9.
1161 2835 1182 2851 δ’
1197 2835 1256 2864 Act.
1285 2843 1323 2869 ix,
1345 2835 1351 2861 Ι
1369 2843 1428 2872 sqq.
