1938 3082
73 122 128 149 59⁸1

675 131 707 158 ἰΝ
728 130 927 161 BAPTISMUM
951 134 1098 165 CHRISTI.

1654 136 1706 166 598

75 188 164 232 ματα,
179 180 222 207 ἴνα
242 181 308 217 πρὸς
324 183 470 220 ὁμοιότητα
487 186 532 213 τοῦ
550 188 652 223 πατρὸς
677 189 790 222 ἑαυτοὺς
805 199 867 226 μορ‹

921 196 1145 224 consuetudinem
1161 205 1224 225 cum
1241 200 1370 232 peccato.
1393 197 1431 223 ita
1449 196 1520 223 lilios
1538 195 1584 223 Dei
1604 196 1630 222 in
1649 197 1704 222 vita

75 226 191 261 φοῦντες
206 228 253 254 καὶ
268 230 491 264 σχηματίζοντες,
505 233 611 268 γνήσιοι
630 235 790 270 φαινώμεθα
803 237 869 262 παῖ-

73 272 122 305 δες
144 272 191 300 τοῦ
211 274 280 309 πρὸς
297 275 346 311 τὴν
367 277 519 314 εἰσποίησιν
533 279 607 315 ἡμᾶς
627 279 676 316 τὴν
698 281 769 308 κατὰ
789 281 870 317 χάριν

75 318 251 351 καλέσαντος.
276 320 379 348 Φαῦλον
400 322 455 358 γὰρ
481 324 663 360 κατηγόρημα
685 326 701 352 ό
720 326 796 359 νόθος
822 327 870 354 καὶ

76 362 280 408 ύποόολιμαῖος.
293 366 342 401 τὴν
356 367 492 403 πατρικὴν
503 369 641 404 εὐγένειαν
657 370 769 398 ἐπὶτῶν
782 372 870 408 ἔργων

75 407 301 444 ψευδόμενοςΔιό
313 420 359 446 μοι
371 412 446 440 δοκεί
457 414 504 441 καὶ
514 415 594 447 αὐτὸς
602 416 617 442 ό
627 416 728 452 Κύριος
738 418 768 445 ἐν
779 419 869 454 Εὐαγ-

76 454 175 488 γελίοις
194 456 258 488 τοὺς
271 457 318 484 τοῦ
336 458 394 493 βίου
408 460 520 492 κανόνας
534 461 685 489 διατάττων
702 464 779 499 ἡμῖν,
795 465 868 492 ὲκεί-

76 509 132 532 νοις
146 501 263 536 χρῆσθαι
278 503 347 539 πρὸς
360 506 424 537 τοὺς
443 506 679 543 μαθητευομένους
693 511 749 542 τοῖς
768 510 866 546 λόγοις,

74 547 186 581 Καλῶς
206 549 316 576 ποιεῖτε
327 550 390 583 τοῖς
398 552 546 586 μισοῦσιν
558 553 646 589 ὑμᾶς,
660 556 868 591 προσεύχεσθε

74 593 152 628 ὑπὲρ
179 594 239 621 τῶν
264 595 487 630 ἐπηρεαζόντων
506 599 585 634 ὑμᾶς
608 601 658 628 καὶ
681 601 866 637 διωκόντων,

73 638 157 672 ὅπως
173 640 302 675 γένησθε
316 642 374 670 υἱοὶ
389 643 443 671 τοῦ
463 645 578 679 Πατρός
596 646 680 681 ὑμῶν
691 647 744 674 τοῦ
765 647 800 675 ἐν
817 650 868 676 οὐ-

68 684 187 718 ρανοῖς,
209 686 253 713 ὅτι
266 687 320 714 τὸν
334 687 422 722 ἥλιον
435 690 528 717 αὑτοῦ
539 691 698 720 ἀνατέλλει
710 693 760 721 ἐπὶ
774 701 867 729 πονη-

68 730 148 764 ροὺς
172 732 221 758 καί
242 732 382 768 ἀγαθοὺς,
402 735 453 762 καὶ
471 736 576 771 ,ϐρέχει
596 738 646 765 ἐπὶ
667 738 802 774 δικαίους
816 741 867 767 καὶ

71 775 210 809 ἀδίκους.
225 778 307 810 Υῐοὺς
328 779 381 814 γὰρ
398 780 457 807 τότε
477 782 599 816 γίνεσθαι
622 783 707 819 λέγει,
728 785 793 812 ὅταν
816 787 866 821 τῆς

71 824 214 859 πατρικῆς
228 825 396 861 ἀγαθότητος
416 826 466 863 τὴν
478 828 608 863 ὁμοίωσιν
622 830 651 857 ὲν
664 831 697 866 τῇ
718 831 786 866 πρὸς
803 833 865 865 τοὺς

921 246 981 266 sese
993 248 1087 275 gerere
1101 242 1179 270 decet
1194 252 1200 269 :
1216 243 1263 269 lilii
1277 243 1350 269 enim
1365 241 1440 269 illius
1455 246 1518 277 post
1530 242 1646 277 gratiam
1661 249 1706 268 vo-

920 292 1024 313 camur.
1039 287 1128 323 Atque
1143 288 1248 316 idcirco
1263 292 1359 315 exacte
1376 288 1505 315 convenit
1514 287 1651 322 inspicere
1662 295 1706 322 ge-

919 331 1019 360 nitoris
1034 334 1121 361 nostri
1135 335 1317 369 proprietates
1328 354 1335 365 .
1350 338 1380 360 ut
1394 333 1427 360 ad
1440 333 1648 360 similitudinem
1660 340 1706 367 pa-

919 378 969 406 tris
982 384 1090 407 nosmet
1107 379 1255 408 f0rmantes
1268 385 1294 408 et
1307 380 1465 414 eﬂingentes
1475 398 1482 410 ,
1495 379 1553 406 veri
1563 398 1571 409 .
1583 379 1706 413 justique

919 432 951 451 ac
969 425 1083 461 legitimi
1105 425 1154 452 ﬁlii
1176 425 1274 454 ﬁamus
1295 425 1374 460 ejus.
1391 425 1439 459 qui
1460 432 1512 452 nos
1528 424 1562 451 ad
1583 423 1707 457 adoptio-

918 478 999 502 nem,
1014 478 1076 506 quae
1096 479 1145 506 per
1167 472 1284 507 gratiam
1305 471 1457 504 contingit,
1480 469 1596 496 vocavit.
1616 468 1706 496 Grave

918 514 991 542 enim
1006 515 1138 550 probrum
1154 519 1213 547 est,
1229 515 1420 546 adulterinus,
1437 514 1550 549 spurius
1566 518 1593 541 et
1609 513 1705 540 subdi-

918 561 996 589 titius
1007 581 1014 594 ,
1030 562 1076 596 qui
1092 561 1174 588 factis
1190 561 1248 589 suis
1273 566 1413 597 paternam
1436 560 1607 588 nobilitatem
1631 559 1702 586 fallat

917 611 999 642 atque
1021 607 1203 635 ludilicetnr:
1235 610 1377 642 propterea
1405 607 1470 633 mihi
1496 606 1603 633 videtur
1622 605 1704 632 etiam

918 652 976 686 ipse
993 653 1125 680 Dominus
1145 654 1172 680 in
1191 653 1345 688 Evangeliis
1361 652 1470 680 vivendi
1492 651 1602 686 regulas
1625 650 1705 677 nobis

917 698 1116 733 prmscribens,
1135 699 1189 726 illis
1205 699 1237 726 ad
1254 699 1405 734 discipulos
1430 698 1468 726 uti
1484 697 1578 724 verbis
1595 705 1601 722 :
1624 695 1707 722 Bene-

917 744 997 776 fact‘le
1013 743 1073 771 odio
1100 744 1317 779 prosequentibus
1340 753 1402 777 vos,
1423 748 1497 770 orate
1520 751 1568 778 pro
1598 741 1630 767 iis
1661 740 1707 774 qui

916 787 1016 815 [mlunt
1042 797 1073 815 ac
1098 793 1291 824 persequuntur
1313 797 1373 827 vos,
1399 793 1429 816 ut
1452 789 1511 815 sitis
1537 787 1588 822 ﬁlii
1614 786 1706 814 Patris

916 835 1007 867 vestri,
1022 835 1067 869 qui
1080 840 1119 862 est
1133 835 1159 862 in
1173 835 1244 862 caelis
1256 856 1263 867 ,
1278 835 1404 870 quoniam
1420 834 1502 861 solem
1513 841 1591 861 suum
1604 832 1708 859 exoriri

70 869 230 904 ὁμοφύλους
252 871 440 909 φιλανθρωπίᾳ
461 875 516 907 τοῖς
533 875 645 908 οἰκείοις
666 877 806 913 λογισμοῖς
824 879 868 905 ὲν-

921 880 982 907 rim't
998 889 1077 915 super
1094 881 1180 908 malos
1196 886 1219 908 ει
1236 881 1333 912 bonos,
1352 885 1376 908 et
1393 881 1510 914 pluviam
1526 879 1608 906 mittil
1628 884 1707 911 super

69 923 106 940 τυ
111 915 266 944 πώσωνται.

914 926 1003 960 justas
1024 931 1049 953 et
1070 927 1185 962 injustas
1202 927 1234 954 ⁵³.
1252 927 1338 954 Filios
1359 927 1433 954 enim
1450 929 1518 953 tunc
1539 925 1596 952 ﬁeri
1620 923 1706 954 dicit,

70 967 139 988 cum
157 962 367 993 similitudinem
380 970 500 1001 paternae
519 966 663 1002 bonitatis,
693 968 889 998 humanitatem
909 981 971 1008 erga
995 973 1140 1008 populares
1163 977 1190 1000 et
1213 973 1355 1008 proximor.
1378 971 1552 1008 praestando,
1579 969 1707 998 sensibus

70 1009 135 1037 suis
151 1014 179 1038 et
194 1012 408 1046 cogitationibus
422 1013 625 1049 impresserint.

109 1057 162 1084 Διὰ
174 1059 254 1085 τοῦτο
270 1060 317 1087 καὶ
334 1060 402 1096 μετὰ
418 1061 448 1088 τὸ
469 1062 519 1096 τῆς
533 1062 668 1095 υἱοθεσίας
684 1063 802 1099 ἀξίωμα,
818 1065 866 1091 καὶ

68 1104 85 1130 ὁ
101 1104 226 1137 διάὸολος
242 1106 307 1141 ἡμῖν
333 1107 503 1134 ἐπιδουλεύει
525 1108 717 1146 σφοδρότερον·
738 1110 866 1146 βασκάνῳ

69 1150 226 1186 τηκόμενος
240 1151 381 1188 ὀφθαλμῷ,
398 1153 461 1181 ὅταν
479 1153 564 1191 βλέπῃ
584 1154 631 1182 τοῦ
655 1156 794 1191 νεογενοῦς
820 1158 866 1184 ἀν‹

70 1194 186 1230 θρώπου
206 1196 237 1223 τὸ
252 1197 359 1231 κάλλος,
377 1198 536 1232 σπεύδοντος
555 1201 624 1236 πρὸς
643 1201 692 1237 τὴν
706 1202 866 1238 ἐπουράνιον

72 1242 226 1275 πολιτείαν,
240 1243 287 1278 ἀφ’
300 1241 334 1280 ἧς
345 1245 448 1277 ἐκεῖνος
461 1246 573 1279 ἐξέπεσε
582 1255 588 1261 ·
599 1248 646 1274 καὶ
660 1248 793 1283 πυρώδεις
803 1250 867 1284 ἡμῖν

71 1289 215 1325 ἐπεγείρει
230 1289 293 1321 τοὺς
309 1293 488 1326 πειρασμοὺς,
514 1292 629 1328 συλῆσαι
645 1294 801 1326 σπουδάζων
820 1295 867 1322 καὶ

71 1334 126 1368 τὴν
142 1334 271 1371 δευτέραν
295 1336 487 1372 ὲπικόσμησιν,
502 1338 541 1369 ὼς
555 1338 599 1364 τὸν
615 1339 716 1374 κόσμον
736 1339 781 1366 τὸν
801 1340 867 1375 πρό-

72 1387 103 1405 τε
109 1387 165 1414 ρον.
183 1379 251 1406 Ἀλλ’
265 1381 328 1409 ὅταν
340 1381 497 1417 αἰσθώμεθα
506 1382 560 1409 τῶν
573 1384 676 1410 ἐκείνου
692 1385 848 1420 προσ-ϐολῶν
857 1405 866 1419 ,

73 1425 202 1461 προσῆκε
217 1426 266 1462 τὴν
286 1427 467 1463 ἀποστολικὴν
492 1429 571 1464 ῥῆσιν
588 1431 693 1462 ἑαυτοῖς
715 1431 865 1464 ἐπιλέγειν·

76 1472 161 1498 Ὅσοι
170 1473 215 1505 είς
228 1474 356 1507 Χριστὸν
367 1474 598 1510 ἐϐαπτίσθημεν,
612 1477 656 1510 είς
670 1477 724 1504 τὸν
739 1468 868 1505 θάνατον

73 1517 171 1544 αὐτοῦ
186 1517 415 1554 ἐϐαπτίσθημεν.
432 1519 463 1546 Et
479 1519 507 1546 δὲ
522 1520 677 1556 σύμμορφοι
687 1521 734 1548 τοῦ
752 1522 866 1549 θανάτου

75 1563 246 1599 γεγόναμεν,
263 1565 347 1600 νεκρὰ
371 1565 480 1598 πάντως
503 1566 595 1593 λοιπὸν
612 1568 641 1594 ὲν
658 1568 723 1603 ἡμῖν
741 1569 757 1603 ἡ
778 1568 868 1604 ἁμαρ·
881 1557 903 1586 c

75 1609 135 1641 τία,
150 1609 188 1645 τῷ
200 1611 364 1647 σειρομάστῃ
380 1611 532 1639 διελαθεῖσα
555 1613 601 1639 τοῦ
617 1613 814 1649 βαπτίσματος,
831 1614 869 1645 ὡς

76 1656 92 1682 ὁ
109 1656 208 1692 πόρνος
223 1658 326 1690 ἐκεῖνος
351 1658 427 1693 παρὰ
445 1659 567 1694 ζηλωτοῦ
592 1659 639 1686 τοῦ
661 1660 764 1692 Φινεές.
781 1659 868 1694 Φεῦγε

76 1702 169 1729 τοίνυν
190 1703 236 1737 ἀφ’
251 1703 340 1738 ἡμῶν,
354 1703 495 1741 δυσώνυμε
506 1713 512 1720 ·
528 1705 624 1740 νεκρὸν
637 1705 692 1740 γὰρ
713 1705 802 1738 θέλεις
820 1715 868 1733 συ-

77 1746 179 1779 λεύειν,
194 1747 239 1774 τὸν
253 1747 337 1775 πάλαι
352 1757 393 1775 σοι
409 1748 620 1785 συνταξάμενον,
635 1750 682 1777 τὸν
701 1751 870 1778 ἀπολέσαντα

78 1792 164 1819 πάλαι
179 1793 247 1829 πρὸς
259 1793 309 1826 τὰς
331 1794 429 1830 ἡδονὰς
446 1795 495 1827 τὰς
515 1795 665 1831 αἰσθήσεις.
692 1796 798 1832 Νεκρὸς
817 1806 871 1823 aui--

80 1838 175 1874 μάτων
199 1839 248 1865 οὐκ
265 1840 325 1875 ἐρᾷ,
341 1840 438 1876 νεκρὸς
461 1842 510 1877 οὐχ
534 1842 672 1869 ἁλίσκεται
692 1842 809 1879 πλούτῳ,
825 1853 869 1871 νε-

79 1884 147 1920 κρὸς
158 1885 189 1911 οὐ
205 1888 377 1920 συκοφαντεῖ,
395 1887 490 1923 νεκρὸς
510 1889 541 1915 οὐ
560 1888 697 1924 ψεύδεται,
715 1890 763 1926 οὺχ
780 1890 869 1926 ἁρπά-

80 1930 122 1962 ζει
133 1930 168 1957 τὰ
181 1931 218 1966 μὴ
233 1932 415 1967 προσήκοντα,
426 1934 456 1960 οὐ
467 1934 687 1969 λοιδορεῖταιτοῖς
701 1936 871 1971 προστυγχά-

79 1985 167 2003 νουσι.
194 1977 264 2012 Πρὸς
287 1977 371 2014 ἄλλην
399 1987 444 2015 μοι
473 1980 544 2016 ζωὴν
570 1981 585 2007 ό
612 1981 667 2016 βίος
692 1981 870 2017 ὲκανονίσθη·

80 2021 244 2058 ἐπαιδεύθην
265 2023 319 2050 τῶν
342 2024 496 2059 ὲγκοσμίων
518 2027 707 2062 καταφρονεῖν,
731 2026 766 2054 τὰ
789 2027 871 2062 γήϊνα

81 2069 275 2104 παρατρέχειν,
298 2070 343 2097 καὶ
367 2070 492 2097 σπεύδειν
508 2071 576 2106 πρὸς
588 2072 622 2098 τὰ
641 2072 764 2107 οὐράνια,
781 2073 871 2104 καθὼς

81 2113 129 2139 καὶ
166 2113 271 2145 Παῦλος
303 2114 451 2150 διαρρήδην
482 2115 667 2151 μαρτύρεται,
699 2117 739 2144 ὅτι
770 2117 871 2152 κόσμος

81 2159 180 2194 ὲκείνῳ
195 2159 373 2195 ἐσταύρωται,
397 2161 522 2193 κάκεῖνος
536 2162 576 2197 τῷ
592 2162 696 2198 κόσμῳ.
718 2162 811 2190 Ταῦτα
824 2161 873 2198 ψυ-

82 2205 133 2241 χῆς
149 2205 257 2241 ἀληθῶς
281 2206 509 2243 ἁναγεννηθείσης
527 2207 562 2234 τὰ
585 2208 694 2243 ῥήματα
706 2216 712 2222 ·
731 2204 810 2234 αὗται
824 2207 871 2234 τοῦ

82 2252 221 2284 νεοτελοῢς
237 2252 380 2288 ἀνθρώπου
401 2255 500 2289 φωναὶ,
516 2253 562 2281 τοῦ
582 2255 754 2290 μεμνημένου
767 2255 816 2290 τῆς
832 2255 871 2281 ol-

84 2298 161 2330 κείας
183 2299 335 2334 ὁμολογίας,
360 2299 393 2336 ἦν
418 2300 448 2327 ὲν
474 2302 507 2337 τῇ
532 2300 679 2337 παραδόσει
698 2301 745 2327 τοῦ
769 2310 873 2337 μυστη-

85 2343 143 2380 ρίου
161 2345 229 2380 πρὸς
244 2344 310 2371 Θεὸν
336 2346 493 2381 ἐποιήσατο,
510 2345 600 2382 πάσης
618 2346 665 2373 καί¹
679 2347 813 2383 τιμωρίας
827 2347 875 2373 καὶ

84 2391 181 2425 ἡδονῆς
209 2391 279 2427 ὑπὲρ
303 2391 353 2426 τῆς
377 2392 417 2424 είς
447 2392 529 2419 αὐτὸν
556 2392 666 2427 ἀγάπης
694 2394 874 2428 καταφρονεῖν

85 2436 280 2472 ὑποσχόμενος,
306 2436 398 2464 Ταῦτα
420 2437 469 2472 μὲν
492 2435 539 2465 οὖν
562 2438 707 2474 αὐτάρκως
731 2438 800 2473 πρὸς
824 2438 874 2473 τὴν

87 2482 163 2517 ἱερὰν
175 2482 225 2518 τῆς
239 2482 345 2518 ἡμέρας
360 2483 498 2513 ὑπόθεσιν,
514 2484 547 2519 ῆν
561 2483 575 2510 ό
589 2483 738 2515 κυκλωθεὶς
754 2483 875 2515 ἐνιαυτὸς

84 2528 265 2562 τεταγμέναις
287 2529 354 2564 πρὸς
371 2529 444 2564 ἡμᾶς
459 2529 556 2564 ἤνεγκε
579 2529 721 2565 περιόδοις.
738 2528 827 2555 Καλὸν
847 2528 875 2555 δὲ

80 2570 179 2600 ὶλοιπόν
190 2573 229 2608 τῷ
242 2572 425 2609 φιλανθρώπῳ
438 2574 486 2609 τῆς
499 2574 633 2609 τοσαύτης
645 2574 748 2610 δωρεᾶς
765 2573 875 2609 χορηγῷ

87 2618 314 2654 προσαναπαῦσαι
328 2620 373 2646 τὸν
391 2620 479 2654 λόγον,
496 2620 586 2655 φωνὴν
602 2619 694 2655 όλίγην
716 2619 786 2655 ὑπὲρ
807 2628 876 2655 πρα-

87 2664 201 2700 γμάτων
220 2665 345 2700 μεγάλων
365 2665 415 2702 τὴν
438 2666 554 2701 ἀμοιϐὴν
576 2666 813 2701 ἀντεισφέροντας.
838 2665 874 2691 Σὺ

87 2712 143 2746 γὰρ
160 2711 267 2746 ἀληθῶς
281 2711 423 2748 ὑπάρχεις,
438 2712 569 2745 Δέσποτα,
584 2711 692 2748 καθαρὰ
705 2711 751 2739 καὶ
766 2711 875 2743 ὰένναος

88 2759 138 2794 τῆς
147 2758 327 2794 ἀγαθωσύνης
341 2758 426 2795 πηγὴ,
436 2758 465 2791 ὂς
478 2757 655 2794 ἀπεστράφης
669 2758 740 2794 ἡμᾶς
753 2753 873 2789 δικαίως,

127 2849 150 2865 ⁸³
166 2848 262 2876 Matth.
280 2856 308 2879 ν.
326 2847 370 2880 44,
384 2847 428 2875 45.

955 1062 1059 1089 Idcirco
1081 1063 1164 1090 etiam
1189 1066 1250 1097 post
1274 1062 1430 1098 adoptionis
1451 1061 1632 1098 dignitatem,
1647 1060 1709 1087 dia-

919 1109 998 1137 bolus
1019 1109 1098 1136 nobis
1119 1109 1307 1136 vehementius
1329 1109 1484 1141 insidiatur,
1507 1107 1600 1134 invido
1623 1107 1705 1134 oculo

919 1155 1134 1188 contabescens,
1151 1155 1217 1182 dum
1240 1163 1338 1183 recens
1355 1156 1414 1182 nati
1437 1154 1557 1182 hominis
1577 1153 1710 1181 festinan-

918 1200 954 1227 tis
979 1200 1012 1226 ad
1025 1200 1164 1227 caelestem
1185 1200 1400 1235 rempublicam,
1425 1200 1497 1228 unde
1521 1201 1567 1228 ille
1589 1201 1702 1233 excidit,

921 1245 1154 1281 pulchritudinem
1170 1245 1304 1278 intuetur,
1317 1250 1345 1274 et
1358 1247 1473 1274 acerbas
1489 1247 1571 1274 nobis
1584 1255 1616 1274 ac
1631 1247 1710 1275 vehe-

923 1297 1028 1319 mentes
1049 1292 1152 1319 excitat
1170 1293 1354 1325 tentationes,
1371 1292 1522 1319 secundum
1538 1301 1648 1328 quoque
1662 1301 1709 1321 or-

920 1342 1079 1365 namentum
1093 1338 1174 1366 sicuti
1188 1339 1307 1374 priorem
1322 1343 1448 1366 ornatum
1462 1338 1571 1366 auferre
1583 1339 1708 1366 studens.

921 1382 1022 1410 Verum
1037 1384 1083 1411 ubi
1098 1385 1269 1412 senserimus
1280 1384 1342 1419 ejus
1354 1385 1494 1417 incursus,
1507 1386 1635 1412 convenit
1646 1393 1709 1420 apo-

921 1430 1048 1458 stolicum
1057 1430 1160 1458 dictum
1172 1431 1376 1466 nobismetipsis
1384 1430 1522 1465 subjicere
1535 1441 1540 1458 :
1555 1430 1710 1466 Quicunque

919 1475 948 1502 in
961 1475 1096 1502 Christum
1109 1476 1237 1510 baptizati
1249 1484 1350 1508 sumus,
1363 1476 1391 1502 in
1404 1481 1514 1503 mortem
1528 1475 1611 1511 ipsius
1625 1476 1710 1509 bapti-

921 1522 976 1549 χιιιὶ
992 1530 1083 1549 sumus
1098 1521 1131 1548 “.
1154 1521 1233 1556 Quod
1255 1522 1278 1550 si
1299 1522 1459 1549 conformes
1482 1522 1563 1549 morti
1579 1521 1644 1549 facti
1661 1530 1709 1549 su-

921 1575 993 1599 mus,
1009 1571 1146 1594 mortuum
1160 1574 1275 1602 prorsus
1287 1565 1416 1601 deinceps
1429 1567 1457 1593 in
1473 1566 1554 1594 nobis
1569 1570 1710 1601 peccatum

920 1617 963 1640 est
973 1633 980 1644 ,
995 1613 1091 1640 lancea
1104 1612 1282 1648 baptismatis
1292 1633 1299 1645 ,
1316 1612 1389 1639 sicut
1402 1612 1448 1640 ille
1461 1616 1599 1640 scortator
1614 1619 1628 1638 a
1643 1611 1710 1638 Phi-

920 1666 1004 1686 neeso
1018 1659 1115 1690 zelote,
1127 1659 1174 1694 qui
1189 1658 1281 1686 studio
1296 1663 1379 1694 atque
1394 1666 1487 1685 amore
1502 1657 1548 1685 Dei
1562 1657 1708 1693 ﬂagrabat,

920 1705 1066 1740 expulsum
1079 1704 1113 1732 ".
1126 1704 1201 1739 Fuge
1214 1704 1299 1740 igitur
1310 1712 1325 1731 a
1341 1703 1432 1735 nobis.
1446 1703 1614 1731 exsecrande
1628 1707 1711 1737 atque

921 1750 1056 1782 inl'auste,
1075 1755 1214 1777 mortuum
1230 1749 1303 1777 enim
1320 1749 1439 1784 spoliare
1453 1749 1510 1781 vis.
1528 1748 1573 1783 qui
1597 1748 1661 1775 olim
1682 1756 1711 1774 se

921 1795 971 1822 tibi
989 1795 1189 1830 conjunxerat,
1205 1794 1252 1829 qui
1267 1798 1379 1828 propter
1392 1793 1547 1827 voluptates
1564 1791 1630 1819 olim
1646 1799 1710 1819 sen-

921 1849 981 1869 sum
1005 1841 1144 1868 amiserat.
1168 1839 1291 1867 Mortuus
1311 1845 1428 1874 corpora
1449 1845 1504 1865 non
1527 1841 1617 1868 atnat,
1635 1845 1710 1863 mor-

921 1891 985 1914 tuus
1002 1895 1056 1914 non
1072 1887 1180 1922 capitur
1192 1885 1310 1916 divitiis,
1331 1889 1458 1911 mortuus
1479 1891 1533 1910 non
1558 1883 1711 1910 calumnia-

921 1938 977 1965 tur,
994 1938 1119 1960 morluus
1135 1940 1191 1960 non
1218 1931 1361 1964 mentitur,
1380 1938 1435 1958 non
1452 1930 1525 1965 rapit
1539 1937 1571 1957 ea
1598 1937 1658 1964 quae
1677 1929 1711 1956 ad

921 1987 951 2008 se
968 1987 1025 2007 non
1041 1980 1198 2014 pertinent,
1216 1986 1272 2006 non
1286 1977 1461 2006 conviciatur
1475 1976 1528 2004 sibi
1544 1976 1654 2003 obviam
1671 1975 1711 2002 fa-

922 2026 984 2053 ctis.
1008 2025 1096 2052 Aliam
1121 2025 1184 2052 vita:
1204 2025 1345 2060 regulam,
1362 2024 1444 2050 aliam
1470 2030 1577 2050 morum
1604 2021 1710 2049 institui

922 2078 1062 2104 normam;
1077 2071 1162 2098 didici
1177 2078 1222 2099 res
1235 2070 1390 2097 mundanas
1402 2073 1588 2101 contemnere,
1601 2071 1710 2095 terrena

924 2122 1154 2152 praztercurrere,
1179 2120 1207 2144 et
1228 2115 1261 2142 ad
1287 2115 1411 2143 coelestia
1437 2113 1588 2146 festinare,
1612 2121 1711 2148 quem-

923 2162 1070 2190 admodum
1097 2162 1180 2189 etiam
1203 2161 1305 2188 Paulus
1331 2161 1420 2196 palam
1444 2168 1476 2187 ac
1498 2160 1600 2187 diserte
1621 2163 1710 2187 testa-

925 2213 969 2235 lur
984 2207 1024 2240 “,
1039 2207 1113 2242 quod
1129 2207 1248 2234 mundus
1270 2206 1342 2237 sibi,
1363 2210 1390 2233 et
1413 2206 1472 2241 ipse
1494 2205 1597 2233 mundo
1618 2205 1711 2232 cruci-

925 2253 996 2281 lixus
1008 2257 1091 2281 esset.
1107 2252 1170 2280 Haec
1186 2252 1284 2280 animae
1298 2259 1360 2280 vere
1373 2255 1540 2287 regenerata:
1552 2251 1634 2279 verba
1648 2259 1655 2284 ;
1669 2251 1712 2278 hae

925 2306 1023 2326 recens
1049 2299 1148 2326 initiati
1173 2298 1292 2326 hominis
1313 2305 1411 2330 voces,
1433 2298 1576 2333 proprium
1599 2301 1710 2333 pactum

924 2344 1054 2371 memoria
1080 2341 1221 2377 tenentis',
1248 2344 1321 2379 quod
1353 2349 1464 2379 pactum
1499 2344 1527 2371 in
1562 2344 1711 2371 traditione

925 2390 1047 2425 mysterii
1060 2397 1122 2417 cum
1137 2389 1192 2417 Deo
1207 2389 1285 2422 fecit,
1301 2397 1362 2416 cum
1378 2396 1485 2416 omnem
1501 2395 1609 2423 poenam
1620 2408 1628 2421 ,
1645 2395 1710 2415 cru-

924 2436 1027 2464 ciatum
1040 2441 1068 2463 et
1082 2436 1249 2471 voluptatem
1262 2442 1312 2470 pro
1326 2435 1401 2462 illius
1414 2434 1563 2461 dilectione
1577 2441 1607 2461 sc
1620 2433 1711 2468 neglev

923 2488 1034 2510 cturum
1044 2489 1106 2510 esse
1114 2481 1250 2517 promisit.
1261 2481 1352 2516 Atque
1363 2481 1422 2508 haec
1434 2480 1544 2515 quidem
1556 2479 1590 2506 ad
1601 2487 1710 2506 sacrum

924 2528 979 2556 diei
994 2532 1201 2563 argumentum,
1215 2534 1295 2562 quem
1315 2526 1388 2554 diem
1405 2526 1433 2553 in
1448 2526 1542 2553 orbem
1559 2525 1640 2552 statis
1654 2525 1709 2551 cir-

924 2575 1047 2602 cuitibus
1067 2581 1157 2601 annus
1180 2578 1259 2601 actus
1283 2573 1315 2599 ad
1339 2580 1388 2600 nos
1413 2573 1525 2605 retulit,
1541 2572 1614 2598 dicta
1635 2570 1710 2598 sul'Ii-

924 2621 1009 2648 ciant.
1026 2619 1102 2647 Haud
1118 2620 1235 2647 alienum
1260 2619 1389 2653 deinceps
1409 2618 1507 2650 fuerit,
1522 2622 1552 2644 ut
1571 2616 1604 2644 ad
1629 2624 1708 2648 eum,

926 2667 972 2702 qui
986 2670 1090 2692 tantum
1105 2665 1183 2692 nobis
1197 2665 1299 2691 dontun
1315 2664 1432 2699 benigne
1447 2663 1561 2698 largitus
1576 2664 1617 2688 est
1627 2681 1634 2692 ,
1647 2668 1710 2688 con-

925 2720 1005 2740 verso
1020 2719 1146 2739 sermone
1157 2732 1164 2743 ,
1181 2712 1232 2738 hoc
1248 2710 1328 2737 modo
1343 2709 1424 2736 linem
1437 2707 1544 2736 dicendi
1561 2706 1708 2737 faciamus,

926 2758 1051 2793 exiguam
1067 2763 1160 2784 vocem
1183 2763 1341 2791 magnarum
1364 2762 1456 2782 rerum
1476 2752 1710 2787 compensationis

502 2848 524 2864 “
538 2847 616 2876 Rom.
631 2848 701 2882 vt,'5.
738 2847 760 2864 "
772 2846 852 2875 Num.
867 2856 934 2880 xxv,
951 2847 967 2875 8
984 2853 1045 2882 sqq.
1082 2846 1104 2862 “
1117 2845 1253 2876 Galat.vt,
1270 2843 1312 2869 14.
