1938 3082
236 131 288 163 599

859 131 886 158 S.
903 128 1066 158 GREGORII
1083 125 1226 156 NISSENI

1817 120 1873 148 600

235 192 294 222 loco
312 193 491 228 proferentes.
507 191 548 221 Tn
563 195 638 222 enim
654 200 766 225 rerera,
784 192 915 226 Domine,
932 199 1018 226 purus

1072 189 1115 216 καὶ
1137 188 1255 223 ὴλέησας
1271 183 1477 220 φιλανθρώπως.
1500 181 1661 228 Ἐμίσησας,
1687 179 1736 208 καὶ
1746 179 1874 228 smm-

234 244 266 265 ac
283 239 413 273 perennis
428 238 490 267 fons
505 239 638 267 bonitatis
649 247 695 271 es,
709 239 756 274 qui
776 240 850 273 iuste
872 245 924 265 nos
938 245 1019 265 aver-

234 288 325 317 satus,
351 293 383 312 ac
407 285 524 321 benigne
536 285 624 313 nostri
643 285 772 313 misertus
794 292 846 317 es;
869 283 934 311 odio
957 291 1020 319 pro-

234 335 357 365 secutus,
368 335 395 358 et
405 331 597 359 reconciliatus
609 339 655 364 es;
670 335 830 358 exsecratus
843 338 884 362 es,
893 333 920 357 et
933 329 1019 357 bene-

235 375 350 409 dixisti;
366 376 556 404 exterminasti
572 384 605 404 ex
619 376 762 411 paradiso,
785 380 812 404 et
825 376 924 403 iterum
941 383 1020 403 revu-

235 421 325 455 casti;
348 422 451 450 exuisti
476 431 527 451 nos
551 422 624 450 foliis
648 422 788 453 liculneis.
816 421 947 449 indecoro
971 421 1020 447 illo

235 470 408 502 legumento.
423 472 451 495 et
468 467 673 495 circumdedisti
696 468 777 503 pallio
798 466 935 502 pretioso;
955 474 1020 501 ape-

236 513 317 540 ruisti
333 521 485 545 carcerem.
500 522 533 541 ac
548 514 675 541 dimisisti
689 512 886 541 condemnatos
902 521 909 546 ;
925 519 1020 547 asper-

236 559 296 587 sisti
319 567 389 595 aqua
415 568 482 596 pura
495 581 503 594 ,
525 564 553 588 et
574 567 590 588 a
605 560 733 588 sordibus
756 558 907 586 mundasti.
919 557 979 585 Non
996 558 1020 585 si

237 605 354 640 posthac
368 613 383 632 a
397 611 424 634 te
436 610 549 633 vocetur
561 605 648 632 Adam
657 626 664 637 ,
680 605 839 637 erubescet,
852 611 942 639 neque
955 611 1021 631 con-

237 651 352 678 scientia
367 655 549 686 coarguente,
564 651 615 678 sub
636 651 698 678 luco
715 650 837 686 paradisi
858 649 947 677 latens
966 656 1022 685 pra

237 697 343 731 pudore
356 705 387 724 se
400 696 546 724 obvelabit.
562 696 655 732 Neque
678 704 743 724 vero
758 695 900 723 ﬂammeus
914 694 1021 731 gladius

237 741 395 776 paradisum
411 741 611 774 circumdabit,
627 742 674 777 qui
690 742 766 769 aditu
781 741 943 769 accedentes
958 748 1021 776 pro«

237 786 346 817 hibeat,
367 790 394 814 et
411 787 501 814 locum
524 786 625 814 eﬂiciat
647 787 839 820 inaccessum,
859 787 906 814 sed
929 787 1022 814 omnia

236 831 317 858 nobis
331 831 485 859 haeredibtls
498 831 601 866 peccati
613 831 647 859 ad
663 832 782 859 lanitium
795 831 924 859 traducta
938 835 1019 863 sunt,

236 883 268 904 ac
284 877 428 910 paradisus
443 877 552 912 quidem
569 882 650 912 atque
664 878 753 913 ipsum
770 877 839 905 adeo
852 877 952 905 celum
972 877 1022 904 hoc

235 922 303 949 mini
324 927 417 957 patet:
433 928 560 950 creatura
577 927 669 951 autem
696 928 751 950 tam
778 923 917 951 mundana
938 931 1020 959 quam

236 968 459 1002 supramundana
469 969 535 996 olim
547 969 619 997 inter
630 977 660 997 se
672 969 812 998 dissidens
824 969 858 997 ad
871 969 1021 997 amicitiam

237 1013 320 1045 coiit,
336 1017 416 1049 atque
436 1015 610 1042 reconciliata
625 1019 684 1048 est,
699 1019 725 1042 et
744 1016 870 1044 homines
889 1023 953 1043 cum
971 1023 1023 1043 an-

236 1057 303 1092 gelis
318 1058 430 1086 illorum
450 1059 571 1087 colentes
593 1059 760 1095 theologiam
781 1061 934 1089 concordes
956 1060 1022 1088 facti

235 1109 332 1132 sumus
347 1108 428 1139 atque
442 1106 644 1134 consensimus.
661 1106 775 1141 Propter
789 1107 846 1134 haec
864 1107 948 1141 igitur
967 1115 1023 1134 om-

235 1150 297 1180 nia,
312 1149 404 1184 gaudii
420 1150 551 1186 hymnum
573 1151 628 1182 Deo
646 1160 795 1186 canamus,
810 1161 890 1188 quem
906 1161 939 1181 os
959 1153 1022 1188 Spi-

235 1195 290 1222 ritu
304 1195 448 1224 obsessum
462 1197 528 1224 olim
544 1198 703 1233 propltetice
718 1206 814 1234 magna
825 1207 892 1227 voce
906 1207 1023 1234 pronun-

235 1240 312 1268 tiavit
322 1250 328 1267 :
340 1240 461 1269 Exsultat
470 1243 560 1270 anima
569 1252 626 1271 mea
635 1245 661 1271 in
672 1244 801 1278 Domino;
811 1245 895 1272 induit
905 1246 974 1272 enim
984 1254 1023 1272 me

234 1287 317 1319 pallio
333 1288 469 1322 salutari,
482 1294 506 1317 et
521 1291 610 1317 tunica
622 1291 725 1319 [milia
737 1291 909 1319 circumdedit
924 1300 981 1324 me;
993 1298 1023 1319 ut

234 1338 330 1364 sponso
345 1333 482 1368 adoptavit
497 1336 561 1362 mihi
578 1337 687 1364 mitram
699 1358 707 1371 ,
721 1342 745 1365 st
763 1343 791 1364 ut
806 1346 930 1373 sponsam
946 1347 1023 1365 elor-

234 1379 305 1404 nauit
321 1387 362 1406 me
374 1386 528 1408 ornamento
541 1382 574 1409 ⁸⁷.
591 1383 709 1411 Ornator
722 1388 814 1412 autem
828 1392 936 1420 sponsae
950 1392 1024 1419 pror-

1070 243 1121 269 γης
1130 243 1137 249 ·
1149 231 1307 268 κατηράσω,
1321 229 1366 256 καὶ
1380 228 1534 264 ηὐλόγησας
1543 236 1549 242 ·
1566 227 1699 263 ἑξὼρισας
1713 226 1761 253 τοῦ
1775 234 1872 261 παρα-

1069 281 1168 311 δείσου,
1184 279 1231 305 καὶ
1247 277 1328 304 πάλιν
1339 274 1494 302 ἀνεκαλὲσω
1504 282 1510 290 ·
1527 273 1654 306 ὲξέδυσας
1663 273 1699 299 τὰ
1709 272 1800 307 φύλλα.
1816 271 1871 306 τῆς

1071 326 1156 360 συκῆς
1166 325 1216 360 τὴν
1232 323 1373 358 ἀσχήμονα
1387 321 1504 356 σκέπην,
1522 320 1570 346 καὶ
1584 318 1746 354 περιέὄαλες
1755 318 1872 354 ἱμάτιον

1071 371 1236 406 πολύτιμον·
1262 367 1370 404 {potius
1399 367 1430 393 τὸ
1454 366 1650 401 δεσμωτήριον,
1677 366 1725 392 καὶ
1752 364 1871 399 ἀφῆκας

1071 418 1133 450 τοὺς
1156 415 1424 452 κατακεκριμένους·
1451 412 1612 449 ὲῤῥάντισας
1635 411 1713 438 ὕδατι
1737 410 1869 445 καθαρῷ,

1071 465 1120 491 καὶ
1141 463 1195 490 τῶν
1209 462 1303 497 ῥύπων
1324 459 1474 495 ἑκάθαρας.
1491 458 1591 485 οὐκέτι
1606 456 1772 492 καλούμενος
1787 456 1870 491 παρὰ

1073 510 1121 536 σοῦ
1143 510 1158 536 ὸ
1179 507 1264 542 Ἀδὰμ
1279 504 1499 541 αἰσχυνθήσεται,
1520 503 1581 530 οὐδὲ
1600 502 1676 538 παρὰ
1698 501 1747 528 τοῦ
1774 510 1869 528 συνει-

1071 555 1146 586 δότος
1167 552 1343 588 ἐλεγχόμενος
1367 548 1562 585 ὲγκαλύψεται,
1579 549 1632 576 ὑπὸ
1649 549 1682 584 τῇ
1704 547 1795 584 λόχμῃ
1820 547 1870 574 τοῦ

1073 600 1236 636 παραδείσου
1253 596 1451 634 κρυπτόμενος.
1467 594 1536 622 Οὔτε
1553 594 1606 630 μὴν
1622 595 1639 629 ἠ
1657 594 1770 629 φλογίνη
1797 594 1869 629 ῥομ-

1073 646 1139 681 φαία
1158 644 1293 672 κυκλώσει
1308 643 1355 670 τὸν
1376 641 1549 677 παράδεισον,
1573 639 1719 675 ἀπρόσιτον
1742 639 1800 670 τοῖς
1820 640 1869 672 ἐγ-

1072 691 1177 726 γίζουσι
1201 687 1316 716 ποιοῦσα
1337 687 1385 723 τὴν
1409 685 1527 713 εἴσοδον·
1552 685 1640 712 πάντα
1662 684 1690 710 δὲ
1715 684 1782 719 ἡμῖν
1810 685 1871 715 τοῖς

1072 736 1250 773 κληρονόμοις
1273 735 1323 769 τῆς
1347 731 1484 768 ἁμαρτίας
1509 729 1713 767 μετεσκευάσθη
1729 729 1801 765 πρὸς
1826 729 1872 756 εὑι

1073 782 1226 819 φροσύνην·
1244 781 1291 808 καὶ
1306 779 1386 816 βατδς
1405 779 1455 814 μὲν
1469 776 1606 813 ἀνθρώπῳ
1626 776 1804 811 παράδεισος,
1820 776 1871 802 καὶ

1073 829 1185 865 οὐρανὸς
1199 827 1297 859 αὐτός’
1315 823 1489 860 συνηρμόσθη
1512 823 1541 850 δὲ
1563 823 1604 854 είς
1619 822 1711 857 φιλίαν
1727 822 1745 857 ἡ
1763 821 1871 853 κτίσις,

1036 862 1058 890 Β
1072 876 1089 912 ἡ
1105 862 1250 910 εγκόσμιός
1266 882 1294 900 τε
1307 873 1354 900 καὶ
1370 870 1564 906 ὑπερκόσμιος,
1584 869 1667 896 πάλαι
1684 868 1752 903 πρὸς
1766 867 1872 901 ἑαυτὴν

1072 921 1267 953 στασιάζουσα”
1293 920 1340 946 καὶ
1358 917 1487 953 ἀγγέλοις
1510 916 1536 943 οἱ
1559 915 1698 951 ἄνθρωποι
1716 913 1871 948 ἐγενόμεθα

1071 967 1223 1004 σύμφωνοι,
1247 966 1298 1001 τὴν
1323 965 1435 992 ἐκείνων
1458 962 1633 994 εὐσεϐοῦντες
1649 960 1801 994 θεολογίαν.
1819 958 1872 986 Διᾶ

1071 1014 1104 1050 δὴ
1124 1013 1211 1040 ταῦτα
1228 1012 1326 1044 πάντα,
1351 1010 1397 1037 τὸν
1423 1010 1472 1045 τῆς
1489 1009 1576 1045 χαρᾶς
1600 1007 1683 1042 ὕμνον
1697 1006 1810 1042 ᾅσωμεν
1830 1004 1875 1040 τῷ

1071 1059 1141 1095 Θεῷ,
1157 1059 1187 1086 ὃν
1201 1058 1288 1093 στόμα
1304 1056 1344 1093 τῷ
1360 1055 1499 1090 Πνεύματι
1522 1054 1636 1088 κάτοχον
1658 1051 1741 1078 πάλαι
1757 1058 1870 1095 προφηξ

1074 1094 1157 1138 τικῶς
1175 1105 1334 1140 ἐξεϐόησεν·
1356 1100 1562 1138 Ἀγηλλιάσθω
1583 1099 1602 1132 ’ἡ
1625 1097 1711 1132 ψυχή
1733 1105 1794 1131 μου
1819 1094 1871 1122 ἐπὶ

1075 1152 1115 1185 τῷ
1133 1151 1241 1185 Κυρίῳ,
1254 1149 1382 1177 ἐνέδυσε
1396 1148 1452 1184 γάρ
1461 1155 1499 1182 με
1511 1145 1627 1182 ιμάτιον
1642 1143 1804 1177 σωτηρίου,
1817 1143 1868 1168 καὶ

1075 1197 1186 1233 χιτῶνα
1199 1196 1393 1232 εὐφροσύνης
1411 1192 1566 1229 περιέϐαλέ
1586 1200 1636 1226 μοι
1650 1199 1657 1207 ’
1681 1190 1722 1222 ὡς
1748 1188 1872 1223 νυμφίῳ

1076 1242 1234 1279 περιέθηκέ
1255 1251 1306 1277 μοι
1321 1242 1440 1277 μίτραν,
1464 1239 1514 1266 καὶ
1538 1239 1578 1271 ὡς
1596 1237 1719 1271 νύμφην
1744 1234 1869 1261 κατεκό-

1075 1289 1222 1325 σμησέμε
1231 1289 1344 1323 κόσμῳ,
1358 1287 1513 1322 Κοσμήτωρ
1527 1284 1554 1312 δὲ
1570 1284 1676 1314 πάντως
1693 1282 1743 1316 τῆς
1758 1280 1871 1315 νύμφης

1075 1338 1090 1364 ὁ
1106 1335 1232 1373 Χριστὸς,
1246 1335 1260 1362 ό
1273 1335 1320 1367 ὢν,
1337 1333 1385 1361 καὶ
1401 1332 1502 1369 προὼν.
1514 1331 1561 1358 καὶ
1570 1329 1708 1365 ἐσόμενος,
1724 1325 1871 1361 εὐλογητὸς

1077 1383 1124 1410 νῦν
1139 1383 1187 1410 καὶ
1201 1383 1241 1414 εἰς
1257 1382 1319 1413 τοὺς
1336 1381 1447 1412 αἰῶνας.
1465 1378 1562 1414 Ἀμήν.

234 1429 282 1450 sus
296 1427 337 1450 est
349 1423 477 1453 Christus
487 1444 497 1458 ,
516 1426 562 1461 qui
580 1432 637 1460 est,
655 1422 761 1457 et'ante
773 1434 851 1462 erat,
866 1434 893 1458 et
909 1430 1018 1457 iuturus
1031 1433 1083 1462 est,
1098 1428 1258 1457 benedictus
1275 1434 1348 1455 nunc
1363 1430 1391 1454 et
1408 1426 1435 1453 in
1449 1423 1561 1452 saecula.
1574 1422 1670 1449 Amen.

268 1502 290 1517 "
308 1501 362 1529 Isa.
378 1510 437 1536 ut,
457 1503 501 1532 it).

233 1593 1852 1617 πωπω

872 1687 986 1731 ΤΟΥ

1033 1687 1221 1731 ΑΥΤΟΥ

592 1779 712 1840 ΕΙΣ
765 1783 868 1842 ΤΟ
924 1785 1033 1841 ΑΓῘ

1072 1784 1163 1842 Ῐ)Ν
1221 1783 1487 1840 ΠΑΣΧΑ

272 1887 333 1916 ΚΑΙ
351 1887 431 1916 ΠΕΡΙ
443 1888 517 1917 ’ΤΗΣ
535 1888 736 1918 ΤΡΠΙΜΕΡΟΥ
755 1891 973 1918 ΠΡΟΘΕΣΜΙΛΣ
990 1891 1059 1918 ΤΗΣ
1077 1893 1145 1919 ΊῸΥ
1165 1891 1313 1919 ΧΡΙΣΤΟΥ
1332 1889 1555 1919 ΛΝΑΣΤΑΣΕΩΣ
1574 1890 1673 1918 ΛΟΓΟΙ
1695 1890 1826 1918 ΠΕΝΤΕ.

906 2055 1176 2102 EJUSDEM

665 2166 739 2223 IN
770 2163 1110 2223 SANCTUM
1155 2161 1427 2221 PASCHA

398 2275 444 2305 ΕΤ
462 2277 507 2306 DE
523 2275 699 2306 TRIDUANO
719 2276 829 2305 FESTO
845 2277 1146 2306 RESUIiIiECTlONIS
1162 2276 1301 2306 CHRISTI
1318 2275 1513 2305 ORATIUNES
1531 2275 1696 2310 QUINQUE.

307 2354 428 2388 [Quarum
444 2355 582 2387 interpretes
596 2357 672 2389 fuere,
687 2355 774 2387 prima:
789 2357 874 2382 Petrus
887 2354 1033 2412 Ἑλ

1072 2355 1172 2412 ῗῶιὲιῇῗὲ
1183 2355 1260 2419 lJertia'
1270 2359 1292 2381 et
1304 2358 1398 2388 quarta:
1413 2355 1556 2382 Laurentius
1566 2355 1683 2388 Sirenas,
1699 2355 1793 2388 quinm

493 2504 620 2532 ORATIO
640 2501 758 2532 PRIMA.

1383 2507 1496 2534 ΛΟΓΟΣ
1511 2507 1551 2533 A’.

271 2550 300 2579 Si
319 2559 374 2587 qua
387 2552 604 2586 patriarcharum
632 2552 786 2579 benedictio
805 2552 897 2581 divino
917 2553 1018 2590 Spiritu

1107 2555 1140 2582 Εί
1153 2561 1196 2587 τις
1211 2555 1388 2590 πατριαρχῶν
1411 2554 1520 2588 εὐλογία
1534 2552 1599 2589 θείῳ
1614 2552 1756 2588 Πνεύματι
1770 2551 1800 2578 τὸ
1817 2552 1854 2587 βέ-

234 2597 397 2626 conﬁrmata
412 2602 464 2630 est,
480 2598 503 2625 si
518 2597 590 2633 quod
606 2598 633 2625 in
647 2598 706 2633 lege
719 2598 860 2633 praemium
887 2599 970 2627 vitam
987 2609 1019 2628 ex

233 2645 337 2671 virtute
352 2643 562 2672 instituentibus
576 2645 756 2679 promissum,
774 2645 798 2673 si
814 2645 879 2681 quid
895 2646 1021 2674 veritatis

215 2691 359 2717 Weterum
386 2690 564 2718 historiarum
590 2691 733 2725 aenigmata
758 2691 967 2726 portenderunt,
997 2692 1021 2720 si

235 2735 301 2770 quid
315 2737 380 2764 boni
406 2735 478 2772 quod
495 2744 578 2773 supra
604 2741 731 2764 naturam
755 2738 802 2770 sit,
826 2739 1020 2773 prophetarum

236 2781 348 2809 oracula
365 2783 593 2816 praenuntiatum,
610 2790 641 2810 ea
652 2783 743 2810 omnia
757 2783 891 2810 hodierno
909 2791 1021 2811 munere

237 2827 425 2855 continentur.
443 2827 504 2860 Quo
523 2828 603 2856 nobis
615 2836 669 2856 non
681 2829 759 2857 aliter
776 2836 857 2863 quam
871 2830 895 2856 si
909 2832 1019 2865 specta-

1070 2601 1145 2628 6atov
1170 2601 1285 2636 ἔχουσα,
1313 2601 1340 2627 εἴ
1364 2609 1390 2626 τι
1414 2600 1464 2635 τῆς
1488 2600 1676 2634 πνευματικῆς
1700 2597 1854 2633 νομοθεσίας

1069 2647 1171 2681 ἀγαθὸν
1185 2647 1218 2673 δι’
1232 2645 1396 2680 ἐπαγγελίας
1411 2647 1466 2677 τοῖς
1480 2643 1655 2679 κατορθοῦσιν
1671 2643 1819 2676 ἑλπίζεται,
1832 2643 1854 2669 εί

1069 2700 1111 2724 τις
1134 2693 1176 2719 διὰ
1199 2692 1254 2719 τῶν
1284 2691 1426 2726 ἱστορικῶν
1458 2689 1625 2724 αίνιγμάτων
1651 2689 1703 2724 τῆς
1731 2689 1853 2725 ἀληθείας

1070 2736 1289 2771 προδιατύπωσις
1314 2734 1383 2762 εἶναι
1401 2735 1566 2766 πιστεύεται,
1590 2734 1618 2761 εί
1638 2743 1681 2766 τις
1702 2734 1852 2770 προφητικὴ

1073 2783 1148 2818 φωνὴ
1170 2782 1204 2809 τὰ
1228 2782 1297 2817 ὑπὲρ
1313 2782 1392 2816 φύσιν
1416 2781 1630 2816 εὐαγγελίζεται,
1651 2781 1742 2807 πάντα
1768 2781 1852 2807 ἐκεῖνα

1073 2830 1121 2864 τῆς
1146 2829 1285 2865 παρούσης
1312 2829 1422 2865 χάριτός
1444 2829 1508 2857 είσι.
1534 2828 1590 2856 Καὶ
1614 2827 1710 2863 ὥσπερ
1735 2826 1805 2854 κατὰ
1825 2825 1850 2852 τὸ
