1938 3082
139 99 188 127 601

615 101 648 129 ΙΝ
667 102 803 130 CHRISTI
823 102 1139 133 ιὶΕδυιιιιΕυτιοΝΕΜ
1158 105 1263 134 οιιΑΤ.
1281 106 1302 134 Ι.

1709 106 1764 136 682

138 157 322 192 προκείμενον
344 160 398 190 τοῖς
422 159 569 195 ὀφθαλμοῖς
594 161 672 195 ἡμῶν
694 161 792 196 θέαμα,
816 162 845 187 ἓν
868 161 925 196 φῶς

977 166 1040 192 culo
1053 165 1132 193 nobis
1147 165 1239 200 aliquo
1258 165 1398 200 proposito
1424 165 1515 192 lumen
1532 173 1616 192 unum
1631 173 1664 193 ex
1681 167 1762 194 innu-

137 205 353 241 περιαστράπτει
380 206 410 232 τὸ
431 206 480 238 τὰς
505 207 582 241 ὄψεις
607 209 638 234 ἐκ
662 207 765 243 μυρίων
781 208 927 242 λαμπάδων

137 249 345 286 ὲρανιξόμενον·
371 251 442 278 οὕτω
460 252 534 278 πᾶσα
558 253 575 287 ἡ
603 252 650 279 τοῦ
667 253 785 289 Χριστοῦ
808 253 927 289 εὐλογία,

136 296 244 331 πυρσοῦ
260 297 338 332 δίκην
358 297 420 324 καθ’
440 297 538 332 ἑαυτὴν
553 297 707 332 λάμπουσα,
723 299 801 325 τοῦτο
817 300 883 334 ἡμῖν
897 300 928 326 τὸ

138 343 213 377 μᾶγα
226 342 284 376 φῶς
299 343 495 378 ἀπεργάζεται,
509 344 540 370 τὸ
559 345 590 370 ὲκ
611 344 716 371 πολλῶν
729 353 759 371 τε
773 345 821 372 καὶ
837 345 927 372 ποικί-

135 388 193 415 λων
206 389 255 423 τῆς
277 389 387 425 Γραφῆς
403 390 521 417 ἀκτίνων
538 390 799 426 συγκεραννύμενον.
820 391 927 423 Ἔξεστι

135 433 194 469 γὰρ
204 434 295 461 λαὸεῖν
307 435 353 470 ἀφ’
369 436 483 463 ἑκάστου
497 436 552 462 τῶν
564 436 748 463 Θεοπνεὺστων
765 437 928 472 ἀποδειγμά-

135 487 193 505 των
209 479 240 506 τὸ
255 480 304 515 τῆς
318 481 457 516 παρούσης
473 481 630 517 ἱερομηνίας
643 481 818 517 κατάλληλον.
832 483 928 518 Ζητεῖς

134 524 189 559 τὴν
203 525 249 551 τοῦ
266 526 388 562 Ἀϐραὰμ
400 527 542 561 εὐλογίαν;
559 527 651 563 Ἔχεις
662 528 693 554 τὸ
703 527 876 563 ζητούμενον,
888 530 928 561 εἰς

135 569 174 595 τὰ
199 571 320 606 παρόντα
342 571 457 607 βλέπων.
480 572 561 608 Ὁρᾷς
576 572 610 599 τὰ
631 572 717 607 ἄστρα
731 572 777 599 τοῦ
795 573 927 608 οὐρανοῦ,

134 616 226 642 ταῦτα
242 616 312 651 λέγω
326 617 359 644 τά
375 618 471 653 ἄστρα,
493 618 528 644 τὰ
548 619 580 644 ὲκ
594 618 640 645 τοῦ
661 619 766 654 Πατρὸς
781 619 797 654 ὴ
802 619 860 654 μῶν
876 619 927 654 ἀρ-

134 661 205 693 τίως
221 662 406 695 ἀνατείλαντα,
425 663 473 690 καὶ
487 664 600 700 οὐρανὸν
614 664 719 698 ἀθρόως
739 664 787 699 τὴν
813 665 927 701 Ἐκκλη-

137 707 202 733 σίαν
214 709 371 743 ποιήσαντα,
389 707 426 737 ὧν
439 711 455 746 ἡ
469 711 518 746 τῆς
531 711 620 745 ψυχῆς
634 710 826 745 ἀστράπτουσα
839 711 927 746 χάρις,

136 755 200 786 ταῖς
220 754 273 781 τῶν
295 756 405 791 πυρσῶν
420 756 511 782 ἀκτῖσι
532 756 758 791 διασημαίνεται;
778 757 824 784 καὶ
841 756 929 784 ταῦτά

136 807 182 831 τις
199 799 282 827 εἰπὼν
300 801 383 834 ὅντως
395 801 442 828 τοῦ
466 801 590 837 Ἀδραάμ
606 799 677 828 εἶναι
690 801 771 829 τέκνα
794 802 823 834 ἐξ
839 803 927 837 ἐπαγ-

136 845 232 879 γελίας
249 846 322 882 αὐτῷ
336 847 515 883 γεγενημένα,
532 847 567 874 τὰ
586 849 642 879 τοῖς
656 847 766 883 ἄστροις
785 848 832 874 τοῦ
845 848 927 884 οὐρα-

138 891 187 917 νοῦ
201 891 374 927 ὁμοιούμενα,
388 893 437 927 τῆς
453 892 580 928 ἀληθείας
593 892 641 928 οὐχ
657 893 854 928 ἁμαρτήσεται.
873 894 927 920 Καὶ

137 935 291 971 Θαυμάζεις
309 937 354 963 τὸν
373 937 471 973 ὑψηλὸν
488 938 616 969 Μωΰσέα,
642 938 689 964 τὸν
703 939 792 964 πᾶσαν
807 938 857 973 τὴν
879 938 926 965 τοῦ

137 980 208 1008 Θεοῦ
233 982 320 1008 κτίσιν
343 982 502 1010 διαλαϐόντα
523 985 555 1019 τῇ
577 983 689 1018 δυνάμει
713 984 762 1018 τῆς
783 983 926 1018 γνώσεως;

146 1025 212 1053 Ἰδού
228 1036 268 1054 σοι
290 1027 339 1062 τῆς
361 1028 472 1064 πρώτης
487 1029 681 1064 κοσμογενείας
701 1029 731 1055 τὸ
747 1028 927 1064 εὐλογημένον

138 1073 289 1101 Σάἥὸατον.
327 1074 462 1111 Γνὼρισον
494 1075 526 1101 δι’
565 1075 669 1102 ἐκείνου
704 1075 751 1102 τοῦ
786 1075 926 1102 Σαϐϐάτου

138 1119 219 1146 τοῦτο
237 1120 267 1147 τὸ
289 1120 436 1152 Σάϐϐατον,
452 1121 500 1157 τὴν
515 1122 564 1156 τῆς
589 1121 788 1153 καταπαύσεως
808 1121 925 1157 ἡμέραν,

138 1167 174 1202 ἠν
198 1167 342 1202 εὐλόγησεν
363 1168 377 1194 ὁ
398 1167 464 1199 Θεὸς
489 1168 558 1203 ὑπὲρ
581 1168 631 1199 τὰς
651 1168 732 1199 ἀλλας
747 1167 862 1203 ἡμέρας.
882 1167 927 1194 Ἐν

138 1212 226 1248 ταύτῃ
248 1213 301 1248 γὰρ
323 1213 492 1240 κατέπαυσεν
520 1213 626 1248 ἀληθῶς
653 1213 706 1240 ἀπὸ
736 1213 844 1240 πάντων
873 1213 926 1241 τῶν

139 1257 228 1292 ἔργων
249 1257 329 1284 αὐτοῦ
352 1259 366 1284 ό
382 1259 536 1294 Μονογενὴς
551 1258 634 1291 Θεὸς,
658 1258 703 1285 διὰ
722 1259 772 1294 τῆς
790 1259 861 1285 κατά
881 1259 926 1285 τὸν

140 1302 254 1330 θάνατον
279 1304 433 1339 οἰκονομίας
446 1305 478 1340 τῇ
493 1303 575 1339 σαρκὶ
589 1304 770 1336 σαὸὃατίσας·
789 1304 836 1332 καὶ
853 1305 892 1337 είς
912 1305 926 1331 ὃ

138 1346 174 1383 ἧν
198 1348 278 1376 πάλιν
301 1349 526 1384 ἐπανελθὼνηδιὰ
540 1351 590 1386 τῆς
613 1350 787 1383 ἀναστάσεως
808 1350 881 1378 ἀπαν
895 1351 926 1377 τὸ

141 1393 266 1429 κείμενον
291 1393 380 1429 ἑαυτῷ
403 1394 593 1430 συνανέστησε,
610 1394 676 1430 ζωὴ,
701 1395 748 1421 καὶ
769 1395 926 1429 ἀνάστασις,

140 1439 188 1466 καὶ
208 1439 334 1474 ἀνατολὴ,
360 1439 406 1465 καλ¹
425 1439 516 1475 ἡμέρα
542 1441 598 1472 τοῖς
614 1441 643 1466 ὲν
667 1441 758 1466 σκότει
787 1441 834 1467 καὶ
863 1441 927 1476 σκιᾷ.

980 210 1159 238 merabilibus
1173 211 1278 238 facibus
1298 210 1444 238 conﬂatum
1459 212 1662 246 praestringeret
1676 213 1762 240 aciem

978 257 1131 290 oculorum,
1153 257 1243 284 omnis
1261 256 1363 284 Christi
1390 256 1546 284 benedictio
1569 261 1700 292 tanquam
1716 259 1763 287 lux

978 310 1027 338 per
1040 311 1070 330 se
1087 303 1203 338 fulgens.
1220 310 1347 338 magnum
1364 302 1436 329 hunc
1452 303 1550 330 animis
1562 304 1663 331 nostris
1673 304 1763 339 splen-

978 349 1073 376 dorem
1089 357 1120 376 ex
1138 349 1232 376 multis
1248 353 1275 376 et
1291 348 1373 375 variis
1394 348 1544 383 Scriptura;
1566 349 1649 376 radiis
1667 356 1763 383 prove-

977 395 1096 422 nientem
1112 395 1222 422 emittit.
1235 395 1312 422 Licet
1323 394 1397 422 enim
1411 402 1443 422 ex
1457 395 1572 429 singulis
1588 395 1647 430 ejus
1662 395 1763 423 divinis

977 442 1109 477 exemplis
1124 446 1246 468 mutuum
1261 441 1376 476 hujusce
1393 441 1560 468 celebritatis
1575 442 1761 469 testimonium

978 488 1114 522 colligere.
1132 486 1236 520 Quzeris
1253 486 1369 514 Abrahae
1384 486 1622 514 benedictionem?
1639 487 1762 514 Praesen-

978 534 1014 559 tia
1035 533 1228 567 contemplare,
1245 537 1271 560 et
1284 533 1397 560 habebis
1417 532 1444 560 id
1461 532 1534 567 quod
1550 532 1678 566 requiris.
1692 532 1761 559 (ἕωιί

978 579 1071 605 stellas
1086 585 1139 605 non
1156 578 1267 606 vides‘?
1279 578 1343 609 Has,
1371 579 1493 613 inquam,
1510 578 1616 609 stellas,
1630 586 1690 611 quae
1707 586 1759 604 nu-

979 632 1027 659 per
1046 632 1078 651 ex
1095 624 1192 659 spiritu
1216 624 1294 651 nobis
1314 629 1424 656 exortae,
1437 624 1527 651 statim
1544 625 1642 651 emtum
1668 623 1762 650 Eccle-

979 671 1047 697 siatn
1065 670 1242 698 reddiderunt
1259 680 1265 697 :
1284 671 1424 697 stellarum
1441 670 1512 697 enim
1532 670 1616 696 radiis
1631 670 1761 704 praeclara

978 716 1098 742 virorum
1115 716 1215 743 virtute
1229 715 1382 750 pietateque
1408 715 1595 750 praestantium
1624 715 1709 749 gratia
1725 714 1762 741 si-

978 760 1122 795 gniﬁcatur
1143 770 1150 788 :
1170 768 1239 795 quos
1254 760 1277 787 si
1298 761 1360 794 quis
1376 760 1492 787 Abrahae
1510 760 1582 787 filios
1597 767 1630 787 ex
1647 759 1763 794 promis-

979 808 1055 834 sione
1079 811 1157 834 natos
1175 807 1237 833 εαξιί
1253 806 1389 834 sideribus
1405 806 1508 833 similes
1530 805 1640 837 dixerit,
1656 812 1671 831 a
1687 805 1761 832 veri—

978 855 1032 878 tate
1050 859 1103 878 Ion
1120 851 1267 878 aberrabit.
1284 851 1384 878 Mosem
1407 845 1482 878 illum
1498 851 1627 878 eximium
1642 851 1761 878 admira-

977 896 1026 927 ris,
1054 896 1099 931 qui
1137 897 1257 923 scientia:
1290 895 1508 931 cognitionisque
1531 895 1686 930 prastantia
1717 904 1760 923 res

977 949 1072 969 omnes
1092 949 1108 968 a
1131 940 1185 969 Deo
1203 947 1360 976 procreatas
1375 941 1600 975 comprehendit?
1616 940 1685 967 Ecce
1709 940 1760 967 tibi

977 988 1071 1023 prima:
1088 988 1182 1014 mundi
1209 988 1406 1022 procreationis
1430 987 1590 1018 Sabbatum,
1609 987 1652 1013 cui
1675 987 1759 1014 bene-

976 1034 1045 1061 dixit
1070 1033 1151 1062 Deus.
1179 1033 1218 1061 Ex
1237 1035 1284 1061 illo
1300 1034 1420 1061 Sabbato
1440 1041 1558 1068 praesens
1579 1034 1632 1060 hoc
1656 1032 1761 1059 Sabba-

977 1085 1033 1108 tum
1052 1089 1178 1116 agnosce,
1193 1081 1292 1116 quietis
1315 1081 1388 1108 hunc
1411 1080 1494 1112 diem,
1522 1081 1564 1107 cui
1595 1086 1676 1114 supra
1701 1078 1761 1106 dies

978 1128 1048 1156 alios
1063 1127 1194 1155 Dominus
1221 1126 1368 1154 benedixit.
1384 1126 1413 1153 In
1432 1126 1484 1154 hoc
1495 1126 1568 1153 enim
1583 1133 1645 1152 vere
1658 1124 1692 1152 ab
1703 1132 1762 1151 om-

976 1174 1057 1201 nibus
1079 1173 1208 1208 operibus
1232 1172 1290 1200 suis
1314 1171 1384 1199 Deus
1408 1171 1570 1206 Unigenitus
1594 1170 1760 1205 conquievit,

976 1220 1022 1254 qui
1038 1219 1131 1246 divino
1155 1219 1253 1246 salutis
1269 1218 1396 1246 humanae
1413 1217 1541 1245 curandae
1558 1216 1683 1247 consilio,
1698 1223 1761 1243 cum

976 1272 1024 1299 per
1038 1268 1154 1292 mortem
1183 1264 1260 1291 carni
1286 1264 1404 1299 quietem
1428 1263 1598 1298 praebuisset,
1612 1266 1640 1290 et
1666 1262 1695 1289 in
1721 1261 1760 1292 id.

976 1311 1050 1346 quod
1071 1314 1141 1342 erat,
1168 1318 1216 1345 per
1244 1309 1472 1338 resurrectionem
1501 1310 1669 1341 revertisset,
1683 1307 1763 1343 quid-

976 1357 1041 1392 quid
1053 1357 1163 1391 jacebat
1180 1364 1273 1384 secum
1294 1357 1478 1388 exsuscitans,
1503 1357 1568 1387 vita,
1590 1359 1618 1383 et
1635 1363 1762 1383 resurre-

977 1404 1042 1435 ctio,
1056 1408 1083 1430 et
1103 1410 1214 1434 aurora,
1242 1407 1270 1430 et
1296 1410 1385 1432 mane.
1417 1405 1444 1430 et
1477 1401 1536 1429 dies
1561 1402 1588 1428 in
1603 1401 1723 1429 tenebris
1734 1405 1762 1428 et

977 1450 1075 1476 umbra
1090 1449 1185 1476 mortis
1203 1448 1366 1483 degentibus
1382 1447 1471 1476 factus
1483 1447 1554 1475 est”.
1574 1445 1663 1474 Simili
1677 1446 1763 1474 liene-

140 1483 256 1510 θανάτου
288 1483 451 1519 καθημένοις
468 1485 620 1520 γενόμενος.
639 1485 746 1520 Πλήρης
764 1494 803 1512 τοι
819 1486 835 1521 ἡ
856 1486 926 1512 ἱστο-

978 1495 1096 1522 dictione
1111 1493 1224 1522 historia
1239 1495 1303 1521 item
1320 1493 1417 1521 referta
1431 1497 1474 1521 est
1482 1493 1502 1520 ⁸.
1515 1493 1596 1520 Pater
1607 1491 1685 1520 Isaac
1695 1492 1763 1519 dile-

141 1531 188 1566 ρία
211 1530 262 1565 τῆς
284 1530 430 1564 συγγενοῦς
452 1531 576 1564 εὐλογίας
591 1539 598 1546 ·
621 1532 635 1557 ὁ
660 1531 751 1566 πατὴρ
768 1531 813 1558 τοῦ
835 1530 928 1558 Ἰσαὰκ

140 1575 245 1602 ἐκείνου
259 1575 306 1602 τοῦ
328 1575 468 1610 ἀγαπητοῦ
488 1576 525 1612 μὴ
540 1576 703 1611 φειδόμενος,
721 1577 767 1603 καὶ
785 1577 800 1603 ὁ
819 1584 928 1612 μονογε-

138 1622 189 1658 νὴς
205 1622 345 1658 προσφορὰ
360 1622 405 1648 καὶ
422 1622 500 1648 θυσία
520 1624 674 1657 γενόμενος,
701 1622 748 1648 καὶ
764 1622 849 1658 ἀμνὸς
867 1622 928 1650 ἀντὶ

138 1668 235 1695 τούτου
253 1668 477 1703 σφαγιαζόμενος.
500 1669 608 1701 Ἔξεστι
627 1668 681 1702 γὰρ
698 1668 841 1704 ίδεῖνὲντῇ
855 1669 927 1694 ἱστο-

141 1714 188 1749 ρίᾳ
203 1714 257 1741 πᾶν
275 1713 306 1740 τὸ
321 1713 371 1749 τῆς
392 1713 531 1745 εὐσεϐείας
548 1714 705 1749 μυστήριον.
726 1714 754 1739 '0
776 1713 862 1749 ἀμνὸς
879 1714 926 1740 τοῦ

141 1759 220 1792 ξύλου
239 1760 396 1795 ἐξήρτηται,
412 1761 443 1786 ὲκ
455 1760 509 1786 τῶν
523 1759 645 1794 κεράτων
656 1759 836 1794 κατεχόμενος
847 1767 854 1774 ·
869 1761 884 1786 ὁ
899 1760 927 1786 δὲ

142 1806 288 1841 μονογενὴς
300 1805 426 1840 βαστάζει
443 1806 485 1839 ἐφ’
499 1805 595 1831 ἑαυτοῦ
606 1805 639 1832 τὰ
653 1805 701 1839 τῆς
715 1805 927 1840 ὀλοκαρπώσεως

140 1852 218 1885 ξύλα.
245 1852 342 1887 Ὁρᾷς,
358 1852 371 1878 ό
386 1851 473 1878 πάντα
495 1851 584 1887 φέρων
600 1851 640 1886 τῷ
656 1851 758 1887 ῥήματι
781 1853 830 1887 τῆς
847 1851 925 1879 δυνά-

142 1907 226 1933 μεως,
252 1898 266 1923 ὁ
290 1897 369 1928 αὐτὸς
384 1897 430 1924 καὶ
455 1897 484 1923 τὸ
499 1897 606 1932 φορτίον
626 1897 703 1933 φέρει
716 1897 771 1924 τῶν
787 1897 927 1933 ἡμετέρων

142 1944 238 1976 ξύλων,
258 1944 305 1970 καὶ
319 1943 370 1970 ὑπὸ
386 1943 432 1970 τοῦ
447 1943 525 1976 ξύλου
537 1943 765 1979 ἀναλαμϐάνεται,
784 1944 927 1979 βαστάζων

141 1990 180 2021 ὡς
197 1989 260 2020 Θεὸς
274 2008 280 2020 ,
297 1990 343 2016 καὶ
363 1989 447 2024 ἀμνὸς
461 1988 675 2024 βασταζόμενοςτ
691 1988 762 2016 οὕτω
776 1988 823 2015 τοῦ
849 1989 926 2023 ἁγίου

141 2035 299 2070 Πνεύματος
314 2034 344 2061 τὸ
367 2034 438 2070 μέγα
455 2035 604 2069 μυστήριον
626 2034 747 2066 τυπικῶς
764 2035 927 2070 ἀμφοτέροις

141 2080 360 2115 ὲπιμερίσαντος,
375 2080 414 2114 τῷ
431 2088 460 2106 τε
477 2079 646 2115 ἠγαπημένῳ
660 2080 727 2115 Υίῷ,
743 2080 789 2106 καὶ
804 2080 842 2115 τῷ
859 2088 927 2115 συμ-

142 2126 348 2161 παραδειχθέντι
364 2125 491 2161 προϐάτῳ
504 2133 513 2142 ⁸
523 2125 593 2153 ὥστε
616 2126 753 2162 δειχθῆναι
775 2127 804 2152 ὲν
824 2126 873 2161 μὲν
888 2125 926 2161 τῷ

977 1545 1023 1567 eto
1044 1541 1099 1568 filio
1115 1548 1169 1567 non
1189 1547 1306 1575 parcens
1322 1547 1383 1571 suo,
1398 1543 1425 1566 et
1441 1539 1596 1573 unigenitus
1612 1538 1723 1569 oblatio.
1735 1541 1763 1565 et

976 1586 1085 1613 victima
1103 1585 1200 1617 factus,
1216 1590 1244 1613 et
1255 1593 1342 1620 agnus
1360 1585 1421 1612 loco
1442 1585 1516 1612 illius
1534 1584 1581 1618 qui
1601 1583 1762 1610 immolaba-

977 1634 1031 1657 tur.
1048 1629 1123 1657 Licet
1137 1630 1209 1657 enim
1225 1633 1310 1656 totum
1329 1629 1356 1656 in
1377 1629 1428 1656 hac
1448 1628 1561 1656 historia
1576 1627 1685 1662 pietatis
1701 1635 1762 1662 my-

977 1675 1091 1702 sterium
1115 1674 1226 1703 intueri.
1249 1676 1344 1709 Agnus
1368 1681 1383 1701 e
1405 1673 1480 1708 ligno
1503 1672 1634 1700 cornibus
1650 1672 1763 1699 haerens

978 1721 1119 1756 pendebat.
1140 1720 1302 1755 Unigenitus
1313 1724 1404 1748 autem
1418 1719 1571 1746 holocausti
1584 1719 1657 1753 ligna
1672 1721 1762 1753 gesta-

976 1769 1032 1794 bat.
1044 1766 1142 1795 Cernis
1155 1773 1209 1801 quo
1223 1765 1305 1794 modo
1321 1766 1369 1801 qui
1390 1769 1490 1793 cuncta
1507 1764 1560 1792 fert
1576 1764 1660 1791 verbo
1675 1763 1764 1790 virtu-

977 1813 1013 1839 tis
1025 1819 1090 1844 δοκε,
1105 1812 1129 1840 is
1145 1816 1173 1839 et
1186 1811 1322 1846 lignorum
1334 1814 1491 1838 nostrorum
1506 1808 1558 1837 fert
1573 1816 1655 1838 onus.
1670 1811 1697 1835 et
1714 1815 1764 1834 su-

978 1865 1027 1892 per
1040 1857 1143 1892 lignum
1161 1856 1312 1888 extollitur,
1326 1855 1416 1883 ferens
1428 1854 1537 1890 quidem
1553 1857 1583 1881 ut
1598 1852 1680 1886 Deus,
1697 1852 1763 1880 sub-

977 1904 1049 1930 latus
1073 1907 1163 1930 autem
1190 1906 1322 1937 tanquam
1350 1901 1454 1936 agnus?
1470 1903 1472 1906 '
1486 1899 1532 1928 Sic
1549 1899 1621 1927 enim
1643 1898 1767 1934 Spiritus

977 1954 1087 1976 sanctus
1110 1953 1225 1983 utraque
1240 1955 1271 1975 re
1293 1948 1384 1982 magni
1400 1946 1526 1982 mysterii
1542 1945 1663 1980 ﬁguram
1678 1944 1763 1979 parti-

977 1998 1022 2021 tus
1034 1999 1085 2026 est,
1100 1998 1157 2020 tum
1174 1993 1274 2021 dilecto
1289 1992 1357 2023 filio,
1374 1996 1431 2019 tum
1451 1991 1533 2018 simul
1547 1995 1658 2018 ostenso
1672 1996 1760 2024 agno;

977 2043 1006 2065 ut
1022 2047 1069 2074 per
1082 2046 1181 2073 agnum
1196 2037 1294 2065 mortis
1308 2040 1508 2064 sacramentum
1522 2034 1698 2070 significaret,
1713 2041 1766 2068 per

976 2085 1145 2120 unigenitum
1158 2087 1247 2110 autem
1262 2084 1347 2109 vitam
1363 2085 1449 2108 morte
1464 2088 1517 2108 non
1534 2084 1654 2114 ereptam
1668 2083 1760 2106 esten-

976 2130 1062 2158 deret.
1092 2130 1121 2157 Si
1140 2129 1183 2157 vis
1208 2133 1235 2156 et
1262 2128 1363 2156 Mosem
1382 2127 1472 2162 ipsum
1501 2125 1688 2158 considerare,
1703 2131 1762 2151 ma-

140 2173 269 2208 προϐάτῳ
287 2172 317 2199 τὸ
337 2172 384 2198 τοῦ
405 2172 519 2199 θανάτου
543 2172 702 2208 μυστήριον,
724 2173 752 2198 ὲν
774 2172 802 2198 δὲ
822 2171 860 2207 τῷ
878 2181 926 2207 μο-

978 2183 1062 2203 nuum
1094 2175 1255 2202 extensione
1285 2181 1395 2201 crucem
1427 2172 1647 2203 describentem,
1675 2178 1762 2205 eaque

143 2219 244 2252 1ρινγενεῖ
257 2218 306 2253 τὴν
320 2217 402 2253 ζωὴν,
416 2218 464 2252 τὴν
481 2217 517 2253 μὴ
526 2217 740 2253 διακοπτομένην
751 2217 790 2253 τῷ
805 2217 922 2253 θανάτῳ.

140 2266 172 2292 Εἰ
191 2265 218 2291 δὲ
230 2264 318 2300 βούλει
340 2264 386 2291 καὶ
409 2263 488 2291 αὑτὸν
504 2264 550 2290 τὸν
571 2264 690 2291 Μωῦσέα
704 2263 806 2295 λαϐεῖν,
821 2264 854 2299 τῇ
870 2263 924 2290 τῶν

139 2311 371 2346 χειρῶν·ὲκτάσει
394 2309 439 2336 τὸν
464 2309 578 2344 σταυρὸν
601 2309 794 2344 διαγράφοντα,
818 2309 866 2335 καὶ
886 2309 925 2340 ὡς

139 2357 179 2392 τῷ
199 2357 316 2391 σχήματι
340 2355 426 2390 τούτῳ
447 2355 493 2381 τὸν
520 2354 642 2390 ’Δμαλὴχ
658 2354 923 2389 καταστρεφόμενον,

140 2402 228 2436 ἔξεστί
240 2411 281 2429 σοι
297 2402 404 2436 βλέπειν
422 2402 451 2428 ἐν
468 2402 501 2436 τῇ
520 2400 632 2436 ἀληθείᾳ
649 2401 693 2428 τὸν
715 2400 808 2431 τύπον.
826 2401 873 2427 καὶ
884 2399 924 2435 τῷ

140 2448 250 2483 σταυρῷ
271 2448 317 2474 τὸν
346 2447 467 2482 Ἀμαλὴχ
489 2447 684 2473 ὑποπίπτοντα.
710 2447 803 2482 Ἔχεις
817 2446 924 2473 καὶτὸν

146 2494 269 2525 Ἡσαΐαν,
285 2493 315 2519 οὐ
335 2493 421 2528 μικρά
440 2500 480 2519 σοι
500 2492 568 2527 πρὸς
589 2492 637 2528 τὴν
661 2491 801 2527 παροῦσαν
821 2499 924 2518 συνεισ-

140 2540 258 2575 φέροντα
282 2539 372 2574 χάριν.
401 2539 469 2573 Παρ’
492 2537 573 2564 αὐτοῦ
589 2538 643 2573 γὰρ
659 2537 852 2574 προεδιδάχθης
874 2537 924 2573 τὴν

140 2584 312 2620 ἀνύμφευτον
327 2583 440 2619 μητέρα,
456 2582 504 2617 τὴν
517 2582 640 2617 ἀπάτορα
656 2582 754 2618 σάρκα,
765 2582 814 2618 τὴν
827 2581 925 2609 ἀνώδυ-

139 2639 185 2657 νον
209 2630 302 2660 ὠδίνα,
327 2628 373 2655 τὸν
399 2627 547 2662 ἀμόλυντον
571 2626 666 2653 τόκον·
692 2626 776 2658 οὕτως
802 2626 923 2658 εἰπόντος

139 2675 189 2702 τοῦ
204 2675 364 2710 Προφήτου·
389 2673 459 2701 Ἰδοὺ
470 2674 489 2707 ’ἡ
507 2672 696 2706 παρθένοςὲν
712 2673 817 2707 γαστρὶ
829 2672 924 2706 λήψε-

141 2721 249 2752 ται.καὶ
258 2721 454 2752 τέξεταιυίόν’
461 2719 510 2746 καὶ
518 2719 682 2746 καλέσουσι
692 2719 724 2746 τὸ
733 2719 824 2749 ὄνομα
831 2719 923 2746 αὐτοῦ

176 2811 265 2839 ίῦρῐι.
291 2809 403 2843 χχνινι.
439 2810 450 2826 ²
468 2810 519 2838 lsa.
540 2809 616 2843 ix,‘2.

688 2809 697 2825 ³
711 2808 777 2836 Gen.
793 2816 862 2841 χχιι,
878 2808 889 2835 l
908 2816 968 2845 sqq.

978 2222 1066 2249 forma
1100 2220 1265 2248 Amalecitas
1292 2219 1320 2246 in
1351 2219 1442 2254 fugam
1468 2221 1629 2249 vertentem,
1645 2217 1762 2244 veritate

977 2267 1093 2301 ﬁguram
1108 2273 1277 2300 expressam,
1307 2268 1334 2292 et
1358 2264 1488 2292 Amalech
1518 2263 1594 2290 cruci
1621 2263 1760 2290 cedentem

977 2312 1208 2340 animadvertes‘.
1228 2310 1317 2338 Habes
1339 2314 1366 2337 et
1383 2309 1490 2341 Isaiam,
1513 2309 1560 2344 qui
1582 2309 1696 2344 gratiam
1710 2307 1761 2334 ho-

977 2358 1101 2384 diernam
1123 2363 1178 2383 non
1205 2363 1301 2391 parum
1323 2356 1452 2382 illustrat.
1471 2354 1513 2381 Ab
1530 2355 1589 2389 ipso
1611 2353 1683 2380 enim
1706 2359 1762 2378 ma-

977 2408 1046 2431 trem
1059 2403 1212 2437 innuptam,
1229 2402 1289 2429 sine
1318 2405 1397 2436 patre
1424 2408 1546 2433 carnem,
1577 2400 1637 2427 sine
1668 2398 1762 2426 dolore

976 2448 1161 2485 puerperium,
1186 2448 1247 2476 sine
1268 2447 1329 2475 labe
1350 2450 1458 2482 parturn
1480 2450 1544 2473 ante
1569 2444 1700 2472 didicisti.
1716 2442 1762 2470 Sic

974 2494 1048 2521 enim
1063 2493 1185 2528 loquitur
1197 2493 1330 2528 propheta
1343 2501 1349 2519 :
1364 2491 1431 2519 Ecce
1450 2492 1521 2526 virgo
1538 2491 1565 2518 in
1582 2494 1655 2517 utero
1670 2490 1759 2516 conci-

976 2539 1039 2573 piet.
1057 2544 1081 2566 et
1103 2539 1187 2573 pariet
1205 2539 1291 2572 ﬁlium
1309 2545 1319 2565 :
1335 2542 1360 2565 et
1375 2536 1503 2564 vocabunt
1516 2544 1608 2563 nomen
1619 2535 1675 2569 ejus
1694 2534 1760 2560 Em~

977 2585 1093 2617 manuel,
1106 2591 1167 2619 quae
1182 2591 1234 2611 vox
1257 2583 1403 2618 significat,
1420 2582 1567 2610 Nobiscum
1595 2580 1694 2607 Deus“.
1715 2579 1761 2607 Et-

978 2630 1051 2657 enim
1067 2629 1125 2657 sine
1137 2629 1230 2656 dolore
1246 2633 1352 2663 partum
1371 2628 1519 2659 exstitisse,
1546 2627 1604 2660 ipsa
1618 2625 1657 2652 rei
1673 2623 1759 2659 aequi-

976 2679 1019 2702 tas
1041 2678 1067 2702 te
1082 2674 1200 2702 docebit.
1217 2673 1284 2701 Nam
1306 2681 1368 2700 cum
1391 2674 1480 2701 omnis
1498 2672 1623 2706 voluptas
1637 2670 1758 2697 dolorem

976 2719 1151 2754 conjunctum
1164 2718 1272 2751 habeat,
1288 2726 1400 2746 necesse
1420 2722 1473 2750 est,
1489 2722 1518 2744 ut
1535 2717 1563 2744 in
1579 2717 1623 2750 iis,
1641 2722 1700 2752 quae
1721 2715 1759 2742 ita

1006 2808 1016 2824 ⁸
1031 2808 1115 2836 Exod.
1131 2816 1198 2842 xm,
1218 2808 1258 2835 lt.
1295 2807 1306 2822 ⁵
1321 2805 1375 2834 lsa.
1392 2807 1489 2840 vtt,l-l.

1642 2862 1657 2870 ,ι
