1938 3082
188 117 242 147 ῦῦῐ)

851 121 880 150 S.
900 121 1064 151 GREGORII
1083 122 1229 150 NYSSENI

1766 118 1823 146 6οι

188 174 313 209 copulata
343 179 419 209 sunt,
441 183 504 205 eum
527 184 613 204 unum
643 177 730 213 abest,
753 179 868 207 alterum
895 181 973 207 etiam

1035 180 1237 216 Ἐμμανουὴλ,
1247 181 1261 207 ὃ
1273 181 1331 207 ἐστι
1343 180 1414 207 Μεθ’
1430 179 1512 214 ἡμῶν
1522 181 1538 207 ὀ
1550 179 1696 212 Θαίς-,Ὅτι
1712 178 1739 204 δὲ
1752 177 1824 203 ἀπύ-

189 221 271 248 absit.

1028 235 1081 258 νως
1095 226 1206 261 γέγονεν
1216 227 1232 261 ἡ
1242 225 1316 257 ὠδὶς,
1331 225 1437 260 πρῶτον
1450 225 1498 260 μέν
1510 233 1538 250 σε
1549 224 1579 250 τὸ
1589 223 1661 255 εἰκὸς
1673 221 1821 254 διδαξάτω.

195 260 303 302 Ἐπειδὴ
317 266 372 302 γὰρ
385 267 461 293 πᾶσα
475 267 555 303 ἡδονὴ
578 268 750 303 συνημμένον
763 269 819 304 ἔχει
845 270 890 296 τὸν
920 270 1010 304 πόνον,
1029 260 1135 306 ἀνάγκη
1161 271 1236 298 πᾶσα
1259 270 1306 297 ἐπὶ
1329 268 1385 296 τῶν
1410 269 1590 305 συνημμένως
1611 267 1819 303 θεωρουμένων,

188 310 235 338 τοῦ
250 312 308 343 ἑνος
324 312 361 348 μὴ
377 312 463 344 ὄντος,
481 312 549 348 μηδὲ
565 313 595 339 τὸ
610 313 702 349 ἕτερον
715 312 794 341 εἶναι.

226 357 317 391 Itaque
329 365 391 384 cum
405 358 479 384 nulla
491 358 664 392 concipiendi
683 359 808 393 voluptas
819 363 973 387 antecesse—

189 402 235 435 rit,
252 410 285 430 ne
300 403 421 437 pariendi
442 403 552 438 quidem
567 403 645 430 dolor
661 407 704 432 est
718 409 893 433 consecutus.
917 404 974 432 Hoc

189 454 277 476 autem
294 449 429 484 propheta:
443 450 534 477 verbis
543 450 624 477 etiam
641 450 845 485 comprobatur,
859 459 918 486 quae
933 452 973 480 sic

188 493 289 521 habent
306 503 312 521 :
328 494 477 529 Antequam
493 495 590 522 veniret
609 494 686 522 dolor
705 500 799 530 partus
815 496 883 530 ejus,
903 496 972 530 effu-

189 539 238 573 git,
249 544 273 566 et
286 541 384 574 peperit
397 541 544 567 masculum
553 540 574 568 ⁸.
585 540 646 574 Aut,
661 541 888 576 quemadmodum
904 543 974 570 alius

189 586 322 621 interpres
339 585 377 612 ait
398 594 404 612 :
423 585 571 620 Antequam
588 586 691 613 dolores
705 587 824 618 sentiret,
845 588 972 621 peperit".

189 630 228 658 Ex
247 631 307 665 hac,
321 632 418 666 inquit,
433 631 544 667 Virgine
559 637 644 659 matre
658 632 728 659 Puer
742 638 819 660 natus
833 638 871 660 est
889 633 974 664 nobis,

188 677 296 711 etﬁlius
313 676 392 704 datus
414 681 453 704 ut
475 677 560 704 nobis.
579 677 662 712 Cujus
682 679 820 713 imperium
833 687 912 714 super
926 679 974 705 Itu-

189 731 289 750 merum
307 721 375 758 ejus,
392 729 415 750 et
436 729 546 750 uocatur
564 732 657 751 nomen
678 724 735 758 ejus
759 725 849 760 magni
869 726 975 752 consilii

193 767 312 802 angelus,
333 767 403 794 Deus
424 767 513 802 fortia,
537 772 638 802 potens,
662 769 780 803 princeps
801 770 884 802 pacis,
899 774 974 802 pater

1063 356 1150 382 Ὅπου
1175 355 1266 382 τοίνυν
1293 354 1374 390 ἡδονὴ
1396 354 1444 381 τοῦ
1472 354 1550 381 τόκου
1572 354 1604 380 οὐ
1630 353 1817 389 καθηγήσατιι⁹

1026 401 1085 428 οὐδὲ
1100 401 1115 428 ὁ
1137 401 1217 432 πόνος
1243 400 1472 436 ἐπηκολούθησεν.
1492 400 1607 426 Ἔπειτα
1625 399 1654 426 δὲ
1674 400 1721 426 καὶ
1736 401 1753 435 ή
1769 400 1819 426 τοῦ

1026 447 1170 481 Προφήτου
1193 446 1265 480 λέξις
1288 446 1392 481 βεϐαιοῖ
1414 446 1464 472 τὸν
1487 445 1576 480 λόγον,
1603 445 1700 480 ἔχουσα.
1727 445 1817 472 οὕτω·

1026 492 1101 526 Πρὶν
1116 493 1264 519 εἰσελθεῖν
1282 492 1336 519 τὸν
1362 493 1459 519 πόνον
1484 491 1544 518 τῶν
1568 491 1683 518 ὠδίνων
1708 491 1816 525 αὐτῆς.

1025 538 1163 572 ἐξέφυγε,
1188 538 1237 566 καὶ
1251 539 1354 565 ἔτεκεν
1366 537 1472 571 ἄρσεν.
1490 538 1536 569 Ἦ,
1561 537 1599 568 ὥς
1616 545 1698 572 φησιν
1722 537 1816 572 ἕτερος

1028 585 1082 610 τῶν
1096 584 1246 619 ἑρμηνέων,
1260 584 1335 616 Πρὶν
1344 584 1495 616 ὠδινήσει,
1508 584 1620 610 ἔτεκεν.
1640 583 1687 609 Ἐκ
1703 583 1818 618 ταύτης,

1025 628 1112 662 φησὶ,
1143 628 1193 663 τῆς
1227 628 1362 664 παρθένου
1387 628 1490 664 μητρὸς
1516 629 1638 655 Παιδίον
1669 629 1818 663 ἐγεννήθη

1025 674 1107 708 ἡμῖν,
1129 673 1177 700 καί
1198 675 1263 706 υἱὸς
1283 673 1372 708 ἐδόθη
1388 674 1476 709 ⁴ἡμῖν·
1497 673 1535 702 οὗ
1553 675 1572 708 ἠ
1594 674 1672 709 ἀρχὴ
1689 675 1819 710 ἐγενήθη

1026 719 1072 745 ὀπὶ
1090 719 1143 746 τοῦ
1158 719 1239 754 ὤμου
1256 718 1359 751 αὐτοῦ,
1371 719 1507 753 μεγάλης
1524 719 1646 753 ,ϐουλῆς
1661 719 1818 753 Ἄγγελος,

1024 765 1077 791 καὶ
1093 765 1126 791 τὰ
1156 765 1230 801 ἑξῆς.
1250 765 1335 791 Τοῦτο
1360 765 1390 792 τὺ
1409 765 1523 796 παιδίον,
1541 762 1618 798 οὗτος
1638 767 1653 792 ὁ
1675 766 1742 797 υἱὸς.
1768 766 1819 798 Ὧς

190 812 274 846 futuri
286 813 387 840 saeculi.
402 811 451 840 Hic
469 821 546 848 puer,
563 813 607 840 hic
626 813 708 846 ﬁlius,
725 813 759 840 Ut
774 815 828 841 ovis
845 814 879 841 ad
902 815 973 841 occi-

1025 811 1170 844 πρόϐατον
1191 811 1239 838 ἐπὶ
1255 811 1379 846 σφαγὴν
1392 811 1482 846 ἤχθη,
1498 813 1546 838 καὶ
1561 811 1602 844 ὡς
1617 812 1712 846 ἀμνὸς
1726 812 1818 838 ἐναν-

189 857 289 885 sionem
304 857 399 886 ductu:
407 863 457 891 est,
473 863 498 886 et
508 863 633 894 tanquam
646 868 729 894 agnus
744 868 835 887 coram
852 859 973 888 tondente

188 911 227 936 se,
242 903 399 931 obmutuit“.
416 903 464 932 Vel
478 905 580 939 potius,
602 905 692 940 inquit
709 904 852 939 Jeremias,
870 905 921 933 llic
935 910 974 934 est

189 957 272 984 agnus
286 949 331 977 ille
342 956 504 982 mansuetus,
519 951 565 986 qui
579 950 614 978 ad
626 951 758 978 victimam
772 951 907 979 ducitur“.
925 951 975 979 Hic

189 999 230 1020 est
246 994 290 1022 ille
309 996 387 1029 panis
403 995 448 1022 cui
460 995 564 1030 lignum
579 995 717 1030 injiciunt,
734 996 780 1031 qui
801 997 880 1031 panis
893 997 974 1031 ligni-

188 1047 243 1074 que
257 1043 321 1066 sunt
334 1040 426 1068 hostes
437 1041 468 1068 “’.
490 1040 546 1067 lmo
557 1049 622 1068 vero
634 1041 701 1068 illud
714 1049 730 1069 e
744 1041 886 1077 propheta,
900 1043 974 1078 quod

189 1085 391 1120 apertissimum
413 1089 441 1113 et
463 1086 646 1113 clarissimum
675 1091 727 1119 est,
750 1091 777 1114 et
796 1095 851 1122 quo
873 1092 975 1123 myste-

188 1130 261 1157 rium
278 1130 438 1165 planissime
462 1131 628 1165 declaratur,
644 1133 821 1167 accipiamus,
836 1133 913 1161 Jonze
933 1135 975 1161 ni-

191 1175 290 1202 mirum
310 1177 504 1212 exemplum“,
517 1178 563 1212 qui
579 1178 638 1205 sine
657 1177 807 1206 oll'ensione
831 1179 858 1206 in
883 1184 973 1207 cetum

188 1220 339 1255 ingressus,
358 1227 386 1249 et
399 1223 457 1250 sine
475 1224 598 1251 molestia
626 1231 734 1251 rursum
760 1232 898 1260 egressus,
911 1233 973 1253 cum

188 1265 216 1292 in
232 1266 293 1301 ejus
312 1267 464 1296 visceribus
480 1269 569 1296 tribus
587 1269 684 1299 diebus
705 1274 732 1296 et
747 1270 860 1298 totidem
886 1271 973 1298 nocti-

188 1311 241 1339 bus
252 1314 460 1347 permansisset,
479 1313 586 1342 Domini
605 1316 676 1350 apud
696 1316 799 1344 inferos
819 1323 974 1344 commora~

192 1357 294 1384 tionem
310 1358 479 1386 indicavit".
501 1359 563 1388 Haec
583 1364 610 1388 et
632 1361 728 1388 borum
752 1359 852 1389 siniilia
867 1367 975 1397 oportet

187 1410 220 1430 ex
237 1403 353 1438 singulis
382 1404 534 1440 Scriptura;
558 1406 626 1434 locis
644 1406 783 1442 indagare,
807 1411 888 1441 atque
911 1407 974 1434 seli-

187 1457 261 1484 gere.
273 1449 370 1477 Omnia
386 1451 459 1478 enim
477 1452 523 1478 illa
538 1460 571 1479 ex
586 1453 766 1487 praesentibus
780 1453 881 1480 cernis.
899 1453 931 1480 Et
941 1461 973 1480 ex

188 1495 320 1523 hodierna
337 1496 440 1529 laetitia,
457 1502 487 1524 ut
503 1498 530 1524 in
545 1497 691 1533 Evangelia
706 1499 832 1532 legimus,
854 1500 917 1526 Tala
931 1499 974 1525 lca:

188 1541 291 1576 pendet,
313 1547 338 1569 et
353 1543 527 1578 propheta”.
551 1544 593 1577 Et,
619 1545 848 1580 quemadmodum
872 1545 973 1573 Paulus

189 1588 270 1619 ait“,
299 1589 390 1616 omnis
415 1589 574 1625 Scriptum,
603 1591 698 1618 divino
727 1590 829 1626 Spiritu
854 1591 975 1618 dictante

188 1637 315 1666 exaratis,
333 1633 454 1669 legisque
482 1642 589 1662 summa
607 1635 633 1662 in
660 1635 711 1662 hac
734 1636 819 1670 gratia
833 1635 975 1662 concludi-

190 1682 244 1706 tur.
261 1678 322 1706 Haec
334 1680 406 1706 enim
428 1685 456 1708 et
477 1681 611 1708 malorum
634 1685 676 1709 est
701 1681 772 1713 linis,
791 1686 818 1709 et
839 1681 973 1708 bonorum

190 1724 365 1759 principium.
381 1724 448 1751 Nam
466 1725 583 1761 exempli
602 1733 696 1756 causa.
717 1725 790 1753 Μοη
810 1727 925 1761 regnavit
942 1727 974 1753 ab

188 1769 274 1796 Adam
286 1770 320 1801 η,
337 1770 443 1805 imperii
460 1770 582 1805 pestiferi
593 1771 698 1799 ducens
714 1772 833 1803 initium,
845 1776 872 1799 et
886 1773 973 1807 impo-

189 1818 250 1841 tens
262 1815 335 1842 illius
351 1815 507 1843 dominatus
531 1816 563 1842 ad
580 1815 681 1843 Mosen!
707 1824 794 1851 usque
813 1816 973 1851 permansit,

189 1867 251 1887 eum
267 1860 327 1894 ejus
351 1861 392 1888 vis
413 1868 427 1887 a
453 1860 510 1900 lege
530 1861 642 1889 minime
668 1862 872 1896 reprimeretur.
893 1861 974 1889 Venit

189 1906 252 1933 vitae
276 1914 399 1941 regnum,
427 1910 455 1935 et
476 1907 598 1934 solutum
628 1912 671 1935 est
698 1908 794 1935 mortis
819 1909 973 1943 imperium.

189 1953 323 1987 Apparuit
348 1953 400 1980 alia
420 1953 569 1988 generatio,
599 1953 653 1980 alia
680 1953 747 1985 vita,
772 1954 843 1981 alius
864 1954 973 1982 vivendi

190 1997 297 2030 modus,
309 1998 395 2033 ipsius
407 2003 511 2027 naturae
525 2004 626 2027 nostra:
640 2000 827 2027 commutatio.
843 2000 973 2033 Quasnam

190 2043 348 2078 generatio?
365 2043 433 2077 Qum
455 2052 508 2072 non
531 2053 564 2072 ex
589 2045 771 2080 sanguinibus,
789 2053 869 2079 neque
883 2053 915 2073 ea;
930 2054 975 2072 vo-

190 2089 292 2117 luntate
305 2091 364 2122 viri,
382 2099 462 2125 neque
477 2098 510 2118 ea:
524 2091 657 2118 voluntate
675 2093 774 2124 carnis,
801 2092 846 2119 sed
872 2100 904 2119 ea:
921 2092 974 2120 Deo

190 2142 262 2173 ίιιιια
277 2141 315 2163 est
326 2137 357 2164 ¹⁶.
371 2137 499 2170 Quinam,
525 2137 643 2172 inquies,
660 2137 711 2164 hoc
727 2137 784 2165 ﬁeri
801 2138 907 2173 potest?
919 2139 974 2165 Au-

188 2181 227 2214 di,
243 2189 305 2208 uam
320 2183 414 2217 paucis
429 2183 583 2217 explicabo.
602 2183 682 2211 Fetus
696 2184 739 2211 hic
752 2191 801 2219 per
815 2184 894 2211 [idem
906 2191 972 2212 con-

188 2228 298 2262 cipitur,
319 2236 367 2263 per
383 2228 554 2263 baptismatis
579 2229 810 2265 regenerationem
833 2230 860 2256 in
885 2230 972 2257 lucem

187 2273 287 2306 editur,
304 2273 441 2301 nutricem
455 2274 536 2302 habet
548 2274 709 2308 Ecclesiam,
722 2275 804 2310 hujus
818 2275 972 2302 doctrinam

187 2323 215 2347 et
233 2320 356 2346 instituta
376 2320 447 2355 sugit
466 2324 595 2355 tanquam
613 2321 707 2352 ubera,
729 2322 767 2348 illi
788 2322 908 2349 cmlcstis
924 2328 971 2356 pa-

187 2365 231 2391 nis
243 2368 284 2390 est
301 2364 379 2392 cibus
397 2373 405 2392 :
420 2365 509 2392 aetatis
523 2365 654 2399 perfectio
664 2370 707 2393 est
724 2365 849 2393 sublimis
864 2366 970 2393 vivendi

187 2409 268 2441 ratio,
289 2410 390 2444 nuptiae
410 2411 581 2438 consuetudo
596 2411 759 2446 sapientiae:
778 2411 867 2443 liberi,
890 2419 970 2445 spes;

186 2453 295 2487 domus,
311 2462 440 2490 regnum;
464 2456 609 2484 hmreditas
637 2461 663 2484 et
691 2457 840 2491 opulentia,
867 2456 974 2484 deliciae

186 2500 323 2535 paradisi;
345 2501 408 2529 ﬁnis
424 2509 478 2528 non
499 2510 584 2534 mors,
600 2502 648 2530 sed
660 2502 716 2529 vita
732 2503 789 2535 illa,
807 2510 868 2538 qua:
884 2502 974 2538 dignis

186 2551 281 2581 parata
292 2550 345 2578 est,
356 2547 513 2574 beatissima
525 2551 552 2575 et
566 2548 743 2583 sempiterna.
759 2547 816 2575 Hoc
833 2548 860 2575 in
876 2547 972 2576 melius

185 2591 407 2619 commutationis
421 2591 528 2619 initium
548 2592 645 2620 videns
662 2599 780 2628 magnus
800 2593 846 2620 ille
867 2592 971 2620 Zacha-

185 2636 242 2664 rias
264 2637 387 2672 ambigit,
407 2638 479 2672 quod
503 2638 541 2665 illi
561 2646 660 2666 nomen
681 2639 814 2674 imponat,
832 2638 970 2674 quomodo

185 2687 346 2716 praesentem
361 2684 478 2718 gratiam
493 2684 621 2720 appellet.
638 2684 754 2718 Etenim,
777 2693 839 2712 cum
861 2692 893 2713 ea
909 2692 970 2720 qua:

1023 857 1089 883 τίον
1108 857 1161 884 τοῦ
1176 857 1327 891 κείροντος
1344 857 1438 884 αὐτὸν
1461 857 1591 892 ἄφωνος·
1608 858 1707 893 μᾶλλον
1722 858 1761 889 δὲ,
1778 857 1818 889 ὥς

1025 911 1109 938 φησιν
1133 903 1277 938 Ἱερεμίας,
1292 903 1385 930 Τοῦτὸ
1401 903 1467 930 ἐστι
1479 903 1512 930 τὸ
1523 904 1627 938 ἀρνίον
1644 906 1677 930 τὸ
1690 903 1816 936 ἄκακον,

1024 949 1057 976 τὸ
1071 948 1216 983 ἀγόμενον
1243 948 1295 975 τοῦ
1322 949 1454 976 θύεσθαι.
1479 944 1562 979 Οὗτος
1584 950 1598 975 ὁ
1628 949 1719 984 ἄρτος,
1740 946 1763 983 ᾧ
1786 949 1819 975 τὺ

1025 993 1102 1027 ξύλον
1131 994 1308 1030 ἐμϐάλλουσιν
1325 996 1349 1021 oi
1369 994 1474 1021 καὶτοῦ
1498 994 1581 1030 ἄρτου
1600 995 1646 1022 καὶ
1669 994 1714 1021 τοῦ
1735 995 1816 1027 ξύλου

1025 1039 1157 1074 πολέμιοι.
1174 1039 1282 1066 Μᾶλλον
1291 1039 1319 1066 δὲ
1333 1039 1363 1066 τὸ
1378 1039 1485 1067 πάντων
1495 1039 1704 1075 γνωριμώτερόν
1719 1049 1748 1066 τε
1769 1040 1818 1066 καὶ

1024 1085 1210 1121 φανερώτερον
1233 1086 1265 1112 ὲκ
1277 1085 1323 1112 τοῦ
1342 1086 1484 1120 Προφήτου
1510 1085 1647 1121 λάϐωμεν,
1659 1086 1692 1112 δι’
1702 1082 1734 1112 οὗ
1751 1094 1818 1120 προ-

1024 1130 1158 1166 γράφεται
1175 1130 1267 1165 σαφῶς
1283 1131 1314 1158 τδ
1331 1131 1489 1167 μυστήριον,
1505 1131 1551 1157 τὸν
1573 1131 1664 1158 Ίωνᾶν
1677 1131 1760 1166 λέγω,
1770 1131 1818 1157 τὸν

1024 1176 1136 1208 ἀπαθῶς
1151 1176 1221 1204 κατὰ
1233 1176 1280 1203 τοῦ
1296 1177 1396 1211 κήτους
1412 1177 1677 1212 καταδυόμενον,καὶ
1687 1176 1748 1212 δίχα
1763 1175 1819 1202 πά-

1027 1220 1091 1253 θους
1107 1222 1139 1248 ἐκ
1150 1221 1197 1248 τοῦ
1215 1222 1313 1257 κήτους
1329 1222 1573 1257 ἀναδυόμενον,τὸν
1587 1222 1634 1249 καὶ
1650 1222 1737 1258 τρισὶν
1748 1221 1819 1257 ἡμέ-

1028 1275 1088 1302 ραις
1100 1268 1147 1294 καὶ
1162 1267 1307 1299 τοσαύταις
1321 1268 1395 1301 νυξὶν
1415 1268 1443 1294 ὲν
1456 1269 1512 1300 τοῖς
1525 1268 1640 1304 κητῲοις
1654 1268 1819 1303 σπλάγχνοις

1029 1312 1072 1348 τὴν
1085 1313 1114 1339 ἐν
1125 1313 1187 1348 ᾅδου
1202 1313 1343 1349 διατριϐήν
1358 1314 1403 1340 τοῦ
1429 1314 1532 1349 Κορίου
1552 1313 1815 1350 προδιαγράψαντος.

1024 1357 1116 1385 Ταῦτα
1131 1359 1177 1384 καὶ
1193 1358 1227 1384 τὰ
1243 1359 1353 1386 τοιαῦτα
1374 1359 1414 1386 δεῖ
1434 1367 1463 1385 σε
1481 1360 1545 1394 παρ’
1565 1359 1683 1394 ἑκάστης
1699 1359 1815 1394 Γραφῆς

1024 1403 1168 1439 ἀναζητεῖν
1190 1404 1237 1431 καὶ
1262 1404 1430 1438 ἐκλέγεσθαι.
1451 1405 1543 1431 Πάντα
1568 1405 1624 1440 γὰρ
1652 1406 1753 1437 ἐκεῖνα,
1772 1405 1817 1432 διὰ

1025 1449 1079 1476 τῶν
1092 1449 1233 1484 παρόντων
1251 1451 1317 1485 ὁρᾷς
1327 1459 1334 1465 ·
1353 1451 1401 1477 καὶ
1411 1451 1440 1477 ἑν
1455 1452 1488 1486 τῇ
1504 1450 1628 1486 παρούσῃ
1646 1450 1816 1486 φαιδρότητι,

987 1487 1008 1516 (ί
1025 1495 1112 1528 ’⁷ολος
1130 1497 1146 1522 ὁ
1165 1496 1257 1530 νόμος
1274 1496 1414 1530 κρέμαται
1436 1497 1485 1523 καὶ
1500 1499 1526 1524 οἱ
1549 1495 1708 1531 προφῆται,
1728 1496 1817 1528 καθώς

1025 1540 1090 1574 φησί
1105 1549 1156 1567 που
1169 1541 1199 1567 τὸ
1214 1541 1387 1575 Εὑαγγέλιον’
1402 1541 1449 1568 καὶ
1476 1542 1530 1572 πᾶς
1541 1541 1718 1572 θεόπνευστος
1737 1541 1816 1575 λόγος

1024 1586 1071 1612 καὶ
1087 1586 1167 1621 νόμος
1181 1586 1211 1613 ὲν
1224 1585 1310 1621 ταύτῃ
1325 1586 1570 1624 ἀνακεφαλαιοῦται
1583 1589 1615 1623 τῇ
1631 1587 1732 1622 χάριτι,
1745 1587 1815 1614 κατὰ

1024 1630 1072 1666 τὴν
1093 1631 1141 1658 τοῦ
1166 1631 1273 1658 Παύλου
1303 1632 1405 1667 φωνήν.
1429 1631 1513 1658 Τοῦτο
1533 1633 1587 1668 γάρ
1612 1633 1681 1664 ἐστι,
1694 1633 1742 1659 καὶ
1761 1632 1816 1659 τῶν

1026 1677 1197 1713 σκυθρωπῶν
1209 1677 1239 1704 τὸ
1256 1677 1356 1713 πέρας,
1371 1677 1417 1704 καὶ
1432 1678 1486 1704 τῶν
1498 1678 1608 1712 ἀγαθῶν
1620 1679 1637 1713 ἡ
1656 1679 1738 1713 ἀρχή.
1751 1676 1816 1707 Οἵάν

1023 1731 1050 1749 τι
1064 1723 1135 1757 λέγω
1144 1731 1151 1738 ·
1170 1723 1382 1750 Ἐϐασίλευσεν
1394 1725 1410 1750 ό
1420 1723 1546 1756 θάνατος
1560 1724 1620 1751 ἀπὸ
1639 1724 1740 1758 Ἀδὰμ,
1764 1725 1815 1760 τῆς

1024 1768 1186 1804 φθοροποιοῦ
1209 1769 1351 1805 δυνάμεως
1376 1769 1467 1796 λαϐὼν
1490 1770 1539 1805 τὴν
1555 1769 1657 1805 ἀρχὴν,
1678 1770 1745 1796 ἀλλὰ
1765 1771 1814 1797 καὶ

1026 1814 1106 1850 μέχρι
1122 1815 1261 1847 Μωῡσὲως
1275 1815 1357 1842 αὑτοῦ
1372 1815 1402 1842 τὸ
1424 1815 1541 1850 πονηρὸν
1556 1816 1655 1851 κράτος
1667 1815 1812 1850 διέμεινεν,

1023 1860 1100 1886 οὐδὲν
1122 1860 1168 1886 τοῦ
1187 1861 1271 1896 νόμου
1292 1861 1342 1896 τὴν
1359 1861 1446 1897 κακὴν
1461 1861 1508 1888 τοῦ
1526 1861 1641 1889 θανάτου
1655 1861 1814 1888 δυναστείαν

1026 1906 1226 1940 ἀμϐλύναντος.
1249 1905 1350 1933 Ἦλθεν
1378 1908 1394 1942 ὴ
1421 1906 1471 1942 τῆς
1496 1907 1569 1942 ζωῆς
1599 1907 1737 1942 βασιλεία,
1765 1909 1814 1935 καὶ

1024 1951 1157 1988 κατελύθη
1173 1952 1219 1978 τοῦ
1237 1953 1351 1980 θανάτου
1367 1952 1397 1979 τὸ
1415 1953 1525 1988 κράτος.
1546 1953 1601 1980 Καὶ
1613 1954 1724 1988 γέγονεν
1744 1954 1811 1990 ἄλλη

1024 1996 1159 2031 γέννησις,
1179 1997 1235 2032 βίος
1258 1998 1361 2034 ἔτερος,
1383 1997 1446 2024 ἄλλο
1463 1998 1536 2031 ζωῆς
1558 1997 1636 2030 εἶδος.
1656 1999 1741 2035 αὐτῆς
1762 2000 1813 2035 τῆς

1025 2042 1131 2077 φύσεως
1152 2043 1231 2079 ήμῶν
1256 2045 1502 2080 μεταστοιχείωσις.
1532 2045 1632 2071 Τούτου
1647 2046 1664 2080 ή
1686 2045 1812 2082 γέννησις

1026 2088 1086 2114 Οὺκ
1098 2087 1132 2120 ἐξ
1146 2087 1285 2122 αἱμάτων,
1295 2088 1366 2115 οὐδὲ
1375 2089 1410 2115 ἐκ
1424 2089 1592 2123 θελήματος
1604 2089 1726 2123 ἀνδρὸς,
1741 2090 1812 2116 οὐδὲ

1024 2134 1058 2160 ὲκ
1069 2134 1234 2168 θελήματος
1245 2134 1369 2168 σαρκὸς,
1381 2135 1450 2161 ἀλλ’
1461 2135 1495 2161 ἐκ
1505 2135 1579 2161 Θεοῦ
1591 2135 1812 2170 yeropémﬂdig

1026 2178 1223 2213 τοῦτοςΣαφῶς
1230 2187 1270 2205 σοι
1285 2180 1452 2214 παραστήσω
1462 2179 1506 2206 διὰ
1515 2179 1561 2206 τοῦ
1572 2180 1651 2214 λόγου
1662 2180 1710 2216 τὴν
1721 2181 1809 2216 χάριν.

1027 2220 1111 2256 οὗτος
1131 2226 1146 2251 ὁ
1159 2225 1236 2256 τόκος
1248 2224 1292 2251 διὰ
1310 2225 1426 2257 πίστεως
1438 2227 1609 2261 κυοφορεῖται
1622 2233 1629 2240 ⁸
1645 2226 1689 2254 διὰ
1702 2227 1753 2261 τῆς
1765 2227 1811 2255 τοῦ

1026 2270 1211 2306 βαπτίσματος
1228 2271 1431 2305 ἀναγεννήσεως
1456 2272 1495 2303 εἰς
1511 2271 1568 2306 φῶς
1584 2272 1692 2306 ἄγεται·
1712 2273 1812 2308 τροφὸς

1024 2317 1119 2343 τούτου
1133 2318 1150 2352 ἠ
1169 2317 1315 2352 Ἐκκλησία
1331 2317 1444 2350 γίνεται·
1465 2318 1559 2352 μαζὸς,
1585 2318 1619 2345 τὰ
1642 2319 1809 2354 διδάγματα*

1018 2362 1118 2398 τροφὴ,
1132 2363 1146 2389 ό
1160 2362 1263 2389 ἄνωθεν
1280 2363 1361 2398 ἄρτος
1372 2371 1379 2378 ·
1396 2363 1504 2398 ἡλικίας
1522 2363 1670 2396 τελείωσις,
1684 2365 1700 2399 ὴ
1722 2365 1810 2402 ὑψηλὴ

1020 2408 1158 2435 πολιτεία·
1173 2409 1272 2443 γάμος,
1282 2410 1299 2443 ὴ
1313 2409 1362 2444 τῆς
1383 2409 1477 2444 σοφίας
1487 2409 1638 2444 συμϐίωσις
1648 2420 1654 2426 ·
1673 2411 1766 2443 τέκνα,
1782 2412 1809 2437 αἱ

1021 2454 1144 2486 ἐλπίδες·
1162 2452 1241 2485 οἶκοι,
1265 2456 1282 2490 ὴ
1302 2454 1438 2489 βασιλεία·
1462 2455 1561 2489 κλῆρος
1581 2456 1628 2482 καὶ
1649 2455 1774 2488 πλοῦτος,
1792 2457 1808 2492 ἡ

1022 2499 1051 2525 ὲν
1064 2498 1102 2534 τῷ
1123 2499 1279 2534 παραδείσῳ
1302 2500 1400 2534 τρυφήο
1419 2499 1495 2531 τέλος
1511 2500 1550 2530 δὲ,
1566 2500 1630 2526 ἀντὶ
1647 2500 1774 2532 θανάτου,
1792 2502 1807 2535 ἡ

1024 2545 1108 2576 ἀΐδιος
1118 2544 1185 2579 ζωὴ,
1197 2546 1225 2571 ὲν
1235 2546 1267 2580 τῇ
1277 2545 1442 2580 ὑποκειμένῃ
1454 2546 1509 2577 τοῖς
1523 2545 1610 2579 ἁγίοις
1620 2546 1808 2582 μακαριότητι.

1025 2591 1131 2625 Ταύτην
1145 2591 1196 2626 ὁρᾷ
1207 2591 1252 2618 καὶ
1265 2592 1278 2617 ὁ
1294 2591 1380 2625 μέγας
1389 2591 1526 2627 Ζαχαρίας
1535 2592 1584 2626 τὴν
1598 2591 1686 2627 ἀρχὴν
1699 2592 1766 2627 πρὸς
1779 2592 1809 2619 τὸ

1023 2637 1124 2671 ἀγαθὸν
1147 2637 1326 2669 ἀλλοιώσεως,
1350 2637 1397 2664 καὶ
1420 2637 1584 2673 ἀμφιϐάλλει
1609 2638 1674 2672 περὶ
1696 2639 1746 2673 τῆς
1761 2638 1808 2665 τοῦ

1022 2683 1152 2718 ὀνόματος
1174 2683 1306 2718 κλήσεως,
1330 2683 1357 2709 τί
1382 2684 1435 2719 χρὴ
1455 2684 1557 2718 κυρίως
1582 2685 1742 2719 προσειπεῖν
1759 2685 1808 2720 τὴν

222 2785 231 2800 θ
247 2786 296 2827 lsi.
307 2794 383 2827 km,
399 2789 425 2815 7.
463 2789 473 2804 ⁷
489 2787 540 2827 lsa.
562 2798 599 2827 Ix.
613 2790 639 2827 (ξε
658 2790 687 2827 Α]
704 2790 757 2827 isa.
771 2799 828 2821 LIII,
846 2792 879 2827 7.‘
895 2791 973 2819 91m

1036 2799 1073 2823 xi,
1093 2792 1134 2819 l9.
1174 2793 1195 2808 ιο
1209 2792 1274 2819 ibid.
1315 2792 1332 2808 "
1348 2791 1410 2819 Jon.
1425 2799 1457 2824 ιι,
1475 2792 1486 2819 l
1505 2799 1566 2827 ειμι.
1604 2792 1626 2808 η
1642 2790 1736 2818 Matth.
1758 2797 1806 2822 xu,

187 2819 232 2850 to.
271 2822 540 2856 "Mzttth.xxtt,40.
581 2825 602 2840 ιδ
621 2824 640 2851 ιι
658 2819 830 2860 nmmum;
848 2826 889 2853 is.

944 2828 964 2843 ¹⁵
979 2827 1055 2855 lion].
1084 2835 1108 2859 ν,
1133 2827 1173 2854 li.
1213 2827 1322 2855 πίοιμι.
1344 2835 1362 2861 ι,
1384 2827 1426 2854 t3.
