1938 3082
114 107 172 135 605

114 211 245 245 θαύματα
255 211 405 245 διεξελθὼν,
423 214 470 241 καὶ⁹
485 215 562 242 τοῦτό
577 225 642 252 φησι
659 220 724 255 περὶ
748 219 795 246 τοῦ
807 222 903 257 καιροῦ

114 257 230 290 τούτου,
246 259 286 285 ὄτι
303 260 365 294 οὐχ
389 260 494 295 ἡμέρα,
517 263 566 289 καὶ
577 263 645 298 οὐχὶ
668 265 735 297 νύξ.
748 266 787 293 Δι’
809 264 847 294 ὧν
861 268 903 294 ὲν-

114 303 319 337 δείκνυται,¹ὅτι
334 305 424 341 ἡμέρα
440 307 489 342 μὲν
502 307 636 344 κληθῆναι
648 311 678 337 οὐ
692 310 812 345 δύναται,
829 313 903 349 ήλίου

115 349 157 385 μὴ
172 349 258 381 ὄντος.
281 350 330 384 νὺξ
343 351 372 378 δὲ
387 352 436 379 οὐκ
455 352 511 380 ἔστι
526 354 565 389 τῷ
581 355 648 390 μηδὲ
664 357 758 388 σκότος
772 356 852 386 εἶναι.
868 359 905 386 Τὸ

114 399 171 434 γὰρ
194 399 289 431 σκότος
315 400 445 428 ἐκάλεσεν
470 403 484 429 ό
510 402 576 435 Θεὸς
603 403 702 438 νύκτα,
727 406 817 439 καθώς
839 416 904 443 φησι

114 443 248 479 Μωῠσῆς.

160 491 236 518 Ἐπεὶ
263 490 311 518 οὗν
337 493 408 519 κατὰ
436 493 486 528 μὲν
516 494 561 521 τὸν
593 496 706 531 χρόνον,
737 498 803 530 νὺξ,
835 499 906 526 κατὰ

113 534 145 560 δὲ
163 535 194 561 τὸ
223 535 291 570 φῶς,
309 536 399 572 ἡμέρα
413 545 420 552 ·
434 537 528 565 τούτου
555 539 647 567 ἕνεκέν
670 550 752 576 φησιν
767 543 780 569 ὁ
796 544 907 579 Προφή-

119 588 190 614 τηςι
203 581 257 607 Καὶ
268 581 331 616 Οὐχ
353 582 458 617 ἡμέρα,
483 584 532 610 καὶ
546 585 613 619 οὐχὶ
631 585 699 618 νύξ.
713 587 744 613 Εἰ
768 585 813 614 οῦν
838 589 906 624 μήτε

115 625 178 658 νὺξ,
192 627 261 653 κατὰ
275 627 321 654 τὸν
333 629 474 664 Προφήτου
489 630 578 664 λόγον,
596 632 611 657 ό
627 632 721 668 καιρὸς
731 630 808 665 οὗτός
822 634 906 667 ἐστιν,

115 671 185 699 ἄλλο
213 681 240 699 τι
270 673 346 708 παρὰ
381 674 467 701 ταῦτα
491 676 599 708 πάντως
629 677 646 712 ή
677 677 801 712 παροῦσα
828 678 908 714 χάρις

116 718 180 744 ἐστὶ
192 719 238 745 καὶ
256 718 427 754 ὀνομάζεται.
443 720 574 748 Βούλεσθε
588 721 658 750 εῐπω
670 723 684 749 ὃ
698 723 885 760 ἐντεθύμημαι
898 733 906 758 ;

115 765 201 799 Αὕτη
220 765 306 792 ἐστὶν
327 766 422 800 ἡμέρα
450 766 488 801 ἣν
499 768 645 802 ἐποίησεν
665 770 682 796 ό
696 771 802 804 Κύριος
814 779 821 786 ·
840 770 907 806 ἄλλη

118 811 196 846 παρὰ
209 811 257 843 τὰς
272 812 301 838 ἐν
314 813 384 848 ἀρχῇ
395 814 468 840 ἐστιν
482 813 561 849 αῦτη.
584 815 627 842 Ἐν
637 815 723 852 ταύτῃ
739 817 793 852 γὰρ
808 818 880 844 ποιεῖ
895 819 909 844 ό

116 856 187 888 Θεὸς
209 859 243 893 τῇ
270 858 361 894 ἡμέρᾳ
382 859 496 894 οὐρανὸν
524 860 634 893 καινὸν,
649 861 696 888 καὶ
718 863 771 897 γῆν
794 862 907 899 καινὴν,

116 901 212 934 καθώς
230 890 317 938 ’τίθησιν
327 890 354 929 ’ό-
365 890 523 940 Προφήτης.
540 890 633 932 Ποῖον,
647 890 778 941 οὐραύόίω
793 906 823 933 τὸ
924 890 946 918 Β

119 947 217 983 ρέωμα
235 949 283 984 τῆς
311 950 352 981 είς
367 950 482 985 Χριστὸν
510 951 626 983 πίστεως
642 960 649 967 ·
668 952 748 979 ποίαν
772 953 845 988 γῆν;
860 953 909 988 τὴν

119 993 229 1028 ἀγαθὴν
256 994 369 1030 καρδίαν
386 995 468 1031 φημὶ,
494 997 584 1029 καθὼς
608 995 684 1025 εἶπεν
705 999 842 1035 όΚύριος,
861 999 911 1035 τὴν

118 1041 173 1075 γῆν
187 1040 237 1076 τὴν
252 1040 381 1068 πίνουσαν
399 1041 445 1069 τὸν
457 1042 501 1068 ἐπ’
516 1043 585 1079 αὐτῇ
604 1045 750 1079 ἐρχόμενον
762 1046 849 1077 ὑετὸν,
865 1046 911 1072 καὶ

118 1085 167 1112 τὸν
182 1086 313 1121 πολύχουν
332 1087 431 1122 στάχυν
449 1088 627 1124 ἁδρύνουσαν.
652 1090 696 1116 Ἐν
709 1090 795 1126 ταύτῃ
810 1092 843 1126 τῇ
856 1091 912 1118 κτί-

119 1139 175 1162 σει,
190 1131 264 1166 ἥλιος
291 1131 340 1166 μέν
357 1132 431 1158 ἐστιν
445 1132 459 1158 ὁ
481 1133 599 1169 καθαρὸς
624 1133 681 1169 βίος
700 1144 706 1150 ·
720 1135 808 1171 ἄστρα
829 1136 866 1170 δὲ,
883 1137 911 1164 αἱ

119 1176 232 1210 ἀρεταί·
249 1177 303 1213 ἀὴρ
316 1177 355 1209 δὲ,
374 1179 390 1213 ή
402 1178 534 1215 διαφανὴς
549 1181 670 1207 πολιτεία
679 1189 686 1195 ⁸
697 1181 819 1208 Θάλασσα
831 1182 870 1215 δὲ,
882 1183 912 1209 τὺ

120 1223 205 1257 βάθος
224 1224 282 1250 ἐστὶ
293 1223 341 1251 τοῦ
356 1224 470 1251 πλούτου
487 1227 537 1260 τῆς
556 1226 650 1261 σοφίας
661 1236 692 1254 τε
705 1228 752 1254 καὶ
767 1228 910 1263 γνώσεως·

120 1269 187 1295 πὸαι
211 1269 257 1296 καὶ
275 1269 463 1306 βλαστήματα,
480 1273 600 1308 ήάγαθὴ
626 1273 784 1302 διδασκαλία
809 1275 855 1302 καὶ
879 1275 914 1302 τὰ

121 1314 183 1341 θεῖα
202 1315 324 1351 δόγματα
334 1337 342 1349 ,
358 1317 430 1353 ἆπερ
444 1319 458 1344 ὀ
471 1318 536 1351 λαὸς
551 1320 601 1353 τῆς
626 1320 712 1355 νομῆς
723 1340 729 1352 ι
743 1322 883 1349 τουτέστιν
895 1323 912 1356 ἡ

122 1362 225 1397 ποίμνη
236 1362 282 1389 τοῦ
294 1363 361 1390 Θεοῦ
379 1365 535 1400 ἐπινέμεται
546 1373 553 1381 ’
569 1366 666 1402 δένδρα
676 1367 704 1393 δὲ
715 1367 842 1395 ποιοῦντα
852 1378 915 1404 καρ-

122 1409 185 1442 πὸν,
202 1410 218 1444 ἡ
238 1410 294 1436 τῶν
313 1410 427 1437 ἐντολῶν
447 1412 573 1447 ἐργασία.
597 1413 642 1440 Ἐν
656 1413 742 1450 ταύτῃ
767 1414 887 1447 κτίζεται
900 1416 914 1442 ὀ

123 1455 250 1490 ἀληθινὸς
273 1456 432 1491 ἅνθρωπος,
447 1458 462 1484 ὁ
484 1458 544 1484 κατ’
561 1458 653 1486 εἰκόνα
681 1459 827 1495 γενόμενος
847 1461 913 1487 Θεοῦ

124 1500 176 1527 καὶ
186 1501 324 1536 ὁμοίωσιν.
343 1499 417 1538 Ἀρά
443 1511 483 1529 σοι
509 1503 540 1529 οὺ
569 1503 671 1539 κόσμος
699 1504 802 1538 γίνεται
818 1507 914 1542 ἡάρχὴ

125 1546 207 1582 αὕτη,
229 1547 263 1575 Ἦ
282 1547 387 1582 ἡμέρα,
404 1547 445 1582 ἣν
466 1549 610 1583 ἐποίησεν
624 1551 640 1577 ό
652 1551 778 1585 Κύριος;
800 1552 867 1587 Περὶ
881 1550 915 1589 ἧς
928 1569 949 1597 C

125 1602 209 1629 φησιν
231 1594 245 1620 ὁ
261 1595 403 1630 προφήτης
419 1595 570 1631 Ζαχαρίας,
587 1596 628 1623 ὅτι
653 1596 715 1623 οὔτε
734 1597 825 1632 ἡμέρα
846 1599 916 1625 κατὰ.

125 1639 177 1671 τὰς
187 1639 270 1671 ἄλλας
280 1640 394 1676 ἡμέρας,
408 1640 470 1667 οὔτε
484 1641 532 1674 νὺξ
548 1642 618 1668 κατὰ
637 1642 685 1674 τὰς
700 1642 783 1674 ἄλλας
799 1643 898 1675 νύκτας
907 1663 914 1671 .

125 1686 184 1712 Καὶ
202 1685 277 1712 οὔπω
290 1686 321 1712 τὸ
333 1686 469 1722 ἐξαίρετον
481 1688 532 1722 τῆς
541 1687 681 1722 παρούσης
694 1688 803 1723 χάριτος
815 1690 830 1715 ό
839 1689 917 1723 λόγος

127 1731 270 1766 ἐκήρυξεν.
284 1731 359 1766 Αὕτη
378 1731 455 1759 ἔλυσε
471 1732 520 1768 τὴν
540 1733 588 1760 τοῦ
609 1733 724 1760 Θανάτου
735 1733 827 1761 ὠδῖνα.
843 1734 918 1770 Αὕτη

127 1778 176 1804 τδν
187 1778 242 1804 τῶν
256 1778 359 1814 νεκρῶν
378 1779 547 1814 πρωτότοκον
564 1780 739 1814 ἐμαιεύσατο.
764 1781 807 1807 Ἐν
831 1780 917 1816 ταύτῃ

130 1823 328 1858 συνετρίϐησαν
351 1825 380 1851 αἰ
404 1825 514 1859 σιδηραῖ
538 1825 585 1851 τοῦ
615 1825 730 1852 θανάτου
756 1826 846 1853 πύλαι.
875 1827 919 1853 Ἐν

130 1870 216 1904 ταύτῃ
243 1870 267 1896 οἱ
291 1869 386 1904 χαλκοῖ
406 1871 453 1897 τοῦ
478 1871 541 1906 ᾅδου
570 1872 662 1907 μοχλοὶ
689 1872 918 1908 συνεολάσθησαν.

131 1915 191 1941 Νῦν
202 1915 338 1950 ἀνοίγεται
354 1916 401 1942 τοῦ
413 1916 529 1943 θανάτου
540 1917 570 1944 τὺ
585 1917 780 1953 δεσμωτήριον.
797 1917 853 1945 Νῦν
871 1927 922 1953 κη-

134 1961 263 1996 ρύσσεται
287 1964 341 1993 τοῖς
367 1963 549 1998 αἰχμαλώτοις
571 1964 710 1999 ἡᾶφεσις.
737 1965 794 1992 Νῦν
818 1965 921 1999 γίνεται

132 2008 191 2039 τοῖς
207 2007 316 2042 τυφλοῖς
343 2009 532 2043 ήὰνάόλεψις.
558 2009 615 2036 Νῦν
631 2011 687 2042 τοῖς
709 2011 739 2037 ἐν
763 2011 853 2038 σκότει
875 2011 922 2038 καὶ¹

134 2052 201 2088 σκιᾷ
226 2052 341 2079 θανάτου
365 2053 568 2090 καθημένοις.ὴ
584 2055 613 2086 ἐξ
634 2055 717 2090 ὕψους
734 2056 850 2093 ἀνατολὴ
864 2058 923 2084 ἐπι-

135 2099 291 2126 σκέπτεται.
303 2099 436 2126 Βούλεσθέ
449 2108 476 2126 τι
490 2100 536 2127 καὶ
553 2101 617 2136 περὶ
632 2101 681 2136 τῆς
692 2101 842 2137 τριημέρου
856 2111 923 2136 προ-

135 2144 251 2179 Θεσμίας
263 2144 357 2180 μαθεῖν
368 2153 375 2177 ;
392 2145 485 2180 Ἀρκεί
497 2145 623 2173 τοσοῦτον
641 2147 746 2182 μαθεῖν,
756 2148 796 2174 ὅτι
810 2148 840 2174 ἐν
853 2147 924 2174 οὕτω

135 2190 218 2225 ὀλίγῳ
233 2191 273 2226 τῷ
288 2191 405 2226 χρονικῷ
420 2191 591 2227 διαστήματι,
605 2193 720 2228 ἤρκεσεν
730 2193 747 2227 ἡ
761 2193 925 2220 παντοδύνα-

588 112 622 140 ΙΝ
645 113 780 142 CHRISTI
800 115 1119 147 RESURRECTIONEM
1137 121 1240 150 ORA‘I‘.
1263 124 1282 150 Ι.

114 164 270 219 ἐνεστῶσαν
294 166 383 219 χάριν.
408 167 448 195 Τὰ
469 168 522 205 γὰρ
546 170 613 198 ἄλλα
628 173 661 199 τὰ
682 174 747 210 περὶ
771 175 802 202 τὸ
819 176 904 208 πάθος

968 178 990 205 id
1003 179 1145 207 cruciatus
1172 185 1345 216 mortemque
1374 182 1521 216 pertinent,
1551 185 1748 219 percurrisset,

1695 128 1751 157 606

957 224 991 252 de
1006 229 1129 260 tempore
1149 225 1212 257 hoc,
1232 226 1323 261 Neque
1341 226 1409 260 dies,
1428 228 1528 263 inquit,
1546 238 1627 265 neque
1651 232 1747 258 nox".

958 269 1065 303 Quibus
1082 271 1173 299 verbis
1187 272 1318 303 ostendit,
1340 280 1428 308 neque
1443 274 1526 310 diem,
1550 283 1612 303 cum
1629 277 1670 304 sol
1692 286 1747 305 non

957 316 1041 348 adsit,
1057 317 1149 344 vocari
1164 325 1257 352 posse,
1272 326 1360 353 neque
1384 324 1504 353 noctem,
1524 329 1586 349 cum
1601 323 1693 351 absint
1709 328 1749 350 tc-

957 361 1060 393 nebre,
1073 370 1144 398 quas
1155 362 1237 397 Deus,
1254 367 1285 391 ιιι
1313 364 1402 393 Moses
1413 367 1521 399 scribit,
1537 372 1644 396 noctem
1662 369 1749 397 nomi-

957 408 1070 436 navit“.

995 494 1195 528 Quamobrem,
1212 504 1274 524 cum
1294 502 1322 526 et
1336 507 1390 526 nox
1406 499 1542 531 tenebris.
1563 504 1591 529 et
1608 501 1667 529 dies
1684 502 1744 530 sole

958 541 1171 576 praescribatur,
1190 544 1323 578 propheta
1336 566 1343 578 ,
1365 545 1456 580 Neque
1476 546 1550 580 dies,
1572 547 1677 583 inquit,
1700 557 1748 575 ne-

959 595 1008 621 que
1024 595 1086 614 nox.
1104 587 1182 621 Quod
1201 589 1225 616 si
1241 597 1332 625 neque
1345 599 1400 619 nox
1411 613 1418 625 ,
1435 600 1523 627 neque
1538 593 1616 627 dies,
1638 599 1747 629 tempus

960 630 1012 658 hoc
1034 631 1088 659 dici
1120 637 1227 667 potest,
1256 635 1310 661 alio
1337 636 1448 663 nomine
1477 637 1603 672 profecto
1626 645 1750 673 praesens

960 678 1048 712 gratia
1083 682 1125 706 est
1157 680 1332 714 appellanda.
1365 681 1456 710 Vultis
1487 690 1623 718 exponam
1652 684 1748 716 vobis,

961 724 1026 758 quid
1047 725 1105 759 ipse
1126 726 1265 753 sentiam?
1281 726 1345 754 How
1363 732 1402 755 est
1422 728 1478 756 dies
1497 729 1567 760 illa.
1591 738 1670 765 quam
1685 730 1750 765 fecit

961 769 1142 802 Dominus”,
1171 779 1186 798 a
1219 771 1316 800 diebus
1344 773 1399 801 illis
1431 774 1512 809 longe
1545 774 1671 807 diversa,
1701 775 1749 810 qui

961 815 1056 842 mundi
1081 817 1280 850 procreationis
1297 818 1377 846 initio
1398 824 1463 847 sunt
1480 820 1663 857 constituti,[
1679 828 1751 856 quos

963 860 1095 894 temporis
1112 868 1212 889 cursus
1225 862 1376 890 dimetitur.
1389 863 1511 892 Alterius
1533 865 1592 892 haec
1611 869 1653 892 est
1685 873 1750 900 pro-

960 906 1110 934 creationis
1140 907 1284 944 iuitium.]
1313 908 1341 935 lu
1361 909 1412 936 hac
1434 910 1507 937 enim
1525 910 1570 938 die
1585 911 1682 938 oculum
1700 919 1750 938 no—

952 958 1024 991 qvum
1049 950 1116 978 facit
1134 951 1207 980 Deus
1234 956 1261 980 et
1285 957 1385 981 terram
1412 962 1529 986 novam,
1556 960 1586 983 ut
1615 957 1654 983 ait
1679 956 1751 984 Pro-

960 997 1042 1031 pheta
1057 998 1091 1024 ".
1123 998 1237 1033 Ecquod
1257 1000 1378 1027 coelum?
1392 1000 1593 1030 ﬁrmamentum
1609 1002 1670 1037 ejus
1689 1010 1751 1037 quae

961 1043 988 1070 in
1003 1043 1116 1071 Christo
1134 1049 1177 1072 est
1196 1045 1271 1073 ﬁdei.
1290 1047 1411 1081 Ecquam
1426 1047 1551 1075 terram?
1566 1056 1614 1075 cor
1630 1048 1749 1080 bonum,

961 1089 1094 1123 inquam,
1117 1093 1147 1116 ut
1160 1090 1230 1118 dixit
1245 1090 1378 1120 Dominus
1389 1112 1397 1125 ,
1415 1097 1514 1120 terram
1541 1102 1602 1129 quae
1618 1094 1687 1121 bibit
1703 1102 1753 1122 su-

963 1142 1012 1169 per
1029 1142 1059 1161 se
1074 1135 1228 1163 venientem
1256 1137 1371 1164 imbrem
1382 1157 1390 1169 ,
1402 1142 1429 1166 et
1445 1138 1550 1173 spicam
1571 1139 1751 1174 multiplicem

964 1181 1077 1216 parit“.
1105 1180 1134 1208 In
1161 1181 1213 1209 hac
1240 1183 1398 1216 creatione,
1431 1184 1472 1211 sol
1498 1185 1607 1219 quidem
1632 1189 1675 1213 est
1696 1186 1751 1213 vita

964 1226 1082 1259 munda,
1094 1226 1196 1259 stellae,
1215 1227 1350 1258 virtutes;
1367 1235 1425 1261 aer,
1443 1229 1576 1264 praeclara
1603 1237 1752 1257 conversa-

964 1273 1019 1306 tio;
1038 1280 1124 1303 mare,
1147 1273 1265 1301 altitudo
1284 1273 1452 1307 divitiarum,
1469 1275 1610 1310 sapientia:
1622 1279 1650 1303 et
1662 1276 1752 1303 scien-

964 1319 1027 1350 tiae;
1050 1318 1140 1345 herba:
1161 1322 1189 1345 et
1212 1319 1334 1353 germina
1349 1339 1356 1350 ,
1375 1320 1447 1346 bona
1472 1319 1618 1353 doctrina,
1644 1319 1752 1347 divina-

964 1362 1028 1398 que'
1039 1363 1220 1397 documenta,
1238 1372 1299 1398 qua:
1328 1365 1444 1399 populus
1464 1372 1573 1399 pascuae
1586 1383 1593 1396 ,
1624 1365 1678 1392 hoc
1694 1369 1751 1395 est.

966 1409 1020 1437 Dei.
1030 1417 1095 1445 grex
1110 1410 1218 1444 carpit,
1236 1414 1320 1445 atque
1340 1410 1516 1445 depascitur;
1533 1410 1647 1438 arbores
1664 1410 1754 1437 feren-

965 1459 1006 1482 tes
1023 1455 1141 1483 i'ructum
1154 1475 1161 1487 ,
1175 1456 1367 1483 mandatorum
1390 1456 1559 1483 observatio.
1585 1456 1614 1483 In
1642 1455 1694 1483 hac
1711 1456 1757 1483 die

964 1509 1047 1530 verus
1069 1502 1151 1529 homo
1175 1506 1338 1537 procreatur
1354 1502 1388 1530 ad
1405 1502 1552 1536 imaginem
1576 1505 1603 1529 et
1623 1501 1754 1529 similitu-

966 1547 1055 1575 dinem
1073 1548 1129 1575 Dei.
1146 1547 1245 1575 Annon
1261 1548 1379 1576 mundus
1396 1548 1444 1575 tibi
1456 1549 1485 1574 Ilt
1499 1548 1552 1575 hoc
1568 1547 1748 1582 principium,

967 1593 1033 1620 Hau:
1050 1593 1120 1626 dies,
1137 1602 1216 1628 quam
1236 1593 1297 1628 fecit
1312 1593 1464 1620 Dominus?
1477 1593 1565 1627 Quam
1582 1601 1672 1628 neque
1684 1593 1756 1621 diem

967 1647 1029 1667 esse
1043 1639 1109 1666 dicit
1131 1639 1264 1674 propheta
1303 1639 1401 1667 diebus
1415 1639 1498 1672 aliis,
1530 1646 1621 1676 neque
1647 1642 1754 1666 noctem

967 1685 1030 1712 aliis
1054 1684 1182 1712 noctibus
1200 1685 1340 1712 similem?
1364 1683 1418 1712 Sed
1445 1683 1520 1719 quod
1546 1683 1573 1711 in
1592 1683 1644 1711 hac
1669 1683 1756 1719 gratia

968 1731 1226 1766 praestantissimum
1247 1735 1309 1762 est,
1324 1730 1446 1758 nondum
1465 1729 1672 1765 explicavimus.
1695 1728 1757 1756 Haec

968 1775 1066 1803 mortis
1091 1775 1200 1803 dolores
1225 1775 1361 1803 dissolvit.
1379 1774 1442 1802 Haec
1457 1779 1628 1802 mortuorum
1656 1774 1756 1809 prino-

969 1821 1090 1856 genitum
1113 1821 1210 1849 edidit.
1223 1821 1253 1849 lu
1276 1821 1328 1849 hac
1355 1821 1449 1849 ferrem
1470 1822 1565 1849 mortis
1592 1825 1678 1856 porta
1694 1828 1757 1848 con-

971 1867 1065 1895 fracta:
1083 1872 1157 1896 sunt.
1179 1867 1207 1895 In
1228 1867 1280 1895 hae
1306 1868 1370 1895 aerei
1395 1867 1545 1895 inferorum
1571 1871 1663 1895 vectes
1688 1874 1758 1894 cont-

971 1914 1082 1941 minuti.
1101 1913 1181 1941 Nunc
1198 1913 1296 1940 mortis
1307 1920 1402 1941 carcer
1416 1913 1550 1947 aperitur.
1566 1912 1645 1940 Nunc
1670 1912 1757 1947 capti-

971 1960 1015 1987 vis
1034 1960 1147 1987 libertas
1158 1959 1348 1987 denuntiatur.
1363 1958 1444 1986 Nunc
1455 1959 1536 1987 caecis
1549 1959 1658 1986 videndi
1670 1958 1754 1986 facul-

972 2010 1015 2034 tas
1032 2006 1178 2041 przebetur.
1196 2005 1274 2033 Nunc
1300 2006 1394 2033 oriens
1412 2013 1446 2033 ex
1463 2005 1518 2033 alto
1535 2005 1630 2033 invisit
1645 2013 1694 2033 eos
1709 2005 1758 2040 qui

973 2052 1001 2079 in
1018 2052 1139 2080 tenebris
1162 2057 1190 2079 et
1211 2052 1309 2079 umbra
1329 2052 1428 2079 mortis
1449 2051 1639 2079 considebant.
1671 2051 1762 2079 Vultis

973 2098 1055 2125 etiam
1071 2097 1105 2125 de
1121 2097 1204 2124 tridui
1236 2097 1370 2133 praeﬁnito
1385 2098 1503 2124 termino
1529 2097 1633 2132 aliquid
1660 2096 1758 2128 intelli-

974 2143 1138 2179 εει·θῖωυύ
1153 2143 1258 2172 dixisse
1274 2144 1399 2172 contenti
1427 2144 1532 2176 simus,
1554 2148 1609 2171 tam
1633 2143 1759 2179 exiguum

976 2191 1107 2225 temporis
1126 2189 1246 2225 spatium
1266 2190 1351 2218 fuisse
1367 2191 1452 2222 satis,
1470 2195 1499 2217 ut
1514 2190 1690 2224 omnipotens
1714 2196 1760 2215 sa-

137 2246 188 2271 μος
197 2237 277 2270 σοφία
290 2238 319 2263 ἐν
333 2238 366 2272 τῇ
387 2237 485 2273 καρδίᾳ
500 2238 549 2272 τῆς
568 2238 618 2272 γῆς
637 2239 769 2274 γενομένη
781 2240 796 2265 ό
812 2239 913 2274 Κύριος

976 2236 1079 2272 pientia
1106 2236 1136 2263 in
1165 2236 1249 2264 corde
1267 2241 1348 2264 terrae
1378 2237 1517 2265 exsistens
1535 2244 1661 2272 magnam
1688 2235 1761 2263 illam

135 2283 183 2309 τὸν
195 2283 279 2317 μέγαν
294 2283 396 2310 ἐκεῖνον
409 2283 472 2310 νοῦν
492 2283 538 2310 τὸν
555 2285 584 2309 ἐν
598 2284 666 2319 αὐτῇ
680 2284 858 2319 διαιτώμενον
876 2293 926 2311 κα-

135 2329 308 2363 ταμωρᾶναι.
325 2328 402 2355 Οὕτω
416 2329 470 2364 γὰρ
485 2329 499 2355 ό
516 2329 664 2365 Προφήτης
676 2330 758 2356 αὑτὸν
771 2331 924 2365 κατονομά-

137 2374 199 2405 ζει,
217 2373 303 2409 μέγαν
328 2373 390 2400 νοῦν
419 2374 500 2401 αὑτὸν
525 2375 670 2402 ἀποκαλῶν
700 2375 748 2402 καὶ
775 2375 914 2412 Ἀσσύριον

143 2418 221 2445 Ἐπεὶ
244 2416 291 2445 οὖν
307 2418 383 2445 ἑστία
395 2418 436 2450 τίς
451 2420 510 2445 ἐστι
519 2418 567 2446 τοῦ
586 2419 633 2446 νοῦ
644 2420 661 2455 ἡ
677 2421 774 2456 καρδία
784 2420 828 2456 (ὲν
841 2421 928 2457 ταύτῃ

137 2465 193 2500 γὰρ
208 2464 238 2491 τὸ
253 2465 417 2500 ἡγεμονικὸν
431 2463 501 2491 εἶναι
518 2465 697 2500 πιστεύεται),
709 2467 753 2493 διὰ
763 2467 841 2494 τοῦτο
857 2467 929 2502 γίνε-

137 2519 184 2539 ται
197 2512 268 2546 ὲντῇ
286 2511 385 2547 καρδίᾳ
403 2511 453 2547 τῆς
479 2512 531 2547 γῆς
552 2513 566 2538 ὁ
593 2512 704 2548 Κύριος,
726 2514 786 2548 ἥτις
799 2514 858 2540 ἐστὶ
882 2513 929 2540 τοῦ

141 2557 186 2584 νοῦ
218 2557 322 2584 ἐκείνου
344 2558 468 2593 οὐράνιον
486 2558 643 2594 ἐνδιαίτημα
654 2567 661 2574 ·
680 2558 751 2586 ὥστε
768 2560 817 2595 τὴν
835 2559 931 2595 βουλὴν

140 2602 224 2629 αὑτοῦ
238 2603 372 2638 μωρᾶναι,
386 2603 476 2634 καθὼς
493 2603 662 2640 ὁΠροφήτης
678 2605 754 2639 φησὶ,
771 2606 819 2632 καὶ
830 2605 931 2641 δράξα-

143 2647 204 2673 σθαι
219 2647 264 2674 τὸν
278 2647 358 2682 σοφὸν
374 2648 408 2682 ἐιρ
417 2649 450 2683 τῇ
477 2649 630 2685 πανουργίᾳ.
641 2650 723 2676 αὑτοῦ
739 2651 784 2676 καὶ
804 2651 930 2686 περιτρέ-

141 2693 192 2727 ψαι
213 2693 287 2728 αὐτῷ
315 2693 382 2728 πρὶς
402 2695 431 2719 τὸ
446 2694 565 2721 ἐναντίον
585 2695 619 2721 τὰ
642 2696 710 2730 σοφὰ
733 2697 927 2731 ἐγχειρήματα.

151 2738 260 2774 Ἐπειδὴ
275 2738 329 2774 γὰρ
350 2739 489 2774 ἀμήχανον
503 2737 537 2774 ἦν
550 2740 595 2766 τὸν
612 2741 729 2776 ἄρχοντα
752 2741 799 2768 τοῦ
818 2742 930 2774 σκότους

183 2795 203 2809 ¹⁷
218 2794 301 2821 Zach.
312 2803 366 2824 XIV,
379 2795 406 2823 7.
446 2795 467 2811 "
482 2794 550 2822 Gen.
569 2804 588 2824 ι.
605 2797 632 2823 3.

672 2798 693 2814 ‘9
706 2797 775 2826 Psal.
793 2806 876 2830 cxvii,
892 2799 935 2826 ΞΜ.

146 2829 232 2859 "lsa.
251 2838 324 2863 xxix,
340 2831 380 2857 ιι.
419 2830 441 2846 ’⁵
458 2829 509 2858 Job
526 2839 550 2864 v,
569 2832 609 2858 15.

976 2288 1096 2310 mentem
1122 2282 1150 2309 in
1165 2289 1198 2310 eo
1214 2282 1383 2309 habitantem
1414 2283 1526 2310 stultam
1556 2282 1692 2310 redderet.
1715 2280 1762 2307 Sic

975 2328 1048 2356 enim
1064 2328 1142 2355 illum
1166 2328 1291 2355 nominat
1308 2327 1444 2363 Propheta
1457 2348 1464 2359 ,
1489 2335 1615 2363 magnam
1644 2331 1762 2354 mentem

975 2374 1052 2400 illum
1079 2378 1106 2400 et
1135 2373 1279 2409 Assyrium
1296 2374 1437 2408 appellans
1448 2375 1482 2400 ".
1513 2374 1651 2407 Quoniam
1683 2372 1761 2407 igitur

975 2420 1145 2447 domicilium
1174 2420 1312 2455 quoddam
1331 2420 1431 2448 mentis
1446 2424 1488 2448 est
1505 2428 1573 2453 cor;
1591 2420 1618 2446 in
1636 2426 1670 2446 eo
1688 2418 1762 2445 enim

978 2467 1154 2503 principatus
1178 2468 1264 2495 animi
1284 2475 1346 2496 esse
1358 2468 1479 2495 creditur
1495 2476 1502 2494 :
1518 2466 1622 2493 idcirco
1634 2465 1763 2492 Dominus

979 2519 1070 2541 manet
1084 2514 1111 2541 in
1127 2514 1209 2542 corde
1223 2519 1320 2545 terrm,
1341 2513 1388 2541 ubi
1405 2517 1448 2541 est
1461 2512 1561 2540 mentis
1585 2511 1660 2538 illius
1679 2510 1763 2536 ecele~

980 2564 1022 2587 ste
1032 2560 1214 2592 domicilium,
1234 2564 1264 2587 ut
1283 2559 1430 2587 consilium
1447 2558 1508 2593 ejus
1525 2557 1641 2585 stultum
1657 2555 1763 2585 reddat,

981 2609 1011 2632 ut
1039 2606 1078 2632 ait
1111 2606 1267 2641 propheta,
1297 2611 1323 2633 et
1348 2604 1536 2640 apprehendat
1569 2603 1704 2638 sapientes
1736 2601 1764 2628 in

983 2652 1085 2679 astutia
1108 2659 1203 2679 eorum
1216 2652 1255 2685 ”,
1273 2655 1300 2679 et
1320 2651 1456 2686 sapientes
1470 2650 1593 2684 ipsorum
1610 2651 1722 2675 conatus
1737 2646 1763 2673 in

983 2697 1152 2724 contrarium
1177 2701 1277 2725 vertat.
1292 2696 1360 2723 Nam
1379 2695 1443 2731 quia
1459 2695 1516 2722 ﬁeri
1533 2701 1587 2720 non
1610 2696 1715 2728 poterat
1735 2695 1764 2719 ut

983 2744 1111 2778 princeps
1137 2744 1310 2771 tenebrarum
1346 2742 1447 2769 meram
1484 2740 1554 2768 lucis
1587 2738 1761 2774 prmsemiam

987 2800 1009 2815 ¹⁰
1025 2798 1076 2826 lsa.
1090 2807 1152 2832 va,
1166 2799 1209 2827 l7.
1257 2799 1278 2815 ²⁸
1300 2797 1351 2826 lsa.
1369 2805 1424 2830 ιιι,
1453 2795 1498 2827 Η.
1543 2796 1566 2812 ⁸³
1584 2795 1637 2825 lsa.
1667 2801 1693 2826 Ξ,
1712 2793 1764 2827 1‘2;
