  <div class='ocr_page' id='page_1' title='image "/cluster/home/n/w/nwhite01/storage/ocr_20150623/46/njp.32101077772604/356.png"; bbox 0 0 1938 3082; ppageno 0'>
   <div class='ocr_carea' id='block_1_1' title="bbox 118 126 174 154">
    <p class='ocr_par' dir='ltr' id='par_1_1' title="bbox 118 126 174 154">
     <span class='ocr_line' id='line_1_1' title="bbox 118 126 174 154; baseline 0.036 -2"><span class='ocrx_word' id='word_1_1' title='bbox 118 126 174 154; x_wconf 70' lang='lat'><strong>609</strong></span> 
     </span>
    </p>
   </div>
   <div class='ocr_carea' id='block_1_2' title="bbox 118 181 952 216">
    <p class='ocr_par' dir='ltr' id='par_1_2' title="bbox 118 181 952 216">
     <span class='ocr_line' id='line_1_2' title="bbox 118 181 952 216; baseline -0.001 -8"><span class='ocrx_word' id='word_1_2' title='bbox 118 181 205 208; x_wconf 83' lang='grc' dir='ltr'>νοῦσα</span> <span class='ocrx_word' id='word_1_3' title='bbox 233 181 381 216; x_wconf 78' lang='grc' dir='ltr'><strong>συνδιεξῄει</strong></span> <span class='ocrx_word' id='word_1_4' title='bbox 398 182 458 213; x_wconf 85' lang='grc' dir='ltr'>ταῖς</span> <span class='ocrx_word' id='word_1_5' title='bbox 482 181 526 207; x_wconf 67' lang='grc' dir='ltr'><strong>ἀεὶ</strong></span> <span class='ocrx_word' id='word_1_6' title='bbox 549 181 754 216; x_wconf 81' lang='grc' dir='ltr'>ἐπιγενομέναις</span> <span class='ocrx_word' id='word_1_7' title='bbox 774 182 881 215; x_wconf 81' lang='grc' dir='ltr'>γενεαῖς</span> <span class='ocrx_word' id='word_1_8' title='bbox 895 182 911 216; x_wconf 85' lang='grc' dir='ltr'><strong>ἡ</strong></span> <span class='ocrx_word' id='word_1_9' title='bbox 927 184 952 212; x_wconf 75' lang='grc' dir='ltr'><strong>Α</strong></span> 
     </span>
    </p>
   </div>
   <div class='ocr_carea' id='block_1_3' title="bbox 119 227 916 263">
    <p class='ocr_par' dir='ltr' id='par_1_3' title="bbox 119 227 916 263">
     <span class='ocr_line' id='line_1_3' title="bbox 119 227 916 263; baseline 0 -9"><span class='ocrx_word' id='word_1_10' title='bbox 119 228 206 254; x_wconf 87' lang='grc' dir='ltr'>κακία</span> <span class='ocrx_word' id='word_1_11' title='bbox 221 228 336 263; x_wconf 82' lang='grc' dir='ltr'>χεομένη</span> <span class='ocrx_word' id='word_1_12' title='bbox 353 227 392 262; x_wconf 84' lang='grc' dir='ltr'><strong>τῷ</strong></span> <span class='ocrx_word' id='word_1_13' title='bbox 407 227 505 263; x_wconf 84' lang='grc' dir='ltr'>πλήθει</span> <span class='ocrx_word' id='word_1_14' title='bbox 523 228 591 263; x_wconf 75' lang='grc' dir='ltr'>πρὸς</span> <span class='ocrx_word' id='word_1_15' title='bbox 611 227 735 263; x_wconf 81' lang='grc' dir='ltr'>ἄπειρον,</span> <span class='ocrx_word' id='word_1_16' title='bbox 750 228 803 259; x_wconf 69' lang='grc' dir='ltr'>ἕως</span> <span class='ocrx_word' id='word_1_17' title='bbox 827 229 866 259; x_wconf 85' lang='grc' dir='ltr'>εἰς</span> <span class='ocrx_word' id='word_1_18' title='bbox 886 228 916 254; x_wconf 82' lang='grc' dir='ltr'><strong>τὸ</strong></span> 
     </span>
    </p>
   </div>
   <div class='ocr_carea' id='block_1_4' title="bbox 119 272 916 308">
    <p class='ocr_par' dir='ltr' id='par_1_4' title="bbox 119 272 916 308">
     <span class='ocr_line' id='line_1_4' title="bbox 119 272 916 308; baseline -0.001 -9"><span class='ocrx_word' id='word_1_19' title='bbox 119 273 273 308; x_wconf 74' lang='grc' dir='ltr'>ἀκρότατον</span> <span class='ocrx_word' id='word_1_20' title='bbox 293 273 340 299; x_wconf 84' lang='grc' dir='ltr'>τοῦ</span> <span class='ocrx_word' id='word_1_21' title='bbox 361 273 447 299; x_wconf 75' lang='grc' dir='ltr'>κακοῦ</span> <span class='ocrx_word' id='word_1_22' title='bbox 465 272 632 308; x_wconf 68' lang='grc' dir='ltr'>προελθοῦσα</span> <span class='ocrx_word' id='word_1_23' title='bbox 646 292 653 304; x_wconf 83' lang='grc'><em>,</em></span> <span class='ocrx_word' id='word_1_24' title='bbox 670 272 761 308; x_wconf 81' lang='grc' dir='ltr'>πάσης</span> <span class='ocrx_word' id='word_1_25' title='bbox 779 272 916 307; x_wconf 76' lang='grc' dir='ltr'>κατεκρά-</span> 
     </span>
    </p>
   </div>
   <div class='ocr_carea' id='block_1_5' title="bbox 118 318 916 354">
    <p class='ocr_par' dir='ltr' id='par_1_5' title="bbox 118 318 916 354">
     <span class='ocr_line' id='line_1_5' title="bbox 118 318 916 354; baseline 0 -9"><span class='ocrx_word' id='word_1_26' title='bbox 118 328 188 354; x_wconf 79' lang='grc' dir='ltr'>τησε</span> <span class='ocrx_word' id='word_1_27' title='bbox 205 318 255 353; x_wconf 81' lang='grc' dir='ltr'>τῆς</span> <span class='ocrx_word' id='word_1_28' title='bbox 275 318 448 353; x_wconf 73' lang='grc' dir='ltr'><strong>ἀνθρωπίνης</strong></span> <span class='ocrx_word' id='word_1_29' title='bbox 465 318 573 352; x_wconf 77' lang='grc' dir='ltr'>φύσεως</span> <span class='ocrx_word' id='word_1_30' title='bbox 592 326 598 334; x_wconf 92' lang='grc'><strong>·</strong></span> <span class='ocrx_word' id='word_1_31' title='bbox 613 318 683 344; x_wconf 71' lang='grc' dir='ltr'>οὕτω</span> <span class='ocrx_word' id='word_1_32' title='bbox 702 318 749 345; x_wconf 83' lang='grc' dir='ltr'>τοῦ</span> <span class='ocrx_word' id='word_1_33' title='bbox 772 319 916 354; x_wconf 85' lang='grc' dir='ltr'>Προφήτου</span> 
     </span>
    </p>
   </div>
   <div class='ocr_carea' id='block_1_6' title="bbox 119 364 916 400">
    <p class='ocr_par' dir='ltr' id='par_1_6' title="bbox 119 364 916 400">
     <span class='ocr_line' id='line_1_6' title="bbox 119 364 916 400; baseline 0.001 -9"><span class='ocrx_word' id='word_1_34' title='bbox 119 364 274 396; x_wconf 76' lang='grc' dir='ltr'><strong>καθολικῶς</strong></span> <span class='ocrx_word' id='word_1_35' title='bbox 300 364 511 400; x_wconf 77' lang='grc' dir='ltr'><strong>ἀποφηναμένου</strong></span> <span class='ocrx_word' id='word_1_36' title='bbox 523 385 530 396; x_wconf 88' lang='grc'><strong>,</strong></span> <span class='ocrx_word' id='word_1_37' title='bbox 546 365 587 391; x_wconf 80' lang='grc' dir='ltr'>ὅτι</span> <span class='ocrx_word' id='word_1_38' title='bbox 604 364 718 397; x_wconf 82' lang='grc' dir='ltr'><strong>Πάντες</strong></span> <span class='ocrx_word' id='word_1_39' title='bbox 735 364 916 398; x_wconf 77' lang='grc' dir='ltr'><strong>ἐξέκλιναν,</strong></span> 
     </span>
    </p>
   </div>
   <div class='ocr_carea' id='block_1_7' title="bbox 119 409 916 447">
    <p class='ocr_par' dir='ltr' id='par_1_7' title="bbox 119 409 916 447">
     <span class='ocr_line' id='line_1_7' title="bbox 119 409 916 447; baseline 0.001 -10"><span class='ocrx_word' id='word_1_40' title='bbox 119 412 184 445; x_wconf 77' lang='grc' dir='ltr'>ἅμα</span> <span class='ocrx_word' id='word_1_41' title='bbox 207 411 426 445; x_wconf 80' lang='grc' dir='ltr'>ὴχρειώθησαν,</span> <span class='ocrx_word' id='word_1_42' title='bbox 447 411 492 438; x_wconf 79' lang='grc' dir='ltr'><strong>καὶ</strong></span> <span class='ocrx_word' id='word_1_43' title='bbox 504 411 553 438; x_wconf 83' lang='grc' dir='ltr'>οὐκ</span> <span class='ocrx_word' id='word_1_44' title='bbox 570 409 604 447; x_wconf 78' lang='grc' dir='ltr'>ἦν</span> <span class='ocrx_word' id='word_1_45' title='bbox 619 413 647 438; x_wconf 82' lang='grc' dir='ltr'>ὲν</span> <span class='ocrx_word' id='word_1_46' title='bbox 667 413 723 443; x_wconf 84' lang='grc' dir='ltr'>τοῖς</span> <span class='ocrx_word' id='word_1_47' title='bbox 740 410 815 439; x_wconf 82' lang='grc' dir='ltr'>οὖσιν</span> <span class='ocrx_word' id='word_1_48' title='bbox 831 412 916 445; x_wconf 76' lang='grc' dir='ltr'>οὐδὲν,</span> 
     </span>
    </p>
   </div>
   <div class='ocr_carea' id='block_1_8' title="bbox 118 455 918 494">
    <p class='ocr_par' dir='ltr' id='par_1_8' title="bbox 118 455 918 494">
     <span class='ocr_line' id='line_1_8' title="bbox 118 455 918 494; baseline 0.001 -10"><span class='ocrx_word' id='word_1_49' title='bbox 118 458 133 484; x_wconf 80' lang='grc' dir='ltr'><strong>ὃ</strong></span> <span class='ocrx_word' id='word_1_50' title='bbox 151 458 190 494; x_wconf 86' lang='grc' dir='ltr'>μὴ</span> <span class='ocrx_word' id='word_1_51' title='bbox 205 459 302 490; x_wconf 87' lang='grc' dir='ltr'>κακίας</span> <span class='ocrx_word' id='word_1_52' title='bbox 326 458 440 493; x_wconf 70' lang='grc' dir='ltr'>ὄργανον</span> <span class='ocrx_word' id='word_1_53' title='bbox 456 455 500 493; x_wconf 79' lang='grc' dir='ltr'><strong>ἦν.</strong></span> <span class='ocrx_word' id='word_1_54' title='bbox 511 458 566 494; x_wconf 86' lang='grc' dir='ltr'><strong>Τὴν</strong></span> <span class='ocrx_word' id='word_1_55' title='bbox 587 456 633 485; x_wconf 75' lang='grc' dir='ltr'>οὖν</span> <span class='ocrx_word' id='word_1_56' title='bbox 649 457 783 493; x_wconf 74' lang='grc' dir='ltr'>τοσαύτην</span> <span class='ocrx_word' id='word_1_57' title='bbox 803 458 850 485; x_wconf 81' lang='grc' dir='ltr'><strong>τοῦ</strong></span> <span class='ocrx_word' id='word_1_58' title='bbox 869 467 918 485; x_wconf 87' lang='grc' dir='ltr'>κα-</span> 
     </span>
    </p>
   </div>
   <div class='ocr_carea' id='block_1_9' title="bbox 119 504 918 540">
    <p class='ocr_par' dir='ltr' id='par_1_9' title="bbox 119 504 918 540">
     <span class='ocr_line' id='line_1_9' title="bbox 119 504 918 540; baseline 0.001 -10"><span class='ocrx_word' id='word_1_59' title='bbox 119 504 173 530; x_wconf 82' lang='grc' dir='ltr'>κοῦ</span> <span class='ocrx_word' id='word_1_60' title='bbox 194 504 310 540; x_wconf 88' lang='grc' dir='ltr'>σωρείαν</span> <span class='ocrx_word' id='word_1_61' title='bbox 324 504 372 540; x_wconf 84' lang='grc' dir='ltr'>τὴν</span> <span class='ocrx_word' id='word_1_62' title='bbox 389 504 443 530; x_wconf 78' lang='grc' dir='ltr'><strong>ἀπὸ</strong></span> <span class='ocrx_word' id='word_1_63' title='bbox 466 504 621 539; x_wconf 75' lang='grc' dir='ltr'>καταϐολῆς</span> <span class='ocrx_word' id='word_1_64' title='bbox 642 504 744 539; x_wconf 82' lang='grc' dir='ltr'>κόσμου</span> <span class='ocrx_word' id='word_1_65' title='bbox 773 504 853 540; x_wconf 85' lang='grc' dir='ltr'>μέχρι</span> <span class='ocrx_word' id='word_1_66' title='bbox 869 505 918 540; x_wconf 82' lang='grc' dir='ltr'>τῆς</span> 
     </span>
    </p>
   </div>
   <div class='ocr_carea' id='block_1_10' title="bbox 119 549 920 587">
    <p class='ocr_par' dir='ltr' id='par_1_10' title="bbox 119 549 920 587">
     <span class='ocr_line' id='line_1_10' title="bbox 119 549 920 587; baseline 0.001 -11"><span class='ocrx_word' id='word_1_67' title='bbox 119 550 196 577; x_wconf 78' lang='grc' dir='ltr'>κατὰ</span> <span class='ocrx_word' id='word_1_68' title='bbox 215 551 244 576; x_wconf 81' lang='grc' dir='ltr'><strong>τὸ</strong></span> <span class='ocrx_word' id='word_1_69' title='bbox 257 550 341 582; x_wconf 82' lang='grc' dir='ltr'>πάθος</span> <span class='ocrx_word' id='word_1_70' title='bbox 354 549 401 577; x_wconf 77' lang='grc' dir='ltr'>τοῦ</span> <span class='ocrx_word' id='word_1_71' title='bbox 421 550 527 586; x_wconf 83' lang='grc' dir='ltr'>Κυρίου</span> <span class='ocrx_word' id='word_1_72' title='bbox 549 551 705 585; x_wconf 75' lang='grc' dir='ltr'>οἰκονομίας</span> <span class='ocrx_word' id='word_1_73' title='bbox 721 550 920 587; x_wconf 80' lang='grc' dir='ltr'>συναθροισθεῖ-</span> 
     </span>
    </p>
   </div>
   <div class='ocr_carea' id='block_1_11' title="bbox 120 597 919 633">
    <p class='ocr_par' dir='ltr' id='par_1_11' title="bbox 120 597 919 633">
     <span class='ocr_line' id='line_1_11' title="bbox 120 597 919 633; baseline 0 -9"><span class='ocrx_word' id='word_1_74' title='bbox 120 605 185 630; x_wconf 68' lang='lat' dir='ltr'><strong>dav,</strong></span> <span class='ocrx_word' id='word_1_75' title='bbox 200 598 214 624; x_wconf 87' lang='grc' dir='ltr'>ὁ</span> <span class='ocrx_word' id='word_1_76' title='bbox 233 598 261 623; x_wconf 75' lang='grc' dir='ltr'>ἐν</span> <span class='ocrx_word' id='word_1_77' title='bbox 273 598 346 632; x_wconf 78' lang='grc' dir='ltr'>τρισὶ</span> <span class='ocrx_word' id='word_1_78' title='bbox 363 597 473 633; x_wconf 81' lang='grc' dir='ltr'>διαχέας</span> <span class='ocrx_word' id='word_1_79' title='bbox 490 597 619 633; x_wconf 80' lang='grc' dir='ltr'><strong>ἡμέραις,</strong></span> <span class='ocrx_word' id='word_1_80' title='bbox 636 598 736 633; x_wconf 82' lang='grc' dir='ltr'>μικράν</span> <span class='ocrx_word' id='word_1_81' title='bbox 749 606 789 624; x_wconf 87' lang='grc' dir='ltr'><strong>σοι</strong></span> <span class='ocrx_word' id='word_1_82' title='bbox 806 598 919 633; x_wconf 85' lang='grc' dir='ltr'>πεποίη-</span> 
     </span>
    </p>
   </div>
   <div class='ocr_carea' id='block_1_12' title="bbox 118 643 917 680">
    <p class='ocr_par' dir='ltr' id='par_1_12' title="bbox 118 643 917 680">
     <span class='ocr_line' id='line_1_12' title="bbox 118 643 917 680; baseline 0.001 -11"><span class='ocrx_word' id='word_1_83' title='bbox 118 652 169 669; x_wconf 84' lang='grc' dir='ltr'><strong>ται</strong></span> <span class='ocrx_word' id='word_1_84' title='bbox 191 644 241 678; x_wconf 79' lang='grc' dir='ltr'><strong>τῆς</strong></span> <span class='ocrx_word' id='word_1_85' title='bbox 260 643 484 680; x_wconf 75' lang='grc' dir='ltr'>ὑπερῦαλλούσης</span> <span class='ocrx_word' id='word_1_86' title='bbox 503 643 644 679; x_wconf 83' lang='grc' dir='ltr'>δυνάμεως</span> <span class='ocrx_word' id='word_1_87' title='bbox 659 643 709 679; x_wconf 85' lang='grc' dir='ltr'><strong>τὴν</strong></span> <span class='ocrx_word' id='word_1_88' title='bbox 734 644 880 677; x_wconf 79' lang='grc' dir='ltr'>ἐπίδειξιν;</span> <span class='ocrx_word' id='word_1_89' title='bbox 900 644 917 680; x_wconf 84' lang='grc' dir='ltr'>ἢ</span> 
     </span>
    </p>
   </div>
   <div class='ocr_carea' id='block_1_13' title="bbox 119 690 919 726">
    <p class='ocr_par' dir='ltr' id='par_1_13' title="bbox 119 690 919 726">
     <span class='ocr_line' id='line_1_13' title="bbox 119 690 919 726; baseline 0 -10"><span class='ocrx_word' id='word_1_90' title='bbox 119 690 184 725; x_wconf 73' lang='grc' dir='ltr'>οὐχὶ</span> <span class='ocrx_word' id='word_1_91' title='bbox 204 690 299 717; x_wconf 81' lang='grc' dir='ltr'>πασῶν</span> <span class='ocrx_word' id='word_1_92' title='bbox 332 690 387 717; x_wconf 84' lang='grc' dir='ltr'><strong>τῶν</strong></span> <span class='ocrx_word' id='word_1_93' title='bbox 410 691 439 717; x_wconf 80' lang='grc' dir='ltr'>ὲν</span> <span class='ocrx_word' id='word_1_94' title='bbox 465 691 524 722; x_wconf 84' lang='grc' dir='ltr'>ταῖς</span> <span class='ocrx_word' id='word_1_95' title='bbox 550 690 681 726; x_wconf 77' lang='grc' dir='ltr'>ἱστορίαις</span> <span class='ocrx_word' id='word_1_96' title='bbox 709 690 919 725; x_wconf 84' lang='grc' dir='ltr'>θαυματοποιῶν</span> 
     </span>
    </p>
   </div>
   <div class='ocr_carea' id='block_1_14' title="bbox 122 736 920 774">
    <p class='ocr_par' dir='ltr' id='par_1_14' title="bbox 122 736 920 774">
     <span class='ocr_line' id='line_1_14' title="bbox 122 736 920 774; baseline 0 -12"><span class='ocrx_word' id='word_1_97' title='bbox 122 737 323 774; x_wconf 80' lang='grc' dir='ltr'>ίσχυροτέραν;</span> <span class='ocrx_word' id='word_1_98' title='bbox 343 737 448 772; x_wconf 84' lang='grc' dir='ltr'>Ὥσπερ</span> <span class='ocrx_word' id='word_1_99' title='bbox 469 737 523 772; x_wconf 84' lang='grc' dir='ltr'>γὰρ</span> <span class='ocrx_word' id='word_1_100' title='bbox 537 736 679 768; x_wconf 81' lang='grc' dir='ltr'>πλεονάζει</span> <span class='ocrx_word' id='word_1_101' title='bbox 691 736 737 763; x_wconf 84' lang='grc' dir='ltr'>τοῦ</span> <span class='ocrx_word' id='word_1_102' title='bbox 753 736 872 772; x_wconf 76' lang='grc' dir='ltr'>Σαμψὼν</span> <span class='ocrx_word' id='word_1_103' title='bbox 889 737 920 762; x_wconf 83' lang='grc' dir='ltr'>τὺ</span> 
     </span>
    </p>
   </div>
   <div class='ocr_carea' id='block_1_15' title="bbox 121 782 917 818">
    <p class='ocr_par' dir='ltr' id='par_1_15' title="bbox 121 782 917 818">
     <span class='ocr_line' id='line_1_15' title="bbox 121 782 917 818; baseline 0 -9"><span class='ocrx_word' id='word_1_104' title='bbox 121 782 228 818; x_wconf 81' lang='grc' dir='ltr'>θαῦμα,</span> <span class='ocrx_word' id='word_1_105' title='bbox 243 783 273 810; x_wconf 84' lang='grc' dir='ltr'>οὐ</span> <span class='ocrx_word' id='word_1_106' title='bbox 299 782 369 809; x_wconf 84' lang='grc' dir='ltr'>κατὰ</span> <span class='ocrx_word' id='word_1_107' title='bbox 392 782 422 809; x_wconf 85' lang='grc' dir='ltr'>τὺ</span> <span class='ocrx_word' id='word_1_108' title='bbox 443 784 607 818; x_wconf 80' lang='grc' dir='ltr'>κατισχύσαι</span> <span class='ocrx_word' id='word_1_109' title='bbox 630 783 710 818; x_wconf 87' lang='grc' dir='ltr'>μόνον</span> <span class='ocrx_word' id='word_1_110' title='bbox 732 783 780 810; x_wconf 82' lang='grc' dir='ltr'>τοῦ</span> <span class='ocrx_word' id='word_1_111' title='bbox 801 783 917 816; x_wconf 80' lang='grc' dir='ltr'>λέοντος,</span> 
     </span>
    </p>
   </div>
   <div class='ocr_carea' id='block_1_16' title="bbox 120 829 919 865">
    <p class='ocr_par' dir='ltr' id='par_1_16' title="bbox 120 829 919 865">
     <span class='ocr_line' id='line_1_16' title="bbox 120 829 919 865; baseline 0 -9"><span class='ocrx_word' id='word_1_112' title='bbox 120 830 193 856; x_wconf 81' lang='grc' dir='ltr'>ἀλλὰ</span> <span class='ocrx_word' id='word_1_113' title='bbox 209 831 255 856; x_wconf 83' lang='grc' dir='ltr'><strong>καὶ</strong></span> <span class='ocrx_word' id='word_1_114' title='bbox 277 830 308 857; x_wconf 83' lang='grc' dir='ltr'>τὺ</span> <span class='ocrx_word' id='word_1_115' title='bbox 330 829 438 862; x_wconf 78' lang='grc' dir='ltr'>ἀπόνως</span> <span class='ocrx_word' id='word_1_116' title='bbox 460 830 540 857; x_wconf 82' lang='grc' dir='ltr'>αὐτὸν</span> <span class='ocrx_word' id='word_1_117' title='bbox 564 829 781 865; x_wconf 76' lang='grc' dir='ltr'>διαχειρίσασθαι</span> <span class='ocrx_word' id='word_1_118' title='bbox 802 831 919 865; x_wconf 85' lang='grc' dir='ltr'>γυμναῖς</span> 
     </span>
    </p>
   </div>
   <div class='ocr_carea' id='block_1_17' title="bbox 121 875 917 911">
    <p class='ocr_par' dir='ltr' id='par_1_17' title="bbox 121 875 917 911">
     <span class='ocr_line' id='line_1_17' title="bbox 121 875 917 911; baseline 0.001 -10"><span class='ocrx_word' id='word_1_119' title='bbox 121 876 171 902; x_wconf 73' lang='grc' dir='ltr'><strong>καὶ</strong></span> <span class='ocrx_word' id='word_1_120' title='bbox 188 875 298 907; x_wconf 82' lang='grc' dir='ltr'>ἀόπλοις</span> <span class='ocrx_word' id='word_1_121' title='bbox 316 876 393 911; x_wconf 73' lang='grc' dir='ltr'>χερσὶ</span> <span class='ocrx_word' id='word_1_122' title='bbox 404 876 449 902; x_wconf 83' lang='grc' dir='ltr'><strong>τὸν</strong></span> <span class='ocrx_word' id='word_1_123' title='bbox 461 875 534 911; x_wconf 82' lang='grc' dir='ltr'>θῆρα</span> <span class='ocrx_word' id='word_1_124' title='bbox 552 876 756 908; x_wconf 79' lang='grc' dir='ltr'>καταπαίζοντα</span> <span class='ocrx_word' id='word_1_125' title='bbox 766 875 917 902; x_wconf 79' lang='grc' dir='ltr'>διασπάσα-</span> 
     </span>
    </p>
   </div>
   <div class='ocr_carea' id='block_1_18' title="bbox 122 921 918 958">
    <p class='ocr_par' dir='ltr' id='par_1_18' title="bbox 122 921 918 958">
     <span class='ocr_line' id='line_1_18' title="bbox 122 921 918 958; baseline 0.001 -10"><span class='ocrx_word' id='word_1_126' title='bbox 122 922 204 948; x_wconf 78' lang='grc' dir='ltr'>σθαι·</span> <span class='ocrx_word' id='word_1_127' title='bbox 221 921 293 948; x_wconf 79' lang='grc' dir='ltr'>οὕτω</span> <span class='ocrx_word' id='word_1_128' title='bbox 308 921 355 948; x_wconf 80' lang='grc' dir='ltr'><strong>καὶ</strong></span> <span class='ocrx_word' id='word_1_129' title='bbox 371 922 418 948; x_wconf 82' lang='grc' dir='ltr'>τοῦ</span> <span class='ocrx_word' id='word_1_130' title='bbox 432 922 493 957; x_wconf 89' lang='grc' dir='ltr'>δίχα</span> <span class='ocrx_word' id='word_1_131' title='bbox 505 922 595 957; x_wconf 82' lang='grc' dir='ltr'>πάσης</span> <span class='ocrx_word' id='word_1_132' title='bbox 609 922 743 957; x_wconf 83' lang='grc' dir='ltr'>ὲργωδίας</span> <span class='ocrx_word' id='word_1_133' title='bbox 758 923 804 949; x_wconf 83' lang='grc' dir='ltr'>τὸν</span> <span class='ocrx_word' id='word_1_134' title='bbox 816 922 918 958; x_wconf 83' lang='grc' dir='ltr'>Κύριον</span> 
     </span>
    </p>
   </div>
   <div class='ocr_carea' id='block_1_19' title="bbox 120 967 918 1004">
    <p class='ocr_par' dir='ltr' id='par_1_19' title="bbox 120 967 918 1004">
     <span class='ocr_line' id='line_1_19' title="bbox 120 967 918 1004; baseline 0.001 -10"><span class='ocrx_word' id='word_1_135' title='bbox 120 967 173 1002; x_wconf 86' lang='grc' dir='ltr'><strong>τὴν</strong></span> <span class='ocrx_word' id='word_1_136' title='bbox 196 967 330 1003; x_wconf 79' lang='grc' dir='ltr'>τοσαύτην</span> <span class='ocrx_word' id='word_1_137' title='bbox 358 968 489 1003; x_wconf 80' lang='grc' dir='ltr'>ἀφανίσαι</span> <span class='ocrx_word' id='word_1_138' title='bbox 519 968 632 1002; x_wconf 82' lang='grc' dir='ltr'>κακίαν,</span> <span class='ocrx_word' id='word_1_139' title='bbox 658 969 794 1002; x_wconf 78' lang='grc' dir='ltr'>ἀπόδειξις</span> <span class='ocrx_word' id='word_1_140' title='bbox 818 969 918 1004; x_wconf 80' lang='grc' dir='ltr'>μείζων</span> 
     </span>
    </p>
   </div>
   <div class='ocr_carea' id='block_1_20' title="bbox 121 1013 919 1050">
    <p class='ocr_par' dir='ltr' id='par_1_20' title="bbox 121 1013 919 1050">
     <span class='ocr_line' id='line_1_20' title="bbox 121 1013 919 1050; baseline 0.001 -11"><span class='ocrx_word' id='word_1_141' title='bbox 121 1013 184 1039; x_wconf 78' lang='grc' dir='ltr'>ἐστὶ</span> <span class='ocrx_word' id='word_1_142' title='bbox 203 1013 251 1040; x_wconf 81' lang='grc' dir='ltr'>τοῦ</span> <span class='ocrx_word' id='word_1_143' title='bbox 268 1013 317 1048; x_wconf 84' lang='grc' dir='ltr'>τῆς</span> <span class='ocrx_word' id='word_1_144' title='bbox 335 1013 475 1049; x_wconf 82' lang='grc' dir='ltr'>δυνάμεως</span> <span class='ocrx_word' id='word_1_145' title='bbox 494 1014 718 1050; x_wconf 80' lang='grc' dir='ltr'>ὑπερϐάλλοντος.</span> <span class='ocrx_word' id='word_1_146' title='bbox 735 1015 791 1050; x_wconf 84' lang='grc' dir='ltr'><strong>Οὐχ</strong></span> <span class='ocrx_word' id='word_1_147' title='bbox 816 1014 919 1042; x_wconf 80' lang='grc' dir='ltr'>ὑδάτων</span> 
     </span>
    </p>
   </div>
   <div class='ocr_carea' id='block_1_21' title="bbox 121 1058 920 1095">
    <p class='ocr_par' dir='ltr' id='par_1_21' title="bbox 121 1058 920 1095">
     <span class='ocr_line' id='line_1_21' title="bbox 121 1058 920 1095; baseline 0.003 -11"><span class='ocrx_word' id='word_1_148' title='bbox 121 1058 248 1094; x_wconf 81' lang='grc' dir='ltr'>ἀπείρων</span> <span class='ocrx_word' id='word_1_149' title='bbox 267 1060 397 1094; x_wconf 75' lang='grc' dir='ltr'>ἐπιρροαὶ</span> <span class='ocrx_word' id='word_1_150' title='bbox 420 1060 452 1086; x_wconf 78' lang='grc' dir='ltr'>ὲκ</span> <span class='ocrx_word' id='word_1_151' title='bbox 474 1059 527 1086; x_wconf 85' lang='grc' dir='ltr'><strong>τῶν</strong></span> <span class='ocrx_word' id='word_1_152' title='bbox 553 1059 655 1087; x_wconf 71' lang='grc' dir='ltr'>ἄνωθεν</span> <span class='ocrx_word' id='word_1_153' title='bbox 679 1059 858 1095; x_wconf 82' lang='grc' dir='ltr'>καταρακτῶν</span> <span class='ocrx_word' id='word_1_154' title='bbox 881 1059 920 1095; x_wconf 84' lang='grc' dir='ltr'>τῷ</span> 
     </span>
    </p>
   </div>
   <div class='ocr_carea' id='block_1_22' title="bbox 121 1105 920 1141">
    <p class='ocr_par' dir='ltr' id='par_1_22' title="bbox 121 1105 920 1141">
     <span class='ocr_line' id='line_1_22' title="bbox 121 1105 920 1141; baseline 0.001 -10"><span class='ocrx_word' id='word_1_155' title='bbox 121 1105 298 1141; x_wconf 74' lang='grc' dir='ltr'>ὑποκειμένῳ</span> <span class='ocrx_word' id='word_1_156' title='bbox 327 1106 601 1140; x_wconf 83' lang='grc' dir='ltr'>ὲγκαταπίπτουσαι,</span> <span class='ocrx_word' id='word_1_157' title='bbox 626 1106 686 1135; x_wconf 76' lang='grc' dir='ltr'>οὐδὲ</span> <span class='ocrx_word' id='word_1_158' title='bbox 722 1106 835 1133; x_wconf 76' lang='grc' dir='ltr'>ἄϐυσσοι</span> <span class='ocrx_word' id='word_1_159' title='bbox 865 1106 920 1132; x_wconf 81' lang='grc' dir='ltr'><strong>τῶν</strong></span> 
     </span>
    </p>
   </div>
   <div class='ocr_carea' id='block_1_23' title="bbox 125 1151 922 1188">
    <p class='ocr_par' dir='ltr' id='par_1_23' title="bbox 125 1151 922 1188">
     <span class='ocr_line' id='line_1_23' title="bbox 125 1151 922 1188; baseline 0.001 -10"><span class='ocrx_word' id='word_1_160' title='bbox 125 1151 201 1178; x_wconf 72' lang='grc' dir='ltr'>ἰδίων</span> <span class='ocrx_word' id='word_1_161' title='bbox 220 1152 289 1187; x_wconf 79' lang='grc' dir='ltr'>ὅρων</span> <span class='ocrx_word' id='word_1_162' title='bbox 312 1152 554 1188; x_wconf 85' lang='grc' dir='ltr'>ὑπεροιδαίνουσαι,</span> <span class='ocrx_word' id='word_1_163' title='bbox 574 1153 620 1179; x_wconf 77' lang='grc' dir='ltr'><strong>καὶ</strong></span> <span class='ocrx_word' id='word_1_164' title='bbox 645 1154 700 1183; x_wconf 85' lang='grc' dir='ltr'>τοῖς</span> <span class='ocrx_word' id='word_1_165' title='bbox 720 1151 851 1187; x_wconf 83' lang='grc' dir='ltr'>πελάγεσι</span> <span class='ocrx_word' id='word_1_166' title='bbox 871 1152 922 1188; x_wconf 80' lang='grc' dir='ltr'><strong>τὴν</strong></span> 
     </span>
    </p>
   </div>
   <div class='ocr_carea' id='block_1_24' title="bbox 123 1196 920 1235">
    <p class='ocr_par' dir='ltr' id='par_1_24' title="bbox 123 1196 920 1235">
     <span class='ocr_line' id='line_1_24' title="bbox 123 1196 920 1235; baseline 0.003 -12"><span class='ocrx_word' id='word_1_167' title='bbox 123 1196 178 1231; x_wconf 81' lang='grc' dir='ltr'>γῆν</span> <span class='ocrx_word' id='word_1_168' title='bbox 195 1197 399 1230; x_wconf 76' lang='grc' dir='ltr'>ἐπικλύζουσαι,</span> <span class='ocrx_word' id='word_1_169' title='bbox 413 1198 474 1225; x_wconf 83' lang='grc' dir='ltr'>οὐδὲ</span> <span class='ocrx_word' id='word_1_170' title='bbox 487 1199 562 1225; x_wconf 79' lang='grc' dir='ltr'>πᾶσα</span> <span class='ocrx_word' id='word_1_171' title='bbox 571 1199 588 1234; x_wconf 85' lang='grc' dir='ltr'><strong>ἡ</strong></span> <span class='ocrx_word' id='word_1_172' title='bbox 600 1199 746 1234; x_wconf 71' lang='grc' dir='ltr'>οἰκουμένη</span> <span class='ocrx_word' id='word_1_173' title='bbox 763 1199 826 1235; x_wconf 86' lang='grc' dir='ltr'>νηὸς</span> <span class='ocrx_word' id='word_1_174' title='bbox 842 1198 920 1234; x_wconf 86' lang='grc' dir='ltr'>δίκην</span> 
     </span>
    </p>
   </div>
   <div class='ocr_carea' id='block_1_25' title="bbox 123 1242 921 1281">
    <p class='ocr_par' dir='ltr' id='par_1_25' title="bbox 123 1242 921 1281">
     <span class='ocr_line' id='line_1_25' title="bbox 123 1242 921 1281; baseline 0.004 -12"><span class='ocrx_word' id='word_1_175' title='bbox 123 1242 275 1279; x_wconf 83' lang='grc' dir='ltr'>αὕτανδρος</span> <span class='ocrx_word' id='word_1_176' title='bbox 285 1243 324 1280; x_wconf 84' lang='grc' dir='ltr'>τῷ</span> <span class='ocrx_word' id='word_1_177' title='bbox 341 1243 414 1280; x_wconf 84' lang='grc' dir='ltr'>βυθῷ</span> <span class='ocrx_word' id='word_1_178' title='bbox 424 1244 628 1281; x_wconf 79' lang='grc' dir='ltr'>καλυπτομένη,</span> <span class='ocrx_word' id='word_1_179' title='bbox 646 1244 707 1272; x_wconf 81' lang='grc' dir='ltr'>οὐδὲ</span> <span class='ocrx_word' id='word_1_180' title='bbox 727 1245 777 1281; x_wconf 74' lang='grc' dir='ltr'>ὄρη</span> <span class='ocrx_word' id='word_1_181' title='bbox 791 1246 921 1281; x_wconf 87' lang='grc' dir='ltr'>γινόμενα</span> 
     </span>
    </p>
   </div>
   <div class='ocr_carea' id='block_1_26' title="bbox 125 1288 920 1327">
    <p class='ocr_par' dir='ltr' id='par_1_26' title="bbox 125 1288 920 1327">
     <span class='ocr_line' id='line_1_26' title="bbox 125 1288 920 1327; baseline 0.005 -12"><span class='ocrx_word' id='word_1_182' title='bbox 125 1288 218 1323; x_wconf 81' lang='grc' dir='ltr'>βύθια,</span> <span class='ocrx_word' id='word_1_183' title='bbox 233 1289 280 1316; x_wconf 84' lang='grc' dir='ltr'>καὶ</span> <span class='ocrx_word' id='word_1_184' title='bbox 293 1290 411 1326; x_wconf 75' lang='grc' dir='ltr'>κορυφαὶ</span> <span class='ocrx_word' id='word_1_185' title='bbox 430 1290 484 1317; x_wconf 84' lang='grc' dir='ltr'><strong>τῶν</strong></span> <span class='ocrx_word' id='word_1_186' title='bbox 496 1291 568 1326; x_wconf 83' lang='grc' dir='ltr'>ὁρῶν</span> <span class='ocrx_word' id='word_1_187' title='bbox 588 1290 764 1327; x_wconf 78' lang='grc' dir='ltr'>ὑποϐρύχιοι·</span> <span class='ocrx_word' id='word_1_188' title='bbox 781 1292 842 1318; x_wconf 80' lang='grc' dir='ltr'>οὐδὲ</span> <span class='ocrx_word' id='word_1_189' title='bbox 859 1292 920 1319; x_wconf 87' lang='grc' dir='ltr'>καθ’</span> 
     </span>
    </p>
   </div>
   <div class='ocr_carea' id='block_1_27' title="bbox 124 1336 921 1375">
    <p class='ocr_par' dir='ltr' id='par_1_27' title="bbox 124 1336 921 1375">
     <span class='ocr_line' id='line_1_27' title="bbox 124 1336 921 1375; baseline 0.005 -13"><span class='ocrx_word' id='word_1_190' title='bbox 124 1336 274 1372; x_wconf 81' lang='grc' dir='ltr'>ὁμοιότητα</span> <span class='ocrx_word' id='word_1_191' title='bbox 291 1337 415 1372; x_wconf 86' lang='grc' dir='ltr'>Σοδόμων</span> <span class='ocrx_word' id='word_1_192' title='bbox 428 1338 456 1363; x_wconf 80' lang='lat' dir='ltr'><strong>at</strong></span> <span class='ocrx_word' id='word_1_193' title='bbox 467 1337 516 1373; x_wconf 83' lang='grc' dir='ltr'>τῆς</span> <span class='ocrx_word' id='word_1_194' title='bbox 528 1337 626 1373; x_wconf 85' lang='grc' dir='ltr'>φλογὸς</span> <span class='ocrx_word' id='word_1_195' title='bbox 639 1338 787 1374; x_wconf 76' lang='grc' dir='ltr'>ἐπομϐρίαι</span> <span class='ocrx_word' id='word_1_196' title='bbox 804 1338 844 1374; x_wconf 84' lang='grc' dir='ltr'>τῷ</span> <span class='ocrx_word' id='word_1_197' title='bbox 854 1339 921 1375; x_wconf 77' lang='grc' dir='ltr'>πυρὶ</span> 
     </span>
    </p>
   </div>
   <div class='ocr_carea' id='block_1_28' title="bbox 125 1382 920 1420">
    <p class='ocr_par' dir='ltr' id='par_1_28' title="bbox 125 1382 920 1420">
     <span class='ocr_line' id='line_1_28' title="bbox 125 1382 920 1420; baseline 0.005 -12"><span class='ocrx_word' id='word_1_198' title='bbox 125 1382 158 1408; x_wconf 83' lang='grc' dir='ltr'>τὸ</span> <span class='ocrx_word' id='word_1_199' title='bbox 171 1382 312 1419; x_wconf 80' lang='grc' dir='ltr'>διεφθορὸς</span> <span class='ocrx_word' id='word_1_200' title='bbox 337 1383 568 1420; x_wconf 80' lang='grc' dir='ltr'>ἑκκαθαίρουσαι’</span> <span class='ocrx_word' id='word_1_201' title='bbox 588 1385 649 1411; x_wconf 80' lang='grc' dir='ltr'>οὐδὲ</span> <span class='ocrx_word' id='word_1_202' title='bbox 667 1385 730 1412; x_wconf 82' lang='grc' dir='ltr'>ἄλλο</span> <span class='ocrx_word' id='word_1_203' title='bbox 752 1394 777 1412; x_wconf 89' lang='grc' dir='ltr'><strong>τι</strong></span> <span class='ocrx_word' id='word_1_204' title='bbox 799 1385 920 1413; x_wconf 79' lang='grc' dir='ltr'>τοιοῦτον</span> 
     </span>
    </p>
   </div>
   <div class='ocr_carea' id='block_1_29' title="bbox 125 1424 922 1467">
    <p class='ocr_par' dir='ltr' id='par_1_29' title="bbox 125 1424 922 1467">
     <span class='ocr_line' id='line_1_29' title="bbox 125 1424 922 1467; baseline 0.006 -14"><span class='ocrx_word' id='word_1_205' title='bbox 125 1426 206 1453; x_wconf 75' lang='grc' dir='ltr'>οὐδέν</span> <span class='ocrx_word' id='word_1_206' title='bbox 228 1436 235 1443; x_wconf 88' lang='grc'>·</span> <span class='ocrx_word' id='word_1_207' title='bbox 255 1424 322 1454; x_wconf 52' lang='lat' dir='ltr'><strong>and:</strong></span> <span class='ocrx_word' id='word_1_208' title='bbox 345 1428 419 1464; x_wconf 85' lang='grc' dir='ltr'>ἁπλῆ</span> <span class='ocrx_word' id='word_1_209' title='bbox 439 1438 480 1460; x_wconf 86' lang='grc' dir='ltr'><strong>τις</strong></span> <span class='ocrx_word' id='word_1_210' title='bbox 504 1430 551 1456; x_wconf 79' lang='grc' dir='ltr'><strong>καὶ</strong></span> <span class='ocrx_word' id='word_1_211' title='bbox 575 1430 767 1466; x_wconf 82' lang='grc' dir='ltr'>ἁκατάληπτος</span> <span class='ocrx_word' id='word_1_212' title='bbox 791 1431 922 1467; x_wconf 76' lang='grc' dir='ltr'>ἐπιδημία</span> 
     </span>
    </p>
   </div>
   <div class='ocr_carea' id='block_1_30' title="bbox 129 1473 921 1511">
    <p class='ocr_par' dir='ltr' id='par_1_30' title="bbox 129 1473 921 1511">
     <span class='ocr_line' id='line_1_30' title="bbox 129 1473 921 1511; baseline 0.005 -12"><span class='ocrx_word' id='word_1_213' title='bbox 129 1473 200 1508; x_wconf 83' lang='grc' dir='ltr'>μόνη</span> <span class='ocrx_word' id='word_1_214' title='bbox 213 1473 286 1509; x_wconf 81' lang='grc' dir='ltr'>ζωῆς</span> <span class='ocrx_word' id='word_1_215' title='bbox 299 1494 305 1506; x_wconf 86' lang='grc'><strong>,</strong></span> <span class='ocrx_word' id='word_1_216' title='bbox 320 1475 366 1500; x_wconf 85' lang='grc' dir='ltr'><strong>καὶ</strong></span> <span class='ocrx_word' id='word_1_217' title='bbox 381 1475 470 1508; x_wconf 83' lang='grc' dir='ltr'>φωτὸς</span> <span class='ocrx_word' id='word_1_218' title='bbox 486 1476 621 1511; x_wconf 88' lang='grc' dir='ltr'>παρουσία</span> <span class='ocrx_word' id='word_1_219' title='bbox 634 1496 641 1509; x_wconf 91' lang='grc'><strong>,</strong></span> <span class='ocrx_word' id='word_1_220' title='bbox 658 1477 714 1508; x_wconf 83' lang='grc' dir='ltr'>τοῖς</span> <span class='ocrx_word' id='word_1_221' title='bbox 726 1477 754 1503; x_wconf 79' lang='grc' dir='ltr'>ὲν</span> <span class='ocrx_word' id='word_1_222' title='bbox 771 1476 861 1503; x_wconf 84' lang='grc' dir='ltr'>σκότει</span> <span class='ocrx_word' id='word_1_223' title='bbox 874 1477 921 1503; x_wconf 67' lang='grc' dir='ltr'><strong>καὶ</strong></span> 
     </span>
    </p>
   </div>
   <div class='ocr_carea' id='block_1_31' title="bbox 128 1517 921 1556">
    <p class='ocr_par' dir='ltr' id='par_1_31' title="bbox 128 1517 921 1556">
     <span class='ocr_line' id='line_1_31' title="bbox 128 1517 921 1556; baseline 0.006 -13"><span class='ocrx_word' id='word_1_224' title='bbox 128 1519 194 1553; x_wconf 81' lang='grc' dir='ltr'>σκιᾷ</span> <span class='ocrx_word' id='word_1_225' title='bbox 225 1517 339 1545; x_wconf 84' lang='grc' dir='ltr'>θανάτου</span> <span class='ocrx_word' id='word_1_226' title='bbox 364 1519 549 1554; x_wconf 75' lang='grc' dir='ltr'>καθημένοις,</span> <span class='ocrx_word' id='word_1_227' title='bbox 575 1520 696 1555; x_wconf 70' lang='grc' dir='ltr'>ἔκλειψιν</span> <span class='ocrx_word' id='word_1_228' title='bbox 724 1521 842 1556; x_wconf 81' lang='grc' dir='ltr'>παντελῆ</span> <span class='ocrx_word' id='word_1_229' title='bbox 874 1522 921 1548; x_wconf 67' lang='grc' dir='ltr'><strong>καὶ</strong></span> 
     </span>
    </p>
   </div>
   <div class='ocr_carea' id='block_1_32' title="bbox 127 1563 915 1602">
    <p class='ocr_par' dir='ltr' id='par_1_32' title="bbox 127 1563 915 1602">
     <span class='ocr_line' id='line_1_32' title="bbox 127 1563 915 1602; baseline 0.005 -13"><span class='ocrx_word' id='word_1_230' title='bbox 127 1563 282 1598; x_wconf 74' lang='grc' dir='ltr'>ἀφανισμὸν</span> <span class='ocrx_word' id='word_1_231' title='bbox 293 1564 338 1590; x_wconf 82' lang='grc' dir='ltr'><strong>τοῦ</strong></span> <span class='ocrx_word' id='word_1_232' title='bbox 347 1574 376 1592; x_wconf 88' lang='grc' dir='ltr'><strong>τε</strong></span> <span class='ocrx_word' id='word_1_233' title='bbox 391 1565 503 1596; x_wconf 79' lang='grc' dir='ltr'>σκότους</span> <span class='ocrx_word' id='word_1_234' title='bbox 515 1565 562 1592; x_wconf 75' lang='grc' dir='ltr'>καὶ</span> <span class='ocrx_word' id='word_1_235' title='bbox 573 1565 619 1593; x_wconf 83' lang='grc' dir='ltr'>τοῦ</span> <span class='ocrx_word' id='word_1_236' title='bbox 632 1566 747 1593; x_wconf 86' lang='grc' dir='ltr'>θανάτου</span> <span class='ocrx_word' id='word_1_237' title='bbox 761 1567 915 1602; x_wconf 86' lang='grc' dir='ltr'>πεποίηται.</span> 
     </span>
    </p>
   </div>
   <div class='ocr_carea' id='block_1_33' title="bbox 127 1608 920 1648">
    <p class='ocr_par' dir='ltr' id='par_1_33' title="bbox 127 1608 920 1648">
     <span class='ocr_line' id='line_1_33' title="bbox 127 1608 920 1648; baseline 0.008 -14"><span class='ocrx_word' id='word_1_238' title='bbox 127 1608 208 1635; x_wconf 81' lang='grc' dir='ltr'>Εἴπω</span> <span class='ocrx_word' id='word_1_239' title='bbox 224 1618 249 1636; x_wconf 85' lang='grc' dir='ltr'><strong>τι</strong></span> <span class='ocrx_word' id='word_1_240' title='bbox 263 1610 331 1646; x_wconf 80' lang='grc' dir='ltr'>πρὸς</span> <span class='ocrx_word' id='word_1_241' title='bbox 352 1612 408 1642; x_wconf 89' lang='grc' dir='ltr'>τοῖς</span> <span class='ocrx_word' id='word_1_242' title='bbox 427 1611 582 1647; x_wconf 79' lang='grc' dir='ltr'>εἰρημένοις</span> <span class='ocrx_word' id='word_1_243' title='bbox 597 1613 644 1639; x_wconf 81' lang='grc' dir='ltr'><strong>καὶ</strong></span> <span class='ocrx_word' id='word_1_244' title='bbox 657 1612 768 1648; x_wconf 78' lang='grc' dir='ltr'>ἓτερον;</span> <span class='ocrx_word' id='word_1_245' title='bbox 791 1612 875 1648; x_wconf 84' lang='grc' dir='ltr'>Ἐφύη</span> <span class='ocrx_word' id='word_1_246' title='bbox 890 1613 920 1640; x_wconf 76' lang='grc' dir='ltr'>τὸ</span> 
     </span>
    </p>
   </div>
   <div class='ocr_carea' id='block_1_34' title="bbox 127 1655 919 1694">
    <p class='ocr_par' dir='ltr' id='par_1_34' title="bbox 127 1655 919 1694">
     <span class='ocr_line' id='line_1_34' title="bbox 127 1655 919 1694; baseline 0.008 -14"><span class='ocrx_word' id='word_1_247' title='bbox 127 1655 215 1681; x_wconf 74' lang='grc' dir='ltr'>κακὸν</span> <span class='ocrx_word' id='word_1_248' title='bbox 233 1656 262 1682; x_wconf 81' lang='grc' dir='ltr'><strong>ἐν</strong></span> <span class='ocrx_word' id='word_1_249' title='bbox 278 1656 317 1692; x_wconf 80' lang='grc' dir='ltr'>τῷ</span> <span class='ocrx_word' id='word_1_250' title='bbox 340 1657 399 1691; x_wconf 70' lang='grc' dir='ltr'>ὕφει</span> <span class='ocrx_word' id='word_1_251' title='bbox 413 1666 420 1672; x_wconf 89' lang='grc'>·</span> <span class='ocrx_word' id='word_1_252' title='bbox 441 1658 544 1694; x_wconf 81' lang='grc' dir='ltr'>ἡττήθη</span> <span class='ocrx_word' id='word_1_253' title='bbox 561 1659 578 1694; x_wconf 89' lang='grc' dir='ltr'><strong>ἡ</strong></span> <span class='ocrx_word' id='word_1_254' title='bbox 602 1658 670 1694; x_wconf 83' lang='grc' dir='ltr'><strong>γυνὴ</strong></span> <span class='ocrx_word' id='word_1_255' title='bbox 687 1659 737 1694; x_wconf 83' lang='grc' dir='ltr'>τῆς</span> <span class='ocrx_word' id='word_1_256' title='bbox 759 1659 858 1694; x_wconf 84' lang='grc' dir='ltr'>πείρας</span> <span class='ocrx_word' id='word_1_257' title='bbox 872 1659 919 1686; x_wconf 87' lang='grc' dir='ltr'>τοῦ</span> 
     </span>
    </p>
   </div>
   <div class='ocr_carea' id='block_1_35' title="bbox 129 1700 921 1741">
    <p class='ocr_par' dir='ltr' id='par_1_35' title="bbox 129 1700 921 1741">
     <span class='ocr_line' id='line_1_35' title="bbox 129 1700 921 1741; baseline 0.009 -15"><span class='ocrx_word' id='word_1_258' title='bbox 129 1700 280 1736; x_wconf 78' lang='grc' dir='ltr'>δράκοντος</span> <span class='ocrx_word' id='word_1_259' title='bbox 296 1710 303 1717; x_wconf 89' lang='grc'>·</span> <span class='ocrx_word' id='word_1_260' title='bbox 329 1703 434 1739; x_wconf 81' lang='grc' dir='ltr'>ἡττήθη</span> <span class='ocrx_word' id='word_1_261' title='bbox 462 1704 532 1739; x_wconf 81' lang='grc' dir='ltr'>μετὰ</span> <span class='ocrx_word' id='word_1_262' title='bbox 558 1704 644 1731; x_wconf 82' lang='grc' dir='ltr'>ταῦτα</span> <span class='ocrx_word' id='word_1_263' title='bbox 674 1705 723 1741; x_wconf 82' lang='grc' dir='ltr'>τῆς</span> <span class='ocrx_word' id='word_1_264' title='bbox 756 1706 884 1740; x_wconf 78' lang='grc' dir='ltr'>γυναικὸς</span> <span class='ocrx_word' id='word_1_265' title='bbox 906 1707 921 1733; x_wconf 79' lang='grc' dir='ltr'>ὁ</span> 
     </span>
    </p>
   </div>
   <div class='ocr_carea' id='block_1_36' title="bbox 128 1747 920 1789">
    <p class='ocr_par' dir='ltr' id='par_1_36' title="bbox 128 1747 920 1789">
     <span class='ocr_line' id='line_1_36' title="bbox 128 1747 920 1789; baseline 0.008 -16"><span class='ocrx_word' id='word_1_266' title='bbox 128 1747 210 1783; x_wconf 69' lang='grc' dir='ltr'>ἁνήρ.</span> <span class='ocrx_word' id='word_1_267' title='bbox 222 1748 271 1774; x_wconf 81' lang='grc' dir='ltr'><strong>Διὰ</strong></span> <span class='ocrx_word' id='word_1_268' title='bbox 285 1749 368 1785; x_wconf 87' lang='grc' dir='ltr'>τριῶν</span> <span class='ocrx_word' id='word_1_269' title='bbox 379 1749 442 1785; x_wconf 79' lang='grc' dir='ltr'>ἔσχε</span> <span class='ocrx_word' id='word_1_270' title='bbox 452 1751 482 1777; x_wconf 83' lang='grc' dir='ltr'>τὸ</span> <span class='ocrx_word' id='word_1_271' title='bbox 496 1751 581 1777; x_wconf 76' lang='grc' dir='ltr'>κακὸν</span> <span class='ocrx_word' id='word_1_272' title='bbox 599 1751 648 1787; x_wconf 83' lang='grc' dir='ltr'>τὴν</span> <span class='ocrx_word' id='word_1_273' title='bbox 663 1752 779 1786; x_wconf 86' lang='grc' dir='ltr'>γένεσιν.</span> <span class='ocrx_word' id='word_1_274' title='bbox 803 1753 875 1789; x_wconf 76' lang='grc' dir='ltr'>Πρὸς</span> <span class='ocrx_word' id='word_1_275' title='bbox 895 1753 920 1779; x_wconf 83' lang='grc' dir='ltr'><strong>τί</strong></span> 
     </span>
    </p>
   </div>
   <div class='ocr_carea' id='block_1_37' title="bbox 132 1793 920 1834">
    <p class='ocr_par' dir='ltr' id='par_1_37' title="bbox 132 1793 920 1834">
     <span class='ocr_line' id='line_1_37' title="bbox 132 1793 920 1834; baseline 0.008 -15"><span class='ocrx_word' id='word_1_276' title='bbox 132 1802 179 1828; x_wconf 84' lang='grc' dir='ltr'><strong>μοι</strong></span> <span class='ocrx_word' id='word_1_277' title='bbox 199 1793 291 1834; x_wconf 78' lang='grc' dir='ltr'>βλέπει</span> <span class='ocrx_word' id='word_1_278' title='bbox 306 1795 435 1831; x_wconf 85' lang='grc' dir='ltr'>τούτωνὴ</span> <span class='ocrx_word' id='word_1_279' title='bbox 463 1797 575 1832; x_wconf 80' lang='grc' dir='ltr'>μνήμη;</span> <span class='ocrx_word' id='word_1_280' title='bbox 592 1797 670 1824; x_wconf 83' lang='grc' dir='ltr'>’Ἐστι</span> <span class='ocrx_word' id='word_1_281' title='bbox 686 1798 746 1824; x_wconf 80' lang='grc' dir='ltr'>τινὰ</span> <span class='ocrx_word' id='word_1_282' title='bbox 761 1798 807 1824; x_wconf 76' lang='grc' dir='ltr'><strong>τοῦ</strong></span> <span class='ocrx_word' id='word_1_283' title='bbox 818 1798 920 1829; x_wconf 76' lang='grc' dir='ltr'>ἀγαθοῦ</span> 
     </span>
    </p>
   </div>
   <div class='ocr_carea' id='block_1_38' title="bbox 128 1839 921 1881">
    <p class='ocr_par' dir='ltr' id='par_1_38' title="bbox 128 1839 921 1881">
     <span class='ocr_line' id='line_1_38' title="bbox 128 1839 921 1881; baseline 0.009 -16"><span class='ocrx_word' id='word_1_284' title='bbox 128 1839 208 1871; x_wconf 76' lang='grc' dir='ltr'>τάξιν</span> <span class='ocrx_word' id='word_1_285' title='bbox 226 1840 270 1867; x_wconf 77' lang='grc' dir='ltr'>διὰ</span> <span class='ocrx_word' id='word_1_286' title='bbox 285 1841 333 1877; x_wconf 84' lang='grc' dir='ltr'>τῆς</span> <span class='ocrx_word' id='word_1_287' title='bbox 348 1842 376 1868; x_wconf 79' lang='grc' dir='ltr'>ἐν</span> <span class='ocrx_word' id='word_1_288' title='bbox 391 1842 429 1878; x_wconf 86' lang='grc' dir='ltr'><strong>τῷ</strong></span> <span class='ocrx_word' id='word_1_289' title='bbox 440 1842 517 1878; x_wconf 86' lang='grc' dir='ltr'>κακῷ</span> <span class='ocrx_word' id='word_1_290' title='bbox 536 1843 637 1876; x_wconf 80' lang='grc' dir='ltr'>τάξεως</span> <span class='ocrx_word' id='word_1_291' title='bbox 658 1845 834 1880; x_wconf 82' lang='grc' dir='ltr'>κατανοῆσαι.</span> <span class='ocrx_word' id='word_1_292' title='bbox 852 1845 921 1881; x_wconf 87' lang='grc' dir='ltr'>Τρία</span> 
     </span>
    </p>
   </div>
   <div class='ocr_carea' id='block_1_39' title="bbox 131 1885 922 1926">
    <p class='ocr_par' dir='ltr' id='par_1_39' title="bbox 131 1885 922 1926">
     <span class='ocr_line' id='line_1_39' title="bbox 131 1885 922 1926; baseline 0.01 -15"><span class='ocrx_word' id='word_1_293' title='bbox 131 1885 225 1920; x_wconf 77' lang='grc' dir='ltr'>βλέπω</span> <span class='ocrx_word' id='word_1_294' title='bbox 248 1887 333 1914; x_wconf 84' lang='grc' dir='ltr'>ταῦτα</span> <span class='ocrx_word' id='word_1_295' title='bbox 352 1888 399 1914; x_wconf 83' lang='grc' dir='ltr'>τοῦ</span> <span class='ocrx_word' id='word_1_296' title='bbox 415 1889 500 1915; x_wconf 81' lang='grc' dir='ltr'>κακοῦ</span> <span class='ocrx_word' id='word_1_297' title='bbox 523 1889 612 1925; x_wconf 89' lang='grc' dir='ltr'>δοχεῖα</span> <span class='ocrx_word' id='word_1_298' title='bbox 625 1899 631 1905; x_wconf 93' lang='grc'><strong>·</strong></span> <span class='ocrx_word' id='word_1_299' title='bbox 647 1891 754 1926; x_wconf 85' lang='grc' dir='ltr'>πρῶτον</span> <span class='ocrx_word' id='word_1_300' title='bbox 773 1891 821 1926; x_wconf 77' lang='grc' dir='ltr'><strong>μὲν</strong></span> <span class='ocrx_word' id='word_1_301' title='bbox 833 1911 841 1924; x_wconf 91' lang='grc'><strong>,</strong></span> <span class='ocrx_word' id='word_1_302' title='bbox 857 1892 885 1918; x_wconf 82' lang='grc' dir='ltr'>ὲν</span> <span class='ocrx_word' id='word_1_303' title='bbox 900 1889 922 1926; x_wconf 88' lang='grc' dir='ltr'>ᾧ</span> 
     </span>
    </p>
   </div>
   <div class='ocr_carea' id='block_1_40' title="bbox 129 1931 923 1974">
    <p class='ocr_par' dir='ltr' id='par_1_40' title="bbox 129 1931 923 1974">
     <span class='ocr_line' id='line_1_40' title="bbox 129 1931 923 1974; baseline 0.01 -17"><span class='ocrx_word' id='word_1_304' title='bbox 129 1931 163 1958; x_wconf 76' lang='grc' dir='ltr'><strong>τὸ</strong></span> <span class='ocrx_word' id='word_1_305' title='bbox 180 1932 287 1968; x_wconf 85' lang='grc' dir='ltr'>πρῶτον</span> <span class='ocrx_word' id='word_1_306' title='bbox 302 1934 416 1971; x_wconf 86' lang='grc' dir='ltr'>συνέστη</span> <span class='ocrx_word' id='word_1_307' title='bbox 429 1943 436 1950; x_wconf 74' lang='grc'><strong><em>⁸</em></strong></span> <span class='ocrx_word' id='word_1_308' title='bbox 452 1935 587 1971; x_wconf 80' lang='grc' dir='ltr'>δεύτερον,</span> <span class='ocrx_word' id='word_1_309' title='bbox 612 1937 651 1968; x_wconf 84' lang='grc' dir='ltr'><strong>είς</strong></span> <span class='ocrx_word' id='word_1_310' title='bbox 666 1937 680 1963; x_wconf 83' lang='grc' dir='ltr'><strong>ὂ</strong></span> <span class='ocrx_word' id='word_1_311' title='bbox 695 1937 830 1974; x_wconf 80' lang='grc' dir='ltr'>μετερῤύη</span> <span class='ocrx_word' id='word_1_312' title='bbox 841 1947 848 1954; x_wconf 91' lang='grc'><strong>·</strong></span> <span class='ocrx_word' id='word_1_313' title='bbox 865 1937 923 1974; x_wconf 85' lang='grc' dir='ltr'>τρί-</span> 
     </span>
    </p>
   </div>
   <div class='ocr_carea' id='block_1_41' title="bbox 129 1976 922 2019">
    <p class='ocr_par' dir='ltr' id='par_1_41' title="bbox 129 1976 922 2019">
     <span class='ocr_line' id='line_1_41' title="bbox 129 1976 922 2019; baseline 0.006 -14"><span class='ocrx_word' id='word_1_314' title='bbox 129 1988 189 2011; x_wconf 79' lang='grc' dir='ltr'>τον,</span> <span class='ocrx_word' id='word_1_315' title='bbox 205 1976 265 2014; x_wconf 82' lang='grc' dir='ltr'><strong>ὲνῷ</strong></span> <span class='ocrx_word' id='word_1_316' title='bbox 287 1980 355 2015; x_wconf 84' lang='grc' dir='ltr'>μετὰ</span> <span class='ocrx_word' id='word_1_317' title='bbox 377 1981 462 2007; x_wconf 83' lang='grc' dir='ltr'>ταῦτα</span> <span class='ocrx_word' id='word_1_318' title='bbox 479 1982 634 2016; x_wconf 74' lang='grc' dir='ltr'>ἐπεγένετο.</span> <span class='ocrx_word' id='word_1_319' title='bbox 656 1983 762 2019; x_wconf 80' lang='grc' dir='ltr'>Ἐπειδὴ</span> <span class='ocrx_word' id='word_1_320' title='bbox 788 1983 876 2010; x_wconf 84' lang='grc' dir='ltr'>τοίνυν</span> <span class='ocrx_word' id='word_1_321' title='bbox 894 1984 922 2010; x_wconf 80' lang='grc' dir='ltr'><strong>ἐν</strong></span> 
     </span>
    </p>
   </div>
   <div class='ocr_carea' id='block_1_42' title="bbox 130 2027 921 2066">
    <p class='ocr_par' dir='ltr' id='par_1_42' title="bbox 130 2027 921 2066">
     <span class='ocr_line' id='line_1_42' title="bbox 130 2027 921 2066; baseline 0.006 -14"><span class='ocrx_word' id='word_1_322' title='bbox 130 2027 190 2058; x_wconf 84' lang='grc' dir='ltr'>τοῖς</span> <span class='ocrx_word' id='word_1_323' title='bbox 206 2028 278 2062; x_wconf 82' lang='grc' dir='ltr'>τρισὶ</span> <span class='ocrx_word' id='word_1_324' title='bbox 291 2027 396 2060; x_wconf 81' lang='grc' dir='ltr'>τούτοις</span> <span class='ocrx_word' id='word_1_325' title='bbox 410 2029 425 2064; x_wconf 84' lang='grc' dir='ltr'><strong>ἡ</strong></span> <span class='ocrx_word' id='word_1_326' title='bbox 443 2029 526 2056; x_wconf 80' lang='grc' dir='ltr'>κακία</span> <span class='ocrx_word' id='word_1_327' title='bbox 543 2029 758 2066; x_wconf 81' lang='grc' dir='ltr'>ἐπλήμμυρε,τῇ</span> <span class='ocrx_word' id='word_1_328' title='bbox 770 2031 921 2066; x_wconf 75' lang='grc' dir='ltr'>διαϐολικῇ,</span> 
     </span>
    </p>
   </div>
   <div class='ocr_carea' id='block_1_43' title="bbox 131 2072 923 2113">
    <p class='ocr_par' dir='ltr' id='par_1_43' title="bbox 131 2072 923 2113">
     <span class='ocr_line' id='line_1_43' title="bbox 131 2072 923 2113; baseline 0.008 -15"><span class='ocrx_word' id='word_1_329' title='bbox 131 2072 217 2107; x_wconf 79' lang='grc' dir='ltr'>λέγω,</span> <span class='ocrx_word' id='word_1_330' title='bbox 233 2073 322 2108; x_wconf 80' lang='grc' dir='ltr'>φύσει,</span> <span class='ocrx_word' id='word_1_331' title='bbox 344 2075 391 2102; x_wconf 78' lang='grc' dir='ltr'>καὶ</span> <span class='ocrx_word' id='word_1_332' title='bbox 414 2074 454 2110; x_wconf 84' lang='grc' dir='ltr'>τῷ</span> <span class='ocrx_word' id='word_1_333' title='bbox 477 2075 530 2102; x_wconf 83' lang='grc' dir='ltr'><strong>τῶν</strong></span> <span class='ocrx_word' id='word_1_334' title='bbox 554 2076 691 2110; x_wconf 88' lang='grc' dir='ltr'>γυναικῶν</span> <span class='ocrx_word' id='word_1_335' title='bbox 716 2076 799 2111; x_wconf 83' lang='grc' dir='ltr'>γένει,</span> <span class='ocrx_word' id='word_1_336' title='bbox 820 2077 923 2113; x_wconf 79' lang='grc' dir='ltr'>καὶτῷ</span> 
     </span>
    </p>
   </div>
   <div class='ocr_carea' id='block_1_44' title="bbox 132 2118 923 2159">
    <p class='ocr_par' dir='ltr' id='par_1_44' title="bbox 132 2118 923 2159">
     <span class='ocr_line' id='line_1_44' title="bbox 132 2118 923 2159; baseline 0.008 -14"><span class='ocrx_word' id='word_1_337' title='bbox 132 2118 297 2154; x_wconf 79' lang='grc' dir='ltr'>πληρώματι</span> <span class='ocrx_word' id='word_1_338' title='bbox 310 2120 363 2147; x_wconf 82' lang='grc' dir='ltr'><strong>τῶν</strong></span> <span class='ocrx_word' id='word_1_339' title='bbox 381 2121 485 2157; x_wconf 86' lang='grc' dir='ltr'>ἀνδρῶν</span> <span class='ocrx_word' id='word_1_340' title='bbox 498 2130 505 2137; x_wconf 92' lang='grc'><strong>·</strong></span> <span class='ocrx_word' id='word_1_341' title='bbox 520 2122 616 2149; x_wconf 84' lang='grc' dir='ltr'>τούτου</span> <span class='ocrx_word' id='word_1_342' title='bbox 631 2122 711 2159; x_wconf 87' lang='grc' dir='ltr'>χάριν</span> <span class='ocrx_word' id='word_1_343' title='bbox 729 2123 882 2156; x_wconf 80' lang='grc' dir='ltr'>ἀκολούθως</span> <span class='ocrx_word' id='word_1_344' title='bbox 894 2126 923 2151; x_wconf 81' lang='grc' dir='ltr'>ὲν</span> 
     </span>
    </p>
   </div>
   <div class='ocr_carea' id='block_1_45' title="bbox 129 2166 923 2206">
    <p class='ocr_par' dir='ltr' id='par_1_45' title="bbox 129 2166 923 2206">
     <span class='ocr_line' id='line_1_45' title="bbox 129 2166 923 2206; baseline 0.008 -15"><span class='ocrx_word' id='word_1_345' title='bbox 129 2167 222 2201; x_wconf 71' lang='grc' dir='ltr'>τρισὶν</span> <span class='ocrx_word' id='word_1_346' title='bbox 236 2166 352 2203; x_wconf 76' lang='grc' dir='ltr'>ἡμέραις</span> <span class='ocrx_word' id='word_1_347' title='bbox 372 2168 389 2203; x_wconf 88' lang='grc' dir='ltr'><strong>ἡ</strong></span> <span class='ocrx_word' id='word_1_348' title='bbox 416 2168 492 2200; x_wconf 88' lang='grc' dir='ltr'>νόσος</span> <span class='ocrx_word' id='word_1_349' title='bbox 506 2169 707 2204; x_wconf 76' lang='grc' dir='ltr'>ἐξαφανίζεται,</span> <span class='ocrx_word' id='word_1_350' title='bbox 727 2169 834 2206; x_wconf 79' lang='grc' dir='ltr'>ἑκάστῳ</span> <span class='ocrx_word' id='word_1_351' title='bbox 849 2170 923 2204; x_wconf 82' lang='grc' dir='ltr'>γένει</span> 
     </span>
    </p>
   </div>
   <div class='ocr_carea' id='block_1_46' title="bbox 131 2212 962 2252">
    <p class='ocr_par' dir='ltr' id='par_1_46' title="bbox 131 2212 962 2252">
     <span class='ocr_line' id='line_1_46' title="bbox 131 2212 962 2252; baseline 0.006 -14"><span class='ocrx_word' id='word_1_352' title='bbox 131 2212 188 2238; x_wconf 79' lang='grc' dir='ltr'><strong>τῶν</strong></span> <span class='ocrx_word' id='word_1_353' title='bbox 208 2214 237 2239; x_wconf 87' lang='grc' dir='ltr'>ὲν</span> <span class='ocrx_word' id='word_1_354' title='bbox 252 2213 337 2249; x_wconf 79' lang='grc' dir='ltr'>κακίᾳ</span> <span class='ocrx_word' id='word_1_355' title='bbox 356 2214 539 2250; x_wconf 83' lang='grc' dir='ltr'>νενοσηκότων</span> <span class='ocrx_word' id='word_1_356' title='bbox 558 2216 622 2250; x_wconf 83' lang='grc' dir='ltr'>μιᾶς</span> <span class='ocrx_word' id='word_1_357' title='bbox 635 2215 741 2252; x_wconf 88' lang='grc' dir='ltr'>ἡμέρας</span> <span class='ocrx_word' id='word_1_358' title='bbox 761 2217 927 2252; x_wconf 68' lang='grc' dir='ltr'>ἀποκληρωυ</span> <span class='ocrx_word' id='word_1_359' title='bbox 940 2222 962 2250; x_wconf 82' lang='lat' dir='ltr'><strong>D</strong></span> 
     </span>
    </p>
   </div>
   <div class='ocr_carea' id='block_1_47' title="bbox 133 2257 925 2298">
    <p class='ocr_par' dir='ltr' id='par_1_47' title="bbox 133 2257 925 2298">
     <span class='ocr_line' id='line_1_47' title="bbox 133 2257 925 2298; baseline 0.006 -14"><span class='ocrx_word' id='word_1_360' title='bbox 133 2257 228 2293; x_wconf 81' lang='grc' dir='ltr'>θείσης</span> <span class='ocrx_word' id='word_1_361' title='bbox 245 2258 314 2295; x_wconf 82' lang='grc' dir='ltr'>πρὸς</span> <span class='ocrx_word' id='word_1_362' title='bbox 334 2259 405 2286; x_wconf 83' lang='grc' dir='ltr'>ἴασιν</span> <span class='ocrx_word' id='word_1_363' title='bbox 416 2269 422 2274; x_wconf 93' lang='grc'><strong>·</strong></span> <span class='ocrx_word' id='word_1_364' title='bbox 439 2262 468 2287; x_wconf 82' lang='grc' dir='ltr'><strong>ὲν</strong></span> <span class='ocrx_word' id='word_1_365' title='bbox 492 2261 541 2297; x_wconf 87' lang='grc' dir='ltr'>μιᾷ</span> <span class='ocrx_word' id='word_1_366' title='bbox 555 2261 647 2297; x_wconf 79' lang='grc' dir='ltr'>ἡμέρᾳ</span> <span class='ocrx_word' id='word_1_367' title='bbox 660 2262 685 2288; x_wconf 75' lang='lat' dir='ltr'><strong>ot</strong></span> <span class='ocrx_word' id='word_1_368' title='bbox 709 2261 804 2298; x_wconf 80' lang='grc' dir='ltr'>ἄνδρες</span> <span class='ocrx_word' id='word_1_369' title='bbox 820 2263 868 2298; x_wconf 83' lang='grc' dir='ltr'><strong>τῆς</strong></span> <span class='ocrx_word' id='word_1_370' title='bbox 881 2263 925 2290; x_wconf 89' lang='grc' dir='ltr'>νό-</span> 
     </span>
    </p>
   </div>
   <div class='ocr_carea' id='block_1_48' title="bbox 133 2305 926 2344">
    <p class='ocr_par' dir='ltr' id='par_1_48' title="bbox 133 2305 926 2344">
     <span class='ocr_line' id='line_1_48' title="bbox 133 2305 926 2344; baseline 0.009 -14"><span class='ocrx_word' id='word_1_371' title='bbox 133 2313 182 2331; x_wconf 58' lang='grc' dir='ltr'><strong>σον</strong></span> <span class='ocrx_word' id='word_1_372' title='bbox 210 2305 400 2341; x_wconf 63' lang='grc' dir='ltr'>καθαίρονταιδ</span> <span class='ocrx_word' id='word_1_373' title='bbox 427 2306 456 2334; x_wconf 81' lang='grc' dir='ltr'>ὲν</span> <span class='ocrx_word' id='word_1_374' title='bbox 480 2308 514 2343; x_wconf 78' lang='grc' dir='ltr'>τῇ</span> <span class='ocrx_word' id='word_1_375' title='bbox 540 2308 664 2344; x_wconf 78' lang='grc' dir='ltr'>δευτέρᾳ,</span> <span class='ocrx_word' id='word_1_376' title='bbox 678 2308 709 2335; x_wconf 80' lang='grc' dir='ltr'>τὸ</span> <span class='ocrx_word' id='word_1_377' title='bbox 722 2308 776 2336; x_wconf 85' lang='grc' dir='ltr'><strong>τῶν</strong></span> <span class='ocrx_word' id='word_1_378' title='bbox 789 2309 926 2344; x_wconf 82' lang='grc' dir='ltr'>γυναικῶν</span> 
     </span>
    </p>
   </div>
   <div class='ocr_carea' id='block_1_49' title="bbox 133 2351 926 2391">
    <p class='ocr_par' dir='ltr' id='par_1_49' title="bbox 133 2351 926 2391">
     <span class='ocr_line' id='line_1_49' title="bbox 133 2351 926 2391; baseline 0.008 -14"><span class='ocrx_word' id='word_1_379' title='bbox 133 2351 316 2386; x_wconf 84' lang='grc' dir='ltr'>θεραπεύεται</span> <span class='ocrx_word' id='word_1_380' title='bbox 331 2352 410 2385; x_wconf 82' lang='grc' dir='ltr'>γένος</span> <span class='ocrx_word' id='word_1_381' title='bbox 419 2361 427 2368; x_wconf 89' lang='grc'>·</span> <span class='ocrx_word' id='word_1_382' title='bbox 445 2354 474 2380; x_wconf 75' lang='grc' dir='ltr'><strong>έν</strong></span> <span class='ocrx_word' id='word_1_383' title='bbox 488 2355 520 2390; x_wconf 75' lang='grc' dir='ltr'>τῇ</span> <span class='ocrx_word' id='word_1_384' title='bbox 532 2354 675 2390; x_wconf 84' lang='grc' dir='ltr'>τελευταίᾳ</span> <span class='ocrx_word' id='word_1_385' title='bbox 685 2375 692 2388; x_wconf 85' lang='lat'><strong>,</strong></span> <span class='ocrx_word' id='word_1_386' title='bbox 704 2355 816 2391; x_wconf 75' lang='grc' dir='ltr'>ἔσχατος</span> <span class='ocrx_word' id='word_1_387' title='bbox 830 2356 926 2391; x_wconf 81' lang='grc' dir='ltr'>ἐχθρὸς</span> 
     </span>
    </p>
   </div>
   <div class='ocr_carea' id='block_1_50' title="bbox 131 2399 926 2437">
    <p class='ocr_par' dir='ltr' id='par_1_50' title="bbox 131 2399 926 2437">
     <span class='ocr_line' id='line_1_50' title="bbox 131 2399 926 2437; baseline 0.008 -14"><span class='ocrx_word' id='word_1_388' title='bbox 131 2399 312 2433; x_wconf 84' lang='grc' dir='ltr'>καταργεῖται</span> <span class='ocrx_word' id='word_1_389' title='bbox 326 2399 340 2426; x_wconf 86' lang='grc' dir='ltr'>ὁ</span> <span class='ocrx_word' id='word_1_390' title='bbox 352 2399 476 2433; x_wconf 80' lang='grc' dir='ltr'>θάνατος,</span> <span class='ocrx_word' id='word_1_391' title='bbox 492 2400 540 2427; x_wconf 78' lang='grc' dir='ltr'>καὶ</span> <span class='ocrx_word' id='word_1_392' title='bbox 557 2401 620 2436; x_wconf 80' lang='grc' dir='ltr'>περὶ</span> <span class='ocrx_word' id='word_1_393' title='bbox 638 2401 720 2429; x_wconf 84' lang='grc' dir='ltr'>αὐτὸν</span> <span class='ocrx_word' id='word_1_394' title='bbox 729 2402 812 2437; x_wconf 86' lang='grc' dir='ltr'>ἀρχαί</span> <span class='ocrx_word' id='word_1_395' title='bbox 823 2411 863 2433; x_wconf 85' lang='grc' dir='ltr'><strong>τε,</strong></span> <span class='ocrx_word' id='word_1_396' title='bbox 880 2403 926 2429; x_wconf 75' lang='grc' dir='ltr'><strong>καὶ</strong></span> 
     </span>
    </p>
   </div>
   <div class='ocr_carea' id='block_1_51' title="bbox 132 2444 927 2484">
    <p class='ocr_par' dir='ltr' id='par_1_51' title="bbox 132 2444 927 2484">
     <span class='ocr_line' id='line_1_51' title="bbox 132 2444 927 2484; baseline 0.009 -14"><span class='ocrx_word' id='word_1_397' title='bbox 132 2444 265 2477; x_wconf 72' lang='grc' dir='ltr'>ἐξουσίαι,</span> <span class='ocrx_word' id='word_1_398' title='bbox 281 2446 329 2473; x_wconf 70' lang='grc' dir='ltr'><strong>καὶ</strong></span> <span class='ocrx_word' id='word_1_399' title='bbox 350 2446 480 2482; x_wconf 86' lang='grc' dir='ltr'>δυνάμεις</span> <span class='ocrx_word' id='word_1_400' title='bbox 504 2447 559 2474; x_wconf 87' lang='grc' dir='ltr'><strong>τῶν</strong></span> <span class='ocrx_word' id='word_1_401' title='bbox 582 2448 778 2484; x_wconf 86' lang='grc' dir='ltr'>ἀντικειμένων</span> <span class='ocrx_word' id='word_1_402' title='bbox 788 2449 927 2484; x_wconf 80' lang='grc' dir='ltr'>δυνάμεων</span> 
     </span>
    </p>
   </div>
   <div class='ocr_carea' id='block_1_52' title="bbox 132 2491 928 2531">
    <p class='ocr_par' dir='ltr' id='par_1_52' title="bbox 132 2491 928 2531">
     <span class='ocr_line' id='line_1_52' title="bbox 132 2491 928 2531; baseline 0.006 -14"><span class='ocrx_word' id='word_1_403' title='bbox 132 2491 187 2518; x_wconf 86' lang='grc' dir='ltr'><strong>τῶν</strong></span> <span class='ocrx_word' id='word_1_404' title='bbox 199 2500 230 2518; x_wconf 84' lang='grc' dir='ltr'><strong>τε</strong></span> <span class='ocrx_word' id='word_1_405' title='bbox 247 2492 465 2528; x_wconf 84' lang='grc' dir='ltr'>προκαθημένων</span> <span class='ocrx_word' id='word_1_406' title='bbox 474 2494 710 2528; x_wconf 83' lang='grc' dir='ltr'>συναφανίζονται.</span> <span class='ocrx_word' id='word_1_407' title='bbox 725 2495 770 2530; x_wconf 85' lang='grc' dir='ltr'><strong>Μὴ</strong></span> <span class='ocrx_word' id='word_1_408' title='bbox 786 2495 928 2531; x_wconf 85' lang='grc' dir='ltr'>θαυμάσῃς</span> 
     </span>
    </p>
   </div>
   <div class='ocr_carea' id='block_1_53' title="bbox 132 2538 928 2576">
    <p class='ocr_par' dir='ltr' id='par_1_53' title="bbox 132 2538 928 2576">
     <span class='ocr_line' id='line_1_53' title="bbox 132 2538 928 2576; baseline 0.005 -12"><span class='ocrx_word' id='word_1_409' title='bbox 132 2538 161 2565; x_wconf 85' lang='grc' dir='ltr'>δὲ</span> <span class='ocrx_word' id='word_1_410' title='bbox 186 2538 210 2564; x_wconf 79' lang='grc' dir='ltr'><strong>εί</strong></span> <span class='ocrx_word' id='word_1_411' title='bbox 237 2540 372 2574; x_wconf 80' lang='grc' dir='ltr'>χρονικοῖς</span> <span class='ocrx_word' id='word_1_412' title='bbox 399 2539 580 2575; x_wconf 87' lang='grc' dir='ltr'>διαστήμασιν</span> <span class='ocrx_word' id='word_1_413' title='bbox 604 2542 620 2575; x_wconf 89' lang='grc' dir='ltr'>ὴ</span> <span class='ocrx_word' id='word_1_414' title='bbox 644 2540 691 2567; x_wconf 81' lang='grc' dir='ltr'>τοῦ</span> <span class='ocrx_word' id='word_1_415' title='bbox 719 2541 819 2576; x_wconf 82' lang='grc' dir='ltr'>ἀγαθοῦ</span> <span class='ocrx_word' id='word_1_416' title='bbox 840 2542 928 2574; x_wconf 86' lang='grc' dir='ltr'>κτίσις</span> 
     </span>
    </p>
   </div>
   <div class='ocr_carea' id='block_1_54' title="bbox 133 2583 928 2623">
    <p class='ocr_par' dir='ltr' id='par_1_54' title="bbox 133 2583 928 2623">
     <span class='ocr_line' id='line_1_54' title="bbox 133 2583 928 2623; baseline 0.006 -13"><span class='ocrx_word' id='word_1_417' title='bbox 133 2583 335 2620; x_wconf 77' lang='grc' dir='ltr'>ὲπιμερίζεται.</span> <span class='ocrx_word' id='word_1_418' title='bbox 350 2586 405 2612; x_wconf 80' lang='grc' dir='ltr'><strong>Καὶ</strong></span> <span class='ocrx_word' id='word_1_419' title='bbox 428 2585 482 2622; x_wconf 86' lang='grc' dir='ltr'>γὰρ</span> <span class='ocrx_word' id='word_1_420' title='bbox 508 2586 584 2622; x_wconf 72' lang='grc' dir='ltr'>παρὰ</span> <span class='ocrx_word' id='word_1_421' title='bbox 608 2586 658 2622; x_wconf 84' lang='grc' dir='ltr'>τὴν</span> <span class='ocrx_word' id='word_1_422' title='bbox 677 2587 788 2623; x_wconf 81' lang='grc' dir='ltr'>πρώτην</span> <span class='ocrx_word' id='word_1_423' title='bbox 807 2587 854 2615; x_wconf 87' lang='grc' dir='ltr'>τοῦ</span> <span class='ocrx_word' id='word_1_424' title='bbox 882 2588 928 2615; x_wconf 90' lang='grc' dir='ltr'>κό-</span> 
     </span>
    </p>
   </div>
   <div class='ocr_carea' id='block_1_55' title="bbox 134 2628 926 2668">
    <p class='ocr_par' dir='ltr' id='par_1_55' title="bbox 134 2628 926 2668">
     <span class='ocr_line' id='line_1_55' title="bbox 134 2628 926 2668; baseline 0.009 -14"><span class='ocrx_word' id='word_1_425' title='bbox 134 2637 205 2663; x_wconf 87' lang='grc' dir='ltr'>σμου</span> <span class='ocrx_word' id='word_1_426' title='bbox 217 2628 334 2662; x_wconf 84' lang='grc' dir='ltr'>γένεσιν,</span> <span class='ocrx_word' id='word_1_427' title='bbox 349 2630 399 2656; x_wconf 88' lang='grc' dir='ltr'><strong>οὐκ</strong></span> <span class='ocrx_word' id='word_1_428' title='bbox 423 2631 514 2665; x_wconf 73' lang='grc' dir='ltr'>ἠτόνει</span> <span class='ocrx_word' id='word_1_429' title='bbox 527 2631 544 2666; x_wconf 86' lang='grc' dir='ltr'><strong>ἡ</strong></span> <span class='ocrx_word' id='word_1_430' title='bbox 563 2631 623 2658; x_wconf 82' lang='grc' dir='ltr'>θεία</span> <span class='ocrx_word' id='word_1_431' title='bbox 644 2632 758 2668; x_wconf 88' lang='grc' dir='ltr'>δύναμις</span> <span class='ocrx_word' id='word_1_432' title='bbox 777 2633 884 2661; x_wconf 75' lang='grc' dir='ltr'>ἅπαντα</span> <span class='ocrx_word' id='word_1_433' title='bbox 897 2635 926 2660; x_wconf 77' lang='grc' dir='ltr'>ἐν</span> 
     </span>
    </p>
   </div>
   <div class='ocr_carea' id='block_1_56' title="bbox 133 2674 927 2714">
    <p class='ocr_par' dir='ltr' id='par_1_56' title="bbox 133 2674 927 2714">
     <span class='ocr_line' id='line_1_56' title="bbox 133 2674 927 2714; baseline 0.008 -14"><span class='ocrx_word' id='word_1_434' title='bbox 133 2674 237 2710; x_wconf 83' lang='grc' dir='ltr'>ἀκαρεῖ</span> <span class='ocrx_word' id='word_1_435' title='bbox 258 2675 400 2702; x_wconf 83' lang='grc' dir='ltr'>τελειῶσαι</span> <span class='ocrx_word' id='word_1_436' title='bbox 419 2676 452 2703; x_wconf 84' lang='grc' dir='ltr'>τὰ</span> <span class='ocrx_word' id='word_1_437' title='bbox 469 2676 546 2708; x_wconf 71' lang='grc' dir='ltr'>ὄντα,</span> <span class='ocrx_word' id='word_1_438' title='bbox 560 2677 618 2703; x_wconf 85' lang='grc' dir='ltr'>ἀλλ’</span> <span class='ocrx_word' id='word_1_439' title='bbox 636 2678 711 2713; x_wconf 81' lang='grc' dir='ltr'>ὅμως</span> <span class='ocrx_word' id='word_1_440' title='bbox 727 2679 927 2714; x_wconf 84' lang='grc' dir='ltr'>συμπαραλαμ-</span> 
     </span>
    </p>
   </div>
   <div class='ocr_carea' id='block_1_57' title="bbox 134 2720 926 2759">
    <p class='ocr_par' dir='ltr' id='par_1_57' title="bbox 134 2720 926 2759">
     <span class='ocr_line' id='line_1_57' title="bbox 134 2720 926 2759; baseline 0.006 -13"><span class='ocrx_word' id='word_1_441' title='bbox 134 2720 212 2747; x_wconf 72' lang='grc' dir='ltr'>ϐάνει</span> <span class='ocrx_word' id='word_1_442' title='bbox 229 2722 262 2756; x_wconf 78' lang='grc' dir='ltr'>τῇ</span> <span class='ocrx_word' id='word_1_443' title='bbox 275 2721 441 2757; x_wconf 81' lang='grc' dir='ltr'>δημιουργίᾳ</span> <span class='ocrx_word' id='word_1_444' title='bbox 454 2722 508 2748; x_wconf 85' lang='grc' dir='ltr'><strong>τῶν</strong></span> <span class='ocrx_word' id='word_1_445' title='bbox 525 2721 609 2749; x_wconf 74' lang='grc' dir='ltr'>ὄντων</span> <span class='ocrx_word' id='word_1_446' title='bbox 622 2723 670 2749; x_wconf 62' lang='grc' dir='ltr'><strong>καὶ¹</strong></span> <span class='ocrx_word' id='word_1_447' title='bbox 691 2723 725 2750; x_wconf 81' lang='grc' dir='ltr'>τὰ</span> <span class='ocrx_word' id='word_1_448' title='bbox 742 2724 854 2759; x_wconf 79' lang='grc' dir='ltr'>χρονικὰ</span> <span class='ocrx_word' id='word_1_449' title='bbox 867 2725 926 2751; x_wconf 87' lang='grc' dir='ltr'>δια-</span> 
     </span>
    </p>
   </div>
   <div class='ocr_carea' id='block_1_58' title="bbox 135 2766 925 2805">
    <p class='ocr_par' dir='ltr' id='par_1_58' title="bbox 135 2766 925 2805">
     <span class='ocr_line' id='line_1_58' title="bbox 135 2766 925 2805; baseline 0.004 -11"><span class='ocrx_word' id='word_1_450' title='bbox 135 2767 279 2802; x_wconf 79' lang='grc' dir='ltr'>στήματα·</span> <span class='ocrx_word' id='word_1_451' title='bbox 293 2766 330 2799; x_wconf 83' lang='grc' dir='ltr'>ὡς</span> <span class='ocrx_word' id='word_1_452' title='bbox 347 2767 405 2794; x_wconf 83' lang='grc' dir='ltr'>τόδε</span> <span class='ocrx_word' id='word_1_453' title='bbox 420 2768 469 2804; x_wconf 88' lang='grc' dir='ltr'><strong>μέν</strong></span> <span class='ocrx_word' id='word_1_454' title='bbox 492 2777 519 2795; x_wconf 92' lang='grc' dir='ltr'><strong>τι</strong></span> <span class='ocrx_word' id='word_1_455' title='bbox 537 2767 607 2795; x_wconf 81' lang='grc' dir='ltr'>κατὰ</span> <span class='ocrx_word' id='word_1_456' title='bbox 619 2768 669 2804; x_wconf 85' lang='grc' dir='ltr'><strong>τὴν</strong></span> <span class='ocrx_word' id='word_1_457' title='bbox 687 2769 797 2805; x_wconf 79' lang='grc' dir='ltr'>πρώτην</span> <span class='ocrx_word' id='word_1_458' title='bbox 819 2769 925 2805; x_wconf 84' lang='grc' dir='ltr'>ἡμέραν</span> 
     </span>
    </p>
   </div>
   <div class='ocr_carea' id='block_1_59' title="bbox 173 2856 696 2891">
    <p class='ocr_par' dir='ltr' id='par_1_59' title="bbox 173 2856 696 2891">
     <span class='ocr_line' id='line_1_59' title="bbox 173 2856 696 2891; baseline 0.004 -7"><span class='ocrx_word' id='word_1_459' title='bbox 173 2857 196 2872; x_wconf 80' lang='grc'>”</span> <span class='ocrx_word' id='word_1_460' title='bbox 211 2856 283 2885; x_wconf 85' lang='lat' dir='ltr'><strong>Psal.</strong></span> <span class='ocrx_word' id='word_1_461' title='bbox 300 2864 359 2891; x_wconf 82' lang='lat' dir='ltr'><strong>xm,</strong></span> <span class='ocrx_word' id='word_1_462' title='bbox 376 2858 402 2885; x_wconf 81' lang='lat'><strong>5.</strong></span> <span class='ocrx_word' id='word_1_463' title='bbox 440 2857 572 2885; x_wconf 78' lang='lat' dir='ltr'><strong>&quot;‘Judic.</strong></span> <span class='ocrx_word' id='word_1_464' title='bbox 595 2865 649 2891; x_wconf 75' lang='lat' dir='ltr'><strong>xw,</strong></span> <span class='ocrx_word' id='word_1_465' title='bbox 668 2857 696 2886; x_wconf 85' lang='lat'><strong>6.</strong></span> 
     </span>
    </p>
   </div>
   <div class='ocr_carea' id='block_1_60' title="bbox 611 122 1301 152">
    <p class='ocr_par' dir='ltr' id='par_1_60' title="bbox 611 122 1301 152">
     <span class='ocr_line' id='line_1_60' title="bbox 611 122 1301 152; baseline 0.003 -2"><span class='ocrx_word' id='word_1_466' title='bbox 611 122 643 150; x_wconf 80' lang='lat' dir='ltr'><strong>lN</strong></span> <span class='ocrx_word' id='word_1_467' title='bbox 664 122 801 151; x_wconf 82' lang='lat' dir='ltr'><strong>CHRISTI</strong></span> <span class='ocrx_word' id='word_1_468' title='bbox 820 122 1136 151; x_wconf 58' lang='lat' dir='ltr'><strong>RESURRECTlONEM</strong></span> <span class='ocrx_word' id='word_1_469' title='bbox 1156 124 1260 152; x_wconf 65' lang='lat' dir='ltr'><strong>ORAT.</strong></span> <span class='ocrx_word' id='word_1_470' title='bbox 1282 126 1301 152; x_wconf 93' lang='grc' dir='ltr'><strong>Ι.</strong></span> 
     </span>
    </p>
   </div>
   <div class='ocr_carea' id='block_1_61' title="bbox 1706 123 1759 149">
    <p class='ocr_par' dir='ltr' id='par_1_61' title="bbox 1706 123 1759 149">
     <span class='ocr_line' id='line_1_61' title="bbox 1706 123 1759 149; baseline -0.019 -1"><span class='ocrx_word' id='word_1_471' title='bbox 1706 123 1759 149; x_wconf 71' lang='lat' dir='ltr'><strong>(iiii</strong></span> 
     </span>
    </p>
   </div>
   <div class='ocr_carea' id='block_1_62' title="bbox 966 179 1761 215">
    <p class='ocr_par' dir='ltr' id='par_1_62' title="bbox 966 179 1761 215">
     <span class='ocr_line' id='line_1_62' title="bbox 966 179 1761 215; baseline -0.001 -8"><span class='ocrx_word' id='word_1_472' title='bbox 966 181 1081 208; x_wconf 80' lang='lat' dir='ltr'><strong>fecunda</strong></span> <span class='ocrx_word' id='word_1_473' title='bbox 1099 181 1203 208; x_wconf 80' lang='lat' dir='ltr'><strong>malitia</strong></span> <span class='ocrx_word' id='word_1_474' title='bbox 1220 181 1347 208; x_wconf 76' lang='lat' dir='ltr'><strong>tulalibus</strong></span> <span class='ocrx_word' id='word_1_475' title='bbox 1359 180 1455 208; x_wconf 85' lang='lat' dir='ltr'><strong>ordine</strong></span> <span class='ocrx_word' id='word_1_476' title='bbox 1470 179 1681 208; x_wconf 81' lang='lat' dir='ltr'><strong>succedentibus</strong></span> <span class='ocrx_word' id='word_1_477' title='bbox 1700 188 1761 215; x_wconf 80' lang='lat' dir='ltr'><strong>pcr-</strong></span> 
     </span>
    </p>
   </div>
   <div class='ocr_carea' id='block_1_63' title="bbox 969 226 1760 257">
    <p class='ocr_par' dir='ltr' id='par_1_63' title="bbox 969 226 1760 257">
     <span class='ocr_line' id='line_1_63' title="bbox 969 226 1760 257; baseline -0.001 -4"><span class='ocrx_word' id='word_1_478' title='bbox 969 226 1028 253; x_wconf 83' lang='lat' dir='ltr'><strong>fusa</strong></span> <span class='ocrx_word' id='word_1_479' title='bbox 1047 227 1165 254; x_wconf 87' lang='lat' dir='ltr'><strong>creverit</strong></span> <span class='ocrx_word' id='word_1_480' title='bbox 1184 228 1209 254; x_wconf 91' lang='lat' dir='ltr'><strong>in</strong></span> <span class='ocrx_word' id='word_1_481' title='bbox 1227 227 1372 257; x_wconf 79' lang='lat' dir='ltr'><strong>inﬁnitum,</strong></span> <span class='ocrx_word' id='word_1_482' title='bbox 1389 227 1476 253; x_wconf 86' lang='lat' dir='ltr'><strong>donec</strong></span> <span class='ocrx_word' id='word_1_483' title='bbox 1489 226 1522 252; x_wconf 88' lang='lat' dir='ltr'><strong>ad</strong></span> <span class='ocrx_word' id='word_1_484' title='bbox 1536 234 1674 253; x_wconf 89' lang='lat' dir='ltr'><strong>summum</strong></span> <span class='ocrx_word' id='word_1_485' title='bbox 1698 227 1760 253; x_wconf 84' lang='lat' dir='ltr'><strong>mali</strong></span> 
     </span>
    </p>
   </div>
   <div class='ocr_carea' id='block_1_64' title="bbox 968 273 1760 308">
    <p class='ocr_par' dir='ltr' id='par_1_64' title="bbox 968 273 1760 308">
     <span class='ocr_line' id='line_1_64' title="bbox 968 273 1760 308; baseline -0.003 -8"><span class='ocrx_word' id='word_1_486' title='bbox 968 273 1107 300; x_wconf 87' lang='lat' dir='ltr'><strong>cumulum</strong></span> <span class='ocrx_word' id='word_1_487' title='bbox 1141 274 1301 308; x_wconf 79' lang='lat' dir='ltr'><strong>perveniens</strong></span> <span class='ocrx_word' id='word_1_488' title='bbox 1335 278 1419 300; x_wconf 83' lang='lat' dir='ltr'><strong>tutam</strong></span> <span class='ocrx_word' id='word_1_489' title='bbox 1453 279 1577 300; x_wconf 83' lang='lat' dir='ltr'><strong>naturam</strong></span> <span class='ocrx_word' id='word_1_490' title='bbox 1610 273 1760 299; x_wconf 88' lang='lat' dir='ltr'><strong>humanam</strong></span> 
     </span>
    </p>
   </div>
   <div class='ocr_carea' id='block_1_65' title="bbox 968 318 1761 353">
    <p class='ocr_par' dir='ltr' id='par_1_65' title="bbox 968 318 1761 353">
     <span class='ocr_line' id='line_1_65' title="bbox 968 318 1761 353; baseline -0.003 -7"><span class='ocrx_word' id='word_1_491' title='bbox 968 319 1133 353; x_wconf 77' lang='lat' dir='ltr'><strong>occupavit?</strong></span> <span class='ocrx_word' id='word_1_492' title='bbox 1152 318 1198 346; x_wconf 88' lang='lat' dir='ltr'><strong>Sic</strong></span> <span class='ocrx_word' id='word_1_493' title='bbox 1212 319 1283 345; x_wconf 84' lang='lat' dir='ltr'><strong>enim</strong></span> <span class='ocrx_word' id='word_1_494' title='bbox 1299 319 1359 345; x_wconf 83' lang='lat' dir='ltr'><strong>sine</strong></span> <span class='ocrx_word' id='word_1_495' title='bbox 1372 319 1531 353; x_wconf 78' lang='lat' dir='ltr'><strong>exceptione</strong></span> <span class='ocrx_word' id='word_1_496' title='bbox 1546 318 1681 352; x_wconf 82' lang='lat' dir='ltr'><strong>Propheta</strong></span> <span class='ocrx_word' id='word_1_497' title='bbox 1698 324 1761 344; x_wconf 86' lang='lat' dir='ltr'><strong>sen-</strong></span> 
     </span>
    </p>
   </div>
   <div class='ocr_carea' id='block_1_66' title="bbox 968 366 1758 401">
    <p class='ocr_par' dir='ltr' id='par_1_66' title="bbox 968 366 1758 401">
     <span class='ocr_line' id='line_1_66' title="bbox 968 366 1758 401; baseline -0.003 -8"><span class='ocrx_word' id='word_1_498' title='bbox 968 368 1081 393; x_wconf 85' lang='lat' dir='ltr'><strong>tentiam</strong></span> <span class='ocrx_word' id='word_1_499' title='bbox 1115 367 1186 399; x_wconf 85' lang='lat' dir='ltr'><strong>tulit,</strong></span> <span class='ocrx_word' id='word_1_500' title='bbox 1217 366 1324 399; x_wconf 80' lang='lat' dir='ltr'><strong>Omnes,</strong></span> <span class='ocrx_word' id='word_1_501' title='bbox 1355 366 1482 401; x_wconf 85' lang='lat' dir='ltr'><strong>inquiens</strong></span> <span class='ocrx_word' id='word_1_502' title='bbox 1494 367 1526 397; x_wconf 67' lang='lat'><strong>&#39;9,</strong></span> <span class='ocrx_word' id='word_1_503' title='bbox 1551 366 1758 398; x_wconf 81' lang='lat' dir='ltr'><strong>declinaverunt,</strong></span> 
     </span>
    </p>
   </div>
   <div class='ocr_carea' id='block_1_67' title="bbox 968 413 1758 448">
    <p class='ocr_par' dir='ltr' id='par_1_67' title="bbox 968 413 1758 448">
     <span class='ocr_line' id='line_1_67' title="bbox 968 413 1758 448; baseline -0.001 -8"><span class='ocrx_word' id='word_1_504' title='bbox 968 414 1049 441; x_wconf 80' lang='lat' dir='ltr'><em>simul</em></span> <span class='ocrx_word' id='word_1_505' title='bbox 1063 413 1170 440; x_wconf 80' lang='lat' dir='ltr'><strong>inutiles</strong></span> <span class='ocrx_word' id='word_1_506' title='bbox 1188 414 1252 448; x_wconf 80' lang='lat' dir='ltr'><strong>[acti</strong></span> <span class='ocrx_word' id='word_1_507' title='bbox 1270 418 1342 444; x_wconf 70' lang='lat' dir='ltr'><strong>sunt,</strong></span> <span class='ocrx_word' id='word_1_508' title='bbox 1360 414 1428 440; x_wconf 86' lang='lat' dir='ltr'><strong>adeo</strong></span> <span class='ocrx_word' id='word_1_509' title='bbox 1441 416 1470 439; x_wconf 89' lang='lat' dir='ltr'><strong>ut</strong></span> <span class='ocrx_word' id='word_1_510' title='bbox 1492 413 1558 439; x_wconf 88' lang='lat' dir='ltr'><strong>nihil</strong></span> <span class='ocrx_word' id='word_1_511' title='bbox 1578 413 1758 444; x_wconf 75' lang='lat' dir='ltr'><strong>inveniretur,</strong></span> 
     </span>
    </p>
   </div>
   <div class='ocr_carea' id='block_1_68' title="bbox 968 458 1758 494">
    <p class='ocr_par' dir='ltr' id='par_1_68' title="bbox 968 458 1758 494">
     <span class='ocr_line' id='line_1_68' title="bbox 968 458 1758 494; baseline 0.001 -9"><span class='ocrx_word' id='word_1_512' title='bbox 968 460 1041 494; x_wconf 87' lang='lat' dir='ltr'><strong>quod</strong></span> <span class='ocrx_word' id='word_1_513' title='bbox 1068 460 1178 487; x_wconf 67' lang='lat' dir='ltr'><strong>malitia:</strong></span> <span class='ocrx_word' id='word_1_514' title='bbox 1205 468 1258 487; x_wconf 90' lang='lat' dir='ltr'><strong>non</strong></span> <span class='ocrx_word' id='word_1_515' title='bbox 1288 463 1361 487; x_wconf 81' lang='lat' dir='ltr'><strong>esset</strong></span> <span class='ocrx_word' id='word_1_516' title='bbox 1393 459 1615 486; x_wconf 68' lang='lat' dir='ltr'><strong>instrumentum.</strong></span> <span class='ocrx_word' id='word_1_517' title='bbox 1641 458 1758 486; x_wconf 83' lang='lat' dir='ltr'><strong>Tantum</strong></span> 
     </span>
    </p>
   </div>
   <div class='ocr_carea' id='block_1_69' title="bbox 969 505 1759 541">
    <p class='ocr_par' dir='ltr' id='par_1_69' title="bbox 969 505 1759 541">
     <span class='ocr_line' id='line_1_69' title="bbox 969 505 1759 541; baseline -0.001 -9"><span class='ocrx_word' id='word_1_518' title='bbox 969 506 1052 541; x_wconf 79' lang='lat' dir='ltr'><strong>igitur</strong></span> <span class='ocrx_word' id='word_1_519' title='bbox 1073 506 1207 532; x_wconf 85' lang='lat' dir='ltr'><strong>malorum</strong></span> <span class='ocrx_word' id='word_1_520' title='bbox 1235 513 1375 538; x_wconf 80' lang='lat' dir='ltr'><strong>acervum,</strong></span> <span class='ocrx_word' id='word_1_521' title='bbox 1399 505 1433 531; x_wconf 86' lang='lat' dir='ltr'><strong>ab</strong></span> <span class='ocrx_word' id='word_1_522' title='bbox 1447 505 1505 539; x_wconf 88' lang='lat' dir='ltr'><strong>ipsa</strong></span> <span class='ocrx_word' id='word_1_523' title='bbox 1520 505 1614 531; x_wconf 91' lang='lat' dir='ltr'><strong>mundi</strong></span> <span class='ocrx_word' id='word_1_524' title='bbox 1627 506 1759 531; x_wconf 87' lang='lat' dir='ltr'><strong>constitu-</strong></span> 
     </span>
    </p>
   </div>
   <div class='ocr_carea' id='block_1_70' title="bbox 969 551 1759 587">
    <p class='ocr_par' dir='ltr' id='par_1_70' title="bbox 969 551 1759 587">
     <span class='ocr_line' id='line_1_70' title="bbox 969 551 1759 587; baseline -0.001 -8"><span class='ocrx_word' id='word_1_525' title='bbox 969 553 1044 580; x_wconf 93' lang='lat' dir='ltr'><strong>tione</strong></span> <span class='ocrx_word' id='word_1_526' title='bbox 1062 552 1096 580; x_wconf 88' lang='lat' dir='ltr'><strong>ad</strong></span> <span class='ocrx_word' id='word_1_527' title='bbox 1111 557 1224 579; x_wconf 90' lang='lat' dir='ltr'><strong>mortem</strong></span> <span class='ocrx_word' id='word_1_528' title='bbox 1241 559 1328 587; x_wconf 86' lang='lat' dir='ltr'><strong>usque</strong></span> <span class='ocrx_word' id='word_1_529' title='bbox 1345 551 1450 579; x_wconf 86' lang='lat' dir='ltr'><strong>Domini</strong></span> <span class='ocrx_word' id='word_1_530' title='bbox 1469 553 1639 578; x_wconf 81' lang='lat' dir='ltr'><strong>cumulatum</strong></span> <span class='ocrx_word' id='word_1_531' title='bbox 1656 556 1682 578; x_wconf 90' lang='lat' dir='ltr'><strong>et</strong></span> <span class='ocrx_word' id='word_1_532' title='bbox 1708 559 1759 578; x_wconf 88' lang='lat' dir='ltr'><strong>au-</strong></span> 
     </span>
    </p>
   </div>
   <div class='ocr_carea' id='block_1_71' title="bbox 970 597 1758 633">
    <p class='ocr_par' dir='ltr' id='par_1_71' title="bbox 970 597 1758 633">
     <span class='ocr_line' id='line_1_71' title="bbox 970 597 1758 633; baseline -0.004 -7"><span class='ocrx_word' id='word_1_533' title='bbox 970 603 1055 631; x_wconf 90' lang='lat' dir='ltr'><strong>ctum,</strong></span> <span class='ocrx_word' id='word_1_534' title='bbox 1079 599 1124 633; x_wconf 88' lang='lat' dir='ltr'><strong>qui</strong></span> <span class='ocrx_word' id='word_1_535' title='bbox 1146 597 1233 626; x_wconf 85' lang='lat' dir='ltr'><strong>tribus</strong></span> <span class='ocrx_word' id='word_1_536' title='bbox 1247 598 1345 626; x_wconf 87' lang='lat' dir='ltr'><strong>diebus</strong></span> <span class='ocrx_word' id='word_1_537' title='bbox 1359 598 1495 631; x_wconf 77' lang='lat' dir='ltr'><strong>dissolvit,</strong></span> <span class='ocrx_word' id='word_1_538' title='bbox 1512 601 1539 625; x_wconf 90' lang='lat' dir='ltr'><strong>et</strong></span> <span class='ocrx_word' id='word_1_539' title='bbox 1561 597 1668 630; x_wconf 88' lang='lat' dir='ltr'><strong>evertit,</strong></span> <span class='ocrx_word' id='word_1_540' title='bbox 1693 605 1758 632; x_wconf 88' lang='lat' dir='ltr'><strong>par-</strong></span> 
     </span>
    </p>
   </div>
   <div class='ocr_carea' id='block_1_72' title="bbox 970 644 1759 680">
    <p class='ocr_par' dir='ltr' id='par_1_72' title="bbox 970 644 1759 680">
     <span class='ocr_line' id='line_1_72' title="bbox 970 644 1759 680; baseline -0.003 -9"><span class='ocrx_word' id='word_1_541' title='bbox 970 653 1068 672; x_wconf 77' lang='lat' dir='ltr'><strong>vamne</strong></span> <span class='ocrx_word' id='word_1_542' title='bbox 1093 645 1143 672; x_wconf 84' lang='lat' dir='ltr'><strong>tibi</strong></span> <span class='ocrx_word' id='word_1_543' title='bbox 1167 645 1324 680; x_wconf 77' lang='lat' dir='ltr'><strong>praestantis</strong></span> <span class='ocrx_word' id='word_1_544' title='bbox 1349 644 1486 679; x_wconf 71' lang='lat' dir='ltr'><strong>potentizc,</strong></span> <span class='ocrx_word' id='word_1_545' title='bbox 1513 644 1676 678; x_wconf 82' lang='lat' dir='ltr'><strong>virtutisque</strong></span> <span class='ocrx_word' id='word_1_546' title='bbox 1702 652 1759 672; x_wconf 66' lang='lat' dir='ltr'><strong>sum</strong></span> 
     </span>
    </p>
   </div>
   <div class='ocr_carea' id='block_1_73' title="bbox 970 689 1759 725">
    <p class='ocr_par' dir='ltr' id='par_1_73' title="bbox 970 689 1759 725">
     <span class='ocr_line' id='line_1_73' title="bbox 970 689 1759 725; baseline -0.003 -9"><span class='ocrx_word' id='word_1_547' title='bbox 970 690 1199 725; x_wconf 80' lang='lat' dir='ltr'><strong>significationem</strong></span> <span class='ocrx_word' id='word_1_548' title='bbox 1217 690 1312 718; x_wconf 86' lang='lat' dir='ltr'><strong>dedit?</strong></span> <span class='ocrx_word' id='word_1_549' title='bbox 1327 690 1422 717; x_wconf 78' lang='lat' dir='ltr'><strong>Nonne</strong></span> <span class='ocrx_word' id='word_1_550' title='bbox 1437 690 1478 717; x_wconf 91' lang='lat' dir='ltr'><strong>vis</strong></span> <span class='ocrx_word' id='word_1_551' title='bbox 1496 689 1566 723; x_wconf 77' lang='lat' dir='ltr'><strong>ejus,</strong></span> <span class='ocrx_word' id='word_1_552' title='bbox 1589 697 1680 716; x_wconf 87' lang='lat' dir='ltr'><strong>rerum</strong></span> <span class='ocrx_word' id='word_1_553' title='bbox 1700 697 1759 716; x_wconf 87' lang='lat' dir='ltr'><strong>om-</strong></span> 
     </span>
    </p>
   </div>
   <div class='ocr_carea' id='block_1_74' title="bbox 969 735 1760 771">
    <p class='ocr_par' dir='ltr' id='par_1_74' title="bbox 969 735 1760 771">
     <span class='ocr_line' id='line_1_74' title="bbox 969 735 1760 771; baseline -0.003 -8"><span class='ocrx_word' id='word_1_554' title='bbox 969 737 1056 770; x_wconf 89' lang='lat' dir='ltr'><strong>nium,</strong></span> <span class='ocrx_word' id='word_1_555' title='bbox 1087 745 1148 771; x_wconf 70' lang='lat' dir='ltr'><strong>qua:</strong></span> <span class='ocrx_word' id='word_1_556' title='bbox 1172 737 1359 764; x_wconf 86' lang='lat' dir='ltr'><strong>monumentis</strong></span> <span class='ocrx_word' id='word_1_557' title='bbox 1387 736 1564 764; x_wconf 85' lang='lat' dir='ltr'><strong>historiarum</strong></span> <span class='ocrx_word' id='word_1_558' title='bbox 1590 735 1760 763; x_wconf 71' lang='lat' dir='ltr'><strong>admiranda:</strong></span> 
     </span>
    </p>
   </div>
   <div class='ocr_carea' id='block_1_75' title="bbox 970 783 1760 819">
    <p class='ocr_par' dir='ltr' id='par_1_75' title="bbox 970 783 1760 819">
     <span class='ocr_line' id='line_1_75' title="bbox 970 783 1760 819; baseline -0.003 -9"><span class='ocrx_word' id='word_1_559' title='bbox 970 788 1232 816; x_wconf 79' lang='lat' dir='ltr'><strong>commemorantur,</strong></span> <span class='ocrx_word' id='word_1_560' title='bbox 1251 785 1377 819; x_wconf 75' lang='lat' dir='ltr'><strong>apparuit.</strong></span> <span class='ocrx_word' id='word_1_561' title='bbox 1392 783 1643 811; x_wconf 79' lang='lat' dir='ltr'><strong>excellentissima?</strong></span> <span class='ocrx_word' id='word_1_562' title='bbox 1661 783 1760 815; x_wconf 76' lang='lat' dir='ltr'><strong>Quem-</strong></span> 
     </span>
    </p>
   </div>
   <div class='ocr_carea' id='block_1_76' title="bbox 971 830 1759 864">
    <p class='ocr_par' dir='ltr' id='par_1_76' title="bbox 971 830 1759 864">
     <span class='ocr_line' id='line_1_76' title="bbox 971 830 1759 864; baseline -0.005 -6"><span class='ocrx_word' id='word_1_563' title='bbox 971 831 1117 858; x_wconf 85' lang='lat' dir='ltr'><strong>admodum</strong></span> <span class='ocrx_word' id='word_1_564' title='bbox 1131 831 1202 858; x_wconf 85' lang='lat' dir='ltr'><strong>enim</strong></span> <span class='ocrx_word' id='word_1_565' title='bbox 1219 831 1361 858; x_wconf 88' lang='lat' dir='ltr'><strong>Samsonis</strong></span> <span class='ocrx_word' id='word_1_566' title='bbox 1373 831 1478 858; x_wconf 75' lang='lat' dir='ltr'><strong>facinus</strong></span> <span class='ocrx_word' id='word_1_567' title='bbox 1491 837 1524 857; x_wconf 89' lang='lat' dir='ltr'><strong>eo</strong></span> <span class='ocrx_word' id='word_1_568' title='bbox 1537 830 1623 864; x_wconf 84' lang='lat' dir='ltr'><strong>magis</strong></span> <span class='ocrx_word' id='word_1_569' title='bbox 1637 830 1759 857; x_wconf 73' lang='lat' dir='ltr'><strong>admira-</strong></span> 
     </span>
    </p>
   </div>
   <div class='ocr_carea' id='block_1_77' title="bbox 970 876 1759 912">
    <p class='ocr_par' dir='ltr' id='par_1_77' title="bbox 970 876 1759 912">
     <span class='ocr_line' id='line_1_77' title="bbox 970 876 1759 912; baseline 0 -9"><span class='ocrx_word' id='word_1_570' title='bbox 970 885 1042 909; x_wconf 88' lang='lat' dir='ltr'><strong>mur,</strong></span> <span class='ocrx_word' id='word_1_571' title='bbox 1059 877 1132 912; x_wconf 87' lang='lat' dir='ltr'><strong>quod</strong></span> <span class='ocrx_word' id='word_1_572' title='bbox 1151 885 1206 903; x_wconf 89' lang='lat' dir='ltr'><strong>non</strong></span> <span class='ocrx_word' id='word_1_573' title='bbox 1224 877 1312 904; x_wconf 90' lang='lat' dir='ltr'><strong>solum</strong></span> <span class='ocrx_word' id='word_1_574' title='bbox 1332 878 1436 904; x_wconf 79' lang='lat' dir='ltr'><strong>leonem</strong></span> <span class='ocrx_word' id='word_1_575' title='bbox 1459 876 1534 908; x_wconf 84' lang='lat' dir='ltr'><strong>vicit,</strong></span> <span class='ocrx_word' id='word_1_576' title='bbox 1558 876 1604 903; x_wconf 79' lang='lat' dir='ltr'><strong>sed</strong></span> <span class='ocrx_word' id='word_1_577' title='bbox 1622 884 1683 903; x_wconf 85' lang='lat' dir='ltr'><strong>eum</strong></span> <span class='ocrx_word' id='word_1_578' title='bbox 1700 877 1759 904; x_wconf 83' lang='lat' dir='ltr'><strong>sine</strong></span> 
     </span>
    </p>
   </div>
   <div class='ocr_carea' id='block_1_78' title="bbox 970 922 1759 958">
    <p class='ocr_par' dir='ltr' id='par_1_78' title="bbox 970 922 1759 958">
     <span class='ocr_line' id='line_1_78' title="bbox 970 922 1759 958; baseline -0.001 -9"><span class='ocrx_word' id='word_1_579' title='bbox 970 923 1062 950; x_wconf 84' lang='lat' dir='ltr'><strong>labore</strong></span> <span class='ocrx_word' id='word_1_580' title='bbox 1079 923 1228 958; x_wconf 81' lang='lat' dir='ltr'><strong>superavit.</strong></span> <span class='ocrx_word' id='word_1_581' title='bbox 1261 922 1388 958; x_wconf 83' lang='lat' dir='ltr'><strong>quodque</strong></span> <span class='ocrx_word' id='word_1_582' title='bbox 1402 923 1475 950; x_wconf 91' lang='lat' dir='ltr'><strong>nuda</strong></span> <span class='ocrx_word' id='word_1_583' title='bbox 1501 923 1654 958; x_wconf 86' lang='lat' dir='ltr'><strong>inermique</strong></span> <span class='ocrx_word' id='word_1_584' title='bbox 1677 930 1759 949; x_wconf 86' lang='lat' dir='ltr'><strong>manu</strong></span> 
     </span>
    </p>
   </div>
   <div class='ocr_carea' id='block_1_79' title="bbox 971 967 1760 1003">
    <p class='ocr_par' dir='ltr' id='par_1_79' title="bbox 971 967 1760 1003">
     <span class='ocr_line' id='line_1_79' title="bbox 971 967 1760 1003; baseline 0 -9"><span class='ocrx_word' id='word_1_585' title='bbox 971 972 1074 994; x_wconf 79' lang='lat' dir='ltr'><strong>tantam</strong></span> <span class='ocrx_word' id='word_1_586' title='bbox 1088 967 1185 998; x_wconf 78' lang='lat' dir='ltr'><strong>feram,</strong></span> <span class='ocrx_word' id='word_1_587' title='bbox 1203 973 1334 1003; x_wconf 79' lang='lat' dir='ltr'><strong>tanquam</strong></span> <span class='ocrx_word' id='word_1_588' title='bbox 1360 968 1455 996; x_wconf 79' lang='lat' dir='ltr'><strong>ludens</strong></span> <span class='ocrx_word' id='word_1_589' title='bbox 1471 968 1572 996; x_wconf 81' lang='lat' dir='ltr'><strong>occidit</strong></span> <span class='ocrx_word' id='word_1_590' title='bbox 1585 973 1611 995; x_wconf 87' lang='lat' dir='ltr'><strong>et</strong></span> <span class='ocrx_word' id='word_1_591' title='bbox 1626 968 1760 995; x_wconf 84' lang='lat' dir='ltr'><strong>dilacera-</strong></span> 
     </span>
    </p>
   </div>
   <div class='ocr_carea' id='block_1_80' title="bbox 970 1014 1765 1050">
    <p class='ocr_par' dir='ltr' id='par_1_80' title="bbox 970 1014 1765 1050">
     <span class='ocr_line' id='line_1_80' title="bbox 970 1014 1765 1050; baseline 0.001 -10"><span class='ocrx_word' id='word_1_592' title='bbox 970 1014 1009 1040; x_wconf 80' lang='lat' dir='ltr'><strong>vit</strong></span> <span class='ocrx_word' id='word_1_593' title='bbox 1018 1014 1052 1029; x_wconf 68' lang='grc' dir='ltr'><strong>’θ’</strong></span> <span class='ocrx_word' id='word_1_594' title='bbox 1064 1023 1071 1040; x_wconf 88' lang='lat'><strong>:</strong></span> <span class='ocrx_word' id='word_1_595' title='bbox 1083 1014 1123 1041; x_wconf 90' lang='lat' dir='ltr'><strong>sic</strong></span> <span class='ocrx_word' id='word_1_596' title='bbox 1137 1022 1168 1041; x_wconf 88' lang='lat' dir='ltr'><strong>ea</strong></span> <span class='ocrx_word' id='word_1_597' title='bbox 1179 1022 1207 1041; x_wconf 93' lang='lat' dir='ltr'><strong>re</strong></span> <span class='ocrx_word' id='word_1_598' title='bbox 1221 1014 1328 1041; x_wconf 90' lang='lat' dir='ltr'><strong>Domini</strong></span> <span class='ocrx_word' id='word_1_599' title='bbox 1341 1015 1427 1042; x_wconf 91' lang='lat' dir='ltr'><strong>virtus</strong></span> <span class='ocrx_word' id='word_1_600' title='bbox 1442 1014 1579 1048; x_wconf 77' lang='lat' dir='ltr'><strong>execlluit,</strong></span> <span class='ocrx_word' id='word_1_601' title='bbox 1595 1015 1668 1050; x_wconf 91' lang='lat' dir='ltr'><strong>quod</strong></span> <span class='ocrx_word' id='word_1_602' title='bbox 1685 1015 1765 1042; x_wconf 83' lang='lat' dir='ltr'><strong>nullo</strong></span> 
     </span>
    </p>
   </div>
   <div class='ocr_carea' id='block_1_81' title="bbox 970 1060 1765 1096">
    <p class='ocr_par' dir='ltr' id='par_1_81' title="bbox 970 1060 1765 1096">
     <span class='ocr_line' id='line_1_81' title="bbox 970 1060 1765 1096; baseline 0.001 -9"><span class='ocrx_word' id='word_1_603' title='bbox 970 1061 1080 1096; x_wconf 84' lang='lat' dir='ltr'><strong>negotio</strong></span> <span class='ocrx_word' id='word_1_604' title='bbox 1094 1061 1225 1087; x_wconf 81' lang='lat' dir='ltr'><strong>malitiam</strong></span> <span class='ocrx_word' id='word_1_605' title='bbox 1241 1061 1352 1089; x_wconf 88' lang='lat' dir='ltr'><strong>delevit.</strong></span> <span class='ocrx_word' id='word_1_606' title='bbox 1367 1060 1460 1096; x_wconf 88' lang='lat' dir='ltr'><strong>Neque</strong></span> <span class='ocrx_word' id='word_1_607' title='bbox 1472 1062 1545 1088; x_wconf 88' lang='lat' dir='ltr'><strong>enim</strong></span> <span class='ocrx_word' id='word_1_608' title='bbox 1572 1061 1765 1096; x_wconf 77' lang='lat' dir='ltr'><strong>superioribus</strong></span> 
     </span>
    </p>
   </div>
   <div class='ocr_carea' id='block_1_82' title="bbox 970 1106 1765 1143">
    <p class='ocr_par' dir='ltr' id='par_1_82' title="bbox 970 1106 1765 1143">
     <span class='ocr_line' id='line_1_82' title="bbox 970 1106 1765 1143; baseline 0.001 -9"><span class='ocrx_word' id='word_1_609' title='bbox 970 1107 1118 1134; x_wconf 73' lang='lat' dir='ltr'><strong>cataractis</strong></span> <span class='ocrx_word' id='word_1_610' title='bbox 1133 1106 1289 1142; x_wconf 83' lang='lat' dir='ltr'><strong>patefactis,</strong></span> <span class='ocrx_word' id='word_1_611' title='bbox 1316 1107 1478 1143; x_wconf 79' lang='lat' dir='ltr'><strong>abyssisque</strong></span> <span class='ocrx_word' id='word_1_612' title='bbox 1491 1108 1616 1143; x_wconf 89' lang='lat' dir='ltr'><strong>proprios</strong></span> <span class='ocrx_word' id='word_1_613' title='bbox 1630 1109 1765 1135; x_wconf 82' lang='lat' dir='ltr'><strong>terminos</strong></span> 
     </span>
    </p>
   </div>
   <div class='ocr_carea' id='block_1_83' title="bbox 970 1152 1764 1188">
    <p class='ocr_par' dir='ltr' id='par_1_83' title="bbox 970 1152 1764 1188">
     <span class='ocr_line' id='line_1_83' title="bbox 970 1152 1764 1188; baseline 0 -9"><span class='ocrx_word' id='word_1_614' title='bbox 970 1152 1201 1184; x_wconf 88' lang='lat' dir='ltr'><strong>transilientibus,</strong></span> <span class='ocrx_word' id='word_1_615' title='bbox 1225 1157 1252 1180; x_wconf 88' lang='lat' dir='ltr'><strong>et</strong></span> <span class='ocrx_word' id='word_1_616' title='bbox 1275 1152 1443 1185; x_wconf 83' lang='lat' dir='ltr'><strong>tumefactis,</strong></span> <span class='ocrx_word' id='word_1_617' title='bbox 1468 1160 1601 1188; x_wconf 88' lang='lat' dir='ltr'><strong>aquarum</strong></span> <span class='ocrx_word' id='word_1_618' title='bbox 1629 1153 1764 1180; x_wconf 75' lang='lat' dir='ltr'><strong>immensa</strong></span> 
     </span>
    </p>
   </div>
   <div class='ocr_carea' id='block_1_84' title="bbox 971 1197 1761 1233">
    <p class='ocr_par' dir='ltr' id='par_1_84' title="bbox 971 1197 1761 1233">
     <span class='ocr_line' id='line_1_84' title="bbox 971 1197 1761 1233; baseline -0.004 -7"><span class='ocrx_word' id='word_1_619' title='bbox 971 1198 1013 1226; x_wconf 85' lang='lat' dir='ltr'><strong>vis</strong></span> <span class='ocrx_word' id='word_1_620' title='bbox 1028 1198 1143 1233; x_wconf 86' lang='lat' dir='ltr'><strong>ingruit,</strong></span> <span class='ocrx_word' id='word_1_621' title='bbox 1160 1205 1222 1233; x_wconf 67' lang='lat' dir='ltr'><strong>quae</strong></span> <span class='ocrx_word' id='word_1_622' title='bbox 1239 1202 1340 1225; x_wconf 87' lang='lat' dir='ltr'><strong>terram</strong></span> <span class='ocrx_word' id='word_1_623' title='bbox 1360 1198 1480 1226; x_wconf 80' lang='lat' dir='ltr'><strong>obruens</strong></span> <span class='ocrx_word' id='word_1_624' title='bbox 1497 1197 1663 1229; x_wconf 83' lang='lat' dir='ltr'><strong>universam,</strong></span> <span class='ocrx_word' id='word_1_625' title='bbox 1683 1204 1761 1224; x_wconf 88' lang='lat' dir='ltr'><strong>mon-</strong></span> 
     </span>
    </p>
   </div>
   <div class='ocr_carea' id='block_1_85' title="bbox 971 1243 1760 1280">
    <p class='ocr_par' dir='ltr' id='par_1_85' title="bbox 971 1243 1760 1280">
     <span class='ocr_line' id='line_1_85' title="bbox 971 1243 1760 1280; baseline -0.004 -8"><span class='ocrx_word' id='word_1_626' title='bbox 971 1248 1068 1280; x_wconf 82' lang='lat' dir='ltr'><strong>tesque</strong></span> <span class='ocrx_word' id='word_1_627' title='bbox 1080 1244 1288 1277; x_wconf 83' lang='lat' dir='ltr'><strong>transcendens,</strong></span> <span class='ocrx_word' id='word_1_628' title='bbox 1303 1248 1330 1271; x_wconf 86' lang='lat' dir='ltr'><strong>et</strong></span> <span class='ocrx_word' id='word_1_629' title='bbox 1344 1244 1478 1272; x_wconf 86' lang='lat' dir='ltr'><strong>montium</strong></span> <span class='ocrx_word' id='word_1_630' title='bbox 1495 1243 1605 1279; x_wconf 83' lang='lat' dir='ltr'><strong>fastigia</strong></span> <span class='ocrx_word' id='word_1_631' title='bbox 1618 1251 1760 1278; x_wconf 83' lang='lat' dir='ltr'><strong>superans.</strong></span> 
     </span>
    </p>
   </div>
   <div class='ocr_carea' id='block_1_86' title="bbox 971 1290 1762 1326">
    <p class='ocr_par' dir='ltr' id='par_1_86' title="bbox 971 1290 1762 1326">
     <span class='ocr_line' id='line_1_86' title="bbox 971 1290 1762 1326; baseline -0.004 -8"><span class='ocrx_word' id='word_1_632' title='bbox 971 1291 1066 1319; x_wconf 89' lang='lat' dir='ltr'><strong>orbem</strong></span> <span class='ocrx_word' id='word_1_633' title='bbox 1081 1294 1210 1326; x_wconf 80' lang='lat' dir='ltr'><strong>tanquam</strong></span> <span class='ocrx_word' id='word_1_634' title='bbox 1234 1291 1373 1325; x_wconf 82' lang='lat' dir='ltr'><strong>navigium</strong></span> <span class='ocrx_word' id='word_1_635' title='bbox 1399 1290 1480 1317; x_wconf 80' lang='lat' dir='ltr'><strong>simul</strong></span> <span class='ocrx_word' id='word_1_636' title='bbox 1498 1297 1561 1317; x_wconf 89' lang='lat' dir='ltr'><strong>cum</strong></span> <span class='ocrx_word' id='word_1_637' title='bbox 1588 1290 1657 1324; x_wconf 89' lang='lat' dir='ltr'><strong>ipsis</strong></span> <span class='ocrx_word' id='word_1_638' title='bbox 1670 1290 1762 1316; x_wconf 85' lang='lat' dir='ltr'><strong>nautis</strong></span> 
     </span>
    </p>
   </div>
   <div class='ocr_carea' id='block_1_87' title="bbox 972 1335 1762 1372">
    <p class='ocr_par' dir='ltr' id='par_1_87' title="bbox 972 1335 1762 1372">
     <span class='ocr_line' id='line_1_87' title="bbox 972 1335 1762 1372; baseline -0.005 -7"><span class='ocrx_word' id='word_1_639' title='bbox 972 1341 1054 1372; x_wconf 82' lang='lat' dir='ltr'><strong>atque</strong></span> <span class='ocrx_word' id='word_1_640' title='bbox 1069 1337 1227 1365; x_wconf 83' lang='lat' dir='ltr'><strong>vectoribus</strong></span> <span class='ocrx_word' id='word_1_641' title='bbox 1243 1337 1414 1365; x_wconf 84' lang='lat' dir='ltr'><strong>demerserit.</strong></span> <span class='ocrx_word' id='word_1_642' title='bbox 1435 1335 1539 1372; x_wconf 87' lang='lat' dir='ltr'><strong>Neque,</strong></span> <span class='ocrx_word' id='word_1_643' title='bbox 1559 1340 1588 1363; x_wconf 92' lang='lat' dir='ltr'><strong>ut</strong></span> <span class='ocrx_word' id='word_1_644' title='bbox 1605 1335 1762 1364; x_wconf 81' lang='lat' dir='ltr'><strong>Sodomita-</strong></span> 
     </span>
    </p>
   </div>
   <div class='ocr_carea' id='block_1_88' title="bbox 972 1382 1764 1418">
    <p class='ocr_par' dir='ltr' id='par_1_88' title="bbox 972 1382 1764 1418">
     <span class='ocr_line' id='line_1_88' title="bbox 972 1382 1764 1418; baseline -0.001 -8"><span class='ocrx_word' id='word_1_645' title='bbox 972 1383 1231 1418; x_wconf 87' lang='lat' dir='ltr'><strong>rum&#39;temporibus</strong></span> <span class='ocrx_word' id='word_1_646' title='bbox 1262 1382 1386 1418; x_wconf 87' lang='lat' dir='ltr'><strong>contigit,</strong></span> <span class='ocrx_word' id='word_1_647' title='bbox 1421 1383 1503 1418; x_wconf 82' lang='lat' dir='ltr'><strong>ignis,</strong></span> <span class='ocrx_word' id='word_1_648' title='bbox 1536 1386 1563 1410; x_wconf 87' lang='lat' dir='ltr'><strong>et</strong></span> <span class='ocrx_word' id='word_1_649' title='bbox 1591 1382 1764 1409; x_wconf 85' lang='lat' dir='ltr'><strong>tlauunarum-</strong></span> 
     </span>
    </p>
   </div>
   <div class='ocr_carea' id='block_1_89' title="bbox 972 1429 1764 1465">
    <p class='ocr_par' dir='ltr' id='par_1_89' title="bbox 972 1429 1764 1465">
     <span class='ocr_line' id='line_1_89' title="bbox 972 1429 1764 1465; baseline -0.001 -9"><span class='ocrx_word' id='word_1_650' title='bbox 972 1429 1071 1462; x_wconf 85' lang='lat' dir='ltr'><strong>imber,</strong></span> <span class='ocrx_word' id='word_1_651' title='bbox 1101 1429 1174 1465; x_wconf 85' lang='lat' dir='ltr'><strong>quod</strong></span> <span class='ocrx_word' id='word_1_652' title='bbox 1204 1433 1363 1464; x_wconf 90' lang='lat' dir='ltr'><strong>corruptum</strong></span> <span class='ocrx_word' id='word_1_653' title='bbox 1388 1433 1461 1462; x_wconf 80' lang='lat' dir='ltr'><strong>erat,</strong></span> <span class='ocrx_word' id='word_1_654' title='bbox 1486 1436 1605 1464; x_wconf 80' lang='lat' dir='ltr'><strong>purgans</strong></span> <span class='ocrx_word' id='word_1_655' title='bbox 1630 1429 1764 1463; x_wconf 74' lang='lat' dir='ltr'><strong>expiavit-</strong></span> 
     </span>
    </p>
   </div>
   <div class='ocr_carea' id='block_1_90' title="bbox 972 1474 1762 1512">
    <p class='ocr_par' dir='ltr' id='par_1_90' title="bbox 972 1474 1762 1512">
     <span class='ocr_line' id='line_1_90' title="bbox 972 1474 1762 1512; baseline -0.003 -9"><span class='ocrx_word' id='word_1_656' title='bbox 972 1475 1066 1512; x_wconf 81' lang='lat' dir='ltr'><strong>Neque</strong></span> <span class='ocrx_word' id='word_1_657' title='bbox 1082 1475 1154 1503; x_wconf 89' lang='lat' dir='ltr'><strong>aliud</strong></span> <span class='ocrx_word' id='word_1_658' title='bbox 1170 1475 1319 1510; x_wconf 88' lang='lat' dir='ltr'><strong>quidquam</strong></span> <span class='ocrx_word' id='word_1_659' title='bbox 1337 1474 1437 1502; x_wconf 88' lang='lat' dir='ltr'><strong>accidit</strong></span> <span class='ocrx_word' id='word_1_660' title='bbox 1456 1475 1601 1509; x_wconf 84' lang='lat' dir='ltr'><strong>ejusmodi.</strong></span> <span class='ocrx_word' id='word_1_661' title='bbox 1625 1474 1678 1502; x_wconf 91' lang='lat' dir='ltr'><strong>Sed</strong></span> <span class='ocrx_word' id='word_1_662' title='bbox 1695 1474 1762 1502; x_wconf 84' lang='lat' dir='ltr'><strong>sitn-</strong></span> 
     </span>
    </p>
   </div>
   <div class='ocr_carea' id='block_1_91' title="bbox 973 1520 1764 1557">
    <p class='ocr_par' dir='ltr' id='par_1_91' title="bbox 973 1520 1764 1557">
     <span class='ocr_line' id='line_1_91' title="bbox 973 1520 1764 1557; baseline -0.003 -9"><span class='ocrx_word' id='word_1_663' title='bbox 973 1522 1035 1557; x_wconf 76' lang='lat' dir='ltr'><strong>plex</strong></span> <span class='ocrx_word' id='word_1_664' title='bbox 1050 1521 1173 1556; x_wconf 73' lang='lat' dir='ltr'><strong>quaedam</strong></span> <span class='ocrx_word' id='word_1_665' title='bbox 1190 1525 1217 1548; x_wconf 92' lang='lat' dir='ltr'><strong>et</strong></span> <span class='ocrx_word' id='word_1_666' title='bbox 1233 1521 1461 1556; x_wconf 83' lang='lat' dir='ltr'><strong>incomprehensa</strong></span> <span class='ocrx_word' id='word_1_667' title='bbox 1482 1520 1675 1556; x_wconf 80' lang='lat' dir='ltr'><strong>peregrinatio,</strong></span> <span class='ocrx_word' id='word_1_668' title='bbox 1704 1521 1764 1547; x_wconf 83' lang='lat' dir='ltr'><strong>sola</strong></span> 
     </span>
    </p>
   </div>
   <div class='ocr_carea' id='block_1_92' title="bbox 973 1566 1761 1603">
    <p class='ocr_par' dir='ltr' id='par_1_92' title="bbox 973 1566 1761 1603">
     <span class='ocr_line' id='line_1_92' title="bbox 973 1566 1761 1603; baseline -0.003 -9"><span class='ocrx_word' id='word_1_669' title='bbox 973 1568 1035 1595; x_wconf 84' lang='lat' dir='ltr'><strong>vitae</strong></span> <span class='ocrx_word' id='word_1_670' title='bbox 1050 1567 1175 1603; x_wconf 84' lang='lat' dir='ltr'><strong>lucisque</strong></span> <span class='ocrx_word' id='word_1_671' title='bbox 1189 1568 1333 1603; x_wconf 81' lang='lat' dir='ltr'><strong>praesentia</strong></span> <span class='ocrx_word' id='word_1_672' title='bbox 1349 1567 1376 1593; x_wconf 94' lang='lat' dir='ltr'><strong>in</strong></span> <span class='ocrx_word' id='word_1_673' title='bbox 1388 1567 1518 1600; x_wconf 86' lang='lat' dir='ltr'><strong>tenebris,</strong></span> <span class='ocrx_word' id='word_1_674' title='bbox 1533 1571 1561 1594; x_wconf 89' lang='lat' dir='ltr'><strong>et</strong></span> <span class='ocrx_word' id='word_1_675' title='bbox 1581 1566 1692 1602; x_wconf 78' lang='lat' dir='ltr'><strong>regione</strong></span> <span class='ocrx_word' id='word_1_676' title='bbox 1707 1574 1761 1593; x_wconf 86' lang='lat' dir='ltr'><strong>um-</strong></span> 
     </span>
    </p>
   </div>
   <div class='ocr_carea' id='block_1_93' title="bbox 971 1611 1761 1647">
    <p class='ocr_par' dir='ltr' id='par_1_93' title="bbox 971 1611 1761 1647">
     <span class='ocr_line' id='line_1_93' title="bbox 971 1611 1761 1647; baseline -0.005 -5"><span class='ocrx_word' id='word_1_677' title='bbox 971 1614 1028 1642; x_wconf 67' lang='lat' dir='ltr'><strong>bra:</strong></span> <span class='ocrx_word' id='word_1_678' title='bbox 1041 1613 1138 1641; x_wconf 90' lang='lat' dir='ltr'><strong>mortis</strong></span> <span class='ocrx_word' id='word_1_679' title='bbox 1159 1611 1366 1640; x_wconf 85' lang='lat' dir='ltr'><strong>considentibus</strong></span> <span class='ocrx_word' id='word_1_680' title='bbox 1381 1612 1508 1640; x_wconf 82' lang='lat' dir='ltr'><strong>tenebras</strong></span> <span class='ocrx_word' id='word_1_681' title='bbox 1528 1620 1624 1640; x_wconf 89' lang='lat' dir='ltr'><strong>omnes</strong></span> <span class='ocrx_word' id='word_1_682' title='bbox 1638 1612 1761 1647; x_wconf 82' lang='lat' dir='ltr'><strong>dispulit.</strong></span> 
     </span>
    </p>
   </div>
   <div class='ocr_carea' id='block_1_94' title="bbox 968 1658 1761 1694">
    <p class='ocr_par' dir='ltr' id='par_1_94' title="bbox 968 1658 1761 1694">
     <span class='ocr_line' id='line_1_94' title="bbox 968 1658 1761 1694; baseline -0.001 -8"><span class='ocrx_word' id='word_1_683' title='bbox 968 1664 998 1689; x_wconf 80' lang='lat' dir='ltr'><strong>et</strong></span> <span class='ocrx_word' id='word_1_684' title='bbox 1028 1664 1145 1687; x_wconf 89' lang='lat' dir='ltr'><strong>mortem</strong></span> <span class='ocrx_word' id='word_1_685' title='bbox 1176 1659 1263 1694; x_wconf 88' lang='lat' dir='ltr'><strong>ipsam</strong></span> <span class='ocrx_word' id='word_1_686' title='bbox 1295 1658 1441 1686; x_wconf 83' lang='lat' dir='ltr'><strong>interfecit.</strong></span> <span class='ocrx_word' id='word_1_687' title='bbox 1472 1659 1587 1686; x_wconf 87' lang='lat' dir='ltr'><strong>Aliudne</strong></span> <span class='ocrx_word' id='word_1_688' title='bbox 1614 1659 1761 1693; x_wconf 84' lang='lat' dir='ltr'><strong>quidquam</strong></span> 
     </span>
    </p>
   </div>
   <div class='ocr_carea' id='block_1_95' title="bbox 972 1704 1762 1741">
    <p class='ocr_par' dir='ltr' id='par_1_95' title="bbox 972 1704 1762 1741">
     <span class='ocr_line' id='line_1_95' title="bbox 972 1704 1762 1741; baseline -0.003 -8"><span class='ocrx_word' id='word_1_689' title='bbox 972 1705 1120 1741; x_wconf 84' lang='lat' dir='ltr'><strong>adjungaln</strong></span> <span class='ocrx_word' id='word_1_690' title='bbox 1139 1705 1171 1733; x_wconf 92' lang='lat' dir='ltr'><strong>iis</strong></span> <span class='ocrx_word' id='word_1_691' title='bbox 1194 1713 1254 1740; x_wconf 69' lang='lat' dir='ltr'><strong>quae</strong></span> <span class='ocrx_word' id='word_1_692' title='bbox 1270 1704 1343 1732; x_wconf 89' lang='lat' dir='ltr'><strong>dicta</strong></span> <span class='ocrx_word' id='word_1_693' title='bbox 1360 1704 1444 1732; x_wconf 85' lang='lat' dir='ltr'><strong>sunt?</strong></span> <span class='ocrx_word' id='word_1_694' title='bbox 1467 1705 1497 1731; x_wconf 87' lang='lat' dir='ltr'><strong>In</strong></span> <span class='ocrx_word' id='word_1_695' title='bbox 1513 1709 1639 1740; x_wconf 85' lang='lat' dir='ltr'><strong>serpente</strong></span> <span class='ocrx_word' id='word_1_696' title='bbox 1661 1705 1762 1731; x_wconf 89' lang='lat' dir='ltr'><strong>malum</strong></span> 
     </span>
    </p>
   </div>
   <div class='ocr_carea' id='block_1_96' title="bbox 972 1750 1760 1786">
    <p class='ocr_par' dir='ltr' id='par_1_96' title="bbox 972 1750 1760 1786">
     <span class='ocr_line' id='line_1_96' title="bbox 972 1750 1760 1786; baseline -0.003 -7"><span class='ocrx_word' id='word_1_697' title='bbox 972 1756 1097 1779; x_wconf 87' lang='lat' dir='ltr'><strong>exortum</strong></span> <span class='ocrx_word' id='word_1_698' title='bbox 1112 1755 1164 1779; x_wconf 87' lang='lat' dir='ltr'><strong>est.</strong></span> <span class='ocrx_word' id='word_1_699' title='bbox 1180 1751 1276 1779; x_wconf 86' lang='lat' dir='ltr'><strong>Mulier</strong></span> <span class='ocrx_word' id='word_1_700' title='bbox 1296 1750 1425 1779; x_wconf 83' lang='lat' dir='ltr'><strong>draconis</strong></span> <span class='ocrx_word' id='word_1_701' title='bbox 1440 1750 1547 1778; x_wconf 89' lang='lat' dir='ltr'><strong>insidiis</strong></span> <span class='ocrx_word' id='word_1_702' title='bbox 1566 1751 1678 1786; x_wconf 83' lang='lat' dir='ltr'><strong>decepta</strong></span> <span class='ocrx_word' id='word_1_703' title='bbox 1700 1751 1760 1778; x_wconf 84' lang='lat' dir='ltr'><strong>fuit.</strong></span> 
     </span>
    </p>
   </div>
   <div class='ocr_carea' id='block_1_97' title="bbox 972 1796 1764 1832">
    <p class='ocr_par' dir='ltr' id='par_1_97' title="bbox 972 1796 1764 1832">
     <span class='ocr_line' id='line_1_97' title="bbox 972 1796 1764 1832; baseline 0.001 -8"><span class='ocrx_word' id='word_1_704' title='bbox 972 1797 1094 1825; x_wconf 83' lang='lat' dir='ltr'><strong>Mulieris</strong></span> <span class='ocrx_word' id='word_1_705' title='bbox 1111 1797 1246 1825; x_wconf 87' lang='lat' dir='ltr'><strong>illecebris</strong></span> <span class='ocrx_word' id='word_1_706' title='bbox 1278 1798 1320 1825; x_wconf 86' lang='lat' dir='ltr'><strong>vir</strong></span> <span class='ocrx_word' id='word_1_707' title='bbox 1343 1797 1402 1832; x_wconf 87' lang='lat' dir='ltr'><strong>ipse</strong></span> <span class='ocrx_word' id='word_1_708' title='bbox 1433 1798 1527 1825; x_wconf 86' lang='lat' dir='ltr'><strong>cessit.</strong></span> <span class='ocrx_word' id='word_1_709' title='bbox 1558 1796 1658 1825; x_wconf 88' lang='lat' dir='ltr'><strong>Tribus</strong></span> <span class='ocrx_word' id='word_1_710' title='bbox 1689 1797 1764 1825; x_wconf 89' lang='lat' dir='ltr'><strong>hisce</strong></span> 
     </span>
    </p>
   </div>
   <div class='ocr_carea' id='block_1_98' title="bbox 972 1843 1763 1880">
    <p class='ocr_par' dir='ltr' id='par_1_98' title="bbox 972 1843 1763 1880">
     <span class='ocr_line' id='line_1_98' title="bbox 972 1843 1763 1880; baseline 0.001 -10"><span class='ocrx_word' id='word_1_711' title='bbox 972 1843 1104 1879; x_wconf 86' lang='lat' dir='ltr'><strong>gradibus</strong></span> <span class='ocrx_word' id='word_1_712' title='bbox 1132 1844 1234 1871; x_wconf 88' lang='lat' dir='ltr'><strong>malum</strong></span> <span class='ocrx_word' id='word_1_713' title='bbox 1265 1844 1386 1872; x_wconf 82' lang='lat' dir='ltr'><strong>emersit.</strong></span> <span class='ocrx_word' id='word_1_714' title='bbox 1417 1843 1552 1877; x_wconf 85' lang='lat' dir='ltr'><strong>Quorsum</strong></span> <span class='ocrx_word' id='word_1_715' title='bbox 1576 1844 1633 1872; x_wconf 72' lang='lat' dir='ltr'><strong>inec</strong></span> <span class='ocrx_word' id='word_1_716' title='bbox 1659 1848 1763 1880; x_wconf 87' lang='lat' dir='ltr'><strong>spectat</strong></span> 
     </span>
    </p>
   </div>
   <div class='ocr_carea' id='block_1_99' title="bbox 974 1889 1763 1925">
    <p class='ocr_par' dir='ltr' id='par_1_99' title="bbox 974 1889 1763 1925">
     <span class='ocr_line' id='line_1_99' title="bbox 974 1889 1763 1925; baseline 0 -9"><span class='ocrx_word' id='word_1_717' title='bbox 974 1889 1200 1917; x_wconf 89' lang='lat' dir='ltr'><strong>commemoratio</strong></span> <span class='ocrx_word' id='word_1_718' title='bbox 1213 1889 1226 1916; x_wconf 67' lang='grc' dir='ltr'><strong>’Ξ</strong></span> <span class='ocrx_word' id='word_1_719' title='bbox 1237 1889 1313 1917; x_wconf 84' lang='lat' dir='ltr'><strong>Licet</strong></span> <span class='ocrx_word' id='word_1_720' title='bbox 1327 1897 1359 1917; x_wconf 80' lang='lat' dir='ltr'><strong>ex</strong></span> <span class='ocrx_word' id='word_1_721' title='bbox 1372 1890 1424 1916; x_wconf 89' lang='lat' dir='ltr'><strong>hoc</strong></span> <span class='ocrx_word' id='word_1_722' title='bbox 1435 1889 1498 1916; x_wconf 90' lang='lat' dir='ltr'><strong>mali</strong></span> <span class='ocrx_word' id='word_1_723' title='bbox 1512 1889 1608 1917; x_wconf 88' lang='lat' dir='ltr'><strong>ordine</strong></span> <span class='ocrx_word' id='word_1_724' title='bbox 1618 1890 1763 1925; x_wconf 87' lang='lat' dir='ltr'><strong>quemdam</strong></span> 
     </span>
    </p>
   </div>
   <div class='ocr_carea' id='block_1_100' title="bbox 974 1935 1764 1970">
    <p class='ocr_par' dir='ltr' id='par_1_100' title="bbox 974 1935 1764 1970">
     <span class='ocr_line' id='line_1_100' title="bbox 974 1935 1764 1970; baseline -0.001 -8"><span class='ocrx_word' id='word_1_725' title='bbox 974 1935 1039 1962; x_wconf 81' lang='lat' dir='ltr'><strong>boni</strong></span> <span class='ocrx_word' id='word_1_726' title='bbox 1052 1936 1175 1963; x_wconf 88' lang='lat' dir='ltr'><strong>ordinem</strong></span> <span class='ocrx_word' id='word_1_727' title='bbox 1188 1935 1227 1963; x_wconf 92' lang='lat' dir='ltr'><strong>illi</strong></span> <span class='ocrx_word' id='word_1_728' title='bbox 1240 1936 1451 1970; x_wconf 87' lang='lat' dir='ltr'><strong>respondentem</strong></span> <span class='ocrx_word' id='word_1_729' title='bbox 1463 1935 1688 1963; x_wconf 86' lang='lat' dir='ltr'><strong>animadvertere.</strong></span> <span class='ocrx_word' id='word_1_730' title='bbox 1703 1935 1764 1962; x_wconf 71' lang='lat' dir='ltr'><strong>&quot;me</strong></span> 
     </span>
    </p>
   </div>
   <div class='ocr_carea' id='block_1_101' title="bbox 975 1981 1767 2017">
    <p class='ocr_par' dir='ltr' id='par_1_101' title="bbox 975 1981 1767 2017">
     <span class='ocr_line' id='line_1_101' title="bbox 975 1981 1767 2017; baseline -0.001 -8"><span class='ocrx_word' id='word_1_731' title='bbox 975 1983 1026 2009; x_wconf 90' lang='lat' dir='ltr'><strong>tria</strong></span> <span class='ocrx_word' id='word_1_732' title='bbox 1038 1990 1121 2010; x_wconf 93' lang='lat' dir='ltr'><strong>cerno</strong></span> <span class='ocrx_word' id='word_1_733' title='bbox 1135 1982 1199 2009; x_wconf 91' lang='lat' dir='ltr'><strong>mali</strong></span> <span class='ocrx_word' id='word_1_734' title='bbox 1214 1981 1386 2017; x_wconf 87' lang='lat' dir='ltr'><strong>receptacula</strong></span> <span class='ocrx_word' id='word_1_735' title='bbox 1400 1991 1406 2009; x_wconf 87' lang='lat'><strong>:</strong></span> <span class='ocrx_word' id='word_1_736' title='bbox 1422 1982 1551 2017; x_wconf 85' lang='lat' dir='ltr'><strong>primum,</strong></span> <span class='ocrx_word' id='word_1_737' title='bbox 1568 1982 1594 2008; x_wconf 96' lang='lat' dir='ltr'><strong>in</strong></span> <span class='ocrx_word' id='word_1_738' title='bbox 1609 1989 1662 2017; x_wconf 92' lang='lat' dir='ltr'><strong>quo</strong></span> <span class='ocrx_word' id='word_1_739' title='bbox 1675 1982 1767 2016; x_wconf 83' lang='lat' dir='ltr'><strong>primo</strong></span> 
     </span>
    </p>
   </div>
   <div class='ocr_carea' id='block_1_102' title="bbox 976 2028 1766 2063">
    <p class='ocr_par' dir='ltr' id='par_1_102' title="bbox 976 2028 1766 2063">
     <span class='ocr_line' id='line_1_102' title="bbox 976 2028 1766 2063; baseline -0.001 -7"><span class='ocrx_word' id='word_1_740' title='bbox 976 2028 1121 2056; x_wconf 79' lang='lat' dir='ltr'><strong>Constitit:</strong></span> <span class='ocrx_word' id='word_1_741' title='bbox 1147 2028 1275 2060; x_wconf 85' lang='lat' dir='ltr'><strong>alterum,</strong></span> <span class='ocrx_word' id='word_1_742' title='bbox 1299 2029 1326 2055; x_wconf 92' lang='lat' dir='ltr'><strong>in</strong></span> <span class='ocrx_word' id='word_1_743' title='bbox 1342 2029 1414 2063; x_wconf 89' lang='lat' dir='ltr'><strong>quod</strong></span> <span class='ocrx_word' id='word_1_744' title='bbox 1433 2028 1564 2061; x_wconf 83' lang='lat' dir='ltr'><strong>deﬂuxit;</strong></span> <span class='ocrx_word' id='word_1_745' title='bbox 1592 2028 1714 2062; x_wconf 87' lang='lat' dir='ltr'><strong>tertium,</strong></span> <span class='ocrx_word' id='word_1_746' title='bbox 1736 2029 1766 2055; x_wconf 82' lang='lat' dir='ltr'><strong>in</strong></span> 
     </span>
    </p>
   </div>
   <div class='ocr_carea' id='block_1_103' title="bbox 975 2073 1766 2110">
    <p class='ocr_par' dir='ltr' id='par_1_103' title="bbox 975 2073 1766 2110">
     <span class='ocr_line' id='line_1_103' title="bbox 975 2073 1766 2110; baseline -0.001 -9"><span class='ocrx_word' id='word_1_747' title='bbox 975 2082 1031 2110; x_wconf 90' lang='lat' dir='ltr'><strong>quo</strong></span> <span class='ocrx_word' id='word_1_748' title='bbox 1051 2079 1144 2109; x_wconf 89' lang='lat' dir='ltr'><strong>postea</strong></span> <span class='ocrx_word' id='word_1_749' title='bbox 1160 2074 1278 2102; x_wconf 73' lang='lat' dir='ltr'><strong>inhaesit.</strong></span> <span class='ocrx_word' id='word_1_750' title='bbox 1300 2074 1390 2107; x_wconf 84' lang='lat' dir='ltr'><strong>Quare</strong></span> <span class='ocrx_word' id='word_1_751' title='bbox 1404 2082 1465 2101; x_wconf 90' lang='lat' dir='ltr'><strong>cum</strong></span> <span class='ocrx_word' id='word_1_752' title='bbox 1483 2074 1511 2100; x_wconf 87' lang='lat' dir='ltr'><strong>in</strong></span> <span class='ocrx_word' id='word_1_753' title='bbox 1528 2073 1570 2101; x_wconf 88' lang='lat' dir='ltr'><strong>bis</strong></span> <span class='ocrx_word' id='word_1_754' title='bbox 1587 2073 1675 2101; x_wconf 90' lang='lat' dir='ltr'><strong>tribus</strong></span> <span class='ocrx_word' id='word_1_755' title='bbox 1687 2074 1766 2100; x_wconf 84' lang='lat' dir='ltr'><strong>maii-</strong></span> 
     </span>
    </p>
   </div>
   <div class='ocr_carea' id='block_1_104' title="bbox 975 2120 1768 2155">
    <p class='ocr_par' dir='ltr' id='par_1_104' title="bbox 975 2120 1768 2155">
     <span class='ocr_line' id='line_1_104' title="bbox 975 2120 1768 2155; baseline -0.003 -6"><span class='ocrx_word' id='word_1_756' title='bbox 975 2122 1014 2149; x_wconf 90' lang='lat' dir='ltr'><strong>tia</strong></span> <span class='ocrx_word' id='word_1_757' title='bbox 1041 2121 1213 2153; x_wconf 85' lang='lat' dir='ltr'><strong>redundarit,</strong></span> <span class='ocrx_word' id='word_1_758' title='bbox 1234 2128 1332 2155; x_wconf 87' lang='lat' dir='ltr'><strong>nempe</strong></span> <span class='ocrx_word' id='word_1_759' title='bbox 1352 2121 1379 2147; x_wconf 92' lang='lat' dir='ltr'><strong>in</strong></span> <span class='ocrx_word' id='word_1_760' title='bbox 1407 2123 1503 2147; x_wconf 84' lang='lat' dir='ltr'><strong>natura</strong></span> <span class='ocrx_word' id='word_1_761' title='bbox 1519 2120 1664 2151; x_wconf 82' lang='lat' dir='ltr'><strong>diabolica.</strong></span> <span class='ocrx_word' id='word_1_762' title='bbox 1693 2123 1720 2147; x_wconf 87' lang='lat' dir='ltr'><strong>et</strong></span> <span class='ocrx_word' id='word_1_763' title='bbox 1738 2120 1768 2147; x_wconf 82' lang='lat' dir='ltr'><strong>in</strong></span> 
     </span>
    </p>
   </div>
   <div class='ocr_carea' id='block_1_105' title="bbox 979 2167 1767 2204">
    <p class='ocr_par' dir='ltr' id='par_1_105' title="bbox 979 2167 1767 2204">
     <span class='ocr_line' id='line_1_105' title="bbox 979 2167 1767 2204; baseline -0.004 -8"><span class='ocrx_word' id='word_1_764' title='bbox 979 2176 1077 2204; x_wconf 83' lang='lat' dir='ltr'><strong>genere</strong></span> <span class='ocrx_word' id='word_1_765' title='bbox 1093 2168 1250 2201; x_wconf 84' lang='lat' dir='ltr'><strong>mulierum,</strong></span> <span class='ocrx_word' id='word_1_766' title='bbox 1268 2171 1295 2195; x_wconf 87' lang='lat' dir='ltr'><strong>et</strong></span> <span class='ocrx_word' id='word_1_767' title='bbox 1311 2168 1338 2194; x_wconf 93' lang='lat' dir='ltr'><strong>in</strong></span> <span class='ocrx_word' id='word_1_768' title='bbox 1353 2167 1474 2194; x_wconf 88' lang='lat' dir='ltr'><strong>virorum</strong></span> <span class='ocrx_word' id='word_1_769' title='bbox 1496 2167 1681 2202; x_wconf 84' lang='lat' dir='ltr'><strong>plenitudine;</strong></span> <span class='ocrx_word' id='word_1_770' title='bbox 1697 2175 1767 2194; x_wconf 83' lang='lat' dir='ltr'><strong>con-</strong></span> 
     </span>
    </p>
   </div>
   <div class='ocr_carea' id='block_1_106' title="bbox 977 2213 1771 2248">
    <p class='ocr_par' dir='ltr' id='par_1_106' title="bbox 977 2213 1771 2248">
     <span class='ocr_line' id='line_1_106' title="bbox 977 2213 1771 2248; baseline -0.003 -5"><span class='ocrx_word' id='word_1_771' title='bbox 977 2219 1138 2243; x_wconf 85' lang='lat' dir='ltr'><strong>sentaneum</strong></span> <span class='ocrx_word' id='word_1_772' title='bbox 1165 2214 1225 2247; x_wconf 78' lang='lat' dir='ltr'><strong>fuit,</strong></span> <span class='ocrx_word' id='word_1_773' title='bbox 1255 2218 1284 2241; x_wconf 92' lang='lat' dir='ltr'><strong>ut</strong></span> <span class='ocrx_word' id='word_1_774' title='bbox 1308 2213 1390 2241; x_wconf 91' lang='lat' dir='ltr'><strong>trium</strong></span> <span class='ocrx_word' id='word_1_775' title='bbox 1416 2213 1523 2241; x_wconf 87' lang='lat' dir='ltr'><strong>diermn</strong></span> <span class='ocrx_word' id='word_1_776' title='bbox 1541 2214 1628 2248; x_wconf 87' lang='lat' dir='ltr'><strong>spatio</strong></span> <span class='ocrx_word' id='word_1_777' title='bbox 1654 2215 1771 2241; x_wconf 68' lang='lat' dir='ltr'><strong>morbus</strong></span> 
     </span>
    </p>
   </div>
   <div class='ocr_carea' id='block_1_107' title="bbox 977 2260 1771 2297">
    <p class='ocr_par' dir='ltr' id='par_1_107' title="bbox 977 2260 1771 2297">
     <span class='ocr_line' id='line_1_107' title="bbox 977 2260 1771 2297; baseline -0.004 -7"><span class='ocrx_word' id='word_1_778' title='bbox 977 2262 1169 2297; x_wconf 84' lang='lat' dir='ltr'><strong>expelleretur,</strong></span> <span class='ocrx_word' id='word_1_779' title='bbox 1194 2260 1310 2296; x_wconf 83' lang='lat' dir='ltr'><strong>singulis</strong></span> <span class='ocrx_word' id='word_1_780' title='bbox 1327 2260 1474 2295; x_wconf 83' lang='lat' dir='ltr'><strong>generibus</strong></span> <span class='ocrx_word' id='word_1_781' title='bbox 1488 2260 1592 2287; x_wconf 86' lang='lat' dir='ltr'><strong>malitia</strong></span> <span class='ocrx_word' id='word_1_782' title='bbox 1617 2260 1771 2287; x_wconf 83' lang='lat' dir='ltr'><strong>laboranti-</strong></span> 
     </span>
    </p>
   </div>
   <div class='ocr_carea' id='block_1_108' title="bbox 977 2306 1773 2342">
    <p class='ocr_par' dir='ltr' id='par_1_108' title="bbox 977 2306 1773 2342">
     <span class='ocr_line' id='line_1_108' title="bbox 977 2306 1773 2342; baseline -0.003 -7"><span class='ocrx_word' id='word_1_783' title='bbox 977 2309 1029 2336; x_wconf 86' lang='lat' dir='ltr'><strong>bus</strong></span> <span class='ocrx_word' id='word_1_784' title='bbox 1041 2308 1144 2335; x_wconf 89' lang='lat' dir='ltr'><strong>tributo</strong></span> <span class='ocrx_word' id='word_1_785' title='bbox 1160 2307 1309 2335; x_wconf 88' lang='lat' dir='ltr'><strong>curationis</strong></span> <span class='ocrx_word' id='word_1_786' title='bbox 1323 2307 1376 2338; x_wconf 86' lang='lat' dir='ltr'><strong>die,</strong></span> <span class='ocrx_word' id='word_1_787' title='bbox 1393 2311 1423 2334; x_wconf 90' lang='lat' dir='ltr'><strong>ut</strong></span> <span class='ocrx_word' id='word_1_788' title='bbox 1436 2314 1491 2334; x_wconf 91' lang='lat' dir='ltr'><strong>uno</strong></span> <span class='ocrx_word' id='word_1_789' title='bbox 1502 2306 1611 2342; x_wconf 92' lang='lat' dir='ltr'><strong>quidem</strong></span> <span class='ocrx_word' id='word_1_790' title='bbox 1624 2306 1675 2334; x_wconf 92' lang='lat' dir='ltr'><strong>viri</strong></span> <span class='ocrx_word' id='word_1_791' title='bbox 1690 2314 1773 2333; x_wconf 81' lang='lat' dir='ltr'><strong>cura—</strong></span> 
     </span>
    </p>
   </div>
   <div class='ocr_carea' id='block_1_109' title="bbox 978 2353 1767 2391">
    <p class='ocr_par' dir='ltr' id='par_1_109' title="bbox 978 2353 1767 2391">
     <span class='ocr_line' id='line_1_109' title="bbox 978 2353 1767 2391; baseline -0.004 -8"><span class='ocrx_word' id='word_1_792' title='bbox 978 2359 1084 2387; x_wconf 87' lang='lat' dir='ltr'><strong>rentur,</strong></span> <span class='ocrx_word' id='word_1_793' title='bbox 1111 2355 1197 2382; x_wconf 88' lang='lat' dir='ltr'><strong>altero</strong></span> <span class='ocrx_word' id='word_1_794' title='bbox 1222 2353 1386 2381; x_wconf 86' lang='lat' dir='ltr'><strong>feminarum</strong></span> <span class='ocrx_word' id='word_1_795' title='bbox 1411 2357 1656 2391; x_wconf 31' lang='lat' dir='ltr'><strong>genus,&#39;cxtremo</strong></span> <span class='ocrx_word' id='word_1_796' title='bbox 1674 2358 1767 2381; x_wconf 87' lang='lat' dir='ltr'><strong>autem</strong></span> 
     </span>
    </p>
   </div>
   <div class='ocr_carea' id='block_1_110' title="bbox 977 2398 1772 2432">
    <p class='ocr_par' dir='ltr' id='par_1_110' title="bbox 977 2398 1772 2432">
     <span class='ocr_line' id='line_1_110' title="bbox 977 2398 1772 2432; baseline -0.004 -5"><span class='ocrx_word' id='word_1_797' title='bbox 977 2405 1116 2427; x_wconf 83' lang='lat' dir='ltr'><strong>extremus</strong></span> <span class='ocrx_word' id='word_1_798' title='bbox 1133 2398 1231 2430; x_wconf 83' lang='lat' dir='ltr'><strong>hostis,</strong></span> <span class='ocrx_word' id='word_1_799' title='bbox 1248 2406 1331 2431; x_wconf 89' lang='lat' dir='ltr'><strong>mors,</strong></span> <span class='ocrx_word' id='word_1_800' title='bbox 1348 2399 1546 2430; x_wconf 82' lang='lat' dir='ltr'><strong>destrueretur,</strong></span> <span class='ocrx_word' id='word_1_801' title='bbox 1564 2401 1591 2425; x_wconf 88' lang='lat' dir='ltr'><strong>et</strong></span> <span class='ocrx_word' id='word_1_802' title='bbox 1604 2398 1651 2432; x_wconf 90' lang='lat' dir='ltr'><strong>qui</strong></span> <span class='ocrx_word' id='word_1_803' title='bbox 1668 2398 1772 2425; x_wconf 76' lang='lat' dir='ltr'><strong>mortis</strong></span> 
     </span>
    </p>
   </div>
   <div class='ocr_carea' id='block_1_111' title="bbox 977 2444 1771 2480">
    <p class='ocr_par' dir='ltr' id='par_1_111' title="bbox 977 2444 1771 2480">
     <span class='ocr_line' id='line_1_111' title="bbox 977 2444 1771 2480; baseline -0.003 -7"><span class='ocrx_word' id='word_1_804' title='bbox 977 2446 1095 2479; x_wconf 83' lang='lat' dir='ltr'><strong>ministri</strong></span> <span class='ocrx_word' id='word_1_805' title='bbox 1111 2451 1175 2473; x_wconf 91' lang='lat' dir='ltr'><strong>sunt</strong></span> <span class='ocrx_word' id='word_1_806' title='bbox 1187 2445 1338 2480; x_wconf 85' lang='lat' dir='ltr'><strong>principes,</strong></span> <span class='ocrx_word' id='word_1_807' title='bbox 1361 2448 1387 2473; x_wconf 90' lang='lat' dir='ltr'><strong>et</strong></span> <span class='ocrx_word' id='word_1_808' title='bbox 1401 2448 1550 2480; x_wconf 87' lang='lat' dir='ltr'><strong>potestates</strong></span> <span class='ocrx_word' id='word_1_809' title='bbox 1566 2445 1698 2472; x_wconf 89' lang='lat' dir='ltr'><strong>virtutum</strong></span> <span class='ocrx_word' id='word_1_810' title='bbox 1719 2444 1771 2471; x_wconf 46' lang='lat' dir='ltr'><strong>ad-</strong></span> 
     </span>
    </p>
   </div>
   <div class='ocr_carea' id='block_1_112' title="bbox 977 2490 1768 2526">
    <p class='ocr_par' dir='ltr' id='par_1_112' title="bbox 977 2490 1768 2526">
     <span class='ocr_line' id='line_1_112' title="bbox 977 2490 1768 2526; baseline -0.001 -7"><span class='ocrx_word' id='word_1_811' title='bbox 977 2492 1162 2519; x_wconf 82' lang='lat' dir='ltr'><strong>versariarum</strong></span> <span class='ocrx_word' id='word_1_812' title='bbox 1191 2494 1217 2519; x_wconf 87' lang='lat' dir='ltr'><strong>et</strong></span> <span class='ocrx_word' id='word_1_813' title='bbox 1246 2491 1438 2526; x_wconf 86' lang='lat' dir='ltr'><strong>imperantium</strong></span> <span class='ocrx_word' id='word_1_814' title='bbox 1466 2491 1687 2526; x_wconf 76' lang='lat' dir='ltr'><strong>proﬂigarentur.</strong></span> <span class='ocrx_word' id='word_1_815' title='bbox 1712 2490 1768 2518; x_wconf 82' lang='lat' dir='ltr'><strong>Nec</strong></span> 
     </span>
    </p>
   </div>
   <div class='ocr_carea' id='block_1_113' title="bbox 978 2537 1771 2573">
    <p class='ocr_par' dir='ltr' id='par_1_113' title="bbox 978 2537 1771 2573">
     <span class='ocr_line' id='line_1_113' title="bbox 978 2537 1771 2573; baseline -0.005 -7"><span class='ocrx_word' id='word_1_816' title='bbox 978 2537 1123 2566; x_wconf 86' lang='lat' dir='ltr'><strong>admireris</strong></span> <span class='ocrx_word' id='word_1_817' title='bbox 1140 2537 1202 2565; x_wconf 87' lang='lat' dir='ltr'><strong>boni</strong></span> <span class='ocrx_word' id='word_1_818' title='bbox 1217 2540 1377 2573; x_wconf 83' lang='lat' dir='ltr'><strong>proventum</strong></span> <span class='ocrx_word' id='word_1_819' title='bbox 1394 2537 1451 2564; x_wconf 80' lang='lat' dir='ltr'><strong>ﬁeri</strong></span> <span class='ocrx_word' id='word_1_820' title='bbox 1465 2537 1596 2572; x_wconf 87' lang='lat' dir='ltr'><strong>temporis</strong></span> <span class='ocrx_word' id='word_1_821' title='bbox 1611 2537 1771 2564; x_wconf 72' lang='lat' dir='ltr'><strong>intervallo.</strong></span> 
     </span>
    </p>
   </div>
   <div class='ocr_carea' id='block_1_114' title="bbox 979 2583 1772 2618">
    <p class='ocr_par' dir='ltr' id='par_1_114' title="bbox 979 2583 1772 2618">
     <span class='ocr_line' id='line_1_114' title="bbox 979 2583 1772 2618; baseline -0.003 -6"><span class='ocrx_word' id='word_1_822' title='bbox 979 2584 1045 2612; x_wconf 81' lang='lat' dir='ltr'><strong>Nam</strong></span> <span class='ocrx_word' id='word_1_823' title='bbox 1073 2588 1100 2611; x_wconf 89' lang='lat' dir='ltr'><strong>et</strong></span> <span class='ocrx_word' id='word_1_824' title='bbox 1124 2584 1152 2611; x_wconf 91' lang='lat' dir='ltr'><strong>in</strong></span> <span class='ocrx_word' id='word_1_825' title='bbox 1181 2583 1269 2618; x_wconf 87' lang='lat' dir='ltr'><strong>prima</strong></span> <span class='ocrx_word' id='word_1_826' title='bbox 1297 2583 1393 2610; x_wconf 90' lang='lat' dir='ltr'><strong>mundi</strong></span> <span class='ocrx_word' id='word_1_827' title='bbox 1416 2584 1606 2618; x_wconf 87' lang='lat' dir='ltr'><strong>procreatione</strong></span> <span class='ocrx_word' id='word_1_828' title='bbox 1630 2588 1772 2610; x_wconf 73' lang='lat' dir='ltr'><strong>momento</strong></span> 
     </span>
    </p>
   </div>
   <div class='ocr_carea' id='block_1_115' title="bbox 978 2629 1771 2666">
    <p class='ocr_par' dir='ltr' id='par_1_115' title="bbox 978 2629 1771 2666">
     <span class='ocr_line' id='line_1_115' title="bbox 978 2629 1771 2666; baseline -0.003 -9"><span class='ocrx_word' id='word_1_829' title='bbox 978 2634 1086 2666; x_wconf 83' lang='lat' dir='ltr'><strong>poterat</strong></span> <span class='ocrx_word' id='word_1_830' title='bbox 1114 2629 1206 2657; x_wconf 86' lang='lat' dir='ltr'><strong>divina</strong></span> <span class='ocrx_word' id='word_1_831' title='bbox 1233 2630 1322 2656; x_wconf 88' lang='lat' dir='ltr'><strong>virtus</strong></span> <span class='ocrx_word' id='word_1_832' title='bbox 1352 2633 1450 2656; x_wconf 88' lang='lat' dir='ltr'><strong>cuncta</strong></span> <span class='ocrx_word' id='word_1_833' title='bbox 1476 2629 1616 2664; x_wconf 81' lang='lat' dir='ltr'><strong>perﬁcere,</strong></span> <span class='ocrx_word' id='word_1_834' title='bbox 1647 2633 1771 2656; x_wconf 74' lang='lat' dir='ltr'><strong>attamen</strong></span> 
     </span>
    </p>
   </div>
   <div class='ocr_carea' id='block_1_116' title="bbox 978 2675 1772 2711">
    <p class='ocr_par' dir='ltr' id='par_1_116' title="bbox 978 2675 1772 2711">
     <span class='ocr_line' id='line_1_116' title="bbox 978 2675 1772 2711; baseline -0.005 -6"><span class='ocrx_word' id='word_1_835' title='bbox 978 2685 1071 2705; x_wconf 86' lang='lat' dir='ltr'><strong>rerum</strong></span> <span class='ocrx_word' id='word_1_836' title='bbox 1101 2676 1274 2704; x_wconf 79' lang='lat' dir='ltr'><strong>iabricationi</strong></span> <span class='ocrx_word' id='word_1_837' title='bbox 1302 2679 1425 2711; x_wconf 89' lang='lat' dir='ltr'><strong>tempora</strong></span> <span class='ocrx_word' id='word_1_838' title='bbox 1448 2676 1606 2709; x_wconf 81' lang='lat' dir='ltr'><strong>distribuit;</strong></span> <span class='ocrx_word' id='word_1_839' title='bbox 1629 2679 1655 2702; x_wconf 83' lang='lat' dir='ltr'><strong>ut</strong></span> <span class='ocrx_word' id='word_1_840' title='bbox 1680 2675 1772 2709; x_wconf 78' lang='lat' dir='ltr'><strong>primo</strong></span> 
     </span>
    </p>
   </div>
   <div class='ocr_carea' id='block_1_117' title="bbox 978 2721 1771 2758">
    <p class='ocr_par' dir='ltr' id='par_1_117' title="bbox 978 2721 1771 2758">
     <span class='ocr_line' id='line_1_117' title="bbox 978 2721 1771 2758; baseline -0.005 -8"><span class='ocrx_word' id='word_1_841' title='bbox 978 2723 1088 2758; x_wconf 87' lang='lat' dir='ltr'><strong>quidem</strong></span> <span class='ocrx_word' id='word_1_842' title='bbox 1105 2722 1149 2750; x_wconf 87' lang='lat' dir='ltr'><strong>die</strong></span> <span class='ocrx_word' id='word_1_843' title='bbox 1161 2730 1226 2757; x_wconf 90' lang='lat' dir='ltr'><strong>pars</strong></span> <span class='ocrx_word' id='word_1_844' title='bbox 1238 2729 1332 2749; x_wconf 84' lang='lat' dir='ltr'><strong>earum</strong></span> <span class='ocrx_word' id='word_1_845' title='bbox 1343 2728 1398 2748; x_wconf 87' lang='lat' dir='ltr'><strong>una</strong></span> <span class='ocrx_word' id='word_1_846' title='bbox 1410 2721 1633 2753; x_wconf 84' lang='lat' dir='ltr'><strong>constitueretur,</strong></span> <span class='ocrx_word' id='word_1_847' title='bbox 1649 2721 1771 2749; x_wconf 86' lang='lat' dir='ltr'><strong>secundo</strong></span> 
     </span>
    </p>
   </div>
   <div class='ocr_carea' id='block_1_118' title="bbox 981 2766 1771 2803">
    <p class='ocr_par' dir='ltr' id='par_1_118' title="bbox 981 2766 1771 2803">
     <span class='ocr_line' id='line_1_118' title="bbox 981 2766 1771 2803; baseline -0.004 -7"><span class='ocrx_word' id='word_1_848' title='bbox 981 2773 1071 2797; x_wconf 91' lang='lat' dir='ltr'><strong>autem</strong></span> <span class='ocrx_word' id='word_1_849' title='bbox 1098 2769 1193 2802; x_wconf 86' lang='lat' dir='ltr'><strong>altera,</strong></span> <span class='ocrx_word' id='word_1_850' title='bbox 1218 2771 1300 2803; x_wconf 89' lang='lat' dir='ltr'><strong>atque</strong></span> <span class='ocrx_word' id='word_1_851' title='bbox 1324 2767 1362 2795; x_wconf 80' lang='lat' dir='ltr'><strong>ita</strong></span> <span class='ocrx_word' id='word_1_852' title='bbox 1376 2766 1509 2803; x_wconf 85' lang='lat' dir='ltr'><strong>deinceps</strong></span> <span class='ocrx_word' id='word_1_853' title='bbox 1530 2767 1651 2802; x_wconf 64' lang='lat' dir='ltr'><strong>reliquae,</strong></span> <span class='ocrx_word' id='word_1_854' title='bbox 1681 2766 1771 2794; x_wconf 82' lang='lat' dir='ltr'><strong>donec</strong></span> 
     </span>
    </p>
   </div>
  </div>
