1938 3082
189 125 238 152 GM

825 121 856 148 S.
875 119 1041 148 GREGORII
1060 119 1206 148 NYSSE‘NI

1760 123 1815 151 612

190 183 281 210 omnia
306 181 424 217 perfecta
444 183 519 212 sunt,
535 184 563 208 et
579 179 715 210 absoluta.
741 187 773 206 eo
788 179 893 207 dierum
923 187 970 207 nu-

1026 179 1200 214 τελειωθῆναι
1213 178 1243 205 τδ
1255 178 1337 214 μέρος
1351 178 1400 214 τῆς
1415 179 1528 211 κτίσεως
1539 199 1547 212 ,
1560 179 1588 206 ἐν
1606 179 1634 206 δὲ
1649 180 1682 216 τῇ
1699 180 1815 216 δευτέρᾳ

191 235 277 260 muro,
294 228 340 262 qui
356 227 474 262 scriptus
493 231 546 258 est,
563 225 616 253 Deo
629 230 727 253 cuncta
745 225 900 260 perlicicnte
914 233 919 249 :
937 224 977 252 sic

190 275 273 301 etiam
288 274 332 301 hic
348 281 379 300 ea
391 272 531 308 sapientiae
544 271 659 303 ratione,
671 278 731 306 quae
744 270 833 297 verbis
844 270 976 305 explicari

191 328 245 346 nun
271 323 370 354 potest,
387 319 476 345 tribus
497 317 594 344 diebus
619 317 720 343 malum
747 316 864 351 ejicitur,
889 318 915 342 et
929 323 977 342 er.-

191 365 311 392 cluditur
325 365 360 392 ab
386 363 551 394 hominibus,
581 362 752 393 mulieribus,
780 365 808 388 et
827 368 842 387 a
862 368 976 395 serpen-

192 411 257 438 tium
282 418 392 446 genere,
418 410 446 437 in
461 409 561 444 quibus
586 408 682 443 primis
698 411 795 435 natura
810 406 869 434 vitii
883 411 976 433 ortutn

192 455 297 483 habuit.

229 547 290 574 llaec
306 547 340 574 de
353 546 435 573 trium
447 545 552 572 dierum
561 543 665 571 tutmeri
681 550 764 571 causa
775 542 973 577 cogitavimus:

192 598 276 623 recte,
302 599 407 623 necne,
435 591 589 617 auditorum
627 589 760 624 judicium
785 594 853 616 esto.
883 587 976 622 Neque

191 639 264 665 (enim
287 638 369 664 verba
391 641 485 664 nostra
510 639 611 663 certam
634 634 876 662 demonstrationis
893 634 975 661 ratio-

191 693 253 711 nem
272 684 370 711 habere
389 683 524 714 volumus,
546 681 592 708 sed
610 682 646 707 ita
660 680 805 715 quaerendo
822 687 871 707 nos
895 687 974 707 exer-

191 738 293 757 cemus.
306 728 382 761 Quod
398 729 420 755 si
439 735 468 754 re
491 727 548 762 ipsa
574 725 734 761 prteiinitum
752 724 849 751 horum
869 724 974 751 dierum

192 783 335 802 numerum
359 775 438 809 plane
463 773 506 800 vis
528 772 682 807 perspicere
707 770 816 805 (neque
838 770 910 798 enim
937 770 973 797 illi

192 828 287 855 parum
312 820 398 852 deest,
424 820 446 846 si
474 823 535 853 post
568 819 662 845 horatn
696 824 794 843 nonam
821 823 975 851 parasceva:

191 873 297 902 tempus
312 866 479 899 consideres,
495 872 548 900 qua
565 863 674 899 quidem
690 863 755 890 hora
771 862 902 890 Dominus
921 861 974 888 Pa-

191 913 240 939 tris
253 912 379 939 manibus
395 911 522 946 spiritum
540 908 762 943 commendavit),
777 907 915 943 paulisper
928 911 972 934 at—

1026 224 1055 250 τὸ
1072 225 1180 260 ἕτερον·
1196 225 1244 250 καὶ
1265 224 1365 259 ἐφεξῆς
1389 225 1489 260 ὁμοίως
1508 225 1663 261 ἐπεραιώθη
1684 226 1719 253 τὰ
1738 226 1813 258 ὄντα,

1027 271 1122 305 ῥηταῖς
1135 269 1252 305 ἡμέραις
1264 269 1311 296 τοῦ
1330 269 1397 296 Θεοῦ
1412 270 1461 306 τὴν
1475 271 1562 297 κτίσιν
1591 271 1700 298 ἅπασαν
1715 280 1815 308 συναρ-

1028 315 1167 350 μέσαντος.
1180 315 1259 341 Οὕτω
1271 315 1317 342 καὶ
1328 315 1443 342 ἐνταῦθα
1456 316 1527 343 κατά
1541 316 1586 343 τὸν
1597 318 1716 353 ἄρρητον
1729 317 1813 344 αὐτοῦ

1025 361 1075 395 τῆς
1097 360 1191 395 σοφίας
1208 360 1295 395 λόγον,
1307 361 1336 388 ὲν
1358 361 1447 397 τρισὶν
1462 361 1578 397 ἡμέραις
1600 363 1653 389 τῶν
1683 363 1767 390 ὄντων
1782 364 1813 390 τὸ

1026 407 1109 434 κακὸν
1125 406 1295 439 ἐξοικίζεται,
1311 407 1340 440 ἐξ
1352 408 1471 444 ἀνδρῶν,
1485 409 1518 434 ἐκ
1535 409 1688 442 γυναικῶν,
1701 410 1747 435 καὶ
1763 409 1812 435 τοῦ

1025 452 1119 487 γένους
1131 451 1185 478 τῶν
1206 451 1303 486 ὄφεων,
1319 452 1348 478 ἐν
1360 449 1401 483 οἷς
1419 451 1536 487 πρώτοις
1552 453 1569 488 ή
1583 452 1631 487 τῆς
1647 453 1745 485 κακίας
1766 453 1813 487 φύ-

1026 507 1068 530 σις
1079 498 1142 533 ἔσχε
1153 498 1202 533 τὴν
1220 497 1336 532 γένεσιν.

1066 544 1145 571 me
1164 543 1228 580 περὶ
1244 543 1293 579 μὲν
1316 545 1364 579 τῆς
1378 543 1423 571 τοῦ
1443 543 1559 579 ἀριθμοῦ
1575 542 1628 570 τῶν
1643 544 1751 580 ήμερῶν
1768 545 1796 570 at

1024 591 1084 623 τίας
1094 611 1102 624 ,
1126 589 1214 617 ταῦτα
1232 591 1419 626 ὺπενοήσαμεν
1431 598 1438 605 ·
1466 590 1521 616 εἴτε
1536 590 1564 616 δὲ
1582 589 1680 625 ὀρθῶς,
1695 590 1748 616 εἴτε
1763 591 1810 616 καὶ

1026 637 1074 672 μὴ,
1092 638 1121 663 ὲν
1137 638 1169 672 τῇ
1192 637 1281 672 κρίσει
1306 636 1359 663 τῶν
1377 636 1517 671 ἀκροατῶν
1534 636 1742 671 καταλείψομεν.
1771 638 1808 663 οὐ

1024 682 1079 718 γὰρ
1093 682 1228 717 ἀπόφασις
1246 683 1261 708 ὁ
1272 682 1350 716 λόγος
1365 682 1449 714 ἐστὶν,
1464 681 1531 708 ἀλλὰ
1545 682 1682 716 γυμνασία
1696 683 1742 708 καὶ
1762 682 1811 717 ζή-

1024 737 1112 763 τησις.
1129 728 1161 755 Et
1176 728 1204 754 δὲ
1222 727 1313 763 ζητεῖς
1333 728 1366 754 δι’
1383 728 1524 763 ἀκριϐείας
1543 727 1606 754 ἰδεῖν
1627 728 1655 753 ὲν
1675 728 1713 763 τῷ
1730 729 1810 755 πάθει

1024 774 1078 801 τῶν
1103 774 1212 810 ήμερῶν
1233 773 1334 800 τούτων
1347 774 1396 809 τὴν
1413 773 1580 809 προθεσμίαν
1595 773 1696 809 (λείπει
1707 772 1762 810 γὰρ
1772 775 1810 809 τῷ

1026 819 1135 855 ἀριθμῷ
1147 820 1197 846 οὐκ
1211 819 1310 854 ὀλίγον,
1335 820 1359 846 εί
1376 819 1443 855 μετὰ
1459 819 1508 855 τὴν
1522 819 1635 855 ὲννάτην
1655 820 1704 855 τῆς
1726 829 1812 856 παραυ

1028 866 1128 900 σκευῆς
1142 865 1216 901 ὤραν
1229 864 1374 901 ἀριθμοῖης
1388 865 1432 892 τὸν
1448 865 1553 901 χρόνον,
1567 866 1614 900 ἀφ’
1627 863 1661 901 ἦς
1683 867 1741 897 ταῖς
1758 875 1810 893 πα-

1025 913 1133 947 τρικαῖς
1149 912 1227 947 χερσὶ
1241 911 1272 938 τὺ
1287 911 1395 946 πνεῦμα
1410 911 1564 948 παρέθετο),
1581 912 1676 948 μικρὸν
1688 912 1808 947 ἐπίσχες,

190 958 281 990 tende,
295 962 322 984 et
334 957 458 987 fortasse,
473 956 544 991 quod
559 955 671 991 qumris,
691 954 823 981 invenies.
836 953 970 987 Quonam,

1024 957 1071 984 καὶ
1086 957 1199 992 παρέξει
1216 966 1256 984 σοι
1273 957 1353 992 τυχὸν
1375 958 1390 984 ὁ
1403 957 1481 992 λόγος
1501 957 1549 992 τὴν
1571 958 1635 993 περὶ
1652 957 1746 984 τούτου
1762 967 1810 984 σα-

190 1003 309 1038 inquies,
322 1008 401 1037 pacto
410 1001 529 1028 ?Divin:e
541 1001 666 1037 petentia:
681 998 895 1035 magnitudinem
907 1007 973 1026 con-

190 1049 289 1080 sidera,
305 1052 332 1076 et
346 1048 419 1083 quod
434 1049 504 1075 scire
520 1048 608 1082 cupis,
637 1046 783 1082 intelliges.
808 1045 973 1079 Recordare,

189 1094 255 1129 quid
275 1094 308 1121 de
327 1101 356 1121 se
372 1093 502 1121 Dominus
529 1092 724 1128 pronuntiarit,
753 1096 781 1119 et
795 1099 855 1119 eam
886 1092 972 1126 ipsius

189 1149 250 1169 esse
263 1141 390 1168 virtutem
399 1146 558 1175 cognosces,
579 1143 609 1166 ut
631 1138 778 1171 voluntate,
804 1145 857 1165 non
882 1143 973 1165 autem

189 1191 294 1213 natura:
321 1184 483 1212 necessitate
510 1184 628 1210 animam
653 1190 668 1209 a
687 1189 801 1217 corpore
825 1182 972 1218 disjungat.

190 1230 275 1258 Nemo
290 1231 373 1261 enim,
388 1229 487 1264 inquit,
503 1228 572 1256 tollit
587 1229 704 1255 animum
718 1235 802 1255 meum
818 1236 835 1254 α
860 1236 910 1257 me.
928 1229 973 1255 sed

189 1285 237 1312 ego
253 1285 322 1311 pono
344 1276 420 1302 illam
441 1284 456 1302 a
482 1276 587 1309 meipso.
613 1273 776 1302 Potestalem
796 1275 865 1301 enim
890 1274 973 1302 hava

188 1323 302 1357 ponendi
315 1330 384 1353 eam,
399 1326 588 1355 etpotestatcm
612 1321 694 1347 Imbeo
717 1321 812 1347 ilerum
836 1329 974 1348 assumen—

191 1368 220 1395 di
231 1369 264 1395 ³⁰.
282 1367 339 1395 Hoc
355 1368 434 1394 nobis
450 1368 486 1394 ita
501 1367 659 1399 constituto,
675 1366 817 1402 perspicue
828 1367 929 1401 patebit
945 1367 972 1394 id

189 1415 262 1450 quod
276 1413 422 1449 qua-situm
443 1417 495 1440 est.

223 1506 274 1539 Qui
291 1505 363 1532 enim
378 1506 511 1538 potestate
531 1509 581 1529 sua
600 1506 698 1529 cuncta
711 1503 842 1537 dispenit,
857 1510 911 1530 non
937 1511 969 1531 ex
985 1509 1008 1540 ο

188 1551 343 1588 proditione
371 1548 422 1577 sibi
449 1547 651 1583 impendentetn
679 1549 888 1580 necessitatem,
916 1557 970 1576 non

187 1598 346 1626 .‘udnorum
357 1596 436 1631 quasi
453 1594 610 1630 praedonum
622 1594 764 1629 impetutn,
779 1602 832 1622 non
847 1595 967 1630 iniquam

189 1644 270 1671 Pilati
287 1641 450 1670 sententiam
467 1643 620 1675 exspectat,
645 1644 675 1667 ut
696 1647 790 1667 eorum
816 1641 918 1667 malitia
937 1642 972 1668 sit

187 1689 343 1718 communis
368 1687 509 1714 hominum
526 1685 625 1714 salutis
640 1686 804 1721 principium
821 1691 846 1713 et
869 1693 969 1719 causa;

189 1735 238 1764 sed
262 1733 379 1762 consilio
402 1739 452 1760 suo
476 1732 645 1763 antevertit,
668 1736 696 1758 et
719 1739 820 1758 arcano
844 1732 971 1759 sacrilicii

187 1788 299 1816 genere,
314 1778 388 1814 quod
407 1778 441 1805 ab
457 1777 614 1805 hominibus
634 1777 708 1804 cerni
727 1785 780 1804 non
796 1782 913 1812 poterat,
928 1786 972 1805 se-

188 1828 278 1862 ipsum
295 1833 344 1860 pro
358 1824 437 1851 nobis
457 1823 574 1850 hostiam
597 1822 688 1854 oll'ert,
708 1827 735 1850 et
757 1823 896 1850 victimam
916 1824 968 1850 im-

188 1872 288 1901 molat.
310 1870 439 1899 sacerdos
454 1869 536 1896 simul
551 1869 696 1906 exsistens,
712 1872 739 1895 et
751 1875 837 1903 agnus
854 1867 910 1899 Dei,
926 1869 971 1896 ille

186 1917 234 1953 qui
253 1917 346 1944 mundi
365 1920 507 1950 peccatum
532 1914 613 1941 tollit.
631 1913 747 1947 Quando
764 1913 791 1941 id
822 1914 971 1949 pmtitit?

185 1970 248 1990 cum
265 1968 365 1996 corpus
382 1967 460 1987 suum
480 1958 621 1993 discipulis
634 1959 803 1994 congregatis
822 1959 969 1992 edendum,

185 2013 213 2035 et
233 2007 392 2041 sanguinem
408 2003 555 2032 bibendum
571 2003 696 2038 praebuit,
717 2007 782 2030 tunc
805 2007 898 2038 aperte
921 2004 969 2031 de-

184 2052 300 2080 claravit
315 2050 377 2086 agni
395 2049 559 2077 sacrificium
571 2048 626 2083 jam
640 2055 702 2076 esse
719 2048 880 2084 perfectum.
900 2048 968 2076 Nam

184 2098 305 2126 victima:
319 2103 420 2131 corpus
434 2102 489 2122 non
511 2098 554 2122 est
576 2093 611 2121 ad
637 2093 772 2121 edendum
788 2094 927 2127 idoneum,
945 2096 968 2123 si

182 2145 335 2171 animatum
362 2142 407 2168 sit.
432 2141 524 2173 Quare
551 2147 613 2167 cum
639 2147 739 2175 corpus
761 2140 914 2174 edendum,
941 2145 968 2169 et

1025 1004 1146 1039 φήνειαν.
1173 1003 1221 1035 Τίς
1233 1000 1280 1030 οὖν
1297 1004 1311 1029 ὁ
1326 1003 1404 1038 λόγος
1417 1012 1424 1036 ;
1453 1003 1615 1037 Ἀνάϐλεψον
1627 1005 1666 1035 είς
1680 1003 1711 1030 τὸ
1726 1013 1810 1039 μεγα-

1024 1051 1095 1077 λεῖον
1110 1051 1160 1085 τῆς
1176 1049 1251 1082 Θείας
1270 1049 1425 1085 δυνάμεως,
1455 1049 1502 1076 καὶ
1514 1049 1562 1076 οὐκ
1579 1050 1721 1084 ἀγνοήσεις
1734 1050 1764 1076 τὸ
1781 1051 1809 1076 ἐν

1025 1096 1099 1131 τόπῳ
1114 1095 1290 1131 ζητούμενον.
1306 1094 1444 1131 Μνήσθητι
1458 1095 1508 1130 τῆς
1520 1095 1687 1131 Δεσποτικῆς
1703 1096 1808 1130 ἀποεράή

1027 1151 1106 1175 σεως,
1118 1141 1144 1168 τί
1158 1142 1222 1177 περὶ
1237 1141 1318 1168 αὐτοῦ
1331 1141 1510 1175 ἀποφαίνεται
1523 1142 1537 1168 ὁ
1551 1140 1598 1168 τοῦ
1612 1141 1711 1173 παντὸς
1725 1141 1810 1176 ἐξημ-

1028 1189 1109 1224 μένος
1123 1189 1153 1215 τδ
1175 1188 1275 1224 κράτος
1292 1197 1298 1204 ·
1313 1187 1372 1219 πῶς
1398 1187 1612 1224 αὑτοκρατορικῇ
1627 1188 1744 1224 ἐξουσίᾳ,
1762 1188 1810 1215 καὶ

1024 1235 1054 1261 οὗ
1077 1235 1184 1269 φύσεως
1208 1235 1314 1270 ἀνάγκῃ
1337 1233 1507 1268 διαζεύγνυσι
1528 1233 1578 1270 τὴν
1599 1234 1686 1269 ψυχὴν
1707 1235 1740 1261 ἐκ
1761 1235 1809 1261 τοῦ

1026 1280 1150 1315 σώματος
1163 1301 1170 1313 ,
1192 1281 1220 1306 ἐν
1235 1277 1275 1312 οἷς
1293 1288 1384 1314 φησιν,
1404 1280 1444 1306 ὃτι
1460 1279 1566 1312 Οὐδεὶς
1587 1280 1662 1314 αἴρει
1678 1280 1736 1314 τὴν
1751 1282 1810 1315 ψυ-

1025 1326 1085 1360 χήν
1096 1334 1164 1360 μου,
1178 1325 1246 1352 ἀλλ’
1259 1324 1317 1358 ἐγὼ
1332 1325 1430 1358 τίθημι
1441 1323 1538 1358 αὐτὴν
1551 1325 1601 1359 ἀφ’
1611 1324 1729 1352 ἑαυτοῦ.
1745 1324 1809 1357 Ἐξ-

1025 1371 1133 1398 ουσίίιν
1154 1371 1212 1405 ἔχω
1228 1370 1320 1397 θεῖναι
1333 1370 1445 1404 αὐτὴν,
1459 1370 1507 1397 καὶ
1524 1370 1670 1402 ἐξουσίαν
1683 1371 1743 1405 ἔχω
1757 1371 1810 1398 πά-

1024 1419 1075 1443 λιν
1087 1416 1191 1443 ,λαϐεῖν
1209 1415 1315 1448 αὑτήν.
1335 1415 1420 1442 Τοῦτό
1436 1424 1480 1450 μοι
1495 1416 1593 1451 στήτω,
1608 1415 1654 1442 καὶ
1669 1415 1700 1442 τὸ
1713 1415 1809 1451 ζητού-

1026 1471 1105 1497 μενον
1126 1462 1329 1496 σεσαφήνισται.

1063 1507 1092 1532 Ὁ
1116 1507 1170 1542 γὰρ
1195 1506 1283 1533 πάντα
1307 1506 1378 1532 κατὰ
1405 1505 1454 1541 τὴν
1480 1506 1640 1543 δεσποτικὴν
1666 1507 1807 1535 αὐθεντίαν

1022 1553 1190 1588 οἰκονομῶν,
1217 1552 1267 1579 οὐκ
1293 1551 1421 1587 ἀναμένει
1453 1551 1501 1588 τὴν
1528 1552 1561 1578 ἐκ
1586 1553 1636 1588 τῆς
1663 1554 1806 1589 προδοσίας

1021 1598 1152 1632 ἀνάγκην,
1177 1598 1224 1624 κα).
1236 1597 1286 1634 τὴν
1302 1597 1448 1633 λῃστρικὴν
1469 1598 1562 1632 ἔφοδον
1581 1598 1635 1625 τῶν
1658 1599 1805 1633 Ἰουδαίων,

1021 1642 1068 1668 καὶ
1090 1642 1139 1677 τὴν
1161 1641 1207 1668 τοῦ
1230 1642 1347 1668 Πιλάτου
1368 1642 1525 1678 παράνομον
1546 1643 1643 1678 κρίσιν,
1665 1642 1735 1671 ὥστε
1757 1645 1805 1680 τὴν

1021 1687 1132 1714 ἐκείνων
1172 1687 1270 1714 κακίαν
1311 1688 1432 1723 ἀρχηγὸν
1456 1689 1501 1715 καὶ
1524 1689 1612 1715 αἰτίαν
1638 1689 1687 1724 τῆς
1715 1692 1805 1726 κοινῆς

1020 1734 1075 1760 τῶν
1093 1733 1244 1769 ἀνθρώπων
1269 1733 1404 1770 σωτηρίας
1423 1733 1567 1768 γενέσθαι·
1591 1735 1659 1761 ἀλλὰ
1682 1736 1804 1772 προλαμ-

1021 1780 1095 1806 ϐάνει
1116 1781 1148 1816 τῇ
1179 1780 1319 1816 οίκονομίᾳ
1334 1779 1384 1815 τὴν
1403 1779 1505 1814 ἔφοδον,
1529 1780 1597 1807 κατά
1619 1781 1664 1808 τὸν
1686 1782 1802 1818 ἄρρητον

1013 1826 1068 1861 ,τῆς
1084 1826 1241 1861 ἱερουργίας
1255 1826 1365 1861 τρόπον,
1380 1826 1426 1853 καὶ¹
1441 1827 1497 1858 τοῖς
1515 1825 1667 1862 ἀνθρώποις
1679 1828 1800 1864 ἀόρατον,

1020 1872 1067 1898 κα)⁵
1079 1872 1174 1898 ἑαυτὸν
1197 1872 1365 1908 προσήνεγκε
1388 1872 1544 1907 προσφορὰν
1558 1873 1605 1899 καὶ
1618 1873 1714 1900 θυσίαν
1734 1873 1802 1910 ὑπὲρ

1019 1916 1108 1952 ἡμῶν,
1131 1917 1145 1943 ό
1159 1917 1248 1952 ἱερεὺς
1260 1917 1327 1951 ἅμα.
1342 1916 1388 1943 καὶ
1403 1917 1417 1942 ὁ
1432 1916 1516 1951 ἀμνὸς
1531 1916 1577 1943 τοῦ
1596 1916 1673 1949 Θεοῦ,
1689 1919 1703 1944 ὸ
1718 1918 1802 1953 αἴρων

1019 1961 1067 1996 τὴν
1084 1961 1220 1996 ἁμαρτίαν
1234 1960 1282 1987 τοῦ
1295 1960 1407 1996 κόσμου.
1424 1961 1493 1988 Πότε
1504 1961 1583 1988 τοῦτο
1596 1970 1603 1994 ;
1621 1962 1684 1989 Ὅτε
1700 1962 1801 1998 βρωτὸν

1019 2006 1115 2033 ἐαυτοῦ
1136 2006 1166 2032 τὸ
1186 2005 1265 2041 σῶμα
1282 2006 1323 2037 είς
1346 2005 1446 2041 βρῶσιν
1474 2006 1568 2040 σαφῶς
1581 2006 1746 2034 ἐνδείκνυται
1765 2007 1801 2043 τῷ

1018 2053 1068 2088 ήδη
1081 2052 1243 2087 γεγενῆσθαι
1258 2051 1349 2087 ἐντελῆ
1359 2050 1406 2078 τοῦ
1418 2050 1505 2087 ἀμνοῦ
1518 2051 1567 2087 τὴν
1579 2052 1684 2079 Θυσίαν.
1698 2054 1736 2080 Οὐ
1747 2054 1801 2089 γὰρ

1019 2099 1051 2126 ἂν
1066 2097 1101 2135 ἦν
1115 2099 1145 2126 τὸ
1160 2099 1239 2134 σῶμα
1251 2098 1297 2126 τοῦ
1314 2098 1412 2134 ἱερείου
1429 2098 1497 2134 πρὸς
1520 2098 1620 2134 ἐδωδὴν
1637 2099 1799 2135 ἐπιτήδειον,

1018 2145 1096 2180 εἴπερ
1109 2144 1229 2179 ἔμψυχον
1238 2141 1281 2179 ἦν.
1295 2142 1400 2171 Οὐκοῦν
1412 2143 1456 2169 ὅτε
1472 2144 1592 2178 παρέσχε
1602 2145 1658 2175 τοῖς
1667 2144 1800 2179 μαθηταῖς

182 2188 344 2223 sanguinem
360 2185 505 2213 bibendum
520 2185 664 2220 discipulis
688 2185 821 2219 exhibuit,
841 2186 897 2221 jam
921 2193 965 2213 ar-

1022 2191 1149 2225 ίμφαγεῖν
1159 2189 1207 2216 τοῦ
1224 2189 1359 2224 σώματος,
1372 2189 1419 2215 καὶ
1433 2188 1479 2215 τοῦ
1491 2189 1605 2223 αἵματος
1619 2189 1736 2224 ἐμπιεῖν,
1748 2190 1798 2226 ήδη

182 2242 251 2261 cana
268 2237 295 2260 et
320 2239 375 2258 non
401 2231 560 2266 aspectabili
576 2231 683 2259 ratione
706 2238 808 2266 corpus
834 2236 894 2259 erat
913 2233 965 2258 im-

183 2281 326 2312 uiolatum,
344 2283 374 2306 ut
387 2278 475 2313 ipsius
494 2279 653 2313 mysterium
671 2279 826 2314 peragentis
836 2279 964 2314 potestati

180 2326 353 2353 collibuerat.
374 2323 405 2350 Et
419 2324 509 2350 anitna
525 2324 552 2350 in
573 2324 626 2351 illis
639 2329 707 2357 erat,
721 2325 749 2351 in
760 2325 860 2359 quibus
870 2324 964 2352 eadem

180 2373 240 2407 ipsa
256 2374 378 2406 potestas
397 2369 471 2396 illam
487 2369 623 2404 deposuit,
645 2370 781 2405 simulque
795 2378 856 2398 cum
873 2370 962 2397 divina

181 2418 293 2449 virtute,
310 2422 372 2450 quae
386 2422 448 2441 etttn
460 2414 505 2440 illa
520 2418 581 2442 erat
595 2414 752 2449 conjuncta,
769 2414 839 2442 inea
854 2415 964 2450 regione

178 2461 273 2489 cordis
289 2464 399 2487 versata
414 2463 465 2486 est.
483 2459 577 2494 Itaque
592 2459 615 2487 si
627 2459 689 2494 quis
707 2459 770 2487 inde
795 2465 902 2494 tempus
918 2461 962 2487 in-

180 2507 264 2542 cipiat
284 2505 414 2536 dimetiri,
431 2512 492 2531 cttm
510 2504 676 2532 sacriﬁcium
697 2504 753 2532 Deo
770 2505 871 2532 factum
888 2511 930 2533 est
947 2513 962 2532 a

178 2559 279 2587 magno
289 2551 336 2578 illo
352 2550 479 2584 Principe
501 2550 685 2583 sacerdotum,
700 2551 747 2585 qui
763 2551 881 2583 ratione,
901 2559 962 2586 qua:

178 2606 229 2625 nec
246 2597 338 2625 verbis
350 2596 494 2631 explicari,
508 2604 558 2623 nec
574 2596 662 2623 oculis
675 2597 792 2630 perspici
807 2597 908 2631 potuit,
922 2604 962 2624 se-

179 2651 268 2678 tpsunt
301 2649 350 2677 pro
380 2641 519 2669 communi
555 2641 695 2667 hominum
723 2641 811 2668 salute
831 2645 961 2676 tanquam

178 2697 276 2723 agnum
292 2687 401 2719 obtulit,
426 2695 481 2714 non
506 2686 614 2715 recedet
631 2694 646 2713 ε
668 2688 791 2714 veritate.
810 2687 872 2713 Erat
887 2688 959 2714 enim

179 2742 290 2769 vespz-ra
304 2755 311 2765 ,
333 2741 396 2761 cum
421 2739 529 2760 sacrum
557 2732 623 2759 illud
643 2740 743 2767 corptts
760 2733 958 2760 comederunt:

177 2787 259 2815 quam
274 2779 384 2813 quidem
401 2785 543 2813 vesperam
568 2786 632 2811 nox,
647 2786 706 2814 quae
721 2786 886 2814 pat'asceven
909 2787 958 2806 an-

211 2825 235 2840 ¹⁶
263 2824 340 2852 Joan.
357 2833 384 2857 ι,
399 2824 443 2851 18.

1017 2235 1084 2262 κατὰ
1095 2235 1125 2261 τὸ
1141 2234 1253 2270 θελητὸν
1278 2234 1312 2268 τῇ
1329 2233 1438 2268 ἐξουσίᾳ
1449 2232 1497 2259 τοῦ
1512 2233 1542 2259 τὸ
1564 2233 1713 2268 μυστήριον
1725 2234 1799 2260 οίκο-

1015 2279 1158 2315 νομοῦντος
1169 2280 1295 2315 ἀρρήτως
1308 2287 1338 2304 τε
1354 2279 1402 2304 καὶ
1411 2277 1533 2313 ἀοράτως
1543 2278 1573 2305 τὸ
1587 2278 1666 2313 σῶμα
1676 2279 1797 2306 ἐτέθυτο.

1014 2325 1070 2351 Καὶ
1081 2325 1098 2359 ή
1121 2323 1192 2359 ψυχή
1213 2325 1242 2350 ἐν
1258 2323 1371 2353 ἐκείνοις
1391 2320 1435 2358 ἦν,
1451 2324 1481 2350 ἐν
1494 2320 1535 2354 οἷς
1552 2323 1637 2358 αὐτὴν
1657 2324 1673 2358 ή
1690 2323 1798 2356 ἐξουσία

1013 2370 1060 2397 τοῦ
1075 2369 1276 2405 οἰκονομοῦντος
1288 2369 1433 2396 ἐναπέθετο
1448 2368 1517 2403 μετὰ
1531 2367 1581 2403 τῆς
1591 2368 1797 2404 ἐγκεκραμένης

1014 2417 1081 2451 αὐτῇ
1103 2416 1177 2446 θείας
1195 2415 1344 2450 δυνάμεως,
1360 2415 1405 2441 τὸν
1421 2415 1449 2441 ἐν
1472 2413 1572 2449 καρδίᾳ.
1586 2414 1688 2440 ἐκεῖνον
1710 2413 1797 2448 χῶρον

1014 2461 1205 2497 περιπολοῦσα.
1232 2461 1335 2487 Οὐκοῦν
1357 2461 1404 2495 ἀφ’
1420 2457 1451 2486 οὗ
1476 2459 1616 2495 προσήχθη
1638 2459 1677 2494 τῷ
1695 2459 1755 2495 Θεῷ
1780 2461 1796 2495 ή

1013 2507 1091 2533 θυσία
1103 2507 1179 2542 παρὰ
1193 2506 1239 2533 τοῦ
1254 2506 1371 2542 μεγάλου
1389 2506 1558 2542 Ἀρχιερέως,
1575 2505 1622 2532 τοῦ
1640 2505 1686 2532 τὸν
1700 2506 1795 2532 ἐαυτοῦ

1012 2553 1096 2588 ἀμνὸν
1104 2552 1173 2588 ὑπὲρ
1181 2552 1231 2587 τῆς
1241 2553 1333 2587 κοινῆς
1343 2551 1476 2587 ἁμαρτίας
1485 2551 1612 2586 ἀρῤήτως
1620 2559 1650 2577 τε
1661 2552 1708 2578 καὶ
1717 2551 1797 2586 ἀορά-

1010 2606 1064 2629 τως
1075 2598 1307 2634 ίερουργήσαντος,
1319 2598 1372 2625 ἀπὸ
1379 2597 1439 2623 τότε
1450 2605 1492 2628 τις
1505 2596 1630 2631 ἀριθμῶν
1644 2596 1690 2623 τὸν
1702 2598 1795 2633 χρόνον

1010 2644 1060 2678 τῆς
1074 2643 1201 2679 ἀληθείας
1216 2643 1265 2678 οὐχ
1277 2643 1474 2679 ἁμαρτήσεται.
1497 2641 1616 2677 Ἐσπέρα
1631 2642 1682 2676 μὲν
1696 2642 1750 2677 γὰρ
1762 2640 1795 2678 ἦν

1010 2689 1054 2716 ὅτε
1072 2689 1179 2726 ἐϐρώθη
1198 2689 1228 2716 τὺ
1252 2690 1323 2724 ξερὸν
1341 2689 1428 2715 ἐκεῖνο
1457 2688 1504 2714 καὶ¹
1524 2687 1600 2721 ἆγιον
1621 2687 1711 2723 σῶμα.
1738 2688 1794 2721 Νὺξ

1010 2733 1038 2760 δὲ
1052 2735 1101 2770 τὴν
1116 2734 1234 2769 ἑσπέραν
1244 2734 1351 2769 ἐκείνην
1365 2734 1381 2769 ή
1395 2733 1448 2769 πρὸ
1458 2735 1507 2769 τῆς
1521 2736 1699 2770 παρασκευῆς
1710 2734 1792 2760 διεδέ-

1011 2778 1084 2811 ξατο.
1106 2777 1173 2806 Εἶτα
1186 2780 1202 2814 ή
1217 2778 1267 2814 τῆς
1282 2779 1458 2814 παρασκευῆς
1474 2775 1574 2814 ήμέρα,
1589 2780 1623 2815 τῇ
1638 2780 1793 2815 ἐπεισάκτῳ
