1938 3082
109 113 165 142 613

572 111 605 138 ΙΝ
625 111 762 139 CHRISTI
792 109 1107 137 RESUBRELTIONEM
1127 109 1232 137 ORAT.
1252 108 1269 136 l.

1687 109 1738 137 οιι

109 170 191 197 νυκτὶ
214 169 407 205 διατμηθεῖσα,
431 170 471 201 είς
491 170 556 205 μίαν
568 170 652 197 νύκτα
673 170 720 197 καὶ
739 171 779 202 εἰς
793 168 899 205 ἡμέρας

953 168 1188 203 Iecedit,exccpit.
1203 167 1272 194 lluic
1284 170 1418 195 successit
1429 167 1588 196 Parasceva:
1600 167 1668 201 dies,
1679 176 1739 203 qua:

109 216 160 244 δύο
177 215 405 251 καταψηφίζεται.
418 215 512 250 Εἰγὰρ
524 216 554 242 τὸ
567 216 661 248 σκότος
674 217 688 242 ό
702 215 768 247 Θεὸς
787 216 899 243 ἐκάλεσε

109 262 209 295 νύκτα,
224 262 253 289 ἐν
274 262 302 287 δὲ
321 262 381 293 ταῖς
403 262 492 297 τρισὶν
517 261 602 297 ὥραις
621 262 727 296 ἐγένετο
743 261 838 292 σκότος
854 261 901 288 ἐπὶ

110 309 204 335 πᾶσαν
219 308 268 342 τὴν
278 306 439 341 οἰκουμένην
455 315 462 320 ·
479 306 548 342 αὕτη
569 307 642 333 ἐστὶν
657 307 673 341 ὴ
689 306 759 334 κατὰ
774 307 804 333 τὺ
819 306 902 342 μέσον

109 354 162 389 τῆς
179 353 284 389 ἡμέρας
309 353 538 388 καινοτομηθεῖσα
552 352 615 386 νὺξ,
638 352 672 379 τὰ
697 352 743 379 δύο
772 353 902 388 τμήματα

109 400 168 426 τῶν
185 399 294 435 ἡμερῶν
313 399 346 426 δι’
372 400 472 434 ἑαυτῆς
491 399 708 434 περιγράφουσα,
726 399 756 426 τὸ
779 400 827 434 μὲν
848 399 902 426 ἀπὸ

109 445 162 472 τοῦ
175 446 273 482 ὄρθρου
298 446 344 472 ἐπὶ
353 445 402 481 τὴν
412 445 495 480 ἕκτην
509 445 593 482 ὥραν,
604 445 635 471 τὸ
648 445 676 471 δὲ
693 445 747 471 ἀπὸ
757 446 805 480 τῆς
819 445 896 472 ἐννά-

109 500 165 527 της
178 492 225 518 ἐπὶ
240 491 290 527 τὴν
309 491 437 526 ἐσπέραν.
465 491 546 518 Ὥστε
560 488 629 517 εἶναι
645 491 724 526 μέχρι
735 490 841 523 τούτου,
853 490 901 517 δύο

110 538 214 569 νύκτας
225 537 271 564 καὶ
284 537 392 573 ἡμέρας
402 536 458 563 δύο.
474 535 550 569 Εἶτα,
566 536 619 572 πρὸ
629 536 675 563 τοῦ
689 536 829 563 Σαὸὃάτου
841 535 900 568 νὺξ,

110 583 162 610 καὶ
181 582 251 618 μετὰ
266 582 368 616 ταύτην
385 583 402 618 ἡ
426 582 473 608 τοῦ
495 582 634 609 Σαὸὃὰτου
649 583 749 618 ἡμέρα,
767 582 837 618 ἔχεις
852 582 904 614 τὰς

109 630 189 664 τρεῖς
209 628 331 662 νύκτας.ξ
345 628 466 664 Ζήτησόν
483 637 528 663 μοι
548 628 640 655 λοιπὸν
655 628 705 664 τὴν
720 628 903 663 ἀναστάσιμον

109 674 197 709 ὥραν,
212 674 258 701 καὶ
274 674 399 710 εὑρήσεις
418 673 467 709 τὴν
483 675 512 699 ἐν
524 675 580 705 τοῖς
593 674 750 709 εἰρημένοις
764 673 901 709 ἀλήθειαν.

109 721 183 747 Πότε
198 717 243 747 οὖν
253 720 342 754 τοῦτο;
361 719 433 754 Ὀψὲ
442 719 610 751 Σαϐϐάτων,
619 719 754 751 Ματθαῖος
765 719 900 755 βοᾷ.Αὖτη

109 774 154 792 τοι
167 766 183 801 ἡ
195 765 254 800 ὥρα
269 765 319 800 τῆς
327 764 510 796 Ἀναστάσεως
523 764 593 791 κατὰ
601 763 650 799 τὴν
661 764 707 791 τοῦ
720 764 834 799 ἀγγέλου
851 773 904 799 φω-

109 813 173 846 νήν.
189 809 272 842 Οὗτος
284 811 346 846 ὄρος
358 810 408 845 τῆς
423 811 452 837 ἐν
469 810 567 846 καρδίᾳ
579 810 630 846 τῆς
645 811 696 845 γῆς
707 810 843 845 διαγωγῆς
856 810 901 836 τοῦ

953 217 1034 240 nocte
1048 213 1093 239 illa
1108 217 1220 248 propter
1236 213 1302 240 solis
1318 213 1538 240 obscurationem
1553 213 1695 248 interiecta
1711 215 1738 241 in

953 259 1013 286 dies
1032 259 1102 286 duos
1126 264 1153 286 et
1182 265 1290 286 noctem
1314 266 1395 285 unam
1416 259 1503 286 divisa
1527 264 1581 287 est.
1610 259 1688 292 Nam,
1714 260 1737 287 si

955 306 1028 334 Deus
1042 311 1151 334 noctem
1177 307 1305 334 tenebras
1323 307 1468 342 appellavit
1481 308 1513 340 ³¹,
1530 308 1617 335 tribus
1647 312 1737 335 autem

955 351 1030 380 horis
1042 352 1160 379 tenebrm
1170 352 1248 380 facta:
1261 358 1326 380 sunt
1338 360 1419 388 super
1429 353 1583 381 universam
1591 358 1691 381 terram
1703 354 1737 384 “,

955 398 1074 432 spatium
1092 398 1158 425 illud
1171 399 1198 425 in
1218 398 1269 426 diei
1290 399 1380 426 medio
1402 399 1582 426 constitutum
1600 407 1653 426 nos
1676 399 1738 429 fuit.

955 452 1016 479 quae
1030 443 1146 478 singulis
1174 444 1249 472 illius
1273 453 1306 472 ex
1331 449 1447 480 utraque
1468 450 1545 479 parte
1572 445 1737 472 sectionibus

955 490 1036 518 binos
1050 490 1108 518 dies
1125 490 1249 517 definivit
1272 500 1279 518 τ
1302 498 1387 517 unum
1403 490 1512 525 quidem
1538 491 1573 518 ab
1593 495 1654 518 ortu
1673 491 1740 518 solis

955 545 1044 572 usque
1058 537 1091 563 ad
1105 542 1208 564 sextam
1232 537 1339 569 horam,
1363 537 1479 564 alterum
1508 541 1598 564 autem
1613 537 1647 563 ab
1673 537 1738 563 liora

955 590 1027 610 nona
1042 590 1128 617 usque
1143 583 1176 610 ad
1197 590 1350 618 vesperam.
1364 583 1453 617 Atque
1469 583 1507 610 ita
1520 583 1589 610 duas
1613 582 1669 616 jam
1689 590 1738 609 no-

955 633 1013 656 ctes
1034 628 1177 660 habemus,
1198 632 1225 655 et
1252 628 1363 656 totidem
1382 629 1450 656 dics.
1469 627 1538 655 llinc
1556 628 1667 655 Sabbati
1684 635 1738 654 nox

955 679 997 702 est
1012 674 1169 706 subsecuta,
1188 678 1215 701 et
1231 673 1340 702 Sabbati
1353 674 1421 702 dies.
1435 674 1474 702 Ex
1487 675 1587 710 quibus
1603 678 1658 701 tres
1667 673 1736 705 dies,

956 724 984 748 et
1009 726 1105 749 noctes
1132 721 1224 748 itidem
1244 725 1301 749 tres
1322 721 1516 749 conﬁciuntur.
1533 721 1680 756 Reliquum
1697 724 1739 748 est

955 770 986 793 ut
1000 767 1210 795 resurrectionis
1228 768 1321 795 horam
1348 768 1538 803 inquiramus:
1559 775 1614 803 qua
1628 767 1738 802 quidem

956 812 1078 845 inventa,
1098 813 1200 840 veritas
1222 813 1352 841 exstabit.
1379 813 1494 846 Quando
1519 814 1602 849 igitur
1617 813 1739 841 surrexit

109 859 226 893 Κυρίου.
235 858 369 894 Ἑσπέρας
375 858 428 893 γὰρ
438 857 487 892 ήδη
499 856 609 892 βαθείας
621 857 806 893 γεγενημένης
817 857 901 893 (ἀρχὴ

955 857 1108 886 Dominus?
1123 858 1232 894 Vespere
1247 859 1424 886 Sabbatorum
1434 880 1442 893 ,
1461 859 1510 886 tibi
1528 859 1672 886 Matthzeus
1685 859 1739 885 cla-

109 905 139 931 δὲ
153 903 187 940 ἦν
212 905 262 940 τῆς
276 905 371 936 νυκτὸς
388 905 496 940 ἐκείνης
510 905 527 939 ἡ
542 904 655 940 ἑσπέρα,
669 903 702 940 ἢν
721 904 870 939 διαδέχεται
884 904 902 938 ἡ

110 951 163 986 μία
175 950 228 978 τῶν
243 950 388 977 Σαῦϐάτων
406 950 528 986 ἡμέρα),
551 950 611 977 τότε
626 951 640 976 ό
663 950 773 986 σεισμὸς
788 949 900 983 γίνεται.

110 996 180 1022 Τότε
194 997 208 1022 ὁ
223 996 441 1031 καταστράπτων
461 997 517 1028 τοῖς
537 996 683 1031 ἐνδύμασιν
704 995 817 1030 ἅγγελος
837 996 904 1021 ἀπο-

108 1042 200 1068 κυλίει
212 1041 257 1067 τὸν
273 1041 346 1068 λίθον
359 1041 406 1068 τοῦ
420 1042 565 1077 μνημείου.
579 1042 611 1068 Ai
625 1041 654 1068 δὲ
663 1043 792 1076 γυναῖκες
807 1041 903 1076 μικρὸν

109 1087 319 1123 ἐπορθρίσασαι,
334 1088 535 1123 ὑποφαινούσης
549 1088 598 1123 ἤδη
613 1088 662 1123 τῆς
676 1089 691 1123 ἡ
697 1087 786 1122 μέρος
801 1087 832 1113 τὸ
843 1087 904 1121 φέγ-

108 1142 171 1168 γος,
183 1133 221 1165 ὡς
234 1134 281 1160 καί
297 1142 357 1160 τινα
377 1133 492 1169 ἡλιακὴν
508 1134 594 1168 αὐγὴν
612 1134 661 1168 τῆς
674 1133 807 1168 ἀνατολῆς
819 1133 903 1167 ὑπερ-

109 1179 267 1215 φαίνεσθαι,
281 1180 340 1206 τότε
352 1179 489 1215 ἱστοροῦσι
503 1179 552 1215 τὴν
564 1179 615 1214 ἤδη
629 1177 816 1213 γεγενημένην
835 1177 902 1204 ἅνά‹

111 1235 226 1253 στασιν·
244 1227 271 1253 αἳ
288 1227 318 1252 τὸ
331 1226 381 1261 μὲν
396 1225 487 1260 Θαῦμα
503 1225 634 1259 ἔγνωσαν,
655 1224 705 1260 τὴν
724 1224 752 1251 δέ
768 1223 841 1260 ὥραν
853 1224 902 1250 οὐκ

111 1272 301 1308 ἐδιδάχθησαν.
312 1272 372 1298 Ὅτι
390 1272 439 1307 μὲν
452 1271 505 1308 γὰρ
520 1271 635 1307 ἠγέρθη,
659 1268 720 1297 εἶπε
736 1270 804 1305 πρὸς
817 1270 902 1302 αὑτὰς

110 1320 127 1345 ὸ
143 1318 260 1352 ἄγγελος
273 1327 280 1333 ·
304 1317 334 1343 τὸ
348 1318 375 1344 δὲ
395 1317 471 1349 πότε,
487 1316 527 1352 τῷ
548 1318 650 1353 ῥήματι
671 1317 702 1343 οὐ
722 1315 900 1352 προσέθηκεν.

118 1364 191 1390 Ἀλλ’
214 1364 229 1390 ό
251 1363 337 1398 μέγας
361 1363 499 1394 Ματθαῖος
522 1363 600 1397 μόνος
625 1363 679 1388 τῶν
703 1361 902 1396 εὐαγγελιστῶν

112 1411 225 1437 πάντων
235 1409 281 1436 τὸν
294 1409 389 1444 καιρὸν
404 1409 437 1435 δι’
450 1409 594 1445 ἀκριϐείας
605 1409 805 1444 ἐπεσημήνατο,
817 1408 902 1435 είπὼν

110 1456 163 1492 τὴν
179 1456 297 1491 ἑσπέραν
310 1453 436 1482 εἷναιτοῦ
449 1456 599 1487 Σαϐϐάτου,
614 1455 662 1490 τὴν
677 1454 751 1490 ὥραν
761 1454 810 1490 τῆς
827 1455 902 1482 Ἀνα-

115 1511 250 1534 στασεως.

955 913 984 932 ra
1001 913 1067 932 voce
1087 904 1229 932 denuntiat
1241 905 1274 932 ³³.
1293 906 1354 933 llaec
1371 909 1414 933 est
1432 905 1645 933 resurrectionis
1659 905 1739 938 hora,

954 951 1104 979 secundum
1134 951 1223 986 angeli
1250 959 1355 979 vocem.
1372 951 1422 979 llic
1443 952 1576 979 terminus
1600 950 1651 979 fuit
1665 959 1740 979 com-

953 997 1116 1024 morationis
1130 996 1237 1024 Domini
1264 997 1290 1024 in
1307 997 1389 1024 corde
1414 1001 1503 1024 terrae.
1532 996 1652 1032 Vespera
1666 997 1739 1024 enim

952 1043 1008 1078 jam
1024 1042 1169 1078 profunda,
1188 1050 1249 1077 qua:
1262 1043 1372 1077 quidem
1394 1050 1507 1078 vespera
1533 1043 1633 1076 noctis,
1657 1050 1740 1078 quam

953 1096 1006 1116 una
1021 1089 1203 1116 Sabbatorum
1215 1088 1275 1116 dies
1288 1089 1478 1123 consequitur,
1493 1088 1658 1124 principium
1669 1094 1739 1120 erat,

954 1138 1124 1161 terraemotus
1141 1133 1230 1161 factus
1243 1137 1293 1161 est.
1312 1134 1389 1161 Tunc
1409 1134 1524 1169 angelus
1541 1134 1569 1160 in
1593 1134 1740 1161 vestimen-

953 1180 989 1208 tis
1009 1179 1117 1215 fulgens
1133 1180 1248 1207 revolvit
1262 1180 1378 1215 lapidem
1401 1180 1582 1207 monumenti.
1610 1179 1738 1206 Mulieres

955 1229 1046 1253 autem
1058 1233 1137 1252 mane
1148 1230 1304 1261 surgentes,
1320 1233 1382 1252 cum
1396 1225 1449 1253 diei
1460 1226 1515 1260 jam
1527 1226 1572 1253 lux
1586 1229 1740 1261 appareret.

953 1276 979 1300 et
993 1271 1110 1299 orientis
1124 1271 1192 1300 solis
1218 1272 1348 1307 splendor
1374 1276 1544 1304 cerneretur.
1567 1277 1623 1299 tum
1651 1273 1739 1299 visum

953 1320 1070 1352 pergunt
1084 1317 1326 1349 resurrectionem,
1348 1325 1408 1352 qua
1424 1317 1480 1352 jam
1507 1317 1581 1344 facta
1606 1322 1686 1345 erat:
1713 1322 1740 1344 et

952 1362 1116 1390 miraculum
1131 1363 1242 1397 quidem
1259 1368 1458 1397 cognoverunt.
1476 1363 1570 1390 horam
1583 1368 1671 1391 autem
1686 1371 1740 1398 qua

953 1408 1122 1443 contigisset,
1140 1415 1195 1435 non
1216 1407 1381 1435 didicerunt.
1398 1408 1520 1443 Angelus
1545 1409 1617 1436 enim
1645 1417 1738 1436 surre-

952 1454 1026 1480 xisse
1041 1453 1151 1488 quidem
1169 1452 1314 1480 Dominum
1341 1453 1475 1480 nuntiavit
1489 1461 1495 1486 ;
1512 1454 1623 1488 quando
1649 1459 1739 1481 autem

953 1499 1115 1531 surrexerit,
1132 1506 1185 1526 non
1201 1499 1339 1534 patefecit.
1356 1499 1390 1526 At
1405 1507 1521 1535 magnus
1535 1499 1676 1528 Matthteus
1692 1508 1738 1528 so-

113 1550 159 1576 lus
181 1557 214 1576 ex
242 1549 372 1576 omnibus
392 1547 568 1584 evangelistis
595 1551 703 1582 tempus
727 1551 856 1574 accurate
879 1545 1037 1580 descripsit,
1069 1545 1165 1573 dicens
1187 1545 1410 1574 Resurrectionis
1444 1546 1539 1574 horam
1563 1545 1649 1574 fuisse
1670 1546 1737 1575 Sab-

112 1596 171 1623 bati
185 1602 335 1629 vesperam.

151 1642 184 1668 Εί
197 1641 226 1667 δέ
240 1640 328 1668 ταῦτα
341 1640 434 1667 τοῦτον
448 1639 504 1675 ἔχει
517 1639 564 1666 τὸν
579 1640 689 1676 τρόπον,
711 1639 899 1676 ἕστηκενήμϊν

986 1637 1053 1671 Quae
1067 1645 1130 1665 cum
1148 1638 1186 1665 ita
1201 1646 1231 1666 se
1246 1638 1376 1670 habeant,
1391 1642 1500 1667 constat
1515 1639 1595 1667 nobis
1618 1638 1738 1674 pra‘llni-

110 1688 131 1723 ἡ
147 1686 311 1722 προθεσμία.
331 1686 385 1714 ἀπὸ
399 1686 448 1721 τῆς
463 1685 532 1721 μετὰ
550 1685 599 1722 τὴν
610 1685 749 1722 ,πέμπτην
770 1684 899 1720 ἑσπέρας,

112 1734 155 1765 είς
176 1733 225 1768 τὴν
240 1733 286 1760 τοῦ
302 1733 442 1760 Σαὸὂάτου
462 1732 582 1768 ἑσπέραν
601 1731 829 1768 διαμετρουμένου
854 1731 901 1758 τοῦ

113 1778 224 1814 χρόνου,
245 1779 296 1814 τῆς
311 1778 458 1813 ἐμϐολίμου
473 1777 570 1809 νυκτὸς
580 1796 587 1809 .
613 1777 705 1809 ’καθὼς
721 1776 840 1813 εἴρηται.
852 1777 902 1811 τὴν

113 1824 293 1859 παρασκευὴν
311 1825 351 1856 είς
373 1824 478 1860 ἡμέρας
491 1824 538 1851 δύο
556 1824 603 1851 καὶ
616 1823 701 1850 νύκτα
719 1823 784 1859 μίαν
798 1831 903 1859 κερμα-

111 1870 252 1905 τιζούσης.
269 1870 342 1897 Ἔδει
356 1870 410 1905 γὰρ
422 1870 467 1896 ἐπὶ
484 1870 531 1897 τοῦ
546 1870 722 1902 δεσπόζοντος
735 1870 764 1896 ἐν
777 1871 810 1905 τῇ
825 1869 903 1896 δυνα-

113 1917 193 1952 στείᾳ
206 1916 288 1943 αὑτοῦ
299 1916 346 1943 τοῦ
365 1916 471 1949 αἰῶνος,
492 1917 528 1952 μὴ
541 1918 596 1949 τοῖς
612 1916 836 1952 συντεταγμένοις
857 1915 901 1942 τοῦ

113 1962 212 1997 κρόνου
228 1961 337 1998 μέτροις
356 1961 391 1989 τὰ
406 1961 474 1998 ἔργα
495 1963 554 1988 κατ’
578 1962 701 1998 ἀνάγκην
717 1961 903 1999 συμπαρατεί-

111 2007 209 2034 νεσθαι
219 2014 227 2022 ·
241 2007 308 2034 ἀλλὰ
318 2007 387 2042 πρὸς
401 2006 450 2042 τὴν
461 2007 514 2034 τῶν
524 2006 608 2033 ὄντων
622 2006 716 2042 χρείαν
731 2007 902 2042 καινοτομεῖ-

113 2053 179 2080 σθαι
193 2053 239 2080 τοῦ
250 2053 346 2088 χρόνου
357 2053 391 2080 τὰ
403 2053 499 2089 μέτρα,
516 2054 564 2079 καὶ
578 2053 778 2089 συντομώτερον
789 2053 838 2089 τὴν
848 2052 903 2079 τῶν

112 2099 225 2134 ἀγαθῶν
241 2099 381 2134 ἐνέργειαν
395 2098 445 2133 τῆς
461 2098 537 2130 θείας
559 2099 699 2132 δυνάμεως
715 2099 901 2134 ἐπιτελούσης,

113 2143 287 2180 κολοϐώτερα
306 2144 353 2171 τοῦ
376 2144 472 2180 χρόνου
491 2144 678 2179 σχεδιασθῆναι
694 2145 727 2170 τὰ
743 2144 829 2180 μέτρα
841 2153 848 2159 ·
865 2144 904 2176 ὡς

115 2190 186 2225 μήτε
198 2189 327 2216 ἐλάττονα
348 2189 402 2217 τῶν
415 2190 498 2226 τριῶν
514 2190 627 2226 ἡμερῶν
647 2190 758 2217 καὶτῶν
771 2190 903 2217 τοσούτων

112 2235 220 2263 νυκτῶν
232 2235 416 2272 ἀριθμηθῆναι
429 2236 474 2262 τὸν
489 2236 594 2271 χρόνον.
625 2236 733 2272 Ἐπειδὴ
747 2236 841 2264 τοῦτον
858 2236 903 2262 τὸν

112 2280 232 2316 ἀριθμὸν
246 2281 261 2307 ό
283 2281 412 2317 μυστικὸς
431 2282 479 2309 καὶ
499 2282 656 2318 ἀπόρρητος
671 2282 795 2318 ἐπιζητεῖ
812 2282 900 2317 λόγος,

951 1688 1010 1711 tum
1027 1683 1111 1711 tridui
1127 1684 1247 1719 spatium
1262 1691 1277 1711 a
1288 1692 1400 1719 vespera
1414 1688 1476 1720 post
1494 1685 1618 1720 quintam
1642 1692 1729 1720 usque

952 1730 986 1757 ad
1012 1737 1152 1765 vesperam
1179 1729 1292 1758 Sabbati
1315 1734 1422 1765 tempus
1456 1731 1668 1759 resurrectionis
1698 1732 1736 1758 ita

951 1775 1168 1809 dimetientibus,
1198 1780 1228 1803 ut
1256 1776 1400 1811 interjecta
1419 1783 1483 1809 nOx,
1507 1777 1738 1812 quemadmodum

952 1822 1055 1849 dictum
1070 1826 1124 1855 est,
1143 1826 1369 1854 connumerctur,
1384 1830 1445 1858 quae
1457 1830 1622 1858 parasceven
1639 1823 1667 1851 in
1679 1823 1739 1850 dies

952 1868 1023 1896 duos
1037 1873 1065 1896 et
1078 1872 1187 1896 noctem
1208 1876 1290 1896 unam
1314 1869 1444 1904 partitur.
1465 1868 1584 1896 Decebat
1608 1869 1691 1901 enim,
1707 1873 1738 1896 ut

952 1913 979 1940 in
999 1913 1060 1948 ejus
1076 1914 1203 1949 imperio,
1219 1915 1266 1950 qui
1286 1915 1395 1942 saeculis
1409 1914 1577 1947 dominatur,
1603 1922 1672 1942 nova
1691 1923 1737 1941 ra-

952 1958 1027 1986 tione
1042 1959 1132 1994 spatia
1148 1959 1279 1995 temporis
1299 1960 1574 1988 accommodarentur
1590 1960 1623 1988 ad
1646 1968 1738 1988 rerum

952 2004 1109 2037 utilitatem,
1125 2012 1180 2033 non
1195 2010 1286 2033 autem
1303 2014 1348 2034 res
1360 2007 1519 2034 necessario
1537 2007 1646 2034 statutis
1670 2010 1738 2033 tem-

952 2051 1029 2085 poris
1055 2051 1183 2079 terminis
1204 2052 1427 2084 extenderentur,
1454 2056 1481 2079 et
1500 2051 1593 2078 divina
1616 2052 1737 2086 potentia

952 2095 1071 2123 celerius
1084 2096 1156 2123 bona
1169 2096 1251 2124 nobis
1264 2096 1297 2123 ad
1312 2097 1414 2124 exitum
1431 2097 1606 2132 perducente,
1629 2097 1738 2125 termini

954 2141 1085 2176 temporis
1101 2141 1138 2168 ita
1155 2142 1394 2174 contraherentur,
1412 2146 1440 2169 ut
1458 2150 1513 2170 non
1540 2143 1683 2178 pauciores
1696 2147 1737 2170 ιιι·

952 2194 1025 2219 men,
1047 2194 1128 2221 quam
1145 2191 1200 2215 tres
1219 2188 1280 2216 dies
1308 2192 1336 2216 et
1361 2189 1474 2216 totidem
1494 2193 1588 2217 noctes
1609 2190 1738 2216 contine-

952 2237 1024 2259 rent.
1041 2232 1119 2260 Hunc
1131 2234 1204 2260 enim
1221 2241 1367 2262 numerum
1381 2235 1497 2270 mystica
1511 2239 1539 2263 et
1549 2243 1650 2263 arcana
1667 2236 1739 2262 ratio

953 2278 1120 2313 postulabat.
1131 2286 1165 2306 ne
1175 2279 1255 2306 solita
1273 2279 1380 2307 dierum
1391 2285 1418 2308 et
1430 2280 1549 2308 noctium
1564 2281 1652 2316 spatia
1666 2282 1739 2309 cele-

114 2327 186 2362 μήτε
201 2326 237 2353 τὰ
258 2327 361 2362 συνήθη
381 2327 437 2354 τῶν
451 2327 563 2363 ἡμερῶν
578 2337 608 2354 τε
621 2328 669 2354 καὶ
682 2328 786 2355 νυκτῶν
801 2329 901 2364 ἀναμέ·

955 2331 1012 2352 rem
1045 2325 1144 2352 divinae
1168 2326 1280 2353 virtutis
1314 2327 1449 2355 actionem
1475 2327 1656 2356 retardarent.
1685 2329 1739 2361 Qui

113 2380 214 2399 νουσαν
228 2372 400 2408 διαστήματα
416 2373 484 2408 πρὸς
505 2373 534 2400 τὸ
548 2374 629 2408 τάχος
643 2374 692 2409 τῆς
702 2373 841 2410 ἐνεργείας
852 2374 902 2410 τὴν

113 2417 191 2444 θείαν
211 2417 403 2452 ἐμποδίζεσθαι
424 2419 546 2454 δύναμιν.
570 2419 601 2446 '0
622 2420 676 2456 γὰρ
697 2419 821 2453 ἐξουσίαν
833 2419 901 2455 ἔχων

113 2462 163 2489 καὶ
182 2462 268 2489 θεῖναι
288 2463 335 2498 ἀφ’
357 2463 454 2490 ἐαυτοῦ
472 2465 522 2500 τὴν
543 2464 632 2500 ψυχὴν
643 2466 690 2492 καὶ
700 2465 843 2492 ἀναλαϐεῖν
857 2465 901 2492 ὅτε

113 2506 250 2539 ἐϐούλετο,
275 2506 398 2538 ἐξουσίαν
422 2506 494 2543 εἶχεν
511 2508 548 2540 ὡς
572 2508 685 2544 ποιητὴς
709 2509 763 2536 τῶν
784 2509 900 2541 αἰώνων,

112 2552 176 2587 οὐχὶ
188 2552 331 2579 δουλεῦσαι
350 2553 394 2580 διὰ
406 2553 460 2580 τῶν
474 2553 561 2589 ἔργων
573 2553 613 2589 τῷ
629 2554 726 2590 χρόνῳ,
744 2554 812 2582 ἀλλὰ
823 2556 903 2590 ποιῇς

113 2605 161 2624 σαι
180 2598 251 2624 κατὰ
267 2598 302 2624 τὰ
313 2598 382 2634 ἔργα
394 2598 440 2625 τὸν
454 2599 559 2634 χρόνον.
585 2600 655 2626 Ἀλλ’
667 2600 743 2627 οῠπω
758 2600 806 2627 τοῦ
825 2601 904 2636 μεγίςξ

114 2651 180 2670 στου
192 2644 247 2671 τῶν
264 2644 417 2679 κεφαλαίων
429 2646 443 2672 ό
454 2645 532 2679 λόγος
547 2645 646 2682 ἥψατο.
664 2647 760 2682 Ζητεῖν
772 2647 827 2683 γὰρ
839 2647 903 2679 τοὺς

114 2689 365 2725 φιλομαθεστέρους
377 2690 461 2723 είκδς,
473 2690 532 2723 πῶς
547 2692 577 2717 ἐν
589 2691 627 2726 τῷ
638 2692 726 2728 χρόνῳ
738 2692 828 2727 τρισὶν
839 2693 904 2719 ἐαυ-

113 2735 159 2762 τὸν
177 2735 191 2761 ὁ
212 2735 315 2772 Κύριος
341 2736 442 2769 δίδωσι,
462 2738 494 2773 τῇ
515 2746 545 2764 τε
560 2737 659 2773 καρδίᾳ
675 2738 725 2774 τῆς
736 2739 788 2773 γῆς
802 2739 848 2765 καὶ
863 2738 902 2774 τῷ

149 2823 171 2840 ¹¹
187 2823 256 2851 Gen.
275 2831 296 2856 I,
309 2823 335 2851 5.
374 2824 396 2841 ¹²
414 2824 510 2852 Matth.
536 2828 621 2858 xxvii,
641 2825 686 2853 45.

953 2370 1026 2398 enim
1039 2374 1067 2398 et
1082 2371 1214 2406 ponendae
1226 2376 1253 2399 et
1264 2379 1374 2400 rursum
1389 2374 1528 2401 sumendae
1548 2375 1655 2407 animae,
1675 2382 1737 2402 cum

953 2416 1044 2448 vellet,
1060 2417 1178 2445 habebat
1191 2421 1365 2452 potestatem,
1378 2423 1484 2454 poterat
1499 2420 1593 2452 etiam,
1606 2424 1737 2454 tanquam

954 2462 1116 2490 saeculorum
1135 2467 1243 2497 auctor,
1255 2463 1372 2497 eliicere,
1385 2469 1414 2491 ut
1430 2465 1583 2492 actionibus
1595 2465 1652 2492 suis
1669 2469 1739 2491 teni—

954 2515 1007 2544 pus
1024 2509 1179 2542 inserviret,
1202 2517 1258 2537 non
1277 2514 1368 2537 autem
1387 2511 1511 2538 actiones
1531 2511 1656 2545 tempori.
1685 2510 1740 2536 Sed

955 2562 1047 2582 rerum
1061 2555 1241 2583 maximarum
1253 2559 1336 2591 caput
1354 2556 1474 2584 nondum
1489 2557 1641 2591 attigimus.
1669 2556 1736 2582 llluul

952 2602 1024 2628 enim
1042 2609 1056 2628 a
1071 2602 1201 2630 studiosis
1215 2603 1335 2637 oportuit
1346 2603 1515 2637 investigari,
1530 2601 1666 2637 quomodo
1683 2609 1740 2628 uno

953 2649 1103 2683 eodemque
1119 2653 1242 2684 tempore
1254 2649 1386 2677 Dominus
1406 2656 1435 2677 se
1454 2650 1544 2676 tribus
1559 2649 1602 2676 his
1621 2648 1740 2680 dederit,

953 2693 1029 2720 cordi
1042 2697 1131 2727 terrae,
1149 2694 1277 2729 paradiso
1289 2702 1351 2722 cum
1371 2695 1491 2727 latrone,
1510 2693 1655 2727 Patrisque
1679 2701 1739 2720 ma-

951 2739 1042 2767 nilius.
1063 2739 1131 2768 Nam
1145 2740 1177 2768 ad
1192 2740 1342 2776 pharisaeus
1366 2740 1491 2776 quidem,
1505 2738 1739 2775 quemadmodum,

723 2826 747 2842 ³³
775 2826 872 2854 Matth.
891 2834 987 2859 xxvm,
1007 2827 1033 2854 4,
