1938 3082
220 111 274 140 Ciz'i

823 107 851 135 S.
868 106 1032 134 GREGOBII
1050 106 1093 134 ΝΥ
1099 107 1196 135 SSENI

1801 112 1850 140 6l6

220 168 321 203 inquit,
334 166 422 194 Jonas
447 165 498 201 fuit
520 165 547 192 in
562 169 650 193 ventre
664 165 716 192 ceti
742 164 826 191 tribus
843 164 953 192 diebus:
972 165 1009 191 sit

1061 165 1218 200 παραδείσῳ
1244 165 1292 192 σὺν
1313 165 1352 201 τῷ
1365 165 1451 203 λῃστῇ
1466 166 1513 192 καὶ
1529 167 1587 197 ταῖς
1602 166 1743 202 πατρῴαις
1761 170 1849 204 χερσί.

219 215 270 242 erit
285 219 309 240 ct
323 212 413 240 Filius
423 213 536 239 homini:
548 213 575 239 in
590 212 668 238 corde
678 216 754 239 terra:
768 211 896 238 triduano
906 215 1011 245 tempo-

222 261 259 288 ris
268 260 357 294 spatio
366 259 399 285 ".
411 259 450 285 Ad
462 259 594 285 latronem
604 261 706 290 autem,
720 256 804 284 Hodie
816 264 915 283 mecum
925 256 976 282 erit
985 256 1013 282 in

220 305 348 341 paradiso
355 305 377 320 ³³
388 313 395 337 ;
407 304 440 331 ad
449 303 554 331 Patrem
567 312 641 335 vero,
651 303 682 330 In
690 311 784 329 manus
794 307 854 329 luas
860 301 1012 329 commendo

221 353 346 387 spiritum
364 359 449 378 meum
461 351 494 377 ³⁸.
512 350 596 377 Nemo
621 349 694 377 enim
710 353 758 376 aut
768 348 927 384 paradisum
940 347 1011 382 apud

222 399 326 426 inferos
339 407 399 426 esse
407 398 515 429 dixerit,
526 401 573 424 aut
585 397 688 423 inleros
700 395 726 422 in
736 395 871 430 paradiso,
881 399 910 421 ut
916 394 1010 421 eodem

223 449 346 478 tempore
366 443 511 477 utrobique
532 441 632 472 fueritl
661 445 708 467 aut
734 440 776 467 his
796 439 886 466 Patris
915 446 1012 465 manus

223 489 350 517 indicari.
363 489 396 516 At
414 489 471 516 hmc
487 488 530 523 pie
547 486 787 514 considerantibus
804 493 838 512 ne
861 485 1011 520 quaestione

223 535 334 570 quidem
348 535 464 562 fortasse
477 533 621 561 vidcantur
641 532 734 567 digna.
752 531 805 564 Qui
825 530 897 558 enim
918 531 1011 557 divina

223 580 345 615 potentia
362 587 411 606 sua
428 579 530 614 ubique
546 582 598 612 est,
616 577 639 604 is
649 582 676 604 et
689 577 771 605 rebus
782 576 858 604 adest
871 576 1010 607 omnibus,

222 630 250 652 et
264 626 339 652 nullo
350 624 506 652 excluditur
518 624 588 651 loco.
607 623 706 650 Verum
721 630 772 658 ego
783 623 917 650 rationem
929 623 1010 648 aliam

221 676 353 707 praeterea
371 671 480 698 memini
498 677 541 697 me
554 669 693 701 didicisse,
712 677 794 704 quam
809 669 897 701 vobis,
909 669 932 695 si
951 669 1010 703 pla-

218 722 276 748 cet.
299 717 418 744 breviter
442 715 594 751 explicabo.
614 715 730 747 Quando
756 714 875 749 Spiritus
898 717 1011 740 sanctus

222 763 250 789 in
275 761 416 797 Virginem
439 762 524 792 venit,
543 761 623 796 eique
649 760 786 787 Altissimi
805 760 893 786 virtus
913 760 1010 787 obum-

221 807 312 834 bravit
322 807 355 839 ⁸⁷,
376 811 406 834 ut
429 807 512 834 homo
535 814 623 834 novus
644 806 671 832 in
687 806 746 841 ipsa
772 806 939 841 gigneretur,
962 804 1010 840 qui

221 858 366 889 propterea
388 857 502 881 vocatus
521 856 563 880 est
584 860 683 885 novus,
697 852 772 887 quod
789 859 804 879 ε
831 851 886 879 Deo
910 855 1008 887 prater

217 901 363 929 .hominum
378 899 604 927 consuetudinem
620 903 729 926 creatus
749 902 801 930 est,
819 903 849 924 ut
871 897 918 926 Dei
935 901 1010 925 esset

216 946 390 974 domicilium
406 953 461 972 non
480 943 668 972 manufactum
683 953 691 978 ;
709 951 797 979 neque
811 944 884 971 enim
905 943 932 970 in
949 950 1007 970 ma—

218 993 351 1024 .nuiactis.
367 992 419 1019 hoc
432 996 484 1023 est,
500 991 641 1018 hominum
658 998 741 1026 opera
765 989 935 1017 constructis
957 989 1006 1016 Al-

215 1040 346 1068 tissimus
361 1038 510 1070 habitat",
523 1042 588 1064 tunc
605 1037 744 1072 Sapientia
763 1037 816 1064 sibi
831 1037 942 1063 domum
958 1043 1007 1063 ex-

221 1084 374 1112 asdilicante
383 1083 417 1116 ”,
433 1083 646 1111 obumbratione
671 1086 802 1117 tanquam
824 1082 895 1118 signi
921 1081 1007 1109 forma

222 1130 299 1158 intus
313 1129 428 1157 :edilicio
441 1129 602 1161 constituto,
626 1128 735 1156 duabus
747 1128 802 1156 illis
817 1129 950 1164 partibus,
974 1135 1009 1156 ex

221 1176 322 1213 quibus
337 1175 456 1202 humana
470 1178 581 1203 constat
600 1179 696 1202 natura
713 1175 853 1210 (animum
865 1179 893 1202 et
909 1181 1010 1209 corpus

223 1222 390 1258 intelligo),
415 1221 538 1257 potentia
561 1220 653 1248 divina
678 1221 826 1256 conjuncta
857 1224 920 1252 est,
949 1228 1009 1248 sese

221 1269 450 1306 ulriquepariter
476 1267 670 1295 commiscens.
686 1266 838 1302 Oportebat
862 1268 946 1299 enim,
967 1271 1008 1299 ut,

218 1324 286 1344 cum
321 1319 437 1350 utraque
467 1321 531 1349 pars
555 1320 670 1349 propter
702 1318 844 1348 peccatum
873 1314 1009 1349 supplicio

220 1361 320 1390 mortis
335 1365 409 1389 esset
423 1359 542 1388 obnoxia
556 1360 710 1395 (siquidem
725 1360 822 1387 animae
837 1367 913 1387 mors
935 1365 978 1388 est
992 1367 1008 1387 ι

220 1416 286 1436 vera
297 1409 353 1435 vita
367 1407 516 1442 seiunctio,
531 1407 657 1441 corporis
677 1411 767 1433 autem
792 1413 867 1434 mors
886 1411 929 1434 est
949 1407 1007 1441 ipsa

220 1455 362 1491 corruptio
386 1459 414 1481 et
446 1453 628 1488 dissolutio),
647 1453 802 1488 oportebat,
826 1453 949 1488 inquam,
977 1457 1008 1480 ut

219 1502 283 1528 vitae
296 1499 455 1535 coniunctio
471 1498 506 1526 ah
518 1503 636 1533 utraque
659 1501 737 1533 parte
760 1502 874 1524 mortem
890 1497 1008 1532 expelle-

218 1551 272 1574 ret.
290 1545 385 1581 Itaque
405 1545 548 1572 divinitate
564 1545 675 1579 utrique
697 1543 817 1571 hominis
837 1543 907 1578 parti
925 1551 1008 1578 copu-

220 1594 287 1625 lata.
305 1593 333 1620 in
352 1597 468 1628 utraque
483 1592 628 1628 perspicua
645 1591 805 1618 excellentis
820 1594 924 1617 natura:
939 1589 1010 1617 indi-

219 1641 263 1668 cia
289 1644 447 1675 patuerunt.
466 1640 574 1673 Corpus
592 1637 665 1664 enim
691 1640 794 1663 attactu
818 1643 870 1664 suo
898 1635 1008 1662 morbos

216 1694 334 1718 curans,
349 1685 519 1712 divinitatem
536 1692 590 1720 pra:
601 1692 631 1712 se
648 1683 752 1710 ferebat
766 1691 772 1715 ;
791 1682 901 1709 animus
916 1686 1008 1708 autem

218 1732 323 1766 potenti
338 1731 383 1758 illa
405 1731 544 1757 voluntate
566 1729 686 1756 divinam
701 1728 829 1755 virtutem
854 1727 1004 1754 indicabat.

217 1776 454 1810 Quemadmodum
471 1775 543 1803 enim
559 1774 687 1810 tangendi
704 1780 804 1801 sensus
819 1778 861 1800 est
884 1772 1008 1807 corporis

218 1824 360 1859 proprius,
377 1823 417 1850 sic
435 1822 519 1849 animi
534 1821 663 1856 proprius
676 1825 717 1848 est
736 1820 886 1847 voluntatis
907 1824 1006 1846 motus.

219 1868 335 1896 Accedit
362 1868 489 1903 lepros’us
512 1874 627 1902 corpore
653 1867 709 1901 jam
745 1866 897 1894 dissolutus
927 1870 1008 1900 atque

217 1915 372 1943 confectus.
389 1913 534 1946 Quomodo
560 1918 672 1940 Curatur
698 1919 713 1939 a
734 1912 869 1939 Domino?
893 1912 1008 1939 Animus

217 1961 289 1993 vult,
316 1959 445 1996 corpus[
465 1959 585 1994 attingit.
606 1959 729 1994 Utroque
753 1958 835 1985 modo
863 1958 1008 1992 expellitur

219 2007 343 2035 morbus.
361 2006 458 2034 Statim
480 2006 564 2039 enim,
579 2009 607 2032 ut
622 2005 756 2040 scriptum
771 2008 814 2032 est
824 2004 859 2037 ‘°,
882 2004 1008 2031 discessit

217 2054 255 2081 ab
267 2053 323 2090 eo]
339 2054 424 2088 lepra.
452 2051 572 2079 Rursum
600 2059 662 2078 cum
688 2054 727 2078 tot
751 2050 892 2077 hominum
922 2050 1008 2077 millia

218 2099 292 2135 apud
311 2107 341 2127 se
355 2097 533 2126 considerent
553 2097 580 2124 in
597 2096 757 2128 solitudine,
774 2096 861 2124 noluit
875 2103 922 2123 eos
935 2095 1008 2130 jeju-

218 2153 271 2172 nos
287 2144 434 2171 dimittere.
451 2143 576 2170 Manibus
596 2142 679 2176 igitur
706 2149 789 2176 panes
805 2142 895 2178 fregit.

1063 210 1135 244 Πρὸς
1157 210 1221 242 τοὺς
1235 210 1399 245 Φαρισαίους
1420 212 1468 246 μὲν
1483 211 1537 247 γάρ
1562 220 1654 246 φησιν.
1676 212 1717 238 ὅτι
1735 213 1850 248 ’Ὠσπερ

1069 255 1165 289 Ἰωνᾶς
1182 256 1241 291 μὲν
1255 255 1295 292 ἦν
1309 257 1344 284 ἐν
1362 257 1399 291 τῇ
1416 259 1515 291 κοιλίᾳ
1535 258 1588 285 τοῦ
1602 258 1732 293 κήτους,
1757 260 1851 293 οὕτως

1061 303 1147 329 ἔσται
1161 303 1209 329 καὶ
1221 305 1238 330 ό
1253 303 1322 337 Υἱὸς
1338 303 1392 330 τοῦ
1411 305 1568 338 ἀνθρώπου
1586 305 1621 331 ἐν
1631 305 1669 338 τῇ
1680 305 1785 340 καρδίᾳ
1798 305 1851 339 τῆς

1062 347 1128 383 γῆς,
1140 349 1209 375 κατὰ
1226 349 1255 376 τὸ
1269 351 1417 386 τριήμερον
1430 350 1478 376 τοῦ
1492 351 1587 386 χρόνου
1603 351 1741 387 διάστημα
1753 361 1759 367 ·
1782 353 1852 388 πρὸς

1061 395 1106 422 τὸν
1121 395 1233 432 λῃστὴν,
1248 396 1290 422 ὅτι
1305 396 1440 430 Σήμερον
1450 398 1515 431 μετ’
1530 397 1603 432 ἐμοῦ
1613 398 1670 432 ἔσῃ
1685 398 1720 424 ἐν
1739 398 1780 431 τῷ
1796 407 1850 425 πα-

1057 439 1189 474 ραὸείσῳ
1200 449 1206 456 ·
1223 441 1292 476 πρὸς
1307 441 1334 468 δὲ
1348 441 1393 468 τὸν
1416 441 1536 478 Πατέρα,
1555 442 1597 468 ὅτι
1618 445 1670 476 εις
1680 444 1782 478 χεῖράς
1792 453 1850 471 σου

1061 487 1239 521 παρατίθημι
1259 487 1293 514 τὸ
1312 487 1431 523 πνεῦμά
1447 497 1517 523 μου.
1536 489 1604 516 Οὔτε
1625 491 1678 525 γὰρ
1695 492 1724 517 ἐν
1737 491 1851 527 ὑποχθο-

1061 533 1126 565 νίοις
1138 540 1180 565 τις
1195 533 1228 561 ἂν
1246 533 1292 561 τὸν
1315 534 1497 570 παράδεισον,
1523 535 1583 562 οὔτε
1603 537 1633 563 ἐν
1649 538 1806 573 παραδείσῳ
1816 539 1851 565 τὰ

1061 580 1208 616 ὐποχθόνια
1220 589 1226 596 ·
1245 580 1315 608 ὥστε
1333 581 1404 608 κατὰ
1428 581 1525 609 ταύτὸν
1545 583 1574 608 ἐν
1590 582 1756 619 ἀμφοτέροις
1769 584 1849 617 εἶναι,

1060 626 1076 661 ἢ
1093 628 1170 662 χεῖρα
1181 627 1228 654 τοῦ
1240 627 1344 662 Πατρδς
1359 627 1484 662 λέγεσθαι
1497 628 1592 655 ταῦτα.
1613 629 1694 656 Ἀλλὰ
1701 629 1779 656 τοῦτο
1790 631 1849 665 μὲν,

1061 671 1090 697 ἐν
1105 673 1161 704 τοῖς
1185 672 1305 704 εὐσεϐῶς
1326 673 1510 708 λογιζομένοις
1531 674 1611 709 τυχὸν
1629 675 1690 701 οὐδέ
1710 674 1851 710 ζητήσεως

1060 717 1143 749 ἄξιον.
1167 718 1197 744 '0
1212 718 1266 754 γὰρ
1283 719 1421 754 πανταχοῦ
1435 719 1472 746 ῶν
1489 719 1533 746 διὰ
1545 720 1595 754 τῆς
1606 720 1681 752 θείας
1697 721 1850 756 δυνάμεως,

1061 763 1107 789 καὶ
1120 763 1202 790 παντὶ
1216 765 1332 800 πάρεστι
1344 765 1392 791 καὶ
1409 765 1514 796 οὐδενὸς
1529 766 1715 793 ἀπολείπεται.
1737 766 1808 800 Ἐγὼ
1821 767 1851 793 δὲ

1061 810 1107 836 καὶ
1120 809 1213 845 ἓτερον
1226 807 1285 837 οἶδα
1302 811 1382 844 λόγον
1399 811 1462 846 περὶ
1474 811 1568 838 τούτου
1585 811 1689 846 μαθὼν,
1706 813 1736 838 δν
1755 812 1850 847 βουλο-

1064 856 1153 890 μένοις
1164 856 1228 892 ὑμϊν
1240 856 1274 883 δι’
1285 856 1382 891 ὀλίγων
1395 857 1554 893 ἐκθήσομαι.
1568 859 1632 885 Ὂτε
1645 856 1727 894 ἦλθεν
1739 859 1785 885 ἐπὶ
1800 859 1851 894 τὴν

1062 901 1198 936 Παρθένον
1217 902 1247 929 τὸ
1265 902 1377 938 Πνεῦμα
1395 903 1426 930 τὺ
1442 903 1530 937 ἅγιον,
1546 905 1592 930 καὶ
1612 905 1628 939 ή
1651 905 1697 931 τοῦ
1721 905 1850 939 Ὑψίστου

1062 947 1175 983 δύναμις
1189 948 1258 984 αὐτῇ
1272 949 1444 982 ἐπεσκίασεν,
1460 949 1506 976 ἐπὶ
1520 950 1559 984 τῷ
1574 950 1619 976 τὸν
1636 951 1729 977 καινὸν
1744 951 1851 986 ἄνθρω-

1063 1001 1112 1019 πον
1133 993 1162 1020 ἐν
1178 993 1246 1028 αὐτῇ
1262 996 1392 1030 συστῆναι
1405 995 1469 1030 (τὸν
1487 995 1531 1021 διὰ
1544 995 1622 1023 τοῦτο
1634 996 1726 1023 καινὸν
1742 996 1851 1031 ὠνομα-

1063 1039 1171 1074 σμένον,
1186 1039 1226 1066 ὄτι
1242 1040 1312 1066 κατὰ
1321 1040 1387 1067 Θεὸν
1406 1040 1528 1076 ἐκτίσθη,
1547 1042 1576 1067 οὑ
1587 1041 1657 1068 κατὰ
1676 1041 1851 1077 ἀνθρωπίνην

1063 1084 1216 1121 συνήθειαν,
1231 1085 1302 1112 ὥστε
1328 1085 1452 1120 γενέσθαι
1473 1085 1539 1113 Θεοῦ
1556 1087 1657 1122 δοχεῖον
1679 1087 1852 1122 ἀχειροποίη-

1061 1139 1107 1157 τον
1119 1138 1127 1146 ·
1145 1131 1176 1157 οὐ
1193 1131 1246 1166 γὰρ
1265 1133 1386 1158 κατοικεῖ
1398 1132 1428 1158 ἐν
1440 1133 1648 1167 χειροποιήτοις,
1661 1134 1716 1164 τοῖς
1732 1133 1784 1158 ὑπὸ
1799 1133 1851 1158 ἀν-

1061 1176 1187 1210 θρώπων,
1201 1176 1284 1211 λέγω,
1296 1177 1568 1213 κατεσκευασμένοις,
1581 1179 1595 1204 ὁ
1611 1177 1752 1213 Ὕψιστος)
1763 1187 1770 1194 ι
1787 1179 1850 1205 τότε

1060 1222 1154 1253 αὐτοῖς
1173 1222 1219 1249 τὸν
1240 1221 1313 1249 οἷκον
1330 1223 1379 1258 τῆς
1398 1223 1496 1257 Σοφίας
1516 1223 1720 1259 οίκοδομούσης,
1745 1224 1793 1250 καὶ
1810 1224 1851 1259 τῷ

1060 1267 1110 1302 τῆς
1126 1267 1265 1303 δυνάμεως
1280 1268 1483 1304 ἀποσκιασματι
1498 1268 1580 1295 οἱονεὶ
1601 1269 1677 1304 τύπῳ
1700 1269 1852 1305 σφραγῖδος

1060 1314 1166 1341 ἔνδοθεν
1187 1313 1459 1350 καταμορφωθέντος,
1481 1315 1541 1341 τότε
1562 1315 1736 1351 ἀμφοτέροις,
1758 1315 1791 1341 δι’
1813 1311 1851 1341 ὧν

1060 1361 1077 1395 ἠ
1093 1359 1251 1395 ἀνθρωπίνη
1269 1359 1350 1395 φύσις
1365 1360 1512 1395 συνέστηκε
1524 1361 1612 1396 (ψυχῇ
1631 1370 1679 1392 τε,
1698 1361 1770 1395 λέγω
1781 1381 1789 1392 ,
1802 1362 1851 1387 καὶ

1060 1405 1202 1440 σώματι),
1227 1406 1243 1441 ἡ
1265 1405 1324 1432 θεία
1352 1407 1548 1442 κατακιρνᾶται
1574 1406 1698 1442 δύναμις,
1726 1407 1851 1442 ἐκατέρῳ

1061 1452 1234 1488 καταλλήλως
1257 1453 1355 1489 ἑαυτὴν
1380 1453 1564 1488 καταμίξασα.
1606 1453 1681 1480 Ἔδει
1711 1453 1766 1488 γὰρ
1795 1454 1850 1480 τῶν

1060 1498 1106 1525 δύο
1124 1498 1226 1525 τούτων
1246 1498 1291 1525 διὰ
1307 1499 1356 1534 τῆς
1376 1500 1516 1535 παρακοῆς
1535 1500 1726 1534 νεκρωθέντων
1743 1500 1849 1535 (ἐπειδὴ

1060 1545 1194 1580 νέκρωσις
1220 1542 1273 1580 ἦν,
1298 1545 1347 1580 τῆς
1371 1546 1419 1580 μὲν
1439 1545 1527 1581 ψυχῆς
1550 1546 1566 1581 ἡ
1595 1545 1644 1580 τῆς
1667 1545 1753 1577 ὅντως
1776 1545 1849 1580 ζωῆς

1059 1590 1233 1626 ἀλλοτρίωσις
1246 1600 1252 1606 ·
1262 1590 1309 1618 τοῦ
1327 1591 1450 1626 σώματος
1464 1591 1492 1618 δὲ
1506 1592 1522 1627 ή
1541 1592 1627 1627 φθορά
1640 1599 1670 1618 τε
1697 1591 1744 1618 καὶ
1762 1591 1849 1618 διάλυ-

1061 1639 1125 1671 σις),
1139 1637 1303 1673 ἀμφοτέρων
1325 1637 1427 1664 τούτων
1440 1638 1473 1672 τῇ
1491 1637 1616 1672 ἐπιμιξίᾳ
1633 1637 1682 1672 τῆς
1697 1637 1770 1672 ζωῆς
1785 1637 1850 1669 ἐξοι-

1061 1683 1188 1717 κισθῆναι
1201 1682 1247 1709 τὸν
1259 1682 1384 1709 θάνατον.
1407 1682 1478 1718 Πρὸς
1493 1683 1622 1717 ἑκάτερον
1635 1682 1724 1709 τοίνυν
1736 1682 1790 1708 τῶν
1803 1682 1847 1708 τοῦ

1059 1728 1202 1764 ἀνθρώπου
1212 1729 1364 1764 τμημάτων
1377 1728 1550 1764 καταλλήλως
1559 1729 1608 1764 τῆς
1624 1729 1749 1764 θεότητος
1766 1729 1797 1763 ἐμ
1805 1737 1848 1763 μι-

1058 1775 1185 1810 χθείσης,
1209 1775 1243 1801 δι’
1271 1775 1434 1810 ἀμφοτέρων
1456 1775 1570 1810 ἐπίδηλα
1595 1775 1643 1810 τῆς
1663 1775 1849 1810 ὑπερεχούσης

1059 1821 1166 1856 φύσεως
1186 1821 1222 1848 τὰ
1243 1822 1421 1857 γνωρίσματα
1440 1819 1483 1857 ἦν.
1516 1821 1552 1847 Τὸ
1568 1822 1616 1856 μὲν
1632 1822 1685 1855 γὰρ
1707 1821 1787 1856 σῶμα
1802 1821 1848 1855 τὴν

1059 1868 1088 1893 ἐν
1105 1867 1180 1902 αὐτῷ
1196 1867 1311 1901 θεότητα
1327 1867 1372 1893 διὰ
1387 1867 1435 1901 τῆς
1463 1867 1534 1902 ἁφῆς
1546 1867 1595 1898 τὰς
1611 1867 1696 1898 ἰάσεις
1720 1866 1849 1901 ἐνεργοῦν

1059 1914 1239 1948 ἐπεσήμαινεο
1248 1913 1265 1947 ἡ
1275 1912 1303 1938 δὲ
1311 1912 1384 1947 ψυχὴ
1393 1912 1431 1947 τῷ
1441 1912 1545 1947 δυνατῷ
1556 1913 1650 1947 ἐκείνῳ
1660 1911 1794 1948 θελήματι
1803 1912 1849 1946 τὴν

1059 1959 1135 1986 θείαν
1153 1958 1320 1985 ἐνεδείκνυτο
1338 1958 1462 1993 δύναμιν.
1494 1959 1598 1994 Ὥσπερ
1614 1959 1668 1993 γὰρ
1685 1959 1702 1993 ἡ
1716 1958 1786 1984 κατὰ
1801 1958 1849 1993 τὴν

1058 2005 1131 2040 ἁφὴν
1145 2003 1270 2038 αἴσθησις
1282 2003 1330 2030 τοῦ
1345 2003 1469 2039 σώματός
1481 2005 1554 2030 ἐστιν
1571 2003 1634 2036 ιδία,
1647 2003 1719 2030 οὕτω
1734 2004 1782 2030 καὶ
1798 2003 1847 2038 τῆς

1059 2051 1149 2086 ψυχῆς
1172 2051 1189 2086 ή
1211 2050 1280 2077 κατὰ
1304 2051 1463 2086 προαίρεσιν
1483 2050 1600 2085 κίνησις.
1632 2049 1816 2085 Προσὲρχεται
1833 2050 1848 2075 ὁ

1059 2097 1159 2133 λεπρὸς
1173 2096 1342 2132 διερρυηκὼς
1357 2097 1408 2132 ήδη
1423 2098 1470 2124 καὶ
1483 2096 1666 2132 ὴχρειωμένος
1677 2096 1717 2131 τῷ
1731 2096 1845 2131 σώματι.

1060 2143 1122 2174 Πῶς
1137 2142 1240 2177 γίνεται
1260 2142 1306 2168 ἐπὶ
1325 2142 1419 2169 τούτου
1440 2142 1516 2178 παρὰ
1536 2142 1583 2168 τοῦ
1600 2142 1704 2177 Κυρίου
1726 2143 1742 2176 ἡ
1759 2143 1846 2173 ίασις;

222 2190 258 2216 Ἦ
268 2189 342 2224 ψυχὴ
356 2188 428 2215 θέλει
442 2190 489 2216 καὶ
506 2188 536 2214 τὸ
550 2187 628 2223 σῶμα
639 2207 649 2214 .
659 2209 665 2216 .
677 2208 684 2215 .
698 2189 714 2223 ἡ
730 2188 827 2223 λέπρα.
850 2188 935 2215 Πάλιν
947 2190 1010 2221 τοὺς
1030 2191 1058 2217 ἐν
1072 2189 1182 2220 πολλαῖς
1198 2188 1299 2223 χιλιάσι
1312 2187 1382 2215 κατὰ
1390 2188 1439 2223 τὴν
1454 2187 1556 2223 ἔρημον
1583 2187 1657 2222 αὐτῷ
1686 2187 1844 2222 προσεδρεύ-

220 2242 330 2266 σαντας,
353 2233 486 2260 ἀπολῦσαι
507 2233 555 2268 μὲν
579 2235 688 2268 νήστεις
716 2234 746 2259 οὐ
762 2233 852 2260 θέλειο
875 2235 936 2265 ταῖς
966 2235 1044 2270 χερσὶ
1062 2234 1090 2261 δὲ
1106 2234 1248 2261 διακλᾶται
1258 2234 1319 2264 τοὺς
1334 2234 1442 2268 ἄρτους.

255 2280 339 2308 Vides
357 2280 494 2315 quomodo
524 2279 652 2307 divinitas
677 2279 785 2315 utrique
802 2280 871 2315 parti
894 2281 1007 2315 conjun-
1023 2282 1045 2310 ι)

217 2331 265 2354 cla
281 2333 330 2361 per
342 2329 485 2359 utramque
499 2324 665 2356 declaratur,
687 2332 750 2351 cum
767 2328 794 2352 et
816 2332 916 2360 corpus
933 2329 1008 2360 agat,

216 2377 248 2400 et
275 2372 384 2400 animus
401 2372 488 2398 velit?
516 2370 614 2398 Verum
639 2378 693 2398 non
717 2375 759 2398 est
773 2379 887 2399 necesse
919 2375 949 2398 ut
964 2379 1009 2399 res

217 2425 317 2445 omnes
341 2417 514 2444 admirandas
538 2417 634 2444 eodem
650 2421 730 2451 pacto
758 2417 892 2452 periectas
913 2425 1010 2444 recen-

217 2472 342 2491 seamus.
359 2462 429 2490 Sunt
445 2463 517 2490 enim
536 2463 664 2490 omnibus
682 2467 764 2490 notae.
777 2462 959 2495 Quamobrem
975 2462 1009 2490 ad

218 2510 260 2542 id,
273 2509 352 2544 cujus
367 2509 454 2544 gratia
470 2509 527 2536 haec
543 2516 789 2536 commemoramus
800 2529 808 2541 ,
829 2512 1007 2536 revertemur.

219 2555 364 2590 Quomodo
397 2555 493 2583 eodem
513 2559 636 2590 tempore
655 2559 682 2582 et
711 2555 782 2589 apud
801 2554 913 2587 inferos,
932 2559 958 2582 et
982 2556 1010 2582 in

219 2602 349 2637 paradiso
361 2601 492 2629 Dominus
513 2601 606 2634 fuerit,
631 2601 773 2636 quaeritur.
797 2601 882 2635 Cujus
899 2601 1009 2636 quidem

221 2648 381 2684 quastionis
390 2655 443 2675 una
455 2647 556 2675 solutio
566 2651 618 2678 est,
637 2650 666 2674 ut
680 2646 815 2678 dictionis.
830 2647 896 2674 nihil
918 2647 1009 2674 avium

223 2698 269 2721 aut
285 2694 456 2720 inaccessum
475 2700 536 2720 esse
547 2692 612 2724 Deo.
629 2692 724 2727 inquo
741 2692 831 2719 omnia
843 2693 1007 2720 consistunt.

259 2793 281 2808 "
297 2793 390 2819 Matth.
409 2801 458 2823 xu.
477 2794 521 2821 ΔΟ.
560 2795 582 2810 ³⁵
600 2794 665 2820 Luc.
693 2802 770 2822 ΧΧΙΗ,
796 2794 839 2821 45.

223 2828 246 2843 ⁸⁸
263 2828 357 2855 Matth.
380 2836 437 2861 rm,
459 2830 485 2856 5.
524 2829 544 2845 "
566 2829 660 2857 Matth.
678 2837 722 2862 xv,
737 2829 771 2856 52
785 2837 844 2864 sqq.

1100 2279 1181 2315 Ὁρᾷς
1203 2279 1262 2311 πῶς
1281 2279 1314 2306 δι’
1327 2279 1489 2315 ἀμφοτέρων
1501 2280 1518 2314 ὴ
1535 2280 1564 2305 ἐν
1583 2279 1706 2314 ἐκατέρῳ
1723 2288 1847 2315 συμπαρ-

1060 2325 1218 2361 ομαρτοῦσα
1238 2325 1333 2360 θεότης
1353 2325 1545 2361 δημοσιεύεται
1557 2345 1565 2357 ,
1580 2325 1619 2360 τῷ
1642 2334 1672 2352 τε
1693 2326 1846 2360 ἐνεργοῦντι

1059 2372 1175 2408 σώματι,
1194 2373 1242 2399 καὶ
1263 2374 1296 2408 τῇ
1311 2373 1383 2408 ὁρμῇ
1405 2372 1451 2398 τοῦ
1468 2373 1498 2400 ἐν
1514 2373 1548 2407 τῇ
1563 2372 1634 2407 ψυχῇ
1647 2372 1791 2407 γινομένου
1805 2372 1844 2398 θε-

1057 2417 1188 2453 λήματος.
1211 2418 1266 2444 Καὶ
1276 2417 1303 2445 τί
1328 2419 1380 2453 χρὴ
1397 2418 1486 2444 πάντα
1498 2417 1622 2450 διεξιέναι
1639 2417 1710 2444 αὐτὰ
1723 2417 1845 2452 θαύματα

1057 2463 1242 2498 ὁμοιοτρόπως
1267 2462 1480 2498 ἐπιτελούμενα,
1503 2464 1560 2494 τοῖς
1576 2462 1723 2498 προδήλοις
1739 2463 1845 2497 ἐνασχο-

1059 2509 1156 2536 λοῦντα
1178 2510 1226 2536 τὸν
1252 2509 1349 2544 λόγονς
1374 2510 1443 2536 Ἀλλ’
1463 2507 1494 2537 οὗ
1516 2510 1594 2545 χάριν
1618 2509 1674 2536 τῶν
1696 2510 1844 2545 εἰρημένων

1059 2555 1208 2592 ἐμνήσθην,
1228 2556 1297 2592 πρὸς
1318 2557 1406 2583 ἐκεῖνο
1417 2556 1464 2583 καὶ
1485 2557 1684 2592 μταὸήσομαι.
1700 2555 1765 2587 Πῶς
1779 2555 1843 2582 κατὰ

1057 2602 1155 2628 ταύτὸν
1175 2602 1222 2629 καὶ
1237 2603 1267 2628 ὲν
1288 2602 1328 2637 τῷ
1349 2602 1399 2638 ᾄδῃ
1418 2602 1466 2629 καὶ
1481 2603 1510 2629 ἐν
1525 2601 1565 2637 τῷ
1580 2601 1738 2637 παραδείσῳ
1759 2602 1773 2628 ὁ
1797 2600 1842 2627 Κύ-

1059 2655 1117 2682 ριος
1128 2657 1136 2681 ;
1148 2645 1185 2675 Οὗ
1202 2648 1359 2684 ζητήματος
1371 2648 1448 2680 λύσις
1461 2648 1520 2675 ἐστὶ
1533 2648 1592 2684 μία,
1606 2648 1637 2674 τὺ
1653 2647 1739 2683 μηδὲν
1750 2646 1841 2674 ἄϐατον

1058 2691 1127 2720 εἶναι
1142 2693 1217 2730 Θεῷ,
1241 2695 1271 2721 ἐν
1291 2691 1313 2729 ᾧ
1333 2695 1368 2722 τὰ
1389 2695 1478 2722 πάντα
1492 2694 1666 2730 συνέστηκεν.
1698 2692 1796 2728 Ἑτέρα
1816 2690 1840 2718 δὲ

878 2795 900 2810 ⁸⁸
914 2796 991 2830 ibid,

1091 2796 1112 2813 ³⁷
1127 2796 1192 2824 Luc.
1209 2805 1226 2830 ι,
1252 2798 1295 2825 55.
1337 2798 1358 2814 ³⁵
1373 2797 1432 2824 Act.
1456 2805 1519 2828 xvu,
1535 2796 1580 2823 26.
1619 2796 1640 2811 ³⁸
1658 2795 1741 2822 Prov.
1766 2802 1800 2826 ix,
1816 2793 1836 2820 l.
