1938 3082
85 91 141 119 617

84 150 157 185 πρὶς
171 149 205 185 ἣν
221 148 268 176 νῦν
281 150 295 176 ὁ
310 149 387 184 λόγος
401 151 495 186 βλέπει
508 160 514 166 ’

82 194 133 220 τοῦ
149 193 218 221 Θεοῦ
240 195 284 222 διὰ
307 195 359 230 τῆς
374 197 442 231 πρὸς
455 197 551 224 ἑαυτὸν
577 197 755 233 ἀνακράσεως
773 198 814 229 εἰς
833 197 883 232 τὴν

83 241 162 268 θείαν
178 242 259 276 φύσιν
273 244 538 276 μετασκευάσαντος,
555 244 584 270 ὲν
597 243 636 279 τῷ
650 244 739 280 καιρῷ
749 244 798 280 τῆς
813 245 883 271 κατὰ

82 287 116 314 τὸ
130 288 216 319 πάθος
238 289 394 324 οἰκονομίας
409 289 440 315 οὐ
457 289 573 324 θατέρου
589 290 688 326 μέρους
708 290 739 316 τὸ
752 290 826 322 ἅπαξ
838 291 883 324 ἑγ-

82 333 187 369 κραθὲν
205 333 382 370 ἀνεχώρησεν
397 334 607 370 (ἀμεταμέλητα
618 335 673 370 γὰρ
688 335 735 362 τοῦ
750 335 817 362 Θεοῦ
845 336 882 362 τὰ

81 380 271 415 χαρίσματα)·
299 380 368 408 ἀλλὰ
389 381 437 416 τὴν
458 382 507 417 μὲν
523 381 614 418 ψυχὴν
639 382 686 409 τοῦ
709 383 846 418 σώματος,
865 384 882 419 ἡ

81 426 182 460 θεότης
197 426 329 458 ἑκουσίως
339 426 487 460 διέξευξεν,
505 428 605 463 ἑαυτὴν
624 428 653 454 δὲ
669 430 698 454 ἐν
716 428 882 463 ἀμζοτέροις

82 472 221 508 μένουσαν
236 472 347 505 ἔδειξεν.
380 473 429 500 Διὰ
450 474 499 509 μὲν
517 474 572 510 γὰρ
597 474 643 501 τοῦ
666 474 801 510 σώματος,
818 475 847 501 ἐν

79 519 134 554 τὴν
151 520 183 546 ἐκ
195 519 240 545 τοῦ
251 519 367 546 θανάτου
384 520 559 556 καταφθορὰν
574 521 624 548 οὐκ
641 521 760 555 ἐδέξατο.
775 523 881 558 κατήρ-

79 572 155 599 γησε
180 564 225 590 τὸν
247 564 344 600 ἔχοντα
358 565 405 591 τοῦ
421 565 536 593 θανάτου
552 567 583 593 τὸ
598 568 708 602 κράτος,
731 567 776 595 διὰ
792 568 820 594 δὲ
831 569 882 603 τῆς

78 611 174 646 ψυχῆς
187 611 338 646 ὡδοποίησε
360 611 400 647 τῷ
420 612 505 648 λῃστῇ
525 613 574 648 τὴν
594 613 640 639 ἐπὶ
654 613 700 640 τὸν
717 615 882 650 παράδεισον

79 657 187 684 εἴσοδον
197 666 205 673 ο
230 657 276 684 καὶ
287 658 322 684 τὰ
333 658 380 684 δύο
395 659 456 685 κατ’
472 659 554 686 αὐτὸν
567 660 730 696 ἐνεργεῖται,
745 661 779 687 δι’
793 661 882 695 ἀμερο-

78 705 172 740 τέρων
188 705 238 740 τῆς
253 705 380 741 θεότητος
392 706 424 732 τὸ
439 706 542 740 ἀγαθὸν
554 707 752 742 κατορθούσης’
769 708 815 734 διὰ
832 709 882 743 μὲν

78 751 134 785 τῆς
153 751 200 777 τοῦ
215 750 341 786 σώματος
355 751 522 788 ἀφθαρσίας,
538 753 587 788 τὴν
601 752 649 778 τοῦ
666 752 780 780 θανάτου
800 754 883 780 κατά-

78 796 161 823 λυσιν
175 805 181 811 ·
196 796 240 824 διὰ
255 796 283 823 δὲ
298 797 347 831 τῆς
359 796 449 831 ψυχῆς
465 797 534 832 πρὸς
546 796 594 832 τὴν
616 798 684 824 ἰδίαν
699 799 792 824 ἑστίαν
807 799 882 824 ἐπει-

79 844 214 879 γομένης,
229 843 279 879 τὴν
293 844 340 870 ἐπὶ
352 843 398 870 τὸν
416 844 578 878 παράδεισον
594 845 648 871 τῶν
662 845 814 880 ἀνθρώπων
827 847 877 872 ἐττ-
898 832 918 861 Β

79 890 187 917 ἄνοδον.
217 889 294 916 Ἐπεὶ
314 887 361 916 οὖν
382 889 492 916 διπλοῦν
510 890 559 924 μὲν
581 890 611 917 τὸ
631 891 800 927 ἀνθρώπινον
816 892 881 926 σύγ-

79 945 192 972 κραμα,
205 935 279 972 ἁπλῆ
296 936 324 962 δὲ
340 937 387 963 καὶ
400 936 538 972 μονοειδὴς
554 938 571 972 ἡ
586 937 636 972 τῆς
651 937 776 974 θεότητος
788 938 878 972 φύσις,

79 984 111 1009 ἐν
131 982 172 1018 τῷ
184 982 273 1018 καιρῷ
288 982 339 1016 τῆς
351 982 398 1009 τοῦ
411 983 536 1017 σώματος
550 982 604 1009 ἀπὺ
617 983 668 1018 τῆς
677 983 765 1018 ψυχῆς
777 983 881 1016 διαζεύ-

78 1029 152 1061 ξεως
163 1049 170 1061 ,
189 1029 219 1055 οὗ
236 1028 452 1063 συνδιασχίζεται
469 1027 508 1063 τῷ
523 1028 643 1064 συνθέτῳ
662 1029 693 1055 τὺ
715 1029 879 1065 ἀδιαίρετον,

77 1075 154 1103 ἀλλὰ
171 1075 201 1101 τὸ
215 1074 333 1110 ἔμπαλιν
353 1074 466 1108 γίνεται.
499 1075 538 1111 Τῇ
558 1074 613 1110 γὰρ
628 1075 733 1111 ἑνότητι
746 1075 795 1111 τῆς
805 1076 881 1108 θείας

79 1121 194 1155 φύσεως
206 1123 256 1157 τῆς
269 1121 339 1148 κατὰ
353 1121 384 1148 τὸ
397 1119 456 1148 ἴσον
468 1122 497 1148 ὲν
511 1121 677 1158 ἀμφοτέροις
690 1121 784 1158 οὔσης,
800 1123 882 1150 πάλιν

79 1169 153 1204 πρὸς
168 1168 269 1204 ἄλληλα
285 1167 319 1194 τὰ
331 1168 463 1194 διεστῶτα
478 1168 643 1203 συμφύεται.
657 1169 712 1196 Καὶ
722 1169 794 1196 οὕτω
809 1170 882 1204 γίνε-

77 1223 139 1245 ται,
148 1216 163 1242 ὁ
176 1215 289 1245 θάνατος
298 1214 358 1249 μὲν,
373 1215 404 1240 ἐκ
419 1214 469 1249 τῆς
479 1213 533 1240 τῶν
545 1215 764 1250 συμπεφυκότων
779 1215 882 1251 διαιρέ-

80 1258 167 1292 σεως·
186 1261 202 1296 ή
218 1259 366 1291 ἀνάστασις
381 1259 420 1290 δὲ,
430 1260 463 1286 ἐκ
478 1259 529 1294 Ιιῆς
542 1260 596 1286 τῶν
612 1260 802 1297 διαιρεθέντων
816 1261 882 1288 ἑνώ-

81 1315 167 1338 σεως.
201 1307 232 1333 Εἰ
256 1306 284 1332 δὲ
307 1305 398 1341 ζητεῖς
418 1305 477 1337 πῶς
499 1306 528 1331 ὲν
547 1305 586 1340 τῷ
610 1306 767 1342 παραδείσῳ
784 1306 832 1338 ὢν,
852 1308 882 1333 ἐν

79 1353 144 1384 ταῖς
159 1352 239 1387 χερσὶ
249 1351 297 1377 τοῦ
311 1351 418 1386 Πατρὶς
435 1350 530 1376 ἑαυτὸν
543 1351 735 1386 παρατίθεται,
747 1353 882 1387 ἑρμηνεύ-

82 1408 126 1425 σει
141 1408 183 1426 σοι
197 1399 211 1425 ὁ
223 1398 322 1433 ὑψηλὸς
341 1398 454 1429 Ἡσαΐας
469 1398 499 1424 τὸ
515 1398 691 1433 περὶτούτων
705 1399 786 1434 ζητού
791 1408 880 1434 μενον.

81 1443 155 1471 Εἷπε
172 1443 228 1479 γὰρ
249 1444 352 1474 ἐκεῖνος
367 1443 400 1469 ἐκ
420 1444 568 1478 προσώπου
592 1443 639 1470 τοῦ
659 1444 726 1471 Θεοῦ
753 1446 816 1480 περὶ
834 1446 882 1480 τῆς

81 1491 142 1517 ἄνω
163 1489 358 1526 Ἰερουσαλὴμ,
379 1489 412 1522 ἦν
425 1489 474 1514 οὐκ
499 1489 582 1523 ἀλλην
596 1490 672 1526 παρὰ
690 1490 736 1517 τὸν
752 1491 881 1526 παραδει-

83 1546 131 1563 σον
147 1535 218 1563 εἶναι
235 1535 409 1571 πιστεύομεν,
422 1535 463 1561 ὃτι
481 1535 543 1562 Ἐπὶ
556 1535 616 1562 τῶν
626 1537 733 1570 χειρῶν
744 1546 804 1571 μου
817 1537 882 1568 ἐζω-

83 1582 228 1617 ςφάρησά
247 1591 305 1609 σου
325 1582 360 1608 τὰ
384 1583 481 1616 τείχη.
511 1582 541 1607 Εἰ
562 1579 608 1609 οὖν
621 1583 650 1608 ὲν
667 1584 726 1613 ταῖς
739 1583 817 1618 χερσὶ
835 1583 881 1609 τοῦ

84 1629 196 1664 Ιιατρὺς
213 1629 435 1664 περιγέγραπται
454 1630 470 1662 ἡ
490 1628 678 1663 Ἰερουσαλὴμ,
693 1628 755 1664 ἥτις
777 1629 850 1655 ἐστὶν
869 1630 884 1654 ὁ

86 1674 266 1710 παράδεισος,
279 1674 402 1710 δηλονότι
420 1675 434 1700 ὁ
449 1674 477 1700 ὲν
493 1674 649 1709 παραδείσῳ
666 1674 808 1709 γενόμενος
825 1675 883 1706 ταῖς

85 1721 232 1756 πατρῴαις
255 1721 364 1752 πάντως
386 1720 553 1746 ἐνδιαιτᾶται
577 1720 734 1756 παλάμαις,
760 1721 789 1747 ἐν
805 1718 881 1756 αἴςὴ

85 1768 149 1795 θεία
163 1768 238 1799 πόλις
259 1767 307 1803 τὴν
323 1766 497 1802 περιγραφὴν
513 1767 580 1802 ἔχει.
597 1768 651 1794 Καὶ
673 1767 760 1794 ταῦτα
775 1767 824 1801 μὲν
843 1768 884 1798 εἰς

83 1815 226 1845 τοσοῦτον.
748 1814 752 1819 ⁵

123 1859 237 1886 ’Όσαδὲ
260 1860 314 1886 τῶν
336 1860 475 1887 Ἰουδαίων
499 1859 637 1895 ἀκούομεν
661 1859 884 1895 κατατρεχόντων

84 1907 116 1934 ἐν
141 1907 244 1942 σφοδρᾷ
265 1907 419 1943 κατηγορίᾳ
447 1906 494 1933 τοῦ
521 1906 665 1941 δόγματος,
689 1906 763 1938 ἄξιον
785 1905 818 1932 ἂν
842 1905 883 1941 εἴη

86 1953 248 1989 προσθεῖναι
266 1953 309 1980 διὰ
325 1953 448 1989 βραχέων
459 1953 497 1988 τῷ
507 1953 588 1987 λόγῳ.
605 1953 722 1988 Λέγουσι
735 1953 790 1988 γὰρ
803 1954 832 1979 ὲν
846 1952 894 1987 τῷ

86 2000 156 2034 περὶ
175 1998 223 2025 τοῦ
240 1999 336 2034 Πάσχα
349 1999 421 2034 λόγῳ
431 2000 487 2030 τοῖς
505 1999 641 2030 Ἰουδαίοις
657 1998 884 2034 νενομοθετῆσθαι

84 2047 166 2083 παρὰ
184 2047 232 2073 ’τοῦ
243 2047 382 2078 Μωῦσέως
393 2047 443 2081 τὴν
457 2047 756 2082 τεσσαρεσκαιδεκάτην
776 2045 823 2073 τοῦ
839 2054 884 2072 σε-

85 2093 201 2128 ληναίου
213 2093 312 2129 δρόμου
335 2093 472 2128 περίοδον,
493 2094 540 2119 καὶ
552 2093 606 2120 τῶν
622 2093 693 2119 ἑπτὰ
712 2092 823 2128 ἡμερῶν
836 2093 885 2126 τὴν

83 2140 297 2174 ὰζυμοφαγίαν,
323 2140 370 2166 καὶ
386 2140 451 2174 ὄψον
475 2140 521 2166 ἐπὶ
538 2141 595 2170 τοῖς
618 2139 734 2174 ἀζύμοις
749 2139 885 2166 ποιεῖσθαι

566 92 599 120 IN
620 93 758 121 CHRISTI
778 91 1097 120 RESURRECTIONEM
1117 93 1221 121 ORAT.
1241 93 1262 120 I.

531 152 572 178 ὅτι
592 151 652 178 ὅλον
676 153 722 178 τὸν
734 152 879 188 ἄνθρωπον

936 152 1025 180 Altera
1043 152 1143 180 solutio
1161 157 1204 180 est
1217 152 1274 182 illa,
1286 152 1318 179 ad
1332 160 1414 186 quam
1429 159 1503 178 nunc
1520 150 1610 177 oratio
1635 154 1728 178 nostra

1679 90 1731 118 6|8

935 202 1060 233 spectat:
1084 206 1183 234 nempe
1210 199 1294 226 Deum
1318 199 1365 233 qui
1393 203 1480 225 totum
1510 197 1649 224 hominem
1681 205 1730 232 per

935 252 1013 273 suam
1026 253 1089 272 cum
1106 245 1152 272 illo
1168 245 1392 280 eonjunctionem
1417 245 1444 271 in
1463 248 1589 271 naturam
1607 243 1727 270 divinam

934 294 1099 322 mutaverat,
1115 291 1212 317 mortis
1242 294 1364 325 tempore
1386 298 1400 316 a
1426 294 1522 317 neutra
1539 289 1624 321 illius,
1647 297 1728 323 quem

934 336 1019 363 semel
1050 342 1253 371 assumpserat,
1286 341 1363 371 parte
1388 335 1558 363 .recessisse.
1582 334 1728 369 Nunquam

933 383 1006 409 enim
1023 383 1099 409 illum
1117 391 1229 410 suorum
1250 389 1396 409 munerum
1415 382 1528 416 pmnitet
1540 381 1575 408 δ’.
1594 380 1728 406 Divinitas

933 437 999 463 ergo
1019 429 1160 456 voluntate
1171 429 1279 464 quidem
1297 429 1417 455 animum
1429 436 1443 454 a
1456 434 1572 462 corpore
1582 426 1727 461 disjunxit.

933 475 980 503 sed
1010 475 1038 502 in
1069 481 1187 510 utroque
1211 480 1300 503 tamen
1327 483 1356 502 se
1380 481 1491 501 manere
1517 473 1726 500 demonstravit.

932 520 1001 547 Nam
1021 529 1069 555 per
1093 529 1205 556 corpus,
1222 521 1248 548 in
1273 528 1328 555 quo
1347 519 1553 554 cm'ruptiouem
1580 525 1614 545 ex
1641 523 1728 545 morte

933 568 1141 602 provenientem
1162 575 1217 595 non
1239 567 1351 595 admisit
1362 567 1397 598 ⁸³,
1412 567 1510 594 evertit
1524 573 1598 596 eum,
1618 564 1664 600 qui
1680 564 1729 590 ha-

933 613 1014 641 hebat
1024 614 1121 642 mortis
1148 613 1343 649 imperium“:
1365 621 1414 648 per
1432 613 1552 639 animum
1571 615 1662 638 autem
1687 610 1727 637 la-

933 660 1004 686 troni
1033 659 1160 695 patefecit
1180 660 1284 686 aditum
1313 659 1342 686 in
1371 658 1550 693 paradisum:
1580 660 1728 690 utrumque

932 710 1022 732 autem
1039 705 1134 733 eodem
1149 709 1273 740 tempore
1285 705 1436 740 perfectum
1452 709 1505 736 est,
1521 703 1665 730 divinitate
1679 709 1727 736 per

934 755 1080 786 utramque
1093 751 1214 780 hominis
1234 756 1338 787 partem
1356 751 1413 778 hmc
1428 751 1500 779 bona
1520 753 1678 785 praestante,
1700 753 1728 774 ut

934 804 982 831 per
1006 798 1133 833 corporis
1159 798 1395 833 incorrtipﬁonein
1421 801 1535 824 mortem
1561 796 1648 831 ipsam
1668 795 1728 822 dis-

934 843 1069 877 solveret,
1101 852 1148 879 per
1167 844 1251 871 animi
1283 851 1349 871 vero
1369 844 1396 870 in
1420 843 1484 870 sede
1515 842 1626 877 propria
1660 848 1728 868 cou-

934 889 1104 917 stitulionem
1118 889 1274 917 hominibus
1292 890 1395 916 aditum
1418 889 1444 916 in
1462 888 1618 924 paradisum
1636 887 1728 922 aperi-

935 940 986 963 ret.
1005 935 1139 969 Quoniam
1158 936 1240 972 igitur
1254 936 1354 971 duplex
1377 940 1416 963 est
1436 934 1556 962 hominis
1573 933 1724 963 concretio,

935 981 1051 1016 simplex
1069 987 1159 1010 autem
1183 985 1265 1016 atque
1283 989 1337 1008 una
1358 980 1510 1008 divinitatis
1534 983 1642 1010 natura,
1666 985 1727 1005 cum

934 1027 1019 1054 homo
1043 1027 1190 1054 dirimatur
1211 1030 1294 1060 atque
1315 1025 1493 1056 distrahatur,
1518 1024 1649 1050 divinitas
1669 1023 1728 1056 ipsa

935 1075 1143 1112 quaeindividua
1156 1080 1209 1107 cst,
1221 1083 1275 1102 non
1293 1079 1446 1108 separatur,
1459 1073 1507 1101 sed
1522 1076 1618 1099 contra
1634 1071 1726 1106 potius

935 1127 1048 1159 propter
1064 1122 1198 1149 unitatem
1212 1125 1317 1149 natum
1342 1121 1453 1153 divime,
1468 1127 1529 1155 qua:
1546 1119 1654 1154 utrique
1672 1118 1729 1144 ho—

935 1169 1020 1197 minis
1034 1170 1105 1206 parti
1120 1177 1153 1197 ex
1167 1176 1247 1204 :1!un
1260 1168 1343 1201 inest,
1366 1174 1427 1202 qua:
1443 1166 1569 1202 sejuncta
1590 1169 1730 1200 sepauata-

936 1224 990 1252 que
1005 1222 1093 1248 erant,
1109 1223 1220 1244 rursum
1237 1218 1338 1242 coeunt
1354 1218 1382 1241 et
1405 1213 1622 1249 coniunguntur.
1639 1212 1729 1246 Atque

936 1263 973 1290 ita
993 1271 1024 1290 ex
1041 1262 1161 1298 partium
1188 1262 1402 1297 conjunctarum
1427 1259 1564 1287 divisione
1585 1266 1662 1286 mors
1684 1265 1729 1285 se«

936 1309 1041 1344 quitur,
1057 1317 1090 1336 ex
1116 1308 1268 1336 divisarum
1296 1311 1389 1335 autent
1414 1306 1611 1341 conjunctione
1636 1311 1730 1332 resur—

937 1356 1033 1383 rectio.
1053 1355 1130 1388 Quod
1157 1355 1180 1382 si
1210 1354 1312 1390 quzeris
1334 1353 1472 1388 quomodo
1494 1352 1521 1379 in
1547 1350 1673 1386 paradiso
1700 1355 1730 1377 se

936 1401 1027 1428 Patris
1044 1401 1172 1428 manibus
1190 1400 1401 1430 commendarit,
1419 1397 1468 1425 tibi
1491 1397 1618 1425 sublimis
1642 1395 1729 1423 Isaias

937 1445 1114 1479 respondebit
1125 1445 1159 1472 de
1169 1444 1276 1472 cmlcsti
1289 1443 1453 1476 Jerusalem,
1468 1449 1550 1477 quam
1571 1441 1639 1468 nihil
1654 1440 1729 1468 aliud

938 1492 991 1520 nisi
1009 1491 1166 1526 paradisum
1183 1499 1245 1519 esse
1256 1490 1395 1518 credimus
1408 1498 1440 1518 ex
1457 1489 1504 1516 Dei
1520 1496 1636 1524 persona
1652 1497 1659 1516 :
1679 1488 1730 1514 Do-

934 1537 1028 1571 scripsi
1043 1545 1150 1569 muros,
1174 1536 1319 1571 inquiens,
1344 1541 1403 1563 tuos
1420 1536 1446 1563 in
1470 1535 1591 1562 inanibus
1614 1535 1679 1562 meis
1694 1533 1728 1560 ⁸⁵.

936 1583 1026 1616 Quare
1038 1583 1061 1611 si
1075 1582 1239 1615 Jerusalem,
1253 1583 1306 1610 hoc
1316 1587 1370 1615 est,
1388 1582 1546 1618 paradisus,
1560 1582 1587 1609 in
1601 1581 1728 1609 manibus

934 1628 1025 1656 Patris
1038 1629 1175 1663 descripta
1192 1633 1244 1660 est,
1261 1632 1370 1656 constat
1388 1636 1462 1659 eum,
1480 1628 1526 1663 qui
1549 1628 1576 1655 in
1599 1627 1729 1662 paradiso

935 1676 981 1706 sit,
997 1675 1024 1702 in
1047 1675 1138 1709 Patris
1158 1675 1302 1708 manibus,
1327 1675 1355 1702 in
1384 1675 1485 1711 quibus
1512 1673 1727 1708 descriptionem

935 1721 1018 1748 habet
1034 1721 1126 1748 divina
1137 1721 1246 1754 civitas,
1263 1721 1439 1748 commorari.
1456 1721 1495 1747 Ac
1509 1721 1542 1748 de
1559 1720 1601 1747 his
1620 1719 1729 1755 quidem

936 1766 1081 1794 hactenus.

971 1866 1072 1895 Verum
1095 1866 1160 1902 quia
1180 1866 1266 1894 Judaei
1299 1866 1475 1894 vehementer
1496 1866 1652 1893 institutum
1678 1873 1729 1893 no-

937 1919 1024 1942 strum
1047 1918 1199 1946 accusant,
1217 1921 1272 1940 non
1291 1913 1409 1941 alienum
1433 1913 1495 1945 erit,
1511 1917 1551 1944 ut,
1572 1920 1634 1948 qua!
1650 1913 1730 1940 nobis

937 1960 1092 1994 objiciunt,
1116 1960 1237 1987 breviter
1267 1958 1436 1987 refellamus.
1462 1958 1563 1993 Dicunt
1589 1959 1674 1994 igitur
1702 1959 1730 1985 in

936 2005 1072 2034 Paschate
1085 2005 1250 2033 celebrando
1264 2007 1305 2033 sic
1325 2013 1339 2032 a
1363 2005 1437 2033 Mose
1460 2005 1729 2040 quartumdeeimum

938 2053 1009 2079 luna:
1028 2058 1126 2079 cursus
1150 2052 1296 2079 circuitum
1315 2051 1341 2078 in
1359 2051 1417 2086 lege
1446 2051 1635 2086 praescriptum
1656 2059 1729 2084 csse,

937 2103 968 2125 ut
981 2102 1084 2134 septem
1115 2098 1212 2125 diebus
1228 2105 1300 2133 pane
1324 2098 1383 2125 sine
1409 2097 1562 2130 fermento,
1587 2102 1615 2124 et
1637 2097 1730 2125 herbis

938 2145 1040 2172 amaris
1057 2151 1108 2179 pro
1132 2144 1247 2171 obsonio
1269 2147 1446 2171 vescerentur
1455 2143 1489 2170 “.
1505 2142 1687 2178 Quapropter,
1706 2144 1729 2170 si

82 2185 141 2212 τῶν
153 2185 287 2220 πικρίδων
301 2185 350 2220 τὴν
361 2185 439 2211 πάαν.
466 2185 497 2212 ΕΞ
514 2184 560 2212 οὖν
573 2185 707 2220 ἐπιμελὴς
719 2185 783 2220 ὑμῖν
803 2186 820 2221 ἡ
833 2185 882 2220 τῆς

937 2190 1204 2225 quartumdecimum
1218 2211 1225 2222 ,
1249 2189 1394 2225 inquiunt,
1409 2189 1480 2216 diem
1497 2189 1663 2222 observatis,
1693 2190 1731 2217 si-

83 2231 388 2266 τεσσαρεσκαιδεκάτης
406 2233 464 2258 ἐστὶ
479 2232 680 2267 παρατήρησις,
698 2240 883 2268 συμπαραφυ-

82 2277 240 2308 λαττέσθω,
262 2278 344 2313 φησὶν
358 2279 377 2305 ὁ
395 2278 536 2310 Ἰουδαῖος,
557 2278 604 2304 καὶ
621 2279 638 2313 ἡ
662 2278 756 2313 πικρὶς
781 2278 827 2304 καὶ
854 2278 884 2304 τὸ

83 2323 205 2357 ἄζυμον.
230 2323 262 2349 Εἰ
287 2323 315 2349 δὲ
334 2323 419 2350 ταῦτα
442 2323 489 2350 τοῦ
507 2323 680 2359 παρορᾶσθαι
699 2323 777 2357 ἄξια,
806 2323 846 2354 τίς
866 2324 881 2359 ἡ

84 2369 152 2405 περὶ
176 2369 284 2404 ἐκείνης
302 2370 422 2406 aito-JH];
447 2370 485 2396 Οὐ
505 2369 559 2404 γὰρ
579 2370 611 2405 δὴ
630 2370 677 2396 τοῦ
702 2370 784 2396 αὑτοῦ
805 2379 883 2405 νομο-

85 2415 177 2446 θέτου,
193 2415 225 2441 τὸ
239 2415 288 2450 μέν
303 2424 328 2444 ὐ
345 2415 449 2442 δίκαιον
462 2416 510 2442 καὶ
523 2415 698 2451 ψυχωφελὲς,
712 2416 742 2443 τὸ
756 2416 784 2443 δὲ
799 2416 884 2451 ἄχρη-

86 2470 151 2489 στον
164 2462 286 2497 κρίνεται
299 2463 346 2488 ml.
361 2462 514 2497 ἀπόϐλητον
526 2471 532 2478 ·
549 2463 587 2494 ὡς
600 2463 758 2497 ἐπάναγκες
769 2461 850 2495 εἶναι,
866 2462 883 2498 ἢ

86 2509 179 2535 πάντα
193 2508 391 2545 κατορθοῦσθαι
401 2509 466 2544 παρ’
482 2509 570 2544 ἡμῶν,
585 2509 635 2536 ὅσα
651 2510 715 2544 περὶ
727 2509 773 2536 τοῦ
788 2510 883 2544 Πάσχα

86 2555 272 2590 διηπίόρευται,
291 2556 308 2590 ἢ
334 2555 447 2590 μηδενὸς
466 2556 540 2590 ἡμᾶς
564 2555 750 2591 περιέχεσθαι.
783 2555 816 2582 Τί
838 2553 884 2582 οὖν

85 2601 170 2636 ἡμεῖς
183 2610 190 2633 ;
209 2601 383 2636 Μνησθῶμεν
399 2601 447 2628 τοῦ
463 2601 697 2637 παραγγείλαντος
712 2622 719 2633 ,
737 2601 774 2637 μὴ
792 2601 883 2636 φοϐεῖ-

88 2647 151 2673 σθαι
165 2648 212 2674 τὸν
227 2647 378 2683 ὀνειδισμὸν
389 2647 443 2673 τῶν
454 2647 616 2683 ἀνθρώπων,
631 2648 677 2674 καὶ
692 2647 730 2683 τῷ
739 2647 884 2683 φαυλισμῷ

87 2693 179 2720 αὐτῶν
198 2693 236 2729 μὴ
255 2693 398 2728 ἡττᾶσθαι.
426 2694 542 2728 Οἴδαμεν
565 2693 618 2728 γὰρ
634 2693 688 2720 τῶν
707 2693 820 2728 ἀζύμων
835 2693 883 2728 τὴν

87 2739 239 2775 ψυχωφελῆ
257 2740 466 2775 παρατήρησιν,
484 2741 531 2766 καὶ
548 2739 601 2766 τῶν
619 2739 750 2774 πικρίδων
770 2739 799 2766 τὸ
819 2740 884 2774 κέρ-

124 2832 145 2848 δί
161 2831 242 2859 Rom.
263 2831 358 2863 11,29.
396 2832 419 2847 ⁸³
433 2831 493 2858 Act.
511 2832 585 2862 ",2?

183 2882 322 2911 Ριτιιοι.
343 2880 401 2910 (in.
426 2880 539 2910 XLVI.

634 2833 655 2848 “'
668 2832 749 2860 llcltr.
764 2840 792 2865 II,
808 2832 850 2860 14.

889 2832 910 2848 ⁵³
923 2832 978 2860 Isa.
993 2839 1055 2864 ην,
1078 2831 1121 2858 12.

938 2237 995 2263 mul
1012 2236 1094 2263 etiam
1111 2236 1162 2264 hos
1182 2235 1260 2263 cibos
1275 2235 1420 2262 eomedile.
1440 2234 1488 2262 Sin
1506 2235 1569 2263 illos
1582 2235 1728 2270 respuitis.

938 2289 988 2309 cur
1006 2282 1033 2309 in
1062 2282 1106 2310 die
1135 2281 1306 2310 observando
1345 2280 1467 2308 studium
1497 2280 1730 2317 ponitislNeque

937 2328 1010 2356 enim
1027 2327 1174 2356 dicendum
1185 2333 1237 2358 est.
1255 2335 1316 2363 qua:
1329 2327 1363 2355 ab
1377 2327 1472 2355 eodem
1490 2327 1649 2363 legislatore
1665 2331 1730 2355 sunt

937 2374 1101 2406 constituta,
1114 2374 1214 2409 partim
1227 2381 1289 2402 esse
1300 2378 1430 2408 tanquam
1443 2374 1517 2408 justa
1530 2378 1614 2408 atque
1628 2374 1728 2402 animis

937 2420 1014 2448 utilia
1029 2419 1235 2454 comprobanda
1252 2440 1260 2452 ,
1280 2419 1379 2454 partim
1396 2422 1425 2445 ut
1448 2418 1550 2453 injusta
1571 2423 1595 2446 et
1623 2419 1729 2446 inmitia

936 2465 1117 2500 repudianda.
1135 2464 1184 2492 llis
1210 2464 1381 2499 argumentis
1395 2463 1580 2495 concludunt,
1607 2468 1655 2490 aut
1670 2471 1728 2491 om-

937 2511 993 2544 nia,
1010 2519 1072 2547 quae
1100 2511 1128 2539 iu
1148 2510 1285 2538 Paschate
1299 2509 1463 2538 celebrando
1476 2510 1555 2544 jussa
1584 2513 1666 2541 sunt,
1682 2513 1730 2536 aut

937 2557 1005 2585 nihil
1021 2557 1171 2585 observare
1187 2565 1238 2584 nos
1261 2560 1400 2592 oportere.
1418 2556 1487 2589 Quid
1518 2560 1609 2582 autem
1627 2563 1678 2582 nos
1695 2555 1728 2582 ad

939 2604 997 2631 haec
1011 2604 1022 2630 ?
1037 2603 1241 2630 Meminerimus
1257 2602 1336 2629 nobis
1351 2609 1413 2629 esse
1441 2600 1612 2634 mandatum,
1630 2607 1665 2627 ne
1684 2599 1730 2626 ho-

938 2648 1043 2675 minum
1068 2647 1223 2675 maledictis
1240 2652 1267 2674 et
1281 2646 1456 2674 contumeliis
1472 2645 1684 2685 succumbamus
1694 2645 1727 2671 ⁸⁷.

938 2694 1070 2721 Novimus
1086 2694 1179 2722 utilem
1204 2693 1284 2728 panis
1308 2693 1368 2720 sine
1383 2693 1518 2720 fermento
1542 2690 1661 2719 confecti
1679 2690 1729 2718 ob-

940 2741 1134 2772 servationem,
1153 2747 1204 2766 nce
1218 2746 1374 2766 amararum
1388 2738 1536 2766 herbarum
1550 2737 1670 2769 lucrum,
1682 2740 1729 2763 aut

1426 2826 1447 2843 ⁸⁷
1461 2827 1556 2855 Matth.
1572 2835 1599 2861 ν,
1615 2827 1650 2856 59
1666 2832 1726 2862 sq],

1520 2876 1559 2905 ‘20

1160 2829 1277 2857 “Exod.
1294 2837 1342 2863 xu,
1361 2827 1386 2855 8.
