1938 3082
214 99 265 122 6H!

855 92 883 116 δ.
905 89 1068 117 GllliGOlill
1084 87 1232 116 INYSSENI

1801 84 1859 111 620

213 155 267 182 dici
285 153 503 189 quartadecima:
520 159 600 180 usum
617 151 785 187 ignoramus.
805 149 860 177 Lex
872 171 879 180 ,
895 155 924 176 ιιι
941 156 1004 184 pau~

1063 149 1113 180 δας.
1124 149 1172 175 καὶ
1186 148 1235 182 τῆς
1250 146 1549 182 τεσσαρεσκαιδεκάτης
1563 144 1595 171 τὸ
1608 144 1756 179 χρήσιμον.
1778 144 1811 170 ’0
1828 144 1858 171 te

214 202 255 228 eis
270 201 406 227 rationem
433 199 503 226 hanc
519 198 689 233 explicemus
707 217 714 229 ,
739 196 894 223 futurorum
919 195 1006 222 bono-

215 254 274 274 rum
292 247 418 273 umbram
434 244 622 277 continens“,
643 250 729 270 unum
753 242 819 269 illud
834 242 1005 276 propositum

217 293 307 324 habet,
338 295 367 318 ut
385 291 470 318 variis
486 290 624 317 mandatis
643 289 724 316 homo
743 288 776 315 ab
794 288 914 315 immista
929 292 1007 314 natu-

217 346 252 364 ra:
263 345 319 365 sua:
337 337 440 364 malitia
464 340 605 371 purgetur.
623 334 680 362 lluc
695 337 800 368 spectat
818 332 1005 364 circumcisio,

218 384 270 410 huc
285 382 398 410 Sabliati
415 402 423 414 ,
445 382 500 409 huc
517 382 656 412 ciborum,
675 380 729 406 huc
744 379 827 406 variae
847 378 1007 405 animalium

216 427 422 458 immolationis,
437 426 491 453 huc
508 425 631 452 omnium
653 423 771 458 denique
787 423 853 458 legis
876 429 1008 449 caeremo-

216 474 324 500 niarum
342 476 368 500 ct
384 473 578 500 institutorum
593 470 761 498 observatio.
779 469 901 504 Longum
917 473 1007 494 autem

216 523 300 551 esset,
315 527 346 546 ea
363 526 424 554 qtae
440 519 481 546 lex
506 525 554 553 per
574 517 718 552 aenigmata
734 515 910 551 pratscribit,
929 522 1008 541 mun<

216 564 313 591 ditiani
344 564 428 591 animi
457 563 638 598 signiﬁcantia
656 581 663 594 .
695 562 834 597 sigillatim
855 568 1007 588 recensere.

215 609 450 642 Quemadmodum
464 610 546 644 igitur
557 616 605 644 per
618 607 870 639 circumcisionem,
882 614 941 642 qum
953 607 1009 642 spi-

216 658 271 684 ritu
283 656 431 691 peragitur,
446 660 542 683 natura
554 654 718 690 cupiditates
735 653 840 688 abjicit,
853 653 935 680 vitam
948 660 1009 679 ear-

217 703 246 730 ni
263 702 408 730 obnoxiam
428 706 574 736 amputans
598 705 625 728 et
642 700 844 728 circumcidens
858 719 866 731 ,
882 705 929 734 per
943 698 1011 724 Sab—

216 749 310 776 batum
328 753 418 775 autem
430 747 612 779 iustituimur,
631 750 660 773 ut
672 746 847 780 quiescentes
861 752 875 770 a
891 743 1010 779 peccatis

217 794 416 824 abstineamus,
442 796 469 819 et
499 792 659 819 animalium
691 791 821 819 mactatio
844 796 896 816 nos
913 789 1009 821 docet,

1057 195 1134 228 λόγος
1148 190 1225 224 οὗτός
1238 194 1321 223 ἐστιν,
1336 192 1365 218 ὃν
1378 192 1414 218 ’δι’
1425 191 1523 224 ὀλίγων
1535 190 1752 225 ὲπισκεῷμεθα·
1763 190 1793 217 Ὀ
1805 191 1860 226 τὴν

1059 241 1137 268 σκιὰν
1153 240 1206 266 τῶν
1231 239 1381 274 μελλόντων
1398 237 1507 271 ἀγαθῶν
1522 236 1592 272 ἔχων
1610 236 1704 271 νόμος,
1717 237 1788 272 πρὸς
1807 236 1859 263 ἕνα

1058 286 1130 313 κατὰ
1143 286 1173 312 τὸ
1196 284 1401 320 προηγούμενον
1427 283 1519 317 βλέπει
1536 282 1636 308 σκοπὸν
1650 303 1657 314 ,
1672 283 1747 314 ὅπως
1763 282 1799 309 ἂν
1812 282 1858 309 δια

1057 333 1111 359 τῶν
1128 331 1256 358 ποικίλων
1275 329 1514 366 παραγγελμάτων
1534 327 1684 363 καθαρθείη
1696 328 1747 362 τῆς
1766 329 1856 363 ἐμμι-

1058 378 1168 414 χθείσης
1191 376 1288 407 κακίας
1309 377 1322 402 ὁ
1337 375 1489 410 ἄνθρωπος.
1509 373 1595 400 Τοῦτο
1615 374 1688 408 ἐντῇ
1703 375 1856 408 περιτομῇ.

1058 423 1137 450 τοῦτο
1152 424 1179 449 ὲν
1193 422 1232 457 τῷ
1243 421 1385 456 Σαϐϐάτῳ,
1398 419 1476 446 τοῦτο
1489 420 1518 446 ὲν
1533 420 1567 454 τῇ
1580 419 1634 445 τῶν
1646 418 1786 453 ἐδωδίμων
1802 427 1857 445 πα-

1060 470 1220 506 ρατηρήσει,
1240 468 1318 495 τοῦτο
1337 468 1366 494 ὲν
1387 469 1421 502 τῇ
1440 466 1549 502 ποικίλῃ
1565 465 1711 501 ζωοθυσίᾳ,
1731 465 1814 491 τοῦτο
1827 466 1857 492 ἐν

1059 517 1114 547 τοῖς
1136 514 1196 542 καθ’
1217 515 1332 541 ἕκαστον
1358 514 1575 549 παρατηρήμασι
1604 512 1786 547 κατορθοῦται
1807 511 1857 538 τοῦ

1059 561 1152 596 νόμου.
1185 559 1238 586 Καὶ
1261 558 1366 594 μακρὸν
1388 557 1420 584 ἂν
1441 557 1484 592 εἴη
1508 558 1541 584 τὰ
1568 557 1634 592 περὶ
1658 557 1776 584 ἑκάστου
1787 559 1857 592 ἡμῖν

1060 604 1265 640 αἰνιγματωδῶς
1280 604 1320 635 εἰς
1339 603 1369 629 τὸ
1388 602 1433 629 τοῦ
1456 602 1512 638 βίου
1537 602 1686 637 καθάρσιον
1710 601 1789 636 παρά
1810 602 1857 628 τοῦ

1061 652 1144 686 νόμου
1171 649 1323 685 δηλούμενα
1344 649 1377 675 δι’
1402 649 1543 684 ἀκριϐείας
1563 647 1729 676 ἐκτίθεσθαι.
1747 647 1858 683 Ὠσπερ

1060 696 1149 723 τοίνυν
1165 696 1209 722 διὰ
1220 695 1269 730 τῆς
1284 694 1433 730 περιτομῆς
1447 695 1496 729 τῆς
1507 693 1700 729 πνευματικῶς
1713 693 1858 720 ἐπιτελου-

1063 741 1146 776 μένης
1158 741 1174 775 ἡ
1188 740 1268 774 φύσις
1278 739 1307 766 τὸ
1320 739 1443 775 ἐμπαθὲς
1454 738 1623 771 ἀποτίθεται,
1636 739 1857 774 περιαιρουμένη

1062 786 1107 812 τὸν
1123 785 1249 821 σαρκώδη
1263 785 1320 820 βίον
1333 793 1340 800 ·
1367 784 1411 811 διὰ
1426 785 1455 811 δὲ
1468 784 1515 811 τοῦ
1533 785 1735 819 Σαϐϐατισμοῦ,
1755 784 1808 820 τὴν
1828 785 1857 811 ὲν

219 844 249 867 ut
275 839 494 875 perturbationes
510 843 537 866 et
554 838 618 866 vitia
640 841 809 869 mactemus,
836 840 862 863 et
882 835 1006 863 ciborum

1063 832 1097 867 τῷ
1109 831 1185 867 κακῷ
1197 831 1332 867 ἀπραξίαν
1347 831 1518 858 διδάσκεται·
1533 832 1549 866 ἡ
1565 831 1591 858 δὲ
1606 831 1742 864 ζωοθυσία
1768 840 1858 858 κατα-

217 884 420 911 immundorum
434 883 591 911 interdictio
606 890 657 909 nos
669 886 771 914 monet,
793 885 822 908 ut
839 880 871 908 ab
899 880 1006 915 impura

218 928 412 964 immundaque
427 929 480 955 vita
501 927 664 956 recedamus
682 936 688 953 :
707 927 748 954 sic
773 931 799 952 et
817 925 874 952 haec
891 924 1007 952 celebri-

218 980 260 1003 tas
282 975 355 1002 illam
382 974 484 1001 iudicat
511 973 710 1004 celebritatem,
732 971 766 998 ad
788 978 871 1006 quam
898 970 1008 997 animus

218 1029 266 1056 per
282 1028 374 1056 azyma
393 1025 571 1054 prmparatur,
589 1019 656 1046 dum
676 1022 780 1053 septem
805 1017 903 1043 diebus
919 1024 933 1042 ιι
955 1015 1008 1043 fer-

218 1071 311 1094 mento
322 1067 400 1101 jubet
413 1066 563 1093 abstinere.
581 1064 691 1099 Septem
709 1064 782 1090 enim
795 1062 901 1089 diorum
914 1069 1009 1089 nume-

218 1120 267 1139 rus
288 1114 498 1146 prmtereuntcm
523 1109 596 1136 lumc
613 1108 744 1143 temporis
761 1115 872 1134 cursum
903 1106 1008 1141 signiti-

219 1161 273 1190 cat,
290 1155 335 1191 qui
351 1164 398 1191 per
409 1153 594 1183 hebdomadas
613 1153 845 1180 circumvolvitur.
863 1152 1010 1186 Diligenter

218 1203 290 1230 enim
310 1200 430 1236 quotidie
443 1199 594 1228 cavendum
609 1203 666 1231 est,
687 1206 720 1225 nc
741 1197 801 1224 dies
818 1197 924 1223 instans
941 1196 1010 1223 ullas

220 1248 354 1275 hesterna}
388 1245 500 1274 malitiae
530 1245 661 1280 reliquias
689 1247 854 1274 conservet,
881 1250 915 1269 ue
943 1241 1009 1276 quid

219 1293 380 1320 acerbitatis
420 1296 466 1318 aut
495 1289 688 1318 amaritudinis
715 1289 850 1316 hodierno
877 1287 1011 1314 fermento

218 1337 320 1364 veteris
335 1336 520 1371 improbitatis
538 1335 631 1362 ruistio
649 1335 747 1369 pariat.
772 1333 820 1360 Sol
846 1341 877 1360 ne
908 1332 1012 1359 occidat

219 1390 296 1416 super
310 1381 477 1408 iracundiam
492 1384 616 1412 vestram,
646 1379 736 1413 inquit
755 1377 902 1412 Apostolus
915 1376 947 1408 δ’,
964 1376 1011 1410 qui

218 1428 350 1463 praecipit,
368 1432 395 1454 ut
413 1427 483 1454 diem
503 1426 600 1453 festum
629 1425 809 1456 celebremus,
837 1432 889 1449 mm
914 1423 940 1449 in
960 1425 1013 1456 [er-

219 1478 304 1500 menta
320 1473 409 1504 veteri,
428 1480 473 1498 nec
488 1471 617 1506 fermento
636 1470 749 1496 malitia:
764 1474 789 1496 et
820 1469 952 1503 nequitia',
965 1468 1010 1494 sed

219 1520 245 1545 in
263 1519 365 1553 azymis
388 1517 549 1544 sinceritatis
573 1521 597 1543 et
625 1515 788 1542 veritatis“.
813 1514 891 1546 Quod
920 1517 1010 1540 autent

219 1564 253 1592 de
268 1571 322 1591 uno
339 1564 448 1590 malitia:
464 1569 564 1597 genere
582 1561 743 1594 didicimus,
759 1561 786 1587 id
801 1560 882 1587 simili
905 1559 1012 1586 ratione

220 1610 253 1636 de
277 1609 390 1643 reliquis
418 1608 528 1634 malitiae
562 1607 708 1642 generibus
743 1606 846 1632 dictum
872 1605 1011 1632 existime-

220 1662 292 1681 mus.
320 1653 484 1680 Amaritudo
514 1652 586 1679 enim
604 1659 619 1679 e
636 1651 690 1678 vita
713 1656 851 1686 torporem
882 1654 908 1677 et
936 1650 1012 1683 igna-

219 1701 292 1727 viam
309 1699 431 1734 expellit,
460 1703 487 1726 et
511 1698 585 1725 illius
606 1697 667 1724 loco
690 1697 786 1724 l‘ortem
804 1700 830 1723 et
864 1697 960 1723 (Iuram
985 1699 1013 1722 et

221 1753 346 1780 asperam
385 1744 494 1771 vivendi
524 1743 657 1770 rationem
688 1742 849 1775 introducit,
877 1741 1011 1775 siquidem

221 1791 311 1817 Olllllis
335 1789 480 1823 disciplina
501 1788 637 1824 principio
658 1787 765 1814 videtur
795 1794 849 1814 non
879 1786 1010 1819 laetitiam,

222 1836 269 1863 sed
287 1834 442 1862 molestiam
457 1833 565 1861 atIerre.

258 1964 348 1998 Quare
372 1965 420 2000 qui
442 1963 506 1991 vitae
523 1962 610 1990 totius
623 1962 821 1990 hebdomadem
839 1962 914 1989 nulla
927 1961 1012 1990 veteri

223 2011 327 2039 malitia
354 2009 547 2041 counuistam,‘
567 2008 613 2036 sed
637 2008 671 2035 ab
689 2008 775 2043 ipsius
799 2007 932 2035 fermento
946 2007 1014 2034 libe—

221 2065 281 2085 ram
308 2056 434 2090 transigit
450 2074 458 2087 ,
479 2054 688 2089 temperantiam
716 2055 745 2081 in
778 2053 854 2081 victu
883 2057 1012 2088 tanquam

222 2103 368 2132 obsonium
395 2101 542 2133 adhibens,
557 2101 580 2128 is
603 2100 637 2127 ab
663 2100 738 2128 omni
766 2100 941 2128 tenebricosa
961 2100 1012 2126 mi-

225 2149 316 2177 stione
331 2155 360 2175 se
384 2148 473 2182 ipsum
501 2150 607 2174 avocat.
625 2145 683 2173 Hoc
709 2146 782 2173 enim
793 2145 1013 2181 quartadecima!

1058 876 1154 910 σφάζει
1171 875 1204 902 τὰ
1223 875 1308 910 πάθη,
1325 875 1370 902 καὶ
1385 877 1401 911 ἡ
1414 875 1595 910 νενομισμένη
1609 875 1672 911 περὶ
1690 876 1726 902 τὰ
1740 875 1857 911 βρώμα-

1057 932 1092 950 τα
1107 923 1161 949 τῶν
1189 923 1353 958 ἀκαθάρτων
1377 923 1512 958 διάκρισις
1533 922 1712 957 συμϐουλεύει
1735 931 1777 948 σοι
1808 922 1856 948 τοῦ

1060 969 1206 1005 ρυποῦντὸς
1229 977 1259 995 τε
1277 969 1324 995 καὶ
1341 969 1497 1003 ἀκαθάρτου
1514 969 1572 1004 βίου
1590 969 1638 1003 τὴν
1660 969 1852 1004 ἀλλοτρίωσιν·

1059 1015 1129 1042 οὕτω
1152 1015 1228 1050 καὶὴ
1251 1015 1330 1050 ἑορτή
1354 1024 1394 1041 σοι
1411 1015 1479 1050 αὕτη
1500 1015 1550 1050 τὴν
1571 1014 1667 1049 ἑορτὴν
1678 1014 1789 1048 ἐκείνην
1809 1014 1855 1040 ἐν-

1059 1061 1208 1092 δείκνυται,
1232 1060 1300 1095 πρὸς
1322 1061 1356 1096 ἢν
1373 1061 1389 1095 ἡ
1405 1060 1477 1095 ψυχὴ
1497 1060 1542 1087 διὰ.
1564 1060 1618 1086 τῶν
1631 1059 1745 1096 ἀζύμων
1765 1067 1857 1095 παραυ

1061 1106 1232 1137 σκευάζεται,
1255 1107 1283 1132 ὲν
1298 1105 1367 1132 ἑπτὰ
1382 1105 1497 1141 ἡμέραις
1505 1105 1560 1141 ιτῆς
1581 1106 1627 1132 τοῦ
1644 1106 1770 1141 ζυμωτοῦ
1787 1105 1858 1141 βρώ-

1062 1159 1129 1182 σεως
1146 1151 1350 1185 καθαρεύουσα,
1379 1148 1415 1178 [LV
1442 1152 1472 1178 τὸ
1492 1152 1608 1186 αἴνιγμα
1630 1151 1752 1178 τοιοῦτόν
1768 1152 1854 1177 ἐστιν-

1067 1197 1095 1222 ὐ
1119 1196 1171 1222 τῶν
1195 1196 1264 1222 ἑπτὰ
1292 1196 1402 1232 ἡμερῶν
1431 1197 1547 1233 ἀριθμὸς
1571 1199 1616 1224 τὸν
1644 1197 1791 1233 παροδικόν
1815 1205 1857 1223 σοι

1061 1242 1153 1269 τοῦτον
1166 1242 1261 1277 χρόνον
1280 1243 1460 1274 ὲκδείκνυται,
1472 1243 1516 1269 τὸν
1531 1243 1564 1269 δι’
1579 1244 1736 1279 ἑϐδομάδων
1753 1244 1857 1270 ἀνακυ-

1062 1288 1219 1323 κλούμενον.
1246 1289 1291 1315 Ἐν
1304 1285 1327 1323 ᾧ
1341 1288 1393 1324 χρὴ
1406 1288 1439 1315 δι’
1454 1289 1611 1323 ἐπιμελείας
1624 1291 1664 1322 εἰς
1676 1290 1726 1325 τὴν
1739 1288 1856 1316 ἐνεστῶ-

1063 1343 1112 1361 σαν
1127 1335 1234 1371 ἡμέραν
1265 1335 1347 1370 μηδὲν
1369 1337 1419 1371 τῆς
1432 1335 1526 1371 χθιζῆς
1543 1337 1641 1369 κακίας
1655 1337 1782 1371 λείψανον
1797 1337 1857 1364 5w.-

1064 1381 1198 1413 σώζεσθαι
1212 1401 1219 1412 ,
1243 1381 1280 1414 ὡς
1300 1383 1333 1408 ἂν
1350 1383 1387 1418 μή
1403 1391 1462 1409 τινα
1484 1383 1578 1417 στύψιν
1594 1384 1641 1409 καὶ
1664 1384 1739 1416 ὀξίδα
1751 1383 1792 1418 τῷ
1811 1392 1843 1418 ση

1065 1425 1167 1461 μερινῴ
1184 1426 1326 1461 φυράματι
1340 1427 1356 1461 ὴ
1376 1427 1424 1461 τῆς
1441 1426 1525 1453 ἑώλου
1539 1427 1637 1458 κακίας
1651 1428 1802 1461 ποιήσειεν.
1825 1427 1858 1454 Ὀ

1065 1472 1151 1505 ἥλιος
1171 1471 1214 1506 μὴ
1239 1471 1383 1498 ἰιτιδυέτω
1411 1473 1460 1498 ἐπὶ
1484 1472 1524 1505 τῷ
1544 1472 1738 1507 παροργισμῷ
1761 1472 1855 1507 ὑμῶν,

1064 1517 1147 1552 φησὶν
1161 1519 1175 1544 ὁ
1194 1518 1365 1549 ’Λπόστολος,
1400 1520 1416 1545 ὁ
1430 1519 1474 1552 μὴ
1497 1519 1533 1545 ἐν
1552 1519 1625 1553 ζύμῃ
1641 1517 1766 1552 παλαιᾷ,
1779 1519 1858 1553 μηδὲ

1063 1563 1098 1590 ἐν
1111 1563 1182 1598 ζύμῃ
1199 1565 1306 1597 κακίας
1318 1565 1366 1590 καί
1380 1566 1537 1598 πονηρίας,
1557 1565 1626 1592 ἀλλ’
1637 1565 1672 1591 ἐν
1682 1564 1806 1599 ἀζύμοις
1819 1566 1858 1591 εί-

1063 1611 1226 1644 λικρίνείας
1252 1611 1300 1637 καὶ
1321 1612 1464 1644 ἀληθείας
1483 1611 1620 1647 ἑορτάζειν
1635 1612 1854 1647 ἐγκελευόμενος.

1066 1656 1098 1680 Ὃ
1113 1655 1140 1681 δὲ
1156 1656 1220 1690 περὶ
1237 1655 1282 1681 τοῦ
1300 1656 1358 1686 ἑνὸς
1374 1657 1423 1691 τῆς
1434 1657 1532 1688 κακίας
1546 1657 1633 1688 εἴδους
1645 1657 1780 1692 ἔγνωμεν,
1793 1659 1857 1686 ἀνα-

1063 1700 1148 1734 λόγως
1161 1701 1239 1727 τοῦτο
1252 1702 1314 1735 περὶ
1331 1701 1384 1728 τῶν
1396 1701 1496 1728 λοιπῶν
1509 1703 1555 1737 τῆς
1572 1704 1672 1735 κακίας
1689 1703 1769 1730 εἱδῶν
1786 1704 1857 1730 διδα-

1064 1746 1204 1780 σκόμεθα·
1233 1747 1250 1781 ὴ
1265 1747 1292 1773 δὲ
1318 1748 1412 1782 πικρὶς
1432 1749 1556 1775 ἐκόάλλει
1579 1749 1610 1775 τὸ
1630 1749 1855 1776 καταϐεϐλακευκ

1065 1791 1144 1826 μένον
1168 1794 1196 1818 ἐν
1221 1791 1260 1826 τῷ
1283 1792 1332 1826 βίῳ
1351 1793 1397 1818 καὶ
1422 1793 1550 1821 ἔκλυτον·
1582 1795 1739 1829 ἀντεισάγει
1763 1795 1793 1821 δὲ
1812 1795 1856 1821 τὶν

1063 1837 1185 1872 ἐγκρατῆ
1200 1838 1246 1864 καὶ
1263 1838 1478 1873 κατεσκληκότα,
1505 1840 1551 1866 καὶ
1567 1841 1600 1875 τῇ
1618 1841 1746 1876 αἰσθήσει
1758 1841 1855 1875 δύσλη-

1063 1891 1129 1910 πτον
1145 1882 1212 1917 βίον.
1234 1884 1344 1918 Ἐπειδὴ
1367 1885 1441 1910 πᾶσα
1460 1885 1568 1912 παιδεία
1589 1886 1620 1912 οὐ
1645 1887 1719 1913 δοκεῖ
1735 1887 1806 1922 πρὸς
1827 1887 1857 1913 τὸ

1064 1928 1151 1964 παρὸν
1164 1930 1250 1964 χαρᾶς
1267 1928 1346 1961 εἶναι,
1361 1930 1429 1957 ἀλλὰ
1441 1930 1539 1965 λύπης.

1107 1974 1135 2000 '0
1150 1974 1239 2000 τοίνυν
1255 1975 1298 2002 διὰ
1318 1975 1407 2011 πάσης
1421 1976 1470 2010 τῆς
1487 1975 1534 2002 τοῦ
1556 1976 1615 2011 βίον
1630 1977 1726 2004 τούτου
1743 1979 1855 2013 ἑϐδομά-

1063 2019 1107 2050 δος
1126 2020 1302 2056 ἀνεπίμικτον
1321 2022 1435 2053 παλαιᾶς
1451 2022 1549 2054 κακίας
1570 2024 1616 2049 καὶ
1630 2024 1735 2058 ἄζυμον
1752 2024 1801 2060 τὴν
1815 2025 1856 2052 ἀεὶ

1064 2065 1215 2092 ἐνεστῶσαν
1236 2067 1376 2102 κατορθῶν
1392 2067 1507 2102 ἡμέραν,
1526 2067 1590 2102 ὄψον
1609 2068 1658 2102 τῆς
1671 2069 1746 2103 ζωῆς
1767 2070 1856 2096 ποιοὺ-

1065 2119 1144 2145 μενος
1157 2112 1206 2147 τὴν
1219 2113 1391 2148 ἐγκράτειαν,
1407 2109 1483 2145 οὗτος
1500 2114 1595 2140 ἑαυτὸν
1611 2115 1701 2149 πάσης
1719 2115 1857 2151 σκοτεινῆς

1063 2156 1202 2191 ἐπιμιξίας
1218 2157 1340 2193 χωρίζει.
1360 2159 1445 2185 Τοῦτο
1464 2159 1518 2195 γὰρ
1540 2160 1556 2195 ή
1573 2161 1855 2196 τεσσαρεσκαιδεκάτη

223 2196 296 2222 lunae
318 2201 416 2221 cursus
455 2193 602 2228 signiﬁcat.
626 2191 693 2219 Nam
708 2192 778 2227 {cum
807 2196 895 2219 totum
924 2192 1010 2227 ipsius

1064 2201 1111 2228 τοῦ
1126 2191 1266 2237 σεληναίου
1277 2203 1376 2239 δρόμου
1398 2191 1575 2232 ἐνδείκνυται.
1595 2191 1705 2242 Ἐπειδὴ
1716 2207 1773 2242 γὰρ
1783 2191 1856 2233 ἐννέα

224 2248 336 2269 cursum
352 2247 450 2267 novem
464 2244 491 2267 et
518 2239 614 2274 viginti
632 2238 691 2266 dies
715 2245 778 2265 cum
797 2237 911 2265 dimidio
924 2238 1013 2265 conti-

224 2288 308 2317 ciant,
330 2294 385 2320 quo
402 2285 511 2320 quidem
527 2286 616 2320 spatio
631 2285 695 2311 luna
715 2288 772 2310 tum
793 2285 942 2312 crescendo
959 2285 1015 2311 cir-

225 2333 317 2360 culum
334 2332 449 2367 perﬁcit,
464 2335 521 2358 turn
539 2330 724 2359 decrescendo
741 2331 893 2363 minuitur,
910 2335 940 2358 ut
956 2339 1015 2358 om-

225 2379 254 2406 ni
275 2385 388 2413 prorsus
402 2378 462 2404 luce
476 2377 596 2408 deﬁciat,
615 2377 654 2408 ﬁt,
672 2381 702 2404 ut
727 2377 825 2403 horum
844 2377 950 2404 dierum
971 2377 1015 2403 di-

226 2423 340 2450 midium
355 2422 460 2449 numeri
473 2422 679 2457 quatuordecim
691 2423 749 2450 dics
761 2427 790 2450 et
803 2423 884 2457 paulo
898 2423 1015 2458 amplius

227 2469 376 2496 contineat.
396 2468 463 2495 Cum
484 2468 566 2502 igitur
591 2468 702 2503 proprio
726 2475 809 2495 cursu
840 2470 1016 2503 progrediens

227 2518 364 2542 nocturno
379 2513 469 2548 spatio
484 2514 524 2540 sic
540 2513 633 2541 orbem
651 2521 730 2541 suum
751 2514 812 2542 luce
827 2515 1014 2550 compleverit,

229 2565 259 2588 ut
276 2560 329 2588 diei
354 2559 493 2594 splendori
511 2559 626 2586 nitorem
655 2559 785 2595 adjungat
812 2569 902 2593 suum,
922 2562 1015 2596 sequi-

229 2613 283 2638 tur,
308 2610 338 2632 ut
353 2613 440 2640 neque
455 2606 573 2640 vesperi,
598 2613 685 2640 neque
699 2613 778 2634 mane
801 2607 926 2635 tenebras
944 2608 1016 2634 ullas

229 2653 301 2679 sinat
324 2651 481 2686 interponi,
506 2652 607 2685 quibus
634 2652 763 2678 continua
779 2653 848 2680 lucis
873 2654 958 2680 series
979 2655 1016 2680 iu-

229 2703 425 2732 terrumpatur,
447 2704 509 2724 curn
536 2697 563 2723 iu
579 2698 720 2725 elementis
742 2705 872 2734 perpetua
903 2700 1015 2727 luminis

265 2807 290 2824 “
307 2807 388 2836 llebr.
406 2817 432 2842 ι,
450 2809 476 2836 1.
513 2809 538 2827 δ’
549 2809 647 2845 Eplies.
668 2820 703 2844 ιν,
719 2812 762 2839 SC.
803 2813 825 2827 ³⁸
841 2811 923 2840 lL'or.
942 2821 966 2845 ιν,
984 2814 1013 2840 8.

1065 2248 1133 2274 εἰσὶν
1149 2249 1176 2274 αἱ
1190 2249 1275 2275 πᾶσαι
1291 2249 1338 2275 τοῦ
1357 2251 1496 2285 σεληναίου
1512 2251 1612 2287 δρόμου
1622 2272 1629 2284 ,
1646 2252 1694 2278 καὶ
1706 2252 1795 2279 εἴκοσι
1815 2254 1856 2279 καὶ

1066 2293 1195 2328 ἡμίσεια,
1211 2295 1240 2321 ἐν
1254 2292 1298 2326 αἷς
1311 2296 1342 2322 ἐκ
1366 2296 1538 2332 νεομηνίαςῆ
1556 2297 1654 2333 σελήνη
1670 2297 1704 2324 δι’
1721 2298 1856 2334 αὐξήσεως

1066 2339 1238 2366 τελειωθείσα
1263 2340 1301 2376 τῷ
1316 2341 1418 2377 κύκλῳ,
1435 2343 1514 2369 πάλιν
1526 2343 1570 2369 διὰ
1587 2344 1727 2378 μειώσεως
1751 2345 1791 2376 εις
1811 2345 1856 2379 τὴν

1069 2384 1188 2419 παντελῆ
1203 2384 1248 2411 τοῦ
1263 2385 1351 2419 φωτὸς
1364 2386 1483 2421 ἔκλειψιν
1494 2388 1683 2423 ἐπανέρχεται,
1697 2388 1818 2423 δηλονότι
1829 2390 1856 2415 τὸ

1069 2430 1153 2465 ἥμισυ
1176 2430 1223 2457 τοῦ
1244 2433 1475 2467 μνημονευθέντος
1496 2434 1613 2469 ἀριθμοῦ
1637 2436 1857 2470 τεσσαρεσκαιδε-

1069 2476 1138 2511 κάτη
1148 2477 1216 2508 ἐστὶ,
1227 2477 1273 2503 καὶ
1283 2478 1380 2513 μικρὸν
1392 2479 1432 2505 ἔτι
1445 2480 1523 2514 πρός.
1537 2480 1653 2514 Οὐκοῦν,
1664 2481 1729 2507 ὃταν
1738 2483 1767 2508 ἐν
1777 2482 1856 2516 τούτῳ

1068 2522 1137 2559 τύχῃ
1153 2521 1220 2549 οὖσα
1233 2525 1248 2559 ἡ
1265 2525 1362 2560 σελήνη
1372 2525 1411 2560 τῷ
1420 2526 1550 2561 σχήματιι
1562 2527 1656 2562 ἐπειδὴ
1672 2528 1855 2564 συμπροῐοῦσα

1069 2569 1139 2595 κατὰ
1147 2569 1192 2595 τὸν
1201 2569 1264 2596 ίδιον
1275 2570 1375 2606 δρόμον
1386 2571 1426 2607 τῷ
1435 2571 1584 2607 νυκτερινῷ
1592 2573 1770 2608 διαστήματι,
1779 2582 1855 2609 προο-

1068 2614 1158 2649 τίθησι
1182 2615 1212 2641 τὺ
1229 2615 1321 2642 λεῖπον
1340 2617 1378 2651 τῷ
1395 2617 1498 2652 κύκλῳ,
1509 2618 1578 2645 ὥστε
1603 2618 1794 2654 πληρωθεῖσαν
1809 2628 1854 2653 φω-

1069 2658 1114 2690 τὸς
1127 2660 1188 2691 ταῖς
1202 2660 1298 2694 αὐγαῖς
1313 2663 1362 2697 τῆς
1375 2662 1481 2697 ἡμέρας
1495 2663 1545 2695 τὰς
1557 2664 1622 2698 παρ’
1637 2663 1739 2698 ἑαυτῆς
1754 2664 1854 2699 λαμπη-

1069 2703 1147 2736 δόνας
1162 2707 1460 2743 συμπαρακαταμίξαι,
1476 2708 1513 2740 ὡς
1535 2709 1603 2744 μήτε
1625 2709 1696 2736 κατὰ
1719 2710 1768 2746 τὴν
1781 2709 1853 2736 ἐσπέ-
