1938 3082
94 118 146 146 6'21

576 112 610 139 IN
632 110 772 139 CHRISTI
792 108 1108 145 RESURRECTIONEM
1124 107 1228 135 ()RAT.
1247 107 1267 134 I.

1672 104 1725 132 622

92 183 159 210 ραν,
179 174 247 209 μήτε
264 173 334 199 κατὰ
349 172 395 199 τὸν
411 171 520 208 ὄρθρον,
541 171 653 202 σκότους
670 170 732 197 τινὰ
749 169 886 204 παρενθή-

947 167 1080 194 urccessio
1104 171 1225 194 maneat.
1245 165 1408 201 Priusquam
1420 165 1494 194 enim
1510 165 1577 193 solis
1592 164 1726 192 oceiden-

91 229 147 253 κην
160 219 286 254 διακόψαι
301 219 347 245 τοῦ
360 218 447 252 φωτὸς
459 218 508 253 τὴν
525 217 675 252 συνέχειαν,
687 218 715 243 ἐν
729 217 763 251 τῇ
777 216 886 250 διαδοχῇ

91 266 149 292 τῶν
167 265 315 300 στοιχείων,
328 265 481 300 ἀδιαιρέτου
495 265 544 299 τῆς
558 264 645 298 αὐγῆς
661 262 804 298 μενούσης.
820 261 888 297 Πρὶν

91 312 149 348 γὰρ
164 311 286 348 ἀκριϐῶς
307 310 355 345 τὴν
375 310 490 346 ἡλιακὴν
510 311 607 337 ἀκτῖνα
630 310 787 342 καταδῦναι,
811 310 887 336 ἀντι-

92 358 220 392 φαίνεται
235 357 268 383 δι’
283 356 390 388 εὐθείας
403 357 420 391 ἠ
436 356 532 391 σελήνη
550 356 588 392 τῷ
604 357 671 392 ἡλίῳ
693 357 763 383 κατὰ
778 356 808 383 τὸ
828 357 888 383 διὰ-

93 410 196 437 μετρον
207 423 214 434 ,
232 402 278 427 καὶ
292 400 331 436 τῷ
347 401 404 435 ἰδίῳ
420 401 489 434 φωτὶ
503 400 676 435 καταλάμπει
695 400 726 426 τὸ
742 400 889 435 ὑποκείμε-

92 456 149 474 νον.
162 448 217 474 Καὶ
231 447 310 474 πάλιν
327 446 391 481 πρὶν
405 447 514 478 πάντως
528 447 573 473 τὸν
590 447 688 474 κύκλον
702 446 788 481 αὐτῆς
804 446 887 472 ὑπελ-

92 493 153 520 θεῖν
161 493 206 519 τὸν
216 493 349 528 ὁρίζοντα,
365 494 422 524 τοῖς
433 493 569 528 λειψάνοις
586 493 632 520 τοῦ
650 493 791 528 σεληναίου
802 494 888 527 φωτὸς

92 540 110 574 ἡ
133 539 185 574 τῆς
209 539 315 574 ἡμέρας
338 539 409 574 αὐγὴ
438 540 646 574 κατακιρνᾶται.
667 541 721 566 Καὶ
745 540 815 567 οὕτω
840 542 888 575 τῆς

92 584 263 620 πανσελήνου
278 585 384 619 ἐκείνης
403 584 510 619 ἡμέρας
530 584 560 611 τὸ
582 585 676 616 σκότος
688 584 887 620 ὲξαφανίζεται,

91 631 167 657 κατά
181 639 211 657 τε
228 630 274 656 τὸν
294 630 391 666 ὄρθρον
413 631 459 657 καὶ
476 631 526 666 τὴν
553 631 688 667 ἑσπέραν,
705 633 737 667 τῇ
755 632 809 658 τῶν
831 641 888 666 φω-

92 677 204 712 στήρων
229 676 337 711 διαδοχῇ
362 676 599 712 λαμπρυνόμενον.
624 677 713 713 Ὅπερ
732 678 823 704 τοίνυν
851 678 889 713 τῷ

91 721 217 757 αἰσθητῷ
239 722 308 756 φωτὶ
334 721 404 748 κατὰ
429 722 478 757 τὴν
500 722 797 758 τεσσαρεσκαιδεκάτην
821 731 890 757 συμ-

93 766 196 798 ϐαίνει,
213 766 244 792 τὸ
262 765 305 792 διὰ
323 766 413 801 πάσης
429 766 524 797 νυκτός
545 775 575 792 τε
590 767 637 793 καὶ
660 767 768 802 ἡμέρας
781 768 890 802 ἀπαρά-

92 812 190 838 δεκτον
212 809 282 838 εἶναι
298 812 348 846 τῆς
365 812 504 847 ἐπιμιξίας
520 812 567 838 τοῦ
591 812 713 845 σκότους,
731 813 808 840 τοῦτο
829 813 890 848 βού-

92 858 172 884 λεται
189 859 204 884 ὁ
225 857 409 892 πνευματικὸς
425 857 506 892 νόμος
518 877 524 888 ,
541 858 674 893 σύμϐολον
689 858 814 892 γενέσθαι
829 847 889 891 τοῖς
906 847 926 874 Β

94 902 291 937 πνευματικῶς
306 903 490 937 ἑορτάζουσιν,
505 903 574 930 ὥστε
589 903 632 930 διὰ
650 904 739 938 πάσης
754 904 804 938 τῆς
818 905 889 931 κατὰ.

93 948 147 984 τὴν
163 948 236 984 ζωὴν
250 948 405 983 ἑϐδομάδος,
423 949 452 975 ἓν
474 949 569 984 Πάσχα
587 951 716 983 φωτεινὸν
745 950 791 976 καὶ
807 951 889 977 ἀσκό-

93 1004 189 1022 τιστον
202 995 261 1022 ὃλον
276 995 321 1021 τὸν
340 995 434 1030 χρόνον
449 996 540 1027 αὐτοῖς
562 996 611 1031 τῆς
626 995 698 1031 ζωῆς
711 995 887 1031 ἐργάζεσθαι.

94 1041 174 1076 Αὕτη
188 1041 242 1075 γὰρ
260 1041 313 1068 τῶν
329 1041 393 1076 περὶ
411 1041 441 1067 τὸ
466 1041 561 1076 Πάσχα
578 1041 816 1076 παραγγελμάτων
834 1043 890 1072 τοῖς

95 1088 273 1123 Χριστιανοῐς
288 1088 304 1122 ὴ
322 1087 498 1118 κατάστασις.
516 1088 566 1114 Διὰ
581 1087 659 1114 τοῦτο
681 1087 749 1123 πρὸς
760 1087 810 1122 τὴν
827 1096 889 1114 τεσ-

97 1133 352 1168 σαρεσκαιδεκάτην
370 1133 515 1168 βλέπομεν,
532 1132 576 1160 διὰ
588 1133 634 1160 τοῦ
650 1133 779 1169 αἰσθητοῦ
794 1133 889 1160 τούτου

96 1180 148 1206 καὶ
167 1179 259 1206 ὐλικοῦ
277 1179 374 1213 φωτὸς,
390 1179 437 1205 τοῦ
450 1179 531 1206 ἁΰλου
544 1188 574 1206 τε
588 1179 636 1206 καὶ
648 1180 743 1214 νοητοῦ
757 1181 806 1216 τὴν
822 1189 890 1215 φαν-

97 1225 199 1251 τασίαν
215 1225 467 1260 ἀναλαμϐάνοντες,
485 1225 523 1256 ὡς
547 1225 577 1251 τὸ
594 1226 643 1260 μὲν
666 1226 754 1253 δοκεῖν
776 1227 892 1262 σελήνην

98 1269 259 1305 πλήθουσαν
272 1269 420 1304 ἐπιζητεῖν,
431 1270 461 1296 τὸ
477 1271 540 1305 παρ’
556 1270 655 1306 ἑαυτῆς
669 1271 770 1305 φέγγος
783 1272 893 1307 διαρκὲς

99 1316 293 1351 παρεχομένην
309 1316 375 1351 ἡμῖν
395 1316 550 1351 παννύχιον,
568 1317 601 1352 τῇ
616 1317 644 1343 δὲ
662 1317 792 1353 ἀληθείᾳ,
812 1318 894 1353 νόμον

100 1361 170 1398 ἡμῖν
185 1359 255 1387 εἷναι
269 1362 300 1388 τὺ
313 1362 500 1397 παρατήρημα
513 1362 560 1389 τοῦ
575 1363 664 1390 πάντα
675 1364 720 1390 τὸν
732 1364 837 1399 χρόνον,
849 1364 894 1391 τὸν

939 213 976 241 tis
993 213 1063 240 radii
1082 214 1162 248 plane
1187 212 1326 244 deﬁciant,
1342 220 1358 239 e
1376 212 1488 247 regione
1510 212 1633 239 cernitur
1648 211 1724 244 luna,

939 267 999 295 qua
1012 260 1072 286 luce
1086 267 1136 287 sua
1150 258 1282 286 mundum
1305 259 1436 286 illustrat.
1463 257 1497 284 Et
1513 266 1623 286 rursum
1652 261 1727 285 ante-

939 313 1022 341 quam
1044 306 1109 333 hinc
1139 313 1223 333 cursu
1252 304 1379 332 confecto
1395 305 1458 331 luna
1487 304 1627 336 discedat,
1654 303 1726 331 lucis

938 351 998 386 ejus
1015 351 1139 387 reliquiis
1163 351 1216 378 dici
1241 350 1371 386 splendor
1385 350 1553 385 adjungitur.
1578 351 1667 384 Atque
1688 349 1727 376 ita

938 406 971 427 ex
987 399 1032 426 illa
1049 402 1139 430 nocte,
1155 405 1209 432 qua
1224 398 1289 425 luna
1309 397 1389 432 plena
1401 400 1455 429 est,
1475 396 1594 424 tenebrae
1616 395 1726 430 penitus

938 444 1132 476 excluduntur,
1157 448 1252 471 mutua
1283 443 1349 471 solis
1381 448 1408 470 et
1434 442 1506 469 lunae
1532 446 1590 469 tum
1620 442 1726 477 vesperi

939 496 996 519 tum
1014 499 1094 518 mane
1119 491 1305 518 successione.
1322 489 1400 522 Quod
1416 489 1499 525 igitur
1513 489 1568 516 luci
1597 488 1727 516 sensibus

938 537 1068 571 exposita
1083 536 1288 571 quartadecima
1303 536 1348 562 die
1365 535 1511 570 contingit,
1532 539 1563 562 ιιι
1575 542 1625 570 per
1641 538 1727 561 totam

939 587 1046 610 noctem
1063 586 1147 617 atque
1159 582 1232 610 diem
1249 581 1352 609 nullam
1370 581 1547 609 tenebrarum
1570 581 1726 609 rnistionem

940 629 1076 660 admittat,
1093 629 1120 655 id
1139 629 1290 663 spiritualis
1308 629 1352 656 lex
1364 629 1423 655 vult
1445 635 1506 655 esse
1521 627 1726 660 documentum,

940 679 970 701 ut
987 682 1035 709 per
1048 679 1132 701 totam
1149 675 1211 701 vita:
1225 674 1423 702 hebdomadam
1454 674 1614 709 praeclarum
1643 682 1727 702 unum

940 720 1044 747 Pascha
1065 725 1092 748 et
1111 728 1127 747 a
1151 721 1271 748 tenebris
1293 720 1508 748 remotissimum
1531 720 1702 748 celebrantes
1719 739 1727 752 ,

941 773 1021 793 onme
1036 767 1168 801 temporis
1192 766 1312 802 spatium
1334 767 1362 793 in
1378 767 1438 794 luce
1455 766 1651 801 transigamus.
1666 766 1729 794 Haec

941 816 984 839 est
1009 813 1165 840 celebrandi
1190 812 1333 841 Paschatis
1356 813 1427 848 apud
1447 813 1617 841 Christianos
1643 813 1726 841 insti-

941 858 1010 885 tutio
1038 863 1119 894 atque
1131 859 1298 887 observatio.
1329 858 1435 886 Idcirco
1468 859 1729 894 quartamdecimam

942 904 1014 931 hanc
1033 905 1104 932 diem
1120 905 1298 937 attendimus,
1315 910 1344 933 ut
1358 913 1392 932 ex
1412 905 1464 932 hac
1479 905 1549 937 luce,
1565 913 1626 940 qua:
1646 913 1729 933 sensu

942 950 1093 986 percipitur
1122 955 1149 977 et
1169 951 1196 978 in
1214 951 1330 978 materia
1346 951 1399 978 sita
1423 955 1465 979 est
1478 970 1486 984 ,
1500 951 1590 978 lucem
1610 960 1627 977 a
1643 955 1730 978 mate-

942 997 984 1023 ria
1000 990 1153 1031 sejunctam
1168 1002 1193 1024 et
1211 1005 1273 1032 qua:
1290 999 1348 1024 sola
1367 1003 1458 1025 mente
1478 996 1729 1032 comprehenditur,

944 1042 1140 1077 intelligamus,
1161 1046 1198 1074 et,
1213 1042 1277 1068 dum
1297 1042 1422 1069 videmur
1447 1043 1540 1069 lunam
1564 1044 1671 1077 plenam
1687 1042 1731 1070 iu-

944 1089 1062 1124 quirere,
1089 1096 1150 1124 qua:
1175 1092 1336 1123 perpetuum
1351 1096 1385 1116 ex
1411 1095 1441 1116 se
1455 1089 1547 1116 lumen
1566 1093 1622 1117 tota
1651 1094 1733 1118 nocte

944 1135 1073 1170 praebeat,
1090 1134 1157 1162 nihil
1175 1135 1248 1161 aliud
1271 1134 1352 1162 nobis
1376 1142 1408 1163 ea
1429 1142 1459 1163 re
1486 1136 1572 1171 legem
1605 1137 1732 1171 praescri-

945 1181 1011 1209 bere
1041 1181 1231 1209 existimemus
1245 1202 1252 1213 ,
1270 1181 1324 1208 nisi
1350 1185 1379 1208 ut
1404 1189 1486 1209 omne
1514 1186 1622 1217 tempus
1635 1205 1642 1215 ,
1659 1182 1732 1218 quod

946 1235 1001 1255 nox
1019 1227 1133 1262 diesque
1160 1227 1322 1260 dimetitur,
1335 1227 1485 1255 virtutibus
1515 1227 1682 1255 illustratum
1707 1231 1734 1256 et

946 1273 1136 1309 splendidum.
1152 1277 1179 1300 et
1199 1273 1282 1300 nullis
1313 1274 1468 1302 tenebrosis
1495 1274 1651 1302 actionibus
1671 1282 1735 1310 per-

928 1321 1059 1355 _mistum
1077 1320 1284 1355 inquinaturnve
1298 1321 1485 1348 traducamus.
1511 1321 1551 1348 Ac
1564 1321 1598 1349 de
1615 1322 1657 1349 his
1671 1321 1734 1357 qui-

948 1366 1009 1394 dem
1033 1366 1112 1394 satis.

100 1407 183 1434 νυκτὶ
211 1408 257 1434 καὶ
279 1408 372 1444 ἡμέρᾳ
400 1408 648 1444 διαμετρούμενον,
674 1410 800 1446 λαμπρὸν
828 1413 895 1448 ἡμῖν
913 1413 1032 1449 διαρκῶς
1050 1411 1130 1445 εἶναι,
1156 1413 1204 1439 καὶ
1223 1412 1277 1439 τῶν
1292 1412 1381 1448 ἔργων
1400 1412 1455 1439 τῶν
1474 1412 1618 1439 σκοτεινῶν
1640 1412 1734 1439 ἀνεπί-

104 1461 213 1488 μικτον.
228 1453 283 1480 Καὶ
293 1454 357 1489 περ).
373 1454 422 1489 μὲν
434 1454 546 1486 τούτων,
555 1456 682 1483 τοσαῦτα.

144 1502 215 1528 Ὀσα
234 1502 262 1528 δὲ
285 1503 299 1529 ό
318 1502 434 1538 σταυρὸς
459 1503 617 1539 ἐμπεριέχει
642 1505 776 1540 νοήματα,
804 1506 837 1532 δι’
863 1502 893 1532 οὗ

984 1505 1050 1538 Quae
1065 1513 1131 1532 vero
1147 1504 1180 1532 ad
1193 1512 1302 1532 crucem
1318 1504 1455 1539 pertinent
1469 1525 1476 1538 ,
1496 1512 1545 1539 per
1568 1512 1649 1539 quam
1674 1514 1736 1541 pas-

103 1547 254 1576 τελειοῦται
268 1549 298 1575 τὸ
317 1549 381 1584 περὶ
395 1550 426 1576 τὸ
443 1550 527 1581 πάθος
545 1551 707 1586 μυστήριον,
731 1552 773 1582 τίς
788 1551 820 1578 ἂν
845 1553 894 1587 ῥα-

105 1595 172 1626 δίως
185 1594 223 1630 τῷ
242 1595 313 1630 λόγῳ
332 1595 508 1631 σαφηνίσειε;
527 1596 573 1631 Μὴ
589 1596 642 1631 γὰρ
655 1597 704 1623 οὐκ
719 1594 789 1632 ἦσαν
805 1598 895 1632 μυρίοι

105 1641 204 1676 τρόποι
218 1641 291 1676 πρὸς
312 1641 426 1668 θάνατον
445 1642 589 1677 φέροντες,
612 1643 645 1669 δι’
669 1639 707 1669 ὧν
727 1641 761 1679 ἦν
785 1643 897 1669 δυνατὸν

108 1686 286 1721 πληρωθῆναι
300 1686 348 1721 τὴν
363 1686 433 1722 ὑπὲρ
445 1687 524 1721 ἡμῶν
535 1686 581 1713 τοῦ
598 1687 711 1714 θανάτου
726 1687 896 1722 οἰκονομίανι

114 1732 186 1758 Ἀλλ’
199 1732 232 1758 ὲκ
245 1732 352 1759 πάντων
365 1729 441 1763 οὗτος
454 1732 558 1768 ὡρίσθη
574 1734 638 1768 παρ’
653 1734 734 1760 αὑτοῦ
749 1733 794 1759 τοῦ
810 1732 898 1768 ἐαυτῷ

107 1773 171 1804 κατ’
188 1777 310 1810 ἐξουσίαν
321 1778 351 1804 τὸ
363 1778 447 1809 πάθος
459 1778 609 1813 ὁρίσαντος.
620 1778 668 1805 Δεῖ
677 1778 740 1813 γὰρ,
754 1779 830 1814 φησὶ,
846 1778 899 1805 τὸν·

114 1822 186 1848 Υίὸν
201 1821 252 1849 τοῦ
265 1822 430 1856 ἀνθρώπου.
445 1823 501 1850 Οὐκ
516 1821 587 1855 εἷπε,
606 1824 646 1850 Τὰ
668 1825 715 1850 καὶ
730 1824 764 1850 τὰ
777 1825 899 1850 πείσεται

109 1870 124 1895 ὁ
137 1869 203 1900 Υἱὸς
217 1868 263 1895 τοῦ
277 1868 431 1903 ἀνθρώπου,
446 1870 483 1901 ὡς
496 1870 528 1897 ἄν
540 1879 582 1901 τις
597 1870 687 1902 ἁπλῶς
701 1870 771 1896 εἴποι
783 1879 900 1906 προαγο-

112 1915 202 1951 ρεύων
225 1915 255 1941 τὺ
275 1915 438 1950 λεγόμενον,
454 1915 522 1942 ἀλλὰ
540 1916 569 1942 τὸ
586 1916 734 1950 ἀναγκαῖον
754 1916 824 1943 κατά
840 1925 900 1943 τινα

110 1961 193 1995 λόγον
220 1961 372 1996 ἀπόρρητον
400 1961 526 1995 γενέσθαι
551 1961 656 1995 ὀφεῖλον
683 1962 839 1996 δογματίζει
861 1961 901 1997 τῷ

112 2008 233 2042 ῥήματι,
248 2009 276 2033 ὲν
294 2006 333 2042 τῷ
348 2008 446 2038 εἰπεῖν,
462 2009 503 2034 ὅτι
517 2007 567 2033 Δεῖ
578 2007 630 2033 τὸν
650 2007 719 2033 Υίὸν
730 2007 782 2034 τοῦ
792 2007 902 2041 ἀνθρώ-

110 2061 174 2080 που
200 2054 299 2079 πολλὰ
326 2053 432 2079 παθεῖν
452 2053 501 2079 καὶ
526 2052 822 2086 ἀποδοκιμασθῆναι,
851 2052 901 2078 καὶ

110 2099 338 2133 σταυρωθῆναι,
363 2100 411 2126 καὶ
437 2099 474 2132 τῇ
496 2099 580 2133 τρίτῃ
605 2099 698 2133 ἡμέρᾳ
722 2097 900 2132 ἀναστῆναι.

111 2146 290 2181 Κατανόησόν
313 2155 357 2181 μοι
380 2146 434 2181 γὰρ
455 2146 502 2172 τοῦ
526 2146 576 2171 Δεῖ
590 2146 639 2181 τὴν
660 2145 789 2176 διάνοιαν,
809 2145 842 2171 δι’
865 2141 899 2179 ἧς

111 2193 270 2228 εὑρίσκεται
285 2193 315 2219 τὸ
333 2193 369 2228 μὴ
383 2193 438 2219 δεῖν
455 2192 570 2228 ἄλλωςῆ
590 2192 632 2218 διὰ
648 2192 694 2218 τοῦ
715 2191 830 2227 σταυροῦ
854 2199 900 2225 γε·
919 2181 941 2208 Ῑ)

111 2238 208 2265 νέσθαι
226 2238 334 2270 πάντως
347 2238 377 2264 τὸ
393 2238 477 2269 πάθος
490 2238 520 2264 τὸ
535 2237 775 2273 δογματιζόμενον.
794 2237 842 2268 Τίς
855 2234 902 2263 οὖν

111 2287 127 2311 ὁ
151 2285 216 2320 περὶ
237 2285 331 2311 τούτου
349 2285 443 2319 λόγος,
467 2286 556 2312 Μόνου
580 2284 627 2311 τοῦ
651 2284 769 2320 μεγάλου
794 2283 901 2309 Παύλου

112 2333 184 2364 ἐστὶ,
206 2332 253 2358 τοῦ
278 2333 309 2358 ὲκ
325 2332 378 2358 τῶν
400 2333 527 2367 ἀρρήτων
549 2331 678 2366 ῥημάτων
695 2329 901 2360 παιδευθέντος,

112 2379 132 2405 ἂ
146 2379 176 2404 ὲν
189 2379 244 2409 τοῖς
259 2378 364 2409 ἀδύτοις
375 2377 421 2404 τοῦ
434 2377 596 2413 παραδείσου
611 2377 724 2412 μυηθεὶς
736 2375 901 2411 ἠκροάσατο,

114 2425 164 2450 καὶ
180 2424 211 2449 τὸ
225 2424 288 2458 περὶ
303 2424 398 2449 τούτου
416 2425 562 2458 μυστήριον
578 2423 754 2457 διασαφῆσαι,
770 2420 861 2452 καθὼς
872 2422 900 2447 ἐν

116 2470 198 2505 μέρει
221 2469 265 2495 δια
288 2470 342 2495 τῶν
366 2469 433 2504 πρὸς
459 2468 597 2502 Ἐφεσίους
619 2468 706 2502 λόγων
727 2467 757 2493 τὸ
783 2466 902 2502 κρυπτὸν

115 2516 266 2552 ὑπῃνίξατο
281 2516 366 2550 λέγων
376 2524 382 2530 ·
403 2516 468 2542 Ἵνα
486 2514 668 2548 ἐξισχύσητε
684 2512 903 2540 καταλαϐέσθαι

115 2564 179 2590 σὺν
191 2562 267 2589 πᾶσι
283 2562 345 2594 τοῖς
368 2561 477 2596 ἁγίοις,
496 2561 524 2586 τί
542 2559 573 2586 τὸ
591 2559 703 2592 πλάτος
720 2560 768 2585 καὶ
788 2558 885 2593 μῆκος
896 2578 904 2590 ,

115 2619 150 2637 το
158 2609 255 2641 βάθος
264 2608 311 2634 καὶ
324 2607 412 2641 ὕψος,
423 2606 533 2641 γνῶναί
545 2615 575 2633 τε
586 2607 642 2640 τὴν
655 2606 906 2640 ὑπερϐάλλουσαν

115 2656 239 2690 ἀγάπην
260 2653 314 2688 τῆς
330 2653 466 2689 γνώσεως
486 2653 538 2679 τοῦ
561 2652 698 2686 Χριστοῦ,
720 2653 770 2678 ἵνα
790 2653 906 2686 πληρω-

116 2702 189 2735 θῆτε
201 2701 245 2732 εἰς
259 2699 321 2726 πᾶν
334 2698 367 2724 τὸ
388 2698 532 2732 πλήρωμα
550 2698 603 2724 τοῦ
620 2697 703 2723 Θεοῦ.
723 2697 759 2722 Οὐ
778 2696 831 2732 γὰρ
852 2697 904 2731 ἀρ-

116 2747 173 2783 γῶς
196 2747 210 2774 ὁ
233 2746 304 2776 θεῖος
330 2745 431 2774 ἐκεῖνος
452 2743 588 2778 ὀφθαλμὸς
609 2743 655 2769 τοῦ
682 2742 852 2773 Ἀποστόλου,
878 2741 908 2767 τὺ

947 1551 1034 1578 sionis
1053 1551 1212 1586 mysterium
1225 1550 1374 1585 perficitur,
1393 1551 1455 1585 quis
1471 1558 1502 1578 ea
1518 1551 1599 1578 facile
1619 1551 1737 1581 dicendo

946 1601 1028 1631 queat
1054 1595 1323 1631 explicare?Annon
1339 1595 1412 1622 enim
1429 1596 1641 1624 innumerabiles
1658 1601 1739 1625 erant

947 1643 1079 1670 moriendi
1098 1642 1229 1675 rationes,
1244 1642 1345 1676 quibus
1359 1641 1455 1669 mortis
1471 1649 1520 1676 pro
1532 1642 1612 1669 nobis
1638 1642 1740 1670 obeun'

948 1690 990 1716 da‘.
1025 1689 1170 1716 consilium
1204 1687 1307 1722 expleri
1336 1687 1559 1722 poterat?llanc
1586 1692 1678 1716 tamen
1703 1697 1739 1717 ex

949 1733 1076 1759 omnibus
1099 1740 1181 1759 unam
1202 1732 1236 1765 is,
1258 1732 1305 1767 qui
1327 1735 1422 1760 mortis
1436 1753 1444 1765 ,
1466 1741 1547 1768 quam
1570 1734 1661 1766 vellet,
1678 1736 1740 1770 opi-

949 1780 1058 1807 nionem
1086 1778 1217 1811 habebat,
1244 1778 1295 1806 sibi
1325 1778 1426 1813 delegit
1451 1784 1534 1814 atque
1554 1780 1736 1817 praescripsit.

951 1824 1060 1858 Oportet
1078 1823 1162 1855 enim,
1180 1823 1269 1858 inquit
1284 1843 1291 1855 ,
1309 1823 1410 1851 Filium
1430 1824 1553 1852 hominis.
1579 1825 1638 1853 Non
1653 1826 1738 1859 dixit.

952 1870 1008 1897 haec
1022 1875 1049 1897 et
1082 1870 1140 1897 haec
1157 1869 1244 1896 Filius
1276 1870 1397 1897 hominis
1424 1871 1553 1905 patietur,
1579 1875 1607 1898 ut
1639 1872 1739 1907 aliquis

952 1917 1044 1943 futura
1073 1916 1260 1950 prtenuntians
1290 1916 1452 1950 simpliciter
1472 1917 1601 1951 dixisset,
1620 1918 1668 1945 sed
1691 1927 1740 1946 ne-

952 1962 1101 1989 cessarium
1136 1969 1236 1988 arcana
1272 1962 1389 1996 quadam
1422 1962 1530 1990 ratione
1558 1970 1590 1990 ac
1617 1964 1739 1991 debitum

952 2016 1013 2035 esse
1027 2008 1173 2042 significat,
1189 2007 1265 2038 dum,
1284 2007 1409 2041 Oportet,
1426 2008 1522 2043 inquit,
1541 2007 1640 2035 Filium
1653 2010 1740 2037 Immi-

953 2055 995 2080 uis
1010 2053 1094 2079 multa
1117 2053 1184 2087 pati,
1205 2057 1230 2079 et
1261 2053 1408 2086 reprobari,
1441 2058 1465 2080 et
1483 2053 1613 2088 cruciﬁgi,
1634 2059 1659 2081 et
1688 2059 1741 2082 ter-

954 2101 992 2126 tia
1005 2099 1049 2126 die
1065 2107 1199 2134 resurgere
1210 2099 1244 2126 '1.
1261 2098 1320 2125 Vim
1333 2099 1406 2126 enim
1429 2099 1503 2126 illius
1519 2100 1607 2131 verbi,
1623 2105 1739 2135 oportet,

954 2145 1020 2172 mihi
1036 2145 1192 2177 considera,
1209 2150 1236 2172 et
1253 2145 1374 2172 invenies
1394 2144 1421 2172 id
1444 2144 1472 2172 in
1491 2153 1523 2172 ea
1545 2146 1692 2179 contineri,
1711 2151 1741 2174 ut

956 2190 1102 2226 significet,
1125 2190 1182 2217 fieri
1208 2190 1287 2217 aliter
1313 2197 1368 2217 non
1397 2194 1538 2225 oportere,
1565 2191 1617 2218 nisi
1642 2196 1671 2219 ut
1693 2200 1741 2226 per

956 2244 1065 2264 crucem
1085 2244 1160 2264 mors
1184 2240 1337 2272 appetatur.
1364 2235 1429 2268 Quae
1452 2236 1566 2270 hujusce
1583 2237 1620 2264 rei
1636 2238 1742 2265 causa?

955 2283 1031 2311 Pauli
1042 2283 1127 2311 solius
1137 2286 1179 2310 est
1191 2290 1249 2309 eam
1261 2290 1407 2316 exponere.
1421 2289 1468 2316 per
1478 2289 1580 2309 arcana
1590 2283 1635 2309 illa
1645 2283 1739 2315 verba,

956 2338 1016 2365 qum
1027 2331 1053 2357 in
1066 2330 1154 2365 adytis
1166 2328 1284 2361 paradisi
1295 2327 1460 2356 constitutus
1471 2328 1572 2355 audivit
1582 2337 1588 2354 :
1598 2328 1693 2362 solius,
1703 2329 1742 2356 in~

956 2382 1050 2410 quam,
1061 2374 1136 2401 Pauli
1151 2377 1204 2405 est,
1222 2373 1274 2400 hoc
1286 2373 1376 2400 crucis
1393 2372 1553 2408 mysterium
1571 2373 1719 2408 explanare
1732 2394 1740 2406 ,

957 2420 1184 2456 quemadmodum
1199 2419 1280 2446 etiam
1296 2427 1329 2446 ex
1342 2423 1418 2454 parte
1428 2418 1516 2452 aliqua
1534 2418 1562 2445 in
1577 2418 1693 2453 epistola
1707 2419 1741 2446 ad

957 2467 1089 2503 Ephesios
1103 2467 1185 2498 facit,
1196 2466 1260 2493 dum
1276 2473 1406 2492 arcanum
1424 2464 1477 2491 hoc
1504 2463 1671 2499 patefaciens
1682 2484 1690 2497 ,
1708 2463 1742 2490 Ut

957 2514 1076 2548 possitis,
1089 2512 1188 2547 inquit,
1203 2510 1416 2545 comprehendere
1426 2518 1485 2537 cum
1499 2509 1619 2537 omnibus
1631 2509 1741 2542 sanctis,

958 2567 1016 2593 qua:
1031 2559 1066 2584 sit
1082 2556 1206 2588 latitudo,
1220 2561 1244 2583 et
1260 2555 1404 2591 longitudo,
1419 2560 1444 2582 et
1461 2554 1622 2584 sublimitas.
1643 2558 1669 2580 et
1680 2561 1743 2588 pro-

959 2604 1080 2637 fundum.
1099 2602 1165 2629 scire
1180 2602 1260 2628 etiam
1279 2602 1511 2635 super-eminentem
1526 2600 1641 2627 scientia:
1653 2600 1742 2626 citari-

961 2654 1041 2675 tatem
1074 2647 1183 2678 Christi,
1198 2646 1399 2680 utimpleamim‘
1416 2646 1444 2672 in
1465 2653 1567 2672 omnem
1597 2644 1740 2678 plenitudi-

959 2703 1018 2722 nem
1026 2694 1075 2721 Dei
1086 2694 1119 2721 ⁵¹.
1134 2693 1228 2728 Neque
1242 2693 1314 2720 enim
1328 2692 1428 2718 frustra
1437 2691 1547 2718 divinus
1558 2691 1602 2717 ille
1617 2689 1740 2724 Aposto‘li

962 2740 1058 2767 oculus
1074 2739 1164 2766 crucis
1185 2739 1297 2773 figuram
1315 2737 1488 2772 excogitavit.
1508 2735 1560 2763 Sed
1581 2742 1612 2762 ea
1632 2734 1696 2763 item
1714 2742 1743 2763 η

153 2839 176 2854 ⁸·
189 2836 287 2864 Matth.
304 2843 360 2869 va,
374 2836 405 2863 αι
421 2835 524 2870 -,Marc.
542 2843 602 2869 vui,
619 2835 648 2862 5i
663 2842 670 2867 ;
684 2832 749 2859 Luc.
765 2839 803 2864 ut,
821 2830 873 2865 22;
890 2827 969 2856 Joan.
986 2836 1034 2862 xu,
1053 2827 1084 2854 31
1099 2834 1158 2862 sqq.
1197 2826 1220 2843 ⁶²
1235 2825 1335 2861 Ephes.
1355 2832 1397 2857 ut,
1419 2824 1463 2859 l8,
1478 2824 1520 2852 l9.
