1938 3082
76 127 146 156 023

547 127 579 154 iN
598 128 737 156 CHRISTI
759 129 1077 162 BESUKRECTIONEM
1097 134 1199 162 ORAT.
1219 135 1249 162 II.

1678 136 1732 164 630

78 187 148 220 λον.
167 187 225 215 ἀλλ’
239 188 268 214 ἐν
281 187 419 223 διαφόροις
433 188 634 224 ἱστορησὰντων
646 189 809 224 γεγενῆσθαι
825 199 887 217 και-

943 198 1049 220 xerunt.
1069 194 1115 221 Sic
1131 194 1204 221 enim
1224 194 1407 222 contrarietas
1429 199 1514 227 esset,
1533 195 1556 223 si
1573 204 1659 224 unum
1675 195 1731 224 fac-

80 235 153 269 ροῖξ
167 243 175 250 ’
194 234 262 261 ἀλλά
287 234 337 266 τὰς
362 235 496 268 γυναῖκας
521 234 663 270 ἔγραψαν,
685 235 779 262 ἄλλοτε
803 237 892 268 ἄλλως

80 279 345 316 ὲπιπαραγενέσθαι
368 280 408 315 τῷ
431 281 523 316 τάφῳ,
540 281 587 307 καὶ
612 282 642 308 οὐ
663 282 734 309 κατὰ
749 282 794 308 τὸν
811 283 891 309 αὑτὸν

80 326 190 361 καιρόν
200 335 207 341 ν
224 325 283 358 πῶς
299 326 355 360 γὰρ
370 329 419 357 τὰς
437 326 573 362 διαφόρως
590 327 720 359 ἐλθούσας
732 348 740 360 ,
758 328 848 360 πάσας
863 329 891 355 δὲ

81 374 194 409 ὁμοίως
206 372 354 409 ἀκηκοέναι
368 373 444 409 παρά
455 373 508 399 τῶν
521 373 645 407 ἀγγέλων
659 375 724 409 περὶ
737 373 783 400 τοῦ
804 374 891 409 Σωτῆ-

85 428 157 455 ρος,
170 419 212 446 ὅτι
234 417 368 453 Ἠγέρθη,
384 419 440 445 οὐκ
454 418 539 444 ἐστιν
553 415 628 450 ὧδε,
643 419 680 454 μὴ
695 419 891 454 προστεθέντος

83 465 140 492 τοῦ
157 465 285 497 actitauit;
308 465 368 490 κατ’
396 463 504 498 ἐκείνην
531 464 580 498 μὲν
603 464 825 500 ὁμολογουμένως
843 467 889 493 καὶ

86 511 247 547 συμφώνως
262 510 311 546 τὴν
330 510 405 537 θείαν
425 510 511 537 νύκτα.
525 512 575 546 τῆς
594 511 769 543 ἀναστάσεως
780 512 891 547 γενομέ-

84 567 161 594 γης⁸
192 558 305 593 μηδενὸς
328 557 358 584 δὲ
383 558 434 592 τὴν
453 556 527 592 ὤραν
555 557 795 592 ἑπισημηναμένου
809 577 816 588 ,
840 558 889 594 τὴν

84 604 178 631 πᾶσιν
197 603 347 638 ἄγνωστον,
365 602 435 638 πλὴν
446 602 493 628 τοῦ
509 602 674 634 ἀναστάντος
689 602 768 633 Θεοῦ,
785 604 831 630 καὶ
842 603 889 631 τοῦ

85 649 203 685 Ila-:96:
217 649 266 676 τοῦ
281 649 362 684 μόνον
378 647 557 683 γινώσκοντος
579 648 651 675 οὓτω
673 649 719 676 τὸν
742 649 827 682 Υἱὺν,
851 649 890 682 ὡς

86 695 177 727 αὐτὸς
195 694 330 728 ἔγνωσται
341 694 380 729 τῷ
395 694 528 730 Πατρὶ....
543 694 598 721 Καὶ
608 694 656 722 τοῦ
672 695 829 731 Πνεύματος
842 695 888 722 τοῦ

88 741 185 768 πάντα
203 740 367 776 ἑρευνῶντος
379 760 386 771 ,
398 741 445 767 καὶ
457 741 491 767 τὰ
505 741 574 776 βάοη
590 741 637 767 τοῦ
654 741 732 768 Θεοῦ.
750 741 889 773 Ματθαῖος

84 787 148 822 γὰρ
175 786 227 822 ἔφη
255 786 362 822 Μαρίαν
381 786 431 821 τὴν
450 786 631 822 Μαγδαληνὴν
659 787 707 813 καὶ
731 786 781 823 τὴν
806 787 889 823 ἄλλην

86 832 204 868 Μαρίαν
216 832 265 867 ὀψὲ
289 832 435 860 Σαῦὁάτων
460 833 506 860 ἐπὶ
521 833 571 868 τὴν
584 832 649 859 θέαν
667 833 826 868 ἐληλυθέναι
840 833 889 860 τοῦ

943 243 1012 268 tuin.
1026 247 1080 265 non
1098 240 1126 265 in
1141 246 1195 265 uno
1210 239 1311 273 potius,
1327 239 1375 266 sed
1386 239 1413 266 in
1427 239 1544 268 diversis
1558 241 1732 276 temporibus

942 284 1076 312 accidisse
1101 285 1254 320 scriptores
1281 286 1421 313 memoriae
1448 287 1647 321 prodidissent.
1675 287 1729 314 Sed

941 330 1074 357 mulieres
1092 331 1280 366 scripserunt,
1295 331 1350 358 alio
1368 337 1492 366 tempore
1506 333 1575 360 alias
1590 333 1625 362 ad
1640 334 1732 368 sepul-

941 384 1019 404 crum
1034 378 1153 408 venisse.
1170 383 1197 405 ct
1218 387 1271 405 non
1286 379 1359 405 circa
1374 377 1500 406 eumdem
1515 380 1647 414 temporis
1663 380 1732 406 arti-

941 423 1211 458 culum,.(quomodo
1227 425 1300 452 enim
1324 432 1380 455 cas.
1396 433 1457 458 qua:
1471 425 1588 453 diversis
1601 426 1732 460 tempori-

940 469 992 497 bus
1010 471 1176 505 venerunt?)
1202 479 1297 499 omnes
1314 479 1378 498 vero
1395 471 1522 498 similiter
1537 472 1675 499 audivisse
1697 472 1731 499 ab

941 515 1047 550 angelis
1062 515 1095 542 de
1113 514 1269 548 Servatore,
1294 516 1427 547 Surrexit,
1441 523 1492 542 non
1509 520 1547 542 est
1566 516 1608 542 hic
1627 516 1635 530 ¹
1651 524 1657 541 :
1675 522 1732 542 non

941 561 1048 595 adjecto
1075 562 1195 596 quando.
1209 562 1293 594 Quasi
1311 562 1337 588 in
1351 561 1397 588 illa
1427 561 1520 589 divina
1533 564 1613 589 nocte
1627 561 1732 595 absque

941 607 1142 638 controversia,
1168 611 1196 634 et
1227 607 1254 634 in
1271 607 1324 634 hoc
1339 607 1467 634 omnibus
1496 606 1733 634 consentientibus

940 651 1108 679 resurrectio
1136 652 1244 687 quidem
1270 651 1413 684 acciderit,
1440 659 1520 680 nemo
1547 659 1612 680 vero
1635 652 1732 679 horam

941 699 1161 734 notaverit,qum
1187 699 1316 726 omnibus
1343 699 1436 734 ignota
1450 703 1520 730 erat,
1550 703 1733 733 pratterquam

940 751 1003 772 cum
1022 744 1088 776 Deo,
1120 746 1166 780 qui
1188 745 1350 776 resurrexit,
1370 748 1426 772 tum
1448 743 1535 776 Patri,
1549 743 1594 778 qui
1607 743 1682 770 solus
1696 743 1734 769 ita

940 791 1032 819 neSeit
1048 791 1158 823 Filium,
1184 795 1213 818 ut
1239 791 1298 826 ipse
1315 791 1442 826 cognitus
1460 794 1503 818 est
1528 798 1544 817 a
1557 790 1646 816 Filio:
1674 794 1733 816 lum

942 837 1068 873 Spiritui,
1084 838 1130 873 qui
1146 837 1238 865 omnia
1252 841 1402 870 scrutatur,
1422 836 1504 864 etiam
1531 835 1734 871 profunditatcs

85 878 197 912 τάφον
222 878 333 913 σεισμόν
356 887 386 905 τε
408 878 574 913 γεγενῆσθαι
592 878 679 914 μέγαν
692 887 699 894 ·
723 878 839 913 ἄγγελον
859 879 888 906 δὲ

943 871 1000 911 Dei.
1014 871 1156 911 Matthaaus
1170 883 1242 911 enim
1258 883 1325 910 dixit
1341 884 1352 898 ¹
1370 883 1483 910 Mariam
1499 881 1686 917 Magdalenam
1706 885 1733 908 et

87 922 312 959 καταϐεϐηκέναι
333 923 363 955 ἐξ
378 923 512 959 οὐρανοῦ,
532 923 563 950 τὸ
588 924 637 959 μὲν
660 922 730 956 εἶδος
743 925 886 960 ἀστραπῇ,

87 969 162 1005 χιάνι
176 969 206 996 δὲ
218 970 269 1005 τὴν
282 970 377 1005 στολὴν
390 969 592 1005 παραπλήσιον
605 970 647 997 ἵνα
663 970 702 1006 τῷ
720 971 768 1006 μὲν
780 971 888 1006 φοΰερῷ

88 1016 257 1052 καταπλήξῃ
273 1017 336 1047 τοὺς
350 1016 473 1050 φύλακας
495 1017 530 1051 (οἳ
545 1016 591 1043 καὶ
602 1017 651 1051 τὴν
664 1016 728 1043 θέαν
743 1017 793 1043 οὐκ
809 1019 887 1051 ἐνεγ-

89 1066 205 1098 κόντες,
229 1064 328 1100 μικροῦ
345 1065 392 1091 καὶ
413 1064 553 1091 ἀπώλοντο
579 1065 762 1096 καταστάντες
782 1064 821 1100 τῷ
833 1064 887 1091 δέει

89 1111 204 1148 νεκρο),
231 1110 394 1147 τῷηφαιδρῷ
403 1111 432 1138 δὲ
446 1109 665 1146 προσκαλέσηται
681 1110 729 1143 τὰς
744 1112 887 1144 γυναῖκας,

90 1158 142 1185 καὶ
156 1157 258 1193 θάρσος
273 1158 410 1193 ἐμποιήσῃ
430 1158 489 1188 ταῖς
505 1156 555 1192 τὴν
571 1156 652 1190 φύσιν
668 1157 826 1191 εὐπτοήτοις
841 1157 888 1184 καὶ

88 1204 212 1236 δειλαῖς,
229 1204 275 1230 καὶ
296 1203 345 1238 τὴν
364 1203 511 1230 ἀνάστασιν
535 1202 567 1228 δι’
586 1203 667 1229 αὑτοῦ
687 1202 888 1238 τοῦισχὴματος

89 1249 243 1286 ἀναγγείλῃ
259 1249 425 1286 περιχαρῶς.
445 1249 521 1275 Ἐπεὶ
536 1249 582 1274 καὶ
601 1248 703 1275 τούτων
732 1248 812 1284 χάριν
832 1249 887 1274 ἀπ-

89 1294 278 1321 έσταλτο.Τδν
292 1294 347 1329 γὰρ
362 1293 436 1319 λίθον
451 1293 628 1325 ἀποκυλίσας,
641 1290 721 1328 εὗρεν
735 1293 888 1329 ἐγηγερμέ-

89 1348 139 1366 νον
162 1339 209 1366 τὸν
227 1339 329 1374 Κύριον
340 1360 348 1373 ,
365 1339 558 1374 κεκλεισμένον
579 1339 625 1365 τὸν
636 1339 722 1374 τάφον
735 1359 743 1371 ,
766 1339 813 1365 καὶ
827 1340 888 1370 ταῖς

91 1386 227 1421 σφραγῖσι
254 1384 509 1420 κατησφαλισμένον
525 1405 533 1417 ,
566 1385 613 1410 καὶ
638 1385 671 1420 τῇ
705 1385 887 1420 στρατιωτικῇ

92 1430 206 1465 φρουρᾷ
223 1430 432 1465 πεφυλαγμένον
444 1450 452 1461 ,
473 1430 639 1457 ἀπολιπόντα
658 1430 835 1466 θεοπρεπῶς,
858 1430 888 1456 ὃν

90 1477 196 1512 τρόπον
208 1477 254 1504 καὶ
270 1476 325 1504 τῶν
337 1475 426 1512 θυρῶν
440 1476 640 1512 κεκλεισμένων
657 1477 722 1503 εἵσω
735 1477 781 1504 τοῦ
797 1478 888 1514 δωμα-

91 1523 155 1550 τίου
170 1523 316 1558 γενόμενος
337 1524 392 1554 τοῖς
420 1522 555 1559 μαθηταῖς
579 1523 753 1559 ἐπεφοίτησε.
777 1524 823 1551 Διὸ
842 1525 889 1551 καὶ

93 1569 207 1603 ἐλεγενσ
226 1569 287 1596 Οὺικ
308 1568 394 1595 ἐστιν
413 1565 489 1600 ὧδε,
510 1569 580 1596 ἀλλ’
598 1569 709 1603 ἠγέρθη
722 1578 729 1584 ·
751 1569 862 1605 μηνύων
877 1571 891 1596 ὁ

93 1614 212 1650 ἄγγελος
231 1615 281 1649 τῆς
293 1615 396 1647 οἰκείας
411 1614 529 1649 ἀφίξεως
546 1615 890 1651 προτεθαυματουργῆσοαι

93 1661 146 1695 τὴν
155 1659 209 1687 ητοῦ
222 1659 352 1695 Σωτῆρος
366 1660 523 1692 ἀνάστασιν,
536 1661 569 1696 ἣν
583 1660 621 1692 ὡς
636 1660 702 1691 Θεὸς
716 1661 769 1697 ίδίᾳ
778 1662 890 1696 δυνάμει

94 1707 264 1743 πληρώσας,
282 1707 332 1742 τὴν
356 1706 513 1742 οἰκονομίαν
537 1707 690 1742 ἐνήργησεν
706 1726 713 1738 ,
740 1707 890 1743 ἀγγελικῆς

96 1753 259 1788 συμμαχίας
282 1754 312 1779 οὺ
329 1752 446 1788 δεηθείς.
463 1753 495 1779 Ei
511 1753 566 1788 γὰρ
583 1752 663 1779 τοῦτο
688 1753 726 1789 μὴ
744 1751 795 1789 ἦν,
813 1751 890 1781 εἶπεν

93 1798 142 1831 ἂν,
165 1798 231 1825 Ἰδοὺ
250 1798 395 1834 ἐγείρεται,
410 1798 498 1833 δηλῶν
511 1799 541 1824 τὸ
560 1799 719 1834 παραυτίκα
733 1799 888 1835 γινόμενον’

94 1843 194 1880 ἐπειδὴ
214 1844 243 1871 δὲ
258 1844 433 1880 προεγεγὸνει
446 1843 485 1880 τῷ
501 1845 700 1881 παρεληλυθότι
715 1845 802 1882 χρόνῳ
823 1855 890 1882 χρη-

95 1891 232 1926 σάμενος,
248 1890 366 1926 ἔφησεν·
385 1891 446 1918 οὑκ
462 1891 549 1918 ἐστιν
559 1888 628 1924 ὧδε,
643 1891 712 1918 ἀλλ’
725 1892 845 1926 ἠγέρθη.

941 930 1027 957 aliam“
1055 929 1168 957 Mariam
1190 930 1295 965 vesperi
1321 928 1505 957 Sabbatorum
1529 927 1677 955 venissead
1695 934 1734 953 vt-

941 976 1061 1004 dendum
1081 977 1262 1011 sepulcrum:
1289 979 1485 1003 terrremotum
1514 977 1604 1001 autem
1631 971 1734 999 factum

941 1030 1004 1050 esse
1017 1029 1146 1057 magnum
1162 1030 1168 1047 :
1184 1025 1266 1056 atque
1282 1021 1408 1055 angelum
1417 1020 1451 1047 de
1465 1019 1535 1047 casio
1548 1017 1734 1048 descendisse,

941 1068 1022 1102 cujus
1040 1071 1169 1103 aspectus
1185 1067 1294 1102 quidem
1308 1065 1420 1101 fulguri,
1433 1065 1503 1092 stola
1516 1071 1580 1092 vero
1591 1063 1648 1091 nivi
1661 1063 1735 1090 haud

941 1112 1085 1140 dissimilis
1102 1112 1196 1145 fuerit,
1225 1115 1255 1138 ut
1282 1111 1343 1146 ipso
1371 1110 1488 1138 terribili
1507 1109 1617 1145 quidem
1640 1108 1734 1136 habitu

941 1157 1167 1193 perterrefaceret
1193 1157 1333 1189 custodes,
1353 1157 1400 1191 qui
1427 1157 1511 1184 etiam
1543 1163 1597 1182 non
1616 1154 1735 1182 ferentes

942 1203 1086 1236 visionem,
1099 1210 1196 1238 parum
1207 1203 1295 1230 alil'uit
1311 1203 1377 1238 quin
1405 1203 1536 1238 perirent,
1552 1201 1652 1230 mortui
1671 1200 1736 1228 iacti

941 1253 1014 1275 metu
1031 1257 1038 1275 :
1053 1249 1172 1276 candore
1192 1257 1257 1276 vero
1273 1250 1401 1277 invitaret
1416 1249 1593 1280 mulieres,et
1606 1247 1734 1275 ﬁduciam

941 1294 1067 1329 injiceret
1088 1298 1187 1322 natura
1211 1295 1315 1323 timidis
1339 1302 1373 1322 ac
1395 1294 1594 1326 formidolosis.
1610 1301 1737 1321 resurre-

941 1341 1115 1375 ctionemque
1132 1348 1180 1374 per
1196 1341 1286 1376 ipsum
1304 1341 1428 1369 habitum
1442 1347 1505 1368 cum
1518 1339 1622 1375 ingenti
1645 1339 1737 1366 laetitia

941 1386 1127 1413 aununtiaret.
1147 1384 1196 1412 His
1214 1385 1286 1412 enim
1300 1384 1335 1412 de
1351 1385 1443 1412 causis
1457 1385 1561 1412 missus
1581 1388 1650 1411 crat.
1666 1383 1735 1410 Cutn

941 1433 1015 1460 enim
1027 1431 1145 1468 lapidem
1172 1431 1350 1464 revolvisset,
1362 1432 1464 1467 reperit
1474 1431 1660 1458 resurrexisse
1678 1429 1733 1456 Do-

941 1478 1058 1510 minum,
1085 1477 1215 1512 sepulcro
1229 1477 1303 1513 quod
1318 1477 1416 1513 sigillis
1431 1476 1568 1504 munitum
1585 1475 1685 1507 fuerat,
1704 1482 1737 1500 ac

943 1523 1070 1559 praesidio
1085 1523 1202 1550 militum
1224 1523 1441 1556 custodiebatur,
1462 1523 1535 1551 sicut
1548 1521 1633 1549 Deum
1657 1524 1736 1548 dece—

944 1571 1002 1602 bat,
1019 1571 1114 1598 clauso
1129 1570 1236 1601 relicto,
1262 1569 1491 1605 quemadmodum
1514 1567 1617 1595 clausis
1627 1574 1738 1602 quoque

941 1616 1035 1651 januis
1052 1621 1199 1651 penetrans
1226 1617 1255 1642 in
1280 1615 1450 1643 domicilium
1468 1614 1502 1642 ad
1517 1614 1670 1649 discipulos
1690 1621 1737 1640 ac-

942 1663 1036 1690 cessit.
1055 1661 1145 1695 Quare
1171 1661 1253 1689 etiam
1281 1661 1389 1689 dicebat
1405 1671 1411 1688 :
1430 1660 1540 1688 Nonest
1553 1661 1607 1691 hic,
1620 1659 1667 1687 sed
1680 1667 1738 1686 sur-

942 1709 1012 1736 rexit
1036 1707 1224 1743 :signiﬁcans
1247 1707 1361 1743 angelus
1394 1711 1458 1735 ante
1485 1712 1566 1734 suum
1589 1706 1738 1733 adventum

941 1756 1140 1784 admirabiliter
1159 1756 1294 1784 accidisse
1318 1754 1547 1782 resurrectionem
1571 1751 1737 1785 Servatoris,

943 1810 1024 1837 quam
1040 1807 1068 1829 ut
1080 1802 1151 1830 Deus
1168 1802 1278 1837 propria
1293 1801 1395 1828 virtute
1407 1806 1560 1834 exsequens
1575 1798 1603 1825 iu
1619 1798 1664 1829 iis,
1678 1805 1738 1832 quae

943 1849 1078 1884 disposita
1105 1856 1138 1875 ae
1167 1848 1304 1876 destinata
1325 1851 1422 1877 erant,
1446 1844 1608 1880 peragendis
1632 1844 1737 1871 nullum

945 1894 1105 1930 angelorum
1124 1894 1257 1921 auxilium
1271 1892 1448 1921 desideravit.
1466 1891 1525 1918 Nisi
1547 1890 1619 1918 enim
1636 1890 1688 1917 hoc
1700 1889 1737 1916 ita

95 1940 185 1968 esset,
199 1936 314 1963 dixisset
331 1945 338 1963 :
356 1934 427 1962 Ecce
450 1935 578 1971 resurgit,
593 1936 752 1970 signiﬁcans
765 1937 803 1970 id,
817 1938 890 1973 quod
911 1940 1005 1967 statim
1024 1940 1118 1973 ﬁeret;
1146 1940 1193 1968 sed
1209 1940 1339 1975 quoniam
1364 1943 1426 1966 ante
1456 1937 1557 1965 factum
1578 1941 1648 1969 erat,
1669 1943 1738 1972 prs~

95 1982 181 2011 terito
201 1986 322 2017 tempore
342 1986 421 2009 utens
440 1981 508 2009 dixit
523 1991 529 2009 :
546 1982 609 2010 Non
623 1988 662 2010 est
680 1983 733 2017 hic,
747 1984 794 2012 sed
819 1986 944 2013 surrexit.

133 2030 223 2056 Κάκεῖ
234 2029 262 2056 δὲ
274 2029 307 2056 ἐκ
320 2029 415 2056 τούτου
425 2028 562 2056 δείκνυται
575 2029 679 2064 σαφῶς,
688 2030 727 2062 ὡς
741 2031 765 2057 οἱ
781 2031 894 2058 ἀπόστο-

94 2075 140 2101 λοι
153 2073 332 2110 κηρύττοντες
353 2073 384 2100 τὸ
397 2074 562 2108 Εὑαγγέλιον
575 2094 582 2106 ,
607 2074 700 2109 ἔλεγον
714 2076 761 2102 τὸν
776 2077 894 2111 Χριστὸν

96 2120 248 2156 ὲγηγέρθαι
267 2121 319 2147 ὑπὸ
332 2120 378 2148 τοῦ
406 2121 531 2157 Πατρὺς,
554 2121 598 2148 διὰ
625 2122 655 2149 τὸ
668 2121 724 2149 τῶν
740 2123 894 2150 ἀκουόντων

96 2167 230 2200 ἀσθενὲς,
245 2167 448 2204 εὐωράδεκτον
463 2168 517 2194 τὸν,
525 2168 604 2203 λόγον
617 2168 705 2205 ταύτῃ
723 2170 894 2197 κατασκευά-

96 2213 202 2247 ζοντες.
219 2213 248 2240 ’0
264 2213 293 2240 δὲ
306 2213 422 2248 ἄγγελος
439 2214 488 2250 τὴν
508 2214 754 2251 εὐαγγελιζομένην
767 2216 816 2251 τὴν
831 2217 895 2243 ἀνά-
909 2241 930 2268 D

98 2269 197 2288 στασιν
215 2261 299 2297 ῥήξας
313 2261 415 2296 φωνὴν,
431 2261 538 2297 γυμνὴν
557 2263 694 2296 ὲκφαίνων
714 2263 763 2299 τὴν
779 2264 891 2299 θεοπρε-

96 2306 237 2341 πεστάτην
249 2306 372 2340 ἐξουσίαν
387 2306 433 2333 τοῦ
452 2307 617 2339 ἀναστάντος
629 2307 693 2335 ὲὸὀα
706 2316 711 2322 ·
731 2310 792 2335 οὐκ
806 2309 892 2336 ἐστιν

96 2350 169 2383 ὦδε,
186 2351 254 2379 ἀλλ’
270 2351 392 2386 ἠγέρθη.
411 2352 465 2378 Καὶ
479 2352 510 2378 τὸ
531 2352 681 2387 ἑγηγέρθαι
697 2352 726 2378 δὲ
745 2353 826 2380 αὐτὸν
839 2354 892 2380 ὑπὸ

99 2397 148 2425 τοῦ
163 2398 269 2433 [ἰατρὸς
287 2397 424 2431 λέγεσθαι,
438 2397 493 2423 τῶν
510 2398 559 2432 μὲν
572 2397 737 2430 ἀκουόντων,
758 2398 796 2430 ὡς
812 2398 890 2434 ἔφην,

98 2444 238 2479 οἰκονομεῖ
261 2443 294 2470 τὸ
310 2443 422 2475 ἀσθενές
433 2451 440 2458 θ
453 2443 499 2470 τὸν
514 2443 543 2470 δὲ
561 2443 644 2470 αὐτὸν
665 2443 721 2478 ἔχει
741 2444 804 2471 νοῦν
815 2464 823 2475 ,
845 2445 892 2471 καὶ

77 2501 81 2513 ι
98 2491 150 2525 οὐχ
168 2489 270 2525 ἓτερον.
291 2490 335 2516 Ἐν
357 2490 410 2516 τίνι
427 2489 482 2525 γὰρ
507 2490 522 2516 ὁ
539 2490 635 2525 Πατὴρ
649 2490 773 2525 ὲνεργεῖ;
795 2491 839 2517 Ἐν
858 2492 890 2526 τῇ

99 2535 191 2571 οἰκείᾳ
203 2535 317 2570 δυνάμει
332 2535 463 2570 δηλονότι.
479 2535 528 2566 Τίς
543 2535 572 2562 δέ
593 2536 694 2571 ἐστινὴ
711 2536 825 2571 δύναμις
845 2536 892 2562 τοῦ

101 2581 223 2617 Πατρόςς
240 2581 334 2613 Οὐδεὶς
359 2581 455 2615 ἄλλος,
481 2581 528 2618 ἢὸ
553 2582 688 2617 Χριστός·
706 2583 823 2617 Χριστὸς
839 2582 893 2618 γὰρ

101 2626 170 2654 Θεοῦ
192 2626 324 2661 δύναμις,
340 2627 387 2653 καὶ
401 2626 469 2653 Θεοῦ
492 2627 582 2662 σοφία.
606 2627 711 2654 Οὐκοῦν
732 2628 829 2655 ἑαυτὸν
845 2630 893 2655 ἀν-

101 2673 217 2708 έστησεν
230 2673 245 2700 ὁ
258 2673 363 2708 Σωτὴρ,
379 2673 403 2699 εἰ
417 2673 463 2699 καὶ
485 2673 537 2700 ὑπὸ
554 2673 600 2700 τοῦ
617 2674 726 2709 Ila-ipe;
739 2675 888 2710 ἐγηγὲροαι

100 2719 222 2754 λέγεται.
238 2719 276 2745 Τὸ
290 2719 318 2745 δὲ
335 2719 407 2753 ’0ψὲ
416 2719 582 2751 Σαϐϐάτων,
594 2719 623 2746 οὺ
639 2719 688 2754 τὴν
708 2721 828 2756 ἑσπέραν
842 2720 892 2756 τὴν

102 2764 174 2794 κατά
188 2765 240 2801 τὴν
263 2764 339 2792 δύσιν
362 2765 408 2792 τοῦ
429 2765 505 2801 ἡλίου
532 2765 625 2800 δηλοῖ)
643 2766 702 2793 οὐδὲ
720 2766 774 2802 γὰρ
797 2766 894 2798 ἑνικῶς

139 2853 256 2881 ‘Matth.
272 2861 370 2886 xxvm,
382 2853 397 2880 6
447 2854 456 2868 ²
471 2853 536 2881 ibid.
554 2853 562 2880 I
579 2860 640 2888 sqq.

980 2032 1070 2068 Atque
1092 2032 1160 2060 illud
1183 2032 1264 2060 etiam
1278 2039 1310 2060 ex
1340 2031 1393 2059 hoc
1407 2035 1502 2066 aperte
1518 2030 1736 2059 demonstratur,

945 2077 1019 2112 quod
1030 2078 1162 2112 apostoli,
1173 2085 1235 2105 cum
1247 2076 1427 2112 pratdicarent
1436 2074 1738 2111 Evangelium,proptcr

945 2123 1134 2151 inﬁrmitatem
1150 2123 1319 2151 audientium
1337 2123 1466 2150 dicebant
1486 2121 1626 2149 Christum
1642 2127 1737 2148 resus-

943 2170 1056 2196 citatum
1075 2177 1136 2197 esse
1149 2168 1268 2201 aPatre,
1296 2167 1492 2203 acceptabilem
1511 2171 1538 2194 et
1555 2165 1733 2194 commenda-

946 2215 1026 2242 bilem
1042 2215 1094 2242 hoc
1103 2214 1184 2242 modo
1201 2221 1355 2242 sermonem
1369 2212 1527 2241 reddentes.
1548 2211 1601 2240 Sed
1611 2211 1736 2247 angelus,

944 2261 991 2294 qui
1001 2260 1107 2295 primus
1125 2260 1335 2288 resurrectionis
1343 2259 1575 2287 annuntiatricem
1585 2266 1680 2286 vocem
1690 2265 1736 2285 ru-

946 2306 994 2341 pit,
1016 2305 1116 2332 nudam
1136 2306 1283 2342 designans
1310 2313 1343 2333 ae
1370 2305 1523 2340 maiestatis
1549 2304 1736 2341 plenissimam

946 2352 1062 2387 ideoque
1082 2351 1200 2380 maxime
1213 2352 1422 2380 convenientem
1437 2351 1508 2386 ejus,
1526 2351 1574 2386 qui
1584 2357 1738 2379 resurrexe-

945 2402 997 2431 rat,
1012 2402 1183 2432 potestatem,
1200 2398 1335 2426 clamabat
1352 2407 1359 2426 :
1378 2397 1442 2424 Non
1457 2401 1496 2424 est
1509 2397 1562 2430 hic,
1579 2395 1628 2424 sed
1643 2403 1730 2424 surre-

945 2445 995 2471 xit.
1012 2443 1107 2479 itaque
1134 2443 1208 2479 quod
1232 2443 1332 2471 dicitur
1346 2451 1408 2470 eum
1432 2442 1625 2471 resuscitatum
1641 2448 1702 2469 esse
1720 2447 1736 2467 a

946 2488 1038 2522 Patre,
1054 2489 1222 2517 audientium
1239 2489 1361 2524 quidem,
1378 2493 1408 2516 ut
1424 2489 1493 2520 dixi,
1508 2487 1671 2523 disponebat
1694 2489 1737 2513 at-

947 2544 1000 2570 que
1011 2536 1204 2564 moderabatur
1218 2536 1416 2568 inﬁrmitatem,
1431 2535 1556 2562 eumdem
1574 2541 1638 2561 vero
1651 2531 1737 2560 conti-

948 2587 1004 2613 net,
1020 2586 1111 2609 etnon
1126 2581 1209 2608 alium
1222 2581 1400 2608 intellectum.
1414 2579 1481 2606 Nam
1496 2580 1522 2606 in
1539 2586 1594 2613 quo
1607 2582 1736 2612 operatur

947 2627 1048 2654 Pater?
1067 2626 1095 2654 In
1122 2627 1233 2662 propria
1256 2626 1378 2661 potentia
1407 2625 1534 2652 videlicet
1566 2627 1593 2651 et
1622 2623 1734 2650 virtute.

948 2671 1077 2705 Qumnam
1093 2677 1134 2699 est
1145 2676 1235 2698 autem
1247 2671 1335 2698 virtus
1352 2677 1384 2698 ac
1399 2669 1519 2704 potentia
1528 2667 1637 2695 Patris?
1651 2666 1735 2694 Nemo

949 2719 1019 2745 alius
1033 2722 1214 2753 praeterquam
1243 2717 1392 2744 Christus:
1422 2716 1549 2743 Christus
1581 2714 1654 2741 cnim
1688 2711 1735 2738 Det

949 2766 1036 2792 virtus
1050 2772 1080 2792 ac
1095 2764 1224 2799 polentia,
1242 2763 1342 2798 Deique
1357 2762 1491 2797 sapientia
1506 2765 1557 2789 cst.
1573 2760 1642 2795 Ergo
1661 2757 1735 2793 seip-
