1938 3082
82 136 144 166 655

556 146 588 172 IN
609 146 747 175 CHRISTI
765 148 1086 180 RESURRECTIONEM
1100 153 1203 180 OllAT.
1220 154 1251 180 11.

1681 154 1729 181 634

82 203 141 247 τες
155 196 200 229 εἰς
214 196 273 248 τὴν
291 199 396 232 πόλιν,
413 201 601 237 ἀπήγγειλαν
617 205 680 238 τοῖς
693 207 882 242 ἀρχιερεῦσιν

942 211 1042 246 inquit,
1069 216 1098 239 ut
1115 212 1243 238 mandata
1266 212 1401 239 referrent
1416 211 1573 247 discipulis,
1591 220 1649 239 ecce
1670 213 1730 248 qui-

83 241 211 269 ιῗίπαντα
225 243 261 270 τὰ
278 246 433 280 γενόμενα.
454 248 510 276 Καὶ
523 252 729 286 συναχθέντες
740 241 816 289 μετὰ
828 254 889 282 τῶν

82 289 315 336 ςτρεσξοτὲρων,
335 294 523 326 συμϐούλιόν
542 305 575 323 τε
587 299 747 332 λαϐόντες,
764 300 889 336 ἀργύρια

85 334 181 380 iocari;
191 334 309 363 ἔδωκαν
324 339 386 371 τοῖς
398 341 592 376 στρατιώταις
606 344 747 380 λέγοντες
757 355 763 362 ·
775 334 888 375 Εἶπατε

85 379 135 428 ὅτι
154 381 184 428 οἱ
200 383 329 416 μαθηταὶ
344 385 439 413 αὑτοῦ
463 388 574 422 νυκτὸς
597 390 738 425 ἐλθόντες
751 393 889 428 ἔκλεψαν

83 426 185 474 αὑτὸν
205 429 290 464 ⁴ἡμῶν
304 432 503 466 κοιμωμένων,
516 437 566 462 καὶ
578 436 634 464 ἐὰν
645 438 785 474 ἀκουσθῇ
790 426 887 471 Δτοῦτο

82 473 137 500 ἐπὶ
154 475 210 502 τοῦ
229 475 377 511 ἡγεμόνος
391 498 399 510 ι
421 481 508 515 ἡμεῖς
533 484 680 519 πείσομεν
700 473 813 517 αὑτὸν,
838 486 888 513 καὶ

82 518 168 553 ὑμᾶς
191 521 374 557 ἀμερίμνους
396 526 565 562 ποιήσομεν
585 539 591 544 -
623 518 652 557 οἱ
684 531 718 557 δὲ
742 532 888 566 λαϐόντες

82 565 122 592 τὰ
134 566 273 601 ἀργύρια,
292 569 443 605 ἐποίησαν
461 574 502 607 ὡς
522 575 745 610 ἐδιδάχθησαν,
773 579 823 605 καὶ
844 565 889 606 διὲ

84 614 247 662 εςξημίσθη
267 617 284 642 ὀ
309 618 400 653 λόγος
414 618 505 654 οὗτος
533 622 613 656 παρὰ
632 624 787 659 Ἰουδαίοις
798 626 887 661 μέχρι

84 659 143 691 τῆς
161 659 307 695 σήμερον.

129 747 164 775 Ἦ
182 749 231 784 μὲν
247 748 294 778 οὖν
304 751 372 788 ἄλλη
387 754 481 790 Μαρία
493 756 606 793 (ταύτην
626 758 654 784 δὲ
672 756 742 786 εἶναι
758 759 807 795 τὴν
820 759 886 787 Θεο-

81 793 169 821 τὸκον
184 797 322 825 πιστεύειν
340 800 494 834 ἀκόλουθον,
516 803 556 829 ὅτι
584 805 651 840 μηδὲ
673 793 822 843 ἀπελείφθη
837 807 885 834 τοῦ

81 840 194 873 πάθους
206 863 213 873 ,
228 843 286 870 ἀλλ’
300 844 394 872 ἵστατο
416 848 491 883 παρὰ
507 849 546 884 τῷ
560 851 685 886 σταυρῷ,
701 851 739 884 ὼς
761 840 886 889 ⁸ίωάννηις

939 257 1001 283 dam
1019 256 1051 283 de
1064 257 1186 284 custodia
1208 258 1234 284 in
1249 257 1339 284 urbem
1356 263 1490 290 venerunt,
1516 267 1547 285 ac
1565 259 1731 286 renuntiave-

939 306 1000 328 runt
1016 301 1178 336 principibus
1194 301 1360 329 sacerdotum
1376 303 1475 333 onmia.
1492 311 1550 337 quia
1565 303 1727 332 acciderant.

940 349 1023 382 Atque
1039 347 1080 374 illi
1093 348 1188 378 coacti,
1205 356 1308 382 unaque
1323 356 1380 374 cum
1395 349 1543 375 senioribus
1558 349 1648 376 [iubilo
1666 357 1729 375 cou-

938 394 1000 420 silio
1014 393 1080 419 satis
1099 401 1223 428 magnam
1239 393 1376 427 pecuniam
1391 393 1518 420 dederunt
1541 394 1671 420 militibus
1687 393 1728 420 di-

938 444 1023 466 centes
1040 447 1048 465 :
1064 438 1158 470 Dicite,
1185 439 1254 475 quod
1272 439 1397 473 discipuli
1425 438 1482 473 ejus
1509 444 1583 466 nocte
1601 440 1726 469 venerint.

937 490 963 512 et
989 485 1167 519 subripuerint
1189 493 1250 512 eum
1269 485 1341 512 vobis
1361 484 1561 512 dormientibus.
1581 483 1615 511 Et
1632 485 1656 511 si
1680 485 1728 510 hoc

937 531 1054 558 delatum
1070 531 1151 565 fuerit
1172 531 1206 557 ad
1224 532 1374 564 privsidem,
1398 539 1445 557 nos
1462 530 1678 565 persuadebimus
1692 530 1726 563 ei,

937 581 961 603 et
975 584 1017 602 vos
1032 584 1138 602 securas
1153 575 1303 602 reddemus.
1321 575 1366 602 Illi
1379 581 1467 602 autent
1484 580 1591 609 accepta
1605 575 1725 609 pecunia,

937 622 1053 656 fecerunt
1077 621 1297 657 quemadmodum
1317 627 1393 648 erant
1407 622 1493 649 edocti
1506 630 1515 649 .'
1528 627 1552 648 et
1575 622 1726 656 divulgatus

936 674 974 696 est
999 669 1041 696 hic
1073 677 1165 696 rumor
1189 668 1258 703 apud
1279 667 1389 695 Judwos
1415 677 1495 704 usque
1521 669 1548 695 in
1572 668 1727 695 hodiernum

937 715 1005 741 diem
1018 716 1039 742 δ.

972 761 1062 796 Atque
1077 761 1163 788 altera
1180 761 1290 796 quidem
1313 759 1397 787 Maria
1417 760 1497 795 (banc
1512 763 1603 787 autent
1622 758 1722 794 Deipa-

937 815 995 834 ram
1022 807 1109 834 fuisse
1134 807 1247 834 credere
1269 811 1485 834 consentaneum
1509 810 1552 833 est
1572 814 1579 832 :
1596 805 1724 839 quoniam

937 861 989 880 nec
1015 860 1029 879 a
1055 852 1184 888 passione
1207 852 1318 887 quidem
1345 852 1443 884 abl‘uit,
1470 851 1517 879 sed
1548 851 1726 885 stabatjuxta

83 887 235 924 ἱστόρησεν
248 887 285 927 ,ᾖ
311 892 358 918 καὶ
372 892 474 929 ἔπρεπε
489 894 524 921 τὰ
538 896 588 930 τῆς
603 898 691 932 χαρᾶς
708 887 884 933 εὐαγγελίσαι

937 907 1063 932 crucem,
1091 904 1121 926 ut
1143 897 1262 926 Joannes
1287 898 1426 926 memoriae
1455 896 1612 932 prodidit“,
1642 903 1726 931 quam

84 934 164 966 σθαι,
177 936 240 973 ῥίζῃ
254 938 303 972 τῆς
322 939 410 974 χαρᾶς
425 939 504 976 οὔσῃ,
522 941 569 968 καὶ
584 942 829 981 καλῶςιὰκουσάσῃ
843 945 884 978 τὸ,

81 981 179 1016 Χαῖρε
191 1003 199 1014 ,
226 985 445 1021 κεχαριτωμένη
458 1007 466 1019 ,
484 989 501 1015 ό
516 989 625 1023 Κύριος
649 992 725 1025 μετὰ
747 991 839 1027 σοῦ),
856 993 886 1019 τὸ

83 1028 256 1065 πρόσταγμα
279 1030 327 1058 τοῦ
347 1033 451 1068 Κυρίου
479 1033 640 1070 πληροῦσα,
666 1037 723 1068 τοῖς
751 1037 886 1073 μαθηταῖς

83 1074 200 1107 πάντως
212 1076 389 1112 ἀπήγγειλεν.
411 1080 448 1106 Οὐ
471 1080 526 1117 γὰρ
538 1079 572 1117 ἦν
589 1082 668 1118 Θέμις
687 1082 724 1118 μὴ
739 1083 884 1119 πληρωθῆ-

84 1129 134 1147 ναι
151 1122 182 1148 τὸ
196 1122 267 1149 οὕτω
291 1124 380 1159 σοφῶς
396 1126 574 1163 οἰκονομηθέν
590 1137 620 1155 τε
638 1129 685 1156 καὶ
705 1130 884 1166 προσταχθὲν,

84 1169 113 1194 εἰ
142 1169 190 1195 καὶ
214 1170 368 1206 ἠπίστησαν
386 1173 410 1198 οἱ
429 1173 604 1206 ἀκούσαντες.
629 1175 706 1202 Ἐπεὶ
721 1176 769 1203 καὶ
789 1177 885 1203 ἕπεται

84 1215 171 1241 τοῦτο
187 1215 318 1248 πολλάκις
339 1219 370 1253 τῇ
388 1218 442 1244 τῶν
464 1219 711 1256 ἀπαγγελλομένων
739 1221 886 1258 θαυμάτων

86 1260 239 1296 ὑπερϐολῇ.
256 1262 292 1287 Οὐ
304 1262 359 1298 γὰρ
373 1262 406 1289 ἂν
421 1263 501 1299 ἀργοὶ
517 1264 666 1300 διέμειναν,
676 1267 699 1292 ει
711 1265 883 1293 ἐπίστευσαν.

93 1306 129 1332 Ἦ
150 1306 178 1332 δὲ
194 1307 360 1344 Μαγδαληνὴ
386 1311 612 1346 συμπορευομένῃ
630 1312 662 1346 τῇ
681 1311 804 1347 Θεοτόκῳ
817 1332 823 1342 .
838 1312 885 1338 καὶ

87 1351 161 1387 πρὸς
174 1352 223 1388 τὴν
237 1353 406 1388 ἀπαγγελίαν
416 1355 516 1390 ὁμοίως
529 1357 693 1393 ἐπειγομένη
704 1377 711 1388 ,
727 1357 845 1384 πέπονθέ
857 1366 885 1384 τι

87 1398 138 1424 καὶ
154 1398 322 1434 ἀνθρώπινον
334 1409 341 1415 υ
356 1400 403 1427 καὶ
421 1400 516 1437 ὥσπερ
536 1403 550 1429 ὁ
566 1402 669 1438 Πέτρος
689 1402 742 1430 ὑπὸ
766 1403 884 1439 Ἡρώδου

88 1443 271 1480 συλληφθεὶς,
286 1446 334 1472 καὶ
352 1445 397 1473 διὰ
414 1447 463 1473 τοῦ
480 1447 598 1482 ἀγγέλου
624 1449 676 1475 τῶν
694 1449 816 1476 ἁλύσεων
839 1450 886 1476 λυα

88 1490 148 1522 θεὶς
161 1491 332 1525 αὐτομάτως,
344 1492 392 1519 καὶ
406 1493 457 1528 τῆς
470 1494 596 1529 φυλακῆς
609 1494 663 1527 ἔξω
677 1496 885 1530 γενόμενος,καὶ

87 1537 205 1564 ἐπιπολὺ
220 1537 349 1573 βαδίσας,
367 1539 405 1571 ὡς
428 1539 476 1567 καὶ
503 1540 553 1574 τὴν
585 1542 635 1576 τῆς
664 1542 768 1574 πόλεως
796 1543 885 1576 πύλην

935 945 1018 972 etiam
1044 944 1159 971 decebat
1182 951 1225 975 ea,
1250 951 1311 978 qua:
1336 944 1369 970 ad
1389 943 1517 978 gaudium
1541 942 1726 977 pertinebant,

936 990 1112 1021 annuutiarc,
1130 994 1160 1016 ut
1172 997 1233 1024 quae
1249 989 1327 1016 radix
1345 988 1437 1024 gaudii
1453 993 1537 1021 esset,
1554 995 1585 1014 ac
1596 986 1727 1022 protelare

936 1035 1088 1062 audivisset
1108 1035 1186 1066 illud,
1211 1035 1276 1067 Ave.
1302 1035 1391 1069 gratia
1415 1034 1503 1069 plena,
1533 1033 1662 1060 Dominus
1689 1037 1726 1058 te»

937 1087 995 1105 cum
1007 1078 1049 1114 ⁸),
1083 1078 1245 1106 mandatum
1268 1078 1376 1105 Domini
1403 1086 1558 1113 exsequens
1582 1077 1727 1112 discipulis

935 1125 1048 1152 omnino
1072 1125 1210 1160 exposuit.
1228 1123 1289 1151 Non
1315 1124 1388 1151 etlim
1416 1124 1459 1151 fas
1485 1129 1544 1151 erat
1563 1132 1617 1151 non
1638 1123 1727 1150 adim-

936 1171 1003 1205 pleri
1030 1170 1068 1201 id,
1091 1171 1165 1206 quod
1188 1171 1224 1197 ita
1244 1172 1319 1198 clare
1345 1171 1522 1206 dispositum,
1549 1170 1728 1198 administra-

936 1222 1005 1250 tum,
1030 1221 1057 1244 et
1080 1222 1245 1252 praeceptum
1274 1221 1344 1251 erat,
1372 1218 1482 1245 tametsi
1505 1225 1560 1244 non
1584 1216 1728 1244 crederem

936 1264 983 1298 qui
1009 1264 1166 1291 audiebant.
1188 1263 1324 1296 Quoaiam
1347 1264 1400 1291 hoc
1421 1271 1530 1299 quoque
1556 1270 1629 1298 saepe
1654 1262 1728 1290 acci-

935 1311 1000 1338 dere
1023 1311 1104 1342 solet.
1115 1310 1180 1337 dum
1202 1310 1335 1338 immensa
1359 1310 1491 1338 miracula
1513 1309 1726 1336 annnntiantur.

935 1354 1029 1390 Neque
1042 1355 1115 1382 enim
1132 1356 1215 1382 otiosi
1239 1355 1469 1390 permansissent,
1488 1355 1511 1382 si
1536 1354 1727 1382 credidissent.

936 1402 972 1428 At
984 1401 1151 1437 Magdalenen
1167 1410 1222 1429 una
1239 1409 1302 1429 cum
1317 1401 1435 1437 Deipara
1454 1401 1566 1429 abeunti
1586 1405 1614 1427 et
1633 1400 1728 1427 simili-

936 1451 978 1474 ter
998 1448 1031 1474 ad
1056 1448 1277 1475 annuntiandum
1302 1447 1459 1482 properanti
1479 1447 1578 1473 accidit
1597 1445 1727 1482 quiddam

936 1501 1013 1521 more
1033 1494 1153 1521 humano
1168 1503 1174 1521 :
1189 1498 1216 1520 et
1241 1493 1471 1529 quemadmodum
1496 1492 1594 1519 Petrus
1619 1491 1653 1518 ab
1676 1490 1728 1518 He-

935 1541 1004 1568 rode
1018 1540 1248 1575 comprebensus,
1263 1543 1291 1566 et
1312 1547 1361 1574 per
1377 1539 1505 1574 angelum
1530 1537 1630 1565 solutis
1653 1537 1728 1564 ultro

86 1584 204 1612 διελθεῖν
214 1604 221 1617 ,
235 1585 335 1621 ἀληθὲς
350 1586 481 1621 υὺκῗῷετο
496 1587 527 1614 τὸ
540 1587 681 1622 γινόμενον
693 1607 701 1620 ,
718 1588 776 1615 ἀλλ’
793 1588 884 1623 ἐνόμι-

937 1585 1043 1612 catenis
1073 1592 1106 1612 ex
1130 1584 1257 1612 custodia
1282 1585 1409 1616 eductus,
1441 1583 1613 1619 multumque
1646 1582 1727 1618 spatii

88 1630 137 1662 ξεν
158 1630 250 1666 ὅραμα
271 1631 380 1667 βλέπειν
393 1641 400 1648 ·
417 1632 488 1660 οὕτω
505 1634 553 1660 καὶ
570 1633 640 1668 αὕτη
660 1634 709 1670 τὴν
732 1635 885 1670 ὑπερϐολὴν

87 1674 137 1701 τοῦ
161 1675 299 1710 θαύματος
313 1677 395 1703 οἱονεὶ
414 1677 528 1713 ἄκαιρόν
545 1686 606 1704 τινα
630 1677 812 1713 λογισαμένη,
838 1679 885 1705 καὶ

89 1721 149 1755 ἅμα
179 1721 233 1747 τῶν
259 1721 388 1756 φυλάκων
412 1722 622 1756 ὲπιφθασάντων
649 1722 695 1748 καὶ
723 1721 885 1757 ἀρξαμένων

89 1764 160 1799 μετὰ
173 1764 227 1791 τῶν
241 1766 392 1801 ἀρχιερέων
412 1766 462 1801 τὴν
478 1767 662 1801 συκοφαντίαν
676 1767 798 1800 ὑφαίνειν
815 1767 884 1794 κατὰ

86 1812 139 1846 τῆς
155 1812 344 1843 άναστὸιιιῈι-ις⁸
360 1812 510 1847 αἰσθομένη
532 1813 640 1844 πάντως
666 1812 786 1839 τοιούτου
814 1801 885 1845 τινὸς

87 1857 346 1893 ἐπιψιουριζομένου
360 1879 367 1889 ,
388 1859 451 1890 τοὺς
477 1859 525 1894 τῆς
540 1859 705 1894 ἀμφιϐολίας
719 1858 885 1895 παρεδέξατο

87 1903 252 1938 λογισμοὺς,
268 1905 376 1938 καὶτῆς
386 1905 557 1939 ἀπαγγελίας
572 1906 758 1941 ὀλιγωρήσας,
775 1905 822 1932 καὶ
836 1904 883 1931 τοῦ

89 1950 225 1985 σωτηρίου
252 1951 481 1986 προστάγματος,
509 1952 577 1987 προς
600 1952 645 1978 τὸν
677 1951 761 1986 τάφον
786 1950 884 1986 ἐχώρει

88 1995 181 2030 πρωῒ,
200 1997 325 2029 σκοτίας
349 1997 392 2024 ἐτι
420 1997 517 2031 οὔσης
536 2019 542 2029 ,
573 1997 611 2028 ὡς
635 1998 763 2032 Ἰωάννης
790 1997 883 2032 φησίν.

90 2043 196 2078 Ὥσπερ
220 2042 274 2078 γὰρ
298 2043 489 2079 συνεχώρησεν
515 2044 529 2070 ὁ
546 2043 649 2079 Κύριος
672 2044 717 2070 τὸν
734 2044 834 2079 Θωμᾶν
854 2043 884 2077 ἐξ

87 2088 217 2120 ἀπιστίας
231 2089 333 2121 εἰπεῖν,
361 2089 431 2116 Ἐὰν
445 2089 488 2124 μὴ
507 2089 559 2116 ἴδω
572 2090 606 2116 ἑν
619 2090 683 2122 ταῖς
702 2090 809 2124 χερσὶν
829 2092 883 2117 αὑ-

87 2134 143 2161 τοῦ
154 2134 207 2161 τὸν
219 2135 316 2161 τύπον
328 2134 387 2162 τῶν
400 2135 493 2168 ἥλων,
505 2135 554 2162 καὶ
566 2135 653 2167 ,βάλω
666 2135 721 2162 τὸν
732 2136 886 2163 δάκτυλόν

85 2189 146 2215 μου
155 2181 200 2213 εὶς
211 2180 265 2206 τὸν
284 2181 381 2208 τύπον
393 2180 451 2207 τῶν
464 2181 558 2214 ἥλων,
572 2181 621 2208 καὶ
630 2181 716 2213 βάλω
729 2182 787 2216 τὴν
800 2182 886 2217 χεῖρά

85 2233 146 2260 μου
159 2226 203 2257 είς
215 2224 272 2258 τὴν
284 2225 419 2259 πλευρὰν
434 2225 538 2256 αὐτοῦ,
554 2226 590 2252 οὐ
601 2225 645 2260 μὴ
660 2227 822 2254 πιστεύσω·
839 2227 885 2253 καὶ

89 2271 132 2298 διὰ
145 2271 194 2306 τῆς
206 2271 308 2297 ἐκείνου
324 2271 553 2307 πολυπράγμονος
565 2272 693 2304 ἀπιστίας
705 2273 751 2298 καὶ
764 2274 899 2308 ἐπαφῆςμ

88 2318 168 2352 ἡμεῖς
184 2318 225 2348 είς
241 2318 291 2352 τὴν
318 2317 410 2343 πίστιν
437 2317 644 2353 ὲὸεϐαιὼθημεν
658 2338 665 2350 ,
691 2319 720 2344 ὲν
775 2318 883 2354 σώματι

89 2363 241 2395 πέπονθεν,
260 2365 289 2391 ὲν
302 2364 377 2400 αὐτῷ
392 2365 439 2391 καὶ
463 2364 613 2400 ἑγηγέρθαι
629 2366 824 2398 πιστεύσαντες
837 2366 884 2393 τὸν

96 2410 285 2445 Ἐμμανουήλ,
302 2411 365 2442 τοὺς
381 2412 430 2446 τῆς
444 2411 580 2446 δοκήσεως
594 2411 695 2446 μύθους
717 2412 882 2447 ἀποπεμψά-

91 2464 180 2492 μενοι·
193 2456 239 2483 τὴν
251 2456 332 2483 αὑτὸν
343 2457 443 2492 τρόπον
456 2459 503 2484 καὶ
514 2458 564 2493 τὴν
577 2458 759 2494 Μαγδαληνὴν
773 2459 883 2494 Μαρίαν

89 2503 157 2537 πρὸς
183 2502 312 2534 ἀπιστίας
330 2503 574 2539 ὑπονοστήσασαν,
600 2505 647 2531 καὶ
675 2505 884 2541 μεγαλευχερῶς

90 2549 166 2576 τοῦτο
183 2549 323 2576 παθοῦσαν
338 2549 408 2585 (οὐκ
423 2550 520 2586 ἄδηλον
538 2551 590 2587 γὰρ
610 2551 640 2577 τὸ
654 2551 705 2587 τῆς
726 2551 884 2585 γυναικείας

91 2594 227 2622 εὐόλισθον
252 2595 398 2631 φύσεως),
426 2596 573 2631 συνεχώρει
596 2596 640 2623 διὰ
657 2597 706 2632 τῆς
734 2597 881 2632 περιέργου

91 2641 251 2676 ζητήσεως,
280 2640 440 2675 πιστότερον
464 2641 632 2676 ἐργάσασθαι
657 2640 689 2666 τὸ
718 2640 809 2675 θαῦμα
832 2640 883 2674 τῆς

90 2686 283 2718 ἀναστάσεως,
310 2686 429 2718 πίστεως
459 2687 582 2722 ὑπάρχον
613 2687 684 2724 πέρα
707 2687 755 2714 καὶ
782 2687 883 2718 παντὸς

90 2733 232 2768 λογισμοῦ.
247 2733 303 2759 Καὶ
316 2733 385 2767 μετὰ
405 2732 492 2759 ταῦτα
515 2732 564 2768 τῆς
588 2733 739 2767 ἀμφισόλου
763 2733 882 2763 διανοίας

91 2780 205 2806 ἐλθοῦσα
217 2800 225 2812 ,
239 2779 286 2805 καὶ
303 2778 393 2805 ἰδοῦσα
411 2778 491 2814 μόνον
507 2778 552 2805 τὴν
570 2778 643 2805 λίθον
666 2778 883 2806 ἀποχυλισθέντα

125 2871 135 2886 ⁸
149 2868 246 2897 Matth.
261 2875 359 2901 xxvtzt,
377 2868 470 2896 11-15.
507 2869 517 2886 ⁸
530 2868 607 2897 Joan.
639 2876 695 2903 xxx,
707 2868 752 2896 25.

792 2869 802 2884 '
818 2867 884 2898 Luc.
897 2876 917 2904 I,
932 2868 978 2897 28.
1017 2867 1121 2906 (Jortin.
1141 2877 1186 2904 xx,
1205 2868 1231 2898 1.

937 1637 1112 1665 progressus,
1136 1637 1191 1665 quo
1206 1631 1240 1657 ad
1258 1635 1365 1666 portam
1380 1637 1490 1666 quoque
1504 1629 1581 1657 urbis
1602 1628 1728 1656 transiis-

937 1681 990 1707 set,
1016 1684 1070 1703 non
1095 1676 1208 1711 putabat
1224 1683 1320 1703 verum
1339 1683 1401 1703 esse
1419 1674 1492 1710 quod
1514 1674 1655 1710 agebatur,
1679 1673 1727 1702 sed

936 1721 1069 1748 visionem
1096 1728 1126 1749 se
1154 1721 1247 1749 videre
1273 1722 1449 1749 existimabat
1470 1721 1531 1749 :itn
1559 1722 1641 1748 etiam
1669 1720 1728 1748 haec

936 1775 998 1794 cum
1017 1768 1204 1795 excellentiam
1231 1768 1357 1795 miraculi
1382 1767 1467 1795 veluti
1489 1768 1676 1803 importunum
1701 1771 1728 1794 et

937 1814 1158 1849 intempestivum
1176 1813 1303 1849 quiddam
1325 1822 1386 1842 esse
1408 1817 1559 1849 reputaret,
1583 1817 1610 1841 et
1631 1813 1726 1844 simul,

937 1863 1117 1895 posteaquam
1137 1861 1265 1888 custodes
1288 1860 1513 1891 antevertissent,
1531 1865 1637 1887 etcum
1656 1867 1726 1894 pon-

936 1907 1057 1933 titicibus
1073 1906 1224 1941 coepissent
1244 1911 1338 1934 texere
1353 1906 1518 1933 calumniam
1537 1905 1669 1933 adversus
1685 1913 1731 1932 ro-

937 1952 1149 1982 surrectionem,
1170 1960 1285 1987 prorsus
1306 1952 1360 1979 tale
1382 1952 1511 1986 quiddam
1536 1951 1727 1979 subsusurrari

937 1997 1082 2029 sensisset,
1100 1997 1289 2032 ambiguitatis
1305 2005 1337 2024 ac
1350 1996 1530 2024 dubitationis
1545 1997 1728 2031 cogitationes

937 2043 1048 2071 admisit
1064 2052 1071 2070 :
1086 2043 1265 2078 neglectaque
1281 2043 1487 2070 renuntiatione
1507 2047 1590 2077 atque
1612 2042 1728 2070 salutari

936 2089 1076 2122 mandato,
1094 2089 1127 2115 ad
1144 2090 1302 2123 sepulcrum
1315 2089 1445 2116 tendebat
1459 2097 1550 2119 tuane,
1564 2087 1630 2114 Cum
1642 2087 1727 2114 adhuc

938 2135 1048 2162 tenebra:
1075 2139 1171 2166 essent,
1201 2138 1230 2161 ut
1249 2133 1371 2161 Joannes
1397 2134 1466 2160 ait’.
1489 2133 1727 2166 Quemadmodum

936 2182 1009 2210 enim
1026 2181 1153 2216 permisit
1177 2179 1320 2212 Dominus,
1343 2184 1374 2206 ut
1387 2187 1420 2207 ex
1438 2178 1632 2206 incredulitate
1654 2178 1728 2205 Titu-

937 2236 995 2256 mas
1012 2228 1129 2258 diceret,
1151 2227 1214 2254 Nisi
1231 2226 1319 2253 videro
1336 2228 1364 2253 iu
1379 2225 1502 2253 uentribus
1514 2226 1572 2260 ejus
1591 2226 1728 2261 vestigium

935 2275 1080 2304 clavorum,
1105 2279 1130 2301 et
1158 2274 1263 2300 mittam
1287 2273 1399 2308 digitum
1426 2281 1512 2299 meum
1538 2274 1565 2299 in
1591 2273 1728 2307 uestigium

935 2321 1080 2351 clavorum,
1098 2320 1203 2352 mittam
1220 2320 1282 2346 item
1299 2327 1406 2346 manum
1422 2327 1507 2345 meam
1525 2319 1551 2345 iu
1568 2319 1638 2345 latus
1658 2318 1727 2353 ejus,

936 2375 987 2393 non
1010 2365 1137 2392 credam“
1154 2374 1160 2391 :
1178 2372 1209 2392 ac
1227 2373 1276 2399 per
1292 2365 1434 2392 curiosam
1454 2365 1529 2391 illius
1550 2364 1728 2391 incredulita-

935 2417 990 2440 tem
1010 2416 1038 2440 et
1051 2411 1312 2443 contrectationem,
1332 2419 1383 2438 nos
1403 2412 1430 2438 in
1446 2419 1506 2438 eam
1527 2410 1606 2437 ﬁdem
1623 2410 1746 2439 contir-.

936 2458 1003 2486 mali
1029 2465 1137 2491 sumus,
1161 2461 1192 2484 ut
1211 2458 1322 2485 omissis
1350 2457 1514 2492 opinionum
1537 2464 1570 2484 ac
1592 2457 1727 2493 suspicio-

936 2513 1001 2532 num
1018 2505 1130 2538 l‘abulis,
1149 2512 1204 2540 quo
1220 2511 1338 2539 corpore
1351 2511 1451 2539 passus
1465 2507 1516 2536 est,
1534 2503 1631 2531 eodem
1643 2504 1725 2531 etiam

936 2550 1134 2578 resuscitatum
1153 2557 1216 2578 esse
1229 2550 1376 2577 credamus
1389 2549 1594 2576 Emmanuelem
1610 2558 1618 2576 :
1630 2548 1726 2576 eodem

935 2597 1017 2624 modo
1035 2596 1147 2623 Mariam
1174 2603 1285 2631 quoque
1308 2595 1495 2630 Magdalenam
1519 2595 1554 2621 ad
1574 2594 1728 2622 increduli-

933 2646 1019 2670 tatem
1037 2650 1189 2674 reversam,
1215 2650 1278 2670 cum
1298 2642 1351 2669 boc
1366 2642 1450 2669 etiam
1475 2640 1585 2668 [acilius
1608 2641 1634 2668 ei
1654 2641 1726 2668 acci-

935 2689 1022 2716 disset
1039 2690 1104 2722 (non
1117 2689 1210 2723 ignota
1230 2693 1273 2715 est
1287 2687 1361 2714 enim
1376 2686 1520 2714 muliebris
1537 2693 1620 2713 sexus
1640 2686 1725 2721 fragi-

936 2735 1000 2761 litas
1019 2739 1047 2762 et
1065 2733 1185 2761 facilitas
1202 2733 1236 2761 ad
1260 2732 1391 2767 lapsum),
1410 2740 1459 2767 per
1474 2731 1612 2759 curiosum
1632 2736 1658 2759 et
1676 2740 1725 2758 su-

938 2787 1103 2815 pervacuam
1124 2779 1344 2815 inquisitionem,
1363 2779 1527 2806 miraculum
1545 2779 1725 2807 resurrectio-

1269 2868 1279 2885 ⁵
1295 2867 1361 2896 ibid.
1383 2868 1429 2897 25.
