1938 3082
204 90 259 120 635
831 93 861 121 S.
879 93 923 121 GR
929 92 1045 122 EGORII
1065 94 1213 123 NYSSEM
1798 91 1871 119 636

201 152 257 184 nis,
275 151 348 186 quod
367 159 474 180 omnem
501 151 581 180 ﬁdem
604 151 852 188 cogitationemque
875 158 987 188 superat

1056 155 1088 190 ἧς
1104 155 1189 191 θύρας
1210 155 1257 182 τοῦ
1277 156 1416 191 μνήματος
1427 175 1434 186 ,
1448 156 1482 182 οὗ
1495 154 1546 190 μὴν
1562 153 1677 188 ἄγγελον
1699 153 1750 179 ἐπ’
1774 152 1871 186 αὐτῷ

202 203 283 233 atque
293 197 413 230 excedit,
427 198 586 225 credibilius
601 198 706 225 eﬁicere
723 199 908 232 permittebat.
919 199 987 226 Cum

1055 200 1166 236 :aﬁdmsp
1180 201 1229 236 ήδη
1247 201 1410 236 καθήμενον,
1422 200 1519 227 δέδωκε
1532 201 1564 235 τῇ
1581 199 1714 233 ἀπιστεῖς.
1729 198 1767 224 τὸ
1789 206 1869 232 κρα-

203 244 254 271 hac
267 243 350 280 igitur
370 244 496 278 ambigua
511 248 602 271 mente
617 244 764 276 accedens,
787 252 850 272 cum
870 245 989 280 lapidem

1055 247 1098 272 ἐἶν
1111 267 1118 278 ,
1148 246 1299 281 φαντασίαν
1322 246 1444 281 οἰηθεῖσα
1465 245 1515 281 τὴν
1533 245 1598 272 θέαν
1625 245 1675 271 καὶ
1695 244 1867 275 ἔκστασιν,

203 289 338 316 duntaxat
356 289 390 316 ab
410 289 482 316 ostio
498 289 667 316 monumenti
684 289 839 316 revolutum
857 289 988 322 ,vidisset,

1055 292 1088 318 ἰαὶ
1103 292 1152 326 οὐχ
1175 291 1213 322 ὡς
1238 291 1344 326 ἀληθῆ,
1366 291 1423 318 ἀλλ’
1437 291 1474 322 ὡς
1498 291 1601 326 ψευδῆ·
1618 291 1667 317 καὶ
1691 288 1866 325 δραμοῦσα

203 335 328 370 angelum
352 339 444 361 autem
469 342 523 361 non
545 335 662 369 amplius
686 343 774 375 super;
791 342 834 367 eo,
860 339 889 362 ut
908 336 990 370 paulo

1055 339 1108 373 πρὸς
1130 337 1176 364 τὸν
1188 337 1292 373 Πέτρον
1308 338 1355 364 καὶ
1373 337 1419 363 τὸν
1441 337 1518 364 ἄλλον
1536 336 1659 372 μαθητὴν
1673 356 1681 368 ,
1703 335 1739 362 ὃν
1760 334 1865 369 ἐφίλει

204 385 278 412 ante,
301 380 457 413 sedentem;
479 381 513 407 ab
537 381 730 409 incredulitate
757 381 829 408 vinci
857 389 887 408 se
908 389 988 416 passa

1057 383 1165 418 Ιησοῦς,
1191 383 1254 409 ἐϐόα
1273 383 1404 417 λέγουσαν
1420 381 1516 416 Ἦραν
1533 382 1587 409 τὸν
1606 383 1722 416 Κύριον
1739 381 1782 407 ἐκ
1800 381 1864 408 τσῦ

204 429 257 458 est,
271 426 492 461 imaginationem
515 431 543 454 et
560 427 754 454 alienationem
771 427 870 454 mentis
887 435 920 454 ex
940 435 988 462 pa-

1055 426 1195 460 ινημείου,
1212 427 1262 454 καὶ
1269 427 1323 454 οὐκ
1340 425 1406 454 οῖδα
1423 427 1481 454 ποῦ
1496 427 1608 460 ἔθηκαν
1619 426 1729 453 αὐτόν.

204 482 271 501 vore
296 475 439 509 repentino
469 479 639 502 contractam
672 482 734 503 esse
753 475 917 503 existimans
942 474 981 506 id,
1016 474 1091 510 quod
1125 475 1202 510 prius
1217 475 1333 507 viderat,
1357 475 1439 510 idque
1461 483 1515 502 non
1531 482 1580 510 pre
1599 482 1677 505 vero.
1700 473 1760 502 sed
1807 481 1864 508 pro

206 521 276 548 falso
290 521 429 549 ducebat:
444 529 563 557 cumque
590 523 755 550 accurrisset
778 523 811 550 ad
832 522 945 550 Petrum
965 527 994 550 et
1013 523 1047 550 ad
1073 522 1157 550 alium
1183 522 1362 558 discipulum,
1376 530 1457 557 quem
1483 523 1623 558 diligebat»
1646 522 1751 554 Jesus,
1797 522 1863 548 cla-

206 565 314 598 mabat,
340 566 434 595 dicens
453 576 461 594 :
476 566 649 595 Suuuleruut
676 560 816 595 Dominum
842 576 875 595 ea;
904 573 1082 601 monumento,
1093 573 1118 595 et
1133 569 1219 595 nescio
1234 568 1279 594 ubi
1293 568 1427 603 posuerint
1445 569 1536 595 eum'.

242 611 326 640 Vides
340 612 413 648 quod
432 620 494 640 cum
510 621 544 640 ex
566 614 600 640 iis
615 621 676 648 qua:
690 617 753 649 post
768 613 927 641 relationem
942 621 992 641 cu-

1083 613 1165 649 Ὀρᾷς
1183 613 1222 645 ὡς
1248 614 1281 640 ἐκ
1306 613 1361 640 τῶν
1380 613 1610 648 λογοποιηθέντων
1626 613 1743 648 νύκτωρ
1775 612 1862 646 παρά

208 659 317 686 stodum
333 663 417 688 noctu
434 660 505 695 apud
517 660 628 688 Iudaeos
641 661 760 688 conﬁcta
774 665 866 693 erant,
886 660 991 695 aliquid

1055 659 1186 691 Ιουδαίοις
1200 660 1269 694 μετὰ
1290 659 1338 694 τὴν
1357 658 1411 685 τῶν
1425 658 1554 694 φυλάκων
1574 657 1775 695 παραγγελίαν
1806 666 1862 683 πε-

209 704 263 732 tale
286 704 321 732 ad
345 712 427 733 aures
447 706 509 741 ejus
525 707 705 740 pervenisset,
731 709 822 733 mente
846 706 992 733 immutata

1055 705 1229 742 Ithlneletsti
1249 706 1432 739 τι-τοιοῦτον,
1451 705 1608 740 παρηνέχθη
1626 705 1674 731 τὸν
1691 703 1859 738 λογισμόψ

209 754 292 785 atque
310 751 459 786 depravata
471 756 513 779 est
529 761 536 778 :
555 759 587 778 ac
605 752 710 786 putavit
726 751 900 779 adversarios
916 751 992 778 ferae

1055 752 1091 778 ιαὶ
1101 751 1178 786 ᾠήθη
1194 752 1256 783 τοὺς
1266 751 1403 783 ἐναντίους
1419 751 1516 785 κλέψαι
1528 750 1559 776 τὸ
1578 749 1658 784 σῶμα
1668 749 1717 776 τοῦ
1745 748 1859 783 Ἰησοῦ,

209 800 253 823 tos
267 804 330 824 esse
341 805 443 832 corpus
458 795 534 828 Iesu,
550 801 579 824 ut
596 797 698 824 furtum
713 796 746 824 in
765 796 908 832 apostolos
926 803 993 823 con-

210 841 324 870 ferrent.
344 843 379 869 At
395 842 492 870 Petrus
504 848 530 870 et
546 842 666 871 Joannes
687 843 747 870 sine
770 850 846 870 mora
868 850 995 870 surrexe-

210 892 293 920 runt,
320 892 348 916 et
371 889 405 916 ad
434 889 591 924 sepulcrum
614 894 806 916 cucurrerunt.
838 888 897 916 Non
921 888 994 916 enitn

210 942 311 961 novum
336 938 364 962 et
392 934 563 970 inopinatum
587 939 648 962 erat
675 935 747 970 quod
772 935 926 966 dicebatur,
953 938 994 966 ut,

210 980 284 1014 quod
304 979 338 1007 ad
363 981 591 1008 resurrectionem
614 981 723 1011 attinet,
743 980 820 1006 fidem
839 987 892 1006 non
910 979 994 1006 hahe-

211 1030 271 1053 rent
287 1035 293 1052 :
309 1025 364 1053 imo
384 1033 447 1053 vero
464 1027 546 1053 etiam
566 1026 696 1053 credibile
712 1030 739 1052 et
759 1033 812 1052 non
830 1025 995 1052 discordans

212 1075 240 1097 et
258 1070 377 1099 alienum
392 1075 451 1099 erat
465 1078 480 1098 a
494 1071 598 1097 malitia
611 1070 735 1098 Iudaica.
750 1069 885 1105 lntrepide
906 1076 994 1098 autem

211 1121 239 1143 et
256 1117 359 1151 absque
375 1120 448 1145 metu
465 1117 491 1144 id
519 1117 648 1152 agebant.
664 1125 726 1143 cum
748 1117 888 1144 silentium
911 1121 995 1146 esset.

212 1163 333 1190 tenebris
354 1162 476 1190 nondum
505 1162 652 1194 discussis,
673 1161 782 1197 Deoque
810 1162 936 1189 ﬁduciam
957 1163 997 1190 eis

214 1213 294 1243 atque
311 1207 395 1235 animi
416 1208 590 1242 prmsentiam
612 1208 849 1235 subministrante.
867 1207 920 1234 Sed
935 1215 996 1234 cum

212 1261 245 1281 eo
261 1254 410 1285 venissent,
434 1253 581 1280 manifesta
603 1258 684 1288 atque
698 1253 835 1280 evidentia
852 1253 928 1288 signa
954 1261 998 1280 re-

213 1299 396 1327 surrectionis
413 1299 588 1326 invenerunt.
604 1299 703 1326 Vident
718 1299 791 1326 enim
814 1299 842 1325 in
868 1299 999 1334 sepulcro

212 1345 371 1372 linteamina
387 1345 525 1380 iacentia:
550 1345 624 1379 quod
652 1352 823 1380 nequaquam
842 1345 997 1376 accidisset,

213 1389 237 1417 si
263 1397 363 1424 corpus
382 1389 455 1417 furto
479 1391 617 1417 sublatum
644 1389 752 1417 fuisset.
779 1389 901 1417 Primum
924 1390 997 1417 enim

1046 798 1090 824 ἵνα
1103 797 1153 833 τὴν
1167 797 1271 831 κλοπὴν
1283 798 1339 828 τοῖς
1354 796 1512 827 ἀποστόλοις
1524 795 1723 830 ὲπιφημίσωσῑ.
1745 794 1832 828 Πλὴν
1845 795 1859 819 ὁ

1046 844 1148 879 Πέτρος
1166 843 1214 870 καὶ⁹
1235 843 1360 878 Ἰωάννης
1380 843 1495 876 ἑτοίμως
1510 842 1690 876 διανέστησαν
1702 861 1710 873 ,
1732 841 1787 866 καὶ
1807 841 1859 866 ἐπὶ

1045 890 1091 916 τὸν
1106 889 1191 924 τάφον
1207 889 1333 924 ἔδραμον.
1349 888 1386 915 Οὐ
1401 888 1453 923 γὰρ
1467 885 1502 923 ἦν
1515 887 1664 922 παράδοξον
1679 886 1710 913 τὸ
1725 886 1859 920 λεγόμε-

1045 944 1090 962 νον
1102 956 1109 968 ,
1133 935 1166 962 ἶν’
1182 934 1220 966 ὡς
1236 935 1282 960 ἐπὶ
1301 933 1351 969 τῆς
1364 933 1731 974 ἀναπάσεωςΙὰπιστήσωσι
1747 940 1755 947 ·
1781 932 1858 966 μᾶλ-

1045 982 1091 1008 λον
1107 981 1134 1008 δὲ
1155 982 1202 1008 καὶ
1222 981 1316 1007 πιστὸν
1340 980 1388 1007 καὶ
1412 981 1461 1006 οὐκ
1489 979 1591 1014 ἀπᾷδον
1617 979 1667 1014 τῆς
1691 978 1857 1012 Ἰουδαϊκῆς

1046 1026 1224 1061 κακουργίας.
1243 1026 1362 1060 ’Δσόὸως
1375 1025 1403 1051 δὲ
1422 1025 1502 1051 τοῦτο
1519 1024 1626 1051 ἐποίουν
1639 1044 1646 1056 ,
1665 1024 1713 1050 καὶ
1726 1023 1857 1058 ἡσυχὲις

1047 1073 1224 1109 ὑπαρχούσης
1252 1073 1298 1099 καὶ
1314 1073 1353 1099 ἔτι
1385 1072 1498 1104 σκότους
1521 1071 1614 1104 ὄντος,
1636 1072 1684 1098 καὶ
1707 1070 1783 1106 πρὸς
1801 1069 1855 1095 τοῦ

1047 1120 1114 1147 Θεοῦ
1143 1120 1173 1146 τὺ
1200 1119 1310 1155 θαῤῥετν
1337 1118 1473 1150 λαῦόντες.
1502 1117 1583 1144 Ἀλλά
1612 1117 1738 1148 ἐλθόντες
1767 1114 1867 1151 εὗρον-

1047 1166 1149 1202 ἐναργῆ
1176 1165 1210 1191 τὰ
1230 1165 1329 1200 σημεῖα
1342 1164 1391 1199 τῆς
1408 1163 1590 1194 ἀναστάσεως,
1613 1161 1713 1197 ὀρῶσι
1735 1161 1797 1195 γὰρ
1823 1162 1854 1186 ἐν

1047 1212 1086 1247 τῷ
1105 1213 1226 1247 μνήματι
1239 1211 1272 1237 τὰ
1284 1211 1374 1237 ὀθόνια
1391 1210 1504 1244 κείμενα
1513 1217 1519 1224 ·
1535 1208 1614 1235 τοῦτο
1623 1208 1651 1234 δὲ
1666 1208 1717 1234 οὐχ
1731 1208 1768 1234 ἄν
1780 1215 1852 1233 ποτε

1049 1258 1156 1292 ἐγένετο
1169 1277 1176 1289 ,
1193 1257 1344 1288 κλαπέντος
1359 1256 1405 1282 τοῦ
1432 1255 1568 1290 σώματος.
1584 1254 1696 1289 Πρῶτον
1717 1253 1770 1288 μὲν
1789 1252 1853 1287 γὰρ

1048 1305 1104 1335 τοῖς
1120 1303 1249 1334 κλέπταις
1272 1302 1348 1337 φίλον
1372 1302 1403 1328 τὸ
1431 1301 1610 1328 λωποδυτεῖν·
1628 1300 1724 1326 ἔπειτα
1749 1299 1798 1329 δὲ,
1820 1299 1854 1324 τὴ

1049 1348 1153 1383 ταχέως
1167 1349 1286 1384 ἐνεργεῖν
1298 1348 1367 1382 ἄγαν
1383 1346 1432 1382 τὴν
1444 1346 1561 1382 κλοπὴν,
1580 1346 1624 1372 ῐνα
1640 1345 1677 1381 μὴ
1693 1344 1862 1379 φωραθῶσιν

1049 1394 1097 1421 καὶ
1112 1393 1146 1420 τὰ
1160 1393 1287 1420 πάνδεινα
1307 1393 1423 1420 πάθωσι.
1439 1392 1508 1427 Περὶ
1531 1392 1558 1418 δὲ
1579 1391 1626 1418 τοῦ
1654 1391 1781 1426 σώματος
1796 1389 1850 1416 τοῦ

214 1434 320 1463 furibus
344 1444 404 1463 mos
422 1441 464 1464 est
481 1441 570 1464 vestes
584 1436 728 1464 detrahere
749 1441 830 1471 atque
855 1436 972 1471 spoliare
990 1445 996 1462 :

1055 1439 1143 1475 Ἰησοῦ
1158 1439 1294 1474 γέγραφεν
1307 1439 1321 1465 ὁ
1341 1439 1467 1472 Ἰωάννης
1479 1435 1530 1464 ὧδὲ
1548 1447 1606 1469 πως
1617 1445 1623 1452 ’
1645 1437 1781 1470 Ἐδησαν
1794 1437 1851 1463 αὐ·

214 1482 313 1510 deinde
328 1481 473 1509 admodum
489 1482 614 1509 celeriter
637 1482 810 1509 committere
831 1481 946 1512 furtum,
964 1489 998 1509 ne

215 1529 244 1556 in
264 1530 325 1564 ipso
343 1528 464 1555 facinore
489 1527 652 1562 deprehensi
678 1528 795 1562 pessime
820 1528 996 1555 mulclentur.

215 1573 254 1601 De
273 1581 389 1608 carpere
404 1577 495 1600 autem
510 1572 575 1600 Jesu
599 1573 626 1600 iu
641 1573 714 1600 hunc
728 1572 785 1600 fere
799 1573 908 1600 modum
928 1573 999 1601 scri-

216 1620 272 1655 psit
285 1618 403 1646 Joannes
417 1627 424 1646 :
444 1619 625 1647 Obuinurunt
640 1627 698 1646 eum
715 1619 801 1645 linteis
823 1627 882 1645 cum
896 1627 1001 1646 aroma-

218 1665 298 1697 tibur,
321 1669 400 1699 prout
414 1673 470 1691 mos
486 1669 543 1691 erat
559 1664 662 1692 Judmia
687 1664 835 1699 sepelire”.
859 1664 1001 1698 Quomodo

217 1710 300 1745 igitur
318 1718 374 1738 nou
390 1710 469 1737 multi
484 1710 585 1746 negotii
602 1718 646 1738 res
661 1709 814 1737 furantibus
829 1709 925 1738 fuisset
941 1710 1001 1737 vin-

218 1755 280 1784 cula
292 1756 409 1787 solvere,
424 1762 581 1790 corpusque
592 1755 695 1782 nudare
711 1755 927 1788 linteaminibus,
940 1763 1002 1790 qua:

217 1803 274 1837 jam
295 1802 484 1832 adhtesissent.
505 1806 532 1829 et
553 1801 633 1830 facile
656 1802 736 1829 avelli
764 1809 819 1828 non
836 1802 1002 1836 potuissent,

221 1856 253 1875 at,
264 1848 422 1882 priusquam
430 1847 556 1883 detracta
568 1851 660 1874 essent
670 1847 881 1882 rumperentur?
893 1847 1004 1874 lliistura

220 1894 293 1921 enim
310 1894 385 1922 aloes
394 1898 421 1921 et
439 1893 566 1929 myrrhae,
587 1900 668 1928 quam
681 1894 811 1920 attulerat
828 1893 1003 1926 Nicodamus,

220 1944 347 1968 conserta
363 1943 390 1967 et
409 1939 548 1974 implicata
563 1943 651 1966 erant.
667 1938 737 1972 Quin
753 1939 834 1966 etiam
851 1939 1003 1971 sudarium,

221 1986 293 2021 quod
311 1986 401 2013 fuerat
415 1986 443 2012 in
458 1986 548 2020 capite
562 1985 634 2020 ejus,
651 1992 705 2012 non
721 1992 784 2012 cum
799 1985 1005 2013 linteaminibus

221 2034 350 2069 positum,
378 2033 426 2061 sed
451 2032 596 2068 separatim
622 2032 773 2059 involutum
804 2032 831 2059 in
856 2040 942 2059 unum
966 2032 1006 2059 lo-

221 2088 295 2112 cum,
318 2080 420 2107 nullius
443 2079 645 2114 trepidationis,
662 2078 741 2113 quasi
765 2077 842 2106 furto
865 2078 1003 2106 sublatum

222 2133 322 2162 corpus
337 2125 444 2157 fuisset,
465 2125 596 2152 indicium
611 2128 680 2152 erat.
693 2123 746 2158 Qui
763 2125 836 2152 enim
850 2124 946 2157 otium,
962 2128 1004 2152 ta-

222 2173 311 2207 lisque
337 2172 473 2199 securitas
499 2170 606 2198 furibus
633 2170 742 2203 fuisset,
767 2175 798 2197 ut
819 2175 1004 2206 tegumentum

221 2219 303 2246 etiam
327 2218 426 2253 capitis
450 2221 512 2253 apte
530 2218 710 2249 involverent,
737 2220 765 2243 et
791 2217 938 2251 separatim
962 2215 1006 2243 de-

223 2264 375 2300 ponerent?
401 2263 494 2299 Itaque
517 2264 570 2291 hoc
593 2263 673 2290 etiam
693 2261 838 2289 manifesto
862 2262 1004 2289 veritatem

224 2309 435 2338 resurrectionis
452 2308 613 2336 ostendebat
629 2318 636 2335 :
653 2307 733 2334 simul
747 2312 836 2334 autem
849 2307 930 2334 etiam
947 2315 1006 2343 my-

225 2355 338 2383 sterium
361 2362 377 2381 a
401 2354 491 2381 divina
514 2353 657 2388 majestate
677 2352 750 2379 haud
768 2353 887 2380 alienum
908 2353 1006 2380 imme-

225 2402 271 2429 ινιι
285 2410 292 2428 :
309 2400 436 2427 nimirum
458 2399 530 2434 quod
549 2403 630 2433 caput
646 2398 756 2425 deitatis
777 2398 866 2425 locum
881 2398 1007 2426 obtinens

225 2447 313 2482 (juxta
336 2445 416 2478 illud,
441 2444 527 2478 Caput
550 2443 651 2471 Christi
675 2443 790 2478 Deus”)
806 2448 832 2470 et
852 2444 898 2478 qui
916 2443 950 2471 dc
976 2451 1008 2471 eo

225 2493 335 2518 exstant
357 2497 509 2520 sermones,
538 2492 648 2515 manent
673 2489 744 2515 circa
769 2488 860 2515 carnis
885 2489 1010 2516 humana:

226 2536 442 2575 assumptionem
457 2534 534 2569 quasi
553 2534 665 2561 involuti
685 2538 767 2568 atque
782 2533 985 2562 indissolubiles
1000 2544 1006 2561 :

226 2582 333 2610 etiamsi
354 2580 496 2614 inferiora,
512 2588 572 2615 qua:
587 2580 660 2607 circa
680 2579 888 2614 dispositionem
916 2585 942 2607 et
961 2579 1008 2607 ad-

228 2628 466 2660 ministrationem,
483 2628 570 2662 'quam
596 2627 622 2654 in
645 2634 727 2654 carne
741 2626 856 2662 peregit,
880 2629 907 2653 et
935 2626 1009 2653 circa

227 2683 298 2708 eam,
321 2683 402 2710 quam
418 2682 480 2701 cum
504 2673 660 2701 hominibus
683 2673 710 2700 in
727 2676 800 2700 terra
823 2671 1009 2698 conversatio-

230 2729 290 2748 nem
321 2721 415 2748 babuit
441 2720 567 2757 (quarum
600 2726 690 2748 rerum
720 2718 825 2754 ﬁgura,
852 2717 1008 2744 linteamina

269 2812 279 2828 '
298 2810 376 2839 Joan.
389 2819 434 2838 xx.
455 2811 495 2839 15,
535 2811 554 2827 ‘°
573 2809 649 2837 Joan.
662 2816 718 2841 nx,
732 2807 774 2835 40.
814 2807 833 2823 ¹¹
851 2806 858 2833 1
877 2806 939 2833 Cor.
956 2813 991 2836 xt,
1010 2804 1035 2830 ὅ.

1049 1485 1080 1512 τὸ
1102 1485 1137 1511 ἐν
1156 1484 1283 1516 ὀθονίοις
1295 1484 1372 1518 μετὰ
1394 1482 1455 1510 τῶν
1467 1482 1646 1517 ἀρωμάτων,
1661 1482 1760 1514 καθὼς
1774 1482 1849 1513 ἔθος

1049 1529 1088 1565 ἦν
1103 1530 1164 1563 τοῖς
1183 1529 1333 1562 Ἰουδαίοις
1354 1529 1547 1564 ἐνταφιάζειν.
1566 1527 1628 1559 Πῶς
1650 1525 1698 1554 οὖν
1722 1527 1773 1554 οὐκ
1793 1527 1844 1562 ἐρ-

1049 1577 1135 1611 γῶδες
1149 1577 1204 1608 τοῖς
1217 1576 1363 1603 κλέπτουσι
1382 1575 1415 1602 τὸ
1426 1575 1500 1601 λύειν
1514 1575 1577 1606 τοὺς
1592 1574 1711 1608 δεσμοὺς
1721 1593 1729 1604 ,
1745 1573 1793 1599 καὶ
1816 1573 1849 1598 τὸ

1051 1623 1130 1658 σῶμα
1147 1623 1201 1650 τῶν
1217 1622 1331 1649 ὀθονίων
1358 1620 1543 1656 ἀπογυμνοῦν,
1565 1618 1847 1656 προσκεκολλημένων

1051 1669 1098 1694 καὶ
1111 1667 1343 1698 δυσαποσπάστως
1359 1666 1486 1702 ἐχόντων,
1501 1667 1547 1692 καὶ
1559 1665 1624 1700 πρὶν
1641 1663 1843 1699 ἁπαμφιασϐἦ-

1051 1722 1095 1741 ναι
1113 1713 1289 1748 ῥηγνυμένων
1304 1721 1312 1745 ;
1326 1712 1452 1746 Μίγματι
1479 1711 1537 1746 γὰρ
1550 1711 1633 1745 ἀλόης
1654 1711 1702 1737 καὶ
1722 1709 1846 1744 σμύρνης

1054 1759 1270 1795 συνεπλέκησαν,
1293 1759 1361 1794 ὅπερ
1381 1759 1493 1793 ἐκόμισε
1508 1758 1673 1792 Νικόδημος.
1698 1756 1778 1782 Ἀλλὰ
1795 1757 1842 1782 καὶ

1052 1806 1083 1832 τὸ
1100 1805 1239 1840 σουδάριον
1251 1825 1259 1836 ,
1275 1804 1290 1830 ὅ
1303 1802 1336 1839 ἦν
1353 1804 1400 1830 ἐπὶ
1413 1804 1463 1838 τῆς
1476 1803 1596 1838 κεφαλῆς
1608 1801 1690 1828 αὑτοῦ
1703 1820 1711 1832 ,
1727 1801 1758 1826 οὐ
1775 1801 1842 1835 μετὰ

1053 1851 1108 1878 τῶν
1123 1850 1232 1877 ὀθονίων
1244 1849 1377 1884 κείμενον,
1396 1848 1462 1875 ἀλλὰ
1476 1848 1560 1883 χωρὶς
1574 1846 1792 1880 ἐντετυλιγμένον
1802 1845 1841 1871 είς

1053 1893 1102 1920 Eva.
1130 1894 1212 1920 τόπον
1222 1913 1229 1925 ,
1249 1893 1343 1919 οὐδένα
1357 1892 1470 1928 θόρυϐον
1483 1891 1521 1924 ὡς
1537 1892 1583 1918 ἐπὶ
1608 1890 1732 1917 κλεπτῶν
1748 1890 1841 1925 ἐδήλου

1055 1940 1190 1967 λαΰόντων
1204 1939 1234 1966 τὸ
1254 1939 1342 1974 σῶμα.
1356 1938 1410 1965 Ποῦ
1422 1938 1476 1973 γάρ
1491 1937 1587 1973 σχολὴν
1600 1934 1674 1971 εἶχον
1689 1937 1713 1962 οἱ
1729 1935 1838 1962 κλέπται

1055 1986 1103 2013 καὶ
1117 1985 1242 2018 τοιαύτην
1256 1984 1357 2015 ἄδειαν,
1373 1983 1411 2015 ὡς
1429 1983 1476 2010 καὶ
1490 1983 1520 2010 τὸ
1536 1983 1584 2018 τῆς
1601 1982 1722 2017 κεφαλῆς
1737 1982 1836 2016 κάλυμ-

1058 2041 1096 2068 μα
1108 2031 1178 2059 κατὰ
1192 2031 1268 2064 τάξιν
1281 2031 1362 2058 εἱλεῖν
1375 2031 1422 2058 καὶ
1447 2030 1550 2057 τιθέναι
1577 2029 1681 2065 χωρίς;
1699 2030 1779 2056 Ὥστε
1794 2029 1837 2056 καὶ

1055 2077 1135 2104 τοῦτο
1159 2077 1300 2112 συνίστησι
1319 2075 1412 2111 σαφῶς
1436 2077 1486 2111 τῆς
1505 2075 1680 2107 ἀναστάσεως
1705 2075 1753 2111 τὴν
1773 2075 1836 2110 ἁλή-

1056 2124 1148 2150 θειαν·
1163 2122 1222 2158 ἅμα
1237 2122 1266 2149 δέ
1281 2123 1329 2150 καὶ
1345 2122 1493 2157 μυστήριον
1511 2121 1663 2157 παρεδήλου
1681 2121 1835 2156 θεοπρεπὲς,

1055 2169 1093 2200 ὡς
1105 2169 1122 2204 ἡ
1137 2168 1240 2204 κεφαλὴ
1253 2169 1301 2204 τῆς
1314 2168 1440 2204 θεότητος
1455 2167 1532 2200 τάξιν
1547 2167 1683 2202 ἐπέχουσα
1699 2166 1785 2202 (κατὰ
1796 2167 1836 2197 τὸ.

1063 2215 1099 2242 Ἠ
1111 2214 1228 2250 κεφαλὴ
1240 2215 1293 2242 τοῦ
1302 2214 1431 2249 Χριστοῦ
1444 2215 1461 2241 δ
1472 2213 1554 2248 Θεὸς)
1566 2234 1572 2243 .
1587 2215 1635 2240 καὶ
1648 2215 1673 2240 οἱ
1686 2213 1749 2248 περὶ
1760 2213 1838 2248 αὐτῆς

1057 2261 1132 2295 λόγοι
1160 2261 1270 2296 μένουσι
1303 2261 1351 2287 καὶ
1377 2260 1446 2296 μετὰ
1469 2261 1517 2295 τὴν
1541 2259 1746 2295 ὲνανθρώτξησιν
1765 2260 1837 2285 οἱονεὶ

1059 2306 1271 2343 ἐνειλημ[μ]ένοι
1287 2307 1334 2333 καὶ
1360 2307 1496 2334 ἀδιάλυτοι
1509 2315 1515 2322 ·
1532 2306 1583 2333 κᾶν
1599 2306 1633 2332 τὰ
1648 2306 1723 2332 κάτω
1735 2305 1768 2331 τὰ
1779 2305 1836 2339 περὶ

1058 2353 1108 2388 τὴν
1124 2353 1253 2388 ἕνσαρκον
1267 2353 1438 2388 οἰκονομίαν,
1451 2352 1499 2379 καὶ
1513 2352 1562 2387 τὴν
1580 2352 1626 2378 ἐπὶ
1644 2352 1695 2386 γῆς
1709 2351 1773 2386 μετά
1793 2351 1836 2378 ἀν-

1060 2398 1176 2433 θρώπων
1191 2398 1362 2434 ἀναστροφὴν
1376 2394 1424 2432 (ὢν
1438 2397 1521 2429 τύπος
1539 2395 1573 2432 ἦν
1588 2396 1623 2423 τὰ
1640 2396 1740 2431 ὀθόνια)
1751 2417 1758 2429 ,
1775 2395 1836 2423 κατὰ

1060 2445 1090 2472 τὸ
1101 2444 1212 2471 δυνατὸν
1228 2445 1293 2480 ἡμῖν
1310 2443 1462 2470 διαλέλυταί
1476 2451 1505 2469 τε
1529 2443 1575 2469 καὶ
1589 2441 1769 2477 ἐψηλάφηται.
1789 2442 1836 2468 Καὶ

1060 2490 1145 2517 ταῦτα
1171 2490 1268 2521 ἰδόντες
1292 2491 1316 2516 οἱ
1342 2489 1406 2524 περὶ
1423 2489 1469 2515 τὸν
1484 2489 1585 2523 Πέτρον
1605 2488 1764 2514 ἐπίστευσαν
1775 2507 1782 2518 ,
1793 2487 1835 2522 οὐχ

1061 2535 1153 2566 ἁπλῶς
1174 2535 1263 2570 μόνον,
1276 2534 1342 2561 ἀλλὰ
1353 2535 1399 2561 καὶ
1414 2534 1546 2569 κρείττονι
1561 2533 1599 2568 νῷ
1620 2533 1666 2559 καὶ
1680 2533 1834 2567 ἁποστολιιιῷ

1061 2577 1231 2614 θεασάμενοι.
1255 2579 1363 2614 Πλήρης
1379 2578 1432 2613 γάρ
1457 2576 1491 2613 ἦν
1505 2579 1519 2604 ὁ
1540 2578 1623 2612 τάφος
1649 2577 1752 2612 φωτὸς,
1774 2577 1834 2604 ὥστε

1061 2625 1107 2650 καὶ
1119 2624 1214 2655 νυκτὸς
1231 2623 1313 2659 οὔσης
1332 2623 1371 2649 ἔτι
1384 2643 1390 2655 ,
1410 2623 1510 2654 διπλῶς
1532 2621 1678 2649 θεάσασθαι
1705 2622 1738 2649 τὰ
1760 2622 1832 2653 ἔνδον,

1060 2670 1108 2697 καὶ
1122 2669 1259 2704 αἰσθητῶς
1272 2670 1318 2696 καὶ
1330 2668 1531 2703 πνευματικῶς.
1543 2668 1574 2694 Εἰ
1586 2668 1638 2703 γὰρ
1654 2667 1712 2702 φῶς
1724 2668 1832 2700 δικαίοις,

1061 2715 1131 2742 κατᾶ
1146 2715 1176 2742 τὸ
1195 2715 1404 2751 γεγραμμένον,
1424 2714 1468 2741 διὰ
1496 2713 1612 2745 παντὸς,
1634 2713 1724 2748 πολλῷ
1749 2713 1831 2749 μᾶλλον
