1938 3082
26 131 77 160 (ἳιέ
90 133 114 160 7
508 133 543 161 ΙΝ
572 133 715 162 CllRlSTl’
737 134 1057 162 RESURRECTIONEM
1069 134 1172 163 ORAT.
1189 134 1223 164 ll.
1648 134 1700 162 638

24 191 96 227 τῷ
120 193 178 220 τῶν
192 193 303 220 δικαίων
322 192 391 228 Θεῷ.
411 194 472 221 Οὐκ
488 193 679 221 ἐπίστευσαν
695 194 729 221 δὲ
741 214 748 225 ,
765 195 857 229 φησὶν,

912 195 1000 228 erant)
1018 194 1188 226 acciderunt,
1205 197 1338 229 quantum
1359 202 1420 229 eius
1434 194 1491 221 ﬁeri
1510 194 1600 229 potuit
1613 201 1629 221 a
1650 202 1700 221 no-

30 237 128 266 ἐπεὶ
144 239 269 274 μηδέπω
284 239 411 274 ᾔδεισαν
423 239 482 273 τὴν
498 241 636 274 Γραρὴν,
652 240 696 267 ὅτι
709 241 756 267 δεῖ
766 240 859 267 αὑτὸν

912 239 956 266 bis
982 240 1115 267 dissoluta
1147 245 1229 275 atque
1255 244 1425 267 contrectata
1448 240 1513 267 sint.
1537 241 1626 275 Atque
1657 240 1700 267 his

31 285 89 311 ἐκ
111 286 230 320 νεκρῶν
242 285 423 320 ἀναστῆναι.
439 286 492 313 Καὶ
513 287 565 322 μὴν
579 288 690 322 ᾔδεισαν
703 286 751 313 τοῦ
766 287 858 321 Σωτῆ-

912 286 981 313 visis
1003 286 1101 313 Petrus
1124 289 1152 313 et
1175 293 1268 313 comes
1282 286 1342 320 ejus
1356 286 1544 319 crediderunt,
1561 294 1624 313 cum
1645 295 1701 314 non

39 337 110 364 ρος
126 331 220 362 αὐτοῖς
237 330 367 362 πολλάκις
383 332 578 366 προειρηκότος
592 351 598 362 .
616 332 654 363 ὡς
665 332 857 365 ἀναστήσεται·

912 332 1076 367 simpliciter
1091 332 1192 364 solum,
1212 334 1391 359 verumetiam
1405 333 1587 367 prmstantiori
1609 337 1702 360 mente

37 375 123 402 ἀλλ’
143 377 191 411 οὐχ
205 376 243 408 ὼς
263 377 317 403 ἀπὸ
332 377 380 412 τῆς
399 377 510 412 Γραφῆς
537 377 714 412 πεπεισμένοι
736 377 783 403 καὶ
806 377 860 403 τῶν

913 386 945 405 ac
959 386 1044 406 sensu
1059 378 1213 415 apostolico
1226 385 1283 405 rem
1299 381 1477 412 spectassent.
1498 377 1611 405 Plenum
1628 378 1701 405 enim

38 421 172 449 ἐκεῖθεν
195 422 353 459 φερομένων
367 423 500 458 χρησμῶν
517 423 527 458 (
542 424 589 455 οὒς
606 424 642 459 μὴ
668 424 782 458 ἐκϐῆναι
806 424 860 450 τῶν

912 423 1022 451 luminis
1044 428 1103 451 erat
1118 424 1286 459 sepulcrum,
1301 427 1332 451 ut
1347 423 1454 451 etiamsi
1476 431 1530 450 nox
1548 423 1639 450 adhuc
1659 431 1703 450 es-

40 468 203 495 ἀδύνατων
214 467 248 505 ἦν
260 471 269 503 )
281 489 289 503 ,
303 470 361 496 ἀλλ’
376 469 416 496 ἔτι
431 470 496 505 περὶ
514 470 563 505 τὴν
578 470 670 497 πίστιν
688 470 859 502 ὀκλάζοντες.

912 474 962 502 set,
979 470 1128 506 dupliciter
1146 475 1250 501 tamen,
1265 475 1322 497 tum
1346 470 1525 502 sensibiliter,
1549 474 1606 497 tum
1621 470 1703 505 spiri-

43 516 179 544 tualiter
195 517 322 545 viderent
337 525 369 544 ea
394 525 455 552 qua:
469 517 546 545 intus
565 522 654 545 erant.
672 517 740 545 Nam
767 518 791 545 si
811 518 858 545 lux
873 518 957 552 justis
974 522 1119 553 perpetuo,
1137 522 1219 553 prout
1244 519 1376 552 scriptum
1398 522 1451 549 est,
1489 518 1574 544 multo
1613 518 1703 553 magis

39 562 202 597 justorum
235 563 301 591 Deo.
336 564 398 591 Non
412 565 582 592 crediderunt
603 570 703 597 autem,
720 565 821 600 inquit,
835 566 898 600 quia
917 565 1034 592 nondum
1049 570 1174 592 noverant
1195 564 1371 599 Scripturam,
1386 563 1455 599 quod
1470 568 1597 599 oporteret
1614 571 1672 590 eum
1686 572 1704 591 α

42 612 177 638 mortuis
193 619 328 646 resurgere
341 612 374 640 η.
391 613 470 648 Atqui
486 613 623 645 sciebant.
656 613 721 648 quia
743 614 874 642 Servator
893 613 935 641 eis
961 621 1034 648 saepe
1069 613 1244 648 praedixerat,
1272 613 1345 648 quod
1376 617 1584 641 resurrecturus
1606 616 1700 640 esset:

44 655 112 683 sed
134 664 192 684 non
218 662 347 692 tanquam
363 665 378 684 a
399 657 553 694 Scriptura,
580 663 663 694 atque
686 659 754 687 inde
787 660 881 695 petitis
900 659 1023 687 oraculis
1048 659 1119 694 (qua:
1145 659 1202 687 ﬁeri
1222 667 1277 687 non
1304 663 1421 695 poterat,
1457 659 1522 694 quin
1550 658 1703 693 evenirent)

44 704 191 737 adducti,
206 706 254 733 sed
268 709 398 741 tanquam
412 706 489 734 circa
506 707 586 735 tidem
604 707 694 735 adhuc
713 708 887 735 labascentes
902 712 986 742 atque
1003 708 1206 735 claudicantes.

99 751 258 788 Παρίστησι
284 752 313 778 δὲ
338 752 369 778 τὸ
388 753 491 788 γυμνὸν
509 754 555 780 τὸν
580 753 684 790 Ἰησοῦν
699 755 858 790 ἀναστῆναι,

949 754 1084 781 Caeterum
1099 753 1170 789 quod
1189 753 1278 781 nudus
1288 753 1367 781 Jesus
1381 753 1486 788 absque
1499 751 1704 779 linteaminibus

43 796 116 824 τῶν
144 797 256 824 ὀθονίων
286 797 391 833 χωρὶς,
415 798 446 824 τὸ
466 798 599 834 μηδαμῶς
618 799 698 826 αὐτὸν
725 799 766 826 ἔτι
790 799 861 826 κατὰ

912 800 1072 832 resurrexit.
1091 800 1229 835 signiﬁcat
1243 808 1305 827 eum
1326 807 1500 834 nequaquam
1519 799 1634 833 posthac
1648 797 1702 824 cibi

47 843 156 876 σάρκα
171 844 377 879 γνωσθήσεσθαι
398 845 500 880 τροφῆς
519 844 535 879 ἦ
553 845 635 871 ποτοῦ
651 845 859 881 δεηθησόμενον,

46 890 70 924 ἦ
89 890 252 925 ἐνδυμάτων
273 890 429 926 περιϐολῆς.
446 890 477 917 Εἰ
491 891 537 918 καὶ
556 892 605 926 τὴν
626 892 779 926 οἰκονομίαν
793 892 862 927 πλη-

52 936 120 970 ρῶν
133 956 141 968 ,
168 936 272 968 τούτοις
291 936 362 963 ἑκὼν
377 937 514 972 ὑπέθηκεν
528 937 624 964 ἑαυτὸν
636 959 643 971 ,
659 938 696 970 ὡς
709 938 759 973 τῆς
776 938 862 973 αὐτῆς

49 982 175 1017 φύσεως
191 984 360 1018 κοινωνήσας
376 984 442 1019 ἡμῖν
455 1004 464 1017 ,
481 983 576 1010 ἔπειτα
599 983 627 1010 δὲ
651 984 726 1020 δηλοῖ
741 985 787 1011 καὶ
812 984 861 1019 τὴν

48 1028 109 1055 τοῦ
131 1028 220 1058 Ἀδὰμ.
232 1029 272 1061 εις
285 1029 316 1056 τὸ
326 1029 439 1065 ἀρχαῖον
453 1029 685 1062 ἀποκατάστασιν,
701 1031 745 1057 ὅτε
759 1031 861 1065 γυμνὸς

50 1073 95 1110 ἦν
111 1076 142 1101 ὲν
156 1075 195 1110 τῷ
215 1076 371 1111 παραδείσῳ
397 1077 444 1103 καὶ
465 1077 514 1103 οὐκ
539 1077 679 1112 ᾐσχύνετο.
695 1077 794 1104 Λοιπὸν
805 1078 861 1112 γὰρ

52 1121 99 1153 ὡς
113 1121 183 1154 Θεὸς
194 1142 202 1154 _.
218 1123 242 1148 εἰ
257 1122 303 1149 καὶ
318 1123 526 1159 σεσαρκωμένος
537 1143 544 1155 ,
569 1123 630 1158 δόξῃ
655 1124 687 1158 τῇ
711 1123 861 1159 θεοπρεπε-

55 1168 153 1204 στάτῃ
170 1168 377 1204 περιεϐέϐλητο,
394 1168 475 1200 αὐτὸς
489 1167 528 1195 ὢν
542 1169 556 1195 ὁ
573 1168 790 1203 ἀναϐαλλόμενος
803 1168 862 1202 φῶς

54 1213 102 1245 ὡς
121 1214 241 1249 ἱμάτιον,
295 1223 377 1250 φησιν
398 1215 412 1241 ὁ
427 1214 568 1250 προφήτης
581 1214 673 1242 Δαϐίδ.
695 1214 764 1240 Ἀλλ’
780 1215 794 1241 ὁ
812 1215 861 1250 μὲν

55 1259 170 1295 Πέτρος
186 1260 232 1286 καὶ
252 1260 378 1295 Ἰωάννης
399 1260 580 1292 πιπωθέντες
601 1261 633 1286 ὲκ
651 1259 705 1286 τῶν
731 1260 861 1295 τεθεαμέ-

56 1313 130 1336 νων,
154 1305 308 1340 ἀνεχώρουν
332 1305 441 1332 οἴκαδε·
466 1307 500 1341 τῇ
515 1305 608 1342 Μαρία
625 1306 654 1332 δὲ
679 1305 754 1332 εἶπον
773 1306 858 1333 οὐδέν.

66 1351 213 1386 ᾨκονόμει
241 1351 296 1386 γὰρ
318 1352 332 1378 ὸ
351 1351 430 1386 μόνος
457 1351 557 1384 σοφὸς,
583 1351 620 1383 ὡς
641 1351 809 1379 ἀπιστοῦσαν
828 1353 861 1379 ἐκ

59 1396 131 1427 θέας
143 1397 228 1432 αὐτὴν
243 1397 428 1433 προσάγεσθαι
445 1397 559 1432 μᾶλλον,
574 1398 591 1433 ἢ
605 1398 699 1432 ἀκοῆς.
720 1398 860 1432 Etenim-3

58 1442 157 1470 τοίνυν
172 1443 247 1477 πρὸς
260 1443 301 1475 τῷ
316 1443 452 1478 μνήματι·
464 1443 524 1475 ἔξω
548 1443 715 1475 κλαίουσα,
735 1444 784 1470 καὶ
805 1451 861 1470 πα-

56 1489 233 1524 ρακύψασα
244 1487 324 1516 εἶδεν
336 1489 484 1524 ἀγγέλους
509 1489 564 1517 δύο
583 1489 713 1522 λευκοὺς
728 1489 775 1516 καὶ
793 1497 861 1523 φαι-

61 1535 159 1570 δροὺς
172 1535 211 1570 τῇ
233 1535 347 1570 στολῇ,
368 1535 583 1570 καθεζομένους
597 1535 651 1562 ἕνα
671 1534 744 1569 πρὸς
760 1535 798 1569 τῇ
813 1543 862 1561 κε-

62 1581 166 1616 φαλῇ,
184 1581 235 1609 καὶ
247 1582 301 1609 ἕνα
323 1582 399 1616 πρὸς
426 1581 488 1613 τοῖς
503 1581 606 1614 ποσὶν,
631 1581 707 1608 ὅπου
720 1572 815 1607 ἔκειτο
828 1579 862 1607 τὸ

62 1628 155 1663 σῶμα
172 1629 226 1656 τοῦ
249 1628 371 1662 Ἰησοῦ·
395 1628 442 1664 καὶ
469 1628 528 1654 δέον
553 1628 600 1655 τὸν
623 1627 739 1663 ὀδυρμὺν
759 1628 799 1658 εἰς
817 1627 862 1653 εὑ-

64 1674 206 1710 φροσύνην
222 1675 393 1710 μεταϐαλεῖν,
405 1674 460 1701 τῶν
469 1674 596 1710 δακρύων
609 1673 660 1701 οὐκ
670 1673 776 1709 ἔληγεν,
791 1672 862 1700 ὥστε

63 1722 131 1753 τοὺς
147 1721 279 1755 ἀγγέλους
294 1722 375 1748 οἱονεὶ
392 1721 451 1756 μετ’
474 1721 661 1756 ἐπιτιμήσεως
676 1721 763 1747 εἰπεῖν
775 1729 783 1735 -
804 1720 863 1746 Γύ-

65 1774 128 1798 ναι,
158 1767 187 1793 τι
210 1766 341 1798 aestatem;
362 1766 464 1792 ὡσανεὶ
473 1765 581 1800 ἔλεγον
605 1766 752 1791 Γυναικεία
775 1763 862 1790 ταῦτα

64 1812 103 1839 τὰ
127 1811 251 1847 δάκρυα,
268 1812 319 1838 οὐκ
334 1811 464 1848 εὔφρονος
485 1812 542 1838 νοῦ.
559 1811 614 1838 Ποῦ
629 1811 684 1846 γὰρ
701 1810 791 1846 χώραν
806 1810 862 1845 ἔχει

64 1858 99 1886 τὸ
118 1859 188 1894 μετὰ
204 1858 332 1893 τοιαύτην
355 1858 419 1884 Θέαν
436 1857 597 1892 ὀδύρεσθαι;
611 1857 733 1892 Κάκείνη
749 1857 798 1892 τῆς
815 1857 864 1883 αὑ-

65 1907 118 1940 τῆς
137 1905 265 1936 ἀπιστίας
284 1904 401 1940 ἐχομένη
422 1902 619 1939 (παρετεῑνετο
641 1904 695 1939 γὰρ
709 1903 739 1930 τὸ
757 1903 861 1935 πάθος,

67 1953 114 1978 ἱνα
130 1952 187 1982 τοῖς
210 1950 281 1978 κατὰ
308 1950 406 1986 μικρὸν
429 1949 634 1985 προτιθεμένοις
657 1950 697 1982 εἰς
713 1948 804 1976 πίστιν
818 1957 864 1975 τε-

66 1997 149 2028 λείως
165 1996 378 2033 ἐκκαθαρθείη),
395 1997 464 2032 πρὸς
485 1995 583 2027 αὐτοὺς
606 1993 680 2022 εἶπεν
702 1996 743 2022 ὅτι
767 1993 864 2029 Ἷῑραν

67 2043 124 2070 τὸν
141 2043 249 2076 Κύριον
265 2051 325 2076 μου
345 2041 381 2068 ἐκ
401 2041 454 2068 τοῦ
477 2041 643 2075 μνημείου,
666 2040 714 2066 καὶ
730 2041 785 2067 οὐκ
798 2038 864 2066 οἴδα

68 2087 130 2115 ποῦ
145 2088 258 2121 ἔθηκαν
278 2086 380 2113 αὐτόν.
398 2085 453 2112 Καὶ
472 2085 564 2112 ταῦτα
577 2083 706 2112 εἰποῦσα
727 2083 862 2118 ἐστράφη

910 852 1036 881 potusve,
1050 851 1097 873 aut
1112 847 1335 873 indumentorum
1352 846 1514 881 gestaminis
1529 849 1611 879 atque
1635 851 1702 879 ope-

910 892 1020 920 rimenli
1034 897 1159 928 egentem
1179 893 1204 919 in
1228 900 1312 919 carne
1337 892 1477 927 cognitum
1495 891 1544 924 ,iri.
1564 890 1595 917 Et
1618 891 1640 917 si
1660 890 1699 920 id.

912 940 986 975 quod
1014 940 1166 972 decretum,
1191 939 1353 973 dispositum
1378 946 1410 965 ac
1438 938 1603 965 destinatum
1632 940 1701 968 erat,

911 993 1066 1022 exsequens
1080 989 1106 1013 et
1122 985 1319 1013 administrans
1337 988 1434 1019 sponte
1451 992 1499 1011 sua
1517 991 1546 1011 se
1563 983 1606 1010 his
1621 983 1702 1010 rebus

912 1033 1041 1068 subjecit,
1066 1035 1096 1059 ut
1119 1031 1164 1066 qui
1187 1030 1310 1065 ejusdem
1334 1030 1475 1057 nobiscum
1495 1033 1598 1056 naturae
1621 1029 1703 1063 parti-

912 1085 976 1112 ceps
999 1080 1074 1105 esset
1091 1087 1096 1103 :
1112 1076 1211 1103 deinde
1234 1075 1370 1110 signiﬁcat
1384 1075 1465 1102 etiam
1491 1074 1587 1101 Adami
1604 1074 1631 1100 in
1647 1074 1704 1109 pri-

912 1124 1015 1151 stinum
1032 1127 1132 1151 statum
1149 1122 1365 1153 restitutionem,
1381 1121 1407 1147 in
1422 1129 1477 1155 quo
1490 1120 1581 1148 nudus
1599 1125 1659 1148 erat
1674 1121 1702 1148 in

911 1169 1051 1205 paradiso.
1068 1172 1095 1196 et
1108 1175 1164 1195 non
1181 1167 1373 1195 erubescebat.
1390 1166 1457 1193 Nam
1472 1166 1506 1194 de
1522 1171 1621 1194 caatero
1639 1170 1702 1193 tan-

910 1223 992 1251 quam
1015 1215 1098 1248 Deus,
1125 1214 1189 1242 liCet
1210 1214 1387 1246 incarnatus,
1416 1212 1513 1248 gloria,
1537 1221 1598 1248 quae
1618 1212 1703 1240 Deum

911 1262 1030 1289 maxime
1047 1261 1137 1293 decet,
1152 1259 1341 1287 circumdatus
1364 1263 1434 1292 erat,
1453 1267 1516 1286 cum
1535 1260 1592 1294 ipse
1611 1259 1647 1287 sit
1667 1259 1702 1291 is.

911 1308 957 1342 qui
971 1307 1075 1335 lumine
1090 1311 1222 1342 tanquam
1239 1306 1324 1341 pallio
1339 1305 1473 1337 induitur,
1488 1310 1519 1332 ut
1534 1306 1623 1341 inquit
1640 1313 1704 1340 pro-

911 1353 991 1388 pheta
1007 1353 1091 1380 David
1103 1353 1136 1378 ³³.
1155 1352 1193 1379 Ac
1213 1351 1311 1391 Petrus
1329 1350 1438 1386 quidem
1457 1355 1483 1377 et
1495 1350 1626 1381 Joannes.
1650 1349 1704 1377 ﬁde

912 1398 979 1433 ipsis
998 1406 1032 1425 ex
1050 1398 1084 1425 iis
1118 1405 1179 1433 quae
1196 1397 1323 1424 viderant
1347 1396 1431 1428 facta,
1446 1396 1557 1424 domum
1585 1401 1704 1423 reverte-

913 1443 1097 1478 runt;Mariaa
1110 1452 1175 1472 vero
1194 1444 1263 1471 nihil
1283 1443 1420 1470 dixerunt.
1445 1443 1567 1470 Curabat
1581 1443 1654 1470 enim
1674 1446 1703 1470 et

912 1498 1023 1525 operam
1043 1490 1127 1517 dabat
1152 1490 1185 1522 is,
1205 1490 1252 1525 qui
1268 1490 1344 1517 solus
1360 1489 1470 1524 sapiens
1491 1494 1543 1521 est,
1567 1493 1595 1516 ut
1622 1488 1701 1516 ﬁdem

911 1543 966 1562 non
982 1535 1086 1563 habens
1102 1543 1149 1570 per
1165 1543 1197 1562 ea
1211 1542 1271 1570 quae
1292 1535 1397 1563 videret
1420 1535 1522 1570 potius,
1544 1542 1626 1570 quam
1641 1542 1704 1569 quae

912 1581 1031 1614 audiret,
1056 1583 1088 1608 ad
1104 1581 1271 1608 credendum
1293 1581 1486 1609 adduceretur.
1505 1581 1600 1608 Stabat
1620 1581 1705 1616 igitur

907 1627 989 1662 juxta
1005 1631 1202 1654 monumentum
1220 1627 1287 1662 foris
1300 1627 1423 1661 plorans,
1439 1631 1534 1654 etcum
1548 1627 1704 1654 inclinasset

912 1680 950 1703 se;
965 1672 1031 1699 vidit
1049 1671 1156 1707 angelos
1175 1672 1242 1699 duos
1256 1677 1324 1699 veste
1337 1672 1454 1700 candida
1466 1673 1584 1708 insignes
1597 1678 1622 1700 et
1639 1673 1705 1700 illa.

912 1723 991 1751 εει-οε,
1010 1718 1127 1745 sedentes
1151 1727 1234 1745 unum
1256 1719 1292 1746 ad
1311 1724 1401 1754 caput,
1426 1719 1543 1746 alterum
1562 1719 1597 1746 ad
1614 1718 1702 1754 pedes,

912 1764 957 1791 ubi
964 1764 1088 1799 jacuerat
1101 1772 1196 1799 corpus
1211 1764 1276 1792 .I‘esu
1288 1765 1311 1780 ”
1327 1774 1334 1792 :
1351 1769 1378 1792 et
1399 1772 1461 1792 cum
1481 1765 1703 1793 lamentationem

913 1810 1006 1838 lmtitia
1023 1815 1192 1838 commutare
1210 1815 1361 1846 oporteret,
1382 1810 1530 1846 lacrymari
1549 1818 1604 1838 non
1628 1811 1704 1842 depl-

913 1856 1012 1887 stebat.
1030 1856 1098 1884 adeo
1114 1861 1144 1884 ut
1161 1857 1250 1891 angeli
1267 1857 1346 1892 quasi
1373 1865 1436 1885 cum
1458 1857 1647 1892 increpatione
1661 1857 1704 1884 di-

913 1907 1029 1929 cerent:
1048 1902 1158 1934 Mulier,
1179 1902 1242 1938 quid
1257 1903 1453 1939 ﬂes?perinde
1469 1911 1500 1931 ac
1520 1904 1542 1931 si
1557 1904 1680 1931 dicerent
1694 1913 1702 1932 :

913 1948 1060 1977 Muliebres
1089 1949 1132 1976 ha
1154 1953 1219 1977 sunt
1249 1950 1400 1985 lacrynne,
1430 1958 1486 1977 non
1524 1951 1577 1977 laeti
1608 1950 1705 1978 animi;

912 1994 965 2027 Qui
988 1995 1061 2022 enim
1086 1995 1175 2022 locum
1199 1995 1283 2023 habet
1308 1996 1467 2033 lamentatio
1481 2001 1543 2031 post
1569 1996 1623 2023 tale
1646 2003 1705 2030 spe-

913 2040 1072 2068 ctaculum?
1088 2040 1177 2076 Atque
1191 2042 1236 2068 illa
1261 2042 1288 2069 in
1308 2042 1402 2069 eadem
1429 2042 1621 2070 incredulitate
1642 2049 1707 2077 per-

913 2094 1044 2114 severans
1061 2086 1274 2123 (prorogabatur
1288 2088 1360 2115 enim
1382 2091 1410 2115 et
1431 2087 1629 2115 extendebatur
1641 2095 1704 2122 per-

67 2136 113 2167 εὶς
135 2134 172 2160 τὰ
189 2133 301 2166 ὀπίσω,
328 2131 378 2159 καὶ
409 2131 511 2164 θεωρεῖ
525 2130 578 2156 τὸν
596 2130 718 2163 Ἰησοῦν
738 2129 862 2161 ἑστῶτα,

915 2133 1046 2165 turbatio.
1065 2139 1094 2161 ut
1109 2141 1157 2168 per
1170 2141 1203 2161 ea
1224 2141 1286 2169 qum
1299 2134 1430 2168 paulatim
1444 2133 1654 2168 adjiciebantur,
1670 2134 1704 2161 ad

69 2179 120 2209 καὶ
135 2180 192 2206 οὐκ
219 2178 283 2213 ᾔδει
302 2178 347 2204 ὅτι
366 2176 480 2211 Ἰησοῦς
502 2176 585 2202 ἐστι’
600 2175 678 2202 τοῦτο
697 2175 744 2210 μὲν
760 2176 792 2201 ὲκ
807 2175 862 2202 τῶν

69 2224 197 2261 δακρύων
210 2223 435 2258 ὲπισκοτουμένη,
451 2222 498 2249 καὶ
512 2219 567 2248 οἷον
581 2221 661 2256 ἀχλύῐ
677 2220 862 2257 βεϐαρημένη,

70 2272 149 2298 τοῦτο
170 2271 199 2297 δὲ
215 2270 262 2297 τοῦ
281 2269 366 2305 Ἰησοῦ
391 2268 595 2304 οῑκονομοῠντος
609 2267 641 2294 τὸ
658 2269 695 2302 μὴ
710 2266 863 2301 γνωσθῆναι

70 2318 139 2353 αὐτῇ
153 2325 160 2332 ⁸
173 2317 212 2343 διὺ
233 2316 279 2343 καὶ
297 2313 358 2342 εἷπε
369 2324 376 2331 ·
391 2315 506 2346 Γύναι,
525 2314 555 2341 τί
573 2313 708 2346 relati-uc;
727 2312 796 2340 Τίνα
816 2311 863 2345 ζη-

70 2363 151 2397 τεῖς;
173 2363 288 2396 Ἐκείνη
302 2361 436 2389 δοκοῦσα
455 2361 500 2387 ὅτι
522 2362 539 2387 ὁ
556 2360 708 2393 κηπουρός
721 2359 787 2385 ἐστι
797 2378 803 2390 ,
814 2358 864 2384 .λὲ-

71 2419 115 2447 γει
127 2408 207 2442 αὐτῷ
219 2418 225 2425 ·
241 2409 345 2442 Κύριε,
368 2409 393 2435 ει
416 2407 457 2434 σὺ
472 2406 643 2439 ἐϐάστασας
667 2405 777 2437 αὑτὸν,
798 2404 864 2431 εἰπέ

71 2465 120 2492 μοι
138 2455 197 2482 ποῦ
215 2456 324 2488 ἔθηκας
338 2453 432 2481 αὐτὸν
443 2473 452 2486 ,
477 2452 558 2487 κάγὼ
585 2451 680 2478 αὑτὸν
701 2450 771 2485 ἀρῶ.
788 2451 867 2486 Τάχα

72 2501 99 2528 δὲ
117 2502 168 2527 οὐκ
189 2500 242 2532 ἔξω
263 2499 310 2526 τοῦ
327 2499 476 2534 πρέποντος
493 2497 630 2533 κηπουρὸν
645 2497 781 2524 ὑπέλαϐεν
795 2495 865 2524 εἶναι.

72 2548 116 2574 τὸν
135 2547 238 2581 Ἰησοῦν
251 2556 257 2562 ·
273 2547 312 2581 τῷ
328 2546 385 2572 ὄντι
400 2545 455 2581 γὰρ
469 2543 502 2580 ἦν
517 2544 598 2576 αὐτὸς
611 2545 625 2570 ὁ
637 2543 684 2570 τοῦ
701 2544 864 2580 παραδείσου

73 2593 193 2629 γεωργὸς
212 2592 315 2627 ἀληθὴς
337 2592 382 2618 καὶ
398 2591 546 2622 ἀθάνατος,
563 2591 591 2616 ἐν
607 2590 645 2624 τῷ
657 2590 704 2616 τοῦ
726 2590 865 2625 μνήματος

73 2641 152 2675 κήπῳ
174 2638 300 2673 καθάπερ
325 2639 354 2664 ὲν
379 2637 417 2672 τῷ
431 2637 588 2673 παραδείσῳ
607 2637 656 2671 τὴν
676 2637 804 2670 γυναῖκα,
816 2635 864 2670 τὴν

73 2687 102 2719 ἐξ
113 2685 241 2717 ἀπιστίας
253 2685 299 2712 τὸν
320 2684 405 2718 ’Λὸὰμ
423 2684 468 2709 τὸν
488 2683 595 2719 πρῶτον
609 2683 746 2717 κηπουρὸν
759 2683 865 2718 ἀπατή-

74 2730 369 2766 σασανβιορθούμενος.
385 2728 478 2760 Οὕτως
493 2727 541 2755 οὖν
557 2728 663 2755 ἅπαντα
677 2726 862 2762 μυστηριώδη,

74 2778 119 2806 καὶ
133 2778 220 2812 λόγων
232 2776 337 2812 ἔμπλεα
351 2775 493 2810 θειοτέρων
508 2774 554 2801 καὶ
568 2773 688 2808 ὑψηλῶν.

916 2178 1081 2206 credendum
1107 2178 1229 2214 perfecte
1253 2180 1463 2215 expurgaretur)
1482 2179 1515 2206 ad
1541 2187 1589 2206 eos
1611 2179 1704 2208 dixit:

916 2224 1089 2252 Sustulerant
1110 2224 1252 2251 Dominum
1269 2233 1356 2252 meum
1371 2232 1403 2252 ex
1419 2229 1598 2257 monumento,
1616 2229 1640 2251 et
1660 2233 1705 2253 ἥθ’·

915 2270 970 2295 scio
988 2269 1033 2295 ubi
1049 2269 1185 2303 posuerint
1201 2277 1271 2296 eum.
1295 2269 1378 2305 Atque
1396 2270 1451 2297 lum:
1473 2270 1560 2297 locuta
1579 2278 1705 2297 conversa

915 2319 953 2341 est
969 2319 1125 2347 retrorsum,
1152 2320 1177 2342 et
1196 2315 1264 2342 uidet
1285 2314 1376 2342 Jesum
1393 2321 1518 2349 stantem,
1542 2324 1587 2343 nec
1607 2315 1706 2343 sciebat

915 2361 984 2396 quod
1000 2360 1077 2388 Iesus
1089 2366 1167 2388 esset.
1187 2360 1289 2388 Partim
1304 2362 1377 2397 quod
1399 2370 1454 2397 prae
1475 2362 1604 2397 lacrymis
1618 2353 1719 2400 oﬂ'usa‘:

916 2407 1049 2439 tenebris,
1067 2410 1094 2434 et
1109 2407 1188 2442 quasi
1210 2407 1327 2442 caligine
1351 2413 1463 2443 gravata
1489 2413 1562 2436 esset
1578 2417 1585 2442 ;
1604 2408 1704 2444 partim

915 2452 989 2487 quod
1010 2454 1092 2480 etiam
1107 2452 1187 2480 Iesus
1216 2453 1319 2481 interea
1341 2461 1397 2481 rem
1417 2454 1455 2481 ita
1475 2453 1645 2489 disponeret,
1675 2458 1705 2481 ut

916 2499 950 2526 ab
969 2507 1001 2526 ea
1019 2507 1073 2526 non
1090 2505 1295 2534 agnosceretur.
1317 2500 1500 2533 Quamobrem
1518 2501 1599 2528 etiam
1614 2500 1702 2527 dixit:

917 2546 1023 2579 Mulier,
1041 2548 1103 2582 quid
1115 2548 1228 2582 ploras?
1245 2548 1327 2580 Quem
1343 2549 1463 2582 qutcris?
1478 2547 1531 2575 Illa
1546 2547 1703 2574 existimans

913 2591 982 2626 quod
1014 2591 1170 2619 hortulanus
1204 2598 1287 2626 esset,
1314 2593 1378 2620 dicit
1408 2594 1431 2620 ei
1452 2601 1460 2620 :
1484 2593 1601 2624 Domine,
1621 2593 1644 2620 si
1676 2597 1704 2618 tu

915 2639 1058 2672 asportasti
1075 2647 1144 2672 eum,
1164 2639 1207 2665 dic
1233 2639 1308 2672 mihi,
1334 2639 1379 2666 ubi
1400 2639 1519 2673 posueris
1540 2647 1608 2671 eum,
1627 2643 1704 2672 atque

912 2690 957 2717 ego
973 2691 1031 2710 eum
1048 2683 1151 2711 tollam.
1168 2684 1292 2710 Forsitan
1307 2688 1397 2710 autem
1411 2692 1466 2711 non
1481 2683 1530 2710 abs
1551 2690 1591 2716 re,
1614 2690 1703 2717 neque

916 2734 992 2755 extra
1010 2729 1151 2761 decorum,
1169 2729 1344 2756 hortulanum
1364 2737 1426 2757 esse
1449 2729 1562 2764 putabat
1586 2727 1677 2756 Jcsum
1691 2737 1700 2755 :

917 2782 984 2801 sane
999 2774 1072 2802 enim
1088 2775 1147 2810 ipse
1160 2783 1242 2802 verus
1254 2779 1282 2801 ct
1300 2775 1464 2803 immortalis
1481 2775 1600 2810 agricola
1623 2782 1704 2810 para-

74 2824 125 2852 disi
139 2827 210 2856 crat,
229 2823 258 2850 in
288 2823 368 2849 horto
384 2820 566 2853 monumenti,
586 2820 657 2848 sicut
678 2819 705 2846 in
733 2818 863 2854 paradiso
882 2820 1036 2855 mulierem,
1066 2829 1128 2857 quae
1143 2821 1279 2850 Adamum
1301 2821 1418 2857 primum
1441 2821 1614 2849 hortulanum
1640 2827 1702 2855 pcr-

110 2883 210 2912 "Joan
224 2891 270 2917 xx,
280 2883 307 2910 9.
348 2881 452 2910 “Psal.
465 2888 523 2914 tam,
543 2880 569 2908 2.
610 2880 628 2896 ”
645 2879 721 2908 .loan.
740 2888 786 2912 xx,
805 2879 833 2907 ll
853 2887 912 2916 sqq.
