1938 3082
34 107 121 137 641
535 112 567 139 ΙΝ
580 111 719 140 CHRISTI
740 111 1058 141 RESURRECTIONEM
1073 113 1177 142 (lllAT.
1194 115 1228 142 ll.
1654 117 1707 144 542

36 176 115 195 νεν
141 169 245 196 ἰδοῦσαι
262 169 309 196 τοῦ
338 170 489 205 μνήματος,
513 169 586 196 ἔνδον
603 169 736 203 ἐγένοντο,
758 170 806 196 καὶ
819 171 858 204 οὐ)

921 178 997 202 cens.
1021 179 1083 198 cum
1099 171 1267 199 admirantes
1281 176 1362 206 atque
1378 172 1533 201 dubitantes
1548 181 1607 201 eam
1623 174 1706 201 inter-

39 213 202 248 εὑροῦσαι
216 215 246 241 τὺ
260 215 340 250 σῶμα
354 215 401 242 τοῦ
421 215 520 250 Ἰησοῦ.
534 216 581 242 καὶ
594 216 790 250 ἀπορούμεναι,
806 215 858 250 βλέ-

920 221 1028 251 rogaret
1041 226 1048 249 ;
1064 217 1110 244 sed
1125 218 1302 251 exspectabat
1325 225 1415 244 rerum
1431 223 1566 253 gestarum
1582 220 1707 247 testimo-

39 267 168 286 ’πουσιν
194 261 356 292 ἐπιστάντας
383 261 479 293 αὑταῖς
502 261 600 297 ἄνδρας
622 262 669 288 δύο
683 263 743 293 ταῖς
759 261 858 292 στολαῖς

919 261 1006 293 nium,
1023 266 1050 289 et
1060 262 1188 290 credebat
1199 262 1258 290 fore
1271 266 1301 289 ut.
1312 263 1394 290 etiam
1412 263 1466 291 illis
1482 264 1620 298 sigillatim
1631 271 1706 293 certa

42 305 324 342 ὲξαστράπτοντας,
342 308 388 334 καὶ
400 308 498 343 ἤκουον
510 307 575 342 παρ’
589 307 678 334 αὐτῶν
692 317 698 323 ’
718 309 747 334 Ti
757 307 858 341 ζὴτεῖτι

921 307 990 335 ﬁdes
1002 307 1137 342 plenaque
1150 309 1294 343 persuasio
1307 316 1354 343 per
1367 308 1510 336 oculorqu
1525 310 1599 338 ﬁeret
1613 310 1705 345 inspe-

20 382 28 386 η
40 351 124 378 τὸν
137 351 231 382 ζῶντα
242 353 318 386 μετὰ
332 352 392 378 τῶν
401 351 533 385 raptor;
548 354 608 379 Οὐκ
621 353 706 379 ἔστιν
714 349 782 384 ὧδε,
796 353 857 380 ἀλλ

920 354 1049 381 ctioncm.
1063 354 1156 389 itaque
1168 361 1230 382 cum
1244 355 1361 390 lapidem
1377 362 1392 381 a
1408 360 1585 383 monumento
1600 344 1707 383 revolu~

41 396 192 430 ἠγέρθη,
217 398 264 424 καὶ
286 398 319 424 τὰ
342 398 414 433 ἑξῆς.
443 398 498 424 Καὶ
522 397 746 433 ὑποστρέψασαι,
771 398 858 433 φησὶν

919 403 976 426 tum
997 399 1141 433 vidissent,
1164 401 1296 436 ingressa:
1314 404 1389 432 sunt,
1413 405 1441 428 et
1454 408 1508 427 non
1521 401 1632 429 invento
1646 409 1706 428 cor~

42 443 123 468 ἀπὸ
149 443 196 469 τοῦ
215 442 367 478 μνημείου,
391 443 560 478 ἀπήγγειλαν
585 443 672 470 ταῦτα
695 443 783 470 πάντα
808 445 858 476 τοῖς

917 452 984 480 pore
996 445 1072 479 Jesu,
1092 446 1180 474 anxia!
1196 451 1279 482 atque
1296 446 1455 473 lnesitantes
1469 445 1561 473 vident
1584 451 1706 474 astantes

42 487 178 520 ἕνδεκα,
195 489 242 515 καὶ
261 490 327 515 ’πᾶσι
342 491 396 521 τοῖς
412 489 525 521 λοιποῖς.

916 491 968 518 sibi
979 491 1054 519 viros
1069 491 1139 520 duos
1154 492 1232 520 stolis
1247 492 1326 526 quasi
1342 492 1561 532 etfulgurantes;
1576 499 1591 518 a
1605 492 1706 526 quibus

43 535 234 566 audiverunt
249 544 255 562 :
271 535 341 568 Quid
361 536 480 570 quaeritis
499 537 624 562 viventem
641 544 701 563 cum
723 537 860 565 mortuis?
879 545 931 563 non
946 543 983 564 est
996 537 1048 569 hic,
1064 538 1110 565 sed
1121 539 1235 566 surrexit
1250 539 1282 571 ",
1299 542 1352 565 etc.
1385 537 1419 565 Et
1441 545 1569 566 reversae.
1607 538 1704 574 inquit.

44 583 66 602 a
100 585 286 607 monumento
313 581 510 607 nuntiaverunt
529 581 585 608 haec
610 583 702 609 omnia
732 583 858 608 undecim
880 582 934 609 illis
952 583 1030 615 viris,
1045 587 1072 610 et
1087 584 1192 611 caeteris
1208 584 1347 612 omnibus.

109 625 183 651 Ἀλλ’
198 626 236 656 ὡς
252 625 352 660 πλῆθος
367 626 442 657 ὅντες
453 645 460 658 ,
487 626 586 661 μᾶλλον
602 627 755 661 ἠπίστησαν
772 627 819 653 καὶ
833 627 863 653 τὸ

43 669 242 704 ἀπαγγελθὲν
258 670 384 705 ἕσκωψαν
400 671 447 697 καὶ
458 671 615 700 διέπτυσαν.
642 672 794 706 Ἐᾳάνησαν
809 671 863 707 γὰρ

46 715 136 742 ὡσεὶ
155 717 237 751 λῆρος
258 716 292 742 τὰ
308 718 417 752 ῥήματα
433 717 531 749 αὐτῶν,
548 717 596 744 καὶ
612 718 743 752 ἠπίστουν
757 718 862 750 αὐταῖς,

46 761 139 788 ὥστε
156 763 203 788 τὸν
220 764 323 798 Πέτρον
346 763 415 798 πρὸς
431 763 480 798 τὴν
498 763 609 790 ἐκείνων
626 763 754 789 ἀπιστίαν
769 763 862 789 διανα-

955 627 1009 654 Sed
1026 633 1056 655 ut
1068 633 1148 656 erant
1166 629 1265 664 vulgus
1280 632 1307 656 et
1321 629 1466 658 multitudo
1479 630 1603 660 confusa.
1619 629 1706 665 magis

918 672 952 698 ad
967 672 1187 701 incredulitatem
1206 674 1383 708 dellexerunt,
1406 679 1488 709 atque
1502 675 1528 701 id
1548 675 1620 709 quod
1636 675 1707 702 rela-

918 723 975 746 tum
989 723 1059 750 erat.
1077 720 1285 752 eavillabantur,
1311 721 1477 755 respuebant
1499 725 1526 748 et
1541 721 1706 747 aversabarh

918 767 971 790 tur.
988 763 1158 791 Videbantur
1182 766 1256 791 enim
1282 765 1364 792 verba
1384 773 1479 793 earum
1502 765 1582 800 quasi
1605 765 1706 792 delira-

49 809 171 835 στάντα
181 828 188 839 .
214 809 261 835 καὶ
276 809 368 844 ἠρέμα
390 818 448 840 πως
463 809 509 836 καὶ
523 810 603 836 αὐτὸν
618 809 801 845 θορυϐηοέντα
817 809 858 836 καλ

915 814 1017 842 menta,
1032 817 1120 845 neque
1139 810 1220 838 [idem
1241 811 1297 838 illis
1311 811 1456 843 habebant,
1472 810 1539 838 adeo
1559 815 1588 837 ut
1608 810 1704 838 Petrus

49 855 244 886 σαλευθέντα,
271 855 350 881 πάλιν
363 856 410 882 ἐπὶ
424 855 454 881 τὸ
472 856 604 890 μνημεῖον
617 855 730 890 δραμεῖν
745 855 792 881 καὶ
806 863 860 882 πα-

51 901 201 936 ρακύψαι,
226 903 272 928 καὶ
297 902 360 928 ἰδεῖν
374 901 454 928 πάλιν
471 902 506 929 τὰ
526 902 618 929 ὀθόνια
642 902 765 936 κείμενα,
790 902 861 936 ἇπερ

48 945 198 972 εἰσελθὼν
221 947 271 982 ἤδη
296 947 343 973 καὶ
367 946 534 982 Θεασάμενος
556 947 750 982 ἀκριϐέστερον
765 967 772 977 ,
801 947 861 974 ὅθεν

48 992 213 1026 ἀρκεσθεὶς
228 991 268 1027 τῷ
286 992 448 1027 παρακύψαι
464 993 554 1027 μόνον,
573 993 619 1019 καὶ
637 993 718 1027 μηδὲν
740 993 801 1020 ἰδὼν
815 993 862 1019 ἁλ-

49 1037 216 1073 λοιὸτερον,
239 1037 344 1073 ἀπῆλθε
367 1038 514 1073 οαυμάζων
536 1039 582 1065 καὶ
597 1039 816 1073 ἐκπληττόμενος
829 1039 862 1065 τδ

48 1084 191 1118 γεγονὸς,
206 1085 253 1111 καὶ
266 1084 384 1118 δοξάζων
399 1085 445 1110 τὸν
459 1084 546 1111 ταῦτα
558 1085 784 1120 οἰκονομήσαντα.
807 1086 862 1112 Καὶ

51 1129 151 1156 πάλιν
180 1131 197 1164 ἡ
228 1129 393 1165 Μαγδαληνὴ
416 1130 530 1165 Μαρία,
557 1129 683 1166 καθάπερ
709 1132 768 1162 ταῖς
798 1132 862 1167 περὶ

60 1175 203 1210 Ἰωάννην
226 1175 325 1211 ὄρθρου
349 1175 444 1211 βαθέος
467 1175 653 1211 συνεπορεύθη
675 1177 819 1212 φερούσαις
843 1177 861 1204 ἃ

50 1219 139 1251 ἦσαν
163 1222 342 1256 ὲτοιμάσασαι
367 1222 421 1257 πρὸ
442 1220 490 1247 τοῦ
518 1221 656 1248 Σαὸϐάτου
681 1221 756 1257 μύρα
770 1231 800 1249 τε
814 1223 862 1249 καὶ

52 1267 205 1303 ἀρώματα
218 1277 225 1284 ·
252 1268 297 1294 τὸν
311 1267 391 1294 αὐτὸν
414 1267 513 1302 τρόπον
529 1267 575 1294 καὶ
589 1269 622 1303 τῇ
639 1267 774 1305 Σαλώμῃ,
798 1269 860 1304 ξένῃ

54 1313 182 1347 γυναικὶ
197 1313 272 1345 παρᾶ
289 1312 338 1344 τὰς
352 1312 434 1344 ἄλλας
450 1313 500 1344 τὰς
515 1313 722 1349 ὠνομασμένας,
741 1313 862 1349 βραδέως

58 1359 130 1394 μὲν,
147 1358 312 1394 ὠνησαμένη
333 1358 361 1385 δὲ
384 1359 459 1393 ὅμως
483 1357 628 1394 ἀρώματα,
650 1358 718 1385 ἀλλὰ
741 1359 810 1393 μετὰ
830 1358 861 1386 τὸ

56 1404 220 1436 Σάϐϐατον,
234 1405 339 1435 ἀόκνως
358 1404 426 1438 μετά
440 1405 489 1439 τῆς
504 1403 588 1439 αὐτῆς
601 1403 720 1436 διανοίας
735 1404 861 1439 συνέτρε-

56 1460 94 1486 χε
111 1470 119 1482 ,
148 1449 344 1486 παραλαϐοῦσα
369 1450 416 1476 καὶ
439 1449 548 1484 Μαρίαν
569 1450 620 1485 τὴν
648 1449 775 1476 Ἰακώϐου
801 1450 860 1484 μεθ’

57 1485 197 1532 έαυτῆςξ
212 1497 282 1524 ὥστε
304 1497 351 1523 καὶ
371 1498 404 1532 τῇ
421 1495 557 1532 ἀγορασίᾳ
575 1496 629 1522 τῶν
643 1496 797 1532 ἀρωμάτων
814 1504 859 1523 κε·
873 1485 894 1514 c

57 1540 265 1576 κοινωνηκὲναι
280 1541 378 1567 δοκεῖν.
394 1541 601 1576 Κοινωνήσασαι
616 1541 669 1576 γὰρ
684 1541 734 1576 τῆς
746 1541 816 1572 ὁδοῦ,
831 1541 861 1567 τὸ

59 1588 123 1615 πᾶν
136 1587 235 1619 κοινῶς
254 1587 409 1620 ὲλογίσαντο
425 1586 587 1622 σπούδασμα
597 1595 604 1602 ·
628 1587 682 1614 Καὶ
701 1587 774 1614 λίαν
787 1588 862 1622 πρωῒ

58 1633 123 1666 τῆς
140 1632 212 1668 μιᾶς
224 1633 381 1660 Σιιϐὕάτων
400 1633 538 1668 ἔρχονται
556 1633 604 1660 ἐπὶ
620 1633 654 1660 τὸ
666 1633 781 1668 μνῆμα.
800 1634 861 1660 Ἔτι

57 1680 123 1710 τοῖς
142 1678 347 1714 ἀκριϐεστέροις
369 1678 424 1705 τῶν
440 1679 616 1713 ἀντιγράφων
640 1679 790 1714 ἐμφέρεται
814 1679 862 1715 δη-

59 1724 141 1756 λοῦν,
155 1724 193 1755 ὡς
211 1724 277 1760 πρὸς
292 1725 352 1755 ταῖς
368 1723 418 1759 ἤδη
433 1724 643 1758 γεγενημέναις,
659 1725 707 1750 καὶ
724 1724 793 1760 αὓτη
805 1724 860 1751 τῶν

58 1770 205 1805 γυναικῶν
218 1771 236 1805 ἡ
249 1770 295 1796 ἐπὶ
305 1769 335 1796 τὸ
349 1769 444 1804 μνῆμα
458 1769 549 1804 ἄφιξις
561 1770 724 1804 γέγονεν.Τὺ
733 1770 772 1801 δὲ,
786 1771 862 1797 Λίαν

53 1817 154 1855 ..πρωῇ
159 1817 313 1852 σαφηνίςων
319 1817 333 1843 ὁ
341 1816 464 1851 Μάρκος,
473 1817 694 1848 Ἀνατείλαντος
699 1816 751 1844 τοῦ
758 1817 860 1850 ἡλίου,

58 1863 249 1898 προσέθηκεν.
272 1863 327 1890 Καὶ
347 1863 464 1897 ἔλεγον,
482 1863 558 1898 φησὶ,
581 1863 656 1897 πρὸς
675 1863 792 1895 ἐαυτάςι
813 1863 861 1896 Τίς

59 1908 250 1936 ἀποκυλίσει
270 1907 343 1942 ἡμῖν
363 1908 417 1934 τὸν
429 1908 517 1935 λίθον
544 1907 603 1934 ἀπὸ
623 1907 679 1941 τῆς
698 1907 790 1941 θύρας
807 1907 860 1934 τοῦ

57 1953 232 1988 μνημείου;
249 1953 301 1980 Καὶ
318 1953 528 1987 ἀναϐλέψασαι
544 1953 707 1987 θεωροῦσιν
726 1954 771 1981 ὅτι
786 1954 860 1982 ἀπο-

61 2000 242 2027 κεκύλιστιιι
263 2000 280 2026 ὁ
293 1999 388 2032 λίθος.
403 1997 459 2027 Ἦν
476 2000 531 2033 γὰρ
542 1999 637 2034 μέγας
653 2000 781 2034 σφόδρα.
803 2000 860 2035 Τῆς

60 2048 120 2082 γὰρ
137 2045 271 2081 Σαλώμης
284 2045 395 2076 δικαίως
409 2045 611 2081 ἀπορουμένης,
627 2046 665 2077 ὡς
681 2046 712 2072 τὸ
730 2047 860 2081 παράπαν

63 2093 104 2127 μὴ
131 2091 340 2127 ἐπιδημησάαης
361 2090 401 2125 τῷ
422 2090 515 2125 τάφῳ,
541 2092 588 2117 καὶ
610 2091 696 2117 ταῦτα
720 2092 788 2127 προς
811 2092 860 2123 τὰς

61 2137 286 2174 συμϐαδιζούσας
308 2136 458 2172 λεγούσης,
485 2137 587 2164 ἐκεῖναι
613 2137 718 2172 σιωπὴν
745 2138 860 2171 ἄγουσαι

61 2184 138 2211 κατὰ
159 2184 206 2210 τὸν
226 2183 371 2218 εἰρημένον
386 2183 515 2218 ἀνωτέρω
529 2183 638 2218 τρόπον,
659 2184 706 2209 καὶ
729 2184 790 2215 τοὺς
811 2184 859 2218 ὀφ-

62 2230 188 2266 Οαλμοὺς
201 2229 314 2264 ἄρασαι,
332 2229 372 2264 τῷ
387 2229 523 2264 βλέμματι
540 2228 588 2264 τὴν
604 2228 750 2264 ἀπόκρισιν
764 2231 859 2265 ἐποιή-

64 2285 168 2302 σαντο·
194 2275 242 2302 καὶ
265 2276 320 2312 γὰρ
342 2276 357 2301 ὁ
380 2275 453 2306 λίϐος
473 2274 722 2309 ἁποκεκυλισμένος
738 2275 784 2301 ὑπ’
797 2274 858 2309 ὄψιν

63 2321 203 2352 ἐφαίνετο.
219 2320 268 2346 Διὰ
279 2319 307 2346 δὲ
320 2320 369 2355 τὴν
382 2319 473 2354 κοινὴν
485 2319 531 2345 καὶ
546 2319 609 2354 μίαν
622 2319 775 2354 ὁδοιπορίαν
790 2321 857 2355 πρὸς

63 2367 184 2402 ἀλλήλας
196 2366 280 2397 αὐτὰς
293 2365 462 2400 ὴπορηκὲναι
477 2365 523 2392 καὶ
537 2365 679 2400 διειλέχθαι
691 2365 854 2401 γέγραπται,

63 2415 96 2448 τῇ
116 2404 232 2447 ἀληθείᾳ
247 2412 297 2447 τῆς
315 2411 433 2447 ἱστορίας
456 2412 503 2438 καὶ
515 2412 548 2446 τῇ
567 2411 647 2445 φύσει
659 2411 713 2438 τῶν
728 2413 856 2446 πραγμά-

63 2467 118 2485 των
131 2459 149 2493 ἡ
154 2458 212 2492 μῶν
229 2457 425 2492 προσεχόντων,
443 2457 491 2483 καὶ
502 2457 692 2492 διακρινόντων
704 2457 775 2488 τίνος
791 2458 855 2484 ἴδιον

65 2503 172 2540 ὑπῆρχε
189 2503 218 2529 τὺ
230 2503 377 2537 διαπορεῖν.
394 2502 449 2534 Τὰς
469 2502 524 2537 γὰρ
540 2502 590 2537 ἥδη
611 2501 739 2533 πολλάκις
756 2503 857 2528 ἀποκε-

64 2549 228 2584 κυλισμένον
242 2548 413 2583 θεασαμένας
427 2549 473 2575 τὸν
487 2548 570 2580 λίθον,
590 2548 652 2582 περὶ
664 2547 759 2574 τούτου
774 2556 856 2583 φρονο

64 2595 149 2626 τὶζειν
168 2593 310 2620 ἀπίθανον.
333 2593 402 2620 Ἀλλ’
416 2593 509 2628 ἐπειδὴ
522 2594 582 2624 ταῖς
597 2592 672 2628 παρὰ
689 2592 727 2627 τῷ
749 2593 855 2627 Μάρκῳ

64 2641 177 2671 ταύταις
195 2640 326 2674 γυναιξὶν,
349 2640 462 2674 ἀγνοοῦν
477 2639 508 2665 τὸ
521 2639 570 2674 τῆς
591 2638 724 2674 Σαλώμης
738 2639 856 2673 ἐμφέρε-

65 2696 109 2713 ται
122 2687 279 2722 πρόσωπον,
294 2685 406 2722 ἀμάχως
417 2686 430 2711 ὁ
443 2685 520 2718 λόγος
533 2684 587 2719 ἔχει
601 2685 631 2710 τὸ
644 2685 764 2711 πιθανόν.
781 2684 856 2711 Ἐπεὶ

65 2733 200 2759 κάκείνων
215 2732 265 2758 οὐκ
280 2731 425 2758 ἀκόλουθον
440 2731 470 2756 τὸ
483 2730 589 2764 λέγειν·
609 2730 656 2762 Τίς
674 2730 855 2757 ἀποκυλίσει

101 2822 122 2838 ¹⁹
137 2821 207 2850 Luc.
221 2828 296 2853 xxiv,
309 2819 335 2848 5.
375 2821 397 2836 ³⁸
409 2819 491 2847 Mu'e.
515 2827 569 2852 xvt,
585 2819 603 2846 ἓ
620 2826 679 2854 sqq.

912 855 996 882 etiam
1011 856 1068 891 ipse
1083 857 1213 891 paulatim
1228 861 1338 892 propter
1358 857 1467 884 illorum
1485 857 1705 885 incredulitatem

913 901 1006 937 aliquo
1029 903 1110 930 modo
1134 903 1311 938 perturbatus
1336 907 1363 930 et
1383 902 1519 931 ﬂuctuans
1543 904 1704 935 surrexerit,

914 955 946 974 ac
963 955 1060 975 rursus
1077 949 1110 975 ad
1127 953 1335 976 monumentum
1359 950 1522 980 cucurrerit,
1539 953 1622 982 atque
1642 956 1706 983 pro-

913 992 1034 1026 spiciens
1050 993 1149 1020 iterum
1163 1001 1276 1028 quoque
1286 993 1386 1020 viderit
1400 993 1560 1021 linteamina
1573 994 1703 1029 iacentia,

905 1031 975 1072 ’ρυλε
988 1037 1045 1072 jam
1061 1043 1141 1065 antea
1156 1038 1297 1074 ingressus
1312 1039 1422 1073 plenius
1433 1043 1462 1066 et
1477 1040 1599 1067 exactius
1614 1040 1706 1074 inspe-

913 1088 1001 1115 xerat,
1017 1083 1089 1110 unde
1109 1083 1199 1110 solum
1217 1083 1394 1118 prospexisse
1411 1088 1568 1116 contentus,
1591 1091 1624 1111 ac
1636 1084 1705 1111 nihil

912 1136 928 1155 a
941 1129 1033 1163 priore
1046 1132 1119 1156 statu
1144 1129 1320 1156 immutatum
1342 1130 1530 1165 conspicatus,
1547 1129 1614 1157 abiit
1635 1138 1703 1157 cou-

913 1178 1052 1202 sternatus
1063 1178 1091 1202 et
1106 1174 1246 1202 admirans
1261 1174 1288 1202 id
1303 1175 1377 1210 quod
1397 1175 1554 1204 acciderat:
1570 1183 1603 1204 ac
1619 1176 1704 1212 glori-

912 1219 999 1248 ﬁcans
1012 1228 1073 1247 eum
1088 1221 1133 1255 qui
1146 1220 1203 1248 bare
1212 1221 1249 1248 ita
1261 1221 1417 1249 ordinasset
1430 1225 1458 1249 et
1470 1221 1702 1250 administrasset.

912 1265 952 1292 Ac
975 1266 1061 1293 Maria
1077 1265 1236 1301 Magdalena
1260 1275 1368 1300 rursus,
1398 1266 1627 1302 quemadmodum
1649 1274 1704 1294 una

912 1319 975 1338 cum
996 1312 1040 1343 iis,
1054 1319 1115 1346 qua:
1134 1320 1198 1340 cum
1219 1312 1326 1340 Joanna
1348 1318 1436 1345 erant,
1460 1313 1623 1341 mulieribus
1640 1321 1704 1348 por-

912 1357 1035 1384 tantibus
1049 1364 1110 1392 quze
1131 1362 1196 1386 ante
1220 1357 1372 1385 Sabbatum
1392 1362 1620 1393 praeparaverant,
1652 1366 1704 1385 un-

912 1407 1012 1438 guenta
1028 1408 1112 1438 atque
1127 1408 1262 1435 aromata,
1280 1404 1418 1438 profundo
1438 1404 1560 1432 diluculo
1582 1403 1704 1439 profecta

913 1452 994 1476 erat:
1018 1449 1056 1475 ita
1078 1457 1140 1476 cum
1155 1448 1265 1477 Salome
1281 1458 1390 1484 quoque
1414 1450 1530 1477 muliere
1547 1450 1702 1485 peregrina,

911 1501 973 1528 qua:
986 1498 1085 1529 praeter
1108 1495 1265 1522 nominatas
1291 1495 1354 1522 licet
1372 1496 1463 1526 tarde,
1492 1499 1596 1522 emerat
1611 1499 1704 1523 tamen

912 1543 1046 1570 aromata.
1058 1538 1106 1566 sed
1122 1543 1184 1574 post
1199 1539 1363 1571 Sabbatum,
1379 1539 1474 1567 eadem
1489 1540 1704 1576 menteimpigre

912 1584 1051 1617 currebat,
1067 1589 1208 1620 assumpta
1233 1593 1326 1613 secum
1342 1585 1426 1613 etiam
1444 1585 1528 1613 Maria
1545 1585 1650 1620 Jacobi,
1667 1588 1704 1614 ita

912 1634 943 1657 ut
955 1631 1038 1658 etiam
1054 1630 1081 1657 in
1092 1631 1266 1666 coemptione
1286 1637 1438 1658 aromatum
1462 1632 1542 1660 sociae
1557 1631 1643 1660 fuisse
1668 1633 1704 1660 vi-

911 1675 1111 1703 deantur.Cum
1126 1677 1201 1704 enim
1217 1676 1298 1704 socite
1309 1681 1403 1704 essent
1417 1676 1534 1709 itineris,
1551 1681 1634 1704 totam
1646 1685 1704 1705 rem

912 1725 1017 1756 gestant
1033 1729 1181 1749 commune
1206 1722 1327 1750 studium
1347 1729 1409 1750 esse
1440 1723 1652 1750 existimabant:
1669 1722 1704 1750 Et

911 1767 987 1794 valde
1002 1775 1078 1794 mane
1098 1775 1152 1794 una
1170 1767 1349 1795 Sabbatorum
1364 1769 1468 1795 veniunt
1488 1769 1523 1796 ad
1547 1777 1702 1796 monumen-

913 1819 969 1840 tum
981 1813 1015 1841 ιθ.
1045 1814 1183 1842 Praeterea
1209 1814 1236 1842 in
1265 1814 1451 1843 exactioribus
1475 1822 1508 1842 ac
1534 1815 1704 1850 plenioribus

911 1859 1115 1894 exemplaribus
1129 1859 1286 1887 continetur
1301 1860 1340 1894 id,
1352 1860 1425 1896 quod
1438 1860 1620 1896 signiﬁcatur,
1634 1869 1704 1896 prte-

912 1910 953 1933 ter
967 1906 1022 1940 jam
1037 1905 1122 1933 factas
1136 1905 1308 1934 visitationes
1320 1906 1402 1934 etiam
1420 1907 1492 1934 hunc
1508 1907 1653 1936 mulierum
1668 1907 1702 1934 ad

912 1955 1120 1978 monumentum
1148 1951 1297 1986 contigisse
1329 1959 1483 1980 accessum.
1514 1953 1583 1986 Quid
1611 1959 1701 1981 autem

911 1997 971 2024 λίαν
990 1998 1072 2032 πρωΐ,
1096 1997 1122 2024 id
1137 2001 1191 2028 est.
1206 1998 1282 2025 valde
1297 2006 1384 2030 mane,
1410 1999 1455 2026 hic
1475 1999 1616 2034 explicans
1632 1999 1702 2027 Mar-

911 2049 973 2074 cus.
987 2043 1098 2077 adjecit,
1111 2047 1168 2068 orto
1183 2042 1247 2070 sale.
1266 2042 1299 2069 Et
1314 2043 1447 2075 dicebant,
1464 2043 1564 2078 inquit.
1579 2045 1613 2070 ad
1631 2045 1700 2070 invi-

911 2096 966 2115 cem
979 2097 988 2115 :
1001 2088 1069 2122 Quis
1096 2088 1208 2116 revolvet
1229 2089 1303 2116 nobis
1330 2089 1444 2124 lapidem
1462 2089 1494 2116 ab
1514 2090 1583 2117 ostia
1610 2098 1701 2117 monu—

912 2135 1014 2162 menti?
1028 2140 1053 2161 et
1069 2135 1183 2162 sublatis
1198 2135 1282 2162 oculis
1296 2135 1384 2162 vident
1407 2135 1522 2169 lapidem
1543 2137 1699 2164 revolutum.

913 2178 982 2205 Erat
997 2180 1066 2206 enim
1080 2187 1190 2214 magnus
1205 2179 1290 2206 valde.
1304 2179 1373 2206 Cum
1390 2180 1464 2206 enim
1479 2179 1587 2209 Salome
1604 2181 1701 2208 merito

911 2224 1060 2256 dubitaret,
1075 2229 1104 2252 ut
1117 2233 1178 2261 qua:
1191 2225 1303 2252 omnino
1318 2225 1352 2252 ad
1368 2226 1524 2260 sepulcrum
1539 2234 1593 2254 non
1607 2234 1701 2254 acces-

911 2271 1003 2304 sisset,
1021 2275 1103 2306 atque
1119 2272 1176 2300 llaec
1189 2272 1222 2299 ad
1236 2272 1350 2300 comites
1367 2279 1432 2300 suas
1454 2271 1568 2306 diceret,
1591 2273 1643 2300 illa:
1660 2278 1701 2300 ln~

910 2322 1014 2348 centes.
1035 2322 1117 2352 prout
1138 2318 1265 2353 superius
1284 2318 1386 2345 dictum
1409 2323 1462 2351 est,
1486 2326 1548 2346 cum
1571 2319 1700 2347 sustulis-

911 2368 972 2390 sent
999 2364 1106 2394 oculos,
1137 2368 1249 2398 aspectu
1275 2364 1334 2399 ipso
1357 2371 1520 2399 responsum
1545 2365 1698 2393 dederunt.

910 2410 1010 2437 etenim
1036 2409 1106 2444 lapis
1133 2410 1275 2438 revolutus
1305 2411 1332 2437 in
1358 2415 1507 2445 conspectu
1539 2412 1698 2446 apparebat.

910 2455 1044 2488 Quoniam
1069 2459 1159 2483 autem
1181 2463 1234 2482 una
1252 2455 1337 2486 ibant,
1365 2460 1392 2483 et
1409 2463 1555 2484 commune
1579 2457 1620 2484 eis
1647 2457 1699 2485 iter

909 2504 980 2531 erat,
996 2499 1101 2527 idcirco
1116 2500 1188 2527 inter
1202 2508 1232 2527 se
1248 2500 1350 2527 dixisse
1366 2507 1398 2527 ac
1412 2500 1553 2528 dubitasse
1565 2501 1698 2536 scriptum

910 2552 964 2578 est,
991 2547 1013 2574 si
1037 2554 1128 2574 rerum
1153 2552 1278 2574 naturam
1307 2551 1390 2581 atque
1418 2546 1539 2574 historiae
1555 2546 1696 2574 veritatem

908 2593 1126 2625 consideremus.
1148 2601 1178 2621 ae
1206 2594 1407 2627 discernamus,
1432 2593 1513 2628 cujus
1526 2600 1620 2620 earum
1635 2600 1698 2627 prm

908 2640 998 2674 prium
1023 2639 1106 2667 fuerit
1126 2639 1262 2668 dubitare.
1291 2640 1358 2668 Nam
1382 2648 1440 2671 eas.
1472 2647 1532 2674 quae
1547 2639 1602 2673 jam
1625 2646 1697 2673 smpe

908 2686 1026 2721 lapidem
1043 2687 1198 2713 revolutum
1212 2686 1354 2717 vidissent,
1372 2686 1406 2714 de
1416 2686 1467 2714 hoc
1482 2685 1614 2713 sollicitas
1624 2692 1695 2716 esse.

909 2731 1050 2766 probabile
1065 2739 1119 2758 non
1135 2735 1203 2760 erat.
1219 2732 1271 2760 Sed
1288 2731 1417 2767 quoniam
1440 2732 1510 2759 inter
1526 2731 1576 2758 has
1597 2730 1697 2758 mulie-
