1938 3082
52 97 108 124 645

503 93 535 121 ΙΝ
554 92 692 120 CHRISTI
709 91 1024 119 RESUIiI’tEIL'l‘lUNEM
1041 90 1144 118 ORAT.
1158 91 1189 117 ll.

1631 89 1682 117 646

53 153 221 188 Εὑαγγέλιον
252 153 332 188 μέχρι
357 152 413 183 τοῦ,
435 151 614 186 Ἑροϐοῦντο
640 151 708 185 γὰρ,
736 149 791 184 ἔχει
815 149 846 175 τὸ

906 148 957 174 tius
983 151 1010 174 et
1034 148 1157 174 exactius
1183 146 1294 181 scriptis
1326 146 1502 181 Evangelium
1531 147 1681 174 secundum

51 200 143 231 τέλος.
168 199 211 225 Ἐν
227 198 256 224 δέ
268 206 323 224 τισι
340 198 498 232 πρόσκειται
514 197 560 222 καὶ
579 196 680 222 ταῦτα·
705 194 845 227 Ἀναστὰς

51 245 88 271 δὲ
102 245 178 279 πρωῒ
192 244 291 278 πρώτῃ
312 243 470 270 Σαϐϐάτων
491 242 586 276 ἐφάνη
610 241 727 276 πρῶτον
749 240 847 274 Μαρίᾳ

52 289 90 324 τῇ
105 288 302 324 Μαγδαληνῇ,
319 288 369 322 ἀφ’
380 286 417 323 ἧς
429 287 601 320 ἐκϐεϐλήκει
613 287 688 313 ἑπτὰ
699 286 845 320 δαιμόνια.

53 335 142 362 Τοῦτο
157 335 185 362 δὲ
207 334 365 362 ἐναντίωσίν
389 342 459 360 τιναλ
474 333 547 359 δοκεῖ
567 333 638 368 ἔχειν
659 331 726 366 πρὸς
740 331 775 357 τὰ
800 332 847 365 Εμ-

53 380 174 416 προσοεν
191 380 257 415 ἡμῖν
279 379 422 415 εἰρημένα.
446 379 503 413 Τῆς
527 377 582 413 γὰρ
601 377 674 413 ὦρας
690 378 739 412 τῆς
753 376 848 408 νυκτὸς

53 425 194 460 ἀγνώστου
207 426 403 460 τυγχανούσης,
416 423 477 451 καθ’
492 424 526 459 ἢν
537 425 551 450 ὀ
563 423 657 459 Σωτὴρ
668 423 779 457 ἀνέστη,
790 422 849 453 πῶς

53 471 173 498 ἐνταῦθα
188 472 337 507 ἀναστῆναι
358 470 433 504 πρωῒ
453 470 608 505 γέγραπται
621 477 628 501 ;
652 468 721 495 Ἀλλ’
734 468 794 495 οὐδὲ
807 468 849 493 ἐν-

53 517 147 544 αντίον
163 517 313 552 φανήσεται
327 515 358 542 τὸ
371 515 468 550 ῥητὸν,
490 515 514 541 εἰ
540 514 598 549 μετ’
617 514 770 549 ἐπιστήμης
785 514 850 540 ἀνα-

54 563 227 598 γνωσόμεθα.
240 563 296 589 Καὶ
308 562 362 597 γὰρ
374 561 515 593 ὑποστίξαι
525 560 579 596 χρὴ
594 559 719 591 συνετῶς,
731 559 850 591 ἀναστὰς

53 609 101 640 δὲ,
124 608 171 634 καὶ
186 607 271 638 οὕτως
284 607 433 640 ἐπαγαγεῖν
446 625 454 637 ,
477 605 557 639 Πρωτ
578 603 729 630 Σαϐϐάτου
753 602 848 637 ἐφάνη

55 653 176 688 πρῶτον
183 652 280 687 Μαρίᾳ
291 651 328 685 τῇ
335 649 577 686 Μαγδαληνῇ,ἴνα
587 649 617 676 τὸ
627 649 676 684 μὲν
690 648 848 681 Ἀναστὰς,

55 699 106 734 ἔχῃ
125 699 174 733 τὴν
191 697 329 733 ἀναφορὰν
347 695 500 732 συμφώνως
522 695 561 731 τῷ
575 694 708 729 Ματθαίῳ
723 694 791 731 πρὸς
805 695 850 721 τὸν

56 743 229 779 προλαϐόντα
244 742 338 778 καιρόν
350 749 358 758 ⁸
372 741 403 768 τὸ
416 741 456 774 δὲ,
469 740 557 774 Πρωῒ,
573 740 640 776 πρὸς
648 739 698 775 τὴν
711 740 743 775 τῇ
757 739 851 774 Μαρίᾳ

55 788 208 824 γενομένην
231 787 392 822 ἐπιφάνειαν
405 786 560 821 ἀποδοθείη,
571 785 668 822 πρώτῃ
679 785 727 811 σὺν
740 787 772 820 τῇ
784 784 850 819 ἄλλῃ

55 821 164 871 Μαρίᾳ,
187 821 237 861 καὶ
261 833 343 860 πάλιν
367 833 434 868 μόνη
467 831 622 867 Θεασαμένη
654 821 701 857 τὸν
726 830 848 866 Κύριον·
867 821 888 848 Β

55 880 131 915 πρωϊ
145 880 200 915 γάρ
213 880 287 906 ἐστιν
304 879 376 906 ἅπαν
391 879 421 905 τὸ
433 878 585 912 διάστημα,
608 877 639 903 τὺ
656 876 723 911 μετὰ
738 875 785 911 τὴν
798 875 851 902 τῶν

56 927 246 962 ἀλεκτρυόνων
268 927 342 962 βοήν.
356 925 502 960 Τεσσάρων
526 924 615 951 τοίνυν
634 923 718 950 ὄντων
737 922 849 958 καιρῶν,

56 973 106 999 καὶ
120 972 255 999 τοσούτων
277 967 412 1007 ἀφίξεωνξ
436 970 497 997 καθ’
511 970 543 1001 ἃς
558 970 586 996 αἱ
607 970 733 1003 γυναῖκες
757 969 803 994 ἐπὶ
821 968 852 995 τὸ

58 1018 156 1053 μνῆμα
183 1016 285 1054 ἦλθον,
315 1016 428 1043 ἕκαστον
453 1014 650 1050 εὐαγγελιστὴν
679 1014 728 1040 ἕνα
758 1013 852 1048 καιρὸν

47 1063 219 1098 ,ᾠκονόμησε
235 1062 339 1098 γράψαι
355 1062 385 1088 τὸ
400 1060 512 1096 Πνεῦμα
534 1060 564 1086 τὸ
586 1060 673 1094 ἅγιον.
697 1059 752 1086 Καὶ
766 1060 780 1085 ὁ
803 1059 852 1093 μὲν

57 1109 208 1141 Ὰιατθαῖος,
231 1108 280 1139 τὰς
292 1107 341 1143 ὀψὲ
353 1107 500 1134 Σαϐϐάτων
515 1105 739 1141 παραγενομένας
760 1105 806 1131 ἐπὶ
821 1104 852 1130 τὸ

58 1154 158 1190 μνῆμα
173 1153 308 1189 ἱστόρησε,
334 1153 381 1178 καὶ
396 1151 511 1186 ἄγγελον
532 1151 580 1177 ’ἐνα
602 1149 808 1183 καταϐεϐηκότα
823 1148 852 1181 ἐξ

44 1199 176 1235 οὐρανοῦ
192 1199 239 1226 καὶ
253 1199 298 1225 τὸν
310 1198 383 1224 λίθον
400 1196 602 1224 ἀποκυλίσαντα
615 1202 621 1209 ·
639 1195 654 1220 ὁ
667 1195 696 1221 δὲ
715 1194 850 1228 Ἰωάννης,

57 1245 171 1281 Μαρίαν
192 1244 240 1281 τὴν
262 1243 445 1278 Μαγδαληνὴν
468 1241 627 1277 ἐληλυθέναι
652 1240 735 1275 μόνην
761 1241 790 1266 ὲν
814 1239 853 1274 τῷ

58 1292 151 1318 σκότει
172 1290 225 1326 πρὸ
245 1291 294 1326 τῆς
315 1290 352 1316 ἕω
368 1289 559 1323 συγγέγραφε,
585 1286 632 1312 καὶ
653 1285 700 1312 δύο
720 1284 852 1318 ἀγγέλους

59 1336 137 1363 ἔνδον
156 1335 204 1362 τοῦ
219 1335 304 1369 τάφου
318 1333 465 1361 θεάσασθαι
478 1341 485 1348 ·
503 1332 611 1364 Λουκᾶς
630 1331 671 1364 δὲ,
685 1330 766 1361 ἄλλας
782 1330 852 1357 κατὰ

58 1381 160 1408 ταύτὸν
185 1381 230 1408 τὸν
251 1380 367 1416 δρθρον’
394 1379 507 1415 Μάρκος
529 1378 569 1411 δὲ,
587 1377 682 1412 ἑτέραν
696 1377 852 1411 ἀνίσχοντος

59 1428 151 1462 ἡλίου,
168 1425 448 1462 συναναμεμιγμένων
464 1424 545 1452 τινῶν
559 1424 608 1450 καὶ
631 1423 686 1450 τῶν
700 1423 750 1458 ’ήδη
768 1431 854 1458 παρα-

897 192 1017 219 Marcum
1039 192 1181 223 hactenus,
1199 191 1335 218 Timebant
1356 192 1436 223 enim,
1455 191 1534 219 ﬁnem
1550 192 1640 220 habet.
1654 192 1683 219 In

897 238 1038 265 nonnullis
1054 238 1159 272 adjecta
1174 242 1237 264 sunt
1252 238 1335 264 etiam
1355 237 1421 269 haec,
1441 236 1508 264 Cum
1527 239 1683 265 surrexisset

898 289 985 310 autent
1002 291 1077 309 mane
1089 283 1173 316 primo
1188 282 1230 309 die
1244 282 1423 309 Subbatorum
1432 284 1556 317 apparuit
1568 284 1683 317 primunt

899 329 995 356 Maria:
1007 329 1187 364 Magdalenae,
1198 337 1230 356 ex
1245 337 1296 364 qua
1307 329 1419 364 ejecerat
1432 335 1529 364 septem
1539 330 1681 357 dwmonia.

898 374 956 401 lloc
970 379 1060 402 autem
1077 375 1247 402 contrarium
1267 375 1398 410 quiddam
1413 375 1457 407 iis,
1483 384 1543 411 quae
1560 384 1576 402 a
1604 375 1684 402 nobis

899 429 982 456 supra
1006 421 1079 448 dicta
1104 425 1179 454 sunt,
1205 422 1346 449 continere
1373 421 1488 448 videtur.
1519 420 1586 448 Cum
1611 421 1683 448 enim

900 467 967 494 hora
984 467 1085 498 noctis,
1107 475 1160 502 qua
1174 467 1305 495 Servator
1319 467 1450 501 surrexit,
1467 467 1558 503 ignota
1573 467 1618 500 sit,
1638 469 1684 502 qui

899 514 940 547 Iit,
957 519 984 541 ut
998 514 1024 540 in
1039 514 1091 541 hoc
1107 515 1179 545 loco,
1197 522 1273 541 mane
1300 521 1362 541 eum
1393 514 1588 546 resurrexisse,
1617 515 1685 541 seri-

899 563 975 594 ptum
991 560 1047 586 sit?
1063 558 1117 587 Sed
1135 560 1187 587 hoc
1198 560 1302 587 dictum
1325 560 1400 587 nullo
1417 560 1497 587 modo
1516 560 1685 588 contrarium

901 604 1053 639 apparebit,
1070 604 1093 632 si
1115 608 1179 640 apte
1201 610 1284 639 atque
1309 605 1429 632 scienter
1452 605 1610 640 legerimus.
1636 605 1685 632 Et-

900 650 972 677 enim
993 649 1142 677 subnotare
1156 654 1184 677 et
1197 650 1418 685 subdistinguere
1434 650 1513 677 docte
1531 654 1613 685 atque
1641 650 1685 677 in-

900 696 1055 731 tcliigenter
1071 700 1189 731 oportet.
1206 696 1274 723 Cum
1291 697 1459 724 surrexisset
1477 700 1567 723 autem
1581 705 1587 722 :
1604 700 1686 730 atque

901 742 939 768 ita
954 742 1121 776 subiungere
1136 746 1347 776 consoquenter,
1363 750 1439 769 mane
1464 742 1549 776 primo
1566 741 1608 768 die
1622 740 1688 768 Sal).

903 787 958 814 bati
972 788 1094 823 apparuit
1107 789 1223 822 primum
1234 788 1330 816 Maria:
1339 788 1522 824 Magdaleuw:
1533 792 1562 815 ut
1574 789 1686 816 verbum

903 833 1012 868 quidem
1034 834 1163 867 ἀναστάς,
1183 834 1210 861 id
1235 839 1288 866 est,
1314 843 1372 861 cum
1396 835 1564 866 surrexisset,
1587 842 1688 861 conve-

902 879 1023 906 nientem
1039 887 1102 906 cum
1119 879 1245 907 Matthazo
1263 880 1296 906 ad
1317 881 1444 915 superius
1458 884 1564 915 tempus
1578 879 1687 907 relatio-

903 933 965 952 nem
985 925 1082 952 habeat
1098 935 1105 953 :
1124 926 1238 953 verbum
1262 934 1341 958 vero,
1359 927 1447 962 πρωΐ.
1471 925 1498 953 id
1520 932 1576 958 est,
1598 933 1685 958 mane,

903 971 927 998 ei
945 979 1006 1006 quae
1028 971 1120 998 Maria:
1146 972 1219 999 facta
1243 977 1295 1004 εει,
1322 973 1485 1007 apparitioni
1505 973 1685 1000 attribuatur:

903 1024 964 1051 quae
980 1017 1068 1052 prima
1089 1025 1152 1044 cum
1177 1018 1262 1045 altera
1285 1018 1381 1050 Maria,
1409 1023 1489 1052 atque
1508 1018 1605 1045 iterum
1629 1018 1687 1046 sola

903 1062 1009 1089 viderat
1029 1062 1172 1090 Dominum
1199 1073 1205 1091 :
1222 1064 1294 1098 πρωί
1313 1065 1398 1096 enim,
1424 1065 1451 1091 id
1469 1068 1520 1097 est,
1541 1072 1627 1096 mane,
1645 1065 1688 1092 vei

903 1107 1031 1141 diluculo,
1049 1108 1207 1135 universum
1231 1109 1298 1135 illud
1324 1109 1441 1143 spatium
1461 1113 1513 1141 est,
1528 1109 1599 1144 quod
1625 1113 1688 1144 post

904 1154 1037 1188 gallorum
1049 1159 1162 1181 cantum
1186 1154 1341 1182 intercedit.
1359 1155 1427 1182 Cum
1451 1155 1534 1190 igitur
1548 1159 1689 1190 quaterna:

906 1203 1057 1233 temporum
1072 1199 1127 1226 sint
1141 1199 1227 1231 vices,
1242 1200 1411 1234 totidemque
1433 1207 1573 1231 accessus,
1589 1199 1689 1234 quibus

904 1246 1034 1273 mulieres
1049 1246 1083 1272 ad
1100 1251 1307 1273 monumentum
1323 1250 1467 1278 venerunt,
1484 1245 1604 1280 Spiritus
1626 1253 1690 1272 san-

904 1296 966 1320 ctus
980 1300 1037 1319 rem
1053 1292 1090 1318 ita
1105 1292 1273 1327 dispensavit
1290 1297 1372 1327 atque
1386 1292 1533 1324 ordinavit,
1547 1295 1577 1319 ut
1589 1291 1690 1325 singuli

904 1338 1080 1373 evangelista!
1097 1337 1221 1372 singulos
1236 1343 1388 1372 temporum
1407 1338 1538 1365 articulos
1564 1337 1690 1364 conscri-

904 1383 1009 1410 berent.
1033 1383 1071 1409 Ae
1098 1382 1241 1410 Matthacus
1267 1383 1376 1417 quidem
1403 1383 1474 1415 illas,
1499 1389 1559 1417 quae
1584 1381 1690 1416 vesperi

907 1428 1087 1456 Sabbatorum
1113 1434 1247 1457 venerunt
1270 1429 1304 1456 ad
1330 1432 1547 1460 monumentum,
1574 1427 1691 1455 historia

60 1474 228 1509 γενομένων.
242 1473 296 1500 Καὶ
310 1474 370 1504 ταῖς
385 1472 434 1507 μὲν
446 1471 494 1498 δύο
508 1471 608 1506 ἄνδρας
622 1470 785 1500 ὲπιστάντας
804 1469 853 1495 αὺ-

906 1475 1122 1509 eomprehendit,
1151 1479 1178 1503 et
1197 1475 1322 1510 angelum
1352 1481 1435 1500 unum
1461 1472 1637 1500 descendisse
1658 1472 1692 1501 de

59 1521 124 1551 ταῖς
137 1527 145 1535 ·
171 1520 231 1551 ταῖς
251 1518 280 1545 δὲ
301 1518 455 1554 καοήμενον
480 1517 509 1543 ὲν
530 1517 586 1547 τοῖς
604 1514 701 1547 δεξιοῖς
715 1514 855 1541 νεανίσκον

61 1567 130 1592 ἰδεῖν
144 1573 152 1580 ·
179 1565 284 1596 στολαῖς
306 1564 335 1591 δὲ
359 1564 481 1595 ἅπαντας
506 1561 710 1598 ἠμφιεσμένους
733 1561 853 1591 λευκαῖς.

62 1613 148 1638 ’Ὡστε
162 1611 289 1638 δύνασθαί
301 1619 362 1637 τινα
376 1609 446 1636 κατὰ
466 1609 515 1644 τὴν
537 1608 591 1635 τῶν
613 1607 716 1643 καιρῶν
731 1606 806 1639 τάξιν
822 1606 856 1632 τὰ

62 1659 132 1694 παρ’
149 1658 262 1685 ἑκάστου
277 1656 459 1693 γεγραμμένα
475 1655 614 1686 συνθέντα,
636 1654 700 1689 μίαν
726 1653 856 1688 ἁρμονίαν

62 1705 114 1732 καὶ
127 1705 156 1732 ἓν
169 1704 248 1739 σῶμα
263 1703 353 1737 πάσης
368 1703 417 1738 τῆς
433 1701 551 1737 ἱστορίας
567 1699 736 1737 ἐργάσασθαι
748 1707 755 1715 °
771 1698 857 1725 καθά-

65 1760 122 1787 περ
143 1751 202 1782 ἐνὸς
225 1750 255 1776 τὸ
278 1750 332 1776 πᾶν
358 1748 525 1784 γεγραφότος
549 1747 598 1774 καὶ
630 1747 661 1773 οὐ
685 1745 798 1772 πολλῶν.
826 1744 857 1770 El

65 1799 119 1834 μὲν
134 1797 190 1833 γὰρ
209 1797 273 1831 μιᾶς
296 1796 413 1830 ἀφίξεως
438 1796 491 1823 τῶν
513 1795 650 1830 γυναικῶν
663 1795 693 1821 ἐν
710 1794 750 1821 ἐνὶ
770 1793 857 1830 καιρῷ

64 1843 217 1878 γενομένης
240 1843 264 1868 οἱ
288 1842 421 1877 τέσσαρες
444 1841 665 1876 ἐμνημόνευσαν,
688 1840 735 1866 καὶ
750 1840 781 1866 οὐ
796 1839 858 1870 τοὺς

66 1889 167 1921 αὐτοὺς
193 1886 268 1914 εἷπον
290 1886 423 1922 ἀγγέλους
439 1886 613 1921 ἐπιφανῆναι,
634 1886 650 1920 ἢ
667 1885 730 1920 μίαν
747 1884 793 1911 καὶ
810 1883 858 1919 τὴν

65 1934 154 1968 αὐτὴν
169 1933 338 1967 ἐπιφάνειαν,
351 1931 584 1967 ἤγουν-ὀπτασίαν,
594 1931 711 1962 ἅπαντες
721 1929 857 1960 εἰπόντες,

64 1979 172 2013 ταύτην
185 1979 287 2013 ἔφασαν
303 1979 332 2004 ὲν
346 1978 484 2014 διαφόροις
502 1977 665 2012 γεγενῆσθαι
681 1977 795 2012 καιροῖς,
810 1975 858 2010 οὐχ

66 2025 128 2055 ὲνὺς
145 2023 379 2059 μνημονεύσαντες
391 2022 505 2054 ἕκαστος
519 2021 627 2057 χρόνου,
642 2020 788 2055 διαφωνίας
802 2017 859 2054 εἶχε

68 2069 178 2105 μέμψιν
191 2070 205 2095 ὁ
220 2068 308 2103 λόγος.
327 2069 358 2095 El
370 2068 399 2094 δὲ
413 2068 459 2094 καὶ
473 2068 497 2094 οἱ
514 2067 605 2102 καιροὶ
620 2067 743 2101 διάφοροι
765 2065 812 2092 καὶ
825 2065 860 2092 τὰ

67 2115 217 2151 πρόσωπα,
236 2115 282 2142 καὶ
295 2115 324 2141 αἱ
339 2114 394 2141 τῶν
408 2113 593 2148 ἐπιφανέντων
608 2113 682 2147 ὄψεις
704 2113 753 2147 οὺχ
767 2113 795 2138 αἱ
810 2112 859 2137 αὺ-

907 1519 988 1551 coalo,
1003 1520 1049 1554 qui
1066 1520 1182 1555 lapidem
1203 1519 1362 1547 revolvisset
1375 1519 1417 1550 ²⁷;
1445 1517 1564 1545 Joannes
1588 1521 1691 1550 auten‘,

907 1564 1020 1592 Mariam
1054 1565 1241 1600 Magdalenam
1273 1565 1382 1591 venisse
1408 1564 1495 1591 solam
1520 1563 1546 1590 in
1572 1563 1693 1589 tenebris

907 1615 970 1638 ante
987 1611 1074 1638 lucem
1097 1611 1273 1645 conscripsit,
1292 1614 1372 1644 atque
1393 1609 1506 1644 angelos
1527 1609 1596 1636 duos
1621 1609 1692 1636 intra

907 1661 1116 1682 monumentum
1134 1655 1235 1682 vidisse
1246 1656 1288 1682 ’τίς
1304 1655 1393 1682 Lucas
1418 1655 1486 1682 alias
1509 1654 1582 1681 circa
1601 1654 1692 1689 ipsum

908 1701 1057 1729 diluculum
1069 1703 1102 1735 ";
1114 1701 1221 1729 Marcus
1234 1709 1297 1729 vero
1308 1702 1389 1728 aliam
1400 1701 1505 1729 oriente
1517 1701 1584 1733 sole,
1595 1701 1692 1736 adjun-

908 1747 961 1775 etis
975 1747 1126 1780 nonnullis,
1141 1755 1201 1782 qua:
1214 1748 1270 1782 jam
1283 1747 1366 1774 etiam
1384 1751 1464 1774 antea
1480 1747 1515 1774 ad
1530 1755 1694 1774 monumen-

909 1797 968 1820 tum
986 1793 1103 1821 fuissent
1118 1794 1149 1822 ³ο.
1164 1794 1253 1828 Atque
1270 1793 1331 1821 illas
1350 1793 1461 1828 quidem
1477 1793 1546 1821 duos
1563 1794 1636 1821 viros
1648 1793 1695 1828 qui

909 1840 977 1875 ipsis
1000 1840 1172 1869 astitissent:
1191 1841 1241 1867 has
1256 1848 1321 1868 vero
1337 1840 1476 1867 sedentem
1496 1847 1512 1867 a
1535 1839 1639 1867 dextris
1650 1839 1696 1874 ju-

909 1893 1005 1912 venem
1022 1885 1144 1919 vidisse;
1161 1890 1243 1921 atque
1267 1893 1363 1914 omnes
1389 1886 1468 1914 stolis
1492 1886 1561 1913 albis
1586 1886 1696 1913 indutos

909 1931 995 1959 luisse
1022 1932 1160 1959 memoria:
1185 1931 1376 1967 prodiderunt.
1401 1932 1495 1967 Itaque
1519 1933 1543 1960 si
1564 1931 1627 1968 quis
1652 1940 1695 1965 ea,

910 1985 971 2013 quae
985 1978 1086 2013 singuli
1099 1978 1249 2006 secundum
1269 1978 1393 2005 ordinem
1408 1982 1562 2012 temporum
1578 1978 1697 2013 scripse-

910 2027 986 2055 runt,
1026 2023 1221 2058 composuerit,
1247 2023 1334 2058 possit
1363 2031 1444 2050 unam
1472 2024 1696 2055 consonantiam,

911 2069 1195 2104 concordantiamque
1207 2072 1235 2096 et
1250 2077 1334 2096 unum
1350 2076 1452 2103 corpus
1470 2069 1592 2096 historiae
1613 2069 1698 2097 totius

911 2114 1038 2143 allicere:
1055 2114 1168 2149 perinde
1182 2122 1213 2142 ac
1229 2115 1252 2143 si
1273 2123 1344 2142 unus
1358 2119 1440 2142 totam
1455 2122 1511 2142 rem
1534 2119 1649 2150 gestam,
1671 2119 1699 2142 et

66 2161 116 2187 ταὶ
141 2161 152 2196 (
164 2159 211 2186 τοῦ
227 2159 294 2186 Θεοῦ
316 2159 490 2194 βουληθέντος
506 2158 550 2185 διὰ
571 2157 675 2184 πολλῶν
692 2157 801 2192 τρόπων
815 2165 853 2182 πι-

914 2169 969 2188 non
984 2161 1139 2196 complures
1154 2161 1340 2195 scripsissent.
1356 2160 1424 2188 Nam
1444 2161 1468 2190 si
1491 2161 1574 2189 unius
1589 2161 1699 2197 quidem

70 2206 228 2234 στώσασθαι
249 2206 280 2232 τὸ
294 2205 407 2232 ἄπιστον
422 2204 515 2239 θαῦμα
530 2204 579 2239 τῆς
594 2202 788 2238 ἀναστάσεως)
813 2203 860 2228 καὶ

69 2254 102 2280 τὸ
108 2252 148 2288 τῷ
157 2252 229 2288 ἄλλῳ
244 2251 281 2288 μὴ
290 2251 385 2286 λεχθὲν
398 2251 491 2285 ἔτερος
506 2250 647 2285 ἱστόρησεν
656 2249 862 2283 εὐαγγελιστής·

914 2207 1046 2234 adventus
1063 2207 1218 2239 mulierum,
1237 2207 1283 2242 qui
1304 2207 1332 2235 in
1351 2215 1408 2235 uno
1431 2208 1561 2244 temporis
1584 2208 1701 2235 articulo

919 2251 1076 2284 accidisset,
1093 2259 1189 2279 omnes
1205 2257 1325 2287 quatuor
1338 2253 1504 2281 mentionem
1520 2254 1658 2286 fecissent,
1674 2257 1702 2280 et

71 2299 133 2331 πῶς
145 2299 195 2325 οὐκ
209 2298 282 2325 ἐστιν
299 2299 316 2333 ἡ
329 2298 452 2333 διήγησις
472 2296 520 2332 ὅλη
536 2295 643 2332 καθαρὰ
668 2296 715 2322 καὶ
735 2294 853 2330 ἐλευθέρα

916 2297 1026 2325 eosdem
1045 2298 1158 2333 angelos
1175 2298 1309 2326 dixissent
1325 2299 1505 2334 apparuisse:
1529 2300 1571 2327 vcl
1587 2307 1642 2326 una
1659 2304 1702 2326 at-

71 2345 164 2381 πάσης
178 2343 263 2380 λαϐῆς
273 2353 280 2377 ;

920 2351 975 2378 que
989 2342 1083 2370 eadem
1111 2343 1283 2378 apparitione
1305 2344 1363 2371 sive
1388 2344 1496 2372 visione
1513 2343 1548 2371 ab
1563 2344 1701 2372 universis

70 2393 157 2425 edita,
175 2391 245 2418 hanc
261 2391 288 2417 in
304 2389 422 2418 diversis
441 2389 612 2425 temporibus
642 2389 778 2417 accidisse
811 2389 957 2423 dixissent,
986 2395 1013 2418 et
1037 2397 1091 2417 non
1113 2391 1196 2418 unius
1231 2391 1348 2426 quisque
1384 2391 1514 2427 temporis
1536 2392 1702 2420 mentionem

73 2439 222 2471 fecissent,
240 2437 431 2473 discrepantia:
457 2440 540 2472 atque
561 2437 743 2465 dissensionis
769 2438 1008 2472 reprehensionem
1025 2439 1144 2475 cliugere
1174 2439 1296 2466 narratio
1331 2447 1384 2466 non
1400 2444 1502 2475 posset.
1532 2440 1580 2467 Sin
1611 2444 1702 2467 autem

73 2491 102 2514 et
119 2493 243 2521 personae
259 2490 287 2512 et
301 2491 425 2520 tempora
439 2484 548 2513 diversa
576 2484 698 2516 fuerunt,
717 2488 744 2512 et
768 2492 865 2512 eorum
904 2486 950 2520 qui
975 2491 1173 2521 apparuerunt,
1201 2487 1286 2514 facies
1309 2494 1365 2514 non
1394 2486 1515 2514 eadem:
1544 2494 1605 2514 cum
1632 2485 1703 2513 Deus

75 2533 266 2568 compluribus
281 2532 370 2559 modis
385 2532 465 2559 [idem
478 2531 569 2560 facere
583 2533 701 2559 voluerit
730 2532 884 2560 incredibili
906 2534 1040 2561 miraculo
1056 2534 1283 2569 resurrectionis}
1297 2539 1324 2562 et
1334 2534 1406 2570 quod
1418 2542 1490 2562 unus
1520 2533 1702 2568 praetermisit,

77 2581 149 2609 alius
163 2580 281 2607 historia
297 2584 459 2615 persecutus
472 2583 515 2607 est
531 2579 699 2615 evangelista
714 2589 720 2606 :
737 2580 784 2614 qui
807 2579 865 2607 ﬁeri
883 2585 985 2616 potest,
1000 2586 1030 2609 ut
1054 2589 1109 2609 non
1136 2586 1192 2609 tota
1211 2582 1334 2609 narratio
1349 2589 1418 2617 pura
1444 2585 1470 2608 et
1487 2581 1520 2608 ab
1555 2581 1628 2608 omni
1663 2588 1704 2608 re-

74 2628 263 2664 prehensione
277 2628 363 2655 libera
377 2628 435 2655 sit?

117 2675 229 2710 Ἐπειδὴ
252 2675 280 2701 δὲ
303 2674 409 2701 πολλῶν
425 2674 538 2709 Μαριῶν
562 2675 590 2701 ἐν
615 2675 670 2705 τοῖς
692 2674 869 2708 Εὑαγγελίοις

74 2721 191 2758 φέρεται
215 2720 325 2756 μνήμη,
350 2721 424 2755 τρεῖς
450 2717 518 2745 εἶναι
538 2719 587 2751 τὰς
612 2720 700 2750 πάσας
723 2719 868 2754 γινώσκειν

957 2672 1092 2706 Quoniam
1107 2677 1198 2700 autem
1213 2672 1360 2699 multarum
1378 2671 1523 2699 Mariarnm
1543 2671 1570 2697 in
1584 2670 1706 2706 Evange-

921 2719 964 2747 liis
981 2719 1083 2747 mentio
1096 2720 1136 2752 lit,
1152 2722 1207 2746 tres
1232 2724 1347 2745 numero
1374 2724 1470 2744 omnes
1495 2724 1557 2746 esse
1583 2720 1706 2745 statuere

113 2808 135 2824 "
154 2807 251 2836 Matth.
270 2817 367 2844 xxvm,
384 2810 396 2837 I
411 2817 471 2845 sqq.
509 2810 531 2827 "
547 2809 625 2839 Joan.
640 2818 685 2837 xx.
699 2809 711 2837 I
729 2817 790 2845 sqq.

829 2809 851 2826 "
867 2808 933 2837 Luc.
951 2817 1024 2843 xxw,
1039 2808 1051 2835 I
1068 2815 1129 2843 sqq.
1170 2808 1192 2824 ³⁸
1209 2806 1292 2834 Marc.
1311 2811 1368 2837 xw,
1386 2803 1398 2830 1
1415 2812 1476 2841 sqq.
