1938 3082
93 129 150 157 661

555 133 587 160 |.\'
603 133 738 163 CHRISTI
759 136 1075 168 RESURRECTIONEM
1092 142 1195 172 ΟΠᾹΤ.
1217 143 1259 171 ΙΙΙ.

1675 147 1732 176 66‘2

94 187 155 213 τῶν
179 187 229 213 ποῦ
245 187 279 214 τὰ
303 187 357 214 ῑδια
379 189 425 214 καὶ
448 189 589 224 ἐξαίρετα·
608 192 687 223 εὐθὺς
704 193 731 219 δὲ
747 194 791 220 ἐπ’
807 194 888 229 αὐτὴν

942 203 1028 230 usque
1049 206 1164 233 corpora
1190 203 1227 228 tot
1244 208 1358 228 numero
1373 201 1498 230 domibus
1517 203 1614 230 solutis
1627 211 1660 231 ae
1678 204 1727 231 de-

95 233 196 267 χωρεῖ,
207 232 273 259 ὡσεὶ
282 234 431 269 περιστερά
438 236 506 270 πρὸς
517 237 562 263 τὸν
572 237 636 264 ἴδιον
644 238 757 272 πύργον,
768 239 820 265 κᾶν
832 240 891 266 πολ-

96 278 144 304 λοὶ
156 279 204 305 καὶ
217 280 337 313 συνεχεῖς
352 281 414 316 περὶ
425 281 470 308 τὸν
484 282 565 309 αὑτὸν
575 283 657 310 τόπον
667 281 733 310 ὦσιν
750 285 891 320 δι’ὁμοίων

98 324 253 359 σχημάτων
273 325 468 360 ὲκλάμποντες.
493 328 577 355 Πόθεν
601 329 713 365 πάλινή
739 330 891 366 ἀνάμνησις

98 370 150 394 καὶ
164 370 178 396 ὁ
195 370 375 406 ἀναλογισμὸς
390 372 436 398 τοῦ
452 373 584 409 προτέρου
608 374 676 409 βίου,
701 376 748 402 καὶ
774 376 892 411 ἑκάστης

99 415 229 449 πράξεως
244 415 341 448 ἔννοια,
366 416 452 449 οὕτως
474 418 557 452 ὀξέως
582 421 835 457 συναπαρτιζομένη
852 422 892 456 τῷ

99 459 167 495 ζὼῳ
191 461 242 496 πρὸ
264 462 398 489 τοσούτων
425 463 530 491 αἰώνων
555 465 721 500 διαλυθέντις
739 468 836 495 Καίτοι.
858 477 891 502 γε

99 507 151 533 καὶ
173 508 203 540 ἐξ
223 508 306 534 ὕπνου
328 509 469 546 ἄνθρωπος
492 512 648 547 ἀνεγερθεὶς
672 513 831 551 βαθυτέρου,
848 516 890 541 ἐπ’

97 552 192 586 ὀλίγον
210 553 303 586 ἀγνοεί
324 555 398 586 ὅστις
421 557 479 583 ἐστὶ
503 558 551 584 καὶ
564 558 624 585 ὅποι
650 558 752 593 διάγει,
778 560 891 587 καὶτῶν

100 598 227 633 συνήθων
247 600 462 634 ἐπιλανθάνεται,
480 603 575 638 μέχρις
590 605 623 630 ἂν
635 605 651 639 ὴ
665 605 828 641 ἐγρήγορσις
841 607 890 642 τὴν

99 645 207 678 νάρκην
233 645 457 680 ἀποσκεδάσασα,
486 650 566 677 πάλιν
590 652 620 678 τὺ
650 654 816 688 μνημονικὸν
844 655 890 681 καὶ

98 689 213 739 εἶνεργὲς
232 691 443 728 ἀναζωπυρήσῃ.
471 695 563 722 Ταῦτα
587 697 633 723 καὶ
653 697 688 724 τὰ
701 699 812 726 τοιαῦτα
828 700 890 731 τοὺς

99 736 249 769 λογισμοὺς
267 737 320 763 τῶν
335 738 438 765 πολλῶν
454 740 637 775 ὑποτρέχοντα
652 741 789 778 θαύματος
805 744 889 780 ὑπερ-

99 777 246 813 ϐάλλοντος
267 782 367 818 πληροῖ
388 785 437 819 τὴν
459 786 588 820 διάνοιαν,
612 789 766 823 συνεισάγει
790 790 819 816 δὲ
840 777 890 826 rip!

100 825 232 852 ἀπιστίαν
248 826 286 861 τῷ
301 828 428 864 θαύματι.
451 831 559 866 Ἐπειδὴ
576 832 630 867 γὰρ
645 833 660 860 ὀ
673 833 734 865 νοῦς
754 835 802 870 οὐχ
817 825 890 871 εὑρί-

103 877 164 896 σκει
187 871 242 898 τῶν
260 873 453 908 ἀπορουμένων
477 877 523 902 καὶ
540 877 712 913 ζητουμένων
732 880 782 916 τὴν
801 880 887 913 λύσιν,

99 915 162 942 οὐδὲ
174 915 285 943 δύναται
305 918 353 953 τὴν
374 919 469 946 ἑαυτοῦ
494 915 764 958 πολυπραγμοσύνην
777 926 888 961 εὑρήσει

100 960 147 986 καὶ
162 961 308 988 καταλύσει
323 965 559 999 προσαναπαῦσαι.
576 969 661 1003 χωρεῖ
680 969 748 1005 πρὸς
760 960 889 999 ἀπιστίαν

100 1007 194 1034 λοιπὸν
216 1009 245 1034 ἐν
256 1010 288 1044 τῇ
301 1009 426 1047 ἀσθενείᾳ
440 1012 494 1039 τῶν
506 1013 578 1040 ἰδίων
590 1014 737 1050 λογισμῶν,
750 1017 888 1044 ἐκϐάλλων

100 1053 149 1079 καὶ
165 1053 269 1081 ἀθετῶν
284 1055 332 1092 τὴν
356 1056 410 1083 τῶν
429 1059 598 1093 πραγμάτων
620 1060 758 1095 ἀλήθειαν.
780 1063 888 1090 Μᾶλλον

99 1098 128 1124 δὲ
142 1100 237 1135 ἐπειδὴ
251 1101 302 1136 ὁδῷ
328 1102 480 1138 προϐαίνων
505 1106 520 1131 ό
535 1104 613 1140 λόγος
627 1107 694 1142 πρὸς
716 1108 745 1134 τὺ
768 1109 888 1144 συνεχῶς

99 1145 265 1182 λαλούμενον
278 1148 389 1182 ἀφίκετο
402 1149 526 1185 ζήτημα,
548 1153 654 1188 καὶτῆς
671 1155 811 1189 παρούσης
828 1156 888 1191 ἐορ‹

98 1192 152 1226 τῆς
172 1193 299 1225 ὑπόθεσις
317 1195 404 1222 οἰκεία
424 1196 471 1222 καὶ
491 1197 636 1233 συγγενὴς,
653 1199 718 1234 φέρε
734 1201 829 1236 μικρὶν
848 1202 887 1232 εὶς

99 1237 190 1273 ἀρχὴν
205 1239 360 1274 πρέπουσαν
375 1242 556 1276 ἀναγαγόντες
571 1244 601 1270 τὸ
614 1245 803 1279 προκείμενον,
820 1247 887 1281 πλη-

100 1283 233 1318 ροφορίαν
255 1285 402 1320 ἐμποιῆσαι
429 1288 602 1323 πειραθῶμεν
623 1291 678 1321 τοῖς
695 1291 762 1326 προς
778 1292 810 1318 τὰ
835 1302 886 1326 φα-

99 1328 170 1363 νερά
187 1329 276 1361 κακῶς
289 1331 512 1366 ἁμφιὸἀλλουσιν.
538 1333 566 1360 Ὁ
578 1334 631 1361 τῶν
642 1335 710 1362 ὅλων
724 1336 886 1372 δημιουργὸς

99 1372 219 1408 θελήσας
238 1376 326 1402 κτίσαι
352 1377 397 1404 τὸν
419 1378 571 1414 ἄνθρωπον,
595 1380 644 1416 οὐχ
662 1382 699 1413 ὡς
716 1382 885 1417 stin-tater-

99 1427 181 1454 νητον
197 1419 274 1453 ζῶον,
290 1421 346 1448 ἀλλ’
370 1422 406 1454 ὡς
420 1423 582 1460 τιμιώτερον
596 1426 704 1452 πάντων
720 1427 760 1458 εὶς
774 1427 803 1454 τὸ
817 1426 886 1455 εἶναι

99 1466 257 1500 παρήγαγε.
290 1469 336 1494 καὶ
360 1469 409 1503 τῆς
434 1470 478 1496 ὑπ’
496 1471 608 1506 οὐρανὸν
630 1473 744 1505 κτίσεως
769 1474 886 1506 ἀνέδειξε

942 243 1035 274 sertis,
1050 245 1229 280 patribusque
1242 246 1358 274 familias
1376 254 1407 274 ex
1425 247 1504 282 longa
1514 249 1591 283 qttasi
1608 251 1729 284 peregri--

942 288 1054 315 natione
1077 292 1287 323 revertentibus,
1305 300 1390 326 eaque
1421 294 1511 320 omnia
1528 293 1619 328 perfici
1642 295 1728 321 admi-

942 332 1062 360 rabiliter
1076 338 1104 362 et
1122 339 1198 362 extra
1214 344 1384 365 cortnnnnem
1409 343 1515 372 captum
1534 348 1540 365 :
1557 347 1644 374 neque
1655 340 1726 366 enim

942 377 983 404 vel
997 378 1095 407 domus
1111 380 1188 408 tarde
1201 388 1347 408 renovatur
1363 387 1389 408 et
1415 382 1596 415 instauratur,
1627 384 1667 410 vel
1685 383 1727 409 in-

942 423 1002 450 cola
1017 424 1135 457 oberrat,
1152 433 1184 452 ac
1199 427 1276 460 quasi
1288 428 1339 454 sub
1359 427 1404 454 dio
1420 432 1520 458 manet,
1536 429 1599 455 tlnttt
1618 429 1725 463 propria

942 477 973 496 ac
988 470 1135 504 peculiaria
1153 473 1260 506 quaerit,
1281 473 1327 500 sed
1346 473 1469 508 protintts
1495 474 1526 500 ad
1556 482 1615 500 eam
1630 474 1726 503 tendit,

942 521 1070 551 tanquam
1083 517 1209 545 columba
1235 518 1267 545 ad
1296 527 1372 546 suam
1389 519 1495 550 turrim,
1513 520 1619 547 etiamsi
1638 520 1726 545 ιιλιιΙίιε

942 566 1023 596 atque
1038 562 1192 597 frequentes
1205 564 1277 591 circa
1300 565 1422 593 eunnlem
1448 566 1534 592 loetnn
1562 565 1660 592 fuerint
1676 565 1724 592 iis-

941 606 1002 633 dem
1033 608 1104 635 notis
1128 608 1258 643 insignes.
1292 609 1368 636 Unde
1395 617 1493 637 rursus
1522 609 1674 637 recordatio
1699 614 1725 635 et

942 652 1043 686 prioris
1059 654 1121 680 vita?
1138 654 1270 689 expensio
1298 656 1518 690 I't-tractatioque.
1535 659 1615 689 atque
1633 655 1726 689 cujus-

941 705 994 732 que
1010 699 1124 727 aetionis
1135 700 1277 735 cogitatio.
1292 709 1351 735 qua:
1369 701 1435 728 adeo
1452 701 1575 728 celeriter
1595 708 1648 726 una
1663 708 1724 727 eum

941 744 1052 771 animali
1069 749 1131 772 ante
1152 749 1191 773 tot
1212 746 1310 773 szecnla
1330 746 1464 773 dissoluto
1481 746 1630 773 absolvitur
1646 751 1726 779 atque

942 790 1101 824 perﬁcitur?
1113 791 1193 825 Atqui
1212 791 1253 818 vel
1267 799 1298 818 ex
1322 799 1418 818 somno
1441 790 1609 825 profundiori
1621 790 1724 816 excita-

942 839 986 862 tus
1002 835 1083 862 homo
1105 835 1244 870 paulisper
1268 836 1374 870 ignorat
1389 834 1434 869 qtti
1460 835 1505 866 sit,
1523 837 1549 860 et
1566 833 1610 860 tibi
1628 832 1724 867 degat;

944 880 1162 916 familiaremque
1180 885 1206 908 et
1225 884 1419 908 consuelartun
1438 887 1528 906 rerum
1540 878 1723 908 obliviscitur,

940 927 1028 954 donec
1043 927 1134 962 vigilia
1152 927 1279 954 discusso
1302 931 1412 961 torpore
1433 932 1530 952 rursus
1547 925 1599 950 vim
1621 930 1723 949 memo-

940 973 987 999 riae
1015 972 1246 1000 conservatricem
1274 976 1301 998 et
1330 971 1475 999 eflieaciant
1508 969 1724 998 recreaverit,et

941 1017 1182 1052 l'cdintcgraverit.
1200 1017 1261 1044 lla‘c
1284 1021 1312 1044 et
1340 1016 1439 1044 similia
1456 1015 1635 1050 cogitationes
1650 1013 1722 1046 vulgi

939 1063 1084 1090 subeuntia
1100 1063 1201 1097 ingenti
1225 1067 1340 1089 mentem
1359 1061 1472 1095 implent
1492 1059 1680 1089 admiratione,
1695 1062 1722 1084 et.

940 1116 992 1134 una
1022 1116 1084 1134 eum
1117 1108 1298 1135 admiratione
1327 1107 1462 1133 inducunt
1491 1104 1722 1132 incredulitatem.

939 1154 1072 1185 Quoniam
1085 1154 1158 1181 enim
1186 1161 1262 1181 mens
1285 1160 1380 1180 eorum
1397 1152 1431 1179 de
1453 1151 1553 1187 quibus
1576 1150 1722 1177 dubitath

938 1200 1045 1234 qua‘rit,
1062 1201 1224 1227 solutionem
1243 1207 1297 1227 non
1314 1200 1425 1230 invenit.
1442 1206 1531 1233 neque
1542 1205 1619 1224 suam
1633 1196 1721 1223 curio-

939 1245 1046 1272 sitatem
1070 1246 1226 1273 inventione
1249 1253 1281 1272 ae
1309 1245 1489 1272 dzssolutione
1510 1243 1604 1270 sedare
1623 1244 1721 1276 potest.

937 1291 1067 1325 deinceps
1096 1297 1206 1326 propter
1234 1291 1417 1318 infirmitatem
1446 1297 1557 1316 suarum
1580 1287 1722 1322 cogitatio-

937 1344 1002 1364 num
1016 1341 1043 1364 et
1057 1344 1186 1364 sensuum
1201 1336 1287 1363 tendit
1307 1337 1340 1363 ad
1367 1336 1593 1369 incrudelitatem.
1609 1333 1723 1366 ejiciens

937 1387 964 1408 et
983 1381 1135 1417 reprobatis
1154 1390 1244 1409 rertnn
1262 1382 1410 1409 veritatem.
1438 1381 1581 1407 Enimvero
1594 1378 1723 1413 quoniatn

937 1435 1021 1456 cursu
1051 1435 1102 1455 suo
1121 1427 1298 1463 progrediens
1320 1428 1408 1454 oratio
1434 1426 1467 1453 ad
1490 1433 1560 1458 eam,
1585 1431 1644 1458 qua:
1669 1422 1724 1450 frc-

939 1478 1054 1508 quenler
1071 1477 1215 1504 tractatur,
1240 1474 1418 1507 qumstionem
1435 1472 1566 1507 pervenit,
1586 1474 1667 1504 atque
1679 1475 1724 1494 ar-

99 1511 223 1545 βασιλέα.
240 1513 324 1540 Τοῦτο
337 1515 525 1550 προελόμενος,
539 1518 584 1544 καὶ
599 1519 718 1545 τοιοῦτον
733 1520 887 1555 ἀπαρτίσας

940 1523 1096 1553 gumentum
1113 1527 1166 1546 non
1187 1518 1316 1550 alienutn,
1342 1518 1388 1546 sed
1412 1517 1552 1552 proprium
1571 1515 1653 1550 hujus
1670 1513 1725 1540 diei

97 1559 182 1592 σοφὸν
195 1560 239 1586 καὶ
249 1560 362 1595 θεοειδῆ,
375 1562 420 1587 καὶ
431 1562 512 1597 πολλῇ
523 1565 734 1600 κατακοσμήσεις
741 1566 774 1601 τῇ
783 1566 885 1601 χάριτι,

97 1603 155 1639 ἄρα
170 1607 237 1641 μετὰ
251 1606 362 1642 γνώμης
381 1607 507 1643 τοιαύτης
529 1611 569 1641 εἰς
585 1610 615 1636 τὸ
632 1608 700 1637 εἶναι
716 1612 885 1647 παρήγαγεν,

98 1651 145 1677 ἵνα
159 1652 297 1686 γεννηθεὶς
312 1652 412 1688 φθαρῇ,
431 1655 478 1680 καὶ
493 1654 597 1681 τελείαν
615 1656 718 1691 ὑποστῇ
753 1657 802 1692 τὴν
828 1657 883 1683 ἁπ-

96 1696 213 1728 ώ).ειαν;
234 1697 313 1725 Ἀλλά
329 1699 440 1733 μάταιος
453 1701 467 1725 ὁ
479 1700 587 1733 σκοπὸς,
600 1702 647 1727 καὶ
663 1702 764 1737 σφόδρα
777 1702 885 1735 ἀνάξιον

98 1743 151 1775 τὴν
174 1742 299 1778 τοιαύτην
318 1744 420 1770 ἔννοιαν
444 1746 484 1776 είς
503 1745 567 1772 Θεὸν
593 1747 747 1782 ἀναφέρειν.
769 1748 887 1780 Παιδίοις

97 1788 155 1823 γὰρ
171 1789 256 1821 οὕτως
280 1790 474 1822 ἀπεικάζεται,
506 1791 673 1827 οἰκοδομοῦσι
702 1793 814 1828 σπουδῇ,
841 1794 887 1820 καὶ

98 1835 193 1861 λύουσι
207 1835 311 1870 ταχέως
335 1836 365 1862 τὸ
388 1836 610 1871 κατασκεύασμα,
626 1838 693 1872 πρὸς
704 1839 780 1865 οὐδὲν
801 1840 886 1874 πέρας

98 1880 249 1914 εῧχρηστον
271 1882 319 1916 τῆς
341 1881 460 1914 διανοίας
482 1882 571 1909 αὐτῶν
594 1883 811 1920 καταληγούσης.
830 1886 887 1912 Πᾶν

97 1926 127 1952 δὲ
150 1927 303 1953 τούναντίον
324 1927 519 1963 ἐδιδάχθημεν-
541 1929 581 1955 ὅτι
606 1930 651 1955 τὸν
676 1931 888 1965 πρωτόπλαστον

97 1972 236 1998 ἀθάνατον
251 1973 365 1999 ἔκτισεν.
388 1973 593 2009 Ἐπισυμϐἁσης
605 1975 632 2001 δὲ
648 1976 696 2010 τῆς
708 1976 888 2011 παραϐάσεως

97 2018 147 2044 καὶ
171 2018 219 2052 τῆς
240 2019 390 2053 ἁμαρτίας,
414 2021 454 2050 εἰς
472 2019 549 2055 δίκην
579 2020 626 2047 τοῦ
655 2021 887 2058 πλημμελήματος

96 2064 149 2098 τῆς
171 2064 321 2096 ἀθανασίας
341 2066 502 2100 ὲστέρησεν·
523 2063 582 2093 εἶτα
597 2068 614 2102 ἡ
631 2069 705 2102 πηγὴ
721 2068 770 2102 τῆς
787 2069 887 2103 ἀγαθό-

97 2119 180 2145 τητος
195 2110 401 2144 ὑπερϐλύζουσα
415 2111 464 2146 τὴν
484 2112 696 2147 φιλανθρωπίαν,
712 2114 757 2140 καὶ
774 2115 840 2150 πρὸς
858 2115 888 2141 τὸ

96 2155 180 2190 ἔργον
202 2156 397 2183 ἐπικλασθεῖσα
425 2157 478 2183 τῶν
501 2157 572 2183 ἰδίων
599 2158 706 2193 χειρῶν,
738 2160 817 2194 σοφίᾳ
842 2161 889 2186 καὶ

939 1565 999 1592 festi
1014 1569 1071 1598 est;
1092 1573 1143 1599 age
1172 1564 1312 1600 paululum
1337 1564 1370 1590 ad
1392 1563 1497 1590 initium
1523 1562 1585 1589 bule
1600 1561 1721 1595 disputa—

938 1611 1005 1637 tioui
1018 1615 1109 1646 aptum
1125 1614 1206 1645 atque
1224 1610 1391 1638 conveniens
1405 1608 1583 1644 quaestionem
1597 1605 1724 1642 proposi-

938 1661 992 1683 tam
1008 1662 1178 1688 revocantes,
1196 1660 1298 1683 certam
1323 1655 1526 1690 persuasionem
1548 1653 1677 1680 inducere
1692 1658 1724 1678 ac

939 1702 1018 1730 Iidem
1031 1702 1120 1730 facere
1140 1710 1272 1730 conemur
1297 1702 1342 1735 iis,
1359 1702 1405 1736 qui
1421 1707 1562 1736 perperam
1583 1698 1724 1732 ambigunt

938 1748 971 1775 de
989 1749 1070 1775 rebus
1100 1748 1262 1775 manifestis.
1292 1748 1404 1774 (It-calor
1419 1754 1508 1773 rerum
1534 1744 1724 1772 universarum

939 1801 1000 1821 cttm
1028 1794 1169 1821 statuisset
1186 1793 1322 1820 hominem
1351 1799 1455 1823 creare,
1478 1799 1530 1818 non
1555 1789 1626 1825 quod
1646 1789 1725 1815 facile

938 1840 1075 1867 contetnni
1092 1843 1193 1873 posset,
1209 1837 1340 1873 sedqqu
1364 1837 1471 1864 caeteris
1493 1836 1619 1863 omnibus
1634 1834 1724 1869 digni-

939 1890 994 1913 tate
1009 1889 1162 1920 przestaret,
1183 1885 1281 1911 animal
1306 1884 1333 1910 in
1362 1891 1450 1910 rerum
1468 1886 1592 1909 naturam
1622 1879 1725 1915 produ-

939 1932 989 1963 xit,
1017 1931 1132 1966 ejusque
1161 1938 1222 1966 quae
1255 1931 1306 1957 sub
1335 1930 1405 1956 coelo
1432 1934 1483 1959 est,
1517 1930 1650 1954 creaturae
1683 1933 1725 1951 re-

939 1986 998 2012 gem
1028 1978 1192 2013 designavit.
1221 1976 1278 2003 lloc
1299 1984 1361 2003 etnn
1392 1976 1484 2002 animo
1505 1973 1682 2003 destinasset,
1698 1975 1726 1998 et

941 2024 1021 2050 talem
1037 2022 1198 2057 perfecisset
1218 2022 1350 2056 sapientia
1367 2021 1508 2054 formaque
1523 2018 1614 2046 divina
1629 2017 1726 2052 ptwtli-

940 2073 1009 2100 tum,
1024 2076 1055 2095 ac
1070 2068 1153 2095 mttlta
1173 2068 1261 2103 gratia
1279 2071 1360 2102 atque
1380 2067 1478 2093 decore
1493 2068 1632 2096 ornatum,
1646 2071 1726 2090 num-

940 2115 1004 2150 quiti
1018 2122 1050 2141 eo
1071 2114 1185 2140 consilio
1210 2113 1285 2146 illum
1312 2114 1338 2139 in
1364 2119 1455 2139 rerum
1475 2115 1600 2138 naturam
1625 2109 1726 2144 produ-

941 2163 989 2191 xit,
1007 2164 1035 2187 ιιι
1050 2161 1157 2194 genitus
1184 2164 1416 2194 corrumperetur,
1437 2162 1463 2185 et
1482 2162 1633 2184 extremum
1650 2155 1727 2183 subi-

95 2203 239 2238 ἐπιστήμῃ
264 2202 479 2237 κατεκόσμησεν,
497 2203 526 2234 ὃς
546 2204 586 2234 εἰς
612 2203 660 2239 τὴν
682 2205 798 2240 ἀρχαίαν
814 2207 887 2241 ἡμᾶς

941 2211 980 2233 ret
1006 2205 1162 2232 interitum?
1185 2205 1218 2231 At
1242 2212 1341 2231 vantnn
1363 2203 1389 2230 id
1418 2203 1576 2234 consilium,
1605 2201 1725 2235 ineptum

94 2248 245 2282 εὐδόκησεν
261 2249 433 2276 ἀνακαινίσαι
445 2249 620 2275 κατάστασιν.

940 2252 1109 2287 propositum
1127 2255 1154 2278 et
1174 2249 1294 2278 absurda
1317 2249 1415 2277 fuisset
1438 2249 1552 2276 intentio
1569 2257 1575 2276 :
1596 2255 1628 2275 ac
1644 2246 1726 2273 velte-

94 2299 205 2321 Inenter
221 2302 286 2321 sane
302 2295 410 2329 indigna
427 2303 470 2322 res
490 2298 532 2322 est
549 2295 629 2321 talem
645 2295 837 2330 cogitationem
852 2298 884 2325 ad
900 2299 983 2326 Deum
1005 2297 1117 2330 referre,
1133 2300 1161 2324 et
1176 2296 1332 2331 hujusntodi
1349 2295 1498 2330 quidquam
1518 2294 1551 2322 de
1566 2302 1598 2322 eo
1612 2294 1725 2321 sentire-

99 2341 227 2368 Put-ruiis
240 2342 311 2368 enim
330 2342 378 2368 liae
392 2343 496 2369 ratione
508 2342 675 2369 assimilatur
691 2343 812 2371 studiose
825 2345 1036 2377 aedificantibus,
1056 2350 1083 2372 et
1097 2345 1222 2372 celeriter
1236 2348 1402 2371 structuram
1415 2343 1584 2370 solventibus
1599 2351 1606 2369 :
1627 2343 1727 2377 quippe

95 2387 203 2413 nullum
220 2387 298 2414 finem
312 2387 403 2414 tttiletn
419 2391 508 2414 mente
521 2395 614 2414 eorum
628 2393 777 2422 spectante.
791 2389 965 2417 Contrarium
980 2394 1070 2418 autem
1083 2397 1194 2425 prorsus
1206 2389 1295 2417 edocti
1313 2396 1418 2420 sumus,
1431 2388 1558 2422 qttoniatn
1569 2395 1630 2414 eum
1645 2395 1725 2422 quem

95 2437 216 2470 primunt
234 2436 319 2466 finxit,
337 2436 515 2462 itttmor.’alcm
531 2436 647 2468 creavit;
668 2443 759 2463 verum
774 2445 835 2464 cum
848 2443 939 2473 postea
957 2440 1101 2466 accidisset
1116 2437 1299 2473 transgressio
1314 2441 1395 2472 atque
1409 2441 1561 2472 peceatum,
1576 2437 1602 2463 in
1614 2443 1724 2470 poenam

94 2483 188 2509 delicti
207 2489 268 2509 eum
289 2482 495 2509 immortalitate
517 2483 633 2516 ptivavit
654 2491 660 2509 :
679 2482 777 2510 deinde
796 2484 857 2511 fons
881 2485 1010 2512 bonitatis
1034 2485 1175 2513 exundans
1206 2485 1392 2515 humanitate,
1418 2487 1445 2511 et
1463 2483 1495 2510 ad
1510 2491 1578 2517 opus
1595 2488 1724 2509 manuum

93 2536 209 2558 snartnn
228 2527 324 2558 flextts,
340 2528 472 2562 sapientia
493 2533 574 2562 atque
599 2527 712 2555 scientia
736 2531 889 2563 adornavit,
909 2531 996 2558 donec
1013 2531 1049 2558 ita
1070 2530 1141 2558 factu
1164 2531 1336 2558 commodum
1352 2531 1376 2558 ei
1390 2531 1479 2557 visum
1497 2534 1539 2556 est
1554 2536 1624 2559 esse,
1640 2533 1668 2554 ut
1699 2532 1726 2553 In

95 2576 243 2610 pristinum
259 2582 309 2601 nos
328 2580 427 2602 statum
446 2575 600 2602 restitueret
614 2582 645 2602 ac
661 2581 813 2603 ren0varet.

130 2623 225 2650 Ταῦτα
239 2623 285 2649 καὶ
301 2622 387 2658 ἀληθῆ
397 2623 537 2657 τυγχάνει,
552 2623 598 2649 καὶ
609 2623 659 2658 τῆς
670 2624 732 2658 περὶ
748 2623 815 2650 Θεοῦ
826 2624 889 2650 ὑπο-

93 2668 204 2704 λήψεως
229 2667 301 2699 ἄξια.
329 2668 537 2702 Ιιροσμαρτυρεῖ
564 2668 618 2703 γὰρ
643 2667 718 2703 αὐτῷ
745 2668 814 2703 μετά
839 2668 889 2702 τῆς

94 2714 266 2749 ἀγαθότητος
290 2714 336 2740 καὶ
359 2713 408 2748 τὴν
434 2713 559 2748 δύναμιν.
584 2714 620 2740 Τὺ
636 2714 664 2740 δὲ
679 2714 792 2745 ἀπαθῶς
817 2714 889 2749 ἔχειν

94 2761 143 2787 καὶ
155 2759 282 2794 σκληρῶς
297 2759 365 2794 πρὸς
379 2759 413 2785 τὰ
427 2759 565 2794 ἀρχόμενα
579 2768 607 2786 τε
621 2760 667 2786 καὶ
678 2760 886 2794 ποιμαινόμενα,

94 2805 157 2831 οὐδὲ
170 2803 323 2838 ἀνθρώπων
339 2803 397 2829 ἐστὶ
420 2805 546 2838 χρηστῶν
563 2805 609 2831 καὶ
624 2804 778 2839 βελτίστων.
794 2805 886 2836 Οὕτως

96 2852 110 2877 ὀ
130 2849 235 2885 ποιμὴν
251 2849 372 2884 βούλεται
394 2849 529 2884 ἐρρῶσθαι
552 2850 582 2876 τὸ
607 2850 727 2885 ποίμνιον
746 2850 828 2885 αὐτῷ,
841 2851 887 2877 καὶ

975 2622 1037 2650 ΙΙωο
1051 2627 1077 2649 et
1093 2630 1156 2649 vera
1173 2626 1247 2652 sunt.
1267 2626 1293 2648 et
1317 2625 1398 2656 digna
1415 2629 1446 2648 ea
1463 2629 1543 2656 quant
1562 2621 1595 2647 de
1610 2621 1664 2646 Deo
1679 2621 1726 2646 ha-

938 2669 1002 2696 bere
1029 2676 1077 2703 par
1100 2673 1142 2696 est
1172 2668 1312 2703 opinione.
1338 2667 1484 2694 Testantur
1499 2667 1570 2694 enirn
1594 2667 1654 2700 ejus
1671 2674 1724 2693 non

939 2715 1085 2741 bonitatem
1116 2715 1214 2745 soltnn,
1241 2721 1333 2740 verum
1360 2714 1441 2740 etiam
1473 2713 1631 2747 potentiam.
1657 2711 1723 2738 Nam

939 2767 992 2786 non
1006 2759 1108 2787 moveri
1128 2767 1160 2786 ac
1173 2759 1272 2785 dttrtun
1293 2766 1354 2785 esse
1376 2759 1508 2786 adversus
1532 2758 1655 2792 subjecta
1675 2765 1727 2784 no-

940 2810 1058 2840 straeque
1073 2813 1146 2832 curm
1158 2804 1315 2836 commissa,
1331 2812 1381 2830 nee
1403 2805 1541 2831 hominum
1557 2804 1664 2839 quidem
1679 2804 1724 2830 be-

941 2853 1084 2886 nignorum
1101 2855 1124 2878 et
1142 2850 1304 2885 optimorum
1321 2853 1372 2875 est.
1400 2849 1437 2876 Ita
1466 2850 1547 2884 opilio
1565 2850 1622 2877 vult
1636 2849 1728 2875 valere
