1938 3082
107 121 161 149 669

566 122 600 150 IN
615 123 751 152 CHRISTI
767 123 1083 156 RESURRECTlONEll
1105 128 1212 156 Oll.\'l’.
1233 129 1277 157 Ill.

1698 129 1748 157 670

109 177 282 214 ισχνούμενος
318 178 501 211 ἀνακαινίζειν
529 178 778 216 magonum;
810 182 906 218 Πολλῆς

964 189 1023 212 arte
1042 185 1129 212 lutum
1145 185 1249 220 fingens
1263 185 1348 213 nihilo
1360 185 1451 220 priore
1462 185 1583 213 deterius
1595 194 1641 213 ras
1653 185 1747 213 efficit.

108 225 194 251 ταῦτα
204 225 252 260 τῆς
269 224 361 256 ἀνοίας
377 226 446 251 ἐστί.

145 357 332 393 (θεωρήσωμεν
351 357 398 385 καὶ
410 359 440 385 τὸ
451 356 498 385 τοῦ
521 358 595 385 σίτου
612 358 780 395 ὑπόδειγμα,
832 359 906 387 Παῦ-

112 402 156 434 λος
167 404 180 429 ὁ
192 403 328 439 πάνσοφος
339 404 459 431 παιδεύει
473 406 535 437 τοὺς
546 406 676 441 ἄφρονας,
684 405 905 441 λέγω-δ”Λφρονν

110 449 152 476 σὺ
166 449 181 476 ὂ
196 451 339 485 σπεῄοεις,
350 452 385 478 σὺ
399 451 432 478 τὸ
445 451 531 487 σῶμα
543 452 576 479 τὸ
593 453 799 487 Ἱπνησόμενον
815 453 888 480 σπεί
895 469 903 473 -

108 503 182 528 perc.
206 495 286 522 ἀλλὰ
310 496 425 530 γιψνὸν
452 497 576 527 κόκκον.
600 499 625 525 εἰ
654 498 755 532 τύχοι,
773 499 870 531 σίτου,
885 498 905 533 ἤ

111 548 193 574 τινος
208 540 268 567 τῶν
279 542 393 569 λοιπῶν
409 543 588 578 σπερμάτων
597 551 604 559 ⁸
623 545 640 571 ὁ
653 543 688 571 δὲ
698 544 769 576 Θεὸς
782 544 907 571 δίδωσιν

112 585 192 619 (μιττῷ
224 586 329 622 σῶμα,
355 587 453 622 καθὼς
478 589 639 623 ἠθέλησεν.
665 590 797 626 ’Λκριϐῶς
823 599 904 626 προσ-

113 632 218 667 έχωμεν
231 634 264 668 τῇ
279 633 386 667 γενέσει
405 634 452 661 τοῦ
475 635 562 667 σίτου,
579 635 625 662 καὶ
648 636 717 670 τάχα
732 636 775 662 τὸν
787 635 905 663 ἀναστά-

113 687 182 710 σεως
207 679 283 713 λόγον
313 680 548 716 διδαχθησόμεθα⁴
571 682 599 708 '0
614 683 686 714 σῖτος
712 682 837 717 ῥίπτεται
866 683 906 715 εἰς

111 724 160 760 τὴν
175 725 235 761 γῆν.
257 726 403 758 Διασαπεὶς
417 726 444 753 δὲ
459 728 487 753 ὲν
511 729 545 762 τῇ
558 727 651 760 νοτίδι,
666 728 712 754 καὶ
730 727 768 760 ὡς
786 728 819 755 ἂν
835 729 905 756 εἴποι

112 778 154 801 τις
162 770 272 806 τελευτή
279 780 338 803 σας,
351 771 483 808 ἀπολήγει
498 773 536 805 είς
550 781 610 799 τινα
626 772 787 808 γαλακτώδη
802 774 904 805 οὐσίαν,

112 816 173 850 ἥτις
207 817 324 849 παγεῖσα
345 817 451 852 μικρδν,
472 817 518 849 ὀξῦ
542 818 587 844 καὶ
609 818 705 845 λευκὸν
725 818 827 853 γίνεται
845 819 905 846 κέν-

113 862 344 898 τρον,αὺξηθεῖτα
367 863 395 890 δὲ
417 864 479 890 ὅσον
500 864 636 900 προκύψαι
660 865 709 899 τῆς
726 865 787 900 γῆς,
809 867 840 892 ἐκ
857 865 903 892 τοῦ

113 905 210 933 λευκοῦ
226 906 293 943 προς
304 907 394 943 ἡρέμα
410 908 596 945 χλοαινόμενον
608 910 816 945 μεταϐάλλεται.
826 909 904 941 Εἶτα,

114 953 218 986 γίνεται
241 954 294 980 πόα
319 954 366 980 καὶ
384 954 456 990 κόμη
472 955 526 982 τῶν
543 954 637 990 βώλων
649 963 656 971 ⁸
673 957 865 991 ἐφαπλωθεῖσα
877 958 905 984 δὲ

114 999 206 1030 αὐτοῖς
219 999 266 1025 καὶ
288 1000 464 1027 σκεδασθεῖσα
481 1001 608 1036 μετρίως,
623 1001 769 1037 πολυσχιδῆ
783 1002 905 1030 κάτωθεν

115 1044 263 1081 ὑποτρέφει
283 1045 333 1080 τὴν
349 1046 436 1082 ῥίζαν,
450 1047 488 1083 τῷ
504 1048 627 1082 μέλλοντι
648 1049 725 1085 βάρει
741 1050 791 1084 τὴν
804 1050 904 1076 ὐποϐἁ·

115 1089 182 1124 θραν
211 1091 470 1126 προευτρεπίζουσα.
498 1094 553 1120 Καὶ
578 1093 672 1130 ὥσπερ
698 1095 722 1121 οὶ
752 1095 821 1121 ἱστοὶ
851 1096 904 1122 τῶν

114 1136 215 1162 πλοίων
229 1136 364 1169 πλείστοις
374 1138 541 1173 πανταχόθεν
552 1139 728 1166 διατείνονται
741 1140 844 1172 κάλοις,
862 1140 905 1167 ἵνα

115 1182 208 1216 πάγιοι
226 1183 342 1218 μένωσιν
355 1184 507 1219 ἱσορρόποις
521 1187 580 1217 ταῖς
590 1186 682 1218 ὀλικαίς
693 1186 904 1221 ὰντισπώμενοι,

116 1230 204 1262 οὕτως
222 1231 249 1257 αξ
265 1231 436 1266 σχοινοειδεῖς
461 1231 610 1265 ἀποφύσεις
627 1231 677 1265 τῆς
693 1231 780 1267 ῥίζης,
798 1232 906 1258 ἀντιλα-

115 1277 161 1303 ϐαὶ
178 1277 232 1303 τῶν
245 1277 387 1312 ἀσταχύων
402 1277 520 1311 γίνονται
540 1278 586 1304 καὶ
601 1278 760 1313 ἐρείσματα.
781 1278 905 1304 Ἐπειδὰν

115 1324 154 1354 εἰς
167 1323 289 1358 κάλαμον
300 1324 314 1350 ὁ
327 1325 400 1355 σῖτος
415 1323 554 1358 διαναστῇ.
569 1323 616 1350 καὶ
630 1323 698 1360 πρὸς
711 1324 741 1350 τ’)
754 1323 820 1358 ὕψος
833 1324 906 1350 ἐπεί-

116 1377 210 1403 γηται,
226 1369 336 1402 γόνασιν
353 1368 432 1395 αὑτὸν
450 1370 497 1395 καὶ
512 1370 624 1405 κόμόοις
640 1371 654 1396 ὁ
671 1370 736 1400 Θεὸς
759 1369 905 1405 ὑπερείδει,

115 1413 170 1441 οἷον
187 1414 275 1441 οἰκίαν
300 1414 360 1441 τινὰ
389 1414 546 1451 συνδέσμοις
572 1415 785 1451 ἀσφαλιζόμενος
798 1415 842 1442 διὰ
859 1415 907 1450 τὴν

116 1461 341 1497 προσδοκωμένην
349 1463 398 1497 τῆς
408 1461 496 1497 κόμης
505 1462 654 1498 βαρύτητα.
667 1462 742 1494 Εἶτα,
750 1464 800 1498 τῆς
816 1462 907 1497 ἰσχύος

116 1507 408 1544 ἑτοιμασθείσης,τὴν
435 1509 541 1535 κάλυκα
571 1509 676 1544 σχίσας,
705 1509 838 1544 προσάγει
861 1507 906 1534 τὸν

115 1555 244 1589 ἄσταχυν.
255 1554 309 1580 Καὶ
320 1554 399 1581 πάλιν
413 1555 472 1581 ἐκεῖ
485 1554 610 1589 θαύματα
628 1555 779 1590 κρείττονα.
797 1555 907 1589 Στοιχη-

115 1600 158 1627 δὸν
171 1601 227 1636 γὰρ
241 1602 254 1627 ὁ
276 1602 347 1632 σῖτος
370 1601 444 1637 αὐτῷ
462 1601 641 1636 περιφύεται,
660 1600 707 1627 κα)⁴
722 1600 777 1628 τῶν
799 1601 907 1627 κΰκκων

115 1645 231 1676 ἕκαστος
247 1644 384 1681 ἐξαίρετον
397 1645 453 1680 ἔχει
465 1646 514 1681 τὴν
528 1644 672 1682 ἀποθήκην
679 1654 686 1662 ⁸
699 1646 745 1672 καὶ
760 1646 908 1673 τελευταῖοι

116 1691 315 1726 προϐέϐληνται
333 1692 356 1718 οἱ
378 1691 520 1728 ἀνθέρικες
543 1691 612 1724 ὀξεῖς
639 1692 686 1718 καὶ
699 1691 803 1723 λεπτοὶ,
826 1692 906 1723 ὅπλα,

115 1735 204 1772 οἶμαι,
229 1737 299 1763 κατὰ
327 1737 383 1764 τῶν
411 1737 606 1773 σπερμολόγων
628 1737 753 1773 ὀρνίθων,
779 1738 823 1764 ἴνα
849 1739 908 1769 ταῖς

116 1783 231 1809 ἐκείνων
244 1784 347 1818 ἀκμαῖς
358 1784 524 1819 νυττόμενοι,
541 1783 580 1818 τῷ
594 1783 692 1820 καρπῷ
706 1783 743 1819 μὴ
762 1783 909 1818 λυμαίνων-

115 1838 169 1856 ται.
189 1830 272 1865 Ὁρᾷς
287 1830 353 1864 ὅσην
365 1827 406 1861 εἷς
422 1830 521 1862 κόκκος
536 1830 676 1862 διασαπεὶς
687 1830 908 1866 θαυματουργίαν

116 1874 182 1909 ἔχει,
206 1876 251 1902 καὶ
275 1876 355 1910 μόνος
382 1876 472 1903 πεσὼν
498 1876 557 1911 μεθ’
569 1877 638 1903 ὅσων
671 1877 823 1912 ὲγείρεται;
843 1878 908 1903 Ἀν-

116 1919 227 1954 θρωπος
253 1920 280 1946 δὲ
304 1921 380 1947 οὐδὲν
397 1921 602 1956 προσλαμϐάνει
626 1921 708 1948 πλέον
727 1931 734 1937 ·
751 1922 765 1948 ὃ
787 1922 815 1948 δὲ
837 1920 908 1957 εἶχεν

117 1966 317 2002 ἀπολαμϐάνει,
328 1967 375 1993 καὶ
392 1967 436 1994 διὰ
449 1967 527 1994 τοῦτο
542 1968 593 2002 τῆς
608 1968 743 2004 γεωργίας
760 1968 808 1995 τοῦ
824 1969 906 2001 σίτου,

117 2013 131 2038 ὁ
147 2012 282 2047 ἡμέτερος
299 2013 495 2049 ἁνακαινισμὺς
515 2013 696 2049 εὖκολὼτερος
719 2015 906 2050 ἀναφαίνεται.

124 2058 265 2085 ’ἐ-ῖντεῦοεν
286 2059 420 2096 μετάϐηθι
434 2060 501 2096 πρὸς
514 2060 563 2094 τὴν
589 2060 691 2088 ἔννοιαν
711 2061 765 2088 τῶν
781 2061 907 2096 δένδρων,

116 2104 190 2136 ὅπως
206 2105 221 2130 ὁ
241 2105 342 2140 χειμὼν
355 2105 449 2137 αὐτοῖς
472 2104 532 2132 καθ’
548 2105 661 2133 ἕκαστον
673 2105 732 2138 ἔτος
749 2107 809 2133 ἀντὶ
825 2106 909 2133 θανά-

117 2157 164 2174 του
181 2149 296 2182 γίνεται.
313 2150 495 2185 ’Λπορῥύεται
516 2150 570 2186 γὰρ
585 2152 601 2185 ἡ
613 2150 719 2186 ὀπώρα,
736 2151 782 2178 καὶ
794 2151 825 2178 τὸ
842 2151 908 2186 φύλ-

957 231 1046 265 Atque
1062 231 1105 258 hic
1121 230 1231 265 quidem
1254 231 1352 265 ligulus
1368 238 1449 265 parva
1465 232 1592 265 potentia:
1611 230 1656 258 Dei
1670 239 1747 258 crea-

959 280 1019 302 tura
1034 279 1086 307 est,
1101 280 1129 304 et
1146 275 1203 304 Deo
1218 283 1271 303 non
1289 276 1410 303 creditur
1421 276 1558 310 pollicenti
1579 285 1608 303 se
1624 280 1746 304 mortuos

959 322 1171 349 renovaturum?
1186 321 1299 349 Multum
1315 322 1432 349 amentis
1444 327 1486 350 est
1496 323 1546 350 ista
1558 323 1745 358 pronuntiare.

992 367 1205 395 Consideremus
1217 367 1280 394 item
1297 366 1505 394 similitudinem
1526 367 1621 399 tritici,
1638 375 1691 401 qua
1707 375 1747 394 sa-

958 411 1147 446 pientissimus
1158 411 1259 438 Paulus
1274 411 1436 446 insipientes
1451 411 1565 446 corripit
1574 415 1601 439 et
1615 411 1744 443 instituit.

957 458 1062 488 (licens.
1078 456 1173 490 Stulte,
1193 462 1221 484 lit
1235 457 1304 492 quod
1312 457 1436 488 sentiuas,
1451 465 1502 484 non
1518 458 1545 483 id
1567 457 1636 492 quod
1653 466 1747 484 nascc—

957 508 999 530 tur
1021 511 1117 537 corpus
1141 503 1267 534 sentinae.
1294 502 1339 530 sed
1362 503 1462 529 mulum
1481 511 1606 538 granum,
1633 503 1746 535 exempli

956 551 1054 585 gratia,
1071 549 1154 576 tritici
1181 553 1227 576 aut
1257 549 1372 583 alicujus
1403 548 1566 583 reliquarum
1587 549 1713 575 seminum
1735 556 1744 574 :

958 597 1027 624 Deus
1050 601 1138 623 autent
1160 595 1206 622 dat
1225 595 1248 622 ei
1266 603 1375 629 corpus,
1392 594 1612 629 quemadmodum
1627 595 1708 621 uoluit
1723 595 1743 621 ’.

958 643 1104 678 Diligenter
1120 641 1293 669 attendamus
1311 641 1481 676 generationi
1509 641 1601 671 tritici,
1633 646 1658 667 et
1674 640 1746 666 celu-

957 689 1024 716 riter
1048 688 1263 716 resurrectionis
1279 688 1411 715 rationem
1437 686 1588 713 discemus.
1606 685 1741 712 Triticum

957 735 984 761 in
1002 739 1103 762 terram
1123 734 1280 769 projicitur,
1309 732 1556 768 computrefactum
1573 737 1663 760 autem
1688 732 1742 758 Illl-

956 789 1042 813 more,
1058 786 1086 808 et
1101 785 1129 808 ut
1142 781 1179 808 ita
1192 781 1297 813 dicam,
1316 784 1454 807 mortuum
1469 779 1569 807 desiuit
1583 779 1610 805 in
1629 779 1742 805 lactcam

956 827 1103 862 quamdam
1125 831 1263 859 naturam,
1292 834 1353 861 qua:
1367 825 1498 861 paulatim
1521 828 1650 852 concreta
1664 828 1745 858 atque

920 866 941 894 Β
955 871 1066 902 coalita.
1085 871 1164 906 quasi
1179 870 1309 898 stimulus
1323 870 1434 906 quidam
1457 869 1484 896 fit
1499 869 1578 896 albus
1594 873 1620 896 et.
1630 872 1745 901 acutus;

955 921 1036 944 aucta
1057 917 1156 944 deinde.
1172 916 1198 944 in
1215 924 1276 944 eam
1293 915 1521 951 magnitudinem,
1538 919 1567 942 ut
1582 919 1654 941 terra
1682 921 1746 948 pro-

955 964 1059 991 minere
1071 968 1097 990 et
1112 969 1221 991 exstare
1236 963 1335 998 possit,
1357 970 1389 990 ex
1405 962 1467 988 albo
1482 961 1584 988 sensim
1606 961 1632 987 in
1647 961 1746 987 herbe-

955 1015 1075 1037 srentcm
1093 1009 1258 1036 viriditatem
1283 1012 1422 1041 mutatur;
1440 1012 1534 1043 pestea
1558 1007 1587 1034 fit
1608 1007 1690 1034 herba
1718 1010 1746 1033 ct

955 1064 1034 1084 cerua
1059 1056 1201 1092 glebarum
1221 1064 1228 1082 :
1247 1054 1347 1090 quibus
1369 1052 1460 1080 infusa
1484 1057 1511 1080 et
1532 1052 1626 1079 leviter
1649 1058 1744 1086 sparsa

956 1101 1143 1136 compluribus
1161 1100 1254 1127 nixam
1268 1099 1345 1126 libris
1363 1099 1482 1126 radicem
1500 1097 1598 1125 subtus
1620 1097 1679 1128 alit,
1703 1096 1746 1123 fu-

955 1150 1018 1173 turo
1042 1145 1155 1181 ponderi
1182 1144 1400 1173 sustentaculum
1423 1147 1450 1170 et
1466 1143 1661 1171 adminiculum
1677 1149 1746 1176 prm-

955 1199 1076 1226 parans;
1094 1198 1126 1217 ae
1154 1189 1384 1226 quemadmodum
1406 1189 1515 1216 navium
1534 1188 1599 1215 mali
1624 1187 1747 1220 plurimis

956 1237 1078 1272 undique
1094 1236 1206 1264 funibus
1225 1236 1430 1265 distenduntur.
1447 1239 1478 1262 ut
1495 1234 1564 1261 firmi
1575 1233 1749 1267 stabilcsque

957 1287 1146 1319 permaneant,
1178 1281 1368 1318 :equilibribus
1401 1280 1535 1307 tractibus
1564 1278 1680 1306 obnixi:
1709 1278 1748 1305 ita

957 1330 1062 1357 funium
1083 1330 1110 1357 in
1127 1329 1237 1357 modum
1261 1336 1294 1356 ex
1307 1327 1400 1355 radice
1414 1331 1502 1354 enatze
1516 1326 1589 1353 libra!
1604 1328 1745 1353 sustenta-

957 1381 1048 1403 menta
1067 1375 1205 1410 spicarum
1220 1379 1247 1402 et
1270 1373 1421 1402 retinacula
1437 1374 1515 1400 ﬁunt.
1533 1372 1680 1407 Postquam
1699 1380 1748 1399 au-

956 1426 1010 1449 tem
1031 1422 1058 1448 in
1072 1421 1193 1448 culmum
1209 1424 1331 1448 erectum
1345 1419 1466 1446 triticum
1490 1419 1516 1446 in
1536 1419 1619 1446 altum
1637 1418 1750 1445 tendere

956 1467 1083 1502 cmperit,
1111 1465 1245 1500 geniculis
1261 1469 1288 1493 et
1309 1464 1391 1492 nodis
1405 1464 1476 1491 licus
1495 1464 1520 1491 id
1539 1464 1638 1496 firmat,
1661 1463 1746 1490 veluti

932 1514 1069 1546 .domum
1099 1513 1218 1547 aliquam
1248 1511 1438 1546 conjuncturis
1465 1510 1610 1542 mimiens,
1637 1513 1748 1544 propter

958 1568 1029 1593 eam,
1055 1567 1116 1594 qua:
1141 1561 1270 1593 speratur
1287 1565 1372 1585 comae
1398 1555 1584 1591 gravitatem:
1605 1558 1666 1590 post
1691 1554 1750 1589 hagc

958 1604 1139 1638 niaturisjam
1163 1603 1279 1635 viribus,
1310 1602 1432 1629 diductis
1453 1598 1571 1637 vaginis,
1589 1601 1690 1636 quibus
1708 1600 1748 1627 in-

957 1651 1128 1681 cludebatur,
1141 1649 1269 1684 producit
1284 1649 1397 1684 spicam.
1417 1648 1505 1682 Atque
1519 1646 1575 1673 illic
1588 1654 1685 1673 rursus
1697 1646 1749 1672 nii-

958 1694 1054 1721 racula
1069 1693 1184 1727 majora.
1203 1692 1306 1720 Ordine
1317 1692 1388 1720 enim
1411 1695 1538 1727 porrecto
1553 1695 1684 1718 structam
1699 1698 1747 1717 un-

958 1740 1041 1775 dique
1054 1739 1147 1766 videre
1164 1739 1228 1765 licet
1240 1738 1264 1765 ei
1287 1737 1391 1772 frugem
1410 1736 1585 1765 adnascendo
1599 1736 1678 1770 quasi
1693 1736 1747 1763 cir-

959 1784 1079 1812 eumfudi
1093 1792 1100 1816 ;
1116 1789 1144 1812 et
1161 1783 1268 1818 singula
1286 1790 1371 1818 grana
1384 1782 1548 1818 peculiarem
1567 1785 1594 1809 et
1606 1781 1747 1816 proprium

960 1830 1110 1858 folliculum
1125 1833 1153 1857 et
1167 1829 1246 1862 quasi
1264 1829 1360 1856 cellam
1379 1828 1500 1861 habent;
1518 1831 1657 1863 pastrenio
1673 1835 1746 1862 pra:-

958 1877 1111 1904 tenduntur
1122 1875 1213 1902 aristae
1226 1875 1345 1910 graciles
1363 1875 1486 1909 quantum
1502 1877 1529 1901 et
1544 1878 1641 1904 acutze,
1659 1881 1750 1906 arma,

958 1923 1067 1957 opinor,
1087 1922 1219 1950 adversus
1236 1922 1357 1949 aviculas
1373 1921 1527 1948 seminibus
1541 1921 1665 1948 insidiari
1682 1920 1749 1947 soli-

959 1974 1012 2001 tas,
1032 1973 1061 1996 ut
1074 1970 1140 1996 dum
1161 1969 1269 1996 illarum
1286 1968 1364 2003 quasi
1381 1967 1495 2003 spiculis
1507 1971 1675 2002 pungunlur,
1691 1967 1749 1993 l'ru-

959 2024 1018 2051 gem
1032 2023 1144 2050 carpere
1158 2019 1239 2050 atque
1257 2018 1364 2042 vastare
1374 2014 1511 2041 desinant.
1521 2013 1604 2040 Vides
1616 2017 1747 2048 quantum

960 2069 1044 2088 unum
1061 2068 1173 2096 granum
1195 2059 1376 2095 putrefactum
1401 2059 1597 2086 miraculorum
1619 2058 1747 2086 eﬂ'ectum

960 2108 986 2135 in
1002 2115 1030 2135 se
1044 2107 1194 2138 contineat,
1207 2113 1239 2132 ac
1255 2113 1316 2132 cum
1333 2105 1419 2132 solum
1429 2104 1571 2135 ceciderit,
1582 2111 1663 2138 quam
1675 2103 1746 2131 mul-

960 2153 1043 2187 tiplex
1055 2155 1191 2186 resurgat.
1209 2152 1242 2177 At
1260 2151 1340 2177 homo
1357 2150 1423 2177 nihil
1443 2150 1553 2184 insuper
1569 2150 1668 2184 accipit
1683 2157 1745 2176 am-

117 2193 162 2220 λον
179 2194 284 2226 πίπτει,
300 2194 347 2221 καὶ
365 2195 434 2230 ξηρὰ
457 2195 532 2230 μένει
551 2195 585 2222 τὰ
607 2195 674 2229 ξύλα
692 2196 781 2231 πάσης
800 2197 906 2232 χάριτος

963 2198 1048 2232 plius;
1064 2197 1110 2224 sed
1137 2195 1235 2230 recipit
1257 2195 1284 2222 id
1308 2194 1381 2230 quod
1407 2194 1533 2225 habebat,
1559 2202 1590 2221 ac
1604 2197 1748 2229 propterea

118 2239 302 2274 ἐστερημένα.
317 2240 440 2266 Ἐπειδὰν
452 2241 480 2267 δὲ
490 2241 537 2268 τοῦ
552 2241 631 2277 ἔαρος
641 2242 654 2268 ὁ
669 2242 762 2278 καιρὸς
774 2243 907 2276 ἐπιλάϐοι,

118 2284 199 2315 ἄνθος
219 2284 309 2316 αὐτοῖς
335 2286 511 2321 χαριέστατον
526 2286 695 2322 ὑπερφύεται
707 2309 714 2321 ,
731 2288 776 2314 καὶ
796 2289 865 2324 μετὰ
879 2289 910 2315 τὺ

119 2330 200 2362 ἄνθος
217 2330 367 2364 ἐπιγίνεται
381 2331 435 2358 τῶν
459 2332 566 2367 φύλλων
586 2334 602 2368 ἡ
626 2333 725 2368 σκέπη.
741 2334 785 2361 καὶ
797 2334 857 2360 τότε
873 2334 910 2366 ὡς

118 2376 222 2407 εὐειδὲς
239 2375 327 2412 θέαμα
341 2377 492 2413 ἀνθρώπων
506 2387 535 2404 τε
551 2378 599 2410 τὰς
614 2378 688 2413 ὄψεις
702 2379 911 2413 ὲφέλκεται,καὶ

119 2421 235 2457 ὀρνίθιον
258 2422 363 2457 ῲδικῶν
379 2423 546 2459 ἐργαστήρια
565 2424 686 2458 γίνεται,
708 2426 764 2456 τοῖς
785 2425 910 2456 πετάλοις

120 2468 329 2503 ἐγκαθημένων,
348 2469 395 2496 καὶ
422 2469 566 2505 θαυμαστὴ
593 2479 634 2502 τις
658 2471 722 2506 περὶ
741 2471 812 2498 αὐτὰ
831 2472 911 2507 χάρις

120 2514 275 2549 ἐκλάμπει-
292 2515 361 2541 ὥστε
389 2516 482 2542 πολλοὶ
506 2517 554 2543 καὶ
578 2515 651 2544 οἷκον
682 2518 791 2553 ἀφῆκαν
818 2518 910 2554 χρυσῷ

122 2561 339 2596 κεκοσμημένον,
356 2562 403 2588 καὶ
427 2562 492 2598 λίθῳ
513 2563 552 2598 τῷ
569 2564 697 2599 Θεσσαλῷ
719 2565 765 2591 καὶ
790 2565 908 2596 Λάκωνι,

120 2607 240 2642 τερπνὴν
265 2607 293 2634 δὲ
311 2607 409 2642 μᾶλλον
429 2609 534 2641 ἑαυτοῖς
556 2609 648 2637 ἔθεντο
666 2611 715 2647 τὴν
738 2611 789 2638 ὑπὸ
815 2611 911 2646 δένδρα

121 2652 269 2687 διαγωγήν.
286 2653 331 2680 Διὸ
345 2654 392 2680 καὶ
405 2655 420 2681 ὀ
436 2655 608 2690 πατριάρχης
632 2656 758 2692 ’Λὸραὰμ
778 2657 830 2684 ὑπὸ
849 2656 911 2692 δρυῒ

121 2698 169 2731 τὴν
197 2698 298 2734 σκηνὴν
315 2699 444 2734 ἐπήξατο.
462 2700 511 2726 οὐκ
534 2700 622 2732 οἰκίας
651 2702 760 2734 πάντως
788 2702 908 2738 ἀπορῶν,

121 2743 189 2770 ἀλλὰ
209 2744 259 2776 τῆς
286 2745 332 2771 ἐπὶ
348 2745 400 2772 τῶν
418 2746 522 2773 κλάδων
543 2747 762 2784 ἐπαγαλλόμενος
778 2748 909 2784 τέρψεως.

159 2832 168 2847 ⁸
183 2831 194 2858 1
210 2831 272 2860 Cur.
291 2840 335 2864 xv,
352 2832 447 2862 36-58.

959 2241 1046 2268 nostri
1078 2240 1219 2267 renovatio
1241 2238 1352 2266 videtur
1375 2246 1437 2266 esse
1466 2238 1589 2271 facilior,
1615 2246 1695 2274 quam
1721 2237 1747 2265 id

958 2287 1030 2322 quod
1047 2286 1074 2313 in
1092 2286 1260 2321 agricultura
1279 2285 1379 2312 accidit
1397 2284 1543 2312 frumento.
1570 2283 1667 2312 Transi
1684 2278 1747 2311 hinc

958 2333 991 2360 ad
1006 2331 1254 2360 considerationem
1269 2331 1410 2362 arborum.
1426 2335 1455 2357 ut
1465 2331 1552 2358 hiems
1563 2331 1603 2358 eis
1614 2330 1745 2358 omnibus

958 2379 1038 2406 anuis
1065 2379 1126 2406 loco
1143 2378 1238 2405 mortis
1255 2377 1301 2405 sit.
1332 2376 1466 2404 Decidunt
1482 2376 1554 2403 enim
1574 2383 1664 2410 poma,
1683 2375 1747 2402 folia

958 2425 1092 2455 deﬂuunt.
1111 2423 1186 2451 arida
1215 2426 1358 2451 remanent
1384 2422 1458 2457 ligna
1481 2422 1555 2449 onmi
1574 2422 1673 2449 decore
1688 2429 1748 2456 spo-

960 2471 1034 2498 liata.
1065 2470 1217 2505 Postquam
1243 2473 1334 2496 autem
1362 2473 1470 2503 tempus
1496 2468 1568 2496 veris
1592 2467 1745 2503 appetierit,

959 2517 1008 2545 ﬂos
1020 2517 1060 2545 eis
1083 2516 1258 2552 gratissimus
1285 2515 1438 2542 innascitur
1464 2524 1470 2541 :
1499 2514 1592 2541 florem
1618 2513 1745 2540 foliorum

959 2566 1145 2598 legumentum
1175 2562 1278 2596 excipit
1293 2571 1299 2588 :
1316 2565 1343 2588 at
1370 2565 1435 2588 tunc
1449 2560 1532 2587 veluti
1564 2559 1707 2595 pulchrum
1720 2564 1746 2586 et

959 2616 1097 2636 alumnum
1114 2608 1300 2644 spectaculum
1323 2614 1386 2634 eum
1405 2606 1544 2632 hominum
1559 2604 1655 2632 oculos
1672 2604 1698 2631 in
1717 2611 1750 2631 se

961 2658 1137 2686 convertunt,
1158 2658 1215 2681 tum
1237 2653 1325 2680 avium
1346 2652 1527 2678 cantatricum
1547 2650 1690 2678 frondibus
1706 2650 1747 2676 iu-

961 2701 1108 2728 sidcntium
1120 2699 1200 2735 quasi
1220 2699 1339 2726 officina:
1354 2698 1500 2727 exsistunt.
1520 2701 1547 2724 et
1576 2695 1748 2724 admirabilis

960 2747 1083 2782 quzedam
1097 2745 1171 2773 circa
1188 2752 1235 2772 cas
1249 2744 1393 2772 animuitas
1411 2751 1442 2770 ac
1453 2743 1539 2778 gratia
1551 2742 1664 2774 relucet,
1680 2741 1747 2768 adeo
