1938 3082
222 114 275 141 εδδ

856 108 885 136 S.
899 107 1060 136 GREGORII
1076 107 1222 136 NYSSENI

1806 105 1860 134 634

223 173 332 208 spiritu.
349 172 426 199 Tunc
445 170 492 198 lilii
509 169 661 199 hominum.
681 175 754 195 nunc
771 167 817 194 filii
835 167 881 195 Dei
897 168 952 194 nati
966 175 1012 195 su-

1065 167 1184 202 οὒρανῶν
1207 166 1393 202 ὰπελύθημεν,
1420 165 1469 194 νῦν
1490 167 1505 192 ό
1527 165 1687 200 ἐπουρᾶνιος
1710 164 1759 191 καὶ
1782 165 1860 199 ἡμᾶς

224 227 296 247 Inus.
317 219 395 246 Tune
416 217 444 244 in
473 221 575 248 terram
589 214 623 242 de
641 213 721 242 cmlis
749 213 859 248 relegati
883 221 979 240 smnus
1003 221 1009 239 :

225 272 299 292 nunc
309 265 333 291 is
346 263 393 299 qui
408 261 532 290 cmlestis
545 265 597 294 est,
624 259 706 287 etiam
722 266 772 286 nos
798 258 925 286 cmlestes
937 257 1010 286 feeit.

225 311 302 338 Tunc
320 315 367 343 per
383 311 523 343 peccatum
538 312 612 332 mors
634 303 764 338 regnabat
786 312 792 330 :
808 310 880 329 nune
896 302 1012 330 invicem

224 355 330 391 iustitia
347 360 396 389 per
415 352 499 379 vitam
527 350 624 385 recipit
654 348 810 383 imperium.
832 348 910 374 Tunc
942 355 1014 374 unus

228 400 307 428 morti
321 400 410 427 locum
419 395 575 426 introeundi
588 395 663 422 dedit
675 403 682 421 :
697 401 744 429 per
756 401 839 421 unum
849 394 1013 420 etiamnunc

226 449 321 472 contra
351 444 405 471 vita
436 440 628 470 introducitur.
653 438 730 466 Tunc
758 446 806 473 per
828 443 942 466 mortem
959 437 1014 464 vita

227 490 380 517 excidimus
396 498 402 515 :
431 480 505 515 nunc
520 494 535 513 a
561 486 615 512 vita
633 492 706 512 mors
727 484 842 512 deletur.
868 482 946 509 Tunc
959 490 1014 516 pra:

229 535 332 570 pudore
352 534 404 562 sub
420 533 472 560 ficu
491 531 619 559 occultati
634 531 736 557 fuimus
758 539 766 558 :
784 536 859 556 nunc
882 536 930 563 per
955 528 1014 564 glo-

230 581 298 607 riam
321 579 393 614 ligno
423 578 485 606 vita:
516 575 781 612 appropinquamus.
802 573 879 601 Tunc
904 579 1015 609 propter

230 624 439 652 inobedientiam
466 630 498 650 ex
521 622 648 657 paradiso
674 620 778 655 expulsi
796 628 891 647 sumus
912 629 918 646 :
941 626 1013 646 nune

232 677 280 705 per
294 669 372 696 fidem
401 668 428 695 iu
444 667 600 703 paradisum
630 667 809 694 admittimur.
835 665 940 693 Rursus
957 664 1014 692 fru-

230 720 292 743 etus
308 715 370 742 vita:
384 714 418 741 ad
433 713 546 742 delicias
561 712 641 740 nobis
668 711 824 746 propositus
837 715 879 738 est
893 710 925 737 ad
940 710 1013 737 arbi-

230 759 322 786 trium.
335 758 441 786 Rursus
456 757 517 785 fons
533 757 652 792 paradisi
671 755 872 791 quadripartito
886 755 1015 783 diductus

231 811 280 838 per
298 803 468 838 evangelicos
481 809 576 830 amnes
600 802 755 829 universam
772 801 899 828 Ecclesiae
919 801 1014 828 faciem

230 849 338 884 irrigat,
352 849 420 879 adeo
439 852 469 875 ut
484 848 566 876 etiam
586 847 656 875 sulci
682 847 834 874 animarum
858 850 1014 874 nostrarum

231 894 409 926 inebrientur,
433 901 503 928 quos
526 893 550 920 is
566 893 772 928 quisementem
799 892 935 920 sermonis
952 891 1016 919 facit

230 944 324 967 aratro
337 939 468 966 doctrina:
484 938 665 974 proseidit.ac
674 937 1015 973 nmltiplieenturgcrmina

231 986 392 1020 fructusque
409 984 528 1012 virtutis.
544 983 614 1017 Quid
629 984 712 1019 igitur
727 983 762 1011 ob
779 983 836 1011 haec
851 983 941 1012 facere
954 991 1018 1011 con-

229 1029 318 1058 venit?
325 1029 396 1063 Quid
405 1029 572 1064 aliud,quam
581 1029 683 1056 imitari
693 1033 799 1056 montes
808 1029 982 1064 propheticos
990 1033 1017 1057 et

230 1075 315 1103 colles
338 1074 585 1103 cxsultatiouibus?
602 1073 704 1101 Monte:
718 1074 800 1107 enim,
816 1074 913 1109 inquit.
925 1076 1016 1101 exsul-

229 1125 347 1147 tarerunt
363 1124 391 1146 ut
402 1121 508 1151 arietes,
523 1123 548 1146 et
559 1119 639 1146 colles
648 1119 716 1146 sicut
735 1119 797 1154 agni
821 1119 907 1146 ovium
923 1121 944 1147 ¹.
966 1119 1017 1147 Ve-

230 1166 287 1193 nite
302 1165 399 1201 igitur,
413 1165 582 1192 exsultemus
603 1164 727 1197 Domino,
748 1165 796 1199 qui
815 1163 894 1200 fregit
909 1165 980 1192 vires
991 1170 1018 1192 et

230 1211 377 1246 potentiam
405 1210 494 1238 hostis
519 1214 547 1238 et
578 1217 705 1246 magnum
735 1217 786 1244 pro
815 1210 895 1237 nobis
924 1210 1016 1237 erucis

231 1256 380 1291 lrophaum
395 1255 422 1282 in
447 1255 525 1282 ruina
540 1255 690 1283 adversarii
705 1255 801 1283 erexit.
815 1254 1016 1290 ’Δλαλάζωμεη

228 1300 256 1328 id
269 1304 321 1333 est,
348 1300 496 1332 iubilemus,
523 1299 680 1335 ἀλαλαγμός
697 1304 798 1333 autem,
824 1301 882 1328 sive
902 1300 1016 1336 jubilus,

228 1351 271 1374 est
289 1345 316 1373 iu
335 1345 450 1373 victoria
475 1345 564 1373 fausta
582 1353 616 1373 ac
643 1345 703 1373 laeta
722 1346 896 1379 acclamatio,
926 1354 986 1381 qua:
1001 1354 1017 1373 a

230 1390 382 1418 victoribus
392 1390 523 1418 adversus
537 1390 622 1417 victos
631 1390 775 1417 excitatur.
787 1390 920 1423 Quoniam
936 1392 1018 1426 igitur

214 1439 367 1470 prostrata
387 1439 429 1463 est
445 1435 518 1463 acies
546 1435 643 1467 hostis,
663 1439 744 1470 atque
756 1436 801 1462 ille
816 1436 884 1471 ipse,
901 1437 948 1472 qui
965 1437 1017 1463 im-

228 1481 334 1516 perium
346 1480 443 1508 nefarii
452 1481 590 1509 exercitus
602 1480 755 1508 da‘monum
765 1482 913 1515 obtinebat,
925 1482 1014 1517 periit,
1028 1499 1049 1528 ο

229 1525 335 1553 deletus
353 1529 378 1553 et
395 1526 428 1553 ad
459 1526 575 1553 nihilum
593 1526 647 1561 iam
662 1526 789 1553 redactus
812 1530 854 1554 est.
872 1527 1016 1554 :dicamus

228 1571 302 1606 quod
319 1571 388 1599 Deus
410 1572 446 1599 sit
469 1579 583 1606 magnus
611 1572 752 1603 Dominus.
782 1577 809 1600 et
833 1581 879 1600 rex
902 1581 1017 1608 magnus

229 1624 429 1652 superomnem
449 1621 560 1650 terram,
589 1619 635 1652 qui
652 1619 789 1646 benedixit
816 1627 924 1647 corona:
952 1619 1015 1647 anni

229 1662 402 1698 benignitatis
415 1669 481 1695 suae,
505 1667 533 1690 et
549 1663 680 1691 conduxit
700 1672 749 1692 nos
771 1665 799 1692 in
814 1665 887 1692 hunc
902 1666 1014 1692 chorum

228 1711 256 1734 et
266 1711 368 1735 emtum
392 1708 563 1743 spiritualem
589 1717 636 1744 per
657 1711 795 1738 Christum
812 1710 904 1738 Jesum
925 1711 1016 1738 Domi-

228 1761 293 1780 num
303 1757 438 1786 nostrum,
450 1754 495 1781 cui
507 1755 592 1789 gloria
604 1755 632 1782 iu
644 1755 754 1783 saecula.
768 1757 864 1784 Amen.

525 1840 654 1868 ORATIO
684 1841 715 1869 V.

229 1904 263 1932 In
282 1906 412 1933 ibustrem
433 1911 457 1933 et
477 1911 597 1933 sanctam
620 1906 728 1946 Domini
749 1907 844 1943 Deique
865 1909 948 1936 nostri
975 1918 1015 1936 re-

524 1947 722 1969 rurrecttanem.

266 2021 431 2049 Benedictus
445 2021 526 2050 Deus.
547 2022 674 2050 Dicamus
689 2023 763 2050 bona
778 2024 859 2051 verba
871 2045 878 2057 ,
893 2029 921 2052 et
943 2025 1014 2053 cele-

227 2066 336 2095 breuius
346 2068 425 2094 hodie
437 2068 578 2103 unigenam
591 2068 636 2096 Dei
650 2068 854 2102 Filium,verum
864 2071 1014 2098 caelestium

227 2116 428 2145 procreatorem
453 2121 460 2139 :
481 2113 528 2147 qui
572 2121 604 2140 ex
639 2109 759 2142 occultis
793 2120 873 2142 terra:
902 2116 1011 2144 sinibus

1062 211 1202 246 οὐρανίους
1214 210 1336 239 ἐποίησε.
1360 211 1382 236 Τ
1383 210 1427 236 ότε
1443 210 1487 237 διὰ
1497 210 1547 245 τῆς
1564 210 1702 245 ἁμαρτίας
1713 210 1729 236 ὁ
1740 209 1860 240 θάνατος

1063 255 1237 282 ὲδασίλευσε·
1260 255 1307 282 νῦν
1322 255 1589 290 ἀντιμεταλαμϐάνει
1612 255 1657 281 διὰ
1674 255 1725 290 τῆς
1745 254 1822 288 ζωῆς
1841 255 1859 289 ἠ

1062 303 1219 339 δικαιοσύνη
1238 304 1268 330 τὸ
1288 304 1398 339 κράτος.
1420 302 1467 335 Εἷς
1481 303 1571 339 ἦνοιξε
1588 304 1648 330 τότε
1669 302 1716 329 τοῦ
1737 302 1859 329 θανάτου

1062 350 1112 384 τὴν
1121 349 1231 376 εἴσοδον·
1243 350 1277 376 δι’
1293 350 1351 382 ἑνὸς
1363 350 1408 377 καὶ
1419 350 1466 377 νῦν
1478 352 1494 386 ὴ
1508 351 1564 386 ζωὴ
1575 349 1776 383 ἀντεισάγεται.
1788 349 1858 383 Τότε

1063 393 1106 420 διὰ
1122 393 1170 420 τοῦ
1186 393 1301 420 θανάτου
1323 394 1373 429 τῆς
1390 394 1463 429 ζωῆς
1478 394 1658 429 ὲξεπέσαμεν·
1674 394 1723 421 νῦν
1741 393 1795 420 ὑπὸ
1807 394 1858 428 τῆς

1064 438 1136 474 ζωῆς
1148 439 1299 474 ἀναιρεῖται
1310 441 1324 466 ό
1335 440 1457 472 θάνατος.
1467 440 1533 466 Τότε
1542 441 1586 466 ὑπ’
1597 440 1730 475 αἰσχύνης
1739 441 1772 475 τῇ
1785 441 1857 474 συκῇ

1065 483 1268 519 ὑπεκρύῦημεν·
1279 485 1325 511 νῦν
1343 485 1387 511 διὰ
1394 485 1473 520 δόξης
1483 484 1514 511 τὸ
1531 484 1607 517 ξύλον
1618 485 1668 519 τῆς
1683 484 1755 519 ζωῆς
1771 492 1858 518 προσ-

1063 529 1218 564 εγγίζομεν.
1250 530 1317 556 Τότε
1333 530 1376 556 διὰ
1396 530 1445 566 τῆς
1460 531 1603 566 παρακοῆς
1628 530 1676 557 τοῦ
1690 529 1857 565 παραδείσου

1064 574 1260 610 ὲξῳκίσθημεν·
1281 576 1328 602 νῦν
1346 576 1390 602 διὰ
1405 576 1522 608 πίστεως
1541 576 1587 602 τοῦ
1602 576 1770 611 παραδείσου
1791 575 1866 600 εἴσω·

1064 621 1204 656 γινόμεθα.
1221 621 1305 648 Πάλιν
1319 623 1333 648 ὁ
1348 622 1452 657 καρπὸς
1464 622 1513 657 τῆς
1528 621 1602 656 ζωῆς
1615 622 1655 653 είς
1670 620 1778 656 τρυφὴν
1792 621 1859 655 ἡμῖν

1065 666 1206 702 πρόκειται
1229 667 1289 693 κατ’
1308 667 1441 699 ἐξουσίαν.
1466 667 1550 694 Πάλιν
1575 668 1590 702 ἡ
1615 667 1663 693 τοῦ
1689 665 1857 700 παραδείσου

1065 711 1151 746 πηγὴ.
1165 711 1182 746 ἡ
1195 712 1314 747 τετραχῆ
1333 711 1376 738 διὰ
1393 712 1448 738 τῶν
1462 711 1647 745 εὑαγγελικῶν
1661 711 1795 745 ποταμῶν
1808 719 1858 745 με·

1066 757 1211 793 ριζομένη,
1235 757 1308 784 ἆπαν
1323 757 1426 788 ποτίζει
1446 758 1477 784 τὸ
1498 757 1643 792 πρόσωπον
1665 757 1715 792 τῆς
1741 756 1857 790 Ἐκκλη-

1067 804 1143 836 σίας·
1164 803 1201 835 ὡς
1216 803 1264 830 καὶ
1276 803 1422 838 μεθύσκειν
1436 802 1514 838 ἡμῶν
1529 803 1578 834 τὰς
1596 802 1718 834 αὔλακας
1737 802 1794 828 τῶν
1808 802 1857 836 ψυ-

1066 848 1132 884 χῶν,
1147 848 1180 880 a;
1191 849 1205 874 ὁ
1218 848 1336 885 σπείρων
1351 848 1396 875 τὸν
1406 848 1484 882 λόγον
1497 848 1535 883 τῷ
1546 848 1653 883 ἀρότρῳ
1667 848 1717 882 τῆς
1730 847 1858 873 διδασκα-

1066 894 1125 926 λίας
1146 894 1276 929 ἀνέτεμε,
1295 894 1342 920 καὶ
1356 893 1500 929 πληθύνειν
1517 894 1566 928 τῆς
1587 893 1688 928 ἀρετῆς
1706 892 1741 918 τὰ
1759 893 1858 927 γεννή-

1067 945 1150 971 ματα.
1168 937 1200 962 Τί
1211 935 1258 963 οὖν
1272 937 1319 963 ἐπὶ
1340 937 1444 969 τούτοις
1458 938 1591 973 προσήκει
1607 938 1712 969 natatu;
1728 936 1761 962 ΤΞ
1776 936 1858 966 ἄλλο,

1066 979 1083 1015 ἢ
1103 980 1244 1016 μιμεῖσθαι
1263 981 1297 1007 τὰ
1311 981 1360 1016 ὅρη
1376 981 1410 1008 τὰ
1427 981 1581 1017 προφητικὰ
1609 981 1733 1013 καὶτοὺς
1747 981 1859 1016 βουνοὺς

1066 1026 1122 1057 τοῖς
1134 1027 1317 1061 σκιρτήμασι;
1338 1027 1376 1054 Τὰ
1398 1027 1452 1061 ὄρη
1470 1028 1535 1062 γὰρ,
1555 1027 1647 1062 φησὶν,
1669 1027 1858 1060 ἐσκίρτησυν

1066 1071 1137 1097 ὡσεί
1166 1071 1258 1106 κριοὶ,
1276 1073 1324 1099 καὶ
1351 1067 1377 1099 oi
1392 1073 1499 1104 βουνοί
1522 1073 1562 1106 ὡς
1580 1073 1669 1106 ἀρνία
1690 1073 1857 1107 προϐατων.

1067 1115 1171 1142 Ούκοΰν
1185 1115 1272 1147 δεῦτε,
1294 1117 1521 1152 ἀγαλλιασώμεθα
1544 1117 1583 1153 τῷ
1604 1117 1717 1153 Κυρίῳ,
1733 1117 1775 1152 τῷ
1794 1118 1857 1144 καθ-

1067 1160 1152 1187 ελόντι
1160 1161 1206 1188 τοῦ
1216 1162 1345 1196 πολεμίου
1358 1162 1406 1198 τὴν
1415 1163 1539 1198 δύναμιν,
1549 1163 1596 1190 καὶ
1605 1163 1635 1189 τὸ
1644 1163 1717 1198 μέγα
1727 1163 1858 1198 τρόπαιον

1067 1206 1113 1232 τηῢ
1127 1207 1242 1242 σταυροῦ
1262 1207 1331 1243 ὑπὲρ
1345 1208 1423 1243 ἡμῶν
1437 1209 1618 1243 ἀναστήσαντι
1633 1210 1662 1235 ὲν
1674 1208 1714 1243 τῷ
1728 1208 1856 1244 πτώματι

1066 1251 1113 1279 τοῦ
1128 1253 1326 1288 ἀντικειμένου.
1348 1254 1546 1289 ’Δλαλάζωμεν.
1565 1254 1737 1289 Ἀλαλαγμὺς
1746 1254 1778 1281 δέ
1788 1255 1858 1281 ἐστιν

1067 1297 1199 1330 ἑπινίκιος
1211 1298 1342 1334 εὐφημία,
1365 1299 1440 1334 παρὰ
1458 1299 1512 1326 τῶν
1526 1300 1740 1335 κεκρατηκότων
1753 1301 1857 1335 ἐγειρο-

1069 1343 1136 1378 μένη
1153 1343 1223 1370 κατὰ
1246 1344 1299 1370 τῶν
1318 1346 1488 1380 ἡττημένων.
1519 1345 1596 1371 Ἐπεὶ
1618 1343 1665 1372 οὖν
1683 1345 1858 1379 πέπτωκενὴ

1066 1388 1113 1415 τοῦ
1129 1389 1258 1424 πολεμίου
1272 1391 1433 1426 παράταξις,
1453 1390 1500 1417 καὶ
1517 1391 1596 1422 αὐτὸς
1608 1392 1712 1422 ἐκεῖνος
1724 1392 1740 1418 ὁ
1751 1392 1783 1418 τὸ
1795 1393 1858 1427 κρᾶ-

1066 1442 1112 1466 τος
1123 1434 1192 1469 ἔχων
1201 1435 1250 1470 τῆς
1263 1436 1382 1470 πονηρᾶς
1394 1436 1448 1462 τῶν
1460 1436 1595 1472 δαιμόνων
1609 1438 1741 1472 στρατιᾶς
1756 1438 1857 1472 οἴχεται

1068 1479 1115 1505 καὶ
1125 1479 1282 1514 ἠφάνισται,
1295 1480 1341 1506 καὶ
1352 1480 1392 1511 είς
1407 1480 1438 1506 τὸ
1453 1480 1490 1515 μὴ
1507 1480 1536 1507 ὂν
1550 1480 1599 1516 ήδη
1613 1481 1854 1516 μετακεχώρήκεν·

1067 1523 1199 1559 εἴπωμεν,
1213 1525 1253 1551 ὅτι
1264 1525 1328 1557 Θεὸς
1345 1525 1431 1560 μέγας
1445 1526 1556 1561 Κύριος,
1570 1526 1618 1552 καὶ
1631 1526 1761 1561 βασιλεὺς
1775 1528 1858 1562 μέγας

1067 1569 1113 1596 ἐπὶ
1125 1570 1215 1596 πᾶσαν
1232 1569 1280 1605 τὴν
1300 1570 1362 1605 γῆν,
1382 1571 1397 1596 ὁ
1416 1570 1564 1604 εὐλογήσας
1585 1569 1630 1596 τὴν
1653 1570 1792 1604 στέφανον
1812 1571 1856 1597 τοῦ

1067 1615 1188 1642 ὲνιαυτοῦ
1215 1615 1265 1650 τῆς
1292 1616 1474 1652 χρηστότητος
1496 1615 1597 1642 αὐτοῦ’
1620 1616 1668 1643 καὶ
1692 1618 1856 1651 συναγαγὼν

1067 1662 1139 1696 ἡμᾶς
1159 1663 1199 1694 εἰς
1220 1662 1270 1698 τὴν
1293 1662 1480 1697 πνευματικὴν
1500 1661 1600 1697 ταύτην
1618 1663 1814 1698 χοροστασίαν,
1829 1664 1857 1688 ὲν

1067 1707 1177 1743 Χριστῷ
1194 1708 1281 1750 Ἰησοῇ
1296 1708 1335 1744 τῷ
1349 1708 1459 1744 Κυρίῳ,
1470 1704 1518 1743 ᾧὴ
1531 1708 1592 1741 δόξα
1607 1710 1648 1741 είς
1664 1710 1729 1741 τοὺς
1746 1710 1856 1742 αἰῶνας.

1073 1753 1167 1790 Ἀμήν.

1373 1846 1481 1873 ΛΟΓΟΣ
1496 1846 1533 1873 Ε’.

1064 1911 1117 1944 Εἰς
1129 1910 1186 1945 τὴν
1200 1912 1373 1946 φωτοφόρον
1385 1912 1434 1939 καί
1449 1912 1537 1947 ἁγίαν
1549 1912 1722 1940 ἀνάστασιν
1731 1914 1788 1941 τοῦ
1801 1916 1856 1942 Κυ-

1283 1947 1352 1981 ρίου
1371 1947 1420 1974 καὶ
1437 1947 1511 1974 Θεοῦ
1532 1947 1623 1982 ἡμῶν.

1101 2024 1251 2059 Εὐλογητος
1264 2024 1367 2058 δΘεός.
1381 2025 1591 2060 Εὖφημήσωμεν
1604 2025 1725 2061 τήμερον
1738 2027 1785 2053 τὸν
1799 2027 1854 2053 Mo-

1067 2071 1163 2105 νογενῆ
1176 2071 1252 2102 Θεὸν,
1267 2071 1312 2097 τὸν
1329 2071 1383 2096 τῶν
1401 2071 1534 2106 οὐρανίων
1556 2072 1719 2107 γεννήτορα,
1733 2073 1781 2099 τὸν
1798 2073 1853 2099 τῶν

1066 2116 1188 2150 κρυφίων
1205 2115 1324 2150 λαγόνων
1349 2116 1398 2149 τῆς
1424 2117 1475 2151 γῆς
1499 2116 1704 2151 ὑπερκύψαντα,
1728 2118 1776 2143 καὶ
1793 2120 1853 2150 ταῖς

227 2157 356 2188 emersit,
374 2161 400 2184 et
414 2158 574 2186 clarissimis
592 2159 675 2186 radiis
689 2159 781 2186 orbem
795 2163 930 2187 terrarum
946 2169 1011 2196 ope-

1065 2162 1227 2196 φαοσφόρυις
1239 2162 1328 2188 ἀκτῖσι
1340 2161 1388 2196 τὴν
1394 2161 1457 2196 ὅλην
1471 2162 1632 2197 οἰκουμένην
1641 2163 1851 2190 ὲπισκιάσαντα.

228 2203 292 2229 ruit.
313 2203 488 2230 ticlebremus
514 2204 595 2232 hodie
610 2205 775 2239 sepulturam
799 2204 946 2241 Unigeuiti,
969 2214 1014 2235 re-

228 2249 424 2275 surrectionem
449 2249 578 2287 vigturis,
605 2250 734 2284 gaudium
764 2251 858 2278 mundi
882 2257 908 2280 et
930 2252 1013 2280 vitam

228 2293 350 2328 gentium
364 2291 672 2323 mundi.'Celebreums
691 2295 773 2324 hodie
797 2303 860 2323 eum
885 2297 931 2332 qui
949 2306 1013 2332 pec-

228 2342 320 2366 eatum
347 2339 482 2366 induerat.
509 2340 685 2368 Celebremus
701 2341 780 2369 hodie
798 2341 844 2370 Dei
871 2341 989 2370 Verbum
1003 2364 1012 2376 ,

227 2385 299 2419 quod
315 2384 408 2411 mundi
426 2385 588 2419 sapientiam
600 2386 690 2420 arguit
703 2406 710 2418 ,
731 2387 925 2421 prophetarum
941 2396 1010 2423 pra:-

226 2430 373 2458 dictiouem
411 2430 584 2457 confirmavit
603 2450 611 2464 ,
649 2432 834 2466 apostolorum
871 2433 1008 2460 vinculum

226 2476 394 2509 connexuit,
415 2475 544 2504 Ecclesia:
565 2477 745 2510 vocationem,
762 2477 881 2513 Spiritus
894 2480 1008 2514 gratiam

226 2522 383 2556 explicavit.
398 2521 468 2549 Ecce
483 2523 554 2549 enim
568 2530 617 2549 nos
632 2523 678 2557 qui
691 2523 755 2550 olim
768 2524 848 2551 alieni
869 2532 883 2551 a
901 2524 947 2551 Dei
960 2533 1009 2552 no-

227 2569 284 2594 titia
304 2575 425 2599 eramus,
446 2566 531 2594 Deum
552 2568 731 2602 agnovimus,
755 2574 781 2595 et
795 2569 859 2596 olim
876 2570 1007 2605 scriptum

226 2613 374 2648 perfectum
384 2616 442 2640 est:
455 2611 671 2645 Reminiscentur,
683 2618 707 2640 et
720 2619 902 2642 convertentur
916 2616 950 2642 ad
960 2616 1008 2642 Do-

225 2660 324 2686 minum
348 2666 436 2685 omnes
454 2658 518 2693 ﬁnes
541 2663 675 2695 tentent
688 2660 837 2688 adorabunt
855 2662 882 2688 in
901 2670 1008 2696 conspe-

224 2710 266 2732 ctu
279 2705 335 2739 ejus
350 2705 477 2732 universa:
489 2705 601 2739 familiw
616 2707 730 2740 gentium
743 2707 775 2734 ".
789 2707 874 2743 Cujus
893 2709 931 2736 rei
949 2716 1007 2736 me-

207 2778 209 2781 .
259 2791 270 2806 ²
282 2789 353 2819 Psal.
366 2799 442 2823 cun.
460 2791 486 2820 4.
524 2791 547 2807 ν
563 2790 635 2818 Psal.
657 2798 713 2823 χχι,
728 2790 773 2818 28.

1065 2208 1272 2243 Εὑφημήσωμεν
1293 2209 1410 2243 τήμερον
1425 2209 1473 2243 τὴν
1496 2208 1585 2243 ταφὴν
1599 2209 1646 2235 τοῦ
1668 2210 1850 2243 Μονογενοῦς,

1062 2253 1111 2289 τὴν
1125 2253 1272 2280 ἀνάστασιν
1298 2253 1344 2279 τοῦ
1359 2252 1477 2288 νικητοῦ,
1494 2254 1543 2289 τὴν
1559 2254 1644 2288 χαρὰν
1667 2254 1713 2281 τοῦ
1736 2255 1851 2290 κόσμου,

1061 2299 1110 2334 τὴν
1130 2299 1201 2334 ζωὴν
1216 2299 1270 2325 τῶν
1285 2299 1368 2325 ἐθνῶν
1384 2298 1432 2325 τοῦ
1448 2299 1561 2336 κόσμου.
1579 2300 1793 2334 Εὑφημήσωμεν
1806 2302 1851 2335 τή-

1063 2353 1144 2378 μερον
1157 2344 1201 2370 τὸν
1218 2344 1266 2378 τὴν
1283 2344 1419 2379 ἁμαρτίαν
1431 2345 1620 2379 ὲνδυσάμενον.
1636 2344 1849 2380 Εὐφημήσωμεν

1061 2391 1180 2425 τήμερον
1197 2391 1243 2417 τὴν
1258 2390 1325 2416 Θεὸν
1338 2391 1434 2424 Λόγον,
1450 2391 1479 2422 ὃς
1499 2391 1548 2426 τὴν
1562 2390 1610 2417 τοῦ
1627 2391 1731 2426 κόσμου
1755 2392 1850 2425 σοφίαν

1061 2434 1172 2469 ἤλεγξε·
1201 2434 1254 2460 τῶν
1283 2434 1430 2470 προφητῶν
1453 2435 1503 2470 τὴν
1530 2435 1682 2470 πρόρρησιν
1709 2436 1846 2471 ἐκύρωσε·

1059 2478 1113 2505 τῶν
1127 2478 1283 2505 ἀποστόλων
1297 2478 1343 2504 τὸν
1361 2477 1509 2514 σύνδεσμον
1524 2479 1682 2514 συνήθροισε
1693 2488 1701 2496 ’
1717 2479 1768 2514 τῆς
1788 2480 1850 2506 Ἐκ-

1060 2524 1173 2559 κλησίας
1189 2525 1237 2560 τὴν
1261 2525 1366 2560 κλῆσιν,
1385 2525 1431 2551 τοῦ
1454 2526 1611 2560 Πνεύματος
1625 2525 1675 2561 τὴν
1696 2526 1778 2561 χάριν
1802 2527 1848 2560 ἐφ-

1061 2569 1179 2604 ήπλωσε.
1204 2569 1268 2595 Ἰδοὺ
1286 2569 1340 2604 γὰρ
1358 2570 1436 2605 ἡμεῖς
1452 2570 1480 2596 οἵ
1490 2578 1554 2597 ποτε
1567 2570 1636 2603 ξένοι
1650 2569 1701 2604 τῆς
1715 2569 1763 2596 τοῦ
1783 2570 1847 2596 Θεοῦ

1062 2613 1244 2648 ἐπιγνώσεως,
1265 2615 1310 2640 τὸν
1331 2613 1397 2640 Θεὸν
1419 2614 1596 2649 ἐπέγνωμενσ
1612 2615 1658 2640 καὶ
1674 2615 1707 2640 τὸ
1726 2623 1848 2650 γεγραμ-

1063 2660 1143 2694 μένον
1158 2660 1350 2696 πεπλήρωται·
1377 2661 1614 2694 Μνησθήσονται
1638 2661 1688 2687 καὶ
1711 2662 1848 2693 ἐπιστρα-

1061 2704 1209 2738 φήσονται
1218 2706 1292 2740 πρὸς
1305 2707 1413 2740 Κύριον
1425 2707 1523 2733 πάντα
1537 2706 1572 2734 τὰ
1587 2714 1698 2741 nepam
1713 2706 1768 2741 τῆς
1779 2706 1847 2741 τῆς,
