1938 3082
195 120 246 149 687

830 113 860 141 S.
878 111 1039 141 GREGORH
1057 111 1203 140 NYSSENI

1776 110 1831 138 688

194 177 299 212 lignum
313 173 404 202 crucis
423 180 506 208 super
529 172 651 200 humeris
671 172 807 208 gestabat,
836 175 863 198 ut
887 175 982 206 tropm-

1038 170 1155 206 σταυροῦ
1171 170 1217 197 ἐπὶ
1239 170 1292 196 τῶν
1316 169 1399 205 ὤμων
1421 169 1553 197 ἐϐάστασε
1571 169 1601 196 τδ
1616 168 1687 196 κατά
1703 168 1752 196 τοῦ
1772 171 1831 197 δια-

195 230 240 250 unt
274 220 406 248 adversus
422 218 580 250 diabolum;
607 225 670 245 cum
694 224 826 245 coronam
853 224 869 244 e
896 216 984 251 spinis

195 269 384 303 imposuerunt
408 265 445 297 ei,
466 264 514 300 qui
543 271 646 291 corona
666 263 750 290 donat
770 270 819 290 eos
836 261 884 297 qui
899 260 985 289 conti-

195 313 264 340 dunt
285 311 314 339 in
344 311 422 346 ipso;
445 310 557 345 quando
582 316 704 345 purpura
727 308 876 336 induerunt
901 315 984 340 eum,

195 358 242 394 qui
252 357 489 386 immortalitatem
501 355 617 390 largitur
644 354 679 382 iis
692 375 699 387 ,
714 353 762 389 qui
789 356 987 388 regenerantur

195 412 227 431 ex
240 410 310 438 aqua
325 407 353 430 et
366 401 471 437 Spiritu
486 406 582 429 sancto
594 401 622 433 7;
641 399 752 435 quando
773 398 934 426 suﬂlxerunt
952 398 985 426 li~

195 456 249 484 gno
263 449 326 475 vitae
341 447 472 482 necisque
488 445 634 474 Dominum
642 445 664 473 ⁸.
680 444 797 478 Quando
815 443 867 471 fuit
892 443 983 479 inglo-

196 493 275 521 rius?
300 493 368 520 Cum
392 492 506 525 milites,
527 491 647 519 caelestis
673 489 811 518 exercitus
838 489 986 524 imperato-

197 545 253 566 rem
269 538 414 566 illudentes
428 537 640 571 triumpharent.
654 535 770 570 Quando
795 535 846 562 fuit
868 535 985 571 ignomi-

197 584 314 611 niosus?
336 583 404 611 Cum
433 580 564 618 adjuncta
591 582 720 610 arundini
744 581 870 617 spongia,
899 589 986 616 eaque

197 635 274 657 aceto
290 629 443 657 madefacta
459 633 553 663 potum
565 628 591 656 ei
605 627 751 660 dederunt,
766 632 793 655 et
819 626 854 654 fel
879 626 986 654 obtule-

196 679 261 702 runt
274 675 303 702 ci
316 675 361 709 qui
374 681 474 701 manna
495 673 605 702 abunde
620 673 687 708 ipsis
704 672 860 706 infuderat;
875 671 985 707 quando

196 724 279 755 petra:
296 720 412 755 dirupta;
427 722 507 751 sunt,
524 723 550 746 et
572 718 662 746 velum
684 718 777 753 templi
794 719 914 746 scissum
930 721 983 751 est,

196 765 274 800 quasi
298 764 496 800 ﬂagitiosorum
521 763 663 790 audaciam
692 767 854 798 stuperent;
874 762 983 798 quando

197 811 265 838 luxit
276 810 330 841 sol,
346 814 372 837 et
387 809 529 844 caliginem
543 814 672 843 tanquam
690 815 801 836 saccum
814 808 915 840 induit,
930 807 981 836 Ju-

197 857 318 895 dacorum
335 855 442 882 ruinam
460 854 621 889 deplorans:
637 854 696 882 dies
709 854 781 882 enim
803 854 862 889 ipse
877 854 983 882 lamen-

197 901 307 929 tabatur
318 900 475 928 Judazorum
486 907 638 933 aerumnas;
658 907 721 927 cum
739 900 767 927 in
786 900 878 928 medio
895 900 980 928 latro.

196 954 261 973 num
281 946 335 973 vita
351 945 479 981 penderet
498 954 504 972 :
522 945 608 975 altero
621 946 731 980 quidem
748 946 938 979 conviciante,
955 949 983 974 et

196 992 372 1027 obloquente,
397 991 482 1018 altero
497 998 562 1018 vero
574 990 735 1026 pmnitentia
751 991 908 1026 paradisum
933 991 983 1018 de-

197 1037 345 1072 pta'danto.
377 1036 491 1070 Quando
506 1035 557 1063 fuit
580 1035 735 1070 inglorius?
752 1035 868 1068 Quando
883 1042 984 1070 corpus

196 1083 257 1117 ejus
277 1082 426 1117 sepultura
447 1080 577 1108 traditum
591 1085 643 1108 est.
668 1080 783 1115 Quatqu
807 1079 858 1107 fuit
880 1080 984 1116 ignobi-

198 1129 232 1156 lis
244 1128 256 1155 ‘i
269 1128 337 1155 Cum
353 1127 452 1155 milites
468 1126 558 1161 ipsum
580 1126 781 1158 custodierunt,
796 1130 822 1153 et
837 1131 907 1153 terra
920 1134 983 1154 eum

197 1172 351 1205 abscondit,
370 1172 416 1207 qui
433 1178 516 1206 super
536 1170 617 1206 aquis
631 1175 733 1198 terram
750 1170 914 1204 fundaverat
930 1180 937 1199 :
956 1176 984 1198 et

197 1225 259 1245 cum
275 1217 391 1253 apostoli
405 1217 575 1244 occultarent
586 1224 626 1247 se,
642 1220 669 1243 et
683 1216 863 1243 tentationum
880 1217 984 1251 magni-

197 1262 318 1293 tudinem
340 1262 411 1290 l'erre
429 1270 482 1289 non
498 1265 619 1297 possent.
638 1260 690 1289 Sed
710 1261 770 1289 vide
783 1282 792 1295 ,
804 1261 984 1295 cliarissitle,

196 1308 245 1336 Dei
260 1307 404 1340 miracula,
421 1311 448 1334 ct
472 1310 534 1341 post
553 1307 709 1341 passionem
727 1326 734 1339 ,
756 1306 854 1334 laetitiae
873 1314 984 1334 succes-

197 1361 245 1381 sus
271 1352 478 1388 profectusque.
508 1351 651 1386 lgnobilis-
676 1352 703 1379 in
739 1352 874 1379 claritatis
899 1352 984 1380 decus

197 1403 317 1427 inuitatus
333 1402 386 1431 est,
402 1403 430 1426 et
444 1397 539 1425 mundi
563 1397 693 1432 gaudium
712 1397 866 1425 immortale
880 1398 983 1425 excita-

197 1451 253 1473 tmn
268 1449 311 1474 est
327 1453 389 1472 cum
406 1452 533 1480 corpore.
551 1444 628 1471 Tunc
642 1444 772 1479 parturiit
787 1447 870 1475 terra,
883 1447 910 1471 et
923 1443 983 1471 dies

1036 216 1113 242 θόλου
1127 216 1257 250 τρόπαιον
1267 222 1273 229 ·
1294 215 1339 241 ὅτε
1355 215 1485 248 στέφανον
1499 215 1527 248 ἐξ
1540 214 1666 242 ἀκανθῶν
1682 214 1830 249 περιέϐαλ-

1035 261 1080 288 λον
1094 261 1133 296 τῷ
1147 260 1321 295 στεφανοῦντι
1334 260 1397 291 τοὺς
1415 260 1579 291 πεποιθότας
1599 260 1642 287 ἐπ’
1661 260 1744 286 αὐτόν
1755 268 1764 276 ·
1785 261 1830 287 ὅτε

1037 306 1179 342 πορφύραν
1195 306 1324 333 ἐνέδυσαν
1338 305 1384 332 τὸν
1397 305 1552 340 ἀφθαρσίαν
1567 306 1623 337 τοῖς
1637 305 1830 341 ἀναγεννωμέ-

1036 358 1091 381 νοις
1107 350 1140 376 δι’
1163 349 1257 381 ὕδατος
1279 350 1326 376 καὶ
1347 349 1505 384 Πνεὺμτος
1527 349 1605 384 ἁγίου
1630 349 1828 385 χαριζόμενον·

1036 396 1080 423 ὅτε
1091 395 1271 431 προσήλωσαν
1284 394 1323 430 τῷ
1338 394 1407 430 ξύλῳ
1422 395 1468 421 τὸν
1489 394 1561 430 ζωῆς
1575 395 1622 422 καὶ
1644 395 1690 422 τοῦ
1710 394 1830 422 θανάτου

1037 442 1137 477 Κύριον
1156 442 1322 477 ὑπάρχοντα.
1347 441 1417 467 Πότε
1438 438 1473 476 ἦν
1491 440 1605 476 ἀτιμος;
1625 441 1690 468 Ὅτε
1712 441 1829 478 ἐθριάμο

1036 488 1114 514 σευον
1136 487 1316 523 ἐμπαίζοντες
1337 488 1361 513 οἱ
1385 486 1549 522 στρατιῶται
1570 487 1615 514 τὸν
1631 488 1681 524 τῆς
1698 489 1829 524 στρατιᾶς

1035 532 1089 559 τῶν
1107 531 1230 568 οὐρανῶν
1245 532 1388 567 δεσπότην.
1415 532 1484 559 Πότε
1506 530 1540 568 ἦν
1562 533 1675 568 ἀτιμος;
1693 533 1758 560 ὀτι
1779 542 1829 560 κα-

1035 578 1114 613 λάμῳ
1134 578 1292 614 περιθέντες
1307 578 1436 612 σπόγγον,
1452 578 1640 614 ἐμπλήσαντες
1660 578 1741 612 ὄξους
1763 580 1828 605 ἐπό-

1021 624 1107 656 ’τιςον
1122 623 1213 656 αὐτὸν,
1229 624 1277 650 καὶ
1295 623 1376 659 χολὴν
1391 623 1492 651 ἐδίδουν
1512 624 1558 650 τὸν
1580 624 1610 651 τὺ
1628 625 1716 659 μάννα
1737 625 1830 655 αὐτοῖς

1034 669 1261 705 ἐπομϐρήσαντα·
1285 669 1330 696 ὅτε
1353 669 1382 696 αἱ
1407 669 1505 704 πέτραι
1525 670 1703 705 ἐρρήγνυντο,
1727 669 1776 696 καὶ
1800 669 1830 695 τὸ

1033 714 1233 749 καταπέτασμα
1249 713 1296 740 τοῦ
1310 714 1375 741 ναοῦ
1390 715 1512 750 ἐσχίζετο
1526 734 1534 746 ,
1548 715 1602 741 τῶν
1617 714 1765 750 ἀλιτηρίων
1779 714 1829 749 τὴν

1033 760 1134 795 τόλμαν
1156 759 1379 795 ἐκπληττόμενα·
1402 760 1447 786 ὅτε
1468 760 1483 786 ὁ
1499 760 1574 795 ἥλιος
1598 759 1706 786 ἐᾶνθει
1735 759 1829 786 καὶτὸ

1036 804 1130 836 σκότος
1140 804 1178 836 ὼς
1192 804 1293 831 σάκκον
1304 804 1434 837 ἐνεδύετο,
1446 805 1552 832 πενθῶν
1560 805 1610 840 τὴν
1622 805 1677 832 τῶν
1693 805 1831 832 Ἰουδαίωι

999 839 1020 870 Β
1034 850 1202 877 ἀπόπτωσιν.
1240 850 1364 885 Ἑθρήνει
1387 850 1442 886 γὰρ
1461 851 1478 886 ἡ
1502 839 1594 886 ἡμέρα
1614 851 1663 883 τὰς
1693 851 1830 877 Ἰουδαίων

1035 892 1194 931 συμφορὰς,
1217 896 1262 922 ὅτε
1280 896 1309 922 ἐν
1334 895 1408 931 μέσῳ
1425 896 1531 931 λῃστῶν
1554 897 1571 932 ὴ
1588 895 1644 932 ζωὴ
1669 896 1829 932 ἐκρέματο·

1033 941 1082 968 τοῦ
1106 942 1155 975 μὲν
1169 941 1343 973 ὀνειδίζοντος
1364 942 1412 968 καὶ
1435 941 1667 975 καταλαλοῦντος,
1690 942 1737 969 τοῦ
1752 943 1781 969 δὲ
1796 944 1829 978 τῇ

1036 988 1166 1023 μετανοίᾳ
1185 987 1361 1023 ληστεύοντος
1377 987 1423 1014 τὸν
1445 988 1618 1023 παράδεισον.
1633 988 1701 1015 Πότε
1716 986 1751 1024 ἦν
1774 988 1830 1015 ἀτι-

1036 1041 1100 1068 μος;
1117 1033 1180 1059 Ὅτε
1193 1032 1223 1059 τδ
1236 1032 1314 1068 σῶμα
1334 1032 1402 1068 πρὸς
1421 1033 1510 1068 ταφὴν
1522 1033 1629 1060 ἐδίδοτο.
1645 1032 1714 1059 Πότε
1722 1031 1757 1068 ἢν
1770 1033 1831 1059 ἄτι-

1036 1087 1102 1114 μος;
1116 1079 1181 1105 Ὅτε
1196 1078 1360 1114 στρατιῶται
1376 1078 1535 1113 ἐφύλαττον,
1551 1078 1597 1105 καὶ
1610 1078 1627 1114 ἡ
1641 1079 1678 1114 γῆ
1692 1079 1830 1114 κατέκρυ-

1035 1133 1100 1151 πτεν
1110 1125 1157 1151 τὸν
1177 1124 1226 1160 τὴν
1239 1124 1291 1160 γῆν
1310 1124 1357 1150 ἐπὶ
1369 1124 1423 1151 τῶν
1438 1124 1542 1151 ὑδάτων
1558 1124 1711 1160 ἐδράσαντα
1721 1133 1728 1140 ·
1743 1125 1789 1151 ὅτε
1805 1126 1829 1151 oi

1034 1170 1176 1197 ἀπόστολοι
1191 1170 1367 1205 ἐκρύπτοντο,
1383 1170 1438 1198 τῶν
1453 1171 1614 1206 πειρασμῶν
1629 1171 1675 1198 τὸν
1694 1171 1779 1205 ὄγκον
1799 1172 1829 1198 οὐ

1034 1215 1178 1251 δυνάμενοι
1192 1216 1296 1252 φέρειν.
1317 1216 1396 1242 Ἀλλὰ
1409 1216 1470 1251 ὅρα,
1494 1216 1628 1252 ἀγαπητὲ,
1643 1216 1691 1243 τοῦ
1707 1216 1777 1243 Θεοῦ
1796 1218 1831 1244 τὰ

1035 1261 1172 1297 θαύματα,
1190 1262 1236 1288 καὶ
1251 1261 1319 1297 μετὰ
1333 1262 1364 1288 τὸ
1380 1261 1466 1293 πάθος
1476 1262 1526 1297 τῆς
1538 1263 1624 1297 χαρᾶς
1638 1262 1673 1288 τὰ
1687 1262 1831 1298 κατορθώ-

1036 1316 1119 1342 ματα.
1145 1307 1175 1334 '0
1200 1307 1296 1342 ἀτιμος
1319 1308 1358 1340 εἰς
1381 1307 1502 1340 εὐδοξίαν
1528 1307 1717 1343 μετεϐάλλετο,
1739 1308 1790 1335 καὶ
1813 1310 1831 1344 η

1034 1353 1081 1379 τοῦ
1098 1352 1202 1388 κόσμου
1216 1353 1288 1388 χαρὰ
1305 1353 1442 1389 ἄφθαρτος
1461 1354 1609 1389 ἐγήγερται
1624 1354 1692 1389 μετά
1704 1353 1753 1380 τοῦ
1778 1354 1831 1380 σώ-

1036 1407 1129 1433 ματος.
1144 1399 1210 1425 Τότε
1222 1399 1317 1426 ὤδινεν
1330 1400 1347 1434 ἡ
1367 1399 1413 1434 γῆ,
1428 1400 1475 1426 καὶ
1496 1400 1680 1435 ὲκυοςρόρησεν
1692 1401 1710 1435 ἡ
1725 1401 1829 1436 ἡμέρα,

1035 1444 1082 1473 καὶ
1097 1444 1252 1471 ἀπέπτυσεν
1265 1445 1280 1471 ὁ
1293 1444 1406 1476 θάνατος
1422 1445 1472 1481 τὴν
1486 1445 1594 1472 πάντων
1616 1445 1702 1481 ζωήν,
1720 1447 1760 1473 Οὐ
1775 1446 1832 1481 γὰρ

194 1491 333 1527 concepit,
344 1495 370 1518 et
381 1497 456 1518 mors
469 1490 582 1525 regessit
596 1489 718 1517 omnium
733 1489 826 1516 vitam.
841 1488 901 1516 Non
910 1489 981 1516 enim

1034 1488 1068 1526 ἦν
1084 1490 1194 1517 δυνατὸν
1211 1491 1370 1526 κρατεῖσθαι
1397 1492 1449 1518 ὑπὸ
1471 1492 1517 1519 τοῦ
1541 1492 1656 1519 θανάτου
1676 1492 1723 1519 τὸν
1739 1492 1831 1519 πάντα

197 1537 253 1563 licri
270 1539 379 1571 poterat
403 1540 433 1572 ut
452 1535 476 1562 is
498 1542 513 1561 a
531 1538 618 1562 morte
640 1534 817 1565 detineretur.
835 1534 882 1569 qui
902 1534 984 1561 verbo

197 1586 270 1610 tenet
302 1581 406 1608 omnia.
444 1580 620 1607 Celebremus
640 1580 723 1614 igitur
756 1580 983 1607 resurrectionem

197 1628 280 1654 tertio
301 1626 460 1654 die'l'actam
477 1645 484 1658 ,
511 1629 619 1652 aeternae
634 1626 696 1652 vita:
709 1625 932 1652 conciliatricem.
950 1624 984 1651 Ut

196 1674 267 1700 cnim
285 1672 368 1699 Maria
383 1671 430 1699 Dei
446 1679 556 1706 parens,
577 1670 754 1706 virginalibus
770 1675 851 1705 atque
863 1671 984 1705 innuptis

197 1718 330 1754 partubus
356 1723 411 1746 non
438 1716 548 1747 solutis,
562 1715 608 1742 Dei
621 1716 759 1743 voluntate
778 1720 805 1742 et
816 1716 904 1743 sancti
919 1715 983 1750 Spi-

200 1766 270 1792 ritus
290 1754 387 1799 gratia
420 1763 514 1799 genuit
533 1762 694 1790 saeculorum
728 1761 850 1796 opiﬁcem
864 1782 871 1792 .
884 1769 916 1789 ex
930 1761 984 1789 Deo

202 1811 286 1838 Deum
308 1809 427 1837 Verbum
443 1816 450 1834 :
466 1809 506 1836 sic
531 1808 613 1835 etiam
628 1813 697 1835 terra
714 1817 745 1835 cr
763 1808 879 1843 propriis
904 1815 984 1842 pene-

197 1855 325 1887 tralibus,
343 1854 400 1881 fetu
418 1855 514 1881 m‘ortis
525 1853 610 1886 edito,
626 1853 719 1881 herum
738 1853 891 1880 Judtcomm
906 1853 984 1888 jussa

196 1905 238 1928 est
250 1908 387 1928 exserere.
408 1898 514 1926 Etenim
531 1898 654 1926 detinere
674 1906 728 1925 non
744 1903 849 1933 poterat
863 1906 964 1933 corpus
975 1919 982 1930 ,

196 1946 270 1980 quod
281 1945 495 1973 immortalitatis
515 1944 671 1972 vehiculum
684 1945 835 1971 exstiterat.
849 1944 983 1977 Quocirca

196 2000 257 2019 cum
284 1991 415 2028 propinata
446 1991 529 2018 David
548 1990 669 2018 decentis
696 1994 784 2018 status
810 1991 983 2018 constitutio-

197 2046 268 2069 nem,
289 2037 385 2065 'nrortis
399 2036 576 2067 solutionem,
593 2040 621 2064 et
634 2036 771 2071 quondam
795 2044 934 2063 servorum
950 2037 982 2063 li-

197 2085 325 2112 bertatetn
338 2083 537 2114 consideraret,
553 2082 687 2110 exclamat
713 2086 741 2110 et
763 2083 898 2115 enttntiat’,’
928 2083 983 2110 Do-

195 2130 282 2156 minus
297 2129 412 2163 regnavit
425 2147 433 2158 .
451 2128 571 2155 decorem
586 2127 696 2155 indutus
710 2133 748 2155 est
761 2128 782 2155 ⁹.
803 2128 916 2161 Quaiem
936 2136 982 2156 ce-

1034 1537 1104 1571 λόγῳ
1114 1536 1274 1573 κρατοῦντα.
1291 1537 1482 1573 Ἐορτάσωμεν
1498 1537 1586 1564 τοίνυν
1596 1538 1658 1574 τριή
1663 1547 1695 1573 με
1700 1546 1748 1573 ρον
1761 1539 1829 1565 ἀνα-

1035 1589 1139 1613 στασιν,
1163 1581 1236 1617 ζωῆς
1249 1582 1360 1609 αίωνίου
1381 1583 1520 1618 πρόξενον.
1535 1583 1641 1618 Ὥσπερ
1656 1583 1711 1618 γὰρ
1733 1583 1830 1618 Μαρία

1035 1627 1052 1661 ὴ
1069 1626 1201 1660 θεοτόκος,
1223 1628 1388 1663 παρθενικὰς
1405 1628 1451 1655 καὶ
1473 1629 1661 1664 ἀωμφεὺτους
1676 1629 1776 1660 ὠδῖνας
1797 1629 1829 1655 οὗ

1034 1672 1138 1699 λύσασα
1159 1672 1283 1708 βουλήσει
1307 1674 1374 1700 Θεοῦ
1395 1675 1444 1701 καὶ
1465 1675 1621 1709 Πνεύματος
1638 1675 1731 1710 χάριτι
1752 1676 1830 1709 ἐγέν-

1034 1725 1098 1752 νησε
1113 1717 1159 1744 τον
1175 1718 1229 1744 τῶν
1246 1718 1351 1745 αίώνων
1365 1719 1489 1754 ποιητὴν,
1505 1719 1551 1745 τὸν
1565 1721 1597 1747 ἐκ
1611 1720 1678 1746 Θεοῦ
1693 1720 1760 1746 Θεὸν
1774 1721 1828 1747 Λό-

1034 1770 1092 1796 γον·
1114 1762 1201 1794 οὕτως
1221 1763 1269 1790 καὶ
1292 1764 1308 1798 ὴ
1333 1764 1381 1799 γῆ,
1405 1764 1501 1791 ἐκτῶν
1515 1765 1623 1791 οἰκείων
1634 1765 1756 1799 λαγόνων
1778 1766 1830 1798 τὰς

1034 1807 1131 1838 ὠδίνας
1153 1807 1200 1834 τοῦ
1216 1807 1332 1834 θανάτου
1353 1809 1469 1841 λύσασα,
1481 1809 1623 1836 ἀπέπτυσε
1647 1810 1828 1837 κελευσθεῖσα

1034 1853 1080 1880 τὸν
1095 1854 1148 1880 τῶν
1167 1854 1301 1881 Ἰουδαίων
1324 1855 1473 1891 δεσπότηνο
1489 1855 1518 1882 οὐ
1540 1855 1594 1892 γὰρ
1612 1856 1728 1892 ἠδύνατο
1760 1866 1829 1884 κατ-

1034 1899 1105 1934 έχειν
1123 1899 1221 1935 σῶμα,
1243 1902 1350 1936 φορεῖον
1373 1900 1521 1933 ἀθανασίας
1531 1901 1686 1938 γινόμενον.
1713 1903 1829 1930 Σκοπῶ-θ

1034 1945 1122 1970 τοίνυν
1144 1945 1158 1970 ό
1181 1946 1323 1980 προφήτης
1341 1945 1423 1972 Δαϐὶδ
1437 1946 1484 1981 τῆς
1499 1947 1665 1981 εὐπρεπείας
1683 1947 1734 1982 τὴν
1755 1947 1829 1982 διόρι

1035 1989 1127 2023 θωσιν,
1143 1990 1189 2017 τοῦ
1206 1990 1321 2018 θανάτου
1339 1991 1387 2026 τὴν
1402 1992 1488 2024 λύσιν,
1506 1992 1561 2019 τῶν
1575 2001 1639 2018 ποτε
1655 1992 1758 2020 δούλων
1776 1994 1829 2028 τὴν

1034 2033 1198 2068 ἐλευθερίαν,
1216 2034 1264 2070 βοᾷ
1277 2035 1324 2061 καὶ
1340 2034 1422 2069 λέγει·
1446 2036 1479 2062 '0
1493 2037 1600 2070 Κύριος
1613 2037 1826 2069 ἐϐασίλευσεν,

1033 2080 1214 2114 εὐπρέπειαν
1235 2080 1409 2108 ἐνεδύσατο.
1438 2081 1522 2108 Ποίαν
1541 2082 1708 2118 εὐπρέπειαν
1733 2083 1827 2110 ἐνεδύ-

1035 2133 1100 2151 σατο
1109 2133 1118 2158 ;
1128 2125 1183 2160 Τὴν
1193 2125 1357 2160 ἀφθαρσίαν,
1368 2126 1418 2160 τὴν
1432 2126 1592 2159 ἀθανασίαν,
1604 2127 1658 2154 τῶν
1667 2128 1827 2155 ἀποστόλων

196 2175 232 2202 do
245 2174 372 2201 decorem
389 2173 502 2201 induit?
517 2172 677 2207 Perpetuam
696 2173 888 2208 integritatem,
902 2178 983 2208 atque

1036 2166 1084 2206 τὴν
1101 2170 1261 2207 σύγκλητον,
1274 2171 1322 2206 τῆς
1339 2171 1500 2207 Ἐκκλησίας
1513 2173 1559 2199 τὸν
1570 2173 1710 2207 στέφανον.
1726 2174 1827 2201 Οὐκέτι

197 2219 447 2251 immortalitatem,
475 2219 661 2252 apostolorum
690 2223 790 2245 emtum
807 2238 815 2250 ,
854 2218 983 2245 Ecclesiae

196 2271 336 2292 coronam.
353 2264 411 2291 Non
425 2263 543 2297 amplius
561 2262 649 2291 Judas
663 2264 763 2298 prodit.
779 2263 838 2290 Non
865 2264 983 2299 amplius

195 2311 315 2345 Caiphas
329 2309 480 2336 minitatur.
492 2308 550 2335 Non
565 2309 681 2343 amplius
698 2309 818 2336 Ilerodes
842 2309 874 2336 ad
887 2317 983 2343 puero-

198 2363 257 2383 rum
273 2355 374 2382 czedem
388 2358 519 2380 armatur.
534 2353 592 2380 Non
607 2354 711 2388 judicat
728 2355 844 2388 amplius
858 2353 982 2388 Pilatus;

198 2408 286 2436 neque
302 2399 422 2434 amplius
434 2399 564 2428 Israelita
580 2399 640 2433 ipso
663 2399 814 2434 potiuntur.
836 2399 982 2427 Enimvero

197 2447 271 2480 quod
289 2445 387 2480 fragile
401 2449 429 2472 ct
444 2443 577 2472 caducum
591 2449 660 2476 erat,
683 2445 784 2472 factum
799 2450 842 2472 est
856 2446 983 2474 incorru-

197 2496 283 2526 ptum.
303 2489 372 2517 Tum
391 2489 437 2524 qui
452 2488 522 2523 apud
541 2493 587 2516 e‘os
602 2490 764 2516 censebatur
779 2491 859 2517 homo
876 2491 980 2523 nudus,

198 2536 268 2563 Deus
285 2543 369 2562 verus
390 2538 432 2561 est
458 2536 672 2562 demonstratus.
696 2533 799 2562 ldc’lrco
824 2543 874 2563 nos
899 2538 980 2564 etiam

196 2582 345 2608 clamamus
359 2588 366 2606 :
389 2579 502 2607 Ubinam
514 2585 573 2606 tuus
587 2584 635 2612 est,
655 2589 670 2606 ο
684 2588 764 2613 mors,
784 2582 892 2609 anticus
904 2583 916 2608 .9
932 2582 982 2609 Ubi

197 2632 243 2653 tua
260 2630 310 2656 ut,
334 2625 446 2658 inferne,
472 2624 584 2650 victoria
597 2624 619 2639 "
631 2624 642 2650 Τ
654 2623 778 2650 Decorem
798 2625 904 2652 induit:
933 2625 980 2652 1ης

195 2672 253 2698 duit
271 2671 399 2698 Dominus
429 2670 572 2703 potentiam
583 2689 590 2701 ,
608 2673 634 2696 et
648 2670 763 2696 accinxit
785 2671 854 2698 se“.
882 2670 980 2698 Poten-

196 2718 260 2744 tiam
276 2717 342 2744 dicit
358 2716 454 2743 salutis
469 2715 699 2750 dispensationem
716 2723 766 2749 per
785 2723 896 2743 mrnem
922 2716 979 2743 fac-

1040 2216 1140 2248 Ἰούδας
1156 2217 1335 2253 προδίδωσινο
1356 2217 1446 2244 οὐκέτι
1464 2218 1572 2252 Καῒψας
1591 2219 1714 2245 ἀπειλεῖ“
1733 2220 1826 2246 οὐκέτι

1035 2262 1149 2293 Πιλᾶτος
1165 2262 1280 2294 δικάζει,
1297 2262 1359 2289 οὐτε
1383 2263 1544 2299 Ἰσραηλῖται
1558 2264 1697 2300 κρατοῦσι.
1716 2265 1754 2292 To
1770 2266 1826 2301 γὰρ

1035 2306 1152 2341 φθαρτὸν
1167 2307 1276 2341 γέγονεν
1295 2307 1442 2343 ἄφθαρτον,
1457 2310 1502 2335 καὶ
1521 2310 1536 2335 ὸ
1555 2310 1619 2344 παρ’
1635 2309 1729 2341 αὐτοῖς
1748 2319 1826 2345 νομι-

1035 2352 1145 2387 ζόμενος
1156 2353 1298 2388 ἄνθρωπος
1308 2353 1394 2388 ψιλὸς,
1410 2355 1476 2386 Θεὸς
1487 2355 1673 2382 ἀποδέδεικται
1685 2356 1824 2391 ἀληθινός.

1034 2398 1079 2424 Διὸ
1095 2398 1142 2425 καὶ
1165 2399 1246 2434 ἡμεῖς
1263 2399 1378 2435 βοῶμεν·
1403 2401 1465 2427 Ποῦ
1488 2409 1556 2432 σου,
1573 2400 1693 2433 θάνατε,
1707 2403 1741 2428 τὸ
1757 2402 1825 2428 κέν-

1032 2451 1118 2477 τρον;
1146 2444 1205 2472 ποῦ
1223 2453 1291 2477 σου,
1312 2445 1380 2479 ᾔδη,
1397 2446 1430 2472 τὸ
1452 2446 1554 2479 νῖκος;
1578 2447 1605 2472 Ὁ
1629 2447 1740 2480 Κύριος
1759 2447 1826 2474 ὲϐιι-

1032 2490 1196 2521 σίλευσεν,
1229 2491 1410 2525 εὐπρέπειαν
1443 2492 1623 2519 ἐνεδύσατο⁰
1657 2493 1825 2520 ἐνεδύσατο

1032 2536 1138 2569 Κύριος
1152 2536 1288 2570 δύναμιν.
1307 2530 1355 2563 καὶ
1375 2537 1579 2571 περιεζώσατο.
1603 2538 1725 2574 Δύναμιν
1751 2539 1824 2573 λέγει

1031 2580 1079 2616 τὴν
1093 2581 1136 2608 διὰ
1162 2582 1261 2617 σαρκὸς
1284 2581 1449 2618 θ’ίκονομίαν.
1467 2584 1530 2610 Ὂτε
1548 2584 1603 2619 γὰρ
1624 2584 1734 2619 ἐκείνης
1748 2585 1825 2612 δυνα-

1030 2627 1148 2662 τώτερον
1171 2627 1262 2659 οὐδὲν,
1287 2627 1331 2654 διὰ
1352 2628 1477 2663 σώματος
1497 2631 1511 2655 ό
1530 2629 1675 2664 ἀσώματος
1694 2630 1825 2666 δαίμονας

1031 2672 1175 2698 κατέϐαλε·
1200 2672 1244 2698 διὰ
1268 2674 1384 2709 σταυρὸν
1407 2674 1456 2706 τὰς
1472 2675 1663 2709 ἀντικειμένας
1691 2676 1823 2712 δυνάμεις

1030 2717 1264 2762 ἐξεπολιόρκησεν.
1288 2719 1395 2755 Ἐπειδὴ
1412 2720 1466 2755 γὰρ
1486 2721 1519 2747 τὰ
1543 2721 1640 2757 πρῶτα
1657 2721 1765 2749 ὲκλόνει
1778 2723 1825 2758 τὴν

230 2804 240 2819 '
256 2802 308 2830 Tit.
323 2811 363 2833 Ill.
386 2802 409 2830 5.
447 2802 529 2830 Ἀρι.
546 2811 584 2835 ιιι,
599 2803 640 2831 15.
688 2805 698 2820 ⁵
711 2802 782 2831 ΡειΙ.
797 2809 861 2836 xcu,
875 2803 899 2830 ί.
922 2803 943 2819 ⁸⁸
961 2803 1044 2832 lCor.
1062 2813 1105 2837 xv,
1121 2806 1165 2833 55.
1206 2807 1226 2822 "
1243 2805 1314 2834 Psal.
1333 2815 1397 2839 xcu,
1416 2807 1440 2834 Ι.
