1938 3082
143 70 201 100 689

731 81 764 108 IN
782 82 919 112 CHRISTI
941 86 1194 117 ASCENSIONEM.

1726 94 1779 122 693

139 128 197 186 ζῆν
225 129 245 186 η
268 129 399 186 ἁμαρτία,
425 133 543 166 ἀναστὰς
568 135 582 160 ὁ
606 135 707 172 Κύριος
730 137 808 173 ἡμῶν
836 139 923 175 Ἰησοῦ

992 147 1057 170 tam.
1070 144 1295 186 Quandoquidem
1312 146 1379 173 nihil
1397 146 1442 173 illa
1453 147 1600 181 potentius.
1615 147 1666 177 Per
1676 157 1779 186 corpus

141 173 281 208 Χριστὸς,
309 175 399 208 καθὼς
427 180 566 212 προεῖπεν,
591 180 756 216 ἐστερέωσεν
782 173 871 219 αὐτὴν
899 185 938 220 τῷ

142 217 216 254 ξύλῳ
236 219 284 246 τοῦ
306 222 434 257 σταυροῦ,
459 224 558 259 μηκέτι
582 227 650 262 πρὸς
672 227 777 254 ὕλισθον
799 217 935 262 ἀπῷλείαξ

141 263 282 298 βαδίζειν,
314 267 382 303 μήτε
408 270 524 305 χειμῶσι
550 271 601 306 τῆς
637 271 740 308 πλάνης
769 273 935 309 ριπίζεσθαι.

139 309 279 347 Μάρτυρα
293 312 320 339 δὲ
333 313 381 340 τοῦ
392 313 471 349 λόγου
486 316 531 343 τὸν
546 316 680 353 μακάριον
705 318 809 346 Παῦλον
829 320 936 354 ἀγάγω-

140 365 204 391 μεν,
230 357 344 392 λέγοντα
358 359 468 393 ἁπλῶς·
488 362 539 388 Δεῖ
558 363 613 398 γὰρ
635 364 669 390 τὸ
689 365 820 399 φθαρτὸν
846 367 934 394 τοῦτο

137 401 326 447 ἐνδύσασθαι
342 406 522 441 ἀφθαρσίαν.
541 409 587 436 Διὺ
599 410 645 436 καὶ
658 411 672 437 ὁ
684 411 837 446 Ψαλμῳδδς
849 412 933 447 λέγει·

138 446 281 483 Ἔτοιμος
292 451 309 476 ὁ
321 451 427 485 θρόνος
446 461 506 480 σου
516 454 575 481 ἀπὸ
590 456 657 483 τότε
668 464 676 470 ·
689 457 748 484 ἀπὸ
762 457 815 485 τοῦ
826 446 935 492 αἰῶνος

136 492 180 538 σὺ
192 493 230 520 εἷ·
251 495 309 528 καὶ,
331 495 366 523 Ἠ
384 497 530 529 ,βασιλεία
547 508 616 534 σου,
634 502 780 534 ,βασιλεία
800 503 932 538 αἰώνιος,

135 537 206 572 ἥτις
222 540 259 567 οὐ
278 540 523 577 διαφθαρήσεται.
539 546 595 573 Καὶ
623 547 720 576 πάλιν·
745 549 774 577 Ἡ
791 537 934 582 βασιλεία

134 592 210 618 σου,
227 585 374 617 ,βασιλεία
395 589 518 618 πάντων
532 591 593 619 τῶν
611 593 736 621 αἰώνων.
758 594 813 621 Καὶ
838 595 930 623 πάλιν

140 628 175 656 ὐ
201 631 309 665 Κύριος
331 633 550 669 ἐϐασίλευσεν,
572 637 804 673 ἀγαλλιασθήτω
831 642 851 675 ἠ
880 641 930 676 γῆ,

132 676 394 711 εὐφρανθήτωσαν
408 680 500 715 νῆσοι
516 684 639 710 πολλαί.
656 684 718 711 Ὀτι
735 685 810 721 αὐτῷ
829 687 846 721 ἡ
866 686 930 720 δόξα

142 721 192 748 καὶ
208 722 239 748 τὸ
254 723 365 759 κράτος.
388 726 484 762 Ἀμήν.

990 188 1063 215 cnim
1078 183 1146 217 liber
1158 197 1173 216 a
1185 197 1300 225 corpore
1313 191 1453 220 dazmonas
1464 192 1579 229 depulit.
1595 194 1649 223 Per
1665 203 1777 224 crucem

988 233 1128 268 oppositas
1159 239 1307 270 potestates
1333 237 1450 265 obsedit.
1481 238 1548 266 Nam
1565 241 1693 276 quoniam
1720 243 1777 278 pri-
1836 255 1843 262 ι

989 285 1063 305 mum
1076 282 1178 306 terram
1196 286 1375 308 concusserat
1394 286 1547 318 peccatum,
1567 290 1713 322 resurgens
1723 287 1775 314 Do-

989 323 1079 351 minus
1094 328 1187 352 nostcr
1202 325 1282 354 Jesus
1296 325 1434 360 Gliristus,
1450 333 1479 355 ut
1494 329 1667 365 pradixerat,
1689 333 1776 360 stabi-

985 368 1046 396 Yivit
1065 369 1152 405 ipsam
1172 371 1245 406 ligno
1273 371 1384 405 crucis,
1414 381 1449 401 ne
1465 374 1520 402 ullo
1542 384 1662 411 unquam
1695 377 1771 412 lapsu

986 421 1108 449 praeceps
1125 415 1152 442 in
1171 416 1318 450 perniciem
1335 422 1447 452 rueret,
1461 426 1549 454 neque
1569 421 1672 449 erroris
1703 425 1772 449 tem-

983 459 1137 494 pestatibus
1153 461 1314 495 agitaretur.
1331 461 1439 490 Testem
1455 471 1519 491 vero
1546 465 1681 493 dictorum
1709 475 1773 502 pro-

983 505 1116 533 ducamus
1132 506 1241 534 beatum
1271 506 1384 534 Paulum
1408 509 1524 537 aientem
1542 520 1548 538 :
1568 510 1676 546 Oportet
1702 513 1772 540 enim

983 551 1153 586 corruptibile
1168 552 1216 579 hoc
1232 553 1338 581 induere
1355 554 1642 588 incorruptibilitatem,
1659 561 1684 583 et
1702 564 1772 583 moe-

981 597 1035 623 tale
1044 597 1092 624 hoc
1108 598 1215 625 induere
1232 599 1460 626 immortalitatem
1471 600 1502 626 ".
1518 599 1635 636 Ideoque
1647 601 1770 629 Psalmo-

979 642 1100 678 graphus
1115 645 1164 677 ait,
1183 643 1286 672 Parata
1297 650 1337 672 est
1351 645 1424 672 sedes
1439 650 1487 672 tua
1500 654 1532 672 ea:
1545 651 1606 673 tunc
1618 655 1628 679 ;
1642 656 1658 674 a
1673 646 1770 674 uacula

981 693 1008 715 tu
1021 697 1048 716 es
1060 690 1099 715 “z
1113 694 1150 723 et,
1171 689 1287 725 Regnum
1303 695 1386 723 tuum,
1405 700 1514 727 regnum
1531 691 1767 726 sempiternum“;

973 734 1043 768 quod
1059 742 1110 761 non
1123 740 1305 770 corrumpetur
1315 736 1355 768 ¹⁵;
1369 741 1396 764 et
1410 737 1507 764 iterum
1520 758 1528 770 ,
1546 736 1663 772 Regnum
1681 743 1766 769 tuum,

131 778 245 804 regnum
256 772 374 800 omnium
385 775 542 802 surculorum
553 776 590 809 l“;
604 784 636 805 ac
645 785 742 806 rursus
753 798 761 809 .
787 778 913 807 Dominus
935 783 1051 816 regnavit
1068 803 1075 816 ,
1087 785 1201 811 exsultet
1233 788 1323 816 terra;
1339 786 1462 813 [tutentur
1488 786 1584 814 insula:
1608 785 1699 820 multw
1726 785 1768 817 ";

133 815 208 849 Quia
227 818 280 853 ipsi
298 819 384 855 gloria
399 824 427 849 et
441 822 574 851 fortitudo
589 825 728 852 convenit.
749 825 846 854 Amen.

171 893 217 921 “I
234 894 297 937 flor.
313 905 359 930 xv,
376 898 421 926 53.
462 900 483 916 ¹⁸
495 899 569 929 Psal.
584 909 650 935 xcu,
668 903 695 930 2.
735 903 756 919 ⁸⁵
771 903 843 931 I‘sal.
859 911 951 937 chiv,
967 903 1010 931 I3.

132 937 210 962 xcw.
233 930 259 958 1.

1062 904 1084 919 ’⁵
1101 903 1168 932 Dan.
1186 913 1233 938 xu,
1251 905 1293 933 Η.
1336 906 1358 922 ίθ
1372 905 1443 934 I’sal.
1458 914 1549 940 CXLIV,
1567 908 1610 935 l5.
1655 909 1676 924 "
1694 908 1764 936 Psal.

142 1024 1750 1050 magna.

763 1108 877 1151 ΤΟΥ

931 1108 1120 1152 ΑΥΤΟΥ

271 1201 394 1258 ΕΙΣ
437 1202 596 1260 ΤΗΝ
633 1203 785 1261 ΤΟΥ
831 1206 1159 1264 ΧΡΙΣΤΟΥ
1212 1205 1622 1267 ΑΝΑΛΗΨῘΝ

463 1309 537 1338 ΤΗΝ
552 1310 766 1338 ΛΕΓΟΜΕΝΗΝ
785 1312 829 1348 Tt}
847 1312 1007 1349 ΕΠΙΧΩΡΙῼ
1027 1313 1093 1341 ΤΩΝ
1108 1314 1345 1342 ΚΔΠΠΔΔΟΚΩΝ
1362 1315 1438 1342 ΕΘΕΙ

741 1390 812 1418 ΠΙΝ
826 1389 1125 1420 ΕΠῙΣΩΖΟΙῈΝΗΝ.

809 1553 1078 1600 EJUSDEM

434 1658 512 1716 IN
552 1658 1099 1718 ASCENSIONEM
1142 1661 1464 1720 CHRISTI

539 1764 624 1799 QUAS
645 1765 722 1794 DIES
739 1766 850 1795 FESTA
881 1767 1144 1797 CAPPADOCIBUS
1158 1769 1263 1799 ΜΕΤΑ
1282 1769 1348 1798 EST

829 1845 1083 1874 εοΝεΕσιῖΑτΑ.

762 1923 891 1949 I-‘rancisco
902 1923 964 1950 Zino
975 1924 1112 1956 interprete.

170 2072 216 2105 Ὠς
234 2074 337 2107 γλυκὺς
357 2074 527 2110 συνέμπορος
551 2075 597 2103 τοῦ
624 2077 794 2113 ἀνθρωπίνου
821 2077 879 2113 βίου
904 2078 918 2104 ὁ

1005 2077 1091 2110 Quam
1107 2076 1195 2103 dulcis
1213 2075 1353 2103 hominum
1369 2082 1463 2103 comes
1479 2075 1610 2110 propheta
1624 2075 1709 2104 David
1731 2076 1759 2104 in

127 2119 273 2156 προφήτης
289 2120 381 2152 Δαϐὶδ,
401 2121 431 2148 ὲν
446 2121 547 2153 πάσαις
560 2123 620 2154 ταῖς
633 2122 702 2154 ὁδοῖς
716 2123 767 2158 τῆς
784 2123 857 2158 ζωῆς
875 2123 920 2149 εὑ-

129 2165 295 2200 ρισκόμενος
307 2185 315 2198 ,
336 2165 385 2192 καὶ
399 2166 501 2197 πάσαις
511 2167 571 2198 ταῖς
591 2168 787 2202 πνευματικαῖς
800 2167 920 2203 ἡλικίαις

127 2207 295 2243 προσφόρως
314 2209 563 2244 καταμιγνύμενος,
592 2211 691 2242 παντὸς
709 2211 848 2246 τάγματος
865 2211 920 2239 τῶν

129 2253 340 2288 προκοπτόντων
382 2255 634 2290 συνεφαπτόμενοςῑ
661 2257 724 2288 Τοῖς
754 2257 825 2283 κατὰ
853 2256 919 2284 Θεὸν

126 2297 237 2332 νηπίοις
252 2297 416 2332 συμπαίζει,
432 2300 489 2331 τοῖς
501 2299 613 2335 ἀνδράσι
628 2300 917 2335 συναγωνίζεταινπαι-

126 2342 248 2376 δαγωγεῖ
257 2343 306 2377 τὴν
315 2344 440 2379 νεότητα,
450 2344 625 2381 ὑποστηρίζει
635 2346 666 2373 τὸ
677 2347 775 2382 γῆρας,
788 2348 844 2379 τοῖς
851 2348 918 2374 πᾶσι

125 2388 219 2415 πάντα
235 2389 353 2422 γίνεται,
377 2390 551 2425 στρατιωτῶν
571 2392 663 2424 ὅπλον,
687 2392 811 2428 ἀθλητῶν
823 2393 918 2421 παιδο-

124 2433 235 2469 τριόης,
248 2435 462 2471 γυμναζομένων
475 2436 637 2473 παλαίστρα,
651 2438 789 2465 νικώντων
820 2440 918 2473 στέφα-

125 2486 184 2510 νος,
199 2478 390 2514 ὲπιτραπέζιος
403 2480 567 2517 εὐφροσύνη,
578 2483 732 2518 ἐπικήδειος
746 2484 915 2519 παραμυθία.

126 2523 187 2550 Οὐκ
203 2523 260 2550 ἐστι
283 2534 309 2551 τι
333 2525 387 2552 τῶν
411 2526 481 2553 κατὰ
500 2527 546 2554 τὸν
568 2527 624 2562 βίον
644 2529 723 2563 ἡμῶν
739 2529 789 2565 τῆς
804 2531 914 2566 χάριτος

125 2569 229 2605 ταύτης
253 2571 394 2606 ἀμέτοχον.
426 2573 474 2605 Τίς
495 2575 649 2610 προσευχῆς
671 2575 794 2611 δύναμις,
819 2574 854 2612 ἦς
878 2577 916 2613 μὴ

126 2616 212 2643 Δασὶδ
244 2618 462 2652 συνεφάπτεται;
491 2620 534 2651 τίς
560 2620 655 2656 ἑορτῆς
679 2622 849 2658 εὐφροσύνη,
880 2623 917 2658 μὴ

126 2660 177 2687 τοῦ
208 2661 351 2697 Προφήτου
381 2663 483 2699 ταύτην
511 2664 721 2700 φαιδρΰνοντοςς
755 2667 788 2693 ‘0
816 2667 848 2702 δὴ
870 2667 917 2694 καὶ

125 2705 177 2733 νῦν
201 2706 272 2733 ἐστιν
290 2707 370 2734 ἰδεῖν·
387 2708 428 2735 ὅτι
447 2709 494 2736 καὶ
508 2709 595 2742 ἄλλως
613 2711 733 2746 μεγάλην
754 2713 819 2747 ἡμῖν
835 2710 917 2740 οὖσαν

970 2122 1098 2150 omnibus
1112 2122 1174 2150 vitae
1188 2122 1332 2150 itineribus
1345 2122 1351 2149 l
1374 2129 1461 2157 quam.
1472 2127 1551 2157 aptus
1568 2122 1759 2158 spiritualibus

970 2169 1076 2197 cunctis
1089 2168 1231 2196 aetatibus!
1256 2175 1338 2203 quam
1358 2168 1433 2196 omni
1455 2168 1655 2203 proliclentium
1668 2169 1759 2197 ordini

970 2214 1176 2249 conditionique
1195 2213 1356 2242 commodus
1372 2213 1530 2241 invenitur!
1549 2214 1617 2242 Cum
1633 2214 1697 2247 illis,
1711 2216 1758 2250 qui

970 2260 1041 2295 apud
1059 2260 1143 2288 Deum
1159 2261 1234 2295 pueri
1249 2259 1422 2295 infantesque
1441 2265 1520 2293 sunt,
1537 2259 1661 2288 colludit.
1684 2259 1758 2288 Viris

970 2305 997 2332 in
1017 2305 1169 2333 certamine
1193 2309 1220 2332 et
1237 2312 1327 2340 pugna
1349 2312 1379 2333 se
1398 2305 1505 2333 socium
1533 2305 1645 2340 prabet,
1661 2305 1758 2341 juven-

969 2355 1054 2379 tutem
1074 2350 1176 2383 erudit,
1194 2354 1365 2380 senectutem
1381 2350 1536 2383 conﬁrmat,
1553 2350 1680 2378 erunibus
1696 2357 1757 2378 om-

968 2395 1013 2423 nia
1030 2395 1069 2428 lit,
1088 2395 1206 2422 militum
1230 2403 1316 2427 arma,
1337 2395 1467 2430 magister
1479 2395 1614 2430 pugilum,
1629 2395 1756 2431 palaestra

967 2441 1142 2472 certantium.
1158 2448 1261 2469 corona
1274 2441 1419 2474 victorum,
1435 2441 1461 2468 in
1472 2441 1605 2469 conviviis
1619 2441 1754 2474 hilarius,

968 2488 996 2514 in
1021 2487 1116 2515 funere
1144 2488 1294 2523 lugentium
1328 2488 1491 2515 consolatio.
1522 2487 1602 2515 Nulla
1637 2487 1754 2523 denique

967 2540 1031 2567 pars
1055 2533 1181 2560 humana»:
1195 2533 1258 2560 vitae
1280 2533 1353 2561 IIIIlIS
1372 2541 1483 2561 munere
1507 2538 1534 2560 et
1560 2533 1647 2568 gratia
1663 2537 1754 2561 vaeat.

967 2578 1098 2612 Quaenam
1113 2583 1156 2607 est
1171 2579 1337 2614 precationis
1360 2579 1476 2607 facultas
1496 2583 1576 2613 quam
1595 2578 1678 2606 David
1698 2586 1755 2606 non

968 2623 1179 2651 subministret?
1203 2624 1269 2657 Quae
1289 2623 1436 2652 celebritas
1461 2623 1570 2656 laetitia,
1592 2631 1674 2658 quam
1699 2631 1755 2651 non

967 2674 1080 2697 exornet
1096 2669 1255 2705 Propheta?
1284 2671 1310 2698 id
1334 2669 1406 2706 quod
1435 2670 1463 2696 in
1477 2669 1622 2704 pmsentia
1645 2674 1754 2704 quoque

969 2714 1031 2742 licet
1051 2715 1162 2743 intueri.
1181 2715 1346 2744 Hodiernum
1373 2716 1446 2744 enim
1462 2715 1659 2747 celebritatem,
1685 2715 1753 2742 satis

125 2753 178 2787 τὴν
194 2753 301 2789 ἑορτὴν,
320 2753 430 2789 μείζονα
444 2755 477 2781 δι’
501 2755 597 2783 ἑαυτοῦ
623 2757 638 2783 ὁ
661 2758 806 2794 Προφήτης
826 2759 916 2794 ἐποίη-

975 2768 1016 2795 per
1029 2768 1059 2788 se
1071 2769 1210 2796 magnam,
1224 2762 1282 2797 ipse
1299 2762 1430 2797 majorem
1444 2761 1535 2794 eﬂicit,
1551 2761 1617 2789 dum
1630 2761 1670 2788 illi
1684 2768 1752 2794 gau-

128 2807 186 2831 σεν,
210 2799 372 2835 προσφόρως
397 2801 429 2836 τῇ
454 2801 580 2828 ὑποθέσει
599 2802 649 2838 τὴν
669 2804 702 2830 ἐκ
723 2803 778 2830 τῶν
799 2804 914 2840 ψαλμῶν

969 2806 1043 2833 dium
1070 2814 1085 2834 e
1101 2807 1213 2842 psalmis
1238 2808 1362 2842 apposite
1387 2807 1522 2843 adjungit.
1550 2809 1582 2835 In
1609 2814 1663 2835 uno
1679 2807 1751 2834 cnim
