1938 3082
210 127 261 155 ῦ91

850 126 878 152 S.
895 125 1059 153 GKEGORII
1078 126 1224 154 NYSSE‘NI

1790 131 1843 158 697

209 184 319 212 illorum
334 192 411 212 ovem
425 189 451 213 te
464 184 542 220 jubet
555 192 626 217 esse,
642 192 702 220 qua:
716 192 730 211 a
749 184 805 212 Deo
819 184 951 219 pascaris,
968 188 994 211 et

1049 183 1256 218 συνεισενεγκὼν
1264 183 1440 220 εὐφροσύνην.
1457 185 1502 211 Ἐν
1519 185 1568 221 μὲν
1584 185 1637 221 γὰρ
1654 185 1692 219 τῷ
1710 186 1762 217 ἑνὶ,
1776 188 1838 222 πρό-

209 232 337 259 omnibus
358 231 492 260 bonorum
508 231 596 266 copiis
616 231 721 265 affluas,
741 236 770 258 ut
788 231 831 259 cul
847 235 874 258 et
899 231 994 263 herba,

209 280 237 304 et
255 276 397 312 pabulum,
419 281 447 304 et
472 283 543 312 aqua
559 276 695 312 refrigerii
719 276 878 312 suppetat‘.
893 275 953 303 Tibi
969 280 996 304 et

210 323 313 357 cibum,
340 328 368 352 et
391 324 609 357 tabernaculum,
635 327 663 351 et
684 324 767 355 viam,
788 327 815 351 et
835 323 944 354 ducem,
969 326 997 349 ct

211 370 302 397 omnia
317 376 348 397 se
359 369 461 404 plmbet
475 373 568 404 pastor
580 369 716 404 egregius,
733 369 904 404 gratiamque
918 375 996 395 suam

212 414 247 439 ad
260 422 368 442 omnem
391 421 471 442 usum
488 418 550 450 apte
565 414 716 442 distribuit.
733 413 772 441 Ex
794 414 896 449 quibus
909 413 997 440 omni-

213 459 264 485 bus
288 459 439 488 Ecclesiam
461 459 582 491 instruit.
607 464 734 495 oportere
749 464 775 487 te
790 459 907 494 primunt
935 459 997 486 boni

212 504 330 538 pastoris
344 511 422 532 ovem
436 504 494 532 fleri
505 512 554 541 per
567 505 666 532 bonam
686 503 852 531 catechesim
865 508 893 531 et
907 503 999 530 initia-

213 549 315 577 tionem
335 549 370 576 ad
391 550 489 578 divinat
514 550 646 578 doctrina:
673 557 775 585 pascua
796 549 939 585 fontesque
952 549 999 577 de-

213 595 336 627 ductum,
364 600 393 622 ut
412 603 473 623 cum
495 595 541 623 illo
557 595 698 632 sepeliaris
719 603 766 630 per
780 595 946 631 baptismum
971 596 998 622 in

212 645 337 672 mortem,
356 649 455 676 .nequc
478 646 570 669 tamen
595 647 708 669 mortem
724 642 859 676 ejusmodi
873 641 1000 670 reformi-

213 685 288 713 dare.
300 685 358 713 Non
368 687 440 714 enim
459 694 533 714 mors
548 692 590 713 est
603 687 666 718 ista,
682 687 730 715 sed
747 687 843 714 mortis
863 687 958 714 umbra
973 690 1000 714 et

213 730 451 759 similitudo.Nam
464 732 488 759 si
497 732 677 765 ambulauero,
692 732 791 767 inquit,
807 733 834 759 in
850 732 934 759 medio
946 741 1001 759 um-

213 775 267 803 bra:
284 778 388 810 mortis,
403 786 454 805 non
473 778 579 809 timebo,
596 783 624 804 ut
644 778 756 810 malum,
773 777 801 804 id
817 778 887 812 quod
899 778 1001 805 accide-

212 822 257 853 rit.
275 823 399 857 quoniam
417 828 443 850 tu
458 832 558 851 mecum
576 833 603 851 es
616 824 648 851 ¹”.
668 823 771 851 Deinde
794 824 908 858 spiritus
924 825 998 858 virga

212 869 381 895 consolatur.
411 869 530 903 Spiritus
560 870 633 897 enim
661 870 818 898 consolator
844 874 896 897 est.
927 869 996 897 Tum

212 921 333 941 mensam
353 915 492 949 mysticam
508 915 635 950 proponit
652 923 683 942 ex
696 915 811 943 adverso
830 922 929 942 mensa!
942 915 997 942 dcc-

213 967 323 985 monum
340 959 513 987 instructam.
541 960 592 989 Per
616 961 797 988 idololatriam
821 961 893 988 enim
908 961 997 988 homi-

213 1011 277 1030 num
303 1005 383 1031 vitain
398 1005 552 1034 afﬂixerunt
571 1007 720 1038 dzemones,
741 1006 843 1042 quibus
859 1007 998 1034 contraria

212 1052 255 1075 est
271 1047 391 1083 Spiritus
404 1058 508 1078 mensa.
525 1051 565 1079 Ad
580 1051 638 1079 haec
650 1053 710 1079 olco
725 1052 838 1087 spiritus
854 1056 935 1087 caput
948 1060 998 1079 un-

213 1094 261 1128 git,
283 1098 310 1122 et
333 1096 436 1128 vinum,
460 1096 533 1132 quod
557 1098 648 1125 laetitia
675 1105 724 1125 cor
743 1098 827 1125 allicit
837 1099 859 1130 ',
883 1098 998 1130 addens,

213 1139 333 1166 sobriam
355 1141 429 1168 illam
445 1142 537 1170 animo
551 1143 711 1170 ebrietatem
733 1142 832 1177 injicit,
846 1148 873 1171 et
887 1151 902 1171 e
915 1144 995 1170 cadu-

212 1185 254 1212 cis
275 1185 410 1221 ﬂuxisquc
424 1186 507 1215 rebus
525 1192 641 1215 tuentem
657 1188 738 1216 trahit
759 1188 793 1215 ad
807 1189 998 1224 sempiternas.

213 1229 318 1258 Etenim
332 1231 381 1266 qui
399 1232 446 1259 tali
457 1239 499 1260 est
513 1233 629 1262 allectus
637 1234 780 1265 ebrietate,
797 1234 904 1262 brevem
916 1234 997 1260 vitam

213 1284 274 1303 cuin
301 1277 504 1306 immortalitate
532 1284 692 1312 commutat,
719 1284 747 1307 et
773 1280 800 1307 in
831 1279 1000 1315 longitudine

212 1321 318 1349 dierum
338 1323 442 1350 habitat
460 1325 486 1350 in
500 1324 582 1352 domo
599 1325 714 1353 Domini.
727 1325 789 1353 [Luc
804 1325 882 1353 nobis
902 1325 930 1352 in
945 1332 1000 1353 uno

211 1365 384 1394 Psalmorum
402 1368 546 1404 elargitus,
570 1370 603 1397 ad
622 1370 751 1405 majorem
766 1375 792 1398 et
810 1370 998 1406 perfectionem

213 1412 240 1438 in
251 1412 349 1445 altero,
365 1413 410 1448 qui
422 1415 543 1448 proxime
554 1416 689 1450 sequitur,
701 1416 866 1451 voluptatem
877 1416 998 1443 animutn

211 1457 323 1490 excitat,
348 1459 428 1494 cujus
444 1461 606 1488 sententiam
622 1461 710 1493 vobis,
730 1461 753 1489 si
770 1461 886 1492 vidctur.
903 1461 998 1496 paucis

1046 229 1128 256 ϐατόν
1142 238 1171 256 σε
1189 229 1294 256 κελεύει
1310 230 1439 264 γενέσθαι
1457 231 1533 266 παρὰ
1549 231 1596 258 τοῦ
1614 231 1683 258 Θεοῦ
1699 232 1841 267 ποιμαινό-

1048 283 1127 310 μενον
1137 294 1145 306 ,
1158 275 1205 302 καὶ
1221 275 1326 307 οὐδενὸς
1337 275 1392 302 τῶν
1406 276 1516 310 ἀγαθῶν
1527 277 1726 313 ὑστερούμενον
1735 286 1741 291 ’
1758 274 1784 312 ᾧ
1797 277 1841 304 καὶ

1047 321 1100 347 πόα
1114 321 1209 356 νομῆς.
1231 321 1278 349 καὶ
1301 321 1373 358 ὓδωρ
1393 321 1582 354 ἀναπαύσεως,
1606 323 1653 350 καὶ
1670 323 1771 360 τροφὴ,
1795 324 1842 350 καὶ

1049 367 1145 402 σκηνὴ,
1169 367 1216 394 καὶ
1241 367 1344 402 τρίὸος.
1368 368 1416 394 καὶ
1432 368 1540 403 ὀδηγία,
1562 369 1609 395 καὶ
1623 369 1712 396 πάντα
1733 370 1843 403 γίνεται

1047 412 1061 437 ὁ
1091 411 1192 446 ποιμὴν
1214 412 1229 438 ὁ
1250 412 1347 444 καλὸς,
1362 413 1429 448 πρὸς
1454 414 1544 440 πᾶσαν
1558 414 1652 449 χρείαν
1668 414 1719 450 τὴν
1740 415 1842 442 ἑαυτοῦ

1048 456 1128 492 χάριν
1155 457 1317 492 προσφόρως
1348 458 1548 494 καταμερίζων.
1578 460 1616 486 Δι’
1643 456 1682 486 ὧν
1709 461 1842 487 ἁπάντων

1049 501 1170 528 παιδεύει
1199 501 1248 536 τὴν
1281 502 1459 537 Ἐκκλησίαν,
1491 503 1532 530 δτι
1565 504 1617 540 χρή
1647 513 1677 531 σε
1700 505 1842 541 πρόϐατον

1049 548 1156 583 πρῶτον
1165 547 1292 582 γενέσθαι
1303 548 1349 575 τοῦ
1364 548 1447 575 καλοῦ
1462 550 1600 584 ποιμένος.
1616 549 1660 577 διὰ
1672 551 1722 585 τῆς
1732 551 1842 585 ἀγαθῆς

1049 593 1227 629 κατηχήσεως
1248 594 1316 630 πρὸς
1339 594 1389 625 τὰς
1411 594 1487 626 θείας
1499 595 1552 621 τῶν
1565 595 1738 630 διδαγμάτων
1752 596 1842 631 νομάς

1049 649 1078 666 τε
1098 640 1145 667 καὶ
1164 640 1255 675 πηγὰς
1269 639 1460 675 ὀδηγούμενον.
1478 641 1518 672 είς
1533 640 1562 667 τὸ
1580 642 1748 676 συνταφῆναι
1765 642 1842 676 αὐτῷ

1049 685 1093 712 διὰ
1107 684 1153 712 τοῦ
1164 685 1317 720 βαπτισμοῦ
1330 685 1368 717 είς
1383 686 1429 712 τὸν
1439 685 1562 717 θάνατον,
1573 687 1621 712 καὶ
1635 686 1672 722 μὴ
1685 686 1841 722 φοόηθῆναι

1049 729 1096 756 τὸν
1109 729 1228 756 τοιοῦτον
1251 729 1373 756 θάνατον.
1398 729 1436 756 Οὐ
1458 728 1513 764 γὰρ
1530 728 1645 760 θάνατος
1659 727 1736 761 οὗτός
1751 730 1841 761 ἐστιν,

1050 773 1118 801 ἀλλὰ
1125 774 1240 802 θανάτου
1250 774 1313 801 σκιὰ
1321 775 1367 801 καὶ
1373 774 1533 809 ὲκτύπωμα.
1549 774 1621 802 Ἐὰν
1629 774 1683 810 γὰρ
1691 773 1840 809 πορευθῶ,

1051 828 1143 855 φησιν,
1163 819 1292 854 ἐνμέσῳ
1310 819 1399 852 σκιᾶς
1415 819 1555 851 θανάτου,
1571 820 1608 846 οὐ
1630 819 1840 854 φοϐηθήσομαι

1015 853 1036 880 Β
1110 853 1214 893 κακὸν
1228 865 1262 892 τὸ
1289 866 1463 901 γινόμενον’
1488 865 1532 891 ὅτι
1553 864 1595 892 σὺ
1615 853 1680 898 μετ’
1702 863 1778 898 ἐμοῦ
1802 862 1840 891 εἶ.

1049 910 1126 938 Μετὰ
1146 910 1232 937 ταῦτα
1251 910 1446 946 παρακαλέσας
1467 911 1504 945 τῇ
1525 909 1662 945 βακτηρίᾳ
1679 910 1729 936 τοῦ
1752 910 1841 936 Πνεῦ-

1050 964 1149 993 ματος·
1174 957 1189 982 ὁ
1212 956 1266 991 γὰρ
1288 956 1461 992 παράκλητος
1484 955 1515 982 τὸ
1545 955 1658 991 Πνεῦμά
1684 957 1760 982 ἐστι’
1790 955 1840 990 τὴν

1050 1002 1183 1038 μυστικὴν
1200 1001 1344 1037 προτίθησι
1363 1001 1514 1037 τράπεζαν,
1531 1001 1581 1037 τὴν
1599 1001 1629 1034 ἐξ
1651 1001 1773 1028 ἐναντίου
1790 1001 1842 1036 τῆς

1048 1047 1102 1074 τῶν
1114 1047 1246 1082 δαιμόνων
1263 1047 1401 1082 τραπέζης
1415 1046 1632 1083 ἑτωμασθείσαν.
1650 1048 1767 1074 Ἐκεῖνοι
1785 1047 1843 1082 γὰρ

1047 1095 1117 1133 ἦσαν
1130 1098 1154 1124 οἱ
1166 1097 1209 1124 διὰ
1222 1097 1272 1132 τῆς
1285 1096 1506 1133 είδωλολατρείας
1519 1096 1568 1132 τὴν
1580 1095 1652 1131 ζωὴν
1666 1094 1721 1121 τῶν
1736 1092 1842 1129 ἀνθρὼ-

1048 1151 1107 1170 πων
1122 1143 1306 1176 ὲκθλίϐοντες·
1323 1140 1360 1170 ὦν
1382 1143 1410 1176 ἐξ
1431 1142 1552 1170 ἐναντίου
1577 1142 1594 1177 ἡ
1610 1141 1659 1168 τοῦ
1681 1139 1842 1174 lli/stipam;

1048 1188 1181 1224 τράπεζα.
1204 1186 1269 1215 Εἶτα
1293 1189 1402 1224 μυρίζει
1415 1188 1468 1224 τὴν
1487 1187 1609 1223 κεφαλὴν
1628 1186 1667 1222 τῷ
1687 1185 1772 1221 ἐλαίῳ
1791 1184 1845 1211 τοῦ

1051 1234 1220 1270 Πνεύματος,
1235 1235 1282 1261 καὶ
1295 1235 1421 1270 προσθεὶς
1433 1234 1506 1270 αὐτῷ
1518 1231 1589 1260 οἶνον
1603 1233 1649 1260 τὸν
1659 1232 1708 1268 τὴν
1725 1231 1846 1266 καρδίαν

1049 1280 1238 1316 εὐφραίνοντα,
1261 1280 1311 1316 τὴν
1331 1281 1470 1316 νήφουσαν
1490 1279 1598 1314 ἐκείνην
1620 1277 1705 1314 μέθην
1729 1277 1844 1312 ἐμποιεῖ

1049 1327 1081 1361 τῇ
1095 1326 1180 1362 ψυχῇ.
1193 1327 1294 1362 στήσας
1305 1327 1368 1358 τοὺς
1377 1326 1523 1362 λογισμοὺς
1534 1325 1588 1352 ἀπὸ
1597 1324 1651 1350 τῶν
1662 1322 1842 1359 προσ-χαίρων

1049 1372 1118 1407 πρὸς
1125 1372 1156 1398 τὸ
1167 1372 1252 1400 ἁῖδιον
1260 1379 1267 1387 ·
1278 1373 1293 1399 ό
1301 1372 1355 1407 γὰρ
1366 1372 1416 1406 τῆς
1425 1371 1553 1406 τοιαύτης
1562 1370 1729 1405 γευσάμενος
1741 1368 1845 1403 μέθης,

1048 1415 1217 1451 διαμείϐεται
1237 1415 1286 1442 τοῦ
1305 1416 1449 1451 ὼκυμόρου
1470 1415 1500 1442 τὸ
1522 1414 1709 1449 ἀτελεύτητον,
1725 1414 1766 1444 εἰς
1790 1421 1843 1447 μα-

1049 1461 1169 1497 κρότητα
1183 1461 1296 1498 ήμερῶν
1320 1461 1369 1497 τὴν
1381 1462 1410 1488 ὲν
1425 1461 1464 1497 τῷ
1476 1461 1543 1496 οἴκῳ
1554 1460 1601 1487 τοῦ
1616 1459 1684 1487 Θεοῦ
1698 1458 1846 1492 διαγωγὴν

212 1504 363 1538 explicabo.
381 1505 488 1533 Domini
499 1511 537 1534 est
553 1512 624 1534 terra
637 1512 661 1534 et
673 1507 809 1541 plenitudo
823 1507 881 1542 ejus
893 1507 914 1534 ⁸.
927 1507 997 1540 Quid

1051 1507 1231 1542 παρατείνων.
1256 1506 1374 1534 Τοιαῦτα
1395 1507 1461 1543 ἡμῖν
1478 1507 1508 1532 ὲν
1528 1505 1567 1541 τῷ
1586 1506 1626 1533 ἐνὶ
1646 1505 1702 1532 τῶν
1722 1504 1846 1539 ψαλμῶν

214 1549 301 1584 igitur,
313 1550 374 1577 novi
390 1551 533 1587 contingit,
552 1552 645 1584 homo.
660 1552 682 1579 si
697 1551 768 1580 Deus
780 1558 871 1580 noster
886 1552 913 1579 in
925 1556 996 1580 terra

212 1595 289 1623 visus
302 1600 355 1627 est.
387 1597 410 1624 si
427 1605 489 1624 cum
515 1597 672 1625 hominib‘us
701 1598 790 1624 vixit?
812 1597 872 1633 Ipse
896 1602 999 1625 terram

212 1641 315 1668 creavit
330 1645 358 1668 et
373 1641 505 1669 condidit.
531 1642 621 1676 Quare
636 1650 686 1670 nec
702 1643 862 1671 inusitatum
880 1650 930 1670 nec
947 1643 996 1670 ab-

213 1685 326 1712 surdum
343 1690 395 1719 est,
420 1691 448 1713 ut
462 1688 495 1714 ad
513 1688 622 1722 propria
639 1687 771 1715 Dominus
786 1688 888 1716 veniat.
904 1687 998 1724 Neque

213 1731 285 1758 enim
299 1732 326 1758 in
344 1733 410 1759 orbe
426 1737 554 1760 versatur
565 1733 666 1764 alieno,
683 1733 729 1761 sed
744 1734 772 1761 in
783 1741 816 1761 eo
841 1742 922 1768 quem
940 1734 998 1769 ipse

213 1779 357 1806 constituit
380 1784 407 1806 et
419 1778 568 1807 fabricatus
577 1783 630 1811 est.
646 1779 692 1814 qui
703 1787 786 1814 super
797 1780 882 1807 maria
897 1784 997 1807 tet-ram

214 1823 339 1851 fundavit
359 1827 386 1851 ct
409 1823 508 1856 eﬁecit,
534 1829 563 1852 ut
590 1832 669 1853 secus
688 1823 828 1852 ﬂuminum
851 1825 997 1853 decursum

213 1870 315 1905 optime
329 1869 460 1896 collocata
469 1873 553 1897 esset.
569 1869 654 1903 Quam
670 1874 759 1897 autem
778 1870 814 1898 ob
827 1877 936 1898 causam
951 1871 999 1898 ad-

213 1915 298 1947 venit,
321 1915 374 1942 nisi
389 1919 418 1942 ut
433 1919 460 1943 te
475 1923 508 1943 ex
521 1915 626 1950 peccati
646 1915 775 1950 voragine
796 1915 951 1947 liberatum.
972 1920 999 1943 ct

213 1960 291 1995 regni
304 1968 427 1994 currum,
459 1961 486 1987 id
503 1965 557 1994 est,
582 1960 692 1988 virtutis
717 1961 872 1989 institutum
894 1961 922 1988 in
939 1962 999 1996 ipso

214 2014 330 2036 ascensu
346 2007 532 2039 adhibentem,
549 2006 576 2033 in
592 2010 712 2033 montem
727 2005 1000 2042 adduceretl‘Neque

214 2053 286 2080 enim
300 2053 364 2081 licet
379 2053 406 2080 in
422 2057 541 2081 montem
568 2052 644 2079 illum
660 2051 820 2082 ascendere.
838 2052 892 2079 nisi
913 2052 999 2080 virtu-

214 2101 258 2126 tes
273 2097 321 2124 tibi
338 2098 451 2125 comites
477 2097 647 2132 adjunseris,
672 2100 699 2125 et
723 2097 855 2125 innocens
870 2097 999 2125 manibus

214 2143 311 2175 fueris,
338 2148 366 2170 et
384 2143 460 2171 nullo
476 2144 580 2172 scelere
595 2144 800 2178 coinquinatus,
827 2143 875 2171 sed
896 2143 998 2171 tnundo

1050 1553 1241 1589 χαρισάμενος.
1256 1552 1324 1589 πρὸς
1343 1552 1454 1587 μείζονα
1467 1552 1514 1578 καὶ
1528 1551 1693 1586 τελεωτέραν
1707 1549 1843 1586 εὐφροσύ-

1050 1607 1099 1633 νην
1110 1599 1139 1626 ἑν
1151 1599 1189 1633 τῷ
1199 1598 1263 1634 ὲξῆς
1279 1598 1379 1634 ψαλμῷ
1395 1598 1443 1633 τὴν
1460 1597 1547 1633 ψυχὴν
1561 1597 1700 1632 ἐπεγείρει
1710 1604 1717 1612 ⁸
1733 1596 1794 1628 καὶ,
1816 1596 1847 1622 ει

1050 1644 1132 1677 δοκεῖ,
1158 1644 1204 1671 καὶ
1223 1644 1319 1671 τούτου
1341 1644 1390 1680 τὴν
1410 1644 1529 1671 διάνοιαν
1550 1644 1615 1679 ὑμῖν
1639 1641 1842 1678 παραθῶμεθα,

1050 1690 1083 1716 δι’
1098 1690 1195 1724 ὀλίγων
1215 1691 1416 1725 ὲπιτεμόμενοι,
1436 1690 1493 1718 Τοῦ
1507 1690 1617 1724 Κυρίου
1636 1690 1655 1723 ἡ
1680 1689 1718 1724 τῆ
1739 1689 1789 1716 καὶ
1807 1689 1842 1715 τὸ

1051 1736 1196 1771 πλήρωμα
1208 1736 1314 1770 αὐτῆς.
1329 1736 1362 1763 Τί
1376 1734 1422 1763 οὖν
1444 1735 1545 1772 ξενίζῃ,
1566 1733 1590 1762 ὧ
1610 1734 1749 1770 ἄνθρωπε,
1772 1735 1798 1761 εἰ
1827 1734 1848 1760 ὁ

1051 1782 1116 1814 Θεὸς
1128 1782 1206 1817 ἡμῶν
1218 1782 1264 1808 ἐπὶ
1275 1782 1325 1817 γῆς
1336 1781 1424 1817 ὤφθη,
1439 1781 1552 1812 καὶτοῖς
1575 1779 1730 1816 ἀνθρώποις
1744 1788 1844 1806 συναν-

1051 1828 1191 1862 εστράφη;
1201 1827 1305 1862 κτίσμα
1315 1826 1369 1862 γὰρ
1380 1827 1484 1853 ἐκείνου
1492 1827 1509 1862 ὴ
1519 1826 1566 1860 γῆ,
1580 1825 1648 1853 διότι
1660 1825 1707 1852 καὶ
1721 1825 1844 1859 ποίημα.

1052 1873 1157 1900 Οὐκοῦν
1184 1873 1261 1900 οὐδὲν
1284 1873 1388 1905 καινδν,
1409 1873 1469 1900 οὐδὲ
1493 1873 1544 1904 ἔξω
1567 1871 1614 1899 τοῦ
1634 1872 1795 1907 πρέποντος,
1810 1871 1846 1897 τὺ

1052 1921 1092 1951 είς
1105 1919 1139 1946 τὰ
1151 1919 1204 1946 ῐδια
1219 1919 1305 1946 ἐλθεῖν
1320 1920 1367 1945 τὸν
1379 1918 1528 1953 Δεσπότην·
1543 1918 1574 1944 οὐ
1595 1917 1650 1952 γὰρ
1663 1917 1692 1944 ἐν
1706 1916 1845 1951 ἀλλοτρίῳ

1053 1966 1154 1999 γίνεται
1181 1964 1285 2000 κόσμῳ,
1309 1965 1366 1992 ἀλλ’
1386 1965 1415 1992 ὃν
1440 1964 1521 1996 αὐτὸς
1540 1964 1733 1998 συνεστήσατο.
1754 1962 1769 1988 ὸ
1792 1963 1842 1988 ἐπὶ

1053 2011 1194 2039 θαλασσῶν
1218 2010 1384 2045 θεμελιώσας
1408 2010 1456 2046 τὴν
1479 2010 1540 2045 γῆν,
1555 2010 1603 2036 καὶ
1624 2008 1692 2044 πρὸς
1713 2007 1764 2043 τὴν
1784 2007 1846 2033 τῶν

1053 2055 1182 2090 ποταμῶν
1201 2055 1285 2082 δίοδον
1297 2055 1404 2082 εὕθετον
1423 2055 1507 2090 αὐτὴν
1527 2052 1597 2081 εἶναι
1612 2052 1840 2089 παρασκευάσας.

1059 2102 1143 2138 Ὑπὲρ
1156 2101 1227 2133 τίνος
1239 2099 1284 2129 οὖν
1298 2103 1315 2135 ἠ
1332 2102 1484 2137 παρουσία.;
1501 2102 1559 2128 Ἵνα
1572 2109 1602 2127 σε
1621 2100 1676 2127 τῶν
1693 2098 1844 2134 βαράθρων

1052 2147 1102 2183 τῆς
1115 2147 1251 2183 ἁμαρτίας
1268 2146 1402 2181 ἐκϐαλὼν,
1413 2146 1459 2173 ἐπὶ
1469 2146 1570 2182 τδβρος
1582 2145 1681 2180 ἀγάγῃ,
1701 2143 1842 2180 βασιλείας

214 2189 297 2216 corde
319 2189 353 2216 ad
377 2189 478 2216 nullam
496 2189 643 2217 vanitatem
671 2189 794 2217 animum
813 2194 891 2219 tuum
912 2189 997 2224 appli-

1050 2193 1169 2229 ὀχήματι
1190 2193 1259 2228 πρὸς
1278 2193 1327 2229 τὴν
1349 2193 1441 2219 ἄνοδον
1464 2194 1497 2228 τῇ
1521 2192 1581 2219 κατ’
1599 2191 1700 2227 ἀρετὴν
1718 2190 1842 2225 πολιτείᾳ

214 2235 316 2266 cueris,
338 2242 388 2262 nec
405 2234 467 2262 dolo
480 2235 634 2269 proximum
654 2239 730 2262 tuum
750 2234 900 2269 deceperis.
915 2234 997 2262 lstiuu

1053 2239 1234 2275 χρησάμενον.
1266 2239 1303 2266 Οὐ
1332 2238 1386 2274 γὰρ
1408 2238 1481 2265 ἔστιν
1506 2237 1626 2265 ἀνελθεῖν
1652 2237 1702 2263 ἐπὶ
1721 2236 1753 2263 τὸ
1776 2236 1842 2271 ὗρος

214 2287 347 2308 aseensus
364 2281 505 2316 praemium
527 2284 571 2308 est
585 2280 747 2314 benedictio,
765 2280 830 2308 huic
853 2281 997 2316 repositam

1054 2283 1151 2314 ἐκεῖνο,
1176 2283 1200 2309 ei
1223 2283 1260 2318 μὴ
1281 2284 1342 2315 ταῖς
1363 2283 1475 2318 ἀρεταῖς
1499 2282 1683 2310 συνοδεύσειε·
1705 2282 1765 2313 ταῖς
1789 2281 1842 2315 μὲν

214 2323 288 2352 Deus
313 2323 533 2353 misericordiam
557 2325 681 2360 largitur.
712 2325 777 2353 Hac
803 2331 841 2352 est
866 2326 997 2361 generalia

1054 2328 1146 2363 χερσὶν
1165 2328 1252 2361 eoeo;
1263 2328 1417 2363 γενόμενος,
1433 2328 1481 2354 καὶ
1493 2327 1612 2364 μηδεμιᾷ
1624 2327 1731 2362 πονηρᾷ
1741 2325 1842 2361 πράξει

215 2370 388 2405 quwrentium
403 2378 472 2403 eum,
491 2378 540 2405 per
550 2370 678 2398 virtutem
693 2371 719 2398 in
738 2371 855 2399 sublime
868 2379 997 2400 conscen-

1054 2372 1233 2408 ρυπούμενος,
1251 2372 1370 2408 καθαρὸς
1387 2373 1415 2399 δὲ
1429 2374 1462 2408 τῇ
1478 2372 1587 2408 καρδίᾳ,
1610 2372 1678 2408 πρὸς
1697 2371 1773 2398 οὐδὲν
1788 2371 1841 2406 μά-

215 2415 349 2447 dentium,
367 2420 392 2442 at
404 2416 575 2450 querentium
592 2415 689 2449 faciem
706 2415 754 2443 Dei
773 2415 867 2443 Iacob.

1053 2425 1130 2444 ταιον
1148 2417 1197 2453 τὴν
1215 2417 1303 2453 ψυχὴν
1318 2417 1415 2445 ἑαυτοῦ
1434 2418 1535 2453 φέρων,
1557 2417 1623 2453 μηδέ
1635 2425 1697 2444 τινα
1709 2416 1783 2443 δόλον
1802 2416 1842 2451 τῷ

215 2461 329 2496 πλησίον
351 2461 557 2498 ἐξαρτυόμενος,
570 2461 678 2497 Ταύτης
694 2462 742 2497 τῆς
761 2462 918 2494 ἀναδάσεως
933 2461 1047 2489 ἔπαθλόν
1061 2463 1136 2490 ἐστιν
1165 2464 1182 2499 ἡ
1199 2463 1326 2497 εὐλογίαο
1359 2463 1446 2498 τούτῳ
1463 2463 1556 2490 δίδωσι
1586 2462 1636 2498 τὴν
1654 2461 1842 2497 ἀποκειμένην

215 2507 399 2542 ἐλεημοσύνην
408 2508 423 2534 6
432 2507 543 2542 Κύριος·
554 2507 634 2541 Αὒτη
645 2507 730 2534 ἐστὶν
739 2508 758 2541 ἠ
769 2508 826 2534 τῶν
836 2508 1001 2542 ζητούντων
1018 2509 1111 2536 αὑτὸν
1125 2509 1221 2545 γενεὰ,
1234 2510 1290 2536 τῶν
1309 2509 1341 2537 δι’
1358 2510 1460 2545 ἀρετῆς
1476 2510 1544 2545 πρὸς
1579 2508 1645 2544 ὕψος
1681 2507 1843 2535 ἀναϐαινόν-

215 2562 280 2583 των,
292 2553 341 2580 καὶ
356 2553 523 2587 ζητούντων
539 2553 573 2580 τὸ
587 2553 749 2587 πρόσωπον
763 2554 816 2581 τοῦ
830 2554 905 2581 Θεοῦ
928 2554 1034 2581 Ἰακώϐ.

251 2600 380 2637 Hujusce_
387 2600 486 2635 psalmi
502 2608 566 2635 pars
581 2600 686 2635 reliqua
702 2600 818 2628 forsitan
845 2601 997 2636 evangelica

1089 2599 1126 2625 Τὸ
1140 2597 1168 2624 δὲ
1186 2597 1284 2633 ἑφεξῆς
1298 2598 1347 2633 τῆς
1363 2597 1532 2633 ψαλμῳδίας,
1546 2597 1593 2624 καὶ
1607 2597 1694 2632 αὐτῆς
1706 2597 1778 2632 τάχα
1792 2597 1842 2632 τῆς

216 2645 298 2673 etiam
313 2653 380 2673 voce
394 2645 574 2681 doctrinaque
592 2646 735 2674 sublimior
757 2649 810 2674 est.
825 2645 892 2673 Nam
910 2647 997 2673 Evan-

1054 2643 1233 2678 εὐαγγελικῆς
1253 2643 1426 2676 διδασκαλίας
1446 2645 1521 2671 ἐστὶν
1540 2643 1715 2679 ὑψηλότερον.
1733 2643 1771 2670 Τὸ
1791 2644 1841 2678 μὲν

216 2691 316 2726 solium
345 2690 454 2719 Domini
484 2691 710 2720 consuetudinem
739 2695 766 2719 et
792 2691 887 2724 vitam,
919 2698 997 2726 quam

1054 2690 1108 2724 γὰρ
1126 2687 1304 2721 Εὑαγγέλιον,
1320 2688 1368 2723 τὴν
1386 2688 1432 2714 ἐπὶ
1443 2688 1494 2730 γῇς
1511 2687 1560 2715 τοῦ
1576 2686 1676 2722 Κυρίου
1690 2686 1838 2730 διαγωγὴν,

216 2737 272 2772 egit
286 2737 313 2764 in
329 2741 413 2770 terra,
427 2741 454 2766 et
469 2737 529 2773 ejus
546 2738 662 2766 reditum
677 2737 704 2765 in
717 2737 817 2766 caelum
833 2742 937 2765 narrat.
953 2737 997 2766 Hic

1055 2736 1102 2762 καὶ
1117 2734 1166 2769 τὴν
1184 2734 1356 2769 ἀναστροφὴν
1371 2729 1526 2770 διηγήσατο.
1555 2733 1585 2761 '0
1600 2732 1628 2760 δὲ
1644 2731 1747 2768 ὑψηλὸς
1765 2729 1842 2764 οὗτος

255 2824 348 2854 'Psal.
363 2825 456 2859 1:11,!
474 2834 533 2862 sqq.
573 2827 594 2842 "
614 2825 674 2855 Psal
700 2819 765 2860 uti,
781 2826 806 2853 ιι.
845 2827 854 2841 ¹
872 2825 944 2853 [‘sul.
958 2833 1017 2859 cui,
1031 2825 1073 2852 15.
1115 2825 1124 2840 ²
1139 2824 1212 2853 l‘sal.
1227 2831 1307 2856 mn,
1323 2823 1337 2850 ι
1353 2831 1414 2858 sqq.
