1938 3082
114 67 171 94 683

686 65 719 92 ΙΝ
737 65 875 93 CHRISTI
890 65 1142 94 ASCENSIONEM.

1695 64 1749 94 οοι

117 124 274 159 προφήτης,
290 122 374 154 ἐκδὺς
390 122 470 154 αὐτὸς
489 122 594 155 ἑαυτὸν,
609 122 646 155 ὠς
662 123 695 150 ἃν
711 123 748 159 μὴ
764 123 906 158 βαρύνοιτο
920 149 924 157 ,

975 129 1048 152 uteni
1057 133 1182 153 excelsus
1195 125 1329 160 Propheta
1339 133 1422 160 supra
1438 132 1468 153 se
1477 124 1567 161 ipsum
1587 125 1746 161 egrediens.

117 170 158 204 τῷ
183 169 302 204 ὲφολκίῳ
324 168 372 195 τοῦ
398 168 533 203 σώματος,
561 169 607 195 καὶ
631 169 692 200 ταῖς
713 169 909 204 ὑπερκοσμίοις

117 215 268 250 δυνάμεσιν
287 214 384 241 ἑαυτὸν
401 213 570 249 καταμίξας,
582 213 632 246 τὰς
650 213 761 241 ἐκείνων
776 215 842 249 ἡμῖν
855 223 910 249 φω-

119 260 169 290 νὰς
186 260 368 296 διεξέρχεται,
382 260 426 286 ὅτε
442 259 685 295 προπομπεύουσαι
704 259 752 286 τοῦ
775 260 910 286 Δεσπὸτου

120 305 170 331 ἐπὶ
183 305 232 341 τὴν
247 304 370 337 κάθοδον,
381 304 531 340 ἐπαρθῆναι
547 305 686 332 κελεύουσι
697 305 751 332 τῶν
765 306 911 340 περιγείων

120 350 258 384 ἀγγέλων,
268 349 322 376 τῶν
333 350 384 385 τὴν
398 349 571 386 ἀνθρωπίνην
586 350 660 386 ζωὴν
676 350 910 386 πεπιστευμένων,

121 395 174 427 τὰς
187 395 316 428 εἰσόδους,
329 395 468 429 λέγουσαι⁵
484 396 586 430 Ἄρατε
601 396 709 429 πύλας,
718 397 745 423 οι
757 396 911 430 ἄρχοντες,

121 442 220 475 ὑμῶν,
236 441 284 468 καὶ
297 441 455 475 ὲπιίρθητε,
472 442 564 468 πύλαι
578 441 700 475 αίώνιοι,
715 441 766 468 καὶ
780 442 913 468 εἰσελεύ-

122 494 212 514 σεται
227 488 244 514 ό
260 487 409 520 Βασιλεὺς
426 486 481 521 τῆς
494 487 598 520 δόξης.
614 487 669 514 Καὶ
683 487 775 522 ἐπειδὴ
790 488 829 518 είς
847 486 862 513 δ
879 487 913 514 ἂν

124 533 240 568 γένηται
253 533 267 559 ὀ
278 533 308 559 τὸ
318 533 371 559 πᾶν
384 533 412 560 ἐν
425 533 515 568 ἐαυτῷ
527 533 671 569 περιέχων,
689 533 844 568 σύμμετρον
855 533 914 559 ἔαυ·

123 579 174 605 τὸν
189 579 228 613 τῷ
242 578 376 614 δεχομένῳ
393 579 481 605 ποιεῖ·
494 578 524 605 οὐ
547 578 602 614 γὰρ
625 578 704 614 μόνον
719 579 748 605 ἐν
761 578 914 614 ἀνθρώποις

124 624 271 660 ἄνθρωπος
286 625 400 658 γίνεται,
416 623 483 651 ἀλλὰ
511 623 581 651 κατὰ
595 624 626 650 τὸ
640 624 784 651 ἀκόλουθον
807 624 915 654 πάντως

126 670 177 698 καὶ
197 671 225 697 ἐν
240 670 364 704 ἀγγέλοις
380 670 530 704 γινόμενος,
549 669 617 705 πρὸς
636 670 686 704 τὴν
701 669 813 696 ἐκείνων
834 670 914 703 φύσιν

127 716 226 742 ἑαυτὸν
242 715 410 750 συγκατάγει
420 723 427 730 °
444 715 489 742 διὰ
501 715 581 742 τοῦτο
597 714 741 751 χρῄζουσιν
756 715 781 742 οἱ
796 715 915 751 πυλωροὶ

127 762 177 788 τοῦ
186 761 346 793 δεικνύντος·
362 761 410 794 Τίς
421 761 506 788 ἐστιν
518 758 607 794 οὗτος
618 762 634 788 ό
645 761 795 794 Βασιλεὺς
807 760 862 794 τῆρ
869 760 916 786 δό-

127 808 207 841 ξης;
224 805 261 834 Οὗ
277 807 357 842 χάριν
372 807 417 834 τὸν
436 807 565 842 κραταιὸν
586 807 676 838 αὐτοῖς
698 807 745 833 καὶ
760 806 872 834 δυνατὸν
888 807 917 832 ἐν
934 796 953 823 Β

129 853 243 889 πολέμῳ
255 852 467 885 ὑποδεικνύουσι,
478 852 524 879 τὸν
537 852 667 886 μέλλοντα
682 852 750 886 πρὸς
761 852 806 878 τδν
818 852 917 886 αίχμα-

128 897 282 924 λωτίσαντα
297 896 346 931 τὴν
370 895 542 932 ἀνθρωπίνην
553 896 634 931 φύσιν
647 896 859 932 συμπλέκεσθαι,
872 897 919 923 καὶ

129 940 277 968 καταλύειν
299 941 344 967 τὸν
366 940 461 976 ἔχοντα
485 940 533 967 τοῦ
559 940 674 968 θανάτου
693 941 723 968 τὺ
741 941 855 977 κράτος·
876 942 921 968 ἴνα

127 986 179 1012 τοῦ
195 986 308 1021 ἐσχάτου
325 985 422 1021 ἐχθροῦ
435 985 638 1020 ἀφανισθέντος,
661 987 701 1017 εἰς
720 985 875 1021 ἐλευθερίαν
889 994 919 1012 τε

130 1032 182 1058 καὶ
197 1031 308 1066 εἰρήνην
321 1030 457 1067 ἁνακληθῇ
474 1031 505 1058 τὺ
520 1031 698 1066 ἀνθρώπινον.
720 1031 804 1058 Πάλιν
817 1031 919 1066 διεξέρ-

130 1086 212 1113 χεται
224 1077 273 1109 τὰς
286 1077 382 1113 ὁμοίας
395 1077 497 1111 φωνάς’
513 1077 690 1112 πεπλήρωται
701 1077 754 1112 γὰρ
766 1077 816 1112 ἤδη
829 1077 860 1104 τδ
872 1076 921 1104 τοῦ

131 1124 251 1151 θανάτου
271 1124 420 1159 μυστήριον
431 1143 439 1155 ,
455 1123 503 1150 καὶ
519 1123 696 1159 κατώρθωται
714 1123 784 1150 κατὰ
803 1122 857 1150 τῶν
876 1131 923 1150 πο-

131 1169 238 1204 λεμίων
261 1169 278 1204 ἡ
294 1167 374 1203 νίκη,
392 1167 439 1195 καὶ
455 1168 603 1204 ἐγήγερται
622 1167 653 1194 τὸ
672 1169 731 1194 κατ’
751 1167 840 1194 αὐτῶν
860 1168 922 1203 τρό-

134 1223 218 1241 παιον
229 1215 243 1241 ὁ
255 1213 380 1249 σταυρός’
393 1213 448 1240 Καὶ
460 1213 553 1241 πάλιν
564 1214 655 1248 ἀνέϐη
666 1214 710 1247 εις
719 1214 808 1248 ὕψος,
817 1215 924 1249 αἰχμα-

136 1259 275 1286 λωτεύων
287 1258 345 1292 τὴν
361 1258 579 1293 αἰχμαλωσίαν,
595 1259 610 1284 6
622 1258 683 1291 δοὺς
693 1259 741 1294 τὴν
754 1259 827 1295 ζωήν
836 1268 866 1286 τε
877 1260 924 1287 καὶ

136 1305 188 1340 τὴν
203 1304 356 1340 βασιλείαν,
370 1303 404 1330 τὰ
420 1303 510 1338 ἀγαθὰ
523 1302 608 1331 ταῦτα
628 1304 731 1339 δόματα
743 1305 800 1336 τοῖς
820 1305 925 1340 ἀνθρώ-

138 1359 212 1382 ποις.
236 1350 290 1378 Καὶ
313 1351 353 1377 δεῖ
374 1350 454 1378 πάλιν
475 1349 631 1384 ἀνοιχθῆναι
653 1349 702 1382 τὰς
725 1350 925 1385 ὑπερκειμένας

139 1395 229 1426 πύλας
248 1395 332 1430 αὐτῷ.
356 1395 664 1430 Ἀντιμεταλαμῦάνουσι
688 1395 737 1430 τὴν
760 1395 926 1431 προπομπὴν

138 1442 166 1468 ot
182 1441 309 1477 ἡμέτεροι
321 1441 450 1476 φύλακες,
466 1441 514 1468 καὶ
528 1441 684 1479 ἀνοιχθῆναι
696 1442 770 1476 αὐτῷ
780 1441 830 1473 τὰς
843 1442 926 1477 ὑπερ-

141 1488 272 1523 κειμένας
285 1487 369 1518 πύλας
386 1487 628 1522 παρακελεύονται,
639 1487 682 1513 ἵνα
697 1486 777 1514 πάλιν
789 1488 818 1514 ἐν
833 1487 928 1519 αὑταῖς

141 1533 269 1569 δοξασθῇ.
291 1533 359 1559 Ἀλλ’
375 1533 511 1567 ἀγνοεῖται
527 1534 541 1559 6
556 1533 606 1568 τὴν
623 1532 752 1568 ῥυπαρὰν
771 1532 866 1568 στολὴν
881 1532 928 1560 τοῦ

143 1579 279 1614 ἡμετέρου
301 1578 359 1613 βίου
382 1578 605 1614 περιϐαλόμενος,
623 1575 654 1605 οὗ
676 1578 707 1604 τὸ
729 1578 855 1614 ἐρύθημα
875 1578 930 1605 τῶν

144 1625 263 1660 ἱματίων
277 1625 310 1651 ἐκ
328 1624 378 1658 τῆς
398 1623 477 1659 ληνοῦ
491 1624 546 1651 τῶν
569 1623 746 1660 ἀνθρωπίνων
763 1624 865 1651 κακῶν.
882 1624 932 1651 Διὰ

145 1669 225 1696 τοῦτο
237 1671 300 1705 παρ’
315 1670 426 1696 ἐκείνων
442 1670 459 1705 ἡ
474 1669 666 1705 ἐρωτηματικὴ
683 1669 752 1705 αὕτη
769 1671 844 1705 φωνὴ
864 1670 932 1706 πρὸς

146 1715 211 1748 τοὺς
229 1715 471 1750 προπομπεύοντας
493 1715 608 1749 γίνεται·
629 1715 677 1748 Τίς
695 1715 780 1742 ἐστιν
801 1714 890 1749 οὗτος
915 1718 933 1743 ὀ

148 1761 298 1794 Βασιλεὺς
324 1760 378 1794 τῆς
396 1760 503 1794 δόξης;
520 1759 597 1792 εἶτα,
614 1761 631 1795 ἡ
652 1760 754 1787 τούτων
776 1761 933 1796 ἀπόκρισις,

147 1807 253 1838 οὐκέτι,
266 1807 293 1832 '0
308 1806 446 1840 κραταιὸς
459 1806 508 1833 καὶ
521 1806 649 1839 δυνατὸς
661 1807 697 1832 ἐν
708 1806 838 1841 πολέμῳ,
855 1807 933 1840 ἀλλὰ,

149 1853 254 1887 Κύριος
272 1852 325 1878 τῶν
347 1852 497 1887 δυνάμεων,
518 1853 532 1878 ὁ
548 1851 596 1879 τοῦ
613 1852 713 1884 παντὸς
736 1852 889 1888 ἐξημμένος
904 1853 935 1880 τὸ

151 1899 262 1934 κράτος,
282 1900 296 1926 6
308 1898 548 1933 ἀνακεφαλαιώσας
561 1898 595 1925 τὰ
612 1898 700 1925 πάντα
719 1899 748 1925 ὲν
763 1899 861 1934 ἐαυτῷ,
876 1900 891 1926 6
907 1900 936 1926 ἐν

151 1945 221 1971 πᾶσι
237 1944 393 1979 πρωτεύων,
407 1945 422 1970 ό
440 1944 481 1975 είς
499 1944 548 1979 τὴν
567 1943 678 1979 πρώτην
692 1944 780 1971 κτίσιν
799 1945 937 1972 ἀποκατα-

153 1991 256 2025 στήσας
268 1990 303 2017 τὰ
317 1991 405 2017 πάντα
415 2009 423 2022 ,
439 1989 519 2021 αὑτός
531 1990 603 2016 ἐστιν
619 1990 633 2016 6
650 1990 780 2022 Βασιλεὺς
789 1991 837 2026 τῆς
848 1990 936 2025 δόξης.

159 2039 256 2074 Ὁρᾶτε
273 2039 346 2070 ὅπως
367 2039 432 2074 ἡμῖν
451 2037 617 2074 γλυκυτέραν
636 2038 686 2073 τὴν
706 2037 802 2073 ἑορτὴν
822 2037 836 2062 6
857 2036 939 2063 Aa6‘t8

152 2084 357 2118 ἀπειργάσατο,
382 2084 440 2120 ’τὴνΓ
458 2083 525 2110 ἰδίαν
547 2083 627 2118 χάριν
650 2083 683 2118 τῇ
707 2081 864 2117 φαιδρότητι
889 2081 939 2116 τῆς

961 175 1090 205 tanquam
1106 170 1231 204 corporis
1254 177 1338 197 onere
1355 170 1423 198 nihil
1440 173 1590 206 prematur,
1618 170 1702 198 infert
1719 177 1749 197 se

960 214 1119 242 cmlestibus
1138 215 1328 249 potestatibus,
1351 220 1378 242 et
1393 223 1475 243 voces
1489 223 1583 244 earnm
1604 217 1684 244 nobis
1700 224 1749 244 ex-

961 259 1047 294 ponit,
1075 266 1138 286 cum
1164 260 1191 286 in
1207 259 1307 288 ctelurn
1334 260 1492 288 redeuntem
1518 260 1661 288 Dominum
1682 262 1749 296 ipse

962 305 1135 339 comitantes,
1159 306 1273 341 angelis,
1299 306 1347 341 qui
1366 310 1512 334 versantur
1527 307 1554 334 in
1579 307 1672 340 terris,
1687 308 1749 342 qui-

962 351 1067 386 busque
1093 351 1120 378 in
1147 351 1294 378 humanam
1310 351 1394 379 vitam
1420 352 1561 388 ingressus
1583 355 1748 382 commissus

961 400 1014 428 est,
1049 396 1184 431 imperant
1208 397 1241 423 ad
1263 396 1337 423 hunc
1363 396 1473 423 modum
1493 405 1501 423 :
1525 397 1620 424 Tollite
1647 403 1748 431 portas,

961 441 1103 476 principes,
1120 446 1230 473 vestras,
1249 445 1274 468 et
1294 441 1442 474 elevamini,
1462 447 1546 476 porta:
1561 443 1709 475 wtemalet,
1724 448 1749 470 at

963 486 1083 513 introibit
1099 486 1154 513 Rea:
1169 487 1271 522 gloriae.
1293 487 1325 514 Et
1338 487 1479 522 quoniam,
1493 488 1646 523 ubicunque
1671 488 1750 516 fuerit

964 532 1019 566 ille,
1038 533 1084 567 qui
1101 533 1127 560 in
1145 533 1236 567 seipso
1258 534 1349 560 omnia
1367 533 1498 566 continet,
1524 541 1574 569 pro
1599 534 1751 569 suscipien-

964 578 1030 605 tium
1049 584 1130 613 captu
1145 586 1175 606 se
1190 579 1279 613 ipsum
1295 578 1455 612 dimetitur;
1473 586 1562 614 neque
1577 579 1649 606 enim
1662 579 1749 607 solum

964 624 1036 652 inter
1048 624 1174 651 homines
1198 624 1279 652 homo
1305 625 1346 656 tit,
1374 625 1562 656 verumetiam,
1590 623 1654 651 dum
1683 624 1752 651 inter

965 669 1075 704 angelos
1091 674 1225 701 versatur,
1249 670 1282 697 ad
1306 670 1412 697 illorum
1432 673 1558 696 naturam
1574 677 1635 697 sese
1653 669 1752 696 demit-

966 715 1018 742 tit:
1034 715 1137 742 idcirco
1152 719 1307 743 narrantem
1327 715 1458 751 janitores
1471 715 1658 750 interrogant:
1687 713 1752 748 Quis

966 766 1002 788 est
1019 762 1068 788 iste
1082 761 1138 788 Rea:
1153 761 1266 796 glorite?
1282 760 1458 796 Respondent
1474 756 1541 796 ipsis
1552 760 1755 788 demonstrant—

967 814 1020 842 que
1035 806 1131 834 fortem
1150 810 1177 834 et.
1195 810 1331 841 potentem
1347 806 1375 833 in
1391 806 1498 841 prmlio,
1523 805 1570 840 qui
1585 807 1755 840 pugnaturus

967 857 1026 880 crat
1040 856 1134 880 contra
1150 853 1238 883 illum,
1254 853 1300 887 qui
1322 857 1448 880 naturam
1466 853 1612 879 humanam
1627 851 1655 878 in
1669 850 1756 878 servi-

969 900 1027 924 tute
1057 897 1191 932 captivam
1219 897 1366 928 detinebat.
1397 900 1425 924 et
1449 903 1595 924 eversurus
1619 902 1681 922 eum
1709 894 1756 929 qui

968 941 1066 970 mortis
1091 943 1209 970 habebat
1238 942 1415 978 imperium‘,
1445 945 1476 968 nt
1491 941 1653 976 gravissimo
1678 939 1757 967 hoste

969 992 1109 1023 superato,
1134 995 1220 1022 genus
1237 987 1378 1014 hominum
1395 987 1422 1014 in
1443 987 1596 1014 libertatem
1620 989 1647 1012 et
1662 991 1757 1019 pacem

970 1033 1132 1060 vindicaret.
1151 1032 1270 1059 Rursum
1290 1032 1388 1065 repetit
1402 1031 1512 1060 easdem
1525 1037 1617 1058 voces.
1632 1029 1760 1064 Comple-

971 1082 1029 1106 tum
1046 1078 1118 1106 enim
1130 1078 1187 1113 jam
1199 1081 1241 1106 est
1255 1077 1352 1105 mortis
1366 1076 1537 1112 mysterium,
1555 1079 1583 1103 et
1593 1075 1708 1103 victoria
1723 1074 1758 1102 de

973 1125 1101 1153 hostibus
1111 1129 1258 1160 reportata,
1272 1128 1299 1152 et
1309 1127 1404 1152 contra
1417 1124 1493 1158 ipsos
1508 1123 1657 1151 excitatum
1669 1121 1760 1149 crucis

974 1176 1115 1205 lroparum.
1137 1170 1260 1198 Ascendit
1278 1170 1305 1196 in
1317 1169 1411 1201 altum,
1429 1168 1664 1204 captivamdttcem
1675 1168 1761 1200 capti-

973 1217 1081 1244 vitatem
1089 1216 1110 1248 ',
1119 1216 1166 1252 qui
1176 1216 1270 1248 vitam,
1278 1219 1305 1242 et
1316 1222 1440 1250 regnum,
1449 1218 1477 1242 et
1485 1212 1618 1249 praeclara
1627 1212 1685 1240 haec
1691 1212 1761 1239 dona

975 1252 1133 1289 hominibus
1144 1260 1251 1288 tribuit.
1261 1259 1397 1295 Imposita:
1409 1259 1449 1286 illi
1460 1265 1558 1286 rursus
1569 1254 1763 1292 patefacienda:

975 1311 1039 1335 sunt
1057 1310 1152 1341 portae.
1168 1306 1323 1333 Occurrunt
1341 1305 1366 1332 ei
1388 1304 1476 1332 nostri
1499 1302 1635 1334 custodes,
1653 1305 1681 1328 et
1696 1307 1761 1335 por—

976 1356 1019 1380 tas
1029 1352 1126 1387 iubent
1139 1351 1254 1384 recludi,
1269 1354 1298 1378 ut
1313 1351 1340 1378 in
1355 1350 1422 1385 ipsis
1431 1356 1540 1376 rursum
1554 1347 1669 1383 gloriam
1686 1353 1764 1374 asse-

977 1402 1087 1432 quatur.
1105 1396 1207 1424 Verum
1230 1404 1284 1424 non
1299 1398 1449 1431 agnoscunt
1461 1401 1535 1425 cum,
1559 1393 1605 1428 qui
1625 1391 1763 1420 sordidam

940 1457 962 1486 ο
979 1441 1042 1468 vitae
1066 1445 1167 1469 nostra:
1181 1441 1278 1468 stolam
1297 1440 1409 1467 indutus
1421 1443 1475 1471 est,
1500 1437 1580 1472 cujus
1602 1437 1685 1464 rubra
1701 1439 1766 1463 sunt

980 1486 1143 1515 vestimenta
1168 1493 1201 1513 ex
1229 1486 1410 1512 humanorum
1439 1483 1574 1510 malorum
1599 1481 1764 1509 torculari‘.

980 1532 1073 1566 Itaque
1084 1538 1180 1558 rursus
1195 1530 1308 1558 comites
1319 1529 1379 1565 ejus
1398 1527 1512 1556 vocibus
1528 1526 1581 1554 illis
1600 1527 1765 1560 interrogan-

980 1581 1035 1604 tur.
1056 1575 1122 1608 Qui:
1138 1580 1176 1602 est
1191 1576 1240 1602 iste
1255 1574 1311 1601 Rea:
1333 1573 1447 1609 σίου-ἰωὲ
1463 1571 1655 1607 Respondetur
1676 1574 1767 1597 autent

981 1630 1039 1651 non
1051 1621 1188 1656 amplius:
1205 1620 1308 1652 Fortis,
1324 1625 1350 1647 et
1365 1623 1456 1653 potem
1477 1619 1503 1645 in
1520 1617 1633 1652 pra'lio:
1648 1615 1697 1643 sed
1716 1614 1767 1642 Do-

982 1667 1074 1695 minus
1086 1667 1228 1698 virtutum,
1255 1666 1303 1701 qui
1327 1664 1422 1692 mundi
1439 1664 1621 1700 principatum
1641 1661 1769 1694 obtinuit,

982 1714 1030 1748 qui
1044 1712 1200 1740 summatim
1214 1712 1305 1747 omni;
1317 1711 1346 1738 in
1362 1718 1391 1739 se
1404 1710 1524 1744 collegit,
1540 1709 1586 1744 qui
1598 1708 1626 1736 in
1642 1707 1769 1735 omnibus

984 1759 1087 1794 primas
1107 1761 1191 1789 tenet,
1214 1757 1260 1792 qui
1281 1757 1425 1792 pristinum
1444 1755 1472 1782 in
1495 1758 1596 1783 statum
1610 1757 1707 1781 cuncta
1725 1759 1770 1779 re-

984 1805 1084 1836 stituit,
1101 1805 1159 1839 ipse
1171 1807 1213 1831 est
1229 1802 1284 1829 Rex
1298 1802 1400 1837 glorias.
1418 1800 1549 1833 Ceruitis,
1562 1798 1699 1834 quomodo
1715 1797 1771 1825 dul-

985 1850 1087 1878 ciorem
1115 1850 1195 1877 nobis
1226 1848 1411 1876 celebritatem
1438 1845 1522 1874 David
1550 1844 1678 1875 eﬁ‘ecerit.
1708 1843 1772 1870 dum

987 1894 1117 1922 Ecclesia:
1133 1893 1261 1921 ltilaritati
1274 1893 1389 1927 gratiam
1401 1891 1536 1918 immiscet
1552 1896 1641 1918 suam.
1657 1887 1773 1915 Proinde

987 1948 1038 1968 nos
1050 1941 1126 1971 item.
1140 1943 1271 1974 quantum
1285 1944 1443 1972 possumus.
1462 1935 1601 1963 imitemur
1611 1933 1773 1968 Prophetam

988 1986 1015 2013 in
1033 1985 1166 2012 charitate
1183 1991 1246 2019 erga
1263 1982 1359 2014 Deum,
1375 1983 1404 2010 in
1418 1980 1628 2008 mansuetudine
1644 1979 1717 2011 vitae,
1745 1978 1773 2005 in

988 2031 1132 2059 tolerantia
1145 2037 1210 2065 erga
1224 2029 1286 2056 illos
1299 2028 1346 2064 qui
1362 2035 1412 2055 nos
1426 2027 1490 2055 odio
1515 2028 1729 2061 prosequuntur,
1746 2026 1774 2049 ut

989 2077 1132 2113 Propheta
1151 2075 1276 2104 doctrina
1297 2075 1376 2102 nobis
1392 2073 1425 2100 ad
1442 2073 1512 2100 bone
1530 2072 1661 2105 beateque
1680 2069 1775 2096 viven-

161 2113 325 2164 Ἐκκλησίας
348 2113 875 2163 ἐγκαταμίξας.“οῦκοῦνημιμησώμεθα
894 2113 924 2152 κά

973 2126 978 2147 t
992 2124 1057 2151 dum
1070 2123 1126 2150 dux
1143 2121 1329 2156 magistr-aque
1350 2119 1396 2150 sit,
1413 2119 1441 2146 in
1455 2117 1566 2145 Christo
1581 2115 1647 2144 Jesu
1662 2113 1776 2142 Domino

154 2175 237 2210 ἡμεῖς
249 2174 294 2200 τὸν
309 2174 464 2208 Προφήτην,
482 2174 510 2199 ὲν
523 2169 564 2204 οἷς
577 2171 686 2198 δυνατόν
698 2171 756 2197 ἐστι
769 2169 939 2205 κατορθῶσαι

993 2172 1098 2201 nostro,
1114 2167 1159 2195 cui
1176 2167 1262 2202 gloria
1277 2167 1303 2193 in
1320 2164 1418 2193 saecula
1433 2163 1608 2191 saeculorum.
1623 2161 1720 2188 Amen.

154 2205 207 2256 τὴν
223 2205 348 2256 μίμησιν,
368 2205 442 2254 ἐν’τῇ
453 2219 521 2254 πρὸς
533 2219 598 2246 θεὸν
613 2219 718 2254 ἀγάπῃ,
732 2218 762 2244 ἐν
775 2218 808 2252 τῇ
820 2216 868 2243 τοῦ
883 2216 941 2252 βίου
960 2216 1104 2251 πρᾳότητι,
1121 2215 1150 2240 ἐν
1185 2215 1218 2249 τῇ
1254 2213 1322 2248 πρὸς
1337 2213 1399 2243 τοὺς
1419 2209 1562 2246 μισοῦντας
1582 2205 1758 2256 μακροθυμία
1768 2213 1775 2221 ·

156 2253 203 2294 ἵνα
216 2253 326 2302 γένηται
339 2268 356 2302 ὴ
376 2253 580 2302 τοῦλῖροφήτου
593 2253 749 2293 διδασκαλία
769 2264 818 2299 τῆς
837 2264 907 2291 κατὰ
922 2264 989 2291 Θεὸν
1002 2263 1138 2307 πολιτείας
1157 2261 1340 2297 χειραγωγια,
1357 2260 1386 2286 ἐν
1400 2257 1510 2294 Χριστῷ
1527 2256 1614 2284 Ἰησοῦ
1632 2254 1672 2290 τῷ
1685 2253 1778 2289 Κυρίῳ

157 2312 248 2349 ἡμῶν,
260 2310 282 2346 ᾧ
298 2313 314 2348 ὴ
326 2312 388 2345 δόξα
402 2313 443 2345 είς
455 2313 518 2344 τοὺς
532 2313 633 2344 αἰῶνας
650 2312 703 2339 τῶν
717 2311 830 2338 αίὼνων.
857 2310 952 2345 Ἀμήν.

194 2405 205 2420 ⁸
221 2403 290 2432 lleb.
309 2411 339 2436 ιι,
356 2404 399 2432 ll.
432 2402 525 2432 'l‘sal.
539 2412 625 2436 uvn.
645 2404 686 2431 19.
724 2404 735 2419 ⁸
749 2402 800 2430 lsa.
821 2409 897 2434 Lxru,
912 2401 941 2429 ξ’..
