1938 3082
101 118 155 146 697

740 124 783 152 DE
804 125 940 156 Sl’lBlTU
955 127 1100 155 SANCTO.

1677 129 1731 158 €98

100 176 149 203 τοὺ
164 176 260 211 κόρου-
277 178 347 204 κατὰ
367 178 412 204 τὸν
430 179 511 206 αὐτὸν
525 180 624 214 τρόπον
641 181 679 216 τῷ
696 182 804 218 φοϐερῷ
818 183 887 219 λιμῷ

941 185 1036 212 ordine
1050 185 1235 220 proﬁcientes.
1250 186 1283 213 ad
1300 185 1477 221 perfectionis
1494 185 1602 214 tandem
1624 186 1729 221 apicem

99 223 150 258 τῆς
163 223 336 259 ἀνθρωπίνης
350 224 455 258 φύσεως
467 225 676 263 δαπανηθείσης,
689 229 888 265 τεταμιευμένη

99 268 205 301 γίνεται
217 269 308 301 αὐτοῖς
319 271 394 306 παρὰ
406 271 455 304 τῆς
465 271 619 306 οἰκονομίας
629 274 646 307 ὴ
659 273 707 308 τῆς
720 273 773 301 τῶν
788 283 890 310 μυστη-

100 314 168 349 ρίων
192 315 297 350 τροφῆς
324 316 470 350 natoue-ir
488 316 559 344 ὥστε
581 318 626 345 διά.
649 328 720 351 τινος
743 320 889 348 ἀκολούθου

99 359 204 391 τάξεως
218 360 261 386 ἀεὶ
276 360 307 387 τὸ
320 360 422 388 τέλειον
445 363 719 398 προσλαμϐάνοντας,
737 365 824 397 οὕτως
842 366 889 393 ἐπὶ

99 403 130 430 τὸ
147 405 235 439 πέρας
249 406 349 440 φθάσαι
363 407 412 442 τῆς
424 407 599 443 τελειότητος.
617 409 653 436 Τὸ
671 410 719 445 μὲν
732 410 786 446 γὰρ
803 410 889 444 σῶζον

99 451 203 486 ἡμεῖςὴ
222 451 352 484 ζωοποιός
373 454 431 480 ἐστι
449 453 572 489 δύναμις,
588 455 616 481 ὲν
639 455 749 491 ὀνόματι
771 457 889 492 nam,

99 498 147 523 καὶ
169 497 250 529 Υίοῦ,
265 498 313 525 καὶ
328 499 406 532 ἁγίου
422 499 578 535 Πνεὺματος
598 502 789 538 πιστευομένη.
810 503 841 530 Οί
860 503 888 530 δὲ

98 542 147 569 τοῦ
164 544 265 576 παντὸς
276 544 412 580 ἁχώρητοι
426 545 470 572 διὰ
482 545 533 581 τὴν
548 547 735 583 γεγενημένην
750 547 841 580 αὐτοῖς
855 548 888 575 ὲκ

98 588 147 615 τοῦ
171 589 251 624 λιμοῦ
275 590 329 617 τῶν
349 591 441 626 ψυχῶν
467 591 626 625 ἀσθένειαν,
643 592 774 628 πρότερον
791 594 824 620 ὲκ
838 593 888 628 τῆς

98 634 246 667 πολυθετας
259 635 312 663 ὑπὸ
326 637 381 663 τῶν
394 637 541 672 προφητῶν
556 646 597 670 τε,
613 639 660 665 καὶ
680 638 727 665 τοῦ
741 639 823 674 νόμου
839 648 887 674 με·

97 680 270 713 τατεθέντες,
285 683 325 714 είς
343 683 407 717 μίαν
425 682 539 718 θεότητα
554 683 664 718 βλέπειν
680 684 824 717 ἐθίζονται,
839 685 888 712 καὶ

98 725 128 750 ἐν
141 726 175 760 τῇ
195 726 244 761 μιᾷ
258 725 364 761 θεάτητι
380 727 463 762 μόνην
477 727 526 763 τὴν
539 728 586 754 τοῦ
599 727 705 763 Πατρὸς
716 728 829 764 δύναμιν
843 738 889 756 κα-

97 770 249 802 τανοοῦσιν,
266 772 412 807 ἀχώρητοι,
424 773 514 805 καθὼς
533 771 620 806 εἷπον,
631 774 706 806 ὄντες
716 775 765 810 τῆς
782 774 888 807 τελείας

96 818 212 853 τροφῆς.
231 816 297 845 Εἶτα
317 819 362 845 διὰ
377 819 424 846 τοῦ
449 820 615 854 Εὐαγγελίου
636 820 684 848 καὶ
702 821 716 847 ὁ
741 821 887 856 μονογενὴς

943 232 1125 265 pervenirent.
1153 232 1229 264 Quod
1250 233 1323 260 enim
1348 230 1427 261 nabis
1452 233 1565 260 salutem
1592 233 1729 267 impertit,

943 275 1032 302 vitalis
1048 278 1090 302 est
1107 275 1153 302 illa
1171 276 1268 309 virtus,
1281 276 1308 303 in
1324 283 1405 311 quam
1420 276 1448 303 in
1465 277 1575 304 nomine
1589 275 1687 308 Patris,
1700 281 1728 303 et

943 319 1014 352 Filii,
1033 324 1061 348 et
1079 320 1198 356 Spiritus
1217 321 1305 348 sancti
1321 321 1468 349 credimus.
1487 323 1521 348 At
1537 329 1599 349 cum
1618 325 1727 355 propter

942 365 1095 394 animarutn
1114 366 1325 394 imbecillitatem
1338 387 1346 399 ,
1364 374 1398 394 ex
1419 367 1535 402 quadam
1555 366 1637 394 veluti
1658 366 1729 393 l‘atne

942 416 1121 446 contractam,
1139 412 1173 439 ad
1190 412 1393 448 percipiendum
1414 414 1574 448 mysterium
1592 412 1657 439 illud
1678 412 1727 438 ho-

941 457 1028 485 mines
1048 465 1218 493 nequaquam
1234 464 1326 486 essent
1342 458 1443 490 idonei,
1460 466 1475 485 a
1488 459 1636 485 multorum
1651 458 1727 492 prius

941 502 1055 530 deorum
1073 503 1148 530 cultu
1165 511 1213 538 per
1230 504 1393 539 prophetas,
1409 508 1435 531 ct
1451 504 1537 539 legem
1550 504 1591 531 sic
1605 503 1725 530 revocati

941 550 1016 579 sunt,
1032 551 1061 574 ut
1079 555 1160 574 unam
1177 556 1290 576 cernere
1308 549 1490 582 divinitatem,
1504 552 1530 576 et
1546 549 1572 575 in
1592 555 1645 574 una
1658 547 1727 574 divi-

941 593 1026 621 nitate
1044 593 1130 620 solam
1145 593 1234 621 Patris
1256 595 1404 629 potentiam
1421 601 1569 629 agnoscere
1583 600 1727 620 assuesce-

941 642 1017 672 rent,
1033 639 1133 674 quippe
1153 639 1199 674 qui
1225 639 1359 670 solidiori,
1383 643 1411 666 ut
1430 639 1569 671 diximus,
1594 638 1656 665 cibo
1671 644 1725 664 non

940 688 1032 712 essent
1048 684 1148 712 idonei.
1162 684 1264 712 Deinde
1281 692 1350 719 quos
1361 684 1393 711 ad
1409 684 1558 719 pleniorem
1574 682 1726 710 divinitatis

940 729 1123 765 cognitionem
1139 730 1181 757 lex
1197 735 1406 765 praeparaverat.
1421 730 1454 757 iis
1472 730 1608 757 revelatus
1625 733 1666 756 est
1678 736 1727 763 per

940 774 1113 811 Evangelium
1125 776 1282 811 unigenitus
1291 776 1392 806 Filius:
1405 784 1436 804 ac
1445 779 1585 811 postremo
1593 775 1674 802 datus
1682 779 1725 801 est

940 821 1020 849 nobis
1031 821 1169 857 perfectus
1180 826 1285 850 natura!
1293 826 1393 850 nostra:
1403 822 1493 854 cibus,
1505 822 1532 848 in
1541 828 1595 856 quo
1607 820 1661 847 vita
1670 824 1724 850 est,

98 862 164 894 Υἱὸς
181 863 220 898 (5)
235 864 291 896 τοῖς
305 863 351 891 διὰ
364 864 409 891 τοῦ
424 866 508 900 νόμου
527 866 799 901 προτετελειωμένοις
818 868 886 894 ἀπο-

939 866 1057 901 Spiritus
1071 872 1194 895 sanctus.
1208 867 1266 894 Hoc
1279 867 1418 895 hodiernae
1441 866 1607 894 celebritatis
1623 869 1665 892 est
1677 872 1724 891 ar-

98 909 284 942 καλύπτεται,
303 910 373 945 μετὰ
385 909 464 937 τοῦτο
483 912 665 947 παραγίνεται
679 912 744 947 ἡμῖν
759 913 776 947 ἡ
795 912 887 939 τελεία

939 917 1112 947 gumentum;
1127 913 1305 948 quamobrem
1316 919 1423 948 mquum
1434 916 1488 944 est,
1501 915 1600 939 utcum
1613 909 1647 937 ad
1659 910 1721 936 cho-

95 955 147 990 τῆς
166 955 274 990 φύσεως
285 956 364 991 ⁴ἡμῶν
378 956 475 992 τροφὴ,
493 957 524 984 τὸ
542 957 656 993 Πνεῦμα
671 958 702 985 τὸ
714 958 801 992 ἅγιον,
819 959 848 985 ἑν
863 955 886 993 ᾧ

939 966 981 986 ros
999 959 1025 986 in
1047 959 1135 987 sancti
1160 959 1280 994 Spiritus
1296 959 1442 986 festivitate
1458 955 1637 985 celebrandas
1658 962 1725 983 con-

94 1000 173 1027 ἒστιν
184 1001 201 1036 ἡ
215 999 283 1036 ζωή.
296 1000 370 1037 Αὕτη
384 1002 434 1036 τῆς
445 1002 543 1038 ἑορτῆς
554 1003 571 1038 ἠ
586 1002 723 1035 ὑπόθεσις·
737 1003 781 1030 διὰ
800 1003 886 1031 ταῦτα

939 1005 1092 1033 venerimus
1103 1024 1111 1037 ,
1132 1005 1284 1038 spiritualis
1298 1005 1382 1040 hujus
1397 1004 1475 1032 chori
1492 1002 1608 1038 principi
1627 1000 1724 1028 Davidi

94 1045 189 1077 alii);
203 1045 271 1081 ἔχει,
289 1046 421 1081 χορευτὰς
435 1047 508 1082 ἡμᾶς
521 1048 682 1083 γενομένους
697 1048 744 1075 τοῦ
760 1048 885 1084 Πνεῦμα-

939 1057 1100 1085 pareamus.
1122 1050 1241 1083 dicenti,
1269 1050 1376 1082 Venite,
1398 1049 1561 1077 exsullemus
1590 1048 1724 1079 Domino;

94 1100 153 1123 τος,
171 1092 312 1119 πείθεσθαι
328 1092 367 1128 τῷ
385 1093 527 1128 κορυφαίῳ
549 1094 598 1128 τῆς
616 1095 803 1130 πνευματικῆς
818 1094 886 1121 ταύ-

939 1095 1064 1123 υοπιὶιιιιι
1079 1101 1179 1128 autem,
1193 1101 1223 1123 ut
1246 1095 1335 1131 inquit
1348 1095 1508 1130 Apostolus.
1523 1094 1638 1128 Spiritus
1649 1097 1688 1120 est
1702 1094 1723 1121 '.

93 1146 148 1173 της
159 1137 197 1172 (6)
212 1137 393 1173 χοροστασίας
419 1137 503 1164 Δαόὶδ
534 1138 574 1174 τῷ
587 1138 709 1173 λέγοντι·
739 1139 837 1171 Δεῦτε,
867 1140 1114 1175 ἀταλλιασώμεθα
1134 1140 1174 1174 τῷ
1198 1141 1305 1174 Κυρίῳ·
1330 1141 1358 1167 '0
1379 1140 1413 1168 δὲ
1430 1141 1535 1175 Κύριος
1554 1140 1588 1167 τὸ
1608 1138 1726 1174 πνεῦμὰ

92 1183 172 1214 ἐστι,
187 1182 279 1215 καθώς
295 1191 377 1218 φησιν
392 1183 407 1210 ὁ
427 1183 598 1216 ¹Δπόστολος.

131 1229 257 1264 Σήμερον
270 1228 323 1264 γὰρ
336 1229 406 1256 κατὰ
419 1229 469 1265 τὴν
483 1230 591 1266 ἐτήσιον
602 1230 649 1257 τοῦ
669 1231 746 1264 ἔτους
762 1232 885 1268 περίοδον

973 1230 1061 1259 Hodie
1081 1231 1154 1258 enim
1170 1234 1318 1259 transactis
1330 1249 1339 1264 ,
1351 1234 1430 1266 Juxta
1453 1230 1538 1258 annui
1555 1230 1630 1258 orbis
1654 1233 1727 1258 stata

92 1274 146 1309 τῆς
166 1275 352 1310 πεντηκοστῆς
375 1276 636 1313 συμπληρουμένης,
658 1278 730 1304 κατὰ
745 1279 795 1312 τὴν
811 1278 885 1314 ὥραν

939 1282 1078 1314 tempora,
1092 1278 1291 1314 quinquaginta
1311 1285 1326 1305 a
1340 1276 1483 1305 Paschalis
1505 1276 1651 1304 festivitate
1665 1275 1724 1303 die-

93 1321 209 1355 ταὺτην,
222 1321 278 1354 είγε
289 1322 352 1356 περὶ
360 1322 409 1356 τὴν
421 1322 515 1358 τρίτην
526 1322 600 1358 ὥραν
612 1323 661 1358 τῆς
672 1324 779 1359 ἡμέρας
790 1324 884 1359 ἐσμὲν,

939 1324 999 1355 bus,
1017 1324 1069 1351 hac
1081 1324 1149 1358 ipsa,
1165 1323 1247 1351 tertia
1258 1322 1364 1350 scilicet
1375 1322 1430 1350 diei
1445 1322 1524 1353 hora.
1541 1321 1643 1348 donum
1658 1320 1725 1348 illud

93 1366 205 1400 ἐγένετο
217 1367 233 1401 ἡ
249 1365 442 1401 ἁνεκδιήγητος
460 1366 549 1402 χάρις.
563 1368 722 1404 Κατεμίχθη
737 1368 792 1405 γὰρ
805 1369 886 1396 πάλιν

939 1369 1095 1397 hominibus
1111 1368 1226 1403 largitus
1241 1372 1284 1396 est
1298 1367 1370 1395 Deus
1380 1388 1388 1400 ,
1404 1367 1475 1402 quod
1491 1373 1599 1394 omnem
1617 1365 1725 1393 dicendi

91 1412 152 1444 τοῖς
167 1411 320 1447 ἀνθρώποις
334 1412 364 1439 τὸ
379 1413 499 1447 Πνεῦμα,
516 1413 585 1448 ὅπερ
599 1413 639 1449 (7)
651 1415 782 1450 πρότερον
796 1414 839 1441 διὰ
853 1414 884 1441 τδ

939 1417 990 1442 vim
1008 1418 1129 1450 superat.
1147 1413 1254 1442 Rursus
1267 1413 1340 1441 enim
1357 1412 1461 1440 homini
1476 1411 1612 1439 admistus
1624 1415 1667 1439 est
1681 1411 1727 1438 ille

91 1457 224 1492 γενέσθαι
249 1458 338 1494 σάρκα
363 1458 409 1485 τὸν
433 1459 575 1494 ἄνθρωπον
599 1460 648 1495 τῆς
673 1459 782 1494 φύσεως
806 1460 884 1495 ἡμῶν

939 1459 1073 1495 Spiritus,
1098 1459 1146 1494 qui
1170 1464 1268 1490 antea,
1294 1461 1437 1494 propterea
1460 1457 1533 1493 quod
1556 1457 1637 1484 homo
1651 1462 1725 1485 esset

90 1503 264 1539 ἀπεφοίτησε
275 1511 282 1520 ·
297 1504 345 1530 καὶ
363 1503 407 1530 διὰ
426 1504 476 1539 τῆς
491 1504 580 1539 βιαίας
596 1505 703 1540 ἐκείνης
718 1505 816 1540 πνοῆς,
831 1505 884 1532 τῶν

939 1514 1018 1537 caro,
1036 1513 1051 1533 a
1065 1510 1164 1533 natura
1179 1509 1273 1533 nostra
1298 1506 1466 1535 recesserat.
1486 1506 1513 1530 et
1535 1502 1726 1538 spiritualibus

92 1548 292 1582 πνευματικῶν
311 1549 362 1584 τῆς
387 1550 519 1585 πονηρίας
537 1550 687 1585 δυνάμεων,
707 1551 754 1577 καὶ
776 1551 886 1578 πάντων

939 1552 1065 1587 nequitia:
1082 1551 1266 1587 potestatibus
1283 1557 1332 1585 per
1353 1537 1557 1577 vehementem
1570 1548 1648 1575 illum
1669 1547 1725 1583 spi-

91 1593 152 1620 τῶν
169 1594 300 1630 ῥυπαρῶν
323 1595 468 1630 δαιμονίων
489 1596 745 1623 ἀποσκεδασθέντων
761 1596 815 1623 ἀπὸ
837 1596 885 1623 τοῦ

939 1598 1018 1625 ritum
1037 1597 1172 1631 disjectis,
1189 1597 1351 1631 cunctisque
1366 1594 1447 1622 foedis
1461 1593 1633 1621 dazmonibus
1648 1593 1723 1628 ejus-

92 1641 191 1676 ἀέρος,
213 1641 242 1668 ὲν
258 1642 290 1676 τῇ
308 1641 412 1677 καθόδῳ
430 1641 478 1668 τοῦ
502 1641 680 1677 Πνεύματος,
706 1641 820 1677 πλήρεις
836 1642 887 1677 τῆς

939 1643 996 1671 dem
1015 1643 1133 1670 adventu
1147 1650 1181 1670 ex
1195 1649 1258 1670 aere
1272 1641 1405 1676 expulsis,
1425 1640 1517 1668 divina
1536 1640 1648 1672 virtute,
1664 1645 1727 1674 spe-

94 1686 175 1718 θείας
195 1686 344 1722 δυνάμεως,
358 1688 387 1713 ὲν
409 1687 473 1714 εῖδει
498 1688 594 1723 πυρὸς,
611 1688 636 1714 oi
661 1689 690 1714 ὲν
715 1687 754 1715 τῶ
770 1688 886 1724 ὑπερῴῳ

94 1731 325 1767 καταλειφθέντες
337 1733 469 1766 ἐγένοντο·
478 1733 537 1760 οὐδὲ
549 1733 604 1769 γάρ
616 1734 673 1760 ἐστι
681 1733 792 1760 δυνατὸν
799 1733 885 1765 ἄλλως

94 1777 212 1812 μέτοχον
226 1778 384 1813 Πνεύματος
398 1779 474 1813 ἁγίου
484 1779 611 1814 γενέσθαι
624 1779 694 1812 τινὰ,
707 1779 745 1814 μὴ
755 1779 794 1814 τῷ
807 1780 887 1815 ὑπερ-

91 1823 143 1859 ώῳ
163 1823 214 1858 τῆς
236 1824 308 1859 ζωῆς
337 1823 438 1859 ταύτης
458 1824 672 1860 ἑνδιαιτώμενον.
691 1826 769 1852 Ὂσοι
785 1825 838 1860 γὰρ
851 1825 887 1852 τὰ

92 1867 154 1894 ἄνω
171 1866 310 1901 φρονοῦσι,
337 1866 498 1901 μεταθέντες
518 1867 623 1894 ἑαυτῶν
641 1867 694 1894 ἀπὸ
712 1868 764 1903 γῆς
781 1868 822 1900 είς
841 1868 887 1895 οὐ-

94 1912 179 1947 ρανὸν
195 1912 226 1939 τὸ
242 1912 401 1948 πολίτευμα.
418 1913 464 1940 τοῦ
482 1913 607 1949 ὑπερῴου
622 1914 672 1949 τῆς
688 1913 793 1949 ὑψηλῆς
810 1914 886 1940 πολι-

91 1958 173 1989 τείας
187 1958 264 1990 ὃντες
279 1959 430 1995 οἰκήτορες,
451 1960 480 1986 έν
500 1959 628 1995 μετουσίᾳ
642 1959 689 1986 τοῦ
706 1960 783 1994 ἁγίου
799 1960 886 1986 11νεύ-

96 2012 186 2039 ματος
200 2003 330 2038 γίνονται.
345 2004 423 2032 Οὕτω
438 2005 491 2041 γάρ
505 2014 587 2041 φησιν
600 2006 617 2040 ὴ
631 2005 736 2040 ἱστορία
751 2005 804 2032 τῶν
816 2005 888 2041 Πρά-

96 2049 178 2082 ξεων,
196 2050 236 2075 δτι
253 2050 429 2085 συνηγμένων
445 2050 535 2077 αὐτῶν
549 2051 578 2076 ἐν
592 2050 631 2085 τῷ
643 2050 768 2086 ὑπερώῳ.
788 2050 818 2077 τὸ
837 2059 887 2077 κα-

936 1688 1005 1716 ciem
1022 1689 1093 1723 ignis
1107 1695 1163 1723 prae
1182 1694 1212 1716 se
1228 1686 1350 1720 ferente,
1368 1685 1464 1721 repleti
1478 1689 1553 1718 sunt,
1570 1685 1617 1720 qui
1631 1684 1659 1711 in
1679 1691 1728 1711 su-

935 1733 1045 1769 periore
1067 1734 1167 1761 domus
1185 1736 1262 1768 parte
1284 1731 1439 1767 degebant;
1459 1738 1547 1766 neque
1564 1731 1638 1758 enim
1666 1729 1726 1757 ﬁeri

937 1783 1044 1815 potest,
1066 1783 1096 1806 ut
1109 1779 1172 1814 quis
1191 1778 1280 1807 sancti
1299 1777 1418 1813 Spiritus
1440 1777 1577 1812 particeps
1591 1776 1655 1808 ﬂat,
1672 1775 1726 1803 nisi

936 1827 964 1855 in
988 1825 1142 1854 sublimiori
1166 1825 1248 1860 hujus
1264 1825 1327 1852 vitae
1346 1823 1472 1851 instituto
1495 1825 1630 1850 versetur.
1656 1819 1726 1847 Nam

937 1873 983 1907 qui
1001 1879 1032 1900 ea
1042 1891 1050 1903 ,
1065 1878 1127 1906 qua).
1138 1878 1247 1900 sursum
1260 1874 1341 1904 sunt,
1355 1870 1475 1905 sapiunt,
1490 1871 1517 1896 et
1531 1867 1595 1895 vitae
1609 1873 1726 1894 conver-

937 1917 1044 1945 satione
1059 1924 1075 1944 e
1099 1920 1174 1943 terra
1195 1916 1223 1943 in
1241 1915 1340 1943 coelum
1365 1915 1515 1947 translata,
1536 1913 1564 1940 in
1581 1912 1728 1941 ccenaculu

937 1962 1063 1990 sublimis
1074 1962 1149 1989 illius
1162 1961 1224 1988 vitae
1237 1960 1354 1988 rationis
1366 1960 1489 1987 habitant
1500 1977 1508 1990 ,
1522 1958 1549 1985 1ιὶ
1562 1957 1651 1986 sancti
1665 1956 1727 1992 Spi-

938 2008 1007 2035 ritus
1024 2007 1173 2042 participes
1193 2006 1272 2034 ﬁunt.
1296 2005 1474 2041 Congregatis
1494 2003 1565 2031 enim
1580 2003 1609 2030 in
1629 2009 1725 2029 cama-

938 2053 1001 2080 culo
1015 2052 1170 2087 discipulis,
1183 2056 1212 2079 ut
1226 2052 1254 2078 in
1268 2052 1386 2078 Actuum
1409 2049 1596 2085 apostolorum
1612 2047 1726 2075 historia

95 2096 182 2130 θαρὸν
196 2096 283 2122 ἐκεῖνο
295 2096 343 2122 καὶ
366 2096 445 2123 ᾶῡλον
469 2096 524 2131 πῦρ
539 2097 580 2128 είς
593 2096 649 2132 εἴδη
663 2095 804 2130 γλωσσῶν,
817 2095 887 2122 κατὰ

939 2101 1077 2129 narratur,
1091 2097 1166 2132 ignis,
1183 2097 1231 2125 ille
1248 2096 1358 2124 divinus
1375 2095 1518 2129 omnisque
1538 2092 1662 2120 materiei
1679 2099 1727 2119 ex-

92 2141 142 2167 τδν
163 2140 281 2176 ἀριθμὸν
297 2141 352 2167 τῶν
365 2142 506 2176 μαθητῶν,
523 2141 818 2176 διασχίζεται-Ἐκεῖνοι
837 2141 887 2176 μὲν

939 2152 1012 2178 pers,
1021 2144 1053 2170 ad
1064 2143 1217 2178 linguarum
1227 2142 1324 2174 instar,
1337 2149 1387 2176 pro
1403 2139 1560 2168 eorumdem
1576 2138 1727 2175 discipulo-

93 2185 143 2215 οὖν
163 2186 294 2222 Πάρθοις,
309 2186 356 2213 καὶ
372 2186 549 2222 Ι11ήδοις,,κα1.
574 2187 741 2222 Ἐλαμίταις,
763 2187 811 2213 καὶ
830 2188 887 2218 τοῖς

939 2197 997 2216 rum
1006 2196 1132 2220 numero,
1140 2187 1244 2215 divisus
1254 2191 1308 2215 est.
1320 2187 1359 2214 llli
1374 2194 1442 2221 ergo
1448 2185 1574 2217 Parthos,
1587 2183 1728 2215 Medos,“

93 2233 202 2263 λοιποῖς
217 2231 305 2259 ἔθνεσι
320 2231 480 2266 διελέγοντο,
496 2233 556 2259 κατ’
569 2232 692 2264 ἐξουσίαν
708 2232 777 2268 πρὸς
794 2233 885 2259 πᾶσαν

939 2234 1080 2265 Elamitas,
1091 2241 1123 2261 ac
1134 2233 1253 2268 reliquas
1266 2237 1362 2268 gentes
1376 2231 1597 2265 alloquebantur,
1612 2230 1645 2256 ad
1658 2237 1727 2264 quae

94 2278 209 2313 ἓθνικὴν
225 2277 349 2312 γλῶσσαν
361 2278 410 2309 τὰς
422 2278 526 2304 ἑαυτῶν
540 2278 631 2312 φωνὰς
651 2277 867 2313 μεθαρμόζοντες
877 2285 883 2292 ·

939 2280 1066 2308 rumlibet
1080 2286 1174 2307 carum
1194 2279 1303 2313 linguas
1317 2285 1399 2305 voces
1424 2284 1489 2304 suas
1513 2283 1564 2311 pro
1586 2275 1663 2304 libilu
1680 2283 1730 2303 aeq

100 2324 176 2359 Ἐτὼ
196 2324 239 2356 δὲ,
254 2324 344 2356 καθώς
365 2333 446 2359 φησιν
469 2325 483 2350 ὁ
503 2324 674 2356 ’Λπόστολος,
699 2324 775 2350 θέλω
797 2323 886 2350 πέντε

939 2324 1156 2353 commodantes.
1182 2328 1216 2351 At
1233 2332 1290 2359 ego,
1306 2328 1336 2350 ιιι
1353 2323 1442 2358 inquit
1463 2321 1629 2356 Apostolus,
1643 2321 1727 2352 malo,

93 2370 210 2404 λόγους
228 2370 262 2395 ἐν
283 2370 448 2403 Ἐκκλησίᾳ
470 2368 510 2401 τῷ
526 2370 577 2396 νοΐ
587 2378 645 2404 μου
671 2368 813 2402 λαλῆσαι,
836 2369 887 2396 ἵνα

939 2379 1017 2398 sensu
1033 2379 1089 2397 meo
1104 2371 1216 2405 quinque
1228 2369 1305 2396 verba
1321 2369 1392 2404 loqui
1412 2369 1439 2395 in
1456 2367 1577 2395 Ecclesia
1588 2386 1595 2398 ,
1614 2371 1644 2393 ut
1664 2367 1729 2394 aliis

93 2415 147 2442 καί
158 2415 273 2447 ἄλλους
285 2415 441 2449 ὠφελήσω,
457 2415 476 2448 ἣ
485 2415 612 2449 μυρίους
620 2414 731 2448 λόγους
744 2415 779 2441 ἐν
791 2414 887 2449 γλώσ-

939 2417 1019 2443 etiam
1035 2416 1144 2449 prosim,
1165 2424 1244 2450 quam
1260 2414 1346 2442 decem
1363 2414 1450 2441 millia
1473 2413 1608 2440 verborum
1630 2412 1657 2438 in
1675 2411 1726 2438 ίῑης

93 2470 151 2495 σῃ.
176 2461 244 2487 Τότε
262 2461 312 2495 μὲν
328 2461 462 2496 χρήσιμον
482 2460 513 2486 τὸ
533 2460 674 2495 ὁμόφωνον
694 2460 816 2494 γίνεσθαι
831 2462 887 2492 τοῖς

939 2470 990 2496 qua
1004 2462 1024 2488 ³.
1042 2460 1140 2488 Verum
1156 2465 1222 2488 tunc
1239 2461 1348 2495 quidem
1360 2459 1474 2487 multum
1489 2458 1601 2494 proluit,
1616 2462 1726 2491 aposto-

93 2505 305 2540 ἀλλογλώσσοις,
321 2506 358 2537 ὡς
371 2505 404 2532 ἂν
417 2505 455 2540 μὴ
468 2505 646 2541 ἁνενέργητον
660 2507 702 2541 εἴη
714 2506 744 2532 τὸ
755 2507 885 2541 κήρυγμα

939 2508 1028 2534 lorum
1050 2513 1143 2533 vocem
1166 2506 1281 2533 aliarum
1305 2505 1426 2540 gentium
1448 2503 1549 2539 linguis
1567 2502 1671 2537 aptari,
1691 2507 1726 2527 ne

93 2553 154 2583 τοῖς
168 2552 311 2586 ἀγνοοῦσι,
330 2552 363 2586 τῇ
378 2553 452 2586 φωνῇ
465 2550 521 2577 τῶν
535 2550 726 2587 κηρυσσόντων
742 2551 885 2586 ἐμποδιζό-

95 2605 180 2632 μενον
191 2604 197 2611 ’
214 2595 261 2623 νῦν
275 2595 365 2630 μέντοι
382 2596 432 2630 τῆς
447 2596 516 2623 κατὰ
530 2595 578 2631 τὴν
593 2595 716 2629 γλῶσσαν
730 2597 885 2631 ὁμοφωνίας

133 2685 144 2701 ⁸
158 2684 180 2711 ll
197 2683 261 2711 Cor.
277 2692 320 2716 ni,
340 2684 385 2711 l7.
420 2684 454 2711 ³1
471 2684 534 2711 Cor.
548 2692 603 2716 xtv,
623 2684 664 2711 19.

134 2766 172 2798 (5)
188 2764 274 2793 Zinus
294 2764 445 2799 1εείιΘεός,
457 2772 537 2800 atque
548 2773 585 2791 tta
599 2765 680 2792 etiam
703 2765 771 2791 alter
796 2763 884 2791 Vatic.

94 2801 184 2828 codex
204 2800 280 2833 legit.

134 2837 174 2870 (6)
200 2832 356 2861 l‘ronontcn
388 2833 488 2869 ταύτης
511 2842 565 2861 noti
580 2838 637 2862 erat
660 2833 685 2860 in
703 2832 764 2860 Ziui
778 2833 883 2866 codice,

940 2558 1093 2586 praeconum
1112 2550 1230 2585 linguam
1242 2549 1433 2584 ignorantibus
1448 2547 1585 2582 Evangelii
1602 2545 1724 2581 promul-

936 2596 1009 2632 gatio
1029 2596 1168 2623 incassum
1192 2595 1284 2628 ﬁeret;
1307 2602 1380 2622 nunc
1400 2598 1491 2621 autem
1518 2592 1649 2627 quoniam
1670 2597 1726 2621 una

937 2771 988 2790 nec
1013 2767 1101 2790 exstat
1130 2763 1156 2789 in
1184 2770 1238 2788 uno
1265 2769 1297 2788 ex
1322 2760 1472 2792 Vaticanis,
1492 2759 1518 2787 in
1536 2759 1616 2795 cujus
1628 2762 1723 2789 tamen

939 2797 1061 2829 margine
1076 2798 1185 2824 additur
1200 2804 1282 2823 manu
1297 2796 1416 2823 diversa.

974 2832 1012 2868 (7)
1029 2831 1107 2860 Alius
1122 2831 1220 2864 codex,
1237 2831 1261 2858 ὅ.
