1938 3082
227 144 279 171 699

856 135 885 164 S.
905 131 1069 164 cnecouu
1086 129 1232 158 NYSSENI

1807 119 1857 148 70]

227 203 377 237 eademque
390 199 484 234 lingua
499 197 615 230 utimur,
632 196 738 231 igneam
755 194 887 222 debemus
898 193 1018 228 Spiritus

1077 188 1165 224 ιῦσης,
1183 187 1346 222 ἐπιζητῆσαι
1369 185 1422 221 χρὴ
1445 184 1493 220 τὴν
1518 183 1634 218 πυρίνην
1657 181 1790 216 γλῶσσαν
1811 180 1857 237 τοῦ

228 251 348 284 tinguant
362 247 521 282 exquirere,
537 251 590 280 qua
605 251 652 271 eos
666 243 713 278 qui
733 250 781 277 per
794 249 918 269 errorem
931 241 958 268 in
976 245 1015 268 te-

229 294 322 321 nebris
337 295 492 322 versantur,
508 289 705 317 illuminemus.
726 286 760 314 Et
776 286 821 314 hic
837 286 919 313 etiam
937 285 1015 312 nobis

229 345 330 375 pnecat
344 338 439 369 David.
454 337 612 369 sociumque
631 333 684 362 sibi
698 333 830 368 adjungat
843 331 1014 366 Apostolum.

230 385 259 412 lu
279 385 328 412 hoc
341 384 415 412 enim
429 382 548 418 psalmo,
562 380 641 414 cujus
655 378 761 406 initium
772 377 851 404 nobis
863 375 1015 404 exsultandi

231 431 258 458 in
281 429 394 457 Domino
410 428 524 456 fortnam
545 424 722 460 suppeditat,
738 423 866 457 inquiens
878 441 886 453 ,
913 420 1014 452 Venite,

230 475 391 502 exultamus
415 473 545 504 Domino,
564 479 618 498 non
638 470 727 498 solum
744 469 777 496 ad
793 467 913 503 Spiritus
929 465 1016 494 sancti

232 522 328 549 laudes
347 520 527 548 celebrandas
546 517 726 549 adducimur;
744 515 791 543 sed
809 514 902 550 potius
915 520 950 540 ex
965 512 1015 544 iis,

231 575 293 602 quae
312 571 407 601 postea
421 568 583 600 sequuntur,
598 563 632 591 de
647 561 771 597 ejusdem
789 557 1017 602 divinitateodo-

233 618 338 637 remur.
355 611 414 645 Ipsa
428 612 517 636 autem
532 607 674 640 Prophetas
687 604 768 633 verba
779 603 857 631 vobis
869 601 1016 638 proferam.

234 657 335 691 quibus
357 663 472 691 magnus
492 655 556 682 item
575 653 722 689 Apostolus
740 650 931 685 adstipulatur,
954 651 1018 675 sunt

234 707 324 729 autem
340 701 397 728 haec
414 712 420 728 :
438 700 523 727 Hodie
545 700 568 726 si
587 706 674 726 vocem
695 697 751 731 ejus
765 695 916 725 audieritis,
936 693 1018 720 nolite

235 744 365 771 obdurare
383 745 463 770 corda
478 747 578 774 vestra,
593 742 661 768 sicut
678 741 704 766 iu
716 738 916 766 exacerbatioue
931 744 1019 764 secun-

235 790 297 815 dum
312 789 380 816 diem
397 787 547 816 tcntatiouis
564 788 590 813 in
602 786 722 817 deserto,
737 784 781 810 ubi
799 786 964 810 teutavcrunt
980 789 1019 808 me

235 839 323 869 patres
351 834 462 861 vestri‘.
487 832 589 860 Horum
604 830 705 866 quippe
727 821 893 856 mentionem
914 827 1018 854 faciens

235 880 344 906 divinus
365 879 531 913 Apostolus.
551 878 591 904 sic
611 877 667 908 ait,
683 875 850 909 Quapropter
873 873 941 900 sicut
956 873 1020 899 dicit

237 923 352 957 Spiritus
363 928 469 950 sanctus
479 923 488 938 '
499 931 506 954 ;
519 926 599 956 atque
611 921 647 948 ita
661 919 799 955 prmfatus,
812 919 869 946 haec
881 918 1022 952 Propheta:

237 969 319 996 verba
344 968 436 995 statim
463 967 553 1000 affert,
579 966 698 1001 Spiritus
719 965 806 992 sancti
830 972 951 1000 persona:
975 964 1021 990 illa

237 1013 396 1040 attribuens.
415 1012 482 1045 Quis
509 1012 592 1047 igitur
613 1016 672 1042 est.
685 1018 766 1046 quem
788 1015 879 1045 patres
900 1010 1020 1044 ipsorum

236 1062 411 1086 tentavernut
434 1059 462 1086 in
481 1057 609 1085 deserto?
627 1056 696 1089 Quis
711 1061 772 1087 est,
793 1063 874 1090 quem
891 1054 1018 1082 irritave-

237 1103 318 1130 runt?
328 1103 406 1130 Disce
417 1103 452 1130 ab
462 1101 557 1130 eodem
571 1101 707 1136 Propheta
721 1100 1021 1132 dicente,Teutaverunt

237 1148 323 1175 Deum
344 1148 476 1175 excelsam
500 1148 522 1174 ⁸.
538 1146 620 1181 Atqui
647 1145 795 1181 Apostolus
818 1153 879 1172 cum
901 1145 1022 1180 Spiritus

236 1199 360 1228 personae
371 1193 534 1220 mentionem
546 1191 696 1226 injecisset,
709 1190 758 1217 has
769 1189 878 1217 easdem
890 1190 928 1217 illi
943 1198 1023 1218 voces

237 1237 346 1268 tribuit.
369 1237 518 1271 inquiens:
535 1236 710 1270 Quapropter,
729 1235 798 1262 sicut
821 1234 886 1261 dicit
907 1234 1023 1269 Spiritus

237 1288 345 1310 sanctus
357 1292 366 1310 :
381 1283 530 1311 Secundum
550 1283 619 1309 diem
633 1280 787 1309 tentatiouis
802 1280 830 1306 in
844 1280 947 1308 deserto
957 1301 964 1313 ,
981 1281 1024 1307 ubi

238 1332 402 1357 tentaverunt
417 1338 457 1356 me
467 1333 554 1364 patres
566 1330 659 1356 vestris

273 1420 359 1453 Quem
386 1419 471 1455 igitur
490 1419 575 1447 Deum
599 1420 738 1448 excelsum
765 1420 934 1455 nuncupavit
958 1420 1025 1447 Pro-

240 1465 336 1500 pheta,
351 1465 424 1492 hunc
437 1465 547 1492 divinus
562 1465 711 1500 Apostolus
724 1470 850 1494 sanctum
863 1473 925 1493 esse
939 1464 1025 1500 Spiri-

209 1537 214 1541 ,
240 1515 297 1536 tum
314 1510 424 1538 asserit.
435 1510 514 1543 Quod
528 1510 551 1538 si
567 1514 657 1538 autem
670 1518 765 1538 verum
780 1511 806 1538 id
824 1519 885 1538 esse
895 1519 950 1538 non
965 1518 1025 1538 cre-
1037 1520 1059 1547 ο

240 1554 293 1586 dis,
308 1562 417 1582 rursum
430 1562 490 1589 qure
503 1554 575 1582 dicta
591 1559 654 1581 sunt
667 1554 812 1583 considera
825 1563 832 1580 :
847 1554 1024 1588 Quapropter.

240 1598 309 1625 sicut
329 1598 392 1625 dicit
415 1598 531 1633 Spiritus
554 1604 674 1630 sanctus,
689 1598 780 1626 Nolite
801 1599 932 1627 obdurare
945 1600 1026 1626 corda

241 1647 337 1675 vestra,
349 1644 417 1670 sicut
432 1646 459 1670 in
473 1643 675 1675 exacerbatioue
691 1644 835 1671 secundum
851 1644 920 1671 diem
940 1649 1027 1671 tenta—

242 1689 321 1716 titmis
333 1690 359 1716 in
372 1689 488 1722 deserto,
503 1689 547 1716 ubi
563 1694 726 1717 tentaverunt
737 1698 776 1717 me
789 1695 879 1725 patres
893 1691 982 1717 uestri.
998 1690 1026 1717 Si

241 1740 306 1768 ergo
324 1732 442 1767 Spiritus
459 1736 572 1760 sanctus
586 1733 663 1766 dicit,
689 1733 866 1761 Tentaverunt
881 1742 922 1760 me
934 1738 1024 1768 patres

241 1778 322 1805 uestri
339 1779 366 1804 in
381 1778 499 1810 deserto;
517 1778 652 1814 Propheta
670 1787 735 1807 vero
752 1784 879 1810 testatur.
899 1787 960 1807 eum
981 1780 1028 1814 qui

242 1828 364 1851 tentatus
379 1827 431 1856 est,
450 1824 588 1852 excelsum
604 1832 665 1853 esse
685 1824 789 1858 Deum;
804 1825 944 1852 obstructa
964 1833 1029 1860 ergo

243 1871 308 1896 sunt
334 1868 440 1895 illorum
468 1876 534 1901 ora,
557 1869 604 1904 qui
624 1868 754 1903 Spiritum
777 1874 901 1897 sanctum
927 1873 1030 1898 temere

244 1917 447 1948 oppugnant.et
456 1914 604 1948 loquuntur
614 1914 784 1949 iniquitatem
794 1916 926 1943 adversus
933 1915 1028 1949 Deum,

244 1965 307 1985 cum
323 1958 465 1992 perspicue
479 1961 535 1985 tum
550 1958 707 1994 Apostolus,
719 1963 776 1986 tum
790 1957 938 1993 Propheta,
953 1959 981 1986 in
996 1959 1030 1986 iis

244 2012 306 2039 qua:
327 2003 464 2036 diximus,
485 2003 604 2039 Spiritus
623 2004 712 2031 sancti
734 2003 906 2031 divinitatem
932 2003 1030 2038 pradi-

244 2053 318 2076 cent.
336 2048 471 2084 Propheta
486 2049 595 2084 quidem
609 2049 674 2076 dum
692 2048 741 2081 ait.
757 2048 931 2076 Tentaveruut
947 2048 1030 2076 Deum

243 2095 385 2126 excelsam,
396 2099 423 2122 ct
437 2098 566 2130 tanquam
580 2093 626 2121 Dei
639 2101 782 2129 personam
798 2093 910 2121 indutus
924 2093 1032 2121 lsraeli-

246 2145 287 2167 Ias
302 2140 394 2167 verbis
409 2139 463 2167 illis
477 2139 636 2174 alloquitur,
649 2137 682 2164 In
696 2138 800 2165 deserto
815 2141 979 2164 tentavenmt
991 2145 1031 2164 me

1066 233 1228 269 Πνεῦμα-τος
1245 233 1286 264 εις
1302 230 1441 267 φωτισμὸν
1457 229 1510 256 τῶν
1525 228 1558 255 δι’
1570 227 1678 263 ἀπάτης
1692 224 1853 259 ἐσκοτωμέ-

1065 287 1130 306 νων.
1145 278 1250 305 οὐκοῦν
1264 277 1310 305 καὶ
1323 276 1393 312 πρὸς
1405 275 1484 302 τοῦτο
1495 275 1569 310 ἡμᾶς
1584 272 1746 308 ὁδηγησάπω
1763 270 1857 302 Δασὶδ,

1066 324 1265 360 συγχορεύοντα
1281 323 1370 350 λαϐὼν
1379 321 1472 365 ἑαυτῷ
1485 320 1530 348 τὸν
1549 319 1721 346 Ἀπόστειλον.
1743 317 1792 344 Ἐν
1804 316 1858 350 γὰρ

1065 372 1099 406 τῇ
1115 370 1259 406 ψαλμῳδία
1276 368 1373 405 ταύτῃ.
1388 363 1425 404 ἧς
1444 367 1461 402 ή
1476 366 1547 401 ἀρχὴ
1561 366 1592 392 τὸ
1612 363 1771 399 ἀγαλλίαμα
1793 363 1858 397 ἡμῖν

1064 415 1095 443 τὺ
1113 415 1159 442 ἐπὶ
1171 414 1210 450 τῷ
1227 414 1321 449 Κυρίῳ
1334 412 1485 448 χαρίζεται,
1500 411 1626 445 λέγουσα·
1643 409 1744 441 Δεῦτε,
1763 409 1859 442 ἀγα-ιο

1065 460 1235 495 λιασὼμεθα
1250 458 1291 491 τῷ
1305 458 1419 492 Κυρίῳ,
1433 457 1464 484 οὗ
1479 456 1522 483 διὰ
1538 456 1633 483 τούτου
1655 455 1725 490 πρὸς
1740 455 1793 489 τὴν
1812 452 1859 479 τοῦ

1066 505 1145 540 ἁγίου
1161 504 1318 539 Πνεύματος
1330 501 1502 538 ὸδηγοὺμεθα
1516 500 1671 534 δοξολογίαν
1680 509 1687 516 ·
1700 499 1774 526 ἀλλὰ
1791 498 1859 525 πολῦ

1069 550 1169 587 μᾶλλον
1186 550 1214 576 ἐν
1228 550 1284 581 τοῖς
1301 548 1459 580 ὑπολοίποις
1474 547 1508 574 τὰ
1520 546 1585 582 περὶ
1600 548 1650 583 τῆς
1667 546 1797 581 θεότητος
1811 546 1860 572 αὑ-

1066 596 1113 623 τοῦ
1125 594 1316 630 διδασκόμεθα.
1332 594 1409 626 Λέξω
1429 593 1458 620 δὲ
1478 593 1542 628 ὑμῖν
1559 593 1629 620 αὐτὰ
1645 591 1692 619 τοῦ
1711 592 1861 628 Προφήτου

1067 641 1101 668 τὰ
1124 641 1244 676 ῥήματα,
1258 636 1299 671 οἷς
1318 638 1470 665 συντίθεται
1485 638 1532 665 καὶ
1545 638 1559 664 6
1576 637 1663 673 μέγας
1684 636 1860 667 ’Δπόοτολοςο

1068 686 1125 720 ἔχει
1137 685 1166 711 δὲ
1178 685 1194 720 ή
1212 683 1290 719 ῥῆσις
1300 682 1396 714 οὕτως·
1408 681 1543 717 Σήμερον
1552 681 1606 708 ἐὰν
1620 679 1675 715 τῆς
1686 678 1790 714 φωνῆς
1806 680 1862 706 αὐ-

1067 730 1121 757 τοῦ
1134 730 1295 763 ἀκούσητε,
1304 728 1347 763 μὴ
1360 727 1552 762 σκληρύνητε
1562 725 1614 759 τὰς
1625 725 1749 760 καρδίας
1763 724 1861 759 ὑμῶν.

1068 776 1108 808 ὡς
1125 775 1160 802 ἐν
1179 774 1219 807 τῷ
1242 772 1479 808 παραπικρασμῷ
1500 772 1575 800 κατὰ
1593 772 1651 806 τὴν
1669 770 1788 806 ἡμέραν
1806 770 1862 797 τοῦ

1070 820 1234 855 πειρασμοῦ
1247 820 1282 846 ἐν
1297 819 1335 853 τῇ
1351 819 1459 853 ἐρήμῳ,
1472 814 1508 845 οὗ
1523 815 1688 851 ἐπείρασαν
1699 824 1739 850 με
1755 816 1786 842 ot
1803 822 1864 841 xa-

1071 865 1154 900 τέρες
1167 864 1260 899 ὑμῶν.
1275 863 1385 890 Τούτων
1399 861 1591 898 μεμνημένοςὸ
1601 861 1672 892 θεῖος
1685 859 1862 890 Ἀπόστολος,

1071 911 1142 938 οὕτω
1154 910 1231 945 φησί·
1246 909 1294 936 Διὸ
1308 908 1404 941 καθὼς
1419 907 1500 943 ,λέγει
1512 906 1546 934 τὸ
1567 906 1688 941 Πνεῦμα
1704 904 1738 932 τὸ
1757 905 1862 938 (irror-

1071 956 1118 982 καὶ
1135 955 1215 982 τοῦτο
1229 953 1324 985 εἰπὼν,
1347 953 1449 984 ταύτας
1468 952 1516 979 τοῦ
1539 952 1680 986 Προφήτου
1695 950 1746 982 τὰς
1769 951 1863 985 ῥήσεις

1072 1002 1224 1038 ἐπήγαγεν,
1239 999 1403 1036 ἐφαρμόζων
1415 998 1499 1030 αὑτὰς
1510 997 1549 1033 τῷ
1562 996 1700 1032 προσώπῳ
1711 995 1760 1022 τοῦ
1776 995 1865 1022 Πνεῦ-

1073 1057 1169 1084 ματος.
1180 1047 1228 1079 Τίς
1239 1044 1285 1073 οὖν
1298 1046 1382 1077 ἐστιν,
1394 1045 1424 1071 ὃν
1435 1043 1584 1079 ἐπείρασαν
1599 1043 1623 1069 οἱ
1638 1041 1758 1077 πατέρες
1771 1041 1866 1067 αὐτῶν

1074 1095 1103 1120 ἐν
1113 1095 1147 1129 τῇ
1160 1093 1257 1128 ἐρήμῳ
1269 1100 1276 1124 ;
1288 1092 1340 1124 τίς,
1354 1091 1383 1117 ὃν
1394 1089 1592 1126 παρὼργισαν;
1606 1088 1684 1115 Μάθε
1700 1087 1767 1122 παρ’
1779 1086 1866 1114 αὐτοῦ

1072 1138 1118 1165 τοῦ
1135 1138 1287 1173 Προφήτου,
1300 1137 1329 1168 ὃς
1341 1144 1434 1170 φησιν,
1450 1135 1501 1161 ὅτι·
1523 1133 1703 1168 Ἐπείρασαν
1720 1131 1777 1159 τὸν
1789 1132 1868 1159 om

1072 1180 1125 1211 τὸν
1139 1183 1293 1218 Ὕψιστον.
1318 1181 1396 1209 Ἀλλὰ
1411 1181 1465 1216 μὴν
1476 1181 1492 1206 6
1511 1179 1670 1210 ’Δπόστολος
1683 1177 1826 1214 προτάξας
1836 1177 1868 1203 τὸ

1073 1230 1217 1265 πρόσωπον
1232 1228 1280 1255 τοῦ
1297 1227 1376 1262 ἁγίου
1391 1225 1566 1261 Πνεύματος,
1581 1224 1678 1259 ἐκείνῳ
1691 1223 1798 1254 ταύτας
1816 1222 1867 1254 τὰς

1074 1275 1165 1309 φωνὰς
1170 1274 1322 1309 ἀνατίθησι,
1330 1273 1428 1307 λέγων·
1439 1271 1499 1303 Διὸ,
1506 1270 1602 1304 καθὼς
1609 1269 1690 1304 λέγει
1698 1269 1734 1296 τὸ
1743 1268 1868 1303 Πνεῦμα

1074 1321 1108 1347 τὸ
1122 1320 1217 1354 ἅγιον,
1231 1319 1277 1346 ὅτι
1288 1318 1363 1346 κατὰ
1375 1317 1432 1351 τὴν
1447 1317 1561 1351 ἡμέραν
1579 1315 1632 1343 τοῦ
1646 1314 1818 1350 πειρασμοῦ
1834 1314 1869 1340 ἐν

1074 1366 1111 1400 τῇ
1125 1366 1233 1400 ἐρήμῳ,
1248 1362 1284 1393 οὗ
1300 1363 1465 1398 ἐπείρασάν
1476 1372 1514 1397 με
1531 1363 1558 1389 οὶ
1572 1361 1697 1396 πατέρες
1716 1359 1812 1395 ὑμῶν.

1111 1411 1214 1438 Οὐκοῦν
1226 1411 1256 1437 ὃν
1274 1410 1384 1444 ὕψιστον
1399 1408 1465 1435 Θεὸν
1481 1409 1494 1435 6
1515 1407 1662 1442 Προφήτης
1674 1405 1868 1441 κατωνόμασε,

1074 1456 1169 1484 τοῦτον
1184 1457 1199 1482 6
1214 1455 1285 1487 Θεῖος
1307 1453 1466 1485 Ἀπόστολος
1479 1453 1510 1479 τδ
1524 1451 1637 1487 Πνεῦμα
1652 1451 1682 1478 τὸ
1699 1451 1780 1485 ἁγιον
1796 1448 1870 1477 εἶναι

1075 1503 1158 1537 λέγει.
1173 1501 1204 1529 Ei
1218 1501 1247 1528 δὲ
1262 1502 1398 1533 ἀπιστεῖς,
1411 1500 1493 1527 πάλιν
1505 1499 1536 1525 τὸ
1549 1497 1693 1534 εἰρημένον
1705 1497 1869 1532 ἐπίσκεψαι·

1076 1548 1135 1580 Διὸ,
1149 1547 1245 1580 καθὼς
1262 1546 1343 1581 λέγει
1357 1545 1390 1573 r6
1401 1545 1523 1580 Πνεῦμα
1540 1543 1574 1571 τὸ
1587 1543 1690 1577 ἄτιον·
1701 1542 1751 1577 Μὴ
1770 1543 1872 1575 σκληο

1073 1595 1184 1628 prima
1199 1593 1252 1626 τὰς
1266 1592 1390 1626 καρδίας
1403 1590 1488 1626 ὑμῶν
1497 1611 1504 1622 ,
1521 1589 1561 1622 ὡς
1581 1589 1616 1615 ἐν
1629 1588 1669 1621 τῷ
1681 1595 1871 1623 παραπικρα-

1078 1638 1144 1673 σμῷ
1160 1638 1235 1665 κατὰ
1249 1637 1307 1672 τὴν
1320 1637 1434 1672 ἡμέραν
1450 1636 1505 1664 τοῦ
1518 1635 1685 1670 πειρασμοῦ
1699 1634 1736 1661 ἐν
1748 1633 1788 1668 τῇ
1800 1632 1870 1667 spa-

1075 1692 1131 1718 μῳ,
1147 1681 1183 1712 οὗ
1200 1683 1362 1718 ἐπεΙραο-άν
1376 1691 1411 1718 με
1427 1684 1454 1710 οι
1469 1682 1594 1717 πατέρες
1611 1680 1703 1716 ὑμῶν.
1720 1681 1752 1707 Et
1768 1678 1818 1706 οὖν
1840 1679 1870 1704 τὸ

1080 1729 1190 1765 Πνεῦμα
1204 1729 1234 1755 τὸ
1245 1728 1321 1763 ἆγιον
1336 1728 1420 1762 λέγει,
1432 1728 1484 1755 ὃτι·
1504 1726 1682 1762 Ἐπείρασάν
1691 1734 1730 1761 με
1740 1726 1769 1752 οἱ
1780 1724 1871 1751 πατέ-

1075 1783 1128 1809 ρες
1140 1774 1224 1810 ὑμῶν
1235 1775 1270 1802 ὲν
1283 1774 1321 1810 τῇ
1331 1775 1429 1809 ἐρήμῳ
1437 1783 1444 1790 ·
1457 1775 1471 1801 6
1482 1774 1511 1801 δὲ
1521 1773 1668 1809 Προφήτης
1683 1771 1871 1806 διαμαρτύρε-

1078 1830 1134 1854 ται,
1150 1821 1191 1848 δτι
1215 1822 1230 1848 6
1255 1821 1284 1847 ἐν
1306 1822 1338 1856 τῇ
1358 1821 1454 1856 ἐρήμῳ
1478 1818 1650 1854 πειρασθεὶς,
1676 1817 1788 1852 ῦψιστός
1811 1818 1871 1842 ἐστι

1080 1866 1145 1897 Θεός
1167 1866 1216 1899 (8)·
1237 1865 1373 1901 ἐνεφράγη
1391 1864 1426 1891 τὰ
1449 1864 1570 1899 στόματα
1591 1862 1645 1889 τῶν
1667 1861 1871 1896 Πνευματομά-

1080 1921 1145 1947 χων⁷
1164 1911 1198 1938 τὰ
1209 1911 1341 1938 λαλοῦντα
1358 1911 1396 1945 (9)
1411 1910 1481 1937 κατὰ
1493 1908 1540 1936 τοῦ
1554 1908 1623 1935 Θεοῦ
1637 1907 1756 1938 ἀδικίαν,
1774 1906 1870 1941 σαφῶς

1080 1957 1126 1983 τοῦ
1140 1965 1170 1983 τε
1189 1956 1349 1983 Ἀποστόλου
1363 1956 1410 1982 καὶ
1422 1954 1469 1982 τοῦ
1485 1955 1627 1990 Προφήτου
1641 1953 1686 1980 διὰ
1707 1952 1764 1979 τῶν
1787 1953 1869 1987 εἰρη-

1082 2001 1170 2036 μένων
1181 2001 1230 2036 τὴν
1243 2001 1356 2036 θεότητα
1370 1999 1560 2036 κηρυσσόντων
1570 1998 1616 2025 τοῦ
1630 1997 1788 2033 Πνεῦματος
1800 2004 1809 2012 ο
1822 1996 1870 2023 τοῦ

1083 2047 1131 2081 μὲν
1148 2047 1278 2078 εἰπόντος,
1291 2047 1346 2079 in,
1367 2046 1548 2079 Ἐπείρασαν
1566 2044 1619 2070 τὸν
1630 2043 1705 2070 Θεὸν
1721 2043 1776 2069 τὸν
1786 2043 1872 2077 Ὕψι-

1081 2099 1171 2125 στον,
1187 2092 1232 2118 καὶ
1244 2091 1282 2123 ὡς
1296 2091 1372 2127 παρὰ
1387 2091 1434 2117 τοῦ
1449 2089 1517 2116 Θεοῦ
1533 2091 1589 2121 τοῖς
1607 2088 1787 2124 Ἰσραηλίταις
1803 2096 1872 2124 προς

1082 2137 1210 2172 φέροντος
1220 2137 1270 2172 τὴν
1285 2137 1363 2172 ῥῆσιν
1378 2136 1484 2170 ἐκείνην
1492 2135 1558 2170 (l0),
1575 2135 1626 2167 ὅτι,
1650 2135 1702 2161 'Er
1719 2133 1756 2168 τῇ
1771 2134 1873 2168 ἐρήμῳ

244 2189 333 2219 patres
347 2185 448 2211 uestri:
469 2191 585 2218 magnus
603 2191 668 2211 vero
691 2183 792 2210 Paulus
803 2203 810 2215 ,
826 2183 892 2210 dum
910 2183 968 2210 hac
982 2190 1026 2210 ea-

1081 2181 1246 2216 ὲπείρασάν
1258 2190 1296 2216 με
1317 2182 1345 2208 οι
1366 2181 1492 2215 πατέρες
1507 2180 1608 2215 ὑμῶν·
1628 2179 1676 2206 τοῦ
1696 2179 1727 2206 δὲ
1751 2179 1871 2214 μεγάλου

248 2230 310 2257 dem
325 2229 410 2257 verba
427 2229 540 2264 Spiritui
557 2232 654 2256 sancto
669 2228 813 2262 attribuit;
828 2232 858 2255 ut
870 2236 903 2255 ex
918 2228 961 2255 his
971 2227 1031 2255 evi-

247 2277 342 2303 denter
356 2279 456 2310 pateat,
474 2275 608 2310 Spiritum
623 2279 748 2303 sanctum
768 2282 830 2302 esse
845 2274 928 2302 Deum
940 2274 1031 2302 excel-

249 2329 322 2348 sum.
339 2321 475 2348 Videntne
487 2328 552 2356 ergo
567 2320 613 2355 qui
634 2320 728 2355 gloriae
747 2319 867 2355 Spiritus
883 2319 1031 2347 adversan-

249 2371 305 2399 tur,
326 2367 432 2402 igneam
453 2373 594 2393 sacrorum
619 2365 789 2401 eloquiorum
813 2365 952 2400 linguam,
973 2372 1033 2400 qua:

247 2414 364 2440 obscura
388 2416 483 2444 erant,
507 2411 707 2439 illustrantem?
735 2412 775 2438 An
801 2418 869 2442 nos,
894 2414 924 2437 ut
943 2415 1034 2438 musto

1085 2227 1191 2254 Παύλου
1205 2226 1244 2262 τῷ
1260 2227 1330 2261 ἁγίῳ
1348 2225 1488 2261 Πνεύματι
1502 2226 1603 2257 ταύτας
1614 2225 1664 2257 τὰς
1677 2224 1772 2259 φωνὰς
1786 2225 1872 2259 ἐφαρ-

1086 2273 1235 2308 μόσαντος,
1256 2272 1294 2304 ὼς
1318 2271 1362 2299 διὰ
1386 2271 1489 2298 τούτων
1511 2271 1634 2306 ἐναργῶς
1659 2269 1870 2305 ἀποδειχθῆναι,

1084 2319 1125 2345 ὅτι
1138 2319 1204 2350 Θεὸς
1220 2318 1330 2353 ὕψιστος
1341 2317 1372 2344 τὸ
1386 2317 1499 2353 Πνεῦμά
1511 2318 1570 2344 ἐστι
1583 2317 1613 2343 τὸ
1624 2316 1711 2350 ἅγιον.
1723 2314 1798 2351 *Δρα
1811 2315 1873 2350 βλέ-

1085 2373 1181 2392 πουσιν
1196 2365 1222 2391 οἱ
1239 2364 1331 2400 ἐχθροὶ
1344 2365 1394 2399 τῆς
1412 2363 1489 2398 δόξης
1502 2362 1550 2390 τοῦ
1574 2362 1733 2397 Πνεῦματος
1750 2362 1809 2396 (Ml
1825 2363 1874 2395 τὴν

1086 2410 1203 2445 πυρίνην
1223 2409 1348 2444 γλῶσσαν
1362 2408 1416 2436 τῶν
1429 2408 1509 2435 θείων
1523 2407 1622 2442 λογίων
1634 2407 1684 2442 τὴν
1701 2406 1736 2434 τὰ
1750 2415 1875 2442 κεκρυμ-

286 2494 296 2510 ⁵
308 2494 380 2522 Psal.
393 2501 466 2527 xciv,
479 2494 505 2526 δ,
520 2493 547 2521 9.
583 2493 594 2509 ⁵
605 2492 672 2520 Heb.
691 2499 732 2524 Ill,
749 2492 774 2518 7.
812 2492 823 2507 °
835 2491 906 2520 Psal.
921 2499 1023 2524 Lxxvu,
1040 2490 1087 2520 56.

286 2571 324 2606 (8)
342 2570 403 2598 Haec
415 2573 457 2598 est
470 2577 537 2606 vera
547 2569 639 2606 hujus»
651 2569 703 2606 loci
717 2568 1032 2606 le_ctio._qnam__V_atica-

249 2613 304 2633 nus
315 2603 407 2632 'codes
430 2613 506 2631 num.
523 2605 575 2632 5G4
590 2603 718 2632 exhibet.
739 2604 767 2630 In
790 2604 877 2631 altero
894 2603 1033 2630 Vaticana).

250 2641 343 2668 itidem
359 2640 530 2667 Bibliothecae
546 2639 640 2667 codice
655 2647 731 2666 num.
753 2639 820 2665 1097
838 2638 908 2665 male
924 2638 1032 2672 legitur,

249 2671 281 2701 οῦ
297 2675 446 2710 ἐπείρασαν
464 2682 498 2710 με
519 2675 543 2700 οἱ
564 2674 680 2709 πατέρες
699 2674 775 2710 ὑμῶν
793 2682 799 2689 -
818 2674 832 2699 6
846 2673 873 2699 δὲ
889 2671 1034 2710 Προῷήτης

250 2706 475 2745 διαμαρέύρξταιὲ
491 2709 532 2745 ξῖι
546 2710 560 2735 ό
575 2710 603 2735 ὲν
617 2706 649 2743 τῆ
670 2706 765 2745 amre
793 2706 949 2745 πειεοεσθέὶς
971 2706 1034 2740 ὕψι-

253 2741 313 2774 ere;
330 2741 480 2775 ἕστι”Θεός.
499 2743 560 2771 Haec
580 2741 670 2770 autem
687 2741 771 2770 'le'ctio
797 2742 823 2769 in
842 2741 902 2768 Zini
923 2749 1034 2776 quoque

252 2779 347 2805 rodice
369 2779 574 2813 reperiebatur;
595 2778 675 2805 vertit
705 2778 789 2813 enim,
824 2776 1035 2813 Propheta_vero

254 2818 376 2845 testatur.
394 2811 452 2841 eum
467 2814 511 2848 qui
529 2817 642 2848 tentatus
654 2812 734 2848 estin
748 2811 860 2848 deserto,
877 2820 933 2838 esse
950 2811 1033 2848 Deam

253 2849 395 2876 excelsum.
424 2845 491 2876 Male
515 2848 598 2876 etiam
622 2847 649 2874 in
678 2847 764 2874 altero
780 2847 911 2874 Vaticano
936 2845 1032 2874 codice

1083 2566 1224 2597 scribitur,
1240 2567 1272 2593 Ει
1283 2562 1329 2592 οὖν
1339 2565 1369 2591 τὸ
1382 2563 1494 2599 Πνεῦμα
1504 2562 1534 2589 τδ
1545 2562 1621 2599 ἅγιον
1632 2561 1707 2599 λέγεε
1720 2580 1728 2591 ,
1745 2560 1789 2587 ὃτι
1803 2561 1875 2599 ἐπε-Ξ-

1084 2603 1171 2647 festiv
1183 2595 1253 2647 ρί
1267 2601 1384 2647 παέέρες
1399 2595 1476 2634 ὑμῶν
1487 2599 1515 2625 ἐν
1529 2598 1562 2632 τῇ
1574 2597 1680 2632 ἐρήμῳ,
1693 2596 1708 2622 6
1718 2595 1875 2630 πειρασθεὶς

1100 2635 1216 2672 Trito-rd;
1228 2636 1286 2661 ἐστι
1299 2635 1374 2672 Θεὸς.

1122 2666 1161 2702 (9)
1175 2666 1252 2698 Alius
1265 2670 1360 2701 codex,
1374 2668 1428 2695 τῶν
1443 2666 1604 2693 λαλούντων.

1121 2700 1178 2741 (l0)
1207 2705 1293 2741 linus
1304 2704 1391 2741 aliter
1415 2702 1576 2741 legitinam
1603 2700 1803 2741 ipterpretatqs
1825 2703 1873 2741 est,

1086 2733 1148 2775 Ιρὶο
1165 2733 1218 2767 Deo
1240 2739 1324 2766 verbis
1351 2738 1405 2765 illis
1424 2733 1564 2764 liraolitas
1582 2733 1731 2769 alloqueuto
1744 2741 1755 2760 :
1774 2733 1809 2760 lu
1833 2734 1873 2760 de-

1089 2781 1171 2806 ιενιο.
1188 2779 1242 2801 etc.

1122 2802 1177 2844 (tt)
1196 2808 1316 2844 Verbum
1334 2807 1552 2844 τοῦνῐῐνεύματος
1573 2804 1667 2832 omisit
1694 2802 1796 2836 Zinus,
1828 2811 1873 2830 nec

1087 2842 1202 2872 habetur
1217 2844 1244 2871 in
1260 2843 1313 2871 alio
1329 2842 1432 2870 codice.
