1938 3082
220 128 273 157 7οἶ

820 127 849 155 S.
871 127 1032 155 GREGURII
1051 126 1196 154 NYSSENI

1800 123 1852 150 7οι

220 184 363 218 Quomodo
391 184 445 216 hic.
470 188 517 211 aut
549 183 688 218 quomodo
709 184 777 211 ille?
801 183 848 212 Ille
871 185 1008 212 hominem

1068 183 1183 218 ιιμητὴς
1197 182 1244 209 τοῦ
1262 183 1406 209 Δεσποτου.
1427 181 1489 213 Πῶς
1502 178 1590 214 οὗτος,
1609 181 1625 216 ἢ
1648 181 1706 212 πῶς
1727 182 1850 213 ἐκεῖνος;

221 239 271 268 pro
288 231 368 259 nobis
396 230 524 263 induens,
549 230 593 257 hic
611 237 660 264 pro
673 230 719 257 illo
742 229 879 257 hominem
892 238 1006 258 exuens.

222 278 270 305 Ille
287 277 349 304 vitae
364 277 521 311 speluncam
536 279 650 310 propter
667 282 719 302 nos
739 274 863 308 subiens.
883 275 927 302 hic
945 283 1008 310 pro-

223 330 283 358 pter
305 323 382 350 illum
412 329 444 348 ex
473 321 605 356 spelunca
625 320 774 348 excedens.
791 319 838 347 Ille
866 327 915 356 pro
929 321 1009 348 nobis

224 369 318 396 fasciis
335 367 487 398 involutus,
506 367 550 393 hic
566 373 616 401 pro
632 366 679 393 illo
705 366 856 401 lapidatus.
872 366 920 393 Ille
936 374 1010 393 mor-

224 419 277 440 tem
295 414 466 443 inter-iniens,
481 412 527 439 hic
550 411 630 438 morti
648 411 749 446 jacenti
768 411 916 439 insultans.
932 411 1010 438 Enim

225 467 300 490 VCI‘O,
332 459 441 489 fratres,
458 465 658 485 COIICUI‘I'IIIIIUS
673 458 756 483 etiam
772 465 824 484 1108
837 465 964 484 SCI‘IHOIIC
977 458 1010 484 ad

224 505 373 533 theatrum.
390 513 445 539 quo
461 511 575 540 magnus
599 503 643 530 ille
661 504 762 531 athleta
789 504 906 536 laborat.
921 509 949 532 et
963 505 1012 531 ud-

225 558 321 578 versus
351 550 504 584 improbum
529 549 655 576 humana:
679 550 741 576 vita:
762 550 948 577 adversarium
977 549 1012 577 ad

226 600 363 623 certamen
381 595 532 630 accingitur
546 595 573 622 in
590 595 678 622 stadio
697 595 890 624 confessionis.
908 595 1011 624 Revera

226 641 310 672 enim,
321 641 397 676 juxta
413 649 506 668 vocem
523 641 599 668 Pauli
611 642 631 673 ⁸,
649 641 751 668 mundo
767 645 794 668 et
806 641 910 676 angelis
925 642 1012 669 etho-

227 687 346 714 minibus
367 686 525 721 spectaculo
542 686 593 713 fuit
627 693 743 721 magnus
767 686 812 713 illo
843 686 1010 721 Stephanus,

224 732 272 766 qui
287 732 391 766 primus
418 732 568 766 Stephano,
595 732 620 759 id
644 736 696 763 est,
713 740 811 758 corona
828 732 1012 761 confessionis

226 777 371 804 redimitus
385 781 412 804 et
439 781 554 805 ornatus
568 781 621 810 est,
635 782 785 813 martyrum
806 778 889 805 ctetui
908 779 1011 806 aditum

226 822 312 855 fecit;
336 822 383 857 qui
402 822 506 858 primus
533 830 621 857 usque
646 822 680 849 ad
709 824 871 858 sanguinem
900 830 1012 858 peccato

1064 230 1194 260 Ἐκεῖνος,
1220 228 1265 255 τὸν
1288 228 1429 263 ἄνθρωπον
1457 228 1528 264 ὑπὲρ
1552 227 1633 263 ἡμῶν
1659 227 1850 263 ἐνδυσάμενος,

1058 272 1156 306 οὗτος,
1180 274 1226 300 τὸν
1252 273 1394 308 ἄνθρωπον
1411 273 1482 309 ὑπὲρ
1505 273 1610 300 ἐκείνου
1634 272 1851 307 ἀποδυσάμενος.

1065 321 1194 351 Ἐκεῖνος,
1207 319 1237 346 τὸ
1248 318 1294 345 τοῦ
1308 318 1365 354 βίου
1379 319 1510 353 σπήλαιον
1523 319 1555 345 δι’
1568 319 1642 354 ἡμᾶς
1655 318 1851 353 ὑπερχόμενος,

1059 364 1146 398 οὗτος,
1159 365 1205 392 τοῦ
1221 364 1353 400 σπηλαίου
1365 365 1398 391 δι’
1411 365 1512 391 ἐκεῖνον
1527 364 1754 400 ὐπεξερχόμενος.
1763 365 1852 391 Ἐκεῖ-

1060 420 1114 443 νος,
1128 411 1197 446 ὑπὲρ
1213 410 1291 446 ἡμῶν
1306 410 1558 446 σωργανοὺμενος,
1574 407 1734 446 οὖτος,ύπὲρ
1746 410 1852 437 ἐκείνου

1061 457 1299 492 καταλιθούμενος.
1318 457 1436 488 Ἐκεῖνος
1451 456 1571 492 ἀναιρῶν
1583 456 1628 483 τὸν
1637 456 1763 489 θάνατον,
1774 454 1853 489 οὗτος

1060 503 1232 538 ὲπεμῦαίνων
1258 503 1297 538 τῷ
1320 503 1426 537 θανάτῳ
1449 503 1578 538 κειμένῳ.
1607 502 1688 529 Ἀλλά
1711 503 1766 538 γὰρ
1789 511 1853 529 συν-

1061 549 1227 585 δράμωμεν,
1251 548 1377 583 ἀδελφοὶ,
1401 549 1447 575 καὶ
1470 549 1551 584 ἡμεῖς
1575 547 1614 584 τῷ
1640 548 1711 583 λόγῳ
1733 548 1804 583 πρὸς
1823 548 1853 575 τὸ

1062 595 1184 631 θέατρον,
1198 595 1236 626 ὼς
1250 596 1264 622 ὁ
1277 594 1396 630 ἀθλητὴς
1416 595 1431 621 ὁ
1449 595 1535 630 μέγας
1556 594 1763 629 ὲναγωνίσ-ηται,
1784 593 1852 628 πρὸς

1061 639 1106 666 τὸν
1121 639 1239 675 πονηρὸν
1259 639 1405 666 ἀντίπαλον
1419 639 1470 674 τῆς
1493 638 1666 674 ἀνθρωπίνης
1682 638 1756 672 ζωῆς
1771 638 1802 664 έν
1816 637 1853 672 τῷ

1063 686 1161 721 σταδίῳ
1179 685 1229 720 τῆς
1253 685 1397 720 ὁμολογίας
1421 684 1613 720 ἀποδυόμενος.
1646 683 1767 719 Ἀληθῶς
1787 683 1852 717 γὰρ.

1062 733 1133 760 κατὰ
1146 733 1195 768 τὴν
1209 731 1314 759 Παύλου
1330 732 1432 767 φωνὴν,
1448 732 1560 767 θέατρον
1573 731 1690 766 ἐγενήθη
1705 731 1744 765 τῷ
1758 730 1853 765 κόσμῳ

1063 778 1109 805 καὶ
1121 778 1244 812 ἀγγέλοις
1257 778 1303 804 καὶ
1317 777 1471 814 ἀνθρώποις
1483 778 1497 804 ὁ
1513 777 1597 812 μέγας
1613 777 1761 810 Στέφανος,
1779 776 1855 812 πρῶ-

1062 833 1108 855 τος
1123 824 1168 851 τὸν
1182 824 1314 858 στέφανον
1327 824 1376 859 τῆς
1391 822 1534 858 ὁμολογίας
1549 823 1766 858 ἀναδησάμενος,
1779 822 1856 857 πρῶ-

227 868 389 895 adversatus
403 873 455 897 est.
470 870 509 896 Ae
523 870 589 896 mihi
605 869 714 897 videtur
727 869 1012 904 supramundanorum

1068 878 1110 902 τος
1125 869 1163 905 τῷ
1178 869 1251 905 χορῷ
1264 869 1317 896 τῶν
1334 869 1480 905 μαρτύρων
1495 869 1655 904 δδοποιήσας
1669 869 1720 903 τὴν
1740 868 1854 899 εἴσοδον,

224 912 365 940 exercitus
382 913 481 946 omnis,
494 917 521 940 et
537 921 632 941 omnes
645 914 804 948 angelorum
816 914 947 950 legiones.
959 920 1015 942 tam

228 957 442 985 ministrantium
457 966 538 993 quam
554 959 759 987 assistentium:
774 967 806 986 ac
820 960 842 988 si
861 960 927 995 quid
941 961 1013 989 aliud

224 1001 363 1036 dignitate
378 1002 521 1036 prmditum
545 1003 574 1030 in
590 1005 718 1038 supernis
733 1005 856 1039 partibus
872 1005 1015 1040 audimus,

226 1047 302 1082 quod
331 1047 358 1075 in
374 1048 587 1083 principatibus,
607 1053 635 1077 et
648 1049 798 1078 virtutibus
822 1054 850 1079 et
865 1051 974 1079 thronis
989 1056 1017 1080 et

226 1094 411 1128 potestatibus
435 1099 463 1122 et
485 1094 720 1123 dominationibus
735 1100 871 1129 versetur,
883 1101 911 1124 et
926 1098 1016 1125 omnis

229 1139 350 1166 cmlestis
362 1144 513 1168 conventus
536 1144 602 1168 tunc
623 1141 755 1168 athletam
775 1149 838 1169 cum
858 1143 1017 1171 adversario

225 1184 420 1220 conﬂigentem
443 1187 602 1221 spectaculo
617 1186 669 1214 sibi
690 1188 880 1223 proposuisse.
904 1188 1018 1217 Patebat

226 1232 302 1258 enim
326 1233 406 1260 veluti
422 1233 540 1260 stadium
570 1234 708 1269 quoddam
734 1235 942 1263 decertantibus
966 1236 1018 1264 hu-

228 1285 309 1305 mana
326 1278 392 1310 vita,
420 1279 570 1307 tendebant
597 1285 687 1307 autem
711 1284 826 1315 uterque
850 1282 919 1309 alter
939 1282 1018 1309 alteri

229 1324 332 1356 infesti,
352 1324 414 1352 hinc
441 1325 551 1360 quidem
573 1325 717 1360 improbus
745 1326 872 1353 Immanze
889 1327 952 1354 vita:
973 1327 1020 1354 ad-

229 1371 378 1403 versarius,
396 1370 452 1406 jam
465 1371 529 1398 inde
546 1378 561 1397 a
586 1371 664 1406 lapsu
679 1372 767 1407 primo
777 1373 953 1400 conditorum
968 1373 1017 1402 bo-

230 1416 333 1443 minum
347 1436 354 1449 ,
374 1425 463 1452 usque
484 1417 518 1445 ad
540 1422 662 1453 tempora
687 1418 828 1454 Stephani,
846 1420 968 1448 νὶιῑοιιίἰε
985 1420 1019 1448 de

230 1463 386 1492 hominibus
402 1464 489 1498 partis
514 1464 682 1492 exercitatus
700 1474 706 1491 :
724 1465 800 1493 illinc
823 1473 889 1494 vero
903 1474 1019 1502 magnus

230 1509 273 1537 ille
291 1509 352 1537 fidei
366 1509 479 1541 athleta.
492 1510 568 1537 nihili
579 1510 681 1538 faciens
698 1503 847 1539 adversar-ii
866 1512 1015 1540 incursum.
1031 1525 1052 1554 ο

229 1555 313 1582 Arma
326 1559 415 1581 autem
430 1555 564 1583 ambobus
573 1556 652 1583 alteri
665 1556 796 1585 adversus
804 1557 917 1585 alterum
929 1563 1018 1593 erant;

231 1601 365 1628 inventori
388 1601 496 1636 quidem
521 1602 631 1634 mortis,
651 1603 748 1630 mortis
766 1606 870 1636 terror;
884 1603 1020 1640 discipulo

230 1650 320 1674 autem
335 1647 408 1678 vitae.
423 1647 563 1675 confessio
579 1647 651 1675 fidei.
669 1647 737 1680 Quis
747 1648 820 1676 enim
833 1657 886 1677 non
903 1650 1021 1678 admira-

230 1695 277 1720 tus
289 1697 362 1719 esset
376 1700 475 1720 novam
491 1693 563 1720 hanc
579 1694 737 1722 certaminis
756 1693 882 1728 formam,
895 1703 956 1723 cum
975 1704 1021 1724 vc—

231 1738 300 1765 ritas
316 1737 371 1765 vita
387 1745 418 1766 ac
441 1743 530 1766 morte
546 1738 762 1773 dijudicabatur,
780 1747 812 1766 ac
826 1740 1019 1769 documentum

232 1784 357 1812 veritatis
379 1791 455 1812 mors
482 1783 554 1811 fuit?
578 1784 645 1812 Nam
661 1793 752 1821 praeco
769 1783 830 1814 tid'ei
852 1787 1022 1815 abscondite

231 1838 265 1857 ac
285 1831 356 1862 vitat,
382 1837 443 1865 quae
467 1830 656 1868 ignorabatur,
678 1832 768 1866 reipsa
798 1832 1021 1866 praedicationem

233 1875 391 1902 hominibus
420 1874 578 1909 divulgabat
596 1882 603 1901 :
623 1883 671 1910 per
697 1875 749 1903 hoc
770 1876 844 1903 enim
861 1877 932 1912 quod
949 1877 1021 1904 baud

233 1923 345 1954 gravate
372 1927 460 1954 neque
481 1923 646 1948 cunctanter
671 1920 743 1948 hanc
774 1921 858 1949 vitam
888 1922 1020 1956 deseruit,

231 1970 308 1993 recte
325 1973 381 1992 rem
404 1965 606 1993 aestimantibus
622 1965 873 2001 demonstrabatur,
889 1967 960 2002 quod
977 1976 1020 2001 ea,

232 2018 294 2044 quae
303 2011 510 2046 relinquebatur
519 2011 586 2043 vita,
597 2012 784 2046 praestantiori
795 2017 1020 2040 commutarctur.

233 2055 335 2084 Verum
352 2057 424 2083 haud
451 2057 655 2084 incommodutn
677 2057 770 2091 fuerit,
789 2062 918 2094 tanquam
939 2060 965 2087 in
980 2064 1020 2087 ta-

233 2102 308 2134 bula,
326 2102 452 2130 oratione
464 2107 560 2130 exacte
582 2103 662 2138 quasi
680 2103 825 2140 depingere
838 2106 1022 2134 concertatio—

232 2155 307 2179 nem,
321 2152 350 2174 ut
365 2156 413 2182 per
429 2156 520 2176 rerum
536 2152 676 2183 gestarum
695 2150 794 2178 seriem
810 2152 954 2179 commode
972 2152 1022 2178 mi-

233 2193 388 2220 raculorum
401 2194 471 2221 ratio
488 2193 704 2222 demonstretur.
719 2195 810 2230 Nuper
826 2196 899 2223 enim
915 2197 1021 2224 violen-
1037 2189 1058 2216 Ῑ)

234 2242 280 2266 tus
291 2239 336 2266 ille
345 2246 376 2265 ac
382 2239 527 2267 vehemens
536 2239 616 2268 flatus
625 2248 743 2276 superne
752 2241 871 2274 delatus.
881 2241 1022 2277 dissipatis

236 2288 318 2318 atque
329 2283 454 2318 disjectis
472 2286 600 2314 omnibus
617 2286 699 2314 aeriis
720 2294 752 2314 ac
768 2286 911 2315 fallacibus
924 2288 1023 2316 daemo-

234 2337 301 2356 num
324 2329 422 2364 copiis.
451 2329 619 2358 domicilium
641 2332 829 2367 apostolorum
851 2333 1020 2368 repleverat;

234 2379 262 2402 et
277 2374 430 2410 linguarum
446 2375 473 2403 in
487 2376 597 2404 modum
614 2378 754 2413 ignearum
775 2378 880 2406 divisus
896 2386 945 2414 pro
971 2387 1022 2406 nu-

235 2428 311 2448 mero
326 2420 427 2448 donum
453 2422 645 2457 accipientium
667 2422 786 2457 Spiritus
809 2425 835 2451 in
857 2432 1022 2460 unoquoque

236 2465 384 2493 resederat.
414 2466 454 2494 Ac
472 2467 527 2502 jam
560 2469 595 2496 ad
629 2468 799 2503 inopinatum
824 2473 852 2497 et
868 2470 1021 2498 inauditum

236 2512 312 2539 vocis
337 2519 369 2539 ac
389 2512 488 2548 lingua:
505 2514 667 2541 miraculum
682 2522 730 2541 eos
747 2515 792 2549 qui
805 2522 838 2542 ex
854 2515 927 2542 omni
943 2520 1023 2551 gente

237 2557 371 2591 profecti,
397 2557 578 2594 Jerosolymis
608 2560 808 2592 versabantur,
833 2560 1023 2588 consternatio

237 2602 419 2638 confusioque
447 2604 597 2636 invaserat,
623 2604 752 2631 omnibus
769 2605 815 2639 qui
834 2605 862 2632 in
885 2606 975 2633 varias
990 2613 1022 2633 ac

237 2647 528 2684 diversaslinguarum
547 2649 649 2678 formas
670 2651 751 2678 divisi
770 2651 891 2682 fuerant,
912 2655 1024 2686 repente

237 2701 300 2721 cum
329 2695 473 2730 discipulis
495 2695 618 2730 ejusdem
644 2696 744 2731 litigiue
761 2696 857 2730 factis;
875 2704 937 2724 cum
950 2697 1023 2724 nulla

239 2741 409 2774 prrccedente
425 2740 572 2776 disciplina
590 2745 672 2777 atque
700 2741 906 2775 exercitatione,
928 2743 975 2770 sed
990 2749 1023 2769 ex

277 2829 284 2844 ¹
302 2827 310 2855 Ι
329 2828 392 2857 Cor.
407 2836 444 2861 Iv.
459 2829 485 2856 9.

1066 914 1173 950 πρῶτος
1188 914 1385 946 ἀντικαταστὰς
1399 914 1466 950 πρὸς
1478 913 1527 949 τὴν
1545 913 1683 950 ἁμαρτίαν
1697 913 1798 948 μέχρις
1813 914 1856 939 αῖ-

1068 969 1161 996 ματος.
1193 961 1248 988 Καί
1276 969 1321 996 μοι
1344 961 1417 988 δοκεῖ
1439 961 1513 987 πᾶσα
1535 960 1589 986 τῶν
1615 959 1814 995 ὑπερκοσμίων
1840 960 1855 993 ἡ

1067 1007 1191 1042 στρατιὰ.
1207 1007 1255 1033 καὶ
1268 1007 1353 1033 πᾶσαι
1366 1005 1421 1032 τῶν
1434 1005 1557 1040 ἀγγέλων
1571 1006 1598 1032 αί
1615 1005 1745 1040 μυριάδες
1760 1004 1817 1031 τῶν
1829 1013 1857 1031 τε

1066 1052 1293 1089 λειτουργούντων
1314 1052 1361 1079 καὶ
1383 1052 1439 1079 τῶν
1464 1051 1691 1087 παρεστηκότων,
1713 1051 1762 1078 καὶ
1786 1051 1813 1077 εἴ
1831 1058 1858 1077 τι

1067 1098 1138 1125 κατά
1153 1097 1202 1134 τὴν
1216 1098 1271 1125 ἀνω
1284 1097 1359 1133 λῆξιν
1372 1097 1427 1124 τῶν
1441 1098 1538 1132 τιμίων
1554 1097 1700 1132 ἀκούομεν.
1715 1097 1747 1123 έν
1760 1097 1858 1132 ἀρχαῖς

1067 1155 1097 1173 τε
1111 1147 1159 1174 καὶ
1172 1146 1301 1182 δυνάμεσι
1312 1145 1359 1173 καὶ
1372 1145 1476 1181 θρόνοις
1491 1145 1539 1171 καὶ
1552 1144 1688 1177 ἐξουσίαις
1700 1145 1750 1171 καὶ
1763 1145 1858 1180 κυριόο

1068 1199 1140 1226 τησι,
1156 1191 1204 1218 καὶ
1220 1191 1294 1218 πᾶσα
1307 1191 1324 1226 ἡ
1336 1189 1450 1226 οὐρανία
1474 1191 1636 1225 πανήγυρις,
1661 1189 1753 1224 θέαμα
1774 1190 1859 1216 ποιεῖ-

1070 1237 1132 1264 σθαι
1150 1236 1210 1264 τότε
1224 1236 1270 1263 τδν
1286 1235 1421 1272 ἀθλητὴν,
1443 1235 1483 1271 τῷ
1499 1235 1684 1270 ἀνταγωνιστῇ
1701 1234 1858 1270 συμπλεκό-

1071 1291 1161 1318 μενον.
1181 1281 1376 1318 Ἐφηπλώσατο
1397 1282 1446 1317 μὲν
1466 1281 1521 1317 γὰρ
1544 1279 1600 1308 οἷόν
1624 1290 1651 1308 τι
1672 1280 1782 1308 στάδιον
1805 1282 1858 1312 ’.οἷς

1070 1327 1330 1363 ἀνταγωνιζομένοις
1352 1327 1367 1354 δ
1389 1326 1558 1363 ἀνθρώπινος
1586 1327 1643 1362 βίος
1669 1326 1858 1362 ἀντεφὼρμων

1069 1374 1098 1400 δὲ
1121 1373 1244 1409 ἀλλήλοις
1262 1373 1412 1409 ἀμφότεροι
1425 1381 1433 1388 ·
1457 1373 1501 1399 ὅτε
1517 1373 1634 1408 πονηρὸς
1648 1371 1797 1403 ἀντίπαλος
1811 1372 1859 1406 τῆς

1069 1420 1242 1456 ἀνθρωπίνης
1255 1419 1327 1454 ζωῆς
1340 1418 1394 1446 ἀπὸ
1408 1418 1455 1445 τοῦ
1471 1419 1617 1454 πτώματος
1629 1418 1684 1445 τῶν
1698 1418 1858 1454 πρωτοπλά-

1071 1472 1141 1490 στων
1155 1463 1237 1499 μέχρι
1247 1463 1302 1490 τῶν
1318 1463 1388 1490 κατὰ
1399 1463 1535 1497 Στέφανον
1548 1464 1652 1499 χρόνων
1669 1465 1702 1500 τῇ
1719 1463 1791 1490 κατὰ
1807 1462 1860 1489 τῶν

1071 1509 1220 1545 ἀνθρώπων
1241 1509 1481 1544 ἐγγυμνασάμενος
1505 1509 1568 1545 νίκῃ
1580 1529 1589 1542 ,
1610 1509 1658 1536 καὶ
1673 1510 1688 1537 ό
1704 1508 1794 1545 μέγας
1809 1508 1859 1543 τῆς

1072 1556 1189 1587 πίστεως
1210 1555 1377 1591 ἀγωνιστὴς,
1389 1555 1456 1582 ’ἀντ’
1476 1555 1581 1586 οὐδενὸς
1599 1555 1698 1590 κρίνων
1714 1554 1762 1581 τοῦ
1784 1555 1855 1582 ἀντι-

1071 1600 1157 1628 πάλου
1167 1600 1215 1636 τὴν
1229 1600 1332 1635 ἔφοδον.
1349 1601 1438 1628 Ὅπλα
1449 1601 1478 1628 δὲ
1490 1602 1549 1627 κατ¹
1560 1600 1683 1636 ἀλλήλων
1694 1600 1860 1636 ἀμφοτέροις

1070 1645 1115 1682 ἦν,
1138 1646 1177 1682 τῷ
1195 1647 1245 1682 μὲν
1261 1646 1358 1682 εὕρετῇ
1382 1646 1429 1673 τοῦ
1443 1646 1558 1674 θανάτου
1574 1646 1684 1683 ἀπειλὴ,
1708 1646 1748 1682 τῷ
1760 1646 1789 1673 δὲ
1804 1654 1859 1681 μα-

1072 1693 1140 1728 θητῇ
1152 1693 1201 1728 τῆς
1215 1692 1296 1728 ζωῆς,
1310 1693 1467 1728 ὴδμολογία
1477 1693 1525 1727 τῆς
1540 1692 1667 1724 πίστεως.
1680 1692 1730 1724 Τίς
1743 1692 1799 1728 γὰρ
1810 1691 1860 1719 οὐκ

1072 1738 1106 1765 ἂν
1120 1738 1227 1773 ἠγάσθη
1241 1738 1271 1765 τὺ
1286 1738 1378 1765 καινὸν
1402 1738 1481 1765 τοῦτο
1496 1739 1546 1774 τῆς
1560 1738 1680 1773 ἀγωνίας
1700 1736 1770 1770 εἶδος
1783 1758 1791 1770 ,
1815 1737 1859 1764 ὅτε

1072 1784 1128 1820 ζωῇ
1144 1785 1190 1811 καὶ
1205 1784 1311 1820 θανάτῳ
1325 1785 1342 1820 ἠ
1359 1785 1471 1820 ἀλήθεια
1484 1785 1642 1820 διεκρίνετο,
1657 1783 1705 1811 καὶ
1723 1782 1860 1815 ἀπόδειξις

1073 1830 1176 1864 ἐγίνετο
1192 1830 1241 1865 τῆς
1255 1829 1384 1865 ἀληθείας
1397 1831 1412 1857 ὸ
1428 1830 1561 1863 θάνατος;
1591 1830 1620 1856 '0
1638 1829 1692 1865 γὰρ
1706 1829 1793 1865 κήρυξ
1810 1829 1860 1863 τῆς

1073 1875 1264 1912 κεκρυμμένης
1283 1876 1398 1908 πίστεως
1419 1876 1466 1903 καὶ
1483 1876 1666 1911 ἀγνοουμένης
1685 1875 1768 1910 ζωῆς,
1787 1875 1861 1910 ἔργῳ

1071 1920 1213 1956 διήγγελλε
1227 1922 1283 1953 τοῖς
1295 1921 1448 1956 ἀνθρώποις
1459 1921 1490 1948 τὸ
1505 1922 1635 1956 κήρυγμα
1647 1929 1654 1936 υ
1674 1921 1705 1947 τὺ
1719 1920 1774 1955 γὰρ
1789 1920 1860 1946 ἑτοί-

1074 1976 1132 2002 μως
1143 1966 1237 1994 τοῦτον
1251 1967 1408 1994 καταλιπεῖν
1418 1968 1463 1994 τὸν
1477 1967 1544 2002 βίον,
1558 1966 1694 2000 ἀπόδειξις
1707 1967 1764 1998 τοῖς
1773 1965 1861 2001 ὀρθῶς

1073 2013 1209 2048 κρίνουσιν
1231 2010 1276 2048 ἦν,
1292 2012 1339 2039 τοῦ
1354 2012 1403 2048 τὴν
1424 2012 1623 2048 προτιμοτέραν
1641 2012 1714 2047 ζωὴν
1737 2012 1798 2038 ἀντὶ
1812 2011 1861 2045 τῆς

1073 2059 1307 2094 καταλειπομένης
1322 2058 1497 2092 ἀλλάξασθαι.
1520 2058 1599 2085 Ἀλλά
1613 2057 1694 2084 καλὸν
1710 2057 1744 2084 ἂν
1756 2057 1800 2092 εἴη
1814 2065 1861 2083 κα-

1073 2105 1161 2140 θάπερ
1181 2104 1226 2130 ἐπὶ
1242 2104 1355 2136 πίνακος
1368 2104 1489 2140 ἀκρισῶς
1501 2103 1540 2139 τῷ
1554 2103 1626 2138 λόγῳ
1638 2102 1862 2138 διαζωγραφῆσαι

1072 2149 1121 2176 τὴν
1138 2148 1260 2184 ἄθλησιν,
1284 2149 1322 2181 ὡς
1339 2149 1372 2176 ἀν
1389 2148 1449 2175 καθ’
1464 2148 1521 2175 ὁδὸν
1536 2149 1601 2184 ἡμῖν
1616 2148 1660 2175 διὰ
1681 2148 1731 2183 τῆς
1746 2147 1802 2174 τῶν
1817 2155 1862 2181 γε-

1072 2195 1189 2221 γηνότων
1210 2194 1369 2226 ἀκολουθίας
1397 2194 1414 2229 ἡ
1439 2194 1493 2220 τῶν
1506 2193 1652 2228 θαυμάτων
1667 2192 1744 2225 τάξις
1761 2192 1862 2219 ἐπιδει-

1074 2239 1198 2276 κνύηται.
1216 2240 1292 2275 ¹Ἄρτι
1307 2239 1356 2275 μὲν
1374 2239 1428 2275 γὰρ
1441 2240 1458 2275 ἡ
1474 2239 1577 2266 ἀνωθεν
1592 2239 1667 2274 βιαία
1679 2238 1758 2274 πνοὴ,
1773 2239 1863 2265 πᾶσαν

1072 2286 1122 2322 τὴν
1136 2286 1257 2321 ἐναέριον
1271 2285 1317 2312 καὶ
1339 2285 1480 2320 ἀπατηλήν
1503 2284 1557 2311 τῶν
1573 2285 1707 2320 δαιμόνων
1720 2284 1862 2311 διασκεδά-

1074 2340 1144 2358 σασα
1157 2331 1280 2366 δύναμιν,
1296 2330 1437 2366 ἐπλήρωσε
1458 2329 1511 2356 τῶν
1535 2329 1689 2356 ἀποστόλων
1708 2329 1754 2356 τὸν
1769 2327 1843 2356 οἷκον
1856 2338 1862 2344 ·

1073 2377 1120 2404 καὶ
1135 2376 1284 2411 πυροειδῶς
1300 2377 1340 2408 εἰς
1354 2375 1479 2410 γλώσσας
1501 2375 1675 2410 διαμερισθὲν
1691 2375 1723 2402 τὸ
1737 2375 1861 2410 Πνεῦμα,

1073 2422 1145 2449 κατὰ
1159 2422 1206 2448 τὸν
1227 2421 1341 2457 ἀριθμὸν
1355 2420 1409 2447 τῶν
1422 2420 1572 2455 δεχομένων
1588 2420 1637 2455 τὴν
1653 2420 1734 2455 χάριν
1749 2420 1779 2446 ὲν
1802 2420 1862 2448 ἑκα-

1075 2477 1130 2504 στῳ
1154 2467 1269 2502 ἐγίνετο.
1292 2467 1361 2501 Ἤδη
1382 2466 1420 2499 δὲ,
1439 2466 1506 2501 πρὸς
1520 2465 1550 2492 τὸ
1565 2465 1715 2501 παράδοξον
1728 2465 1777 2492 τοῦ
1794 2465 1863 2492 κατὰ

1073 2513 1122 2548 τὴν
1133 2513 1223 2548 φωνὴν
1235 2513 1281 2540 καὶ
1291 2512 1340 2547 τὴν
1350 2511 1474 2546 γλῶσσαν
1487 2510 1634 2546 θαύματος,
1645 2511 1709 2542 τοὺς
1721 2511 1755 2537 ὲκ
1764 2511 1863 2542 παντὸς

1074 2558 1166 2590 ἔθνους
1193 2557 1390 2593 Ἱεροσολύμοις
1428 2556 1638 2591 ἐπιδημοῦντας,
1667 2556 1802 2591 ἔκπληξίς
1836 2565 1862 2582 τε

1075 2603 1232 2639 κατειλήφει
1248 2603 1294 2630 καὶ
1305 2603 1445 2637 σύγχυσις·
1455 2601 1509 2628 τῶν
1517 2603 1556 2634 είς
1565 2601 1689 2633 ποικίλας
1702 2610 1733 2628 τε
1747 2603 1796 2629 καὶ
1811 2602 1862 2628 δια-

1072 2649 1171 2684 φόρους
1186 2647 1316 2683 γλωσσῶν
1333 2647 1404 2678 ἰδέας
1417 2647 1621 2682 διεσχισμένων,
1640 2646 1750 2672 πάντων
1760 2647 1862 2682 ἀθρόως

1071 2694 1253 2731 ὁμογλώσσων
1265 2694 1321 2725 τοῖς
1335 2693 1467 2728 μαθηταῖς
1479 2691 1669 2727 γεγενημένων
1683 2698 1690 2705 ·
1708 2692 1754 2718 ὅτε
1769 2692 1820 2718 οὐκ
1834 2692 1861 2717 ἐκ

1073 2739 1293 2777 προπαιδεύσεως
1306 2739 1353 2766 καὶ
1368 2737 1483 2774 μελέτης
1499 2737 1580 2770 τινὸς,
1603 2736 1659 2763 ἀλλ’
1675 2736 1707 2769 ἐξ
1720 2737 1861 2767 ἐπιπνοίας
