1938 3082
106 121 161 148 705

751 123 783 150 IN
805 124 834 151 S.
857 124 1040 154 STEPIIANU
1046 125 1081 155 M.

1675 127 1727 156 '.'“(i

102 178 152 205 τοῦ
172 178 340 214 Πνεύματος,
363 179 467 216 ἁθρόως
483 182 539 212 τοῖς
554 181 712 213 ἀποστόλοις
726 182 827 217 ταύτης
847 183 887 209 ἐν-

943 183 1123 218 inspiratione
1137 182 1256 218 Spiritus
1271 188 1354 220 atque
1369 191 1478 221 repente
1491 193 1523 214 ex
1540 190 1661 222 tempore
1674 187 1727 214 hoc

102 224 299 260 σκεδασθείσης
313 225 364 260 τῆς
380 227 499 262 χάριτος,
516 227 533 262 ἡ
546 226 591 253 τοῦ
608 227 772 261 φθέγγεσθαι
782 228 896 264 δύναμις

102 269 293 304 προσεγένετο,
320 270 393 297 Ἔδει
408 271 462 306 γὰρ
476 271 539 303 τοὺς
562 272 609 299 ἐπὶ
632 273 665 307 τῇ
689 272 771 308 γηΐνῃ
794 281 895 308 πυργο-

101 314 180 349 ποιίᾳ
195 314 244 350 τὴν
260 316 414 350 ὁμοφωνίαν
436 316 585 348 λύσαντας,
608 317 654 344 ἐπὶ
672 319 706 353 τῇ
723 320 892 354 πνευματικῇ

101 359 184 386 πάλιν
194 359 245 394 τῆς
258 359 419 396 Ἐκκλησίας
429 361 566 397 οἰκοδομῇ,
579 362 618 393 εις
628 362 780 397 ὁμοφωνίαν
795 361 891 390 ἐλθεῖν·

101 405 150 432 καὶ
164 405 207 432 διὰ
221 405 299 432 τοῦτο
311 406 401 439 καλῶς
413 406 536 434 ἐντεῦθεν
549 408 566 443 ὴ
582 407 628 434 τοῦ
643 408 720 442 ἁγίου
734 408 890 444 Πνεύματος

99 451 242 486 οἰκονομία
256 452 306 487 τῆς
319 452 428 487 χάριτος
452 452 575 488 ἄρχεται·
592 452 661 480 ὥστε
674 453 722 489 τὴν
735 455 826 490 κοινὴν
836 455 891 482 τῶν

99 496 254 532 ἀνθρώπων
277 498 451 534 εὐεργεσίαν,
473 500 512 531 είς
536 499 625 526 πᾶσαν
645 499 763 526 διάνοιαν
779 501 829 535 τῆς
843 502 890 528 ἀν-

100 540 241 576 θρωπίνης
257 542 438 578 καταμερίσαι
455 543 556 578 φωνῆς,
581 543 624 570 ἴνα
650 544 687 579 μὴ
712 545 762 580 μιᾷ
781 545 890 581 γλώσσῃ

100 586 172 622 μόνῃ
196 587 228 614 τὸ
249 588 381 623 κήρυγμα
402 588 452 623 τῆς
475 589 616 621 εὐσεϐείας
639 590 888 626 ἑναποκλειόμενον,

97 633 242 668 ἄπρακτον
259 635 315 665 τοῖς
330 633 528 668 ἀλλογλώσσοις
545 635 623 671 μείνῃ
638 636 685 663 καὶ
697 636 886 672 ἁνενέργητον.

137 724 208 759 ’Πδη
228 723 318 751 τοίνυν
340 724 395 751 τῶν
419 724 469 759 μὲν
491 724 645 760 Φαρισαίων
667 725 714 751 καὶ
733 726 793 757 ταῖς
809 725 888 758 ίδίαις

97 769 196 801 ἀκοαῖς
217 769 403 796 ἀπιστούντων
413 789 422 802 ,
447 770 492 796 καὶ
505 770 568 801 τοὺς
581 770 823 806 ἐκπεπληγμένους
838 771 888 807 τὴν

96 814 324 850 θαυματουργίαν
353 815 510 850 διεσφάλθαι
541 815 797 851 καταχλευαζόντων
810 835 818 849 .
849 817 888 848 ὡς

96 860 232 895 γλεύκους
254 862 347 893 αὐτοῖς
368 861 417 897 τὴν
442 861 575 897 τοιαύτην”
587 862 749 898 παραφορὰν
773 863 888 898 ἐμποιή-

97 913 196 937 σαντος
208 913 216 921 ·
230 905 277 932 τοῦ
290 906 319 932 δὲ
334 905 438 941 Πέτρου
454 907 502 942 μιᾷ
513 906 559 933 τοῦ
575 907 654 942 λόγου
666 906 796 942 περιϐολῇ
812 915 887 942 τρισ-

96 950 188 986 χιλίας
216 951 304 987 ψυχὰς
320 951 359 987 τῷ
381 952 491 988 Χριστῷ
508 952 743 989 σαγηνεύσαντος,
768 953 816 979 καὶ
837 962 887 979 κα-

97 997 180 1032 θεξῆς
193 997 237 1025 ἀεὶ
251 999 284 1033 τῇ
298 997 440 1035 προσθήκῃ
455 998 509 1025 τῶν
530 998 690 1034 σωζομένων
701 999 750 1034 τῆς
772 998 886 1033 Ἐκκλη-

97 1044 162 1076 σίας
174 1044 215 1075 είς
228 1043 329 1080 πλῆθος
341 1044 510 1080 ἐπιδιδούσης
523 1052 530 1060 ·
545 1044 591 1072 καὶ
603 1044 649 1071 τοῦ
663 1046 696 1071 ἐκ
711 1044 824 1080 γενετῆς
837 1053 888 1079 χω-

95 1090 145 1117 λοῦ
162 1090 244 1117 πάλιν
258 1090 307 1125 τὴν
320 1091 424 1126 ὡραίαν
438 1090 486 1117 τοῦ
501 1089 574 1126 ἱεροῦ
592 1090 680 1125 πύλην
694 1091 750 1122 τοῖς
764 1089 884 1125 σωζομέ‹

96 1145 154 1169 νοις
176 1136 345 1169 ἀνοίξαντος,
405 1136 630 1172 προσκαθήμενος
654 1136 694 1171 τῷ
715 1136 777 1164 καθ’
792 1136 886 1163 ἑαυτὸν

96 1183 220 1218 θαύματι
233 1183 284 1218 τῆς
300 1183 413 1215 ἰάσεως,
436 1183 499 1215 τοὺς
525 1183 596 1210 κατὰ
616 1182 705 1218 ψυχὴν
720 1182 887 1217 χωλεύοντας

96 1228 145 1255 ἐπὶ
157 1228 208 1263 τὴν
221 1228 312 1255 πίστιν
325 1228 538 1264 ἐχειραγώγησε.
553 1228 662 1255 Πολλῶν
677 1227 766 1254 τοίνυν
777 1227 845 1263 πρὸς
857 1228 887 1254 τὺ

96 1275 231 1309 κήρυγμα
251 1274 300 1310 τῆς
316 1274 433 1306 πίστεως
448 1274 631 1310 συρρεόντων,
656 1274 703 1301 καὶ
726 1273 776 1309 τῆς
793 1274 886 1309 χρείας

95 1320 210 1347 πλείονα
223 1321 273 1356 τὴν
287 1319 460 1356 πολυχειρίαν
475 1320 656 1356 ἐπιζητούσης
669 1319 722 1347 τῶν
732 1320 886 1347 διακονούν-

94 1375 155 1393 των
168 1367 200 1402 τῇ
216 1366 306 1402 χάριτι
317 1375 324 1382 ·
349 1367 409 1393 τότε
422 1367 544 1394 καλεῖται
566 1367 634 1402 πρὸς
654 1366 814 1402 ἐπικουρίαν
832 1366 886 1393 τῶν

94 1413 254 1440 ἀποστόλων
269 1413 321 1440 ὑπὸ
334 1412 382 1439 τοῦ
395 1413 552 1449 Πνεῦματος
569 1414 583 1440 6
599 1413 682 1445 πολὺς
697 1414 730 1448 τῇ
746 1412 825 1448 σοφίᾳ
839 1412 886 1440 καὶ

943 228 1016 256 dono
1030 233 1235 264 repraesentata.
1253 230 1369 258 facultas
1387 231 1514 266 loquendi
1533 233 1664 267 apostolis
1680 240 1727 261 ac-

942 274 1082 302 cessisset.
1094 273 1323 309 Oportebatenim
1338 283 1395 307 eos,
1414 277 1461 311 qui
1474 277 1500 304 in
1513 282 1629 305 terrenae
1642 278 1726 306 turris

942 319 1129 346 exstructione
1145 321 1365 348 communionem
1385 321 1493 356 linguae,
1511 323 1640 357 vocisque
1661 330 1727 350 con-

941 364 1063 392 cordiam
1095 365 1242 397 solverant.
1259 366 1285 392 in
1300 366 1435 401 spirituali
1458 367 1585 395 Ecclesia:
1606 368 1726 395 aediﬁca-

941 409 1017 437 tione
1028 417 1126 438 rursus
1153 410 1186 437 ad
1208 412 1403 439 commercium
1416 412 1514 447 lingua:
1524 414 1629 444 venire,
1644 420 1727 450 atque

941 455 1045 483 idcirco
1067 456 1155 484 sancti
1184 456 1303 492 Spiritus
1327 457 1497 492 dispensatio
1516 453 1589 487 recte
1609 461 1724 494 gratiam

942 501 1007 529 hinc
1024 502 1143 534 orditur.
1164 506 1192 529 ut
1207 510 1351 531 commune
1366 504 1506 532 hominum
1521 505 1680 532 beneﬁcium
1697 506 1724 532 in

939 555 1048 575 onmem
1082 548 1249 576 intellectum
1274 549 1400 577 huntame
1425 550 1500 577 vocis
1519 549 1724 586 dispertiretur,

940 600 975 620 ne
989 592 1013 620 si
1033 593 1060 620 in
1076 600 1157 620 unam
1180 593 1300 628 linguam
1321 594 1406 621 solam
1433 595 1590 630 praedicatio
1614 596 1724 629 pietatis

940 638 1270 670 includeretur,inellicax
1285 643 1311 667 et
1324 639 1430 667 inutilis
1439 640 1596 668 hominibus
1609 637 1724 668 diversae

939 683 1038 718 linguae
1050 688 1182 711 maneret.

975 727 1036 756 Jam
1052 728 1136 763 igitur
1145 736 1208 756 cum
1226 728 1357 758 Pharismi
1379 730 1488 765 quidem
1509 730 1567 757 suis
1582 730 1664 757 etiam
1681 730 1723 764 ip-

941 780 1034 800 sorum
1050 774 1164 802 auribus
1181 781 1234 801 non
1250 775 1405 808 crederent,
1418 783 1450 802 ac
1466 776 1599 803 miraculo
1617 775 1655 802 rei
1671 775 1722 802 ob-

938 818 1110 854 stupefactos
1122 824 1237 848 caeteros
1249 828 1341 849 errare
1351 821 1549 849 contenderent
1563 821 1722 854 irridentes,

937 864 1016 899 quasi
1032 869 1152 894 mustum
1161 866 1243 893 talem
1256 866 1412 893 vcem-diam
1426 871 1508 901 atque
1523 866 1641 892 furorem
1656 872 1723 900 apo-

937 910 1016 938 stolis
1048 911 1254 946 ingenerasset;
1284 911 1381 939 Petrus
1407 915 1496 939 autem
1515 918 1569 938 uno
1588 911 1723 938 orationis

937 955 1097 992 complexu,
1122 957 1275 985 animarum
1293 957 1377 986 millia
1402 958 1452 985 tria
1477 958 1556 993 quasi
1586 957 1723 984 verriculo

937 1006 1032 1037 captas
1048 1002 1159 1030 Christo
1185 1002 1366 1031 lucrifecisset
1379 1003 1400 1036 ’,
1422 1010 1455 1030 ac
1474 1003 1603 1037 deinceps
1615 1009 1722 1037 semper

936 1047 1090 1082 adiectione
1100 1055 1205 1081 eorum,
1220 1049 1265 1083 qui
1279 1049 1346 1076 salvi
1358 1050 1464 1080 tierent,
1476 1048 1597 1075 Ecclesia
1606 1055 1722 1075 numero

936 1102 968 1121 ac
985 1094 1161 1122 multitudine
1179 1098 1315 1121 cresceret
1330 1102 1337 1121 :
1355 1094 1474 1128 itemque
1496 1094 1530 1125 is,
1553 1093 1599 1127 qui
1623 1100 1638 1120 a
1651 1093 1723 1119 nati-

936 1139 1021 1167 vitate
1044 1139 1157 1166 claudus
1184 1139 1284 1170 fuerat,
1310 1138 1462 1173 speciosam
1490 1143 1596 1173 portam
1627 1137 1721 1172 templi

936 1191 1035 1213 rursus
1048 1186 1094 1217 iis,
1109 1185 1156 1220 qui
1173 1185 1241 1213 salvi
1269 1183 1376 1217 tierent,
1389 1184 1541 1219 aperuisset
1553 1184 1574 1215 ³,
1590 1183 1633 1210 cui
1654 1184 1724 1210 assi-

936 1230 1005 1258 dens
1021 1238 1079 1258 suae
1101 1229 1253 1258 sanationis
1270 1229 1405 1257 miraculo
1418 1230 1508 1256 anima
1534 1229 1722 1256 claudicantes

937 1276 971 1303 ad
986 1275 1068 1304 tidem
1081 1275 1242 1302 adduxerat.
1260 1274 1328 1302 Cum
1344 1274 1422 1302 multi
1439 1274 1523 1309 igitur
1537 1274 1571 1301 ad
1592 1273 1723 1309 praedica-

935 1321 1038 1348 tionem
1068 1320 1130 1348 tldei
1150 1319 1331 1353 conﬂuerent,
1358 1324 1440 1355 atque
1463 1319 1593 1354 majorem
1611 1325 1721 1345 manum

936 1366 1031 1402 gratia:
1044 1367 1259 1393 ministrantium
1275 1373 1320 1393 res
1334 1365 1495 1400 postularet,
1506 1369 1572 1391 tunc
1588 1364 1722 1399 sapientia

937 1419 968 1439 ac
976 1412 1062 1447 gratia
1073 1411 1216 1440 abundans
1227 1411 1382 1446 Stephanus
1392 1418 1407 1437 a
1425 1409 1529 1446 Spiritu
1547 1410 1574 1437 in
1588 1409 1721 1437 auxilium

94 1457 129 1491 τῇ
149 1456 239 1492 χάριτι
263 1457 407 1491 Στέφανος.
432 1457 488 1484 Καὶ
512 1457 606 1493 μηδεὶς
627 1457 666 1493 τῷ
686 1459 736 1493 τῇς
750 1458 886 1489 διακονίας

938 1457 1123 1492 apostolorum
1142 1462 1257 1484 voratur
1273 1457 1295 1483 ⁸.
1309 1458 1348 1483 Ac
1367 1463 1446 1483 nemo
1459 1455 1570 1484 nomine
1578 1455 1725 1483 ministerii.

95 1502 230 1538 ὀνόματι,
254 1502 421 1539 δευτερεύειν
439 1503 522 1531 αὑτὸν
546 1503 622 1540 παρὰ
641 1504 690 1539 τὴν
705 1503 887 1539 ἀποστολικὴν

95 1546 180 1580 ἀξίαν
193 1548 338 1575 ὑπονοείτω
349 1557 356 1563 ·
374 1549 435 1576 ἐπεὶ
445 1549 492 1577 καὶ
504 1549 609 1582 Παῦλος
623 1549 718 1576 ἑαυτὸν
731 1547 785 1576 οἶδε
798 1549 888 1576 διάκο-

93 1600 144 1618 νον
159 1592 315 1628 μυστηρίων
329 1593 460 1629 Χριστοῦ,
470 1595 518 1621 καὶ
538 1596 553 1622 6
569 1595 615 1622 τοῦ
630 1596 729 1628 παντὸς
746 1596 858 1633 Κύριος,
873 1598 887 1625 6

93 1637 142 1664 διὰ
158 1638 258 1674 σαρκὸς
270 1638 319 1675 τὴν
331 1639 503 1676 ἀνθρωπίνην
516 1642 653 1677 σωτηρίαν
668 1643 827 1678 οἰκονομῶν,
837 1643 887 1671 οὐκ

95 1683 258 1720 ἐπῃσχύνθη
284 1684 322 1720 τῷ
344 1685 393 1720 τῆς
410 1684 549 1718 διακονίας
571 1686 702 1722 ὀνόματι,
729 1687 833 1715 εἰπών·
858 1689 887 1716 ἐν

97 1729 196 1764 μέσοις
217 1728 344 1762 εἷναι,ιῖις
359 1731 374 1758 6
396 1731 538 1764 διακονῶν,
560 1733 574 1758 6
595 1732 645 1764 τὰς
664 1732 810 1769 διαιρέσεις
832 1735 887 1762 τῶν

94 1774 241 1801 διακονιῶν
254 1775 382 1811 ἐνεργῶν,
394 1775 432 1807 ὥς
446 1784 528 1811 φησιν
542 1777 556 1804 6
576 1777 744 1810 Ἀπόστολος.
755 1779 887 1815 Καθάπερ

95 1819 155 1854 γὰρ
168 1819 199 1846 τὺ
220 1819 276 1855 πῦρ
299 1819 349 1855 τῆς
371 1820 525 1856 ἐπιτηδείας
547 1821 613 1856 ὕλης
636 1822 825 1858 δραξάμενον,
847 1825 887 1856 είς

97 1865 167 1900 ὖψος
179 1865 250 1901 αίρει
264 1865 313 1902 τὴν
326 1866 424 1901 φλόγα,
438 1867 485 1894 καὶ
498 1868 730 1904 περιφανεστέραν
742 1869 791 1904 τὴν
800 1869 887 1905 αὐγὴν

97 1910 285 1946 ἀπεργάζεται
298 1919 306 1926 ·
330 1911 401 1938 οὕτω
425 1911 456 1938 τὸ
470 1912 579 1948 Πνεῦμα
601 1913 631 1940 τὸ
652 1913 739 1948 ἅγιον,
749 1915 778 1941 ἐν
791 1916 824 1950 τῇ
839 1915 886 1942 τοῦ

98 1956 238 1990 Στεφάνου
254 1956 423 1991 μεγαλοφυῖᾳ.
435 1957 589 1992 γενόμενον,
607 1957 786 1994 ἐκδηλοτέρας
801 1959 886 1986 ἐποίει

97 2001 149 2034 τὰς
174 2002 286 2034 ἀκτῖνας
308 2002 357 2037 τῆς
381 2003 502 2038 χάριτος.
525 2004 572 2031 Διὸ
595 2005 695 2037 πάντες
714 2005 782 2040 πρὸς
805 2006 887 2034 αὐτὸν

96 2048 243 2082 ἀφεώρων,
266 2048 296 2075 ἐν
316 2049 388 2080 ὅσοις
402 2046 437 2085 ἦν
451 2049 577 2084 γνώσεώς
601 2059 673 2084 τινος
694 2052 822 2086 μετουσία
839 2053 887 2079 καὶ

97 2094 268 2126 παιδεύσεως
279 2102 287 2110 ο
309 2095 357 2122 καὶ
370 2095 440 2122 κατὰ
457 2096 599 2128 συστάσεις
613 2097 637 2123 oi
651 2097 706 2124 τῶν
726 2097 827 2124 λοιπῶν
843 2098 886 2124 δο-

938 1506 1041 1536 motus,
1072 1503 1222 1531 secundum
1242 1510 1305 1531 eum
1318 1503 1352 1530 ab
1367 1502 1517 1538 apostolica
1530 1501 1664 1537 dignitate
1679 1502 1726 1528 lo—

937 1555 999 1575 cum
1016 1548 1140 1576 obtinere
1171 1548 1348 1583 suspicetur:
1373 1547 1502 1582 quoniam
1522 1546 1603 1574 etiam
1621 1545 1725 1574 Paulus

941 1601 1002 1622 sese
1013 1593 1169 1622 ministrum
1184 1593 1376 1629 mysteriorum
1385 1592 1488 1620 Christi
1500 1592 1639 1628 agnoscitl
1652 1601 1658 1619 :
1673 1599 1724 1620 nec

937 1641 1127 1667 universarum
1144 1646 1236 1666 rerum
1250 1638 1395 1665 Dominum
1410 1638 1457 1673 qui
1475 1645 1524 1672 per
1545 1637 1725 1665 carnemhu—

936 1692 1044 1713 manam
1067 1685 1183 1713 salutem
1198 1684 1419 1718 administrabat,
1436 1684 1584 1713 ministerii
1602 1684 1728 1712 nominis

936 1731 1054 1766 puduit,
1080 1737 1144 1758 cum
1168 1730 1270 1758 diceret
1287 1738 1349 1758 sese
1373 1731 1399 1758 in
1413 1730 1504 1758 medio
1521 1734 1726 1765 cssetanquatm

937 1776 1104 1809 ministrum,
1121 1776 1168 1812 qui
1186 1775 1336 1803 divisiones
1359 1775 1573 1804 ministeriorum
1588 1775 1678 1808 ellicit,
1693 1779 1726 1802 ut:

937 1821 1026 1856 inquit
1041 1821 1190 1856 Apostolus
1204 1821 1225 1847 ‘.
1242 1820 1477 1854 Quemadmodum
1487 1821 1560 1848 enim
1575 1820 1646 1855 ignis
1661 1825 1723 1854 apta

936 1867 1134 1901 comprehensa
1159 1866 1284 1899 materia,
1307 1865 1442 1893 ﬂammam
1462 1865 1490 1893 in
1505 1866 1591 1893 altum
1606 1866 1685 1898 tollit,
1696 1871 1724 1893 et

937 1911 1115 1939 illustriorem
1130 1911 1305 1946 splendorem
1322 1911 1404 1938 edicit
1421 1920 1427 1938 :
1445 1911 1482 1938 ita
1499 1911 1581 1938 etiam
1602 1910 1723 1946 Spiritus

937 1961 1059 1988 sanctus.
1075 1964 1138 1984 cum
1165 1957 1193 1984 in
1212 1965 1309 1992 magna
1327 1957 1372 1984 illa
1388 1957 1519 1992 Stephani
1535 1957 1617 1984 animi
1631 1957 1724 1984 indole

936 2007 1104 2036 versaretur,
1118 2003 1212 2039 gratia:
1228 2003 1321 2031 radios
1328 2003 1460 2030 clariores
1471 2003 1613 2030 eliiciebat.
1622 2003 1723 2036 Quam-

936 2049 1031 2077 obrem
1044 2056 1151 2080 omnes.
1170 2049 1197 2075 itt
1213 2049 1313 2084 quibus
1329 2048 1494 2076 eruditionis
1508 2052 1589 2083 atque
1602 2049 1723 2076 scientiae

937 2095 1063 2123 nonnihil
1079 2095 1215 2127 inerut,in
1230 2103 1290 2122 sese
1308 2094 1484 2122 convertebat
1500 2102 1506 2119 :
1521 2094 1598 2122 exiis
1609 2095 1654 2129 qui
1668 2102 1722 2121 ca:-

96 2139 211 2171 κοῦντες
224 2139 306 2166 πλέον
325 2139 407 2175 ἔχειν,
422 2139 477 2168 οἷον
494 2142 534 2173 είς
551 2141 693 2176 φάλαγγάς
705 2150 780 2173 τινας
792 2142 826 2168 δι’
840 2141 886 2168 ἀλ·

940 2140 1007 2168 teris
1024 2145 1154 2176 praestare
1168 2140 1342 2173 videbantur,
1356 2139 1474 2167 coitione
1486 2143 1568 2174 atque
1581 2140 1724 2175 conspira-

96 2186 187 2222 λήλων
202 2186 463 2222 καταπυκνούμενοι,
476 2187 561 2218 οὕτως
575 2187 721 2223 ὑπομένειν
738 2187 886 2223 ἐπειρῶντο

96 2231 145 2258 τοῦ
169 2232 303 2266 Στεφάνου
327 2232 376 2268 τὴν
401 2232 563 2268 προσὸολήν.
590 2232 619 2260 '0
639 2233 667 2260 δέ
686 2234 768 2260 πᾶσιν
790 2233 887 2268 ἐπίσης

96 2278 205 2313 ἄμαχος
218 2276 262 2313 ἦν,
282 2278 329 2305 καὶ
350 2277 458 2310 πολλοῖς
484 2278 646 2314 συμμίσγων
668 2280 728 2305 κατ’
744 2279 824 2305 αὑτὸν
840 2279 887 2305 καὶ

97 2323 248 2351 ἐλάττοσιν.
277 2323 321 2351 Ἐν
345 2323 432 2358 τούτῳ
449 2323 554 2357 τοίνυν,
582 2324 613 2350 τὺ
637 2323 686 2359 μὲν
713 2324 885 2359 φαινόμενον,

103 2368 289 2405 Ἀλεξανδρεῖς
310 2369 358 2396 καὶ
382 2369 532 2405 Λιϐερτῖνοι
555 2369 603 2396 καὶ
619 2369 768 2405 Κυρηναῖοι
792 2370 839 2396 καὶ
861 2369 887 2395 οἱ

97 2414 268 2449 πανταχόθεν
289 2409 514 2450 ἦσαν’ᾶνθρωποι
538 2415 606 2450 πρὸς
628 2414 673 2441 τὸν
692 2415 741 2450 τῆς
758 2414 887 2450 ἀληθείας

97 2459 253 2495 ἀγωνιστὴν
281 2459 518 2495 συμπλεκόμενοι·
537 2459 551 2486 6
564 2459 593 2486 δὲ
605 2459 649 2486 διὰ
661 2459 707 2486 τοῦ
724 2459 886 2495 φαινομένου

97 2505 254 2540 νοούμενος,
269 2506 283 2532 6
299 2506 390 2541 πατὴρ
402 2505 451 2532 τοῦ
464 2505 577 2540 ψεύδους
595 2502 640 2541 ἦν,
661 2505 694 2532 δι’
709 2505 886 2541 ἀνθρωπίνων

97 2550 254 2587 προσώπων
268 2550 335 2586 πρὸς
350 2551 399 2586 τὴν
410 2551 438 2578 ἐν
449 2551 489 2586 τῷ
503 2550 631 2585 Στεφάνῳ
642 2550 806 2585 λαλουμένην
821 2549 888 2586 ἀλή-

98 2596 176 2622 θειαν
189 2595 284 2622 ἑαυτὸν
300 2595 472 2631 ἀντεγείρων.
497 2595 566 2622 Ἀλλ’
580 2596 597 2631 ή
620 2596 669 2631 μὲν
688 2595 801 2631 ἀλήθεια
816 2594 888 2627 κατὰ

97 2641 146 2667 τοῦ
168 2641 283 2675 ψεύδους
305 2641 504 2677 τροπαιοφόρος
527 2639 582 2677 ἦν,
605 2640 696 2673 καλῶς
717 2641 886 2677 τρεψαμένου

97 2686 146 2713 τοῦ
164 2686 298 2721 ἀριστέως
313 2687 417 2718 πάντας
437 2687 500 2718 τοὺς
522 2687 727 2722 προαγωνιστὰς
748 2686 798 2722 τῆς
817 2687 888 2713 ἀπά-

97 2742 148 2770 της
162 2743 168 2749 ·
193 2733 208 2759 6
230 2732 259 2759 δὲ
281 2732 403 2763 δίακονος
419 2731 470 2766 τῆς
482 2731 610 2767 ἀληθείας
628 2732 703 2768 παρὰ
722 2732 769 2759 τοῦ
789 2731 887 2768 ἐχθροῦ

937 2187 1011 2214 tione
1029 2185 1111 2218 facta,
1121 2186 1205 2213 veluti
1219 2187 1246 2213 in
1256 2186 1408 2222 phalangas
1421 2185 1553 2221 quasdatn
1564 2186 1722 2220 eonstipali.

937 2232 978 2260 sic
992 2232 1121 2267 impetum
1146 2232 1279 2267 Stephani
1296 2231 1432 2259 sustinere
1448 2231 1616 2258 nitebantur.
1631 2232 1665 2258 At
1681 2231 1724 2258 illc

936 2278 1065 2306 omnibus
1078 2278 1180 2312 pariter
1192 2278 1310 2305 invictus
1325 2281 1397 2309 erat,
1416 2277 1472 2304 sive
1486 2284 1547 2304 cum
1564 2277 1657 2304 multis
1679 2284 1724 2304 so-

937 2322 992 2354 lus,
1009 2322 1066 2349 sive
1092 2328 1155 2348 cum
1185 2321 1280 2356 paucis
1305 2322 1528 2356 congrederetur.
1548 2320 1625 2348 Tunc
1641 2321 1724 2356 igitur

937 2368 965 2395 in
995 2367 1114 2402 speciem
1140 2367 1250 2402 quidem
1281 2367 1471 2401 Alexandrini,
1492 2367 1682 2402 Libertiniquc
1696 2371 1724 2394 ct

936 2414 1116 2450 Cyrenenses,
1131 2415 1233 2449 quique
1252 2414 1372 2449 tmdique
1386 2418 1570 2441 convenerant
1587 2414 1722 2445 homines.

937 2467 998 2487 cum
1011 2460 1136 2487 veritatis
1165 2459 1264 2487 athleta
1289 2459 1482 2495 conﬂigebant.
1497 2459 1548 2492 Qui
1571 2464 1662 2487 autem
1676 2467 1724 2494 per

935 2505 962 2532 id
979 2505 1056 2541 quod-
1084 2505 1233 2541 apparebat
1249 2505 1421 2540 intelligitur,
1450 2505 1474 2533 is
1492 2510 1569 2540 pater
1588 2504 1722 2533 mendacii

935 2555 1004 2583 erat,
1031 2558 1079 2585 per
1105 2551 1205 2586 ﬁguras
1226 2550 1362 2578 humanas
1385 2550 1518 2578 adversus
1545 2558 1616 2583 eam,
1631 2557 1721 2585 quaaa

935 2595 1075 2631 Stephano
1098 2595 1296 2630 proferebatur,
1319 2596 1461 2623 veritatem
1489 2595 1645 2629 insurgens.
1669 2593 1723 2622 Sed

935 2642 1037 2670 veritas
1047 2641 1155 2677 quidem
1169 2641 1203 2669 de
1220 2640 1363 2669 mendacio
1400 2645 1533 2675 tropaeum
1554 2640 1721 2675 reportabat,

936 2695 998 2714 cum
1014 2687 1113 2714 virille
1124 2690 1358 2714 strenuusomnes
1378 2690 1595 2720 propugnatores
1615 2684 1721 2712 fraudis

935 2733 964 2760 in
984 2732 1076 2769 fingam
1095 2732 1203 2767 egregie
1232 2731 1382 2759 vertisset:
1400 2730 1522 2758 minister
1547 2734 1638 2758 autem
1653 2730 1723 2758 veri-

137 2824 147 2839 '
160 2823 221 2851 Act.
242 2831 271 2855 Il,
285 2823 327 2850 Μ.
367 2823 377 2839 ³
393 2823 454 2850 Act.
477 2830 518 2856 ιιι,
540 2831 600 2858 sqq.
618 2823 627 2838 ⁸
665 2824 724 2850 Act.
740 2832 776 2855 \‘l,
793 2823 819 2851 5.
856 2823 887 2850 'l

938 2830 968 2850 ιι.
985 2831 1020 2856 Iv,
1034 2823 1058 2851 Ι.
1097 2824 1107 2838 ⁸
1123 2823 1220 2859 Ephcs.
1239 2831 1276 2856 tv,
1299 2822 1342 2855 il;
1356 2820 1365 2847 1
1379 2822 1440 2849 Cor.
1462 2829 1510 2854 xu,
1528 2821 1541 2849 4
1558 2830 1618 2857 sqq.
