1912 3082
204 122 257 150 707

811 118 839 145 S.
860 116 1023 146 CREGORII
1042 115 1186 142 NYSSENI

1792 116 1845 144 703

206 178 271 206 tatis
283 177 317 204 ab
332 176 411 205 hoste
421 177 544 204 veritatis
557 175 665 204 insidiis
674 175 829 211 petebatur,
845 174 925 209 quasi
941 181 995 200 non

1062 172 1097 206 ῆς
1113 171 1242 206 ἀληθείας
1268 170 1470 201 ἐπεϐουλεύετο,
1495 171 1531 202 ὡς
1555 171 1615 206 οὐχὶ
1641 181 1768 208 φανερτυν
1792 174 1846 209 τὴν

208 221 373 257 patefaceret
387 230 458 254 eam,
481 230 541 257 quu-
568 229 662 249 rcvera
684 224 769 251 esset,
787 219 834 247 sed
851 227 923 250 eam.
937 227 998 253 qua:

209 274 262 293 non
290 271 374 297 esset.
400 265 512 301 ﬁngeret
542 266 694 293 veritatem.
712 264 783 297 Quid
807 263 865 290 haec
891 263 998 290 moliris

209 311 343 339 adversus
358 318 511 347 praconem
523 331 530 343 ,
548 312 581 339 ad
595 311 734 339 diabolum
750 311 884 338 dixerim?
904 309 932 338 Si
951 310 996 338 tibi

173 378 175 380 τ
212 357 311 391 aliqme
321 360 385 384 sunt
397 356 480 388 vires,
497 356 670 384 incommoda
685 356 803 387 veritati,
820 364 880 390 qua:
895 356 922 382 in
939 355 1000 382 Stc-

212 401 304 437 phano
318 402 425 436 elucet;
439 402 481 430 sin
495 406 585 429 autem
603 402 647 428 illa
667 402 724 429 tuis
748 401 999 429 machinationibus

211 445 356 472 sublimior
369 450 421 477 est,
435 446 500 482 quid
512 446 585 473 circa
599 446 723 473 veritatis
737 453 783 472 vas
803 446 998 480 malignitatem

211 499 334 523 exerces,
352 496 434 526 atque
445 492 549 520 omisso
566 499 600 519 eo
613 491 686 527 quod
712 492 879 523 continetur,
896 491 970 518 tollis
985 497 1000 518 e

212 537 302 563 medio
316 537 342 564 id
359 539 431 572 quod
449 538 580 569 continet.
598 545 651 564 non
668 545 747 566 secus
759 545 791 564 ac
808 537 898 564 facere
912 538 1000 564 solent

215 591 309 616 canes,
330 584 376 618 qui
393 584 498 619 lapides
511 583 612 619 quibus
627 587 755 619 petuntur
773 583 841 610 rictu
859 582 1000 613 invadunt,

213 634 241 656 et
250 637 312 656 eum
328 638 342 656 a
353 637 407 664 quo
420 635 558 664 petuntur,
574 638 627 657 non
641 629 800 664 attingunt?
819 628 1000 663 Posteaquam

213 674 298 708 igitur
314 674 486 702 mendacium
505 682 552 710 per
566 682 598 702 ea
623 682 683 709 quae
702 674 920 709 opponebantur,
936 680 1002 699 cou-

216 718 331 745 futatum
344 723 424 753 atque
436 719 592 746 convictum
603 722 672 750 erat,
687 725 737 745 nec
747 725 911 752 quemquam
919 718 1001 744 alium

215 763 357 797 improbus
383 763 428 790 ille
446 767 538 798 postea
552 766 781 798 propugnatorem
806 762 911 790 fraudis
928 763 1002 789 inve-

216 809 276 834 nire
299 811 429 842 poterat,
453 808 581 836 omnibus
604 808 636 835 ad
662 807 825 843 patefactam
858 808 1001 835 veritatem

217 853 427 887 respicientibus
445 872 452 885 ,
475 861 529 880 non
552 853 725 881 obliviscitur
751 853 794 880 sui
824 854 1001 886 certaminis.
1019 841 1038 868 Β

217 902 299 932 atque
313 898 460 925 efﬁcaciam
481 906 559 926 suam
572 902 627 925 tam
643 898 669 925 in
684 902 861 927 accusatores
874 906 956 934 quam
975 899 1002 926 in

215 943 322 977 judices
334 943 460 977 partitur,
472 950 535 970 cum
546 942 671 977 utrisque
681 950 743 970 sese
758 942 936 976 insinuasset.
951 943 1002 970 hos

217 989 338 1024 quidem,
353 993 383 1016 ut
395 988 463 1016 falsa
478 988 610 1016 adversus
624 988 793 1025 Stephanum
805 989 939 1020 dicerent,
954 987 1005 1016 im-

218 1034 298 1069 pulit,
313 1034 375 1062 ill05
390 1042 465 1066 vero,
483 1037 513 1061 ut
522 1035 614 1062 animo
626 1035 696 1062 irato
725 1035 890 1062 calumniam
905 1035 1005 1062 admit.-

219 1083 319 1111 terent,
333 1079 449 1106 induxit.
466 1079 589 1114 Cumque
605 1080 688 1108 variis
701 1080 790 1108 modis
806 1081 889 1108 etiam
902 1079 1005 1107 Iudaeis

220 1132 282 1152 sese
297 1125 467 1157 inseruisset,
480 1125 602 1152 omnium
615 1125 746 1154 adversus
758 1125 924 1160 Stephanum
944 1125 1006 1152 fun-

220 1170 294 1204 gitur
307 1169 407 1203 oﬁicio,
423 1171 604 1202 accusatoris.
619 1171 735 1206 iudicis,
750 1172 907 1204 carniﬁcis,
921 1176 949 1199 et
963 1179 1007 1198 re-

222 1214 290 1248 liqui
308 1215 393 1242 totius
405 1215 549 1243 ministerii
567 1215 675 1248 mortis,
689 1216 819 1252 ignorans
829 1223 892 1243 cum
906 1221 1006 1252 quanta

222 1259 302 1286 ruina
316 1264 378 1294 post
401 1259 482 1286 talem
499 1259 631 1287 adversus
646 1259 814 1295 Stephanum
832 1259 1007 1291 sententiam.

222 1312 344 1340 praeceps
360 1305 486 1332 abiturus
499 1309 582 1334 esset.
593 1305 828 1338 Quemadmodum
839 1306 911 1332 enim
928 1305 1008 1340 periti

224 1350 332 1377 athleta:
342 1350 491 1378 subeuntes
504 1357 605 1385 corpus
620 1350 840 1378 adversariorum
855 1359 903 1386 per
912 1358 1009 1385 quam—

223 1395 285 1422 dam
298 1394 473 1422 artiﬁciosam
487 1395 636 1430 agilitatem
652 1399 735 1430 atque
756 1395 935 1428 habilitatem,
949 1404 1010 1431 gra-

223 1441 327 1467 viorem
354 1440 459 1475 lapsum
489 1440 529 1467 eis
557 1440 741 1468 struunt:lta
769 1448 884 1476 magnus
902 1448 1011 1476 quoque

226 1485 382 1521 Stephanus
399 1486 473 1513 humi
491 1490 645 1521 prostratus
660 1487 681 1518 ',
697 1494 807 1523 gravem
826 1487 900 1523 illam
913 1491 1012 1514 contu-

225 1532 330 1559 sionem
345 1531 493 1559 adversarii
505 1531 631 1559 confecit.

262 1576 330 1604 Hinc
340 1577 412 1604 enim
424 1577 450 1604 in
464 1577 557 1604 orbem
568 1581 704 1604 terrarum
715 1577 948 1612 apostolicurrere
955 1584 1013 1605 ca:-

225 1625 334 1656 perunt.
346 1621 398 1649 hoc
411 1623 437 1649 in
451 1630 546 1650 omnes
565 1626 657 1657 partes
668 1623 803 1650 sermonis
819 1622 1014 1658 divulgatiohis

227 1668 334 1696 initium
351 1673 403 1696 est.
416 1668 483 1696 Nam
501 1669 554 1696 nisi
568 1668 602 1695 ab
613 1669 685 1696 illius
702 1669 775 1695 cmde
785 1668 1015 1704 populusludtm-

225 1719 287 1739 rum
294 1713 321 1740 in
329 1713 467 1748 apostolos
475 1713 596 1740 sazvisset
606 1713 628 1745 ⁵,
638 1713 749 1740 forsitan
759 1713 825 1741 solis
835 1706 1013 1749 Jerosolymls

229 1757 366 1793 Evangelii
383 1757 471 1793 gratia
490 1757 597 1785 inclusa
617 1761 700 1791 esset,
716 1765 789 1785 nunc
805 1765 870 1786 vero
890 1758 982 1792 agitati
998 1762 1012 1785 a

226 1804 340 1837 ludatis,
357 1803 428 1831 alius
443 1802 498 1830 alio
508 1803 628 1838 gentium
643 1811 691 1838 per
702 1804 795 1830 orbem
809 1808 943 1831 terrarum
958 1804 1014 1831 dis-

228 1851 301 1887 persi
325 1854 399 1883 sunt,
420 1849 540 1884 undique
570 1857 619 1884 per
641 1850 833 1885 mysteriorum
860 1849 1013 1877 doctrinam

227 1895 366 1923 diabolum
388 1895 574 1922 cxturbantcs.
590 1893 647 1920 Hoc
667 1894 748 1922 modo
763 1894 887 1922 Samaria
907 1903 1012 1923 sermo--

228 1949 289 1968 nem
305 1940 400 1975 recipit
413 1948 420 1973 ;
448 1939 500 1966 hoc
512 1939 593 1966 modo
608 1939 698 1966 obiter
713 1939 739 1966 in
752 1939 795 1966 via
808 1940 882 1967 salus
896 1940 1013 1967 eunuchi

227 1993 242 2011 ιι
258 1984 384 2020 Philippo
400 1983 544 2011 conﬁcitur
558 1985 588 2010 ἐ
608 1983 645 2010 ita
665 1991 791 2018 magnum
809 1985 873 2012 illud
885 1985 1015 2013 Ecclesia:

229 2031 440 2057 instrumentum
458 2028 559 2056 Paulus
572 2028 613 2056 ira
630 2029 766 2064 minisque
776 2036 791 2056 a
800 2029 909 2057 diabolo
922 2037 1014 2058 arma-

228 2080 273 2102 tus
299 2075 433 2103 adversus
455 2074 543 2109 ipsum
570 2078 735 2102 armatorem
760 2075 813 2102 tela
836 2076 916 2102 vertit
933 2076 965 2105 '°.
981 2084 1015 2104 ex

228 2121 302 2148 omni
332 2128 394 2148 eum
416 2120 604 2148 exterminans
619 2120 686 2148 orbe
704 2124 849 2154 terrarum,
866 2125 896 2149 ut
908 2122 1013 2149 nullum

1047 215 1140 247 οὖσαν,
1155 216 1222 243 ἀλλά
1237 216 1322 242 ποιῶν
1334 215 1383 251 τὴν
1397 216 1434 251 μὴ
1451 214 1532 243 οὖσαν
1549 217 1688 253 ἀλήθειαν.
1705 219 1738 244 Τί
1753 220 1844 245 ταῦτα

1049 262 1204 298 συσκευάζῃ
1218 262 1287 288 κατὰ
1299 261 1345 288 τοῦ
1361 263 1491 297 κήρυκος,
1512 261 1580 297 πρὸς
1595 263 1641 289 τὸν
1654 263 1790 294 διάϐολον,
1805 264 1843 290 εἶ-

1049 315 1127 342 ποιμι
1141 307 1193 340 ἀνί
1208 307 1240 333 Et
1256 307 1296 333 σοί
1313 307 1354 338 τίς
1369 307 1426 333 ἐστι
1443 307 1574 342 δύναμις,
1596 307 1646 344 τὴν
1667 309 1696 335 ἐν
1717 309 1757 344 τῷ
1778 310 1843 336 Στε-

1049 353 1125 388 φάνῳ
1143 352 1243 387 βλαψον
1265 352 1396 388 ἀλήθειαν
1407 360 1414 367 ·
1443 353 1466 379 εἰ
1489 352 1517 379 δὲ
1533 353 1623 388 ἐκείνη
1640 353 1695 381 τῶν
1718 355 1773 381 σῶν
1791 364 1842 390 μη-

1049 398 1213 433 χανημάτων
1232 398 1394 434 ὑψηλοτέρα.
1419 398 1445 424 τί
1466 399 1528 434 περὶ
1544 399 1574 425 τὸ
1589 399 1685 431 σκεῦος
1701 401 1751 435 τῆς
1775 401 1843 436 ἀλη-

1050 444 1124 475 θείας
1154 443 1318 478 ἀπασχολεῖς
1338 444 1387 478 τὴν
1412 444 1556 471 κακόνοιαν
1569 465 1576 475 .
1601 445 1648 471 καὶ.
1670 445 1795 481 ἀναιρεῖς
1814 446 1843 472 τὸ

1050 489 1186 524 περιέχον,
1201 488 1358 515 καταλιπὼν
1371 489 1401 515 τὸ
1414 489 1588 524 ἐγκείμενονς
1605 487 1662 518 οἷόν
1679 499 1706 517 τι
1719 491 1843 517 ποιοῦσιν

1049 534 1074 560 οῑ
1087 533 1175 565 κύνες,
1187 535 1250 566 τοὺς
1263 534 1353 566 λίθους
1365 532 1406 566 οἷς
1420 533 1559 568 βάλλονται
1571 535 1788 571 περιχαίνοντις,
1798 536 1845 563 τοῦ

1051 580 1194 615 βάλλοντος
1209 580 1258 615 οὐχ
1273 580 1431 615 ἀπτόμενοι;
1456 580 1564 616 Ἐπειδὴ
1579 581 1668 607 τοίνυν
1681 581 1844 617 ἀπηλέγχθη

1050 625 1094 651 διὰ
1108 625 1163 651 τῶν
1177 624 1383 660 ἀνθισταμένων
1397 625 1427 652 τὸ
1439 625 1546 660 ψεῦδος,
1564 626 1612 653 καὶ
1630 627 1723 653 οὐκέτι
1736 625 1796 658 οἷός
1816 635 1844 653 τε

1050 670 1084 706 ἧν
1101 671 1115 696 δ
1130 671 1250 706 Πονηρὸς
1275 671 1354 697 ἄλλον
1370 671 1429 698 τινὰ
1441 673 1649 708 προαγωνιστὴν
1664 673 1714 708 τῆς
1735 672 1844 706 ἀπάτης

1052 717 1150 751 εὑρεῖν,
1175 717 1283 743 πάντων
1307 715 1375 751 πρὸς
1397 716 1446 751 τὴν
1468 717 1622 752 φανέρωσιν
1642 717 1691 752 τῆς
1715 716 1845 752 ἀληθείας

1052 761 1271 794 ἀποϐλεπόντων,
1287 761 1476 797 ἀναμέμνηται
1492 762 1539 789 τοῦ
1557 763 1622 789 ἰδίου
1642 763 1846 797 παλαίσματος,

1053 809 1099 834 καὶ
1121 808 1308 843 καταμερίσας
1324 807 1421 834 ἐαυτοῦ
1443 807 1492 842 τὴν
1515 808 1656 843 ἐνέργειαν
1674 808 1715 838 εἰς
1738 816 1768 834 τε
1785 808 1846 838 τοὺς

1053 853 1224 888 κατηγόρους
1248 853 1296 879 καὶ
1314 853 1380 885 τους
1397 852 1527 884 δικαστάς
1539 861 1546 868 ’
1569 853 1616 879 καὶ
1631 854 1660 879 ὲν
1676 853 1845 888 ἀμφοτέροις

1053 899 1208 934 γενόμενος,
1226 898 1288 930 τοὺς
1303 899 1352 934 μὲν
1370 898 1460 933 λέγειν
1473 899 1507 925 τὰ
1521 898 1604 934 ψευδῆ
1624 899 1696 925 κατά
1714 899 1762 925 τοῦ
1783 900 1847 925 Στεο

1054 944 1139 977 φάνου
1154 944 1299 979 προήγετο,
1322 943 1385 975 τοὺς
1403 943 1432 970 δὲ
1453 943 1511 978 μετ’
1527 943 1612 978 ὀργῆς
1639 943 1689 979 τὴν
1713 952 1837 977 συκοφαν

1053 988 1113 1014 τίαν
1131 987 1336 1024 προσδέχεσθαι.
1362 988 1417 1015 Καὶ
1436 987 1566 1019 ποικίλως
1589 988 1684 1014 ἑαυτὸν
1706 989 1764 1018 τοῖς
1785 988 1843 1014 Ἰου

1053 1033 1138 1065 δαίοις
1154 1034 1390 1069 ἐγκατασπείρας,
1415 1034 1503 1060 πάντα
1522 1034 1626 1067 γίνεται
1647 1033 1686 1069 τῷ
1707 1034 1849 1068 Στεφάνῳ,

1056 1081 1102 1107 καὶ
1114 1080 1266 1115 κατήγορος
1277 1080 1323 1106 καὶ¹
1335 1080 1476 1114 δικαστὴς,
1492 1080 1541 1107 καὶ
1553 1080 1659 1115 δήμιος,
1681 1080 1729 1106 καὶ
1742 1081 1818 1106 πᾶσα
1832 1082 1849 1115 ὴ

1056 1124 1136 1160 λοιπὴ
1153 1124 1200 1151 τοῦ
1220 1125 1334 1152 θανάτου
1359 1125 1496 1160 ὑπηρεσία
1508 1133 1516 1140 ’
1541 1125 1590 1151 οὐκ
1605 1125 1684 1156 εἰδὼς
1704 1126 1755 1159 οἴῳ
1775 1125 1850 1151 πτώο

1058 1177 1122 1204 ματι
1142 1169 1211 1204 μετὰ
1228 1170 1278 1204 τὴν
1291 1170 1418 1205 τοιαύτην
1432 1170 1475 1196 ἐπὶ
1489 1170 1616 1205 Στεφάνῳ
1634 1170 1724 1205 ψῆφον
1739 1178 1850 1196 κατενευ

1057 1214 1196 1250 χθήσεται.
1219 1214 1352 1250 Καθάπερ
1373 1215 1427 1251 γὰρ
1447 1216 1472 1242 οι
1498 1216 1625 1251 ἔμπειροι
1646 1216 1701 1243 τῶν
1725 1216 1851 1251 ἀθλητῶν

1059 1260 1208 1292 ὑποϐάντες
1230 1261 1269 1296 τῷ
1293 1261 1399 1296 σώματι
1415 1261 1469 1288 τῶν
1488 1261 1747 1297 προσπαλαιόντων,
1772 1261 1847 1296 χαλε-

1059 1305 1182 1342 πώτερον
1207 1306 1298 1337 αὺτοῖς
1321 1306 1366 1332 διά
1387 1314 1461 1338 τινος
1481 1307 1606 1341 τεχνικῆς
1632 1306 1796 1342 εὐστροφίας
1821 1306 1852 1332 τὸ

1059 1351 1159 1387 πτῶμα
1183 1351 1432 1383 κατασκευάζουσιν
1445 1360 1452 1367 ’
1477 1351 1549 1378 οὕτω
1571 1352 1619 1378 καὶ
1637 1353 1651 1380 ὁ
1678 1352 1766 1387 μέγας
1786 1352 1848 1378 Στέ-

1060 1406 1154 1432 φανος,
1172 1399 1212 1430 εἰς
1226 1398 1277 1433 γῆν
1291 1398 1403 1430 κλιθεὶς,
1413 1397 1444 1424 τὸ
1452 1398 1567 1433 χαλεπὸν
1580 1398 1736 1435 σύντριμμα
1748 1399 1796 1426 τοῦ
1806 1399 1852 1425 άν-

1060 1444 1215 1479 τικειμένου
1234 1444 1392 1479 εἰργάσατο.

1105 1576 1244 1604 Ἐντεῦθεν
1258 1577 1312 1613 γὰρ
1328 1577 1432 1612 γίνεται
1447 1578 1503 1610 τοῖς
1519 1577 1678 1609 ἀποστόλοις
1692 1578 1739 1604 ἐπὶ
1752 1578 1802 1613 τὴν
1816 1578 1851 1605 οἰ-

1064 1622 1199 1657 κουμένην
1215 1623 1229 1649 ὁ
1251 1623 1363 1658 δρόμος·
1389 1622 1460 1657 αὓτη
1483 1623 1532 1657 τῆς
1555 1623 1692 1658 πανταχοῦ
1708 1623 1756 1649 τοῦ
1774 1623 1853 1657 λόγου

1063 1667 1258 1702 διαφοιτήσεως
1285 1668 1301 1703 ἡ
1324 1667 1406 1703 ἀρχή.
1435 1668 1467 1694 Εἰ
1481 1668 1536 1703 γὰρ
1556 1669 1593 1703 μὴ
1615 1670 1647 1702 τῇ
1671 1670 1731 1695 κατ’
1748 1669 1853 1695 ἐκείνου

1065 1713 1206 1749 μιαιφονίᾳ
1217 1714 1232 1739 ό
1250 1713 1336 1748 δῆμος
1354 1714 1408 1740 τῶν
1429 1714 1561 1741 Ἰουδαίων
1582 1715 1652 1741 κατὰ
1670 1716 1725 1741 τῶν
1739 1716 1844 1742 (ima-.6

1063 1759 1116 1786 λων
1138 1759 1224 1794 ἐμάνη
1238 1779 1245 1791 ,
1273 1759 1364 1793 μόνοις
1392 1759 1425 1786 ἂν
1449 1760 1519 1794 τάχα
1546 1760 1744 1796 Ἰεροσολύμοις
1771 1761 1788 1796 ἡ
1808 1760 1853 1788 τοῦ

1064 1804 1230 1839 Εὐαγγελίου
1242 1804 1321 1840 χάρις
1335 1804 1524 1831 ἐναπεκλείετο
1537 1813 1544 1820 '
1567 1805 1626 1832 vovi.
1647 1806 1676 1832 δὲ
1693 1806 1853 1840 διωχθέντες

1065 1850 1141 1886 παρά
1153 1850 1207 1876 τῶν
1226 1849 1369 1881 Ἰουδαίων,
1387 1849 1466 1882 ἄλλος
1484 1850 1587 1885 ἀλλαχῆ
1601 1850 1655 1877 τῶν
1667 1850 1737 1877 κατά
1751 1851 1803 1885 τὴν
1818 1852 1842 1877 οί

1064 1895 1200 1930 κουμένην
1219 1894 1304 1921 ἐθνῶν
1325 1894 1469 1930 διεσπάρη,
1487 1895 1654 1930 πανταχόθεν
1673 1895 1719 1921 τὸν
1731 1895 1853 1923 διάδηλον

1063 1940 1107 1966 διὰ
1116 1940 1166 1974 τῆς
1179 1939 1232 1966 τῶν
1242 1940 1397 1975 μυστηρίων
1409 1939 1580 1970 διδασκαλίας
1588 1940 1767 1976 ἐξείργοντες,
1777 1941 1853 1967 Οὕτω

1063 1985 1170 2020 δέχεται
1182 1985 1227 2012 τὸν
1239 1985 1316 2019 λόγον
1332 1986 1350 2020 ἡ
1367 1985 1506 2020 Σαμάρεια
1520 1994 1526 2001 ’
1541 1986 1628 2017 οὕτως
1640 1986 1700 2012 ὁδοῦ
1716 1987 1853 2022 πάρεργον

1064 2032 1081 2066 ἢ
1096 2031 1142 2058 τοῦ
1155 2031 1280 2066 εὐνούχου
1298 2031 1419 2066 σωτηρία
1432 2031 1508 2066 παρά
1518 2031 1564 2058 τοῦ
1580 2032 1714 2059 Φιλίππου
1732 2034 1853 2067 γίνεται·

1064 2077 1136 2103 οὕτω
1149 2078 1180 2103 τδ
1197 2077 1269 2112 μέγα
1286 2076 1382 2108 σκεῦος
1394 2077 1443 2112 τῆς
1462 2077 1624 2112 Ἐκκλησίας
1646 2078 1763 2111 Παῦλος,
1775 2079 1853 2114 θυμῷ

1065 2123 1111 2149 καὶ
1126 2122 1224 2158 ἀπειλῇ
1239 2122 1314 2158 παρά
1331 2121 1377 2149 τοῦ
1392 2122 1514 2149 διαϐόλου
1530 2123 1729 2155 καθοπλισθεὶς,
1748 2125 1793 2151 ἐπ’
1808 2126 1849 2152 αι)

230 2168 396 2201 relinqueret
424 2167 512 2194 locum
542 2167 603 2193 ﬁdei
626 2165 729 2194 Christi
747 2167 929 2196 inaccessum.
945 2167 1008 2196 lliut

1067 2169 1111 2195 τὸν
1134 2169 1229 2204 τρέπει
1252 2169 1299 2195 τὸν
1321 2168 1435 2203 ὁπλίτην
1454 2169 1505 2200 τὰς
1526 2169 1640 2202 ἀκίδας,
1661 2170 1755 2205 πάσης
1775 2171 1853 2197 αὐτὸν

228 2212 359 2248 ὣςςριίἰ,
390 2211 463 2247 Syri,
488 2212 593 2243 Parthi,
617 2216 644 2240 et
663 2212 888 2248 Mesopotamitm,
904 2213 964 2240 Itali
988 2218 1015 2241 et

228 2257 310 2289 Galli,
328 2257 425 2293 Illyrii,
442 2257 604 2286 Macedones
628 2258 767 2287 Christum
799 2263 962 2293 agnoscunt,
989 2264 1016 2287 et

229 2311 325 2330 omnes
341 2303 461 2338 undique
477 2308 571 2338 gentes
599 2311 690 2332 sermo
705 2312 869 2339 percurrens
887 2306 920 2333 ad
935 2306 1015 2333 ﬁdem

230 2348 352 2375 adducit.
367 2347 449 2375 Vides
456 2348 586 2383 Stephani
599 2349 755 2376 athleticam
763 2350 924 2377 scientiam?
934 2358 1015 2385 quant

231 2394 323 2421 multis
342 2394 432 2422 ruinis
447 2394 565 2422 obtritos
580 2394 616 2421 sit
629 2395 812 2425 adversarius,
828 2403 890 2423 cum
905 2403 953 2430 per
971 2402 1018 2422 ca-

230 2439 361 2466 lumniam
376 2438 535 2466 adversario
549 2439 674 2474 superior
698 2439 782 2468 fuisse
796 2440 952 2468 videretur?
964 2439 1018 2468 Ve-

230 2491 290 2509 rum
309 2483 342 2509 ad
360 2483 479 2510 stadium
495 2483 585 2510 denuo
606 2488 786 2511 revertamur.
807 2484 911 2518 Quibus
927 2485 1018 2513 verbis

231 2529 363 2563 populum
373 2529 512 2556 concitant
522 2529 758 2558 calumniatores?
769 2530 832 2557 Non
847 2530 957 2562 desinit,
975 2532 1018 2558 in-

231 2575 340 2609 quiunt,
364 2574 442 2601 verba
467 2575 656 2602 contumeliosa
686 2575 756 2610 loqui
786 2575 910 2603 adversus
931 2577 1018 2603 locum

231 2620 299 2646 hunc
310 2625 430 2646 sanctum
446 2625 471 2647 et
487 2619 566 2654 legem
582 2627 592 2646 :
611 2620 759 2647 audivimus
776 2621 845 2647 enim
860 2628 893 2647 ex
904 2629 944 2652 ρο,
958 2630 1017 2648 cum

231 2664 343 2696 diceret,
354 2664 432 2692 Jews
454 2664 479 2692 Ν
482 2673 612 2693 azarenus
626 2666 667 2693 lu'c
677 2665 833 2693 demolietur
842 2667 927 2693 locum
937 2667 1015 2700 hunc,

231 2715 256 2737 et
268 2711 379 2738 mutabit
390 2711 523 2745 instituta,
532 2720 591 2747 qua:
606 2711 680 2739 nobis
689 2712 799 2740 tradidit
810 2712 948 2748 Moyses".
962 2713 1016 2740 Ac-

267 2798 278 2814 '
290 2798 351 2826 Act.
366 2807 414 2832 vn,
432 2799 477 2827 59.
514 2799 524 2816 ⁸
539 2799 608 2828 Ibid.
645 2801 656 2816 '
669 2800 730 2827 Act.
747 2800 851 2833 vm,‘27
869 2809 930 2836 sqq.

1067 2213 1235 2249 ὑπερορίζων
1251 2214 1300 2248 τῆς
1314 2213 1486 2249 οἰκουμένης,
1500 2213 1538 2245 ὡς
1554 2214 1657 2249 μηδένα
1672 2214 1756 2241 τόπον
1772 2223 1848 2241 καται

1066 2258 1153 2285 λιπεῖν
1172 2259 1204 2293 τῇ
1221 2258 1311 2284 πίστει
1325 2257 1372 2285 τοῦ
1391 2257 1508 2293 Χριστοῦ
1521 2258 1692 2285 ἀνεπίϐατον.
1716 2259 1854 2286 Ἐντεῦθεν

1067 2304 1219 2337 Αἰγύπτιοι,
1234 2303 1326 2338 Σύροι.
1345 2303 1447 2338 Πάρθοι
1467 2304 1514 2330 καὶ
1531 2303 1767 2339 Μεσοποταμῖται,
1790 2306 1852 2332 Ἰται

1066 2350 1106 2376 λοὶ
1124 2350 1171 2376 καὶ
1190 2350 1318 2382 Γαλάται,
1333 2349 1467 2385 Ἰλλυριοὶ,
1486 2349 1638 2381 Μακεδόνες
1649 2371 1657 2382 ,
1677 2350 1725 2378 καὶ
1741 2351 1777 2378 τὰ
1791 2360 1855 2378 παν-

1065 2395 1178 2430 ταχόθεν
1193 2395 1257 2429 ἕθνη
1272 2395 1404 2430 προσάγει
1420 2395 1453 2430 τῇ
1472 2395 1561 2421 πίστει
1572 2395 1720 2432 διατρέχων
1735 2397 1751 2422 ὸ
1767 2396 1854 2430 λόγος.

1071 2442 1151 2476 Ὁρᾷς
1158 2440 1204 2468 τοῦ
1214 2440 1352 2475 Στεφάνου
1360 2440 1409 2475 τὴν
1417 2440 1564 2475 ἀθλητικὴν
1573 2441 1728 2477 ἐπιστήμην
1740 2450 1748 2474 ς
1764 2442 1854 2473 πόσοις

1068 2488 1211 2524 συνετρίϐη
1240 2487 1383 2522 πτώμασιν
1405 2487 1419 2513 ὸ
1437 2486 1600 2519 ἀντίπαλος,
1630 2486 1710 2520 δόξας
1738 2487 1786 2514 διὰ
1807 2488 1854 2522 τῆς

1068 2531 1246 2566 συκοφαντίας
1258 2531 1407 2566 ὑπέρτερος
1417 2531 1465 2558 τοῦ
1476 2531 1709 2566 προσπαλαίοντος
1719 2532 1853 2566 γενέσθαιζ

1074 2577 1143 2603 Ἀλλ’
1157 2576 1350 2610 ἐπανέλθωμεν
1365 2576 1446 2603 πάλιν
1461 2576 1507 2603 ἐπὶ
1519 2576 1549 2602 το
1565 2577 1679 2604 στάδιον.
1694 2578 1758 2604 Τίσι
1771 2579 1854 2613 λόγοις

1068 2622 1224 2650 ἀνακινοῦσι
1238 2622 1284 2648 τὸν
1302 2622 1386 2657 δῆμον
1404 2623 1428 2648 οί
1451 2623 1633 2657 συκοφάνται;
1659 2624 1701 2650 Οὐ
1720 2625 1853 2656 παύεται,

1068 2669 1145 2703 φασὶ,
1161 2667 1265 2695 λαλῶν
1279 2668 1398 2701 ῥήματα
1409 2668 1581 2703 ,βλάσφημα
1598 2669 1673 2696 κατὰ
1691 2670 1747 2696 τοῦ
1765 2672 1854 2698 τόπου

1067 2715 1120 2742 τοῦ
1134 2715 1219 2749 ἁγίου
1233 2715 1339 2741 τούτω1
1355 2714 1404 2741 καὶ
1416 2714 1470 2741 τοῦ
1482 2715 1576 2749 νόμον
1588 2723 1596 2731 ·
1616 2715 1791 2751 ἀκηκόαμεν
1806 2717 1854 2752 γὰρ

970 2801 992 2817 ‘°
1007 2802 1072 2830 Act.
1093 2809 1140 2835 ru,
1155 2800 1200 2828 57.
1240 2801 1259 2816 ¹¹
1279 2801 1350 2830 ibid.
1369 2801 1398 2828 tt
1417 2809 1479 2837 sqq.
