1912 3082
73 98 124 126 7οῦ

721 99 754 126 ΙΝ
774 99 803 126 S.
832 98 1051 129 STEPHANUM.

1651 107 1703 134 7H)

71 156 163 183 αὐτοῦ
176 156 330 191 λέγοντος,
352 157 397 183 ὅτι
420 157 535 191 Ἰησοῦς
549 159 565 184 ὀ
591 158 755 193 Ναζωραῖος
772 155 860 190 οὗτος

912 159 1019 187 cusatio
1050 161 1159 195 quidem
1193 161 1292 189 diaboli
1322 165 1461 190 oratorum
1489 162 1552 191 talis
1570 168 1623 192 est.
1647 165 1701 193 Sed

71 202 235 229 καταλύσει
252 203 306 230 τὸν
319 203 411 230 τόπον
424 203 541 235 τοῦτον,
562 203 611 230 καὶ
622 203 748 235 ἀλλάξει
762 203 798 230 τὰ
808 203 861 237 ἔθη

71 248 90 274 .i
102 248 273 282 παρέδωκεν
285 248 358 283 ἡμῖν
370 249 511 284 Μωϋσῆς.
533 249 565 275 Ἦ
581 250 631 285 μὲν
645 248 692 276 οὖν
710 248 862 284 κατηγορία

70 293 123 319 τῶν
150 293 197 320 τοῦ
226 293 350 320 διαὸόλου
377 295 501 330 ῥητόρων
531 294 653 330 τοιαύτη.
690 295 724 321 Ἦ
752 294 781 320 δέ
806 293 861 321 τῶν

71 339 224 366 ἀκουόντων
247 341 324 367 ἄνοια
346 341 405 374 τίς;
437 341 500 368 Ἐπὶ
526 342 578 368 τίνι
608 341 799 377 χαλεπαίνουσι
821 341 861 377 τῷ

71 385 304 420 κατηγορηθέντι;
344 386 405 413 τίνα
433 387 531 413 κακίαν
561 387 590 413 ἐν
623 388 680 419 τοῖς
706 387 861 423 εἰρημένοις

71 429 233 466 ἐφώρασαν;
247 431 287 457 Τὰ
300 431 349 466 μὲν
357 432 411 468 γὰρ
424 433 616 469 προφερόμενα
625 433 685 459 κατ’
700 432 794 466 αὑτοῦ,
805 432 860 459 τῶν

71 474 216 510 ἐσύστερον
232 475 423 511 ἐκϐησομένων
440 474 484 512 ἦν.
509 478 633 512 Ἐφησαν
647 477 701 514 γὰρ
718 478 798 504 αὐτὸν
820 479 860 504 εἰ-

73 521 196 556 ρηκέναι,
212 521 258 548 τὸν
278 522 359 549 τόπον
373 523 622 559 καταλυθήσεσθαι,
639 525 688 551 καὶ
707 524 742 551 τὰ
759 525 861 560 νόμιμα

70 566 117 592 τοῦ
129 566 268 599 Μωῡσέως
283 568 524 603 μετατεθήσεσθαι.
536 569 569 595 Τί
582 567 627 596 οὖν
644 571 672 596 ἐν
686 570 791 602 τούτοις
802 570 861 596 ἐστὶ

71 612 100 638 16
115 613 247 648 ἀδίκημα,
264 613 315 640 κᾶν
328 613 457 651 ἀληθεύῃ,
472 614 523 642 κᾶν
536 615 685 651 ψεύδηται;
701 617 731 643 Εἰ
745 617 795 651 μέν
805 615 860 652 γὰρ

69 657 208 692 ψεύδεται,
223 659 254 685 τὸ
267 659 368 686 λυποῦν
380 661 431 687 οὐκ
444 660 591 696 ἐκϐήσεται
603 670 609 676 ·
635 663 660 688 εἰ
676 662 704 689 δέ
723 662 858 697 ἀληθεύει,

70 705 96 732 τί
118 705 206 732 ἀδικεῖ
227 706 242 731 6
264 705 342 740 λόγος
362 706 528 742 προμηνύων
541 708 590 742 τὴν
607 708 734 742 έκὸασιν;
751 709 791 735 Τὰ
806 709 859 745 γὰρ

70 751 211 786 γινόμενα,
222 752 330 784 πάντως
343 752 490 788 ἐκϐήσεται
504 754 550 779 καὶ
560 753 733 786 σιωπώντων,
747 755 793 781 καὶ
805 756 841 790 μή
852 763 858 769 ·

70 797 84 822 6
97 796 126 822 δὲ
143 796 222 830 φόνος
245 795 292 822 τοῦ
307 797 542 832 προμηνύσαντος,
566 799 626 825 τίνα
643 799 720 835 φέρει
736 800 790 826 τῶν
812 800 857 826 λυι

70 841 195 867 πούντων
205 841 365 877 διόρθωσιν;
388 841 465 875 Εἶτα,
481 846 673 880 κατηγορεῖται
689 845 737 880 μὲν
758 845 860 880 Ἰησοῦς

69 888 84 913 6
106 886 267 922 Ναζωραῖος
285 895 292 902 ·
317 889 334 923 ἡ
356 888 384 914 δέ
405 889 455 923 τῆς
475 891 610 926 τιμωρίας
630 891 728 926 ψῆφος,
746 891 792 918 ἐπὶ
816 891 861 918 16v

69 932 207 967 Στέφανον
223 932 345 968 φέρεται.
370 934 425 960 Καί
448 943 489 961 τοι
510 935 534 961 εἰ
560 936 575 962 6
601 935 702 963 ἀδικῶν
723 937 793 962 κινεῖ
811 937 861 972 τὴν

68 978 166 1013 ὀργὴν,
190 977 311 1014 ἀδίκημα
325 978 354 1005 δέ
375 979 459 1012 ἐστιν,
474 980 491 1015 ή
504 980 552 1007 τοῦ
565 980 648 1007 τόπου
664 981 710 1008 καὶ
725 981 779 1008 τῶν
792 981 861 1008 ἐθῶν

69 1022 251 1057 μεταποίησις
262 1031 270 1037 ·
285 1022 371 1051 ταῦτα
381 1023 409 1049 δὲ
418 1024 448 1050 οὐ
459 1023 534 1059 παρὰ
548 1025 695 1059 Στεφάνου,
706 1025 774 1052 ἀλλά
785 1026 862 1061 παρᾶ

75 1067 165 1103 Ἰησοῦ
186 1067 309 1102 γίνεσθαί
331 1077 413 1104 φησιν
431 1069 446 1095 6
466 1070 637 1105 κατήγορος,
662 1071 708 1098 ἐπὶ
730 1071 774 1099 τόν
794 1081 861 1098 κατ-

71 1113 246 1149 ηγορηθέντα
259 1114 368 1146 πάντως
381 1114 433 1141 ἔδει
441 1115 624 1150 συγκινεῖσθαι
636 1116 667 1142 16
679 1116 858 1153 δικαστήριον.

68 1159 101 1184 Ὢ
115 1158 167 1194 τῆς
176 1158 268 1185 ἀδίκου
279 1158 334 1186 τῶν
346 1159 497 1187 ἀκουόντων
510 1160 615 1196 ψήφουί
637 1160 755 1198 Ἐπειδὴ,
768 1163 859 1197 φησὶν,

68 1204 83 1230 6
104 1203 207 1240 Ἰησοῦς
227 1205 404 1241 μεταποιήσει
418 1204 480 1237 τοὺς
493 1204 602 1240 νόμους,
623 1205 834 1242 καταλευσθήτω
847 1210 862 1236 6

67 1249 216 1285 Στέφανος.
230 1251 292 1283 Πῶς
313 1251 341 1278 δὲ
357 1250 502 1277 καταλύσει
521 1251 566 1277 16v
584 1251 666 1287 νόμον
682 1253 696 1279 6
717 1253 831 1288 Ἰησοῦς,
847 1255 861 1281 6

66 1295 158 1327 οὓτως
169 1295 238 1332 έχων
255 1297 319 1331 περὶ
335 1297 380 1323 τὸν
394 1296 485 1331 νόμον,
503 1297 517 1323 6
531 1297 621 1324 πάντα
634 1298 702 1334 πρὸς
715 1298 861 1333 βεϐαίωσιν

66 1341 125 1367 τῶν
148 1341 270 1376 ἀρχαίων
295 1341 489 1376 νομοθετήσας,
515 1342 530 1368 6
549 1341 653 1368 εἰπών·
683 1344 743 1370 Οὐκ
767 1342 862 1379 ἦλθον

66 1387 239 1414 καταλῦσαι
252 1387 304 1413 τὸν
316 1386 419 1421 νόμον,
432 1386 512 1413 ἀλλὰ
528 1386 697 1420 πληρῶσαι·
713 1388 727 1414 6
739 1387 785 1415 16v
798 1389 862 1424 περὶ

67 1429 116 1456 τοῦ
146 1429 183 1465 μὴ
208 1429 335 1464 φονεῦσαι
354 1430 434 1464 νόμον
448 1451 456 1461 ,
483 1429 527 1456 διὰ
549 1430 595 1456 τοῦ
623 1431 690 1466 μηδέ
708 1432 757 1467 τὴν
774 1433 862 1468 ἀρχὴν

68 1475 232 1511 ὀργισθῆναι
246 1477 302 1508 τοῖς
316 1475 449 1511 μαθηταῖς
465 1475 629 1511 βεϐαιώσας,
652 1478 666 1503 6
681 1479 713 1513 τῇ
730 1479 861 1514 ἐπιθυμίᾳ

68 1520 244 1550 τινεκσαλλὶιν
271 1522 321 1556 τὴν
339 1521 473 1556 μοιχείαν,
497 1521 512 1547 6
529 1521 573 1548 διὰ
590 1522 638 1548 τοῦ
653 1523 690 1558 μὴ
705 1523 859 1558 ἀμύνασθαι

67 1567 114 1594 16v
122 1563 352 1603 ’προλελυπηκότα
365 1567 502 1600 κελεῦσαι,
520 1568 550 1595 16
566 1569 634 1605 μηδέ
648 1569 743 1605 ἄρχειν
761 1571 861 1606 χειρῶν

66 1613 171 1640 ἀδίκων
182 1613 375 1649 νομοθετήσας,
390 1614 405 1640 6
417 1613 461 1640 διὰ
473 1614 522 1649 τῆς
537 1614 591 1641 τῶν
606 1616 763 1651 προσόντων
781 1626 861 1652 μετα-

66 1658 170 1690 δόσεως
183 1658 214 1685 16
229 1658 299 1685 κατά
316 1658 471 1691 πλεονεξίαν
486 1659 571 1692 πάθος
589 1661 773 1696 ὐπερορίσας;

103 1704 170 1736 Πῶς
181 1702 227 1732 οὖν
239 1704 300 1731 οὔτε
315 1705 503 1741 ἐμνημονεύθη
519 1705 616 1738 ταῦτα,
636 1706 697 1732 οὔτε
714 1708 862 1743 συνεξητά-

67 1748 122 1784 σθη
139 1749 174 1784 τῇ
191 1749 299 1784 κρίσει;
330 1749 495 1785 Ἐϐουλόμην
516 1750 563 1776 νῦν
586 1751 712 1786 παρεῖναί
736 1761 781 1787 μοι
806 1753 862 1779 τῶν

67 1795 227 1830 μιαιφόνων
249 1795 362 1821 ἐκείνων
377 1795 512 1823 δικαστῶν
525 1796 555 1822 16
574 1796 720 1832 συνέδριον,
745 1799 794 1824 καὶ
810 1807 861 1834 μα-

67 1839 127 1866 θεῖν
143 1839 210 1876 περὶ
226 1840 281 1867 τῶν
300 1840 391 1867 τόπων
409 1841 480 1876 ὑπὲρ
496 1838 534 1868 ὦν
547 1841 758 1877 χαλεπαίνουσι,
782 1844 834 1870 ποῦ
847 1845 862 1871 6

65 1885 204 1921 διώνυμος
214 1886 316 1916 ἐκεῖνος
326 1886 397 1918 ναδς,
412 1886 463 1913 ποῦ
475 1886 509 1913 τὰ
522 1887 707 1923 ἀπιστούμενα
717 1889 771 1916 τῶν
781 1889 862 1917 λίθων

67 1930 189 1966 μεγέθη,
204 1931 256 1957 ποῦ
269 1931 298 1957 16
314 1931 425 1966 χρυσίον
443 1931 531 1958 ἐκεῖνο
544 1932 575 1958 16
591 1933 624 1967 τῇ
641 1932 719 1968 λοιπῇ
735 1933 785 1969 ὕλῃ
797 1935 862 1970 περὶ

64 1978 114 2004 16v
138 1977 202 2003 ναὸν
225 1976 324 2012 μικροῦ
346 1977 401 2003 δεῖν
427 1977 596 2009 ἰσοστάσιον,
621 1977 672 2004 ποῦ
695 1979 724 2004 αῑ
752 1980 862 2015 νόμιμοι

66 2022 236 2059 ἱερουργίαι,
248 2023 262 2049 6
279 2023 365 2058 κριὸς,
382 2023 397 2049 6
411 2023 520 2058 μόσχος,
536 2024 551 2049 6
561 2023 657 2058 ἀμνὸς,
674 2025 690 2059 ἠ
705 2024 829 2060 δάμαλις,
843 2027 860 2061 ἡ

65 2069 233 2104 περιστερὰ,
251 2069 268 2104 ή
290 2068 408 2104 τρυγὼν,
426 2069 441 2094 ὁ
461 2068 655 2103 ἀποπομπαῖος
671 2069 808 2106 χίμαρος;
831 2072 862 2098 Εἰ

64 2115 112 2141 διὰ
127 2114 209 2140 τοῦτο
221 2114 333 2141 θάνατον
348 2113 395 2140 τοῦ
411 2113 548 2148 Στεφάνου
561 2113 804 2149 καταψηφίζονται,
818 2115 862 2142 ἵνα

912 213 1037 241 quamam
1063 211 1105 234 est
1127 207 1297 235 audientium
1321 209 1555 245 amentia?Cujus
1576 212 1702 239 criminis

912 251 1025 279 nomine
1040 252 1067 278 in
1084 257 1246 280 accusatum
1265 254 1396 281 saeviunt?
1412 262 1494 289 quam
1509 256 1656 290 nequitiam
1673 256 1701 283 iu

913 297 957 325 his
978 298 1070 326 verbis
1086 299 1345 334 deprehenderunt?
1362 301 1431 327 Nam
1450 309 1511 336 quae
1526 301 1636 336 quidem
1654 301 1703 328 ad-

913 349 1008 370 versus
1037 350 1098 370 eum
1123 343 1342 378 proferebantur,
1361 344 1388 371 in
1412 349 1551 379 posterum
1571 351 1702 373 eventura

910 390 1000 413 erant.
1008 386 1123 413 Aiebant
1130 387 1201 414 enim
1213 395 1273 415 cum
1283 387 1386 415 dixisse
1393 389 1481 416 locum
1489 397 1612 417 eversum
1621 389 1666 422 iri,
1675 393 1703 416 et

911 431 1037 459 instituta
1053 431 1136 460 Mosis
1154 436 1351 460 conunutatum
1370 433 1413 460 iri.
1432 433 1509 466 Quod
1521 434 1605 469 igitur
1617 434 1702 460 male-

911 476 1003 503 ticium
1016 477 1043 504 in
1059 477 1103 504 his
1120 477 1212 505 verbis
1223 479 1392 511 continetur,
1403 479 1462 507 sive
1473 487 1548 512 vera,
1564 479 1621 507 sive
1632 479 1702 506 falsa

911 521 1064 556 loquatur?
1078 521 1145 549 Nam
1163 523 1186 550 si
1204 524 1313 558 quidem
1338 525 1481 557 mentitur,
1499 526 1524 552 id
1539 524 1611 561 quod
1626 526 1703 559 angit

910 571 937 594 et
954 568 1026 596 male
1048 568 1141 600 habet,
1158 577 1212 596 non
1228 571 1335 597 eveniet
1354 580 1361 598 :
1380 571 1421 598 sin
1436 575 1526 598 autem
1543 579 1606 599 vera
1620 571 1700 602 dicit,

910 621 1033 648 quamam
1057 615 1128 643 inest
1147 616 1245 650 injuria
1262 616 1398 652 [set-moui,
1415 624 1470 651 quo
1487 617 1646 650 praedicitur
1674 617 1701 644 id

910 660 982 695 quod
1001 665 1163 688 eventurum
1190 661 1244 689 sit?
1261 662 1328 689 Nam
1342 670 1403 698 qua}
1416 663 1494 695 tiunt,
1512 670 1627 698 prorsus
1643 671 1703 690 cve-

911 706 997 738 nient,
1013 706 1070 734 sive
1083 707 1223 738 sileamus,
1235 708 1292 735 sive
1306 708 1469 743 loquamur:
1482 711 1509 734 at
1528 708 1616 736 caedes
1631 716 1702 743 prat-

911 750 1026 779 dicentis
1042 759 1122 786 quam
1137 751 1214 779 affert
1230 753 1464 780 incommodorum
1481 754 1680 781 correctionem
1691 754 1704 780 ἳ

912 796 1012 823 Deinde
1042 802 1187 825 accusatur
1205 798 1314 833 quidem
1341 798 1422 826 Jcsus
1440 797 1598 826 Nazarenus
1613 808 1620 826 :
1638 807 1702 826 sen-

912 842 994 867 tentia
1006 847 1107 875 autem,
1116 851 1170 877 qua
1178 851 1257 878 paena
1266 847 1348 878 atque
1359 844 1522 879 supplicium
1533 844 1701 877 decernitur,

912 887 1045 916 adversus
1061 888 1230 924 Stephanum
1248 890 1344 918 fertur.
1362 890 1445 925 Atqui
1460 890 1483 917 si
1499 890 1534 921 is,
1551 890 1598 925 qui
1614 890 1703 917 delin-

912 934 981 968 quit,
1002 933 1071 961 iram
1086 940 1177 962 movet
1191 939 1218 963 et
1229 936 1339 963 crimini
1350 936 1430 963 datur
1450 935 1502 962 loci
1520 939 1547 963 et
1562 935 1704 962 instituto-

912 986 972 1006 rum
990 979 1123 1013 mutatio;
1139 983 1220 1015 atque
1232 981 1442 1008 haecaccusator
1456 987 1511 1007 non
1523 987 1538 1006 a
1552 979 1702 1015 Stephano,

912 1024 959 1053 sed
977 1026 1012 1053 ab
1033 1025 1098 1053 Jesu
1118 1025 1177 1053 ﬁeri
1202 1026 1269 1053 dicit
1285 1035 1291 1053 :
1306 1026 1437 1054 adversus
1450 1030 1609 1054 accusatum
1623 1033 1703 1061 pror-

912 1077 961 1098 sus
975 1070 1142 1098 commoveri
1168 1070 1277 1105 judices
1292 1071 1445 1106 oportebat.
1461 1073 1481 1097 0
1505 1072 1635 1105 injustam
1654 1078 1703 1098 au-

912 1115 1044 1143 dientium
1052 1117 1224 1144 sententiam!
1238 1115 1489 1151 Quoniam,inquit,
1497 1116 1578 1145 Jesus
1586 1116 1703 1144 mutabit

914 1161 996 1197 leges,
1008 1162 1144 1197 lapidetur
1164 1161 1331 1197 Stephanus.
1346 1161 1491 1196 Quomodo
1504 1166 1596 1190 autem
1614 1163 1703 1197 legem

911 1207 992 1235 Jesus
1008 1207 1164 1243 abrogabit,
1178 1208 1224 1242 qui
1251 1208 1287 1235 ita
1305 1207 1419 1235 allectus
1443 1211 1503 1234 erat
1526 1214 1590 1242 erga
1604 1208 1702 1242 legem,

911 1253 959 1288 qui
974 1252 1068 1280 omnia
1093 1253 1126 1279 ad
1149 1252 1386 1280 confirmationem
1411 1253 1584 1287 antiquarum
1613 1252 1702 1287 legum

912 1299 1040 1330 instituit,
1057 1298 1105 1334 qui
1136 1298 1206 1326 dixit
1221 1297 1304 1325 :Non
1326 1298 1384 1325 veni
1400 1297 1581 1324 dissaluturus
1609 1297 1702 1330 legem,

912 1344 957 1371 sed
965 1343 1120 1378 intpt‘eturus
1134 1343 1222 1378 "?qui
1231 1343 1316 1378 legem
1324 1342 1357 1370 de
1369 1349 1424 1369 non
1439 1341 1639 1373 interficiendo,
1655 1348 1703 1375 per

914 1388 975 1420 hoc,
996 1388 1068 1424 quod
1088 1395 1139 1415 nec
1165 1395 1280 1423 prorsus
1305 1386 1414 1422 quidem
1437 1386 1519 1413 irasci
1538 1393 1702 1420 quemquam

912 1433 1010 1466 voluit,
1040 1432 1184 1467 discipulis
1201 1431 1371 1459 continuavit
1384 1431 1396 1457 ἲ
1409 1431 1455 1466 (ιυὶ
1470 1429 1633 1457 adulterium
1647 1437 1702 1456 una

913 1485 974 1504 cum
989 1477 1103 1504 libidine
1124 1481 1205 1513 atque
1221 1476 1447 1511 concupiscentia
1472 1475 1574 1510 ejccit?
1592 1475 1638 1510 qui
1654 1483 1703 1510 per

913 1523 950 1555 id,
966 1522 1039 1558 quod
1057 1523 1154 1556 noluit,
1175 1526 1204 1549 ut
1217 1522 1362 1557 quisquam
1375 1521 1524 1549 ulciscatur
1536 1529 1633 1554 cum,a
1647 1529 1702 1556 quo

912 1574 975 1597 ante
993 1570 1073 1597 laesus
1090 1573 1173 1601 esset,
1205 1576 1239 1596 ne
1265 1568 1454 1596 lacessendum
1471 1567 1579 1602 quidem
1598 1567 1700 1603 injuria

912 1622 1076 1651 quemquam
1096 1622 1158 1642 esse
1170 1614 1283 1642 sanxit?
1301 1614 1348 1648 qui
1363 1621 1411 1649 per
1424 1613 1702 1641 communigationem

911 1661 1085 1694 facultatum,
1097 1659 1219 1688 avaritia“:
1229 1660 1324 1687 vitium
1340 1659 1551 1687 exterminavit?

948 1707 1000 1741 Qui
1012 1706 1041 1734 tit
1056 1707 1150 1742 igitur,
1162 1710 1192 1733 ut
1206 1706 1265 1734 haec
1272 1712 1361 1741 neque
1370 1709 1597 1737 commemorata,
1613 1713 1702 1740 neque

912 1753 940 1780 in
965 1751 1156 1788 cognoscendo
1179 1751 1262 1778 simul
1278 1758 1339 1786 qua:
1360 1752 1413 1779 sita
1431 1756 1524 1786 atque
1547 1751 1701 1782 examinata

912 1798 985 1825 sint?
997 1797 1100 1825 Vellem
1117 1804 1192 1824 nunc
1207 1796 1304 1824 adesse
1322 1796 1387 1823 mihi
1412 1797 1654 1832 sanguinariorum
1672 1797 1702 1824 il-

911 1843 1002 1871 lorum
1025 1843 1148 1878 judicum
1171 1842 1333 1874 consilium,
1359 1849 1393 1868 ac
1416 1842 1450 1870 de
1475 1842 1563 1874 locis,
1583 1850 1701 1877 quorum

911 1890 1024 1917 nomine
1036 1889 1152 1916 saeviunt
1166 1887 1277 1919 infensi,
1290 1886 1437 1919 sciscitari,
1454 1887 1500 1914 ubi
1514 1887 1621 1915 celebre
1634 1887 1700 1915 illud

911 1934 1044 1969 templum
1059 1953 1066 1966 ,
1083 1933 1129 1961 ubi
1146 1932 1325 1971 incredibiles,
1345 1932 1464 1967 lapidum
1480 1933 1698 1968 magnitudines.

912 1980 958 2008 ubi
977 1988 1074 2007 aurum
1097 1978 1164 2007 illud
1177 1978 1272 2013 ,quod
1296 1978 1430 2013 reliquam
1446 1973 1537 2013 templi
1558 1979 1700 2006 materiam

912 2024 1000 2059 pretio
1014 2023 1211 2059 propemodum
1236 2022 1362 2058 aequabat
1377 2043 1384 2056 ,
1406 2022 1452 2049 ubi
1471 2022 1592 2058 legitima
1609 2025 1699 2051 sacri-

913 2069 986 2101 ﬁcia,
1003 2068 1086 2099 aries,
1101 2068 1214 2099 vitulus,
1234 2075 1332 2103 agnus,
1345 2067 1473 2102 juvenes,
1489 2067 1628 2101 columba,
1641 2073 1700 2095 tur-

913 2119 969 2147 tur,
993 2113 1149 2141 avertendis
1165 2113 1243 2141 malis
1259 2112 1410 2140 sacrificari
1428 2113 1527 2141 solitus
1550 2114 1655 2148 caper?
1669 2112 1698 2141 Si

68 2160 156 2196 μηδὲν
171 2160 225 2187 τῶν
238 2159 406 2195 σκυθρωπῶν
423 2159 535 2186 ἐκείνων
548 2159 588 2190 εἰς
605 2159 692 2195 πέρας
707 2160 789 2193 ἔλθοι,
805 2161 860 2188 δει-

912 2160 1011 2186 idciru:
1030 2158 1199 2193 Stephanum
1215 2158 1314 2193 capitis
1327 2157 1521 2190 condemnant,
1540 2161 1570 2185 ut
1583 2166 1618 2185 ne
1630 2158 1698 2194 quid

66 2206 198 2237 ξάτωσαν
210 2204 260 2231 ὅσα
274 2204 317 2231 διὰ
328 2205 379 2239 τῆς
392 2204 548 2239 μιαιφονίας
569 2205 675 2236 ἑαυτοῖς
690 2205 861 2232 διεσώσαντο.

65 2251 99 2276 Et
113 2250 145 2276 δὲ
160 2250 237 2276 οὐδὲν
250 2249 352 2277 τούτων
363 2249 446 2282 ἐστὶν,
462 2250 531 2285 ὑπὲρ
546 2247 576 2277 οὗ
592 2250 641 2286 τὴν
652 2251 740 2285 ψῆφον
754 2251 863 2287 ἐκείνην

65 2296 237 2330 ἐξήνεγκεν·
261 2295 322 2321 ἀντὶ
345 2294 416 2326 τίνος
441 2295 455 2321 6
481 2294 579 2328 φόνος;
607 2295 773 2322 εἰπάτωσαν.
792 2295 863 2322 Ἀλλ’

65 2341 173 2375 ἴδωμεν
196 2342 226 2368 ἐν
244 2341 300 2372 τοῖς
314 2340 412 2375 ἐφεξῆς
425 2339 479 2366 τῶν
492 2339 620 2374 ἀγώνων,
645 2341 718 2372 ὅπως
731 2341 862 2377 ἀμύνεται

63 2388 133 2419 τοὺς
152 2386 322 2422 μιαιφόνους,
337 2387 352 2413 6
363 2387 423 2418 ταῖς
438 2387 530 2421 νιφάσι
555 2386 609 2414 τῶν
625 2386 706 2414 λίθων
719 2396 862 2423 καταχων-

63 2432 197 2468 νύμενος·
215 2432 294 2463 ποίας
307 2432 473 2467 ἀντιπέμπει
487 2427 566 2468 βολὰς
581 2433 652 2459 κατὰ
665 2433 719 2460 τῶν
729 2433 863 2468 ἀφιέντων

61 2479 116 2510 τὰς
127 2479 187 2505 τῶν
200 2478 281 2504 λίθων
298 2478 413 2513 βολίδας.
431 2478 601 2505 Μαθέτωσαν
620 2478 752 2505 Ἰουδαίων
769 2479 862 2511 παῖδες

61 2525 98 2551 τὰ
114 2524 175 2550 τῶν
190 2524 359 2559 Χριστιανῶν
372 2524 452 2557 ὅπλα,
475 2522 516 2556 οἷς
537 2525 605 2560 πρὸς
627 2524 733 2560 ἄμυναν
747 2525 801 2551 τῶν
817 2525 862 2551 λυ-

61 2569 194 2596 πούντων
216 2570 387 2605 χρησάμενος
408 2570 422 2596 6
443 2570 528 2604 μέγας
551 2570 694 2604 Στέφανος,
716 2571 797 2605 νόμον
819 2570 858 2606 τῷ

61 2615 117 2651 βίῳ
131 2615 168 2641 16
183 2615 263 2650 ἔργον
285 2615 439 2650 πεποίηται.
464 2616 496 2642 Οἱ
518 2615 568 2651 μὲν
584 2615 638 2651 γὰρ
663 2615 789 2652 θηριώδει
805 2617 858 2643 τινὶ

62 2661 114 2688 καὶ
130 2661 234 2696 ἀπηνεῖ
248 2661 282 2696 τῇ
298 2661 385 2697 λύσσῃ
407 2661 499 2696 κύκλῳ
512 2661 690 2696 περιστάντες
703 2661 749 2688 τὸν
770 2661 856 2696 ἆγιον,

61 2707 135 2743 πρὸς
145 2706 196 2732 ἕνα
209 2706 309 2733 σκοπὸν
322 2707 346 2732 ot
360 2706 458 2738 πάντες
472 2707 592 2739 ἔϐλεπον,
607 2706 660 2732 πᾶν
674 2706 704 2733 τὸ
716 2706 768 2733 ὑπὸ
778 2708 856 2742 χεῖρα

97 2800 122 2816 ¹¹
156 2798 256 2827 Matth.
278 2808 304 2833 ν,
338 2801 380 2828 l7.

906 2205 1033 2235 tristium
1048 2204 1157 2231 illarum
1173 2211 1265 2231 rerum
1280 2203 1400 2236 eveniat,
1416 2203 1563 2231 ostendant
1573 2211 1700 2238 quaecun-

910 2257 964 2285 que
983 2257 1032 2285 per
1046 2249 1149 2276 eadem
1169 2249 1242 2276 illam
1265 2248 1400 2276 nefariam
1420 2249 1472 2276 sibi
1495 2249 1697 2277 conservarint.

910 2295 990 2329 Quod
1008 2296 1031 2323 si
1048 2295 1117 2322 nihil
1129 2295 1227 2322 horum
1244 2295 1380 2330 reliquum
1396 2299 1448 2328 est,
1461 2301 1578 2329 quorum
1589 2296 1699 2323 nomine

911 2342 1077 2370 sententiam
1093 2341 1166 2368 illaut
1186 2341 1307 2368 tulerunt
1323 2361 1330 2372 ,
1347 2341 1441 2368 dicant
1459 2342 1539 2376 cujus
1556 2341 1596 2369 rei
1611 2342 1698 2377 gratia

910 2387 1000 2415 czedes
1021 2387 1055 2414 ab
1071 2386 1139 2421 ipsis
1154 2389 1308 2422 perpetrata
1326 2387 1381 2413 sit?
1398 2385 1498 2413 Verum
1513 2386 1657 2415 videamus
1669 2388 1697 2414 in

910 2434 1018 2469 reliquo
1038 2434 1206 2466 certamine,
1225 2440 1278 2467 qua
1293 2433 1400 2459 ratione
1424 2434 1615 2468 sanguinarios
1630 2434 1698 2460 ulci—

911 2484 1005 2507 scatur
1021 2478 1056 2510 is,
1078 2479 1126 2513 qui
1141 2478 1224 2505 veluti
1249 2478 1386 2505 nivalibus
1403 2478 1496 2506 tloccis
1512 2479 1617 2506 crebris
1632 2478 1698 2506 inci-

911 2523 1052 2556 dentibus,
1071 2524 1108 2550 ita
1122 2523 1242 2559 lapidum
1257 2525 1336 2559 quasi
1346 2523 1487 2558 grandinis
1502 2524 1588 2551 imbre
1602 2523 1698 2551 obrue-

910 2571 1002 2602 batur,
1016 2570 1118 2605 quibus
1129 2574 1224 2597 contra
1236 2569 1337 2605 jaculis
1349 2573 1423 2604 petat
1439 2576 1496 2599 eos.
1513 2569 1559 2603 qui
1576 2569 1695 2604 lapidum

911 2616 938 2643 in
961 2624 1024 2643 eum
1049 2615 1100 2643 tela
1122 2615 1295 2643 emittebant.
1326 2615 1498 2650 Cognoscant
1516 2614 1602 2642 Judzei
1620 2622 1695 2642 arma

910 2662 1138 2693 Christianorum,
1151 2660 1250 2696 quibus
1267 2661 1395 2696 injuriam
1412 2660 1568 2687 ulciscendo
1583 2667 1696 2696 magnus

912 2706 1067 2742 Stephanus
1090 2715 1173 2740 usus,
1200 2706 1243 2734 sui
1272 2706 1335 2733 facti
1366 2706 1491 2740 exemplo
1520 2706 1605 2741 legem
1635 2707 1696 2734 vitm
