1912 3082
200 124 249 152 'Ill

201 184 303 213 sanxit.
323 182 390 211 Nam
406 181 446 210 illi
457 180 570 217 quidem
589 180 677 208 ferina
695 178 814 215 quadam
832 184 916 214 atque
937 179 989 205 im-
1004 181 1025 208 Α

201 230 276 259 Inani
304 230 381 257 rabie
405 227 527 263 undique
553 230 680 254 sanctum
709 225 933 255 circumstantes,
960 223 988 250 in

202 284 288 305 unum
304 275 380 302 illum
393 279 524 309 umquam
538 279 652 306 scopum
667 278 765 298 omnes
780 270 877 298 intenti
891 273 988 301 erant,

201 321 337 357 quidquid
360 320 392 348 ad
417 326 528 347 manum
548 322 639 350 esset,
659 324 693 345 eo
714 317 774 344 vice
789 316 835 344 teli
856 316 989 343 adversus

205 367 373 402 Stephanum
394 369 504 392 utentes
527 373 534 391 :
560 363 606 390 hic
631 369 697 390 vero
715 366 845 396 tanquam
860 359 989 387 sacerdos

203 413 314 448 quidem
325 431 334 444 ,
348 411 428 447 juxta
451 410 536 446 legem
554 408 724 444 spiritualem
737 426 745 438 ,
761 413 858 442 puram
872 405 989 432 hostiam

205 457 359 490 immolans,
375 464 429 485 non
442 455 573 486 alienum,
588 454 635 481 sed
651 459 731 481 suum
748 451 881 479 altaribus
895 451 990 478 admo-

205 512 272 532 vens
285 511 397 538 corpus,
409 506 437 530 et
453 500 512 530 loco
523 500 663 528 libaminis
675 499 835 534 sanguinem
846 503 990 532 spargens,

205 557 254 584 per
273 556 334 577 sese
353 548 453 581 Deum,
468 553 549 583 quem
568 547 594 573 in
618 544 777 573 cmlestibus
792 543 881 577 adytis
895 549 991 570 cerne-

207 596 262 627 bat,
281 593 504 629 delinquentibus
526 592 673 627 placabat,
698 589 833 618 beneficio
855 588 991 616 nefariam

205 640 306 668 caedem
326 647 422 668 eorum
440 645 642 674 compensans,
667 637 790 664 clamans
815 635 991 662 audientibus

207 687 400 717 ltomicidls,ac
410 685 521 713 dicens:
534 683 656 715 Domine.
668 691 698 710 ne
710 683 820 716 imputes
833 682 872 708 eis
881 681 928 708 Ιιοιτ
937 689 994 715 pec--

206 737 295 759 catum
308 731 338 758 ".
354 731 442 766 Atque
454 730 499 758 hic
514 729 626 765 quidem
647 727 773 755 oratione
787 730 929 762 peccatum
945 733 992 753 eo-

207 785 278 808 rum,
292 776 364 812 quod
373 775 514 803 sceleratis
529 774 654 802 manibus
663 774 722 801 suis
734 772 904 809 sanguinarii
913 772 991 808 quasi

205 821 493 856 exarabant,delebat;
506 821 543 848 illi
557 827 622 847 vero
629 819 710 847 etiam
723 819 756 846 ad
770 819 918 846 orationem
928 826 991 846 exa-

207 868 406 903 sperabantur:
417 874 511 894 acnon
521 866 597 902 prius
605 873 667 894 eum
676 865 807 900 impetere
817 864 990 896 remiserunt,
1009 855 1030 884 Β

207 921 288 948 quam
307 919 423 948 magnus
437 912 593 948 Stephanus
604 911 691 939 veluti
709 910 811 938 teneris
825 909 938 937 ﬂoribus
950 910 992 937 vel

209 967 270 986 rore
286 958 404 994 quodam
425 957 476 986 levi
494 957 680 985 circumfusus
697 957 724 984 in
741 956 850 984 dulcem
865 956 947 983 simul
960 963 993 983 ac

208 1005 316 1031 beatum
337 1011 464 1032 somnum
484 1002 594 1032 delatus
608 1007 659 1031 est.
684 1001 784 1030 Verum
806 1003 922 1030 victoria
933 1009 994 1030 cer-

207 1054 296 1076 tamen
311 1050 452 1084 przevenit,
464 1052 491 1077 et
502 1053 567 1076 ante
578 1053 718 1076 certamen
745 1049 876 1076 athletam
891 1055 993 1075 corona

206 1095 328 1122 victoria:
342 1095 499 1122 decoratum
517 1094 651 1122 videmus.
671 1096 828 1129 Antequam
845 1094 918 1121 enim
933 1101 994 1121 cer-

208 1144 298 1167 tamen
314 1139 537 1174 spectaverlmus,
550 1140 584 1167 ad
596 1140 677 1168 finem
692 1141 853 1168 certaminis
869 1141 994 1168 oratione

207 1186 330 1220 provecti
343 1193 449 1214 sumus.
467 1185 617 1222 Oportebat
635 1187 720 1219 enim,
738 1187 849 1222 opinor,
867 1187 994 1215 oratione

207 1239 262 1260 non
278 1233 417 1267 pratterire
432 1239 474 1262 ea.
493 1240 540 1267 per
551 1240 612 1268 qua;
626 1233 745 1260 maxime
763 1233 893 1269 martyris
906 1233 994 1262 virtus

206 1278 413 1309 ostendebatur.
435 1278 525 1313 qualis
540 1277 574 1305 ad
590 1278 693 1306 caedem
711 1286 909 1314 propensorum
926 1287 994 1306 con-

206 1331 313 1354 sessus,
329 1327 356 1351 et
371 1323 510 1359 quomodo
527 1323 657 1352 omnibus
675 1331 709 1352 ex
725 1331 806 1359 aequo
827 1325 936 1351 animus
960 1323 994 1352 ad

206 1369 307 1397 easdem
325 1369 480 1397 concitatus
492 1389 499 1400 ,
516 1373 620 1405 quanta
643 1370 819 1406 congregatis
833 1369 867 1397 ad
892 1371 993 1397 malum

207 1415 376 1450 conspiratio
386 1434 394 1447 ,
408 1415 500 1450 qualis
516 1416 652 1450 cujusque
667 1415 791 1447 obtutus,
809 1416 899 1451 qualis
915 1416 994 1443 babi-

208 1465 252 1488 tus
263 1482 271 1494 ,
289 1461 379 1496 qualis
393 1461 517 1488 dentium
533 1466 624 1490 motus
640 1466 666 1489 et
683 1461 798 1490 allectus
811 1467 902 1493 esset,
921 1463 994 1490 sicut

206 1506 299 1534 divina
331 1505 472 1541 Scriptura
501 1506 651 1541 signiﬁcat,
682 1507 756 1541 quod
785 1507 993 1535 dissecarentur

207 1552 336 1580 cordibus
344 1552 412 1584 suis,
424 1556 451 1579 et
464 1552 620 1579 frendercnt
628 1552 757 1580 dentibus
767 1553 826 1581 suis
837 1553 865 1580 in
876 1561 939 1580 eum
950 1553 970 1568 “
983 1562 990 1580 :

207 1599 254 1632 qui
270 1598 296 1625 in
308 1598 398 1626 medio
406 1602 445 1625 tot
458 1605 490 1625 ac
504 1599 600 1625 talium
612 1601 700 1631 stans,
716 1601 868 1633 contraque
882 1605 992 1625 onmem

207 1645 262 1671 vim
275 1643 479 1675 adversariam,
498 1651 559 1679 qua:
574 1651 589 1670 a
603 1643 788 1679 sanguinariis
815 1643 870 1671 illis
896 1651 994 1679 reprac-

207 1689 377 1720 sentabatur,
402 1695 463 1716 sese
489 1694 586 1715 contra
605 1688 801 1720 exsuscitans.
828 1695 877 1723 per
899 1689 992 1715 omnia

207 1734 397 1770 magnitudine
417 1735 502 1761 animi
529 1739 609 1769 atque
631 1734 731 1762 indolis
751 1734 911 1766 excellebat,
943 1734 992 1762 irae

207 1781 319 1816 quidem
334 1781 472 1807 lenitatem
484 1788 490 1806 :
501 1780 584 1807 minis
595 1787 671 1813 vero,
681 1779 904 1815 despicientiam;
918 1788 993 1807 mor-

209 1825 246 1853 tis
271 1825 380 1856 terrori,
397 1825 459 1852 vitae
478 1829 682 1860 contemptum;
703 1826 776 1858 odio,
794 1825 992 1859 dilectionem;

209 1870 425 1902 malevolentia,
443 1871 678 1904 benevolentiam;
693 1872 853 1905 calumniae,
871 1873 994 1901 veritatis

209 1915 429 1949 praedicationem
459 1923 611 1950 opponens.
638 1915 697 1944 Non
722 1917 795 1944 enim
823 1925 880 1945 uno
913 1919 994 1946 modo

210 1962 299 1989 victor
313 1961 522 1996 declagabatur,
540 1961 589 1989 sed
606 1962 739 1990 adversus
754 1970 863 1990 omnem
884 1964 994 1992 malitia:

208 2006 328 2042 speciem
342 2025 349 2038 ,
368 2014 429 2041 quae
454 2011 520 2034 tunc
544 2007 579 2034 ab
599 2005 702 2034 Judteis
732 2009 993 2042 repraesentabatur,

208 2061 270 2081 sese
287 2061 335 2088 per
351 2054 441 2080 varias
458 2053 572 2080 virtutes
594 2053 764 2080 distribuens
787 2061 850 2081 cum
865 2055 995 2084 onmibus

207 2105 234 2125 et
252 2099 375 2126 conflixit
396 2104 422 2126 et
443 2107 539 2126 omnes
556 2100 703 2134 superavit.
719 2099 755 2127 lta
773 2101 855 2128 audio
875 2101 902 2128 in
916 2109 994 2137 gym-

208 2145 280 2172 nicis
295 2153 405 2180 quoque
414 2145 613 2173 certaminibus
621 2153 680 2178 eos,
692 2146 738 2181 qui
758 2147 863 2176 viribus
880 2153 994 2176 caeteros

210 2189 385 2222 antecedunt,
406 2190 536 2218 adversus
551 2195 638 2218 totutn
660 2199 732 2227 szepe
749 2192 869 2220 stadium
885 2195 992 2229 gymni-
1009 2199 1030 2227 ι)

210 2243 273 2262 cum
297 2243 358 2263 sese
377 2236 519 2263 certamini
535 2236 682 2265 offerentes
703 2242 730 2265 et
747 2239 922 2274 accingentcs
935 2261 943 2273 ,
960 2240 994 2268 de

209 2281 338 2309 otnnibus
354 2282 474 2309 victoriae
491 2283 601 2317 praemia
621 2287 772 2319 reportare.
791 2283 866 2312 Talis
892 2290 995 2321 marty-

209 2333 270 2352 rum
297 2326 378 2353 stadii
405 2327 532 2362 princeps
557 2333 617 2355 erat
640 2337 647 2354 ι
674 2329 721 2362 qui
746 2329 877 2357 adversus
899 2338 995 2358 omnes

209 2371 359 2399 advetsarii
381 2372 474 2407 copias
498 2380 561 2399 cum
591 2381 622 2400 sc
646 2374 832 2408 opposuisset,
857 2375 994 2403 adversus

208 2425 306 2444 omnes
329 2418 444 2445 victoria
471 2419 563 2446 clarus
589 2418 762 2454 designatur.
799 2420 867 2448 Nam
896 2422 993 2449 falsam

209 2463 370 2498 sapientiam
388 2470 435 2498 per
451 2463 617 2495 Libertinos,
635 2464 817 2500 Cyrenenses,
830 2470 857 2494 et
874 2467 994 2495 Alexan-

209 2508 304 2535 tlrinos
323 2509 461 2543 sapientes
476 2509 608 2537 adversus
619 2518 649 2537 se
662 2511 821 2543 luctantem,
835 2519 883 2546 per
900 2520 992 2540 veram

210 2553 371 2588 sapientiam
394 2553 510 2587 devicit;
535 2558 666 2582 terrorem
681 2575 688 2586 ,
706 2563 753 2590 per
772 2556 926 2585 libertatem
952 2558 993 2584 lo-

208 2597 309 2630 quendi
321 2618 328 2629 ,
343 2602 370 2625 et
385 2598 529 2633 ingenuam
552 2600 712 2635 increpandi
729 2600 854 2628 fiduciam
867 2610 873 2634 ;
887 2602 993 2636 minas,

209 2650 259 2678 per
277 2643 502 2679 despicientiam;
522 2646 675 2678 saevitiam,
697 2654 745 2682 per
765 2647 993 2682 beneficentiam;

210 2689 400 2721 mendacium.
420 2698 468 2725 per
482 2692 634 2719 veritatem.
650 2691 690 2719 llli
709 2692 819 2727 quidem
837 2693 870 2720 ad
893 2694 994 2721 czedem

209 2735 389 2769 spectabant,
413 2741 441 2764 et
464 2737 521 2772 jam
544 2745 642 2765 manus
666 2739 805 2774 lapidibus
830 2740 993 2774 armabant,

251 2839 272 2855 "
285 2841 344 2868 Act.
367 2849 414 2874 νιι,
433 2841 476 2868 39.
517 2842 537 2857 “
559 2840 626 2868 Ibid.
649 2840 692 2868 54.

849 117 877 145 S.
900 116 1062 144 GREGORII
1077 113 1225 142 NYSSEM

1789 109 1845 136 712

1040 177 1195 212 γενόμενον,
1213 177 1294 204 ὁπλον
1310 176 1380 204 κατὰ
1403 176 1450 204 τοῦ
1471 175 1608 210 Στεφάνου
1622 173 1786 208 ποιούμενοι
1800 182 1808 189 ·
1831 174 1846 200 ὸ

1039 224 1079 256 δὲ,
1097 223 1222 259 καθάπερ
1237 232 1280 255 τις
1296 225 1395 259 ἱερεὺς,
1409 223 1480 250 κατά
1495 223 1541 250 τὺν
1556 221 1744 258 πνευματικὸν
1756 220 1845 255 νόμον

1040 270 1125 305 εὐαγῆ
1147 269 1243 296 θυσίαν
1269 269 1435 304 ιεῳυργῶν,
1460 268 1512 294 οὐκ
1534 267 1686 301 ἀλλότριον,
1712 265 1788 292 ἀλλά
1813 264 1846 291 τὸ

1041 316 1106 343 [διον
1121 315 1266 351 προσάγων
1290 314 1386 350 σῶμα,
1401 314 1449 340 καὶ
1463 313 1524 340 ἀντὶ
1539 313 1589 348 τῆς
1605 312 1724 346 σπονδῆς
1747 310 1843 345 ἀπορ-

1042 362 1140 397 ραίνων
1154 360 1201 388 τοῦ
1218 361 1344 396 αἵματος,
1363 359 1396 387 δι’
1414 359 1510 386 ἑαυτοῦ
1525 358 1570 385 τὸν
1593 358 1672 390 Θεὸν,
1687 357 1717 383 ὂν
1735 357 1768 383 ἐν
1784 357 1844 387 τοῖς

1040 407 1176 443 οὐρανίοις
1191 406 1297 438 ἀδύτοις
1312 406 1436 437 ἐόλεπεν,
1450 405 1520 440 ὑπὲρ
1534 405 1589 431 τῶν
1602 402 1844 438 πλημμελούντων

1040 452 1183 486 ὲξιλεοῦτο.
1207 452 1358 488 Εὑεργεσίᾳ⁸
1373 451 1422 487 τὴν
1443 451 1598 487 μιαιφονίαν
1614 449 1705 476 αὐτῶν
1722 448 1841 484 ἀμειὸὀ-

1043 507 1132 534 μενος,
1147 498 1215 534 βοῶν
1226 499 1254 525 ὲν
1267 499 1326 531 ταῖς
1338 498 1392 525 τῶν
1403 497 1539 533 φονευτῶν
1552 498 1659 528 ἀκοαῖς,
1672 496 1721 522 καὶ
1731 495 1823 528 λέγων
1833 503 1840 509 ι

1042 546 1138 579 Κύριε,
1155 544 1199 579 μὴ
1220 543 1340 578 στήσῃς
1352 543 1454 576 αὐτοῖς
1467 543 1525 577 τὴν
1541 542 1688 577 ἀμαρτΙαν
1711 541 1839 573 ταύτην.

1043 591 1097 617 Καὶ
1107 591 1121 617 6
1137 591 1198 626 μὲν,
1214 590 1354 626 ἐξήλειφεν
1367 590 1460 616 αὐτῶν
1475 590 1510 617 δι’
1523 590 1606 625 εὐχῆς
1620 589 1671 624 τὴν
1686 587 1840 623 ἁμαρτίαν,

1042 637 1075 673 ἦν
1091 638 1151 668 ταῖς
1171 636 1337 672 παρανόμοις
1354 636 1443 663 αὐτῶν
1460 635 1552 671 χερσὶν
1567 635 1591 661 οι
1607 634 1749 670 μιαιφόνοι
1770 633 1842 667 ἐχει-

1043 683 1196 717 ρογράςρουν
1208 690 1215 698 ·
1233 683 1257 709 oi
1272 682 1300 709 δὲ
1315 683 1361 709 καὶ
1374 682 1442 717 πρὸς
1463 682 1513 717 τὴν
1535 681 1617 716 εὐχὴν
1632 680 1840 716 παρωξύνοντο,

1043 729 1090 754 καὶ
1103 728 1134 754 οὺ
1146 728 1277 764 πρότερον
1294 727 1404 755 ἀνίεσαν
1421 727 1572 763 βάλλοντες,
1588 727 1641 758 ἕως
1660 723 1690 753 οὒ
1712 727 1726 752 ὁ
1750 726 1841 760 μέγας

1043 773 1177 807 Στέφανος
1203 773 1328 808 καθάπερ
1352 772 1460 800 ἄνθεσιν
1486 772 1613 804 ἁπαλοῖς,
1632 771 1650 807 ἢ
1670 771 1764 807 δρόσῳ
1786 771 1842 796 τινὶ

1043 820 1132 857 κούφῃ
1155 819 1368 855 περιρρεόμενος
1390 820 1430 850 εἰς
1451 819 1497 845 τὸν
1511 818 1613 853 γλυκὺν
1634 818 1681 844 καὶ
1699 817 1841 853 μακάριον

1044 865 1128 893 ὕπνον
1141 865 1245 901 ἐκλίθη.
1265 865 1334 892 Ἀλλ’
1351 864 1467 899 ἔφθασεν
1482 865 1498 900 ἠ
1513 864 1575 900 νίκη
1589 864 1653 895 τοὺς
1668 863 1780 894 ἄθλους,
1792 862 1841 888 καὶ

1043 913 1096 948 πρὸ
1111 912 1164 938 τῶν
1179 911 1292 946 ἀγώνων
1311 911 1419 946 ὁρῶμεν
1432 910 1477 937 τὸν
1497 910 1670 944 στεφανίτην.
1697 909 1770 943 Πρὶν
1784 908 1841 942 γὰρ

1043 957 1180 994 θεωρῆσαι
1196 957 1246 992 τὴν
1270 957 1399 990 ἀγωνίαν,
1425 956 1493 991 πρὸς
1514 955 1544 982 τὸ
1567 955 1654 992 πέρας
1677 954 1733 980 τῶν
1749 953 1840 980 ἄθλων

1043 1003 1096 1030 ὑπὸ
1117 1002 1163 1029 τοῦ
1185 1002 1263 1036 λόγου
1289 1001 1480 1037 παρήχθημεν.
1498 1002 1572 1028 Ἔδει
1601 1001 1667 1035 γὰρ,
1691 996 1784 1036 οἶμαι,
1803 999 1841 1034 μὴ

1044 1049 1234 1084 παραδραμεῖν
1259 1048 1350 1075 ἐκεῖνα
1365 1047 1497 1083 τῷλόγῳ,
1515 1047 1548 1073 δι’
1560 1043 1598 1074 ὧν
1615 1047 1733 1082 μάλιστα
1751 1047 1768 1080 ἡ
1790 1045 1840 1071 τοῦ

1045 1096 1181 1131 μάρτυρος
1203 1094 1287 1130 ἀρετὴ
1304 1094 1466 1121 διεδείκνυτο
1480 1102 1486 1109 ·
1507 1091 1562 1120 οἷον
1576 1091 1610 1129 ἦν
1624 1093 1654 1120 τὺ
1665 1093 1719 1119 τῶν
1733 1091 1840 1128 φονῶν-

1043 1150 1097 1168 των
1126 1142 1281 1177 συνέδριον,
1307 1141 1353 1168 καὶ
1374 1141 1432 1172 πῶς
1457 1141 1527 1168 κατὰ
1548 1141 1579 1167 τὸ
1595 1139 1653 1167 ἴσον
1670 1142 1749 1173 πᾶσι,
1770 1141 1841 1175 πρὶς

1044 1188 1090 1214 τὸν
1105 1189 1184 1222 φόνον
1197 1188 1212 1214 ὁ
1228 1187 1312 1222 θυμὸς
1325 1187 1485 1222 διεγήγερτο
1501 1194 1508 1202 ·
1532 1187 1581 1222 ὅση
1606 1187 1674 1222 πρὸς
1695 1186 1727 1213 τὸ
1754 1187 1842 1212 κακὶν

1043 1230 1078 1268 ἦν
1097 1234 1153 1264 τοῖς
1168 1231 1385 1267 συνειλεγμένοις
1399 1233 1416 1267 ἡ
1434 1231 1570 1266 σύμπνοια
1581 1241 1587 1247 ·
1598 1229 1653 1257 οἷον
1672 1231 1792 1258 ἑκάστου
1812 1231 1842 1257 τὸ

1045 1277 1165 1313 βλέμμα,
1183 1274 1238 1303 οἷον
1261 1277 1291 1304 τὸ
1315 1276 1419 1312 σχῆμα,
1444 1273 1499 1302 οἷον
1515 1275 1545 1302 τδ
1566 1276 1629 1311 περὶ
1649 1277 1713 1308 τοὺς
1728 1276 1841 1308 ὀδόντας

1045 1323 1144 1355 πάθος,
1171 1322 1260 1354 καθὼς
1284 1322 1525 1357 παρασημαίνεται
1543 1322 1560 1356 ἡ
1581 1320 1641 1348 θεία
1664 1321 1777 1356 Γραφῇ,
1799 1322 1841 1347 ὅτι

1044 1368 1196 1402 διεπρίοντο
1211 1369 1270 1398 ταῖς
1293 1366 1418 1402 καρδίαις
1441 1366 1541 1398 αὐτῶν,
1564 1367 1610 1393 καὶ⁸
1635 1366 1751 1402 ἔϐρυχον
1775 1367 1841 1398 τοὺς

1044 1413 1152 1445 ὀδόντας
1166 1413 1209 1439 ἐπ’
1226 1412 1316 1440 αὐτόν.
1336 1412 1390 1439 Καὶ
1405 1413 1433 1438 ἐν
1450 1411 1525 1447 μέσῳ
1539 1412 1666 1438 τοιούτων
1681 1412 1728 1440 καὶ
1743 1411 1839 1438 τοσού-

1044 1469 1098 1487 των
1111 1459 1208 1491 έστὼς,
1232 1460 1278 1486 καὶ
1295 1459 1369 1496 πάσῃ
1387 1460 1420 1494 τῇ
1436 1458 1610 1494 ἀντικειμένῃ
1624 1458 1747 1495 δυνάμει.
1763 1460 1797 1493 τῇ
1812 1459 1839 1484 ἐν

1045 1507 1101 1537 τοῖς
1117 1505 1267 1540 μιαιφόνοις
1286 1505 1468 1540 ἐνεργουμένη
1490 1504 1587 1531 ἑαυτὸν
1604 1504 1779 1540 ἀντεγείρων,
1796 1504 1839 1531 διὰ

1047 1553 1155 1578 πάντων
1178 1552 1313 1586 ὑπερέσχε
1337 1551 1376 1586 τῷ
1399 1551 1566 1587 μεγαλοφυεῐ
1581 1551 1626 1578 τοῦ
1651 1551 1837 1587 φρονήμαιιτπ⁸

1046 1598 1190 1629 ἀντιτιθεὶς
1203 1598 1242 1633 τῷ
1264 1598 1312 1632 μὲν
1327 1597 1406 1632 θυμῷ
1427 1597 1475 1633 τὴν
1503 1598 1709 1633 μακροθυμίαν,
1733 1599 1796 1628 ταῖς
1811 1596 1838 1624 δὲ

1046 1643 1170 1675 ἀπειλαῖς
1184 1643 1232 1679 τὴν
1253 1643 1413 1678 ὑπεροψίαν,
1436 1643 1474 1678 τῷ
1493 1643 1521 1670 δὲ
1545 1643 1591 1670 τοῦ
1617 1643 1733 1670 θανάτου
1762 1643 1837 1678 φὸὖῳ

1046 1689 1095 1725 τὴν
1109 1689 1158 1724 τῆς
1173 1688 1245 1725 ζωῆς
1258 1688 1460 1725 καταφρόνησιν
1473 1709 1479 1721 ,
1503 1688 1541 1724 τῷ
1559 1688 1587 1715 δὲ
1618 1688 1691 1724 μίσει
1705 1688 1755 1724 τὴν
1769 1689 1836 1722 ἀγά-

1047 1745 1100 1770 πην
1112 1744 1119 1750 ·
1143 1737 1176 1771 τῇ
1192 1735 1348 1771 δυσμενείᾳ,
1363 1735 1412 1770 τὴν
1426 1735 1578 1769 εὐμένειαν·
1600 1736 1633 1770 τῇ
1657 1735 1835 1769 συκοφαντίᾳ,

1046 1782 1094 1817 τὴν
1109 1781 1159 1816 τῆς
1172 1781 1300 1816 ἀληθείας
1315 1781 1476 1817 φανέρωσιν.
1494 1782 1530 1808 Οὐ
1551 1781 1604 1816 γὰρ
1615 1781 1647 1808 δι’
1662 1781 1721 1812 ἐνὸς
1733 1781 1834 1817 τρόπου

1047 1827 1158 1862 νικητὴς
1187 1827 1201 1853 ὁ
1224 1827 1274 1862 τῆς
1299 1827 1428 1863 ἀληθείας
1455 1826 1607 1862 ἀγωνιστὴς
1636 1826 1834 1853 ἀπεδείκνυτο·

1046 1873 1113 1900 ἀλλὰ
1130 1873 1198 1908 πρὸς
1213 1874 1267 1900 πᾶν
1283 1872 1350 1904 εἶδος
1364 1873 1463 1905 κακίας
1480 1872 1531 1907 τῆς
1544 1873 1603 1898 τότε
1620 1872 1678 1903 τοῖς
1700 1871 1836 1903 Ἰουδαίοις

1046 1919 1245 1956 ἐνεργουμένης
1258 1919 1353 1946 ἑαυτὸν
1370 1919 1413 1946 διὰ
1431 1919 1480 1954 τῆς
1495 1918 1619 1952 ποικίλης
1634 1918 1734 1952 ἀρετῆς
1752 1927 1836 1944 κατα-

1049 1968 1173 2002 μερίσας,
1194 1966 1240 1992 καὶ
1254 1966 1320 1993 πᾶσι
1339 1965 1505 2000 συνεπλάκη.
1519 1964 1565 1991 καὶ
1578 1963 1766 1998 καθυπερέσχε
1782 1963 1835 1989 τῶν

1047 2014 1166 2040 πάντων.
1191 2012 1284 2044 Οὕτως
1298 2011 1389 2038 ἀκούω
1403 2011 1450 2037 καὶ
1471 2011 1500 2037 ἐν
1521 2010 1577 2041 τοῖς
1590 2010 1732 2045 γυμνικοῖς
1748 2010 1802 2040 ἀγιῗ
1810 2018 1833 2035 τι

1047 2060 1109 2090 τοὺς
1131 2058 1356 2088 πλεονεκτοῦντας
1380 2057 1450 2084 κατά
1472 2057 1521 2091 τὴν
1546 2055 1669 2090 δύναμιν,
1694 2055 1762 2089 πρὸς
1775 2055 1833 2082 ὅλον

1048 2105 1176 2136 πολλάκις
1193 2103 1390 2138 ἀποδυομένους
1412 2102 1443 2130 τὸ
1462 2101 1593 2138 γυμνικὸν
1616 2102 1741 2133 στάδιον,
1765 2103 1834 2129 κατὰ

1048 2151 1156 2178 πάντων
1184 2149 1314 2186 φέρεσθαι
1345 2149 1399 2176 τῶν
1430 2148 1585 2175 ἀντιπάλων
1616 2148 1650 2174 τὰ
1679 2149 1831 2183 νικητήρια.

1045 2196 1169 2227 Τοιοῦτος
1189 2196 1203 2222 ὁ
1226 2195 1273 2222 τοῦ
1300 2195 1404 2222 σταδίου
1426 2195 1480 2222 τῶν
1502 2194 1649 2229 μαρτύρων
1676 2194 1833 2230 καθηγητα-

1044 2250 1133 2277 μενος·
1152 2242 1182 2273 ὃς
1197 2242 1262 2276 πρὸς
1275 2241 1366 2267 πᾶσαν
1378 2239 1425 2266 τοῦ
1445 2239 1634 2274 ἀντικειμένου
1656 2239 1706 2274 τὴν
1720 2239 1833 2274 δύναμιν

1043 2286 1137 2313 ἑαυτὸν
1152 2286 1305 2318 ἀντιτάξας,
1319 2285 1444 2320 λαμπρὸς
1459 2286 1492 2320 τῇ
1513 2284 1582 2311 κατά
1600 2285 1709 2311 πάντων
1730 2284 1833 2311 ἀναδεί-

1043 2341 1139 2359 κνυται
1163 2332 1236 2367 νίκῃ.
1259 2331 1314 2365 Τὴν
1333 2332 1387 2367 γὰρ
1402 2330 1578 2366 ψευδώνυμον
1603 2330 1711 2363 σοφίαν,
1727 2330 1776 2364 τὴν
1792 2330 1832 2355 διὰ

1045 2376 1212 2411 Λιϐερτίνων
1223 2376 1269 2402 καὶ
1281 2375 1443 2410 Κυρηναίων
1455 2375 1501 2401 καὶ
1513 2375 1567 2401 τῶν
1580 2374 1632 2400 άπὸ
1644 2374 1694 2409 τῆς
1715 2374 1832 2407 Ἀλεξάν-

1046 2421 1109 2457 δρου
1134 2421 1236 2452 πόλεως
1260 2421 1348 2455 σοφῶν
1368 2420 1441 2456 αὑτῴ
1457 2420 1705 2456 προσπαλαίουσαν,
1722 2420 1766 2446 διὰ
1787 2421 1832 2455 τῆς

1047 2466 1162 2502 ἀληθοῦς
1193 2466 1288 2500 σοςιίας
1323 2466 1546 2500 κατηγωνίσατο”
1581 2465 1625 2491 τὸν
1658 2465 1761 2500 φόϐον,
1793 2465 1833 2492 δια

1047 2513 1096 2547 τῆς
1130 2512 1307 2548 παρρησίας·
1343 2512 1390 2546 τὴν
1421 2511 1553 2546 ἀπειλὴν,
1586 2511 1630 2537 διὰ
1659 2511 1708 2546 τῆς
1738 2512 1832 2546 ὑπερο-

1047 2557 1130 2592 ψίας·
1165 2559 1212 2594 τὴν
1244 2558 1375 2592 πικρίαν.
1406 2557 1449 2584 διὰ
1480 2557 1528 2592 τῆς
1552 2557 1692 2589 εὐποιίας·
1716 2557 1747 2584 τὸ
1770 2557 1831 2592 ψεῦ-

1043 2604 1105 2636 δος,
1129 2604 1172 2630 διὰ
1195 2604 1244 2639 τῆς
1274 2603 1412 2638 ἀληθείας.
1447 2603 1478 2629 Οἱ
1511 2603 1559 2638 μὲν
1587 2603 1654 2638 πρὸς
1689 2603 1735 2630 τὸν
1759 2604 1832 2637 φόνον

1044 2650 1171 2681 έὸλεπον,
1200 2650 1246 2676 καὶ
1280 2649 1331 2685 ἠδη
1354 2649 1401 2680 τὰς
1429 2650 1522 2684 χεῖρας
1542 2651 1597 2680 τοῖς
1617 2649 1700 2681 λίθοις
1724 2649 1832 2682 ἐξώπλι-

1046 2695 1112 2727 ζον.
1142 2696 1188 2722 καὶ
1214 2695 1254 2730 τῷ
1287 2695 1422 2730 βλέμματι
1446 2695 1493 2722 καὶ
1515 2695 1554 2730 τῷ
1582 2695 1702 2730 ἄσθματι
1730 2696 1777 2722 καὶ
1802 2697 1831 2731 τῇ

1044 2741 1099 2769 τῶν
1130 2741 1242 2768 ὀδόντων
1279 2740 1437 2776 συμπτώσει
1464 2741 1513 2776 τὴν
1540 2740 1653 2776 πικρίαν
1687 2741 1832 2777 ἐπισημαί-
