1912 3082
88 109 144 137 715

740 108 773 135 ΙΝ
793 109 822 136 S.
845 108 1065 137 STEPHANUM.

1663 109 1715 137 τιι

88 174 202 198 νοντες·
229 167 245 193 ὀ
260 166 288 193 δὲ
309 165 347 198 ὡς
370 165 499 199 ἀδελφοὺς
524 165 608 201 ἐώρα,
627 167 676 193 καὶ
696 166 734 197 ὼς
758 166 878 202 πατέρας

935 166 1026 193 obtutu
1037 186 1045 198 ,
1062 166 1237 193 anhelatione
1250 187 1258 199 ,
1274 165 1396 193 dentium
1418 165 1562 194 collisione
1583 166 1715 194 saevitiam

90 211 241 246 ἠσπάζετο.

131 300 254 338 ᾎνὸρες
282 299 348 336 γὰρ,
377 308 477 334 φησιν,
505 299 630 333 ἀδελφοὶ
654 299 704 326 καὶ
740 298 878 332 πατέρες,

90 345 245 372 ἀκούσατέ
262 353 332 379 μου.
357 346 389 372 0!
410 345 460 379 μὲν
480 345 529 380 τὴν
559 344 739 378 συκοφαντίαν
759 344 881 375 πιθανῶς

92 391 271 418 συνέπλεκονι
289 390 328 425 τῷ
346 390 376 417 δὲ
395 391 425 418 τὸ
437 391 490 417 τῶν
509 390 650 424 φονώντων
665 390 812 426 συνέδριον,
832 389 881 424 τῆς

91 436 222 470 ἀληθείας
240 436 446 472 φροντιστήριον
459 433 503 470 ἦν.
520 436 577 462 Οὐκ
594 435 732 462 ἀπέκοπτε
746 435 820 470 φόὸῳ
836 435 881 461 τὸν

91 482 183 516 λόγον,
205 481 265 508 οὐδὲ
286 482 404 517 πάρετος
427 481 495 516 πρὸς
508 481 558 516 τὴν
569 481 663 508 ἐλπίδα
679 481 733 507 τῶν
752 481 881 508 κινδύνων

91 526 210 560 ἐγίνετο,
236 526 296 554 οὐδὲ
311 526 378 561 πρὸς
390 525 435 552 τὸν
450 525 563 552 θάνατον
576 524 704 551 ἔϐλεπεν-
720 524 777 551 ἀλλ’
794 524 840 550 ἐπὶ
852 524 881 550 τδ

91 571 161 606 ὕψος
178 572 227 607 τὴν
243 572 332 607 ψυχὴν
348 571 428 607 ἔχων,
445 570 492 597 καὶ
512 570 546 597 τά
560 571 589 596 ἐν
608 570 672 596 ποσὶ
699 570 787 596 πάντα
801 577 879 604 περι-

90 617 178 653 ορῶν,
192 617 230 649 ὡς
245 617 339 644 παιδία
352 617 442 652 μάτην
452 616 629 652 ἀφραίνοντα,
646 615 830 649 ἐπαιδαγώγει
842 614 882 650 τῷ

90 655 177 698 λόγῳ,
200 664 255 694 τοῖς
281 663 346 698 παρ’
370 662 459 689 αὐτῶν
482 661 595 688 ἐκείνων
613 660 816 696 πιστευομένοις
842 661 882 692 εἰς

90 708 231 741 ἀπόδειξιν
250 707 298 735 τοῦ
319 707 507 742 πεπλανῆσθαι
520 707 618 738 αὐτοὺς
632 705 763 741 περὶτῶν
780 705 882 741 ὣγμά-
899 703 901 706 ⁴

89 762 148 780 των
165 752 367 788 συγχρώμενος.
388 751 513 788 Ἀϐραὰμ
530 751 569 786 τῷ
585 751 656 786 λόγῳ
669 751 821 786 παράγεται
836 751 882 779 καὶ

90 799 189 834 ipsa”
209 798 289 825 αὐτὸν
311 798 416 834 ἱστορία
429 798 503 824 πᾶσα
517 797 550 824 δι’
562 797 661 831 ὀλίγων
674 797 719 823 ὑπ’
736 796 797 831 ὀψιν
818 796 881 830 ἀγε-

91 832 157 871 ἐαι·
174 841 232 871 εἶτα
248 844 266 879 ὴ
278 843 331 870 τῶν
353 832 450 878 ἑφεξῆς
465 843 550 877 ἁγίων
564 843 683 878 διαδοχή.
696 843 816 877 Mum;
835 843 883 869 ἐπὶ
899 832 918 858 Β

90 889 200 921 τούτοις
221 888 393 924 τικτόμενος,
413 888 648 924 ἀνατρεφόμενος,
679 888 881 923 παιδευόμενος,

91 934 143 960 ἐπὶ
156 933 202 960 τοῦ
233 933 315 969 ὅρους
345 934 627 969 μυσταγωγούμενος·
664 933 801 968 μαστίζων
834 933 882 967 τὴν

91 979 248 1013 Αἴγυπτον,
264 978 308 1005 τὸν
328 978 436 1014 Ἰσραὴλ
454 978 612 1011 διασώζων,
629 979 661 1005 τὸ
676 978 747 1005 κατά
768 979 813 1004 τὸν
830 977 883 1004 Κύ-

91 1032 153 1059 ριον
163 1023 328 1059 προμηνύων
343 1023 499 1059 μυστήριον.
518 1024 550 1050 Ὂ
566 1023 614 1050 καὶ
631 1023 746 1058 μάλιστα
761 1023 884 1056 συγκινεῖ

90 1069 124 1095 τὸ
144 1068 292 1103 συνέδριον,
317 1068 365 1095 καὶ
384 1068 577 1104 ἀναθερμαίνει
593 1068 642 1104 τὴν
667 1069 754 1100 νόσον,
778 1069 819 1095 ὅτι
836 1068 882 1095 καὶ

91 1114 224 1149 Μωῦσῆς,
238 1110 268 1140 οὖ
280 1113 313 1149 δὴ
325 1114 533 1149 προσεποιοῦντο
547 1114 789 1148 ὑπερσπουδάξειν,
819 1122 883 1140 συν-

91 1159 196 1194 ήγορος
210 1158 256 1185 τοῦ
270 1158 404 1194 δόγματος
418 1158 604 1185 ἀπεδείκνυτο.
622 1158 680 1193 Ἐφ’
731 1159 777 1185 καὶ
790 1159 882 1186 διανα-

93 1204 220 1239 στάντες,
233 1204 264 1231 τδ
279 1204 366 1240 πέρας
386 1204 532 1238 ἐπάγουσιν
545 1204 619 1237 ἀξιον
631 1205 678 1231 καὶ
691 1204 741 1239 τῆς
755 1204 821 1236 ἰδίας
836 1213 881 1231 πι-

92 1251 187 1285 κρίας,
206 1251 253 1277 καὶ
269 1250 318 1286 τῆς
329 1249 375 1277 τοῦ
393 1250 529 1285 Στεφάνου
543 1250 700 1285 ἐπιθυμίας.
725 1250 753 1276 '0
766 1250 816 1285 μὲν
827 1250 881 1286 γὰρ

92 1296 180 1328 ἐκϐὰς
201 1296 249 1332 τήν
277 1296 369 1331 φύσιν,
396 1295 444 1322 καὶ
467 1295 531 1332 arin
554 1295 665 1330 ἐκϐῆναι
686 1295 733 1322 τοῦ
757 1295 881 1330 σώματος

91 1342 190 1377 βλέπει
211 1342 267 1373 τοῖς
286 1340 416 1376 καθαροῖς
434 1340 582 1376 ὀφθαλμοῖς
601 1340 650 1372 τὰς
664 1340 792 1375 οὐρανίας
808 1339 881 1375 αὺτῷ

92 1387 184 1419 πύλας
195 1386 379 1422 διισταμένας,
400 1386 447 1412 καὶ
459 1386 489 1412 τὸ
501 1385 576 1417 ἐντὸς
588 1385 642 1412 τῶν
657 1385 761 1412 ἀδύτων
775 1385 882 1420 διαφαι-

91 1434 224 1468 νόμενον,
247 1433 331 1467 αὺτήν
350 1440 380 1458 τε
404 1431 479 1458 θείαν
498 1431 587 1464 δόξαν,
604 1431 651 1458 καὶ
673 1430 704 1457 τὸ
726 1431 776 1465 τῆς
802 1431 882 1466 δόξης

91 1478 275 1513 ,ὶπαύγασμιν
289 1477 335 1503 καὶ
345 1477 394 1512 τῆς
406 1476 457 1511 μὲν
466 1476 605 1512 Πατρικῆς
616 1475 705 1510 δόξης,
718 1475 804 1507 οὐδεὶς
816 1476 882 1502 ὑπο-

91 1523 231 1560 γράφεται
248 1522 391 1558 χαρακτὴρ
400 1521 446 1548 διὰ
457 1520 503 1548 τοῦ
515 1521 594 1555 λόγου
602 1529 609 1536 ⁸
623 1521 654 1548 τὺ
664 1521 692 1548 δὲ
701 1521 880 1557 ἀπαύγασμα,

90 1570 124 1596 ὲν
140 1568 178 1604 τῷ
191 1569 297 1604 ὀφθέντι
311 1569 366 1600 τοῖς
379 1567 531 1603 ἀνθρώποις
544 1567 619 1599 εῖδει,
633 1567 672 1602 τῷ
695 1567 798 1602 ἀθλητῇ
815 1567 883 1594 καθ-

89 1615 204 1650 ορᾶται,
224 1613 262 1646 ὡς
282 1611 316 1648 ἧν
335 1613 458 1649 χωρητόν
482 1614 515 1648 τῇ
528 1612 687 1648 ἀνθρωπίνῃ
708 1613 797 1647 φύσει,
812 1612 883 1638 οὕτω

92 1661 269 1696 φαινόμενον.
291 1660 320 1686 '0
334 1659 383 1694 μὲν
395 1657 441 1686 οὖν
453 1658 505 1692 ἔξω
520 1658 638 1693 γεγονὼς
648 1659 697 1694 τῆς
710 1658 882 1694 ἀνθρωπίνης

92 1706 215 1741 φύσεως,
228 1706 275 1733 καὶ
287 1705 354 1740 πρὸς
368 1704 418 1740 τὴν
427 1704 575 1740 ἀγγελικὴν
589 1704 780 1739 μεταποιηθεὶς
792 1704 881 1739 χάριν,

93 1752 136 1783 ὡς
165 1751 212 1778 καὶ
235 1751 326 1782 αὐτοῖς
349 1747 419 1777 εἶναι
439 1751 494 1781 τοῖς
518 1749 670 1785 μιαιφόνοις
699 1750 728 1775 ἐν
747 1749 881 1784 θαύματι,

94 1797 168 1833 πρὸς
183 1797 232 1831 τὴν
246 1796 299 1823 τῶν
313 1795 436 1830 ἀγγέλων
455 1795 533 1828 ἀξίαν
548 1795 596 1821 τοῦ
614 1795 678 1830 περὶ
696 1794 726 1821 τὸ
739 1794 883 1830 πρόσωπον

93 1843 186 1874 εἴδους
202 1841 409 1873 ἀλλοιωθέντος,
433 1842 480 1867 καὶ
502 1838 555 1867 εἶδε
579 1840 613 1867 τὰ
628 1840 745 1871 ἀθέατα,
765 1840 812 1866 καὶ
835 1839 884 1874 τὴν

92 1888 229 1922 ὀφθεῖσαν
244 1886 318 1921 αὺτῷ
341 1885 420 1921 χάριν
442 1885 596 1920 ἐξεϐόησεν.
618 1886 648 1911 υἱ
664 1884 693 1911 δὲ
708 1884 835 1919 συνέσχον
850 1884 884 1910 τά

93 1931 167 1965 ὦτα,
182 1932 229 1959 καὶ
250 1931 280 1958 τὸ
298 1931 421 1967 διήγημα
434 1931 484 1966 τῆς
496 1929 627 1962 ὀπτασίας
642 1930 673 1956 οὐ
687 1929 882 1965 παρεδέχοντο,

94 1979 191 2010 καλῶς
209 1978 288 2005 τοῦτο
300 1977 366 2011 γοῦν
382 1978 411 2003 ὲν
423 1977 491 2002 πᾶσι
512 1976 673 2010 ποιήσαντες
685 1983 692 1989 ’
709 1973 768 2001 οὐδὲ
783 1974 837 2009 γὰρ
850 1971 885 2009 ἦν

93 2026 164 2059 ἀξία
193 2023 312 2060 βεϐήλων
340 2022 418 2058 ἀκοὴ,
446 2021 521 2053 θείας
547 2019 696 2056 ἐμφανείας
727 2019 885 2055 διηγήματα

94 2071 238 2105 δέξασθαι.
265 2070 383 2100 Ἐκεῖνος
398 2068 447 2103 μὲν
460 2065 506 2094 οὖν
520 2065 682 2100 ἐκοινώνησε
696 2066 752 2096 τοῖς
768 2064 886 2100 παροῦσι

94 2118 149 2153 τῆς
164 2116 292 2153 χάριτος,
307 2115 346 2146 είς
360 2113 390 2140 τὺ
411 2112 499 2139 κοινὸν
513 2113 605 2138 ὲκείνα
626 2110 765 2146 προτιθεὶς
779 2109 818 2144 τῷ
847 2109 886 2135 δι-

931 219 986 246 pra:
1000 219 1030 240 se
1044 212 1163 239 ferentes
1180 220 1188 240 :
1204 211 1250 238 hic
1262 218 1328 238 vero
1348 215 1476 246 tanquam
1490 210 1589 240 fratres
1602 212 1715 246 aspicie-

931 257 989 288 bat.
1005 261 1033 284 et
1051 261 1181 292 tanquam
1202 260 1294 292 patres
1307 255 1454 284 salutabat.

972 300 1029 328 Viri
1041 301 1115 329 enim
1131 301 1242 335 fratres.
1260 301 1361 335 inquit,
1375 305 1400 327 et
1414 306 1513 335 patres,
1525 302 1616 329 audite
1628 303 1660 330 ".
1675 302 1714 330 Illi

930 346 1040 382 quidem
1054 347 1221 374 calumniam
1235 346 1411 381 probabiliter
1423 347 1616 382 contingebant
1628 357 1635 375 ι
1651 348 1716 374 huic

931 399 996 419 vero
1010 391 1156 419 consilium
1172 391 1206 418 ad
1222 391 1323 418 eadem
1347 392 1555 425 propensiorum
1573 400 1622 426 pro
1637 392 1715 419 curia

930 438 1053 465 veritatis
1068 442 1138 465 erat.
1149 437 1209 464 Non
1223 441 1295 464 metu
1306 436 1470 471 praecidebat
1483 438 1645 470 orationem,
1660 446 1714 464 non

932 483 1078 519 languidus
1098 483 1259 518 fractusque
1278 490 1310 510 ac
1332 483 1468 510 remissus
1489 487 1562 510 metu
1581 484 1716 518 periculo-

932 536 992 556 rum
1003 533 1072 562 erat,
1088 537 1143 557 non
1160 537 1234 557 mors
1248 529 1272 556 ei
1282 532 1345 557 ante
1358 529 1455 556 oculos
1472 529 1654 561 versabatur;
1667 529 1715 557 sed

931 579 1023 602 erecto
1036 575 1128 602 animo
1144 575 1235 602 omnia
1249 582 1312 610 qum
1321 578 1384 602 ante
1400 574 1483 609 pedes
1497 578 1576 602 erant
1590 578 1714 602 contem-

932 628 1011 651 nens,
1026 625 1156 655 tanquam
1172 621 1302 655 puerulos
1315 621 1414 647 misere
1431 620 1592 655 insipientes
1607 620 1717 655 regebat

930 673 964 693 ac
981 665 1175 693 moderabatur
1189 665 1315 692 oratione
1327 685 1335 697 ,
1351 664 1386 692 ad
1401 664 1647 693 demonstrandum
1665 672 1716 692 eos

933 712 959 738 in
973 718 1068 738 errore
1081 710 1269 738 doctrinarum
1287 712 1407 742 versari.
1427 711 1508 739 simul
1522 711 1604 737 etiam
1618 710 1652 738 iis
1666 711 1716 737 do-

931 757 1084 789 cumentis,
1100 757 1202 792 quibus
1219 758 1254 784 ab
1273 757 1327 785 illis
1351 758 1419 792 ipsis
1434 757 1500 785 ﬁdes
1515 758 1640 792 derogari
1660 764 1715 785 non

933 805 1039 836 poterat
1051 821 1058 834 .
1075 805 1166 830 utens.
1185 802 1323 830 Abraham
1342 802 1459 830 orationi
1476 801 1631 834 adhibetur,
1646 805 1716 829 tota-

933 854 986 881 que
1007 846 1082 874 illius
1108 846 1224 875 historia
1251 848 1348 882 paucis
1369 851 1433 874 ante
1457 847 1553 874 oculos
1575 846 1687 881 ponitur
1706 856 1714 874 :

933 891 1031 918 deinde
1050 891 1142 918 caeteri
1159 892 1263 924 sancti,
1288 892 1335 926 qui
1362 895 1566 919 successerunt.
1592 891 1632 918 Ad
1658 891 1716 918 haec

933 935 1039 971 Moyses
1055 941 1085 963 ut
1100 940 1192 968 natus,
1211 940 1240 963 ut
1250 936 1395 969 educatus,
1411 939 1441 963 ut
1454 935 1581 963 eruditus
1591 939 1619 963 et
1635 935 1716 962 insti-

933 984 1020 1011 tutus.
1033 984 1063 1008 ut
1077 981 1105 1008 in
1117 986 1208 1009 monte
1221 981 1441 1009 sacrisinitiatus
1458 985 1485 1009 et
1500 981 1655 1008 instructus
1668 980 1715 1010 εἰς.

934 1031 963 1052 ιιι
979 1024 1128 1060 Egyptum
1145 1025 1308 1061 flagellaret,
1328 1026 1457 1054 lsraelem
1473 1029 1604 1058 servaret,
1617 1029 1718 1060 mystc-

933 1071 1004 1097 rium
1018 1071 1124 1098 Domini
1138 1071 1308 1106 praediceret.
1325 1070 1402 1104 Quod
1419 1071 1501 1098 etiam
1517 1071 1634 1098 maxime
1649 1077 1717 1098 con-

931 1117 999 1143 citat
1013 1116 1160 1144 concilium
1173 1137 1181 1149 ,
1196 1121 1224 1144 et
1243 1117 1368 1144 morbum
1393 1117 1531 1150 incendit,
1547 1117 1619 1152 quod
1634 1117 1717 1144 etiam

932 1161 1057 1197 Moyses,
1076 1157 1157 1196 cujus
1180 1169 1210 1189 se
1233 1162 1362 1189 nimirum
1379 1162 1554 1190 vehementer
1576 1162 1718 1189 studiosos

931 1216 992 1236 esse
1005 1208 1090 1236 videri
1106 1208 1242 1240 volebant,
1259 1213 1391 1243 patronus
1413 1208 1543 1235 doctrinae
1568 1208 1650 1243 hujus
1669 1207 1717 1235 de-

932 1255 1102 1279 monstratur
1130 1261 1136 1278 :
1165 1252 1344 1286 quamobrem
1365 1253 1446 1280 etiam
1469 1257 1613 1288 surgentes
1638 1252 1718 1280 finem

931 1296 1088 1331 imponunt.
1101 1297 1210 1332 qualem
1228 1301 1256 1324 et
1272 1296 1428 1332 Stephanus
1441 1297 1625 1330 desiderabat,
1644 1301 1672 1325 et
1685 1297 1719 1323 il-

932 1341 1020 1368 lorum
1038 1342 1227 1369 crudelitatem
1251 1341 1375 1369 decebat.
1395 1341 1463 1369 Nam
1481 1342 1527 1369 ille
1541 1342 1651 1376 quidem
1669 1348 1719 1368 na-

932 1391 1020 1413 turam
1030 1386 1252 1421 egressus,etiam
1262 1389 1409 1420 antequam
1419 1393 1534 1421 corpore
1541 1386 1720 1418 excessisset,

932 1431 1008 1466 puris
1022 1432 1111 1458 oculis
1128 1431 1254 1458 caelestes
1268 1431 1321 1458 sibi
1336 1435 1429 1466 portas
1441 1435 1548 1465 apertas
1562 1431 1634 1458 videt
1647 1435 1675 1458 et
1693 1430 1721 1458 id

932 1478 1003 1512 quod
1016 1477 1085 1504 intra
1097 1476 1175 1512 adyla
1184 1476 1341 1511 apparebat.
1359 1484 1420 1503 cum
1435 1476 1521 1511 ipsam
1531 1476 1649 1503 dlvinam
1663 1477 1722 1512 glo-

933 1523 1013 1555 riam,
1022 1526 1077 1549 tum
1086 1523 1179 1557 gloria:
1188 1522 1358 1556 splendorem
1369 1522 1553 1557 conspicatur,
1561 1529 1593 1548 ac
1602 1526 1722 1556 paternae

933 1567 1042 1602 quidem
1067 1568 1162 1603 gloria:
1183 1567 1258 1595 nulla
1274 1567 1441 1595 describitur
1457 1567 1581 1595 oratione
1609 1568 1694 1603 figura
1713 1576 1721 1595 :

934 1613 1063 1649 splendor
1078 1621 1142 1641 vero
1159 1614 1185 1640 in
1202 1621 1244 1645 ea,
1260 1622 1314 1648 qua
1331 1615 1365 1639 ab
1382 1614 1539 1640 hominibus
1552 1614 1627 1640 visus
1642 1618 1722 1647 erat,

935 1659 1022 1686 forma
1038 1659 1073 1686 ah
1085 1659 1185 1686 athleta
1199 1659 1381 1694 conspicitur,
1402 1659 1442 1686 sic
1462 1667 1608 1694 apparens,
1623 1664 1653 1686 ut
1669 1660 1722 1687 hu-

934 1711 1014 1730 mana
1040 1711 1137 1738 capere
1161 1707 1268 1737 poterat
1295 1707 1405 1730 natura.
1432 1704 1522 1738 Atque
1544 1704 1588 1731 hic
1611 1705 1721 1739 quidem

933 1754 1008 1776 extra
1017 1753 1141 1775 uaturam
1154 1749 1299 1776 humanam
1310 1749 1486 1780 constitutus.
1496 1749 1558 1777 etin
1570 1750 1723 1784 angelicum

933 1795 1059 1822 decorem
1075 1795 1298 1827 transformatns,
1316 1799 1346 1822 ut
1361 1795 1439 1830 ipsis,
1453 1796 1535 1822 etiam
1546 1795 1660 1823 nefariis
1671 1796 1721 1823 hu-

935 1840 1043 1868 micidis
1060 1841 1193 1868 miraculo
1212 1845 1286 1868 esset
1298 1860 1306 1872 ,
1331 1841 1359 1868 in
1377 1841 1530 1876 angelicam
1559 1840 1720 1876 dignitatem

936 1885 1023 1912 forma
1034 1885 1111 1913 faciei
1123 1889 1238 1917 mutata,
1247 1894 1309 1912 cum
1324 1886 1392 1913 vidit
1403 1885 1560 1920 etTugientia
1566 1890 1721 1921 aspectum.

935 1936 992 1958 tum
1008 1938 1079 1961 eam.
1094 1938 1156 1965 quae
1169 1930 1221 1958 sibi
1239 1931 1398 1966 apparebat,
1410 1931 1525 1966 gratiam
1539 1931 1648 1958 sublato
1664 1932 1721 1958 cla-

936 1984 1012 2004 more
1030 1976 1205 2010 significavit.
1226 1975 1266 2003 Illi
1287 1984 1352 2004 vero
1368 1977 1565 2004 continuerunt
1584 1984 1679 2009 aures,
1694 1981 1723 2004 et

937 2020 1122 2048 narrationem
1142 2021 1255 2048 visionis
1279 2028 1333 2048 non
1352 2020 1532 2052 admiserunt.
1552 2021 1603 2048 hoc
1624 2022 1721 2049 saltem

935 2074 969 2093 ex
979 2066 1106 2093 omnibus
1114 2070 1188 2093 recte
1199 2065 1347 2099 facientes;
1359 2073 1447 2101 neque
1457 2067 1529 2094 enim
1542 2066 1630 2101 dignae
1641 2071 1723 2094 erant

936 2112 1113 2147 profanorum
1127 2115 1155 2139 et
1171 2111 1339 2146 impurorum
1356 2119 1447 2144 aures,
1468 2119 1530 2147 qua:
1555 2112 1656 2140 divina:
1676 2120 1724 2148 ap-

95 2163 236 2198 ηγήματι,
265 2157 302 2188 ὧν
327 2159 398 2187 κατὰ
425 2158 508 2194 μόνας
522 2157 637 2192 ἠξίωτο.
654 2155 767 2190 Θεωρῶ,
787 2155 883 2190 λέγων,

938 2157 1081 2192 paritionis
1092 2157 1247 2192 acciperent
1261 2157 1443 2189 narrationes,
1456 2162 1539 2192 atque
1555 2158 1601 2185 ille
1612 2157 1723 2193 quidem

96 2209 173 2242 τοὺς
183 2207 327 2242 οὐρανοὺς
343 2205 559 2240 ἀνεῳγμένους,
568 2203 680 2232 καὶτὸν
691 2204 761 2230 Υίὸν
770 2203 824 2230 τοῦ
833 2205 886 2230 ἀν-

97 2254 220 2289 θρώπου
230 2254 265 2280 ἐκ
279 2251 386 2285 δεξιῶν
396 2251 512 2279 ἑστῶτα
519 2250 572 2277 τοῦ
585 2249 668 2276 Θεοῦ.
679 2249 710 2275 Ol
719 2249 759 2280 δὲ,
771 2248 888 2284 κράξαν-

97 2310 145 2332 τες
169 2300 244 2334 φωνῇ
261 2299 377 2334 μεγάλῃ,
398 2297 444 2325 καὶ
458 2296 601 2332 συσχόντες
615 2295 649 2322 τὰ
666 2292 734 2328 ὦτα,
756 2294 888 2331 ὥρμησαν

96 2345 273 2381 ὁμοθυμαδὸν
293 2345 336 2370 ἐπ’
353 2343 444 2370 αὐτόν.
469 2341 568 2373 Καλῶς
593 2340 763 2376 προσέθηκεν
785 2340 801 2375 ή
825 2339 888 2374 περὶ

98 2390 192 2419 αὐτῶν
215 2389 320 2426 ἱστορία
342 2388 391 2424 τὴν
414 2387 535 2423 κραυγὴν
552 2387 606 2418 τοῖς
623 2387 730 2422 ἔργοις,
754 2386 797 2413 ἵνα
815 2385 889 2421 δείξῃ

97 2438 150 2471 τῆς
175 2435 359 2471 προαιρέσεως
387 2433 476 2460 αὐτῶν
504 2433 554 2468 τὴν
569 2433 635 2468 πρὸς
654 2432 716 2464 τοὺς
744 2431 888 2466 Σοδομίτας

100 2482 273 2516 συγγένειαν.
294 2481 349 2507 Καὶ
370 2479 425 2514 γὰρ
448 2479 479 2505 τὸ
499 2478 610 2515 ὲκείνῳν
627 2477 756 2512 ἀνὸμημα
782 2476 889 2512 κραυγὴ

100 2526 180 2562 πᾶρά
195 2525 242 2553 τοῦ
264 2526 401 2561 κρίνοντος
417 2523 572 2558 ὠνομάσθη.
588 2522 708 2556 Κραυγὴ
724 2521 790 2556 τὰρ,
811 2521 889 2556 φησὶ,

99 2572 243 2606 Σοδόμων
253 2571 301 2598 καὶ
314 2570 466 2605 Γομόρῤας
478 2567 590 2602 ἀνῆλθε
602 2568 678 2605 apag
753 2565 890 2602 Ἔκραξαν

97 2618 192 2645 τοίνυν
206 2617 254 2644 καὶ
267 2614 350 2648 οὗτοι,
369 2616 412 2642 ἵνα
432 2614 551 2649 ἀκουσθῇ
567 2615 613 2640 καὶ
629 2613 719 2640 αὐτῶν
735 2614 752 2648 ἡ
767 2613 813 2646 ἐπὶ
826 2613 889 2638 Στε-

100 2663 189 2698 φάνου
212 2661 331 2697 κραυγή.
355 2660 392 2687 UO
417 2660 470 2695 μὴν
486 2658 577 2694 ἠγνόει
593 2660 608 2685 ὁ
631 2657 748 2693 ἀθλητὴς
773 2657 817 2696 διὰ
839 2657 889 2692 τῆς

99 2707 217 2744 πικρίας
229 2706 284 2733 τῶν
302 2706 512 2741 μιαιφονούντων
525 2703 761 2740 εὐεργετούμενος.
777 2702 822 2730 Τῶ
835 2703 889 2737 γὰρ

140 2796 162 2812 ⁸⁸
181 2797 243 2822 Act.
265 2801 313 2823 vu.
328 2795 346 2821 2
360 2801 420 2828 sqq.

244 2842 380 2873 PATBOL.
403 2841 461 2870 Gn.
475 2840 583 2870 XLVI.

459 2793 480 2808 “
500 2791 565 2820 ibid.
587 2791 631 2819 55.
662 2792 683 2808 "
702 2791 770 2819 Gen.
789 2798 867 2823 xvm,
881 2790 926 2818 20.

942 2202 1057 2237 gratiam
1075 2201 1258 2237 praesentibus
1281 2201 1504 2229 communicabat
1529 2202 1678 2234 narrando.
1695 2202 1724 2229 in

938 2255 1085 2275 commune
1108 2254 1263 2282 proponens
1282 2255 1314 2274 ea
1340 2254 1458 2282 quorum
1492 2247 1725 2282 contemplatione

938 2295 1014 2320 solus
1028 2294 1127 2328 dignus
1138 2293 1278 2328 judicatus
1290 2298 1349 2321 erat
1361 2313 1368 2324 ,
1387 2291 1481 2324 Video,
1494 2292 1634 2327 inquiens.
1647 2293 1724 2320 mlo:

938 2344 1052 2373 apertos,
1069 2344 1093 2366 et
1110 2338 1212 2366 Filium
1227 2338 1339 2366 [taminia
1353 2343 1466 2365 stantem
1478 2347 1495 2364 a
1507 2338 1607 2365 dextris
1628 2337 1678 2365 Dei
1690 2331 1724 2366 ³⁸.

939 2384 970 2412 lii
987 2393 1052 2412 vero
1074 2385 1261 2412 exclamantes
1278 2391 1345 2411 voce
1372 2391 1468 2419 magna
1479 2403 1487 2415 ,
1508 2389 1535 2411 et
1552 2384 1726 2411 continentes

939 2439 1020 2457 aures
1035 2438 1110 2460 suas.
1128 2431 1258 2465 impetum
1275 2429 1441 2457 unanimiter
1463 2429 1491 2456 in
1508 2437 1571 2456 eum
1589 2428 1725 2465 fecerunt.

939 2474 1023 2503 Recte
1049 2475 1150 2510 adjecit
1164 2482 1260 2502 eorum
1282 2474 1362 2501 factis
1380 2473 1493 2500 historia
1513 2473 1660 2500 clamorem
1672 2492 1679 2504 ,
1696 2476 1728 2499 ut

938 2519 1096 2548 ostenderet
1114 2519 1258 2548 destinatae
1282 2518 1432 2546 voluntatis
1448 2525 1542 2545 eorum
1563 2526 1626 2545 cum
1642 2517 1727 2544 Sodo-

941 2566 1016 2593 ruitis
1032 2566 1236 2600 cognationem.
1253 2565 1361 2592 Etenim
1386 2564 1495 2591 illorum
1512 2563 1603 2593 scelus
1622 2563 1728 2590 clamor

942 2621 956 2638 a
981 2612 1122 2645 judicante
1146 2611 1304 2638 nominatus
1327 2614 1380 2637 est.
1402 2609 1511 2636 Clamor
1525 2610 1605 2641 enim,
1621 2608 1726 2643 inquit,

943 2657 1120 2684 Sodomorum
1133 2661 1157 2683 et
1169 2656 1324 2683 Gomorrhaz
1336 2655 1371 2682 ad
1384 2663 1423 2682 me
1435 2654 1555 2681 ascendit
1570 2654 1602 2682 ".
1619 2654 1729 2682 Clama?

943 2707 1043 2731 verunt
1060 2692 1144 2736 igitur
1161 2702 1187 2729 hi
1202 2709 1323 2737 quoque.
1341 2704 1368 2728 ut
1382 2700 1465 2728 etiam
1484 2707 1579 2727 eorum
1597 2700 1729 2728 adversus

1514 2830 1555 2860 23
