1912 3082
218 112 269 142 ’1ίὸ

219 167 387 205 Stephanum
401 166 506 195 clamor
517 165 667 193 audiretur.
685 164 743 192 Non
758 164 901 200 lgnorabat
915 168 1006 191 autem
1021 164 1043 192 Δ

218 215 321 243 athleta
336 221 423 249 seper
435 211 626 240 crudelitatem
641 210 743 238 caedem
758 209 892 238 nefariam
907 216 1004 245 perpe-

217 259 351 288 trantium
374 256 538 286 beneﬁcium
563 256 700 290 accipere.
726 254 794 282 Nam
811 254 877 282 orbe
902 253 1007 289 lapides

219 305 341 340 undique
361 301 567 338 conjiciendum
589 301 668 336 quasi
694 307 796 328 corona
822 299 950 331 cinctus,
968 299 1006 326 ita

219 350 324 386 accepit
343 349 371 378 id
395 347 468 385 quod
492 346 640 382 agebatur,
661 346 739 381 quasi
764 352 868 373 corona
884 345 1008 373 victoria

219 394 361 431 pmmium
385 393 416 422 in
439 393 567 421 manibus
590 391 811 419 adversariorum
836 394 1006 419 necteretur.

219 439 408 473 Quare'etiam
422 438 542 474 benigna
559 437 716 473 precatione
727 436 919 472 sanguinariae
933 443 1007 463 com-

220 489 336 521 pensat,
355 492 456 520 rogans
470 491 506 513 ne
524 485 552 511 in
574 482 732 517 contrarios
754 486 868 510 eventus
886 481 1007 514 facinus,

220 531 292 565 quod
314 531 342 558 in
367 530 428 566 ipso
452 529 675 565 perpetrabatur,
696 528 875 560 divideretur,
900 531 930 554 ut
956 527 1008 555 sibi

221 576 330 611 quidem
343 576 439 607 vitam,
458 574 627 602 adversariis
644 578 735 602 autem
750 573 864 601 exitium
879 572 1006 601 all‘erret:

222 621 269 648 sed
287 621 387 656 quibus
401 621 459 656 ipse
475 620 577 656 dignus
591 619 731 655 judicatus
747 623 821 647 esset
833 639 841 651 ,
863 619 899 647 ab
923 619 957 647 iis
973 626 1008 647 ne

222 668 314 695 hostes
324 668 444 702 quidem.
461 666 539 707 qu‘asi
557 666 690 694 bonorum
705 665 756 693 sibi
773 665 864 700 aliqua
882 672 914 692 ex
931 668 1009 700 parte

222 717 358 744 auctores,
374 711 597 739 excluderentur.
617 711 663 738 Sic
678 711 711 742 is,
727 711 774 746 qui
793 710 933 738 Christum
947 717 1008 738 cer-

222 758 279 789 nit.
296 757 428 784 adversus
451 757 546 784 hostes
564 763 627 784 sese
643 764 738 791 gerere
757 756 844 784 novit.
871 756 1008 790 Quoniam

220 803 292 829 enim
320 803 456 837 patientia:
482 802 665 837 legislatorem
690 802 815 834 videbat,
849 802 1009 830 rec0rdatus

220 852 262 875 est
277 848 365 882 legum
385 848 420 874 ah
435 855 468 874 eo
493 848 610 875 latarum
625 847 754 876 inimicos
773 848 889 884 diligere
908 848 1006 884 juben-

221 895 301 924 tium,
319 898 346 920 et
371 893 532 920 benefacere
542 893 607 920 odio
625 894 858 928 prosequentibus
872 914 879 925 .
897 899 925 922 et
951 903 1002 930 pro

221 939 329 965 hostilia
351 937 515 966 facientibus
543 945 624 966 orare
641 939 674 966 ¹⁸.
694 938 795 967 Verum
812 941 914 968 athleta
944 942 1006 976 qui-

221 984 281 1010 deni
301 991 355 1011 non
374 984 501 1011 humanis
524 983 652 1011 laudibus
670 984 837 1017 celebratur,
859 993 948 1020 neque
977 986 1006 1012 in

835 106 864 134 S.
883 103 1047 133 GREGORII
1066 103 1213 134 NYSSENI

1806 105 1865 134 ἨΒ

1057 165 1122 200 περὶ
1137 165 1220 192 αὐτὸν
1232 163 1286 192 τῶν
1306 164 1509 192 mutatio-now
1530 164 1624 201 κύκλῳ
1644 165 1863 200 στεφανωθεὶς,

1057 212 1142 244 οὕτως
1158 211 1267 245 ἐδέξατο
1279 211 1308 238 τὺ
1323 210 1477 247 γινόμενον,
1491 211 1529 242 ὡς
1545 210 1677 245 στέφανον
1691 212 1864 247 νικητήρισι

1057 259 1086 285 ὲν
1099 259 1160 291 ταῖς
1175 257 1254 294 χερσὶ
1268 257 1323 284 τῶν
1339 257 1468 284 ἐναντίων
1485 256 1662 292 πλεκόμενον.
1678 257 1726 284 Διδ
1743 257 1797 284 καὶ
1812 258 1863 284 εὗ-

1057 304 1135 339 λογίξιι⁵
1147 305 1210 336 τοὺς
1224 303 1382 339 μιαιφόνους
1392 303 1536 339 ἀμύνεται,
1547 303 1598 330 οὐκ
1613 303 1698 336 ἀξιῶν
1714 303 1790 339 πρὸς
1808 303 1865 334 τὰς

1057 350 1182 380 ὲναντίας
1202 350 1328 381 ἐκϐάσεις
1341 349 1391 384 τὴν
1410 349 1453 376 ἐπ’
1466 348 1541 383 αὐτῷ
1554 348 1653 384 πρᾶξιν
1668 348 1864 384 καταμερίζο-

1059 396 1131 428 σθαι,
1145 395 1183 427 ὼς
1192 395 1289 430 ἐκείνῳ
1307 395 1357 430 μὲν
1374 395 1423 430 τὴν
1436 395 1520 430 ζωὴν,
1534 395 1592 426 τοῖς
1608 394 1637 421 δὲ
1652 394 1863 429 ἀντικειμένοις

1058 441 1151 476 φέρειν
1161 441 1207 468 τὸν
1215 441 1325 476 δλεθρον
1333 448 1340 456 '
1353 440 1411 467 ἀλλ’
1422 438 1459 467 ῶν
1471 441 1551 472 αὐτὸς
1563 440 1663 474 ἠξίωτο
1672 440 1722 466 καὶ
1730 442 1799 471 τοὺς
1810 449 1863 466 πυ-

1058 486 1167 522 λεμίους
1178 485 1216 517 ὡς
1227 485 1337 520 ἀγαθῶν
1348 485 1423 520 αὐτῷ
1437 484 1636 520 συναιτίουςζμὴ
1648 485 1792 511 ἐκπεσεῖν.
1803 484 1861 510 οὖ-

1059 540 1111 563 τως
1124 531 1194 557 οἶδεν
1207 532 1221 557 6
1235 530 1351 566 Χριστὸν
1373 530 1480 565 βλέπων
1492 531 1547 561 τοῖς
1561 528 1712 564 πολεμοῦσι
1730 529 1862 564 προσφέ-

1061 576 1164 613 ρεσθαι.
1187 576 1295 612 Ἐπειδὴ
1308 576 1362 612 γὰρ
1373 573 1426 603 εἶδε
1440 577 1490 611 τῆς
1504 575 1695 611 μακροθυμίας
1708 575 1757 601 τὸν
1775 582 1862 608 νομο-

1059 623 1149 658 θέτην,
1159 622 1321 659 ὑπεμνήσθη
1328 623 1382 649 τῶν
1389 622 1481 657 νόμων
1487 622 1542 648 τῶν
1549 621 1660 656 ἀγαπᾷν
1667 620 1732 652 τοὺς
1741 620 1861 655 ἐχθροὺς

1059 670 1222 697 κελευόντων
1231 690 1238 701 ,
1253 670 1301 696 καὶ
1312 668 1402 700 καλῶς
1416 669 1503 694 ποιεῖν
1513 668 1569 698 τοῖς
1579 666 1690 702 μισοῦσι
1698 687 1708 700 ,
1720 667 1773 693 καὶ
1785 665 1861 700 ὑπὲρ

1059 716 1113 743 τῶν
1125 715 1316 751 πολεμούντων
1328 713 1536 750 προσεύχεσθαι.
1545 712 1615 738 Ἀλλ’
1629 713 1645 739 6
1655 711 1707 748 μὲν
1722 711 1861 746 ἀθλητὴς,

1059 763 1110 789 οὐκ
1133 761 1163 794 ιε
1181 760 1360 797 ἀνθρωπίνων
1385 758 1505 786 ἐπαίνων
1519 757 1670 790 δοξάζεται.
1688 756 1759 784 οὐδὲ
1774 755 1833 790 γὰρ
1847 756 1864 781 6

1062 808 1162 840 σκοπὸς
1175 807 1250 842 αὐτῷ
1271 807 1319 842 τῆς
1343 805 1484 841 ἀθλήσεως
1498 804 1566 840 πρὸς
1587 803 1636 839 τὴν
1657 803 1687 836 ἐξ
1702 801 1862 838 ἀνθρώπων

1061 854 1157 881 ἓϐλεπε
1176 853 1272 885 δόξαν·
1295 852 1352 879 ἀλλ’
1375 850 1498 886 ὑπερϐὰς
1520 850 1610 877 πάντα
1628 849 1673 876 τὸν
1692 849 1800 884 κόσμον
1826 849 1861 882 τῇ

1062 899 1231 935 μεγαλοφυῑα
1250 897 1298 925 τοῦ
1321 896 1543 933 κατορθώματος,
1570 896 1617 922 καὶ
1634 895 1668 922 τὰ
1693 895 1784 929 μέτρα
1809 893 1860 927 τῆς

1060 943 1234 980 ἀνθρωπίνης
1247 943 1386 978 δυνάμεως
1405 941 1619 977 συμπαρέδραμε
1629 961 1637 974 ,
1658 941 1753 967 πᾶσαν
1768 940 1860 973 ἐγκω-

1061 990 1208 1026 μιαστικὴν
1224 989 1340 1024 δύναμιν
1356 988 1471 1015 κατόπιν
1486 986 1583 1014 ἑαυτοῦ
1599 986 1693 1020 ῥίψας.

221 1032 352 1058 cenando
367 1032 480 1067 gloriam
498 1038 531 1059 ex
549 1031 709 1059 hominibus
721 1030 867 1060 conﬂatam
886 1034 939 1061 sibi
957 1038 1125 1072 propositam
1145 1038 1263 1065 habebat
1279 1047 1285 1065 :
1306 1035 1356 1063 sed
1385 1042 1448 1062 cum
1485 1033 1686 1068 magnificentia
1722 1029 1861 1058 facinoris

221 1078 320 1112 egregii
352 1082 438 1105 totum
466 1078 598 1105 ntundum
631 1079 826 1113 superaverit,
845 1080 1027 1112 humanarum

222 1127 296 1153 omni
311 1126 448 1154 laudativa
461 1125 594 1154 facultate
609 1131 670 1162 post
687 1135 717 1154 se
730 1126 848 1162 abiecta.

257 1174 340 1210 Igitur
353 1174 398 1202 ille
407 1175 519 1210 quidem
531 1175 558 1202 in
569 1175 644 1202 omni
657 1175 776 1203 humano
787 1184 914 1205 sermone
924 1178 1011 1206 victo-

222 1220 268 1247 ria:
282 1220 392 1255 praemia
412 1221 536 1248 obtineat
549 1230 557 1253 ;
573 1229 623 1249 nos
634 1225 725 1249 autem
738 1222 853 1250 historia
868 1231 918 1251 sua
931 1225 1012 1260 adju-

223 1270 266 1293 ret
290 1265 324 1293 ad
350 1266 505 1293 animarum
525 1267 653 1294 salutem.
678 1268 916 1300 Quemadmodum
937 1271 1010 1298 enim
1036 1290 1044 1305 κ

222 1311 294 1338 inter
307 1318 456 1346 corporeos
471 1312 589 1340 athletas
605 1312 642 1344 il.
665 1313 712 1348 qui
734 1313 762 1341 in
786 1315 904 1349 publicis
921 1322 1011 1344 certa-

222 1357 343 1384 minibus
361 1357 528 1385 contendere
551 1358 708 1391 desierunt,
734 1359 849 1394 juvenes
873 1361 1012 1389 alhleticis

221 1403 464 1431 exercitationibus
473 1411 521 1438 per
529 1404 706 1431 artificiosam
713 1404 858 1440 quamdam
866 1406 1012 1441 agilitatem

222 1453 249 1476 et
271 1449 439 1476 habilitatem
462 1450 672 1483 assuefaciunt,
698 1451 895 1486 prehensiones
917 1452 1013 1480 adver-

222 1495 357 1522 sariorum
374 1494 501 1522 frustrari
516 1499 599 1530 atque
614 1495 724 1524 eludere
739 1497 869 1525 docentes
883 1507 889 1525 ε
906 1499 943 1525 ita
961 1506 1013 1526 nos

222 1548 332 1575 quuun
357 1540 457 1576 opinor
474 1547 602 1576 oportere
620 1549 669 1576 per
686 1550 815 1577 magnum
843 1542 1012 1579 Stephanum
1025 1535 1047 1564 ε

222 1586 344 1613 exerceri
359 1590 387 1613 et
400 1586 543 1613 assuelleri
560 1586 594 1614 ad
611 1587 741 1621 pietatem
753 1607 762 1620 ,
777 1593 806 1615 ut
824 1597 872 1623 per
892 1597 954 1616 eum
970 1589 1013 1616 fu-

223 1634 329 1668 giamus
341 1636 424 1667 atque
434 1632 570 1660 evitemus
581 1632 909 1668 Pneumatomachorum,
921 1635 948 1662 id
959 1640 1012 1667 est,

223 1678 338 1712 Spiritus
350 1678 436 1705 sancti
449 1678 564 1705 hostium
575 1676 785 1714 ,'correptiones
799 1683 882 1716 atque
891 1681 1013 1708 vexatio-

223 1731 281 1751 nes.
303 1723 387 1750 Aiunt
403 1723 477 1750 enim
502 1723 542 1750 illi
567 1724 614 1758 qui
637 1724 770 1752 adversus
787 1725 902 1760 gloriam
924 1726 1013 1753 sancti

223 1770 343 1805 Spiritus
363 1770 524 1801 insaniunt,
540 1777 597 1797 suae
617 1770 782 1798 absurditati
801 1775 828 1799 et
848 1773 1013 1808 importuni-

223 1814 271 1841 tati
299 1813 469 1848 Stephanum
494 1814 682 1848 patrocinari.
701 1815 748 1850 qui
775 1815 874 1842 caelum
901 1817 1014 1844 intentis

224 1858 313 1887 oculis
328 1859 486 1892 contuitus,
505 1859 574 1887 vidit
594 1860 708 1895 gloriam
727 1860 773 1888 Dei
789 1865 816 1888 et
830 1860 923 1889 Jesum
938 1866 1015 1890 stan-

224 1908 278 1931 tem
295 1911 310 1930 a
325 1903 431 1931 dextris
446 1903 493 1932 Dei
509 1904 543 1931 ".
556 1904 598 1931 Ad
616 1905 787 1932 eversionem
805 1906 888 1942 igitur
905 1907 1014 1942 pietatis

225 1949 358 1977 doctrinae
371 1949 398 1977 in
415 1950 488 1977 hunc
505 1950 615 1978 modum
631 1950 727 1978 dicunt
742 1961 749 1979 :
768 1951 797 1979 Si
812 1961 875 1980 cum
892 1952 975 1981 Patre
988 1957 1014 1981 et

224 1995 294 2023 Filio
321 1994 454 2030 Spiritum
472 1996 583 2023 omnino
611 1998 749 2025 numerari
773 2002 892 2034 oportet,
919 1999 965 2034 qui
986 1999 1015 2026 fit

225 2045 255 2068 ut
274 2041 430 2076 Stephanus
448 2041 474 2068 in
495 2041 668 2076 apparitione
684 2050 737 2070 una
755 2050 818 2070 cum
836 2043 906 2071 Filio
923 2043 1013 2080 Spiri-

225 2090 282 2113 tum
299 2093 409 2120 quoque
425 2093 480 2113 non
498 2085 620 2113 viderit?
636 2085 780 2120 Quomodo
797 2088 882 2123 igitur
899 2089 949 2121 iis,
967 2089 1014 2123 qui

226 2138 273 2166 per
286 2131 344 2158 haec
360 2131 418 2166 ipsa
433 2131 516 2159 verba
529 2132 883 2168 supplantanturgmanum
899 2134 1015 2169 Stepha-

225 2183 278 2204 nus
295 2176 438 2211 porriget?
451 2175 512 2209 Quo
529 2180 609 2211 pacto
622 2177 746 2205 certandi
764 2182 823 2206 arte
841 2179 1013 2206 lahascentes

225 2222 334 2258 eriget?
353 2221 425 2249 Sane
437 2229 470 2248 ex
484 2222 579 2249 eodem
597 2221 658 2249 loco
670 2222 782 2251 exsistit
793 2223 925 2251 auxilium
942 2223 1015 2258 quod

225 2272 332 2297 evertat
345 2268 496 2296 adversarii
511 2268 744 2296 incredulitatem.
757 2269 864 2302 Quaeris
874 2289 882 2302 ,
896 2276 913 2295 o
928 2277 1016 2304 pneu-

227 2313 417 2345 matomache,
435 2314 459 2341 si
475 2313 562 2346 gloria
578 2312 668 2341 Patris
685 2314 831 2348 apparuit,
846 2318 874 2342 et
897 2313 984 2342 Filius
1000 2322 1015 2341 a

227 2359 333 2387 dextris
348 2358 495 2386 stationem
513 2357 640 2397 obtinens
651 2377 658 2390 ,
676 2357 722 2386 ubi
736 2357 879 2394 Spiritus?
899 2358 978 2392 Quod
994 2359 1016 2386 si

227 2406 255 2433 iu
269 2409 296 2432 te
311 2403 430 2440 Spiritus
445 2407 535 2435 esset,
553 2411 607 2430 non
623 2404 793 2439 propositum
808 2404 842 2432 de
854 2411 888 2432 eo
901 2404 1015 2432 verbum

228 2456 255 2478 te
274 2450 469 2486 prieteriisset:
485 2449 714 2484 quemadmodum
735 2450 770 2482 ii,
790 2451 838 2485 qui
856 2450 929 2486 capti
949 2454 1016 2477 sunt

228 2495 334 2528 oculis,
365 2502 461 2522 aurum
487 2499 550 2522 ante
580 2495 662 2530 pedes
688 2495 826 2530 obiectum
858 2495 1016 2530 ignorantes

229 2543 403 2576 praetereunt.
419 2539 455 2565 At
469 2546 543 2566 nunc
558 2540 655 2567 saltem
675 2540 755 2571 audi,
775 2539 827 2567 nisi
845 2546 926 2568 aures
945 2540 1015 2569 forte

229 2585 371 2616 contines.
382 2584 465 2612 sicuti
476 2583 562 2612 Judiei
577 2584 711 2612 faciebant
724 2594 730 2611 :
744 2583 888 2617 Quomodo
904 2585 1017 2621 Stepha-

229 2638 282 2658 nus
297 2630 522 2665 supercoelestcm
542 2631 658 2666 gloriam
678 2629 769 2656 vidit?
788 2629 856 2662 Quis
876 2630 901 2658 ei
920 2636 1016 2667 portas

229 2676 361 2705 ctelorum
380 2675 531 2710 patefecit?
550 2674 680 2710 Nunquid
708 2674 890 2703 humanarum
916 2677 1016 2704 virium

229 2723 256 2750 id
269 2729 340 2757 opus
355 2721 434 2749 erat?
449 2721 521 2749 Num
536 2721 598 2757 quis
612 2729 644 2748 ex
659 2721 764 2756 angelis
780 2721 815 2749 ad
832 2722 907 2750 illam
927 2723 1016 2752 subli-

265 2814 289 2831 "
305 2814 400 2842 Matth.
416 2822 441 2845 ν.
453 2814 498 2842 44.
539 2814 560 2830 "
579 2813 640 2842 Act.
654 2821 702 2847 vn.
718 2813 763 2843 55.

1032 2197 1054 2225 D

1066 1093 1175 1121 quoque
1203 1085 1302 1113 virium
1328 1083 1425 1112 modos
1456 1082 1539 1110 sinqu
1559 1085 1775 1116 praetergressus
1799 1083 1861 1110 est,

1095 1177 1216 1210 υῦκοῦν,
1241 1178 1256 1204 6
1285 1177 1334 1212 μὲν
1358 1175 1443 1212 ἐχέτω
1467 1175 1538 1202 κατὰ
1556 1174 1656 1206 παντὸς
1681 1173 1860 1210 ἀνθρωπίνου

1059 1223 1140 1259 λόγου
1154 1224 1187 1250 τά
1202 1224 1349 1259 νικητήρια
1359 1231 1367 1238 θ
1381 1223 1446 1257 ἡμῖν
1459 1221 1488 1247 δὲ
1505 1219 1730 1254 συναγωνιζέσθω
1746 1221 1780 1255 τῇ
1798 1221 1861 1246 κατ’

1061 1270 1142 1297 αὑτὸν
1155 1269 1260 1305 ίστορίᾳ
1273 1269 1341 1304 πρὸς
1355 1268 1404 1303 τὴν
1418 1266 1471 1293 τῶν
1485 1265 1580 1301 ψυχῶν
1598 1265 1746 1299 σωτηρίαν.
1762 1264 1859 1291 Καθά-

1039 1306 1116 1352 Χπερ
1141 1316 1196 1352 γὰρ
1228 1316 1256 1342 ὲν
1284 1315 1340 1346 τοῖς
1371 1313 1538 1348 σωματικοῖς
1573 1311 1719 1345 ἀθληταῖς,
1751 1311 1776 1336 ot
1804 1310 1860 1336 τῶν

1065 1362 1178 1396 ἀγώνων
1198 1360 1377 1395 παυσάμενοι,
1392 1357 1595 1393 παιδοτριϐοὖσι
1613 1357 1674 1388 τοὺς
1696 1357 1774 1387 νέους
1799 1357 1861 1387 ταῖς

1066 1408 1224 1443 ἁθλητικαῖς
1233 1407 1409 1442 γυμνασίαις,
1420 1404 1464 1432 διά
1473 1412 1544 1436 τινος
1553 1404 1680 1439 τεχνικῆς
1690 1403 1860 1438 εὐστροφίας

1065 1453 1186 1481 ὲκδὺνειν
1199 1454 1248 1484 τὰς
1258 1453 1343 1484 λαϐὰς
1357 1452 1409 1479 τῶν
1422 1450 1652 1479 ἀντιπαλαιόντων
1663 1449 1840 1480 διδάσκοντες
1851 1456 1858 1462 ·

1064 1496 1151 1528 οὕτως
1163 1494 1240 1531 οἶμαι
1255 1496 1309 1522 δεῖν
1324 1496 1370 1522 καὶ
1383 1496 1456 1530 ἡμᾶς
1470 1494 1514 1520 διά
1526 1493 1573 1521 τοῦ
1586 1493 1705 1527 μεγάλου
1717 1493 1860 1526 Στεφάνου

1063 1541 1304 1577 παιδοτριϐηθῆναι
1331 1540 1379 1574 τὴν
1413 1540 1570 1571 εὐσέϐειαν,
1600 1539 1637 1570 ὡς
1665 1539 1698 1565 ἂν
1714 1539 1749 1565 δι’
1771 1538 1860 1566 αὑτοῦ

1064 1588 1194 1623 φύγωμεν
1215 1588 1264 1619 τὰς
1282 1586 1336 1614 τῶν
1350 1585 1590 1620 Πνευματομάχων
1606 1584 1700 1616 λαϐάς.
1718 1584 1790 1611 Φασὶ
1804 1584 1860 1618 γὰρ

1063 1635 1087 1660 ot
1098 1633 1249 1665 λυσσῶντες
1266 1632 1337 1659 κατὰ
1350 1631 1400 1666 τῆς
1418 1631 1497 1666 δόξης
1517 1631 1564 1658 τοῦ
1589 1630 1765 1664 Πνεὺματος,
1794 1637 1859 1655 συν-

1064 1680 1163 1714 ήγορον
1179 1677 1248 1705 εἶναι
1275 1678 1323 1713 τῆς
1338 1679 1449 1705 ἐκείνων
1463 1677 1578 1708 ἀτοπίας
1592 1676 1637 1702 τὸν
1656 1675 1810 1710 Στέφανον,
1830 1674 1859 1706 ὂς

1063 1723 1219 1755 ὲνατενίσας
1241 1721 1280 1757 τῷ
1299 1721 1406 1758 οὐρανῴ
1422 1719 1476 1748 εἶδε
1497 1720 1577 1753 δόξαν
1591 1719 1660 1746 Θεοῦ
1684 1720 1731 1747 καὶ
1752 1719 1860 1754 Ἰησοῦν

1064 1769 1169 1795 ἑστῶτα
1192 1769 1224 1794 ἐκ
1247 1767 1343 1802 δεξιῶν
1371 1767 1418 1794 τοῦ
1443 1766 1522 1794 Θεοῦ.
1552 1766 1669 1800 Λέγουσι
1695 1765 1787 1791 τοίνυν
1815 1765 1860 1790 ἐπ’

1064 1815 1203 1849 ἀνατροπῇ
1217 1813 1273 1840 τῶν
1287 1814 1336 1849 τῆς
1351 1812 1492 1844 εὐσεϐείας
1505 1812 1658 1847 δογμάτων,
1669 1811 1720 1843 δτι,
1738 1811 1769 1837 El
1788 1811 1858 1846 μετὰ

1066 1859 1171 1894 [πατρὸς
1186 1859 1233 1886 καὶ
1244 1858 1310 1885 1⁸ῐοῦ
1326 1859 1366 1885 δεῖ
1379 1858 1487 1889 πάντως
1502 1856 1678 1893 ἀριθμεῖσθαι
1689 1855 1719 1881 τὸ
1732 1855 1857 1890 Πνεῦμα.

1066 1904 1124 1935 πῶς
1142 1904 1192 1930 οὐκ
1214 1900 1283 1929 εἶδεν
1299 1903 1314 1929 6
1335 1903 1469 1936 Στέφανος
1493 1902 1523 1928 ὲν
1543 1902 1577 1937 τῇ
1593 1900 1712 1935 ὀπτασίᾳ
1729 1900 1800 1935 μετὰ
1811 1900 1859 1926 τοῦ

1066 1948 1129 1975 Υἱοῦ
1143 1949 1190 1975 καὶ
1203 1948 1233 1975 τὸ
1249 1948 1379 1983 Πνεῦμα;
1396 1948 1458 1979 Πῶς
1473 1945 1519 1974 οὖν
1538 1946 1627 1982 ὀρέξει
1641 1946 1690 1981 τὴν
1705 1947 1786 1981 χεῖρα
1803 1946 1858 1977 τοῖς

1064 1994 1108 2022 διὰ
1124 1994 1177 2021 τῶν
1197 1993 1323 2020 τοιούτων
1336 1993 1422 2027 λόγων
1443 1991 1701 2027 ὑποσκελιζομένοις
1713 1992 1728 2018 6
1752 1990 1858 2025 Στέφα-

1067 2048 1128 2072 voc;
1158 2039 1218 2071 πῶς
1242 2039 1392 2075 ἀνυρθὼσει
1417 2039 1450 2074 τῇ
1484 2038 1653 2072 ἀγωνιστικῇ
1681 2037 1766 2072 τέχνῃ
1795 2036 1858 2067 mia;

1065 2085 1281 2117 ὑποκλὰζοντας;
1291 2083 1328 2111 Ἦ
1337 2084 1448 2111 αὐτόθεν
1461 2085 1536 2111 ἐστὶν
1552 2085 1569 2119 ὴ
1586 2083 1697 2119 βοήθεια
1709 2084 1726 2117 η
1742 2082 1858 2117 ἀνατρέ-

1065 2140 1154 2158 πουσα
1174 2131 1223 2166 τὴν
1240 2131 1369 2157 ἀπιστίαν
1391 2130 1437 2156 τοῦ
1453 2128 1697 2164 προσπαλαίοντος.
1713 2128 1818 2163 Ζητείς,
1833 2123 1858 2154 ὧ

1068 2177 1293 2212 Πνευματομάχε,
1306 2177 1346 2203 ὃτι
1355 2196 1363 2208 ,
1377 2177 1409 2203 Εἰ
1419 2177 1437 2211 ἡ
1449 2175 1513 2208 δόξα
1524 2175 1570 2202 τοῦ
1587 2174 1692 2210 Πατρὸς
1705 2174 1797 2209 ὤφθη,
1810 2173 1858 2200 καὶ

1068 2223 1082 2248 6
1102 2223 1161 2253 Υἱὸς
1176 2222 1224 2257 τὴν
1245 2223 1278 2248 ὲκ
1297 2221 1392 2254 δεξιῶν
1406 2221 1502 2248 στάσιν
1517 2219 1598 2255 ἔχων,
1611 2218 1663 2246 ποῦ
1684 2219 1715 2245 τὸ
1729 2217 1856 2253 Πνεῦμα;

1066 2269 1097 2296 Εἰ
1110 2267 1144 2305 ἦν
1155 2270 1184 2296 ὲν
1200 2270 1241 2296 σοι
1255 2269 1285 2295 τὸ
1299 2268 1420 2304 Πνεῦμα,
1433 2269 1483 2295 οὐκ
1495 2267 1528 2295 ἀν
1540 2268 1721 2304 προκείμενον
1731 2267 1777 2293 τὸν
1795 2267 1857 2303 περὶ

1065 2315 1146 2341 αὑτοῦ
1158 2315 1235 2349 λόγον
1253 2315 1438 2351 παρέδραμες,
1452 2314 1548 2349 ὥσπερ
1565 2315 1590 2340 οί
1607 2313 1690 2348 πηροὶ
1707 2313 1757 2344 τὰς
1772 2312 1855 2347 δᾲεις,

1065 2360 1095 2386 τὸ
1103 2360 1156 2396 πρὸ
1165 2360 1220 2387 τῶν
1229 2360 1316 2387 ποδῶν
1324 2360 1449 2396 κείμενον
1461 2359 1572 2395 χρυσίον
1582 2358 1744 2393 ἀγνοοῦντες
1756 2357 1856 2392 παρέρ-

1068 2413 1168 2440 χονται.
1192 2405 1271 2432 Ἀλλὰ
1287 2404 1334 2432 νῦν
1357 2405 1422 2439 γοῦν
1435 2405 1562 2437 ἄκουσον,
1577 2404 1604 2430 εί
1624 2412 1655 2438 γε
1679 2402 1718 2438 μὴ
1739 2403 1856 2437 συνέχεις

1069 2451 1139 2477 κατά
1148 2451 1211 2482 τοὺς
1225 2450 1368 2482 Ἰουδαίους
1379 2451 1427 2486 τὴν
1437 2451 1531 2486 ἀκοήν.
1543 2449 1605 2481 Πῶς
1615 2447 1669 2475 εἶδε
1683 2450 1734 2484 τὴν
1746 2449 1856 2484 ὑπερθυ-

1071 2496 1161 2532 ράνιον
1182 2496 1260 2528 δόξαν
1274 2497 1288 2522 ὁ
1315 2496 1466 2530 Στέφανος;
1486 2495 1528 2526 τίς
1547 2495 1621 2529 αὐτῷ
1637 2494 1686 2525 τὰς
1704 2494 1795 2526 πύλας
1807 2493 1856 2520 τῶν

1067 2541 1190 2577 οὐρανῶν
1206 2541 1382 2573 διεπέτασεν;
1399 2539 1464 2575 Ἆρ’
1481 2540 1654 2576 ἀνθρωπίνης
1669 2540 1812 2575 δυνάμεως
1826 2537 1856 2574 ἦν

1069 2587 1100 2614 τὸ
1123 2587 1305 2622 κατόρθωμα;
1331 2585 1386 2622 ἆρά
1409 2595 1481 2619 τινος
1499 2586 1554 2614 τῶν
1586 2586 1712 2621 ἀγγέλων
1741 2586 1809 2621 πρὸς
1829 2586 1856 2612 τὸ

1071 2633 1137 2668 ὕψος
1159 2634 1247 2659 ἐκεῖνο
1271 2633 1320 2668 τὴν
1334 2633 1409 2659 κάτω
1423 2633 1553 2667 κειμένην
1575 2632 1656 2666 φύσιν
1675 2631 1855 2658 ἀναϐιϐάσαν-

1071 2687 1132 2713 τος;
1147 2679 1204 2706 Οὐκ
1224 2678 1282 2705 ἐστι
1304 2678 1404 2706 ταῦτα·
1426 2679 1457 2705 οὗ
1477 2678 1532 2714 γὰρ
1556 2677 1642 2708 οὕτως
1657 2678 1674 2712 ὴ
1694 2677 1757 2703 κατ’
1782 2677 1855 2704 αὑτὸν

1072 2723 1175 2760 ἱστορία
1186 2724 1285 2759 φησὶν,
1301 2724 1342 2751 ὅτι
1360 2716 1495 2757 Στέφανος
1514 2723 1542 2750 δὲ
1562 2723 1645 2755 πολὺς
1658 2723 1732 2749 κατά
1749 2723 1798 2759 τὴν
1817 2722 1853 2750 δύ-
