1912 3082
110 115 162 144 ῚΓΙ

761 112 795 140 IN
810 112 838 139 S.
857 111 1082 139 STEPIIANUM.

1688 111 1742 138 TIS

111 180 190 207 ναμιν
205 170 260 202 ὢν,
277 171 294 205 ἦ
318 169 373 205 Τῆς
390 170 538 206 ἀγγελικῆς
558 170 680 206 βοηθείας
701 170 806 205 πλήρης
823 169 899 203 γενό-

953 168 1073 194 ηιὶιιιιοιιι
1103 168 1238 194 infernam
1269 171 1394 195 naturain
1422 167 1533 195 evexit?
1550 167 1608 195 Non
1628 169 1683 195 luur
1706 171 1741 196 ita

112 225 199 253 μενος,
209 213 281 242 εἶδεν
294 215 313 242 ἃ
329 212 409 242 εἶδεν.
437 215 517 242 Ἀλλὰ
531 215 556 241 τε
577 215 666 248 λέγεις
684 216 705 241 Σ
709 215 834 249 τέφιιιός
852 214 899 249 δὲ,

110 261 226 295 πλήρης
236 260 279 287 ὢν
293 260 465 295 Πνεύματος
482 260 579 295 ἁγίου,
589 258 650 286 εἶδε
666 259 723 293 τὴν
740 259 834 291 δόξαν
845 259 898 286 τοῦ

112 305 183 334 Θεοῦ
202 305 250 332 καὶ
267 305 321 332 τεν
333 305 485 339 μονογενῆ
507 305 560 332 τοῦ
581 305 654 332 Θεοῦ
681 305 757 332 Υἱόν.
778 305 816 331 Οὐ
845 304 898 340 γὰρ

110 352 175 383 ἔστι.
192 350 283 383 καθώς
307 359 390 386 φησιν
414 352 428 377 ὁ
445 352 609 386 Προφήτης,
636 350 667 377 τὸ
688 350 746 384 φῶς
766 349 906 384 ὀφθῆναι,

111 399 146 434 μὴ
162 399 191 424 ἐν
203 397 242 432 τῷ
253 397 322 431 φωτὶ
337 396 538 432 καθορώμενον.
556 396 608 423 Ἐν
620 396 672 431 γὰρ
689 396 728 428 τῷ
742 395 817 430 φωτί
827 402 898 428 σου,

111 443 199 478 φησὶν,
223 443 356 476 ὀψόμεθα
374 441 447 476 φῶς.
466 442 496 469 Εἰ
514 440 560 469 οὖν
585 442 634 469 οὐκ
660 441 796 476 ἐνδέκεται
814 440 851 476 μὴ
870 441 900 467 ὲν

110 489 146 524 τῷ
159 488 228 522 φωτὶ
242 487 368 522 γενέσθαι
388 488 437 523 τὴν
452 487 499 514 τοῦ
515 487 603 522 φωτὸς
618 487 735 522 θεωρίαν
745 495 751 502 ·
770 486 829 519 πῶς
845 487 899 522 γὰρ

111 533 180 559 ἔστιν
195 533 301 559 ἀπιδεῖν
321 534 361 564 εἰς
382 533 428 559 τὸν
451 532 526 568 ἣλιον
547 532 599 565 ἔξω
615 532 669 559 τῶν
685 532 802 559 ἀκτίνων
824 532 900 566 γενό-

114 587 208 614 μενον;
229 579 291 605 ἐπεὶ
303 578 350 606 οὖν
363 580 392 606 ὲν
410 579 449 614 τῷ
467 579 538 614 φωτὶ
563 578 611 605 τοῦ
627 579 745 614 Πατρὸς,
761 578 900 605 τουτέστιν

110 624 138 649 ἐν
155 623 194 659 τῷ
213 623 352 658 Πνεύματι
365 622 404 659 τῷ
417 623 488 659 ἁγίῳ
503 622 542 658 τῷ
559 623 665 650 ἐκεῖθεν
679 623 899 658 ἐκπορευομένῳ,

110 669 139 696 τὸ
157 669 304 703 Μονογενὲς
321 669 470 704 καθορᾶται
497 669 570 703 (ptiar
586 668 630 696 διὰ
645 667 724 695 τοῦτο
743 677 899 705 προκαταν-

109 714 218 748 nam;
231 715 264 750 τῇ
281 713 344 750 δόξῃ
356 713 403 740 τοῦ
417 713 586 749 Πνεύματος,
604 715 633 740 ὲν
650 713 775 749 περινοίᾳ
788 713 838 748 τῆς
854 712 900 740 τοῦ

108 760 214 795 Πατρὺς
235 760 282 787 καὶ
301 758 348 786 τοῦ
367 758 433 786 Υἱοῦ
449 758 529 794 δόξης
544 759 658 793 γίνεται.
679 759 765 791 Ἐπεὶ,
779 758 836 790 πῶς
853 758 901 794 τὴν

110 805 286 841 εὐαγγελικὴν
299 804 438 840 ἀπόφασιν
452 804 596 840 ἀληθεύειν
619 805 754 841 φήσομεν,
771 805 812 831 ὅτι
828 804 902 830 Θεὸν

110 851 207 884 οὐδεὶς
229 850 339 886 ἑώρακε
357 850 490 884 admota;
503 851 567 883 Πῶς
579 851 608 878 δὲ
622 851 667 878 τὸν
687 850 845 878 ’Δπόστολον
861 850 899 886 μὴ

110 897 215 924 ὶνσιντία
231 898 287 929 τοῖς
305 896 470 933 ἱστορηθείςι
489 896 563 932 βοᾷν,
579 896 643 923 ὅταν
660 896 751 931 λέγει·
765 896 839 923 οὔτε
854 905 899 928 τις

108 941 188 971 εἶδεν
198 943 292 970 αὐτὸν
302 942 474 978 ἀνθρώπων,
486 943 555 970 οὔτε
570 942 643 970 ἰδεῖν
653 942 777 969 δύναται
786 950 795 974 ;
807 942 837 968 Et
845 942 898 977 γὰρ

109 989 266 1026 ἀνθρωπίνῃ
281 989 360 1024 φύσει
381 997 412 1016 τε
432 989 479 1016 καὶ
501 988 625 1023 δυνάμει,
645 988 662 1024 ἡ
678 987 725 1015 τοῦ
741 987 847 1023 Πατρός
869 995 899 1013 τε

109 1036 154 1063 καὶ
167 1035 215 1063 τοῦ
232 1035 296 1062 Υἱοῦ
310 1035 373 1069 δόξα
388 1034 498 1070 χωρητὴ
511 1034 630 1070 κατέστη
641 1042 647 1050 -
664 1033 763 1069 ψευδὴς
778 1033 897 1065 πάντως,

110 1083 124 1108 ὁ
137 1081 278 1118 ἀχώρητον
293 1081 447 1117 ἀνθρώποις
467 1080 677 1117 ἀποφηνάμενος
695 1078 765 1107 εἶναι
784 1080 813 1106 τὸ
828 1079 899 1107 θεῖον

110 1127 207 1162 θέαμα.
232 1126 311 1155 Ἀλλὰ
336 1127 389 1162 μὴν
401 1126 463 1153 οὔτε
483 1128 584 1153 ἐκεῖνον
602 1125 763 1161 ψεύδεσθαι,
782 1125 827 1152 καὶ
849 1125 899 1160 τὴν

111 1171 230 1208 ἱστορίαν
243 1171 385 1207 ἀληθεύειν
398 1172 564 1206 ἐπάναγκες.
582 1172 654 1207 ’Ἄρα
675 1170 798 1206 φανερῶς
815 1171 831 1206 ἡ
852 1178 898 1196 κα·

110 1218 225 1253 κουργία
247 1218 301 1245 τῶν
324 1217 562 1253 Πνευματομάχων
592 1217 767 1253 πεφώραται,
794 1217 833 1244 ὅτι
861 1217 899 1252 τῷ

109 1265 193 1299 ὁμοίῳ
211 1263 380 1299 καθορᾶσθαι
398 1262 433 1290 τὰ
458 1264 538 1299 ὃμοια
557 1263 632 1298 παρὰ
650 1263 700 1298 τῆς
717 1263 829 1298 Γραφῆς
850 1271 898 1297 με-

112 1309 293 1345 μαρτύρηται.
312 1308 342 1335 '0
359 1307 413 1344 γὰρ
432 1307 566 1342 Στέφανος
582 1308 632 1334 οὒκ
651 1308 680 1334 ὲν
696 1309 728 1343 τῇ
742 1307 899 1343 ἀνθρωπίνῃ

110 1353 189 1389 φύσει
209 1363 240 1381 τε
262 1354 308 1381 καὶ
322 1353 435 1390 δυνάμει
454 1354 541 1388 μένων
563 1354 595 1381 τὸ
608 1354 685 1380 Θεῖον
702 1353 811 1389 βλέπει·
832 1353 900 1380 ἀλλὰ

111 1400 178 1436 πρὸς
197 1400 247 1436 τὴν
270 1397 317 1427 τοῦ
339 1399 416 1434 ἁγίου
442 1399 599 1434 Πνεῦματος
618 1399 697 1435 χάριν
717 1398 898 1435 ἀνακραοεὶς,

110 1447 143 1474 δι’
163 1447 269 1474 ἐκείνου
290 1446 383 1482 ὑψώθη
408 1447 475 1482 πρὸς
489 1446 538 1482 τὴν
559 1446 605 1473 τοῦ
631 1446 699 1473 Θεοῦ
725 1446 898 1480 κατανόησιν.

915 842 936 869 Β

111 1492 216 1520 υΰκοῦν
230 1494 255 1519 εἰ
269 1492 353 1528 χωρὶς
364 1491 411 1519 τοῦ
426 1491 583 1527 Πνεύματος
599 1491 661 1518 οὔτε
677 1491 777 1528 Κύριον
796 1491 900 1527 Ἰησοῦν
914 1511 935 1540 c

111 1539 182 1565 ἔστιν
207 1540 305 1571 εἰπεῖν,
325 1538 416 1570 καθώς
435 1546 517 1574 φησιν
539 1538 554 1564 ὁ
579 1538 754 1570 Ἀπόστολος,
772 1538 834 1565 οὔτε
852 1537 901 1574 τὴν

112 1584 253 1620 Πατρικὴν
275 1582 354 1616 δόξαν
376 1583 562 1618 κατανοῆσαι·
579 1583 715 1610 δέδεικται
736 1584 839 1618 σαφῶς,
861 1584 902 1610 ὅτι

111 1631 179 1656 ὅπου
204 1630 234 1656 τὸ
261 1629 374 1665 Πνεῦμά
399 1630 483 1662 ἔστιν,
505 1629 564 1656 ἐκεῖ
575 1629 622 1656 καὶ
637 1629 652 1654 ὁ
666 1629 729 1661 Υἱὸς
742 1629 901 1665 καθορᾶται,

112 1677 159 1703 καὶ
181 1677 198 1711 ὴ
221 1675 344 1712 [ἰατρικὴ
361 1675 424 1708 δόξα.
444 1675 695 1711 καταλαμϐάνεται.
724 1675 793 1702 Ἀλλ’
811 1676 903 1711 ἕτερον

112 1723 178 1757 ἡμῖν
192 1723 225 1748 ἐκ
239 1720 293 1748 τῶν
309 1721 504 1757 ἱστορηθέντων
519 1721 600 1748 ’ὁπλον
617 1721 745 1753 ἀσεϐείας
761 1721 835 1758 παρὰ
848 1722 903 1748 τῶν

113 1766 311 1802 Χριστομάχων
335 1765 524 1802 προὸάλὶεται.
550 1765 621 1792 Φασὶ
643 1765 697 1801 γὰρ
722 1765 752 1792 τὸ
774 1765 904 1797 καταδεὲς

112 1811 158 1838 τοῦ
181 1811 350 1845 Μονογενοῦς
373 1811 417 1838 διὰ
440 1811 536 1838 τούτου
569 1811 761 1846 σημαίνεσθαι.
789 1810 826 1837 Τὸ
849 1810 904 1847 γὰρ

112 1858 284 1893 παρεστᾶναι
311 1857 392 1884 αὑτὸν
412 1859 445 1892 τῇ
466 1857 540 1892 δεξιᾷ
561 1857 607 1883 τοῦ
628 1858 745 1892 Πατρὸς,
768 1857 904 1889 ἀπόδειξιν

113 1903 255 1930 ποιοῦνται
265 1902 312 1930 τοῦ
325 1902 479 1938 ὑποχείριον
487 1900 557 1930 εἶναι
568 1903 600 1938 τῇ
610 1902 657 1929 τοῦ
671 1902 775 1938 [ἰατρὸς
785 1902 902 1938 ἐξουσίᾳ.

112 1948 146 1975 Τί
161 1943 210 1976 οὗν
220 1949 234 1975 ὁ
249 1948 368 1980 Παῦλος,
385 1948 453 1984 προς
468 1948 567 1980 αὐτοὺς
578 1947 684 1984 εῐποιμι
700 1947 733 1974 ἄν
744 1956 752 1981 ς
765 1947 791 1974 τί
803 1947 832 1974 δὲ
856 1947 905 1974 καὶ

113 1996 166 2031 προ
197 1995 302 2022 ἐκείνου
319 1994 334 2020 ὁ
351 1994 493 2030 προφήτης
516 1993 614 2025 Δαὸὶδ,
638 1993 787 2028 ἀμφότεροι
812 1994 846 2028 τῇ
867 1992 905 2018 δι-

113 2039 249 2075 δασκαλίᾳ
268 2039 315 2066 τοῦ
336 2037 494 2073 Πνεύματος
508 2037 557 2073 τὴν
578 2037 624 2064 τοῦ
641 2036 811 2071 Μονογενοῦς
826 2036 905 2069 δόξαν

113 2085 338 2121 ὶκδιηγούμενοι;
354 2085 388 2111 πθ
402 2092 432 2111 τε
445 2083 500 2119 γὰρ
510 2083 593 2110 Δαὸίδ
608 2091 700 2119 φησιν.
712 2081 806 2110 Εἶπεν
821 2084 837 2110 ὁ
848 2083 905 2110 Κύ-

109 2141 175 2166 ριος
194 2131 236 2164 τῷ
253 2131 349 2165 Κυρίῳ
364 2138 434 2165 μου·
453 2129 552 2157 Κάθου
566 2129 601 2155 ἐκ
619 2128 728 2161 δεξιῶν
739 2138 809 2164 μου.
828 2129 857 2155 'U
876 2128 905 2155 δὲ

949 219 1034 245 sunt,
1056 222 1109 241 non
1130 214 1202 241 enim
1224 213 1259 240 ita
1278 213 1312 241 de
1330 221 1363 241 eo
1389 213 1505 241 historia
1520 214 1604 246 dicit,
1628 223 1740 250 nempe:

951 259 1105 294 Stephanus
1126 264 1216 287 autem
1237 267 1300 286 cum
1319 260 1424 287 viribus
1446 261 1579 295 polleret,
1606 265 1652 287 aut
1678 270 1740 287 cum

949 305 1059 332 abunde
1083 305 1108 332 ci
1138 309 1296 340 suppeteret
1323 305 1475 340 angelicum
1500 306 1649 336 auxilium,
1674 306 1742 332 vidit

949 357 979 378 ea
999 358 1059 386 quae
1075 350 1150 378 vidit.
1164 350 1217 378 Sed
1230 350 1295 385 quid
1313 350 1398 378 dicit?
1421 350 1567 385 Stephanus
1582 356 1668 378 autem
1682 360 1741 380 cum

949 400 1016 423 esset
1030 396 1121 432 plenus
1133 396 1236 431 Spiritu
1248 401 1350 428 sancto,
1367 396 1430 423 vidit
1447 397 1561 431 gloriam
1573 396 1622 424 Dei
1639 403 1663 424 et
1680 399 1740 424 uui—

949 442 1065 476 genitum
1080 441 1127 468 Dei
1137 441 1240 468 Filium
1253 442 1286 468 '°.
1301 441 1359 469 Non
1372 442 1445 468 enim
1461 441 1518 473 ﬁeri
1533 446 1639 477 potest,
1656 447 1685 469 ut
1699 443 1742 469 in-

949 487 1010 521 quit
1025 486 1177 522 Propheta,
1200 492 1228 514 ut
1251 488 1340 514 lumen
1360 486 1496 520 videatur,
1515 487 1567 514 nisi
1582 491 1632 522 per
1649 488 1740 516 lumen

950 533 1147 567 conspiciatur.
1173 532 1206 559 In
1230 533 1328 560 Iuntina
1343 532 1436 564 enim,
1459 532 1564 567 inquit,
1581 537 1624 559 tuo
1641 533 1740 560 videbi—

951 586 1009 605 mus
1029 578 1117 606 lumen
1131 578 1165 606 “.
1189 578 1218 605 Si
1242 578 1325 613 igitur
1349 586 1402 605 non
1428 578 1481 605 nisi
1498 586 1546 613 per
1565 579 1656 606 lumen
1679 579 1737 606 lii-ri

952 623 1063 652 luminis
1078 625 1274 659 contemplatio
1288 628 1388 659 potest,
1401 624 1538 658 quomodo
1553 624 1575 651 si
1588 624 1650 659 quis
1662 629 1740 651 extra

952 669 1044 697 radios
1059 674 1195 700 versetur,
1218 669 1303 696 solem
1326 669 1452 696 contueri
1478 669 1589 703 potest?
1604 670 1739 702 Quoniam

955 714 1039 749 igitur
1065 722 1113 750 per
1137 715 1228 742 lumen
1252 714 1360 746 Patris,
1386 714 1438 741 hoc
1457 719 1518 746 est,
1543 723 1591 750 per
1607 714 1740 748 Spiritum

952 764 1078 787 sanctum
1091 760 1165 787 illinc
1181 760 1372 795 procedentem
1384 759 1559 794 Unigenitum
1571 761 1742 796 conspicitur

953 805 1067 832 lumen:
1089 804 1194 832 idcirco
1214 805 1302 839 gloria
1324 805 1445 840 Spiritus
1470 807 1546 840 prius
1570 805 1741 832 illuminatus

951 851 1029 885 plena
1053 851 1151 878 mentis
1175 850 1439 885 comprehensione,
1463 854 1492 878 el.
1514 850 1603 878 Patris
1628 855 1656 878 et
1680 851 1741 878 Filii

949 896 1064 931 gloriam
1091 896 1207 931 percipit
1231 899 1258 923 et
1284 896 1487 923 animadvertit.
1510 895 1575 923 Nam
1603 898 1743 931 quomodo

950 943 1052 977 alioqui
1068 942 1170 970 dictum
1192 943 1398 978 evangelicum,
1415 943 1499 969 Deum
1522 951 1596 970 nemo
1613 944 1676 970 vidit
1692 953 1743 971 un—

949 997 1029 1024 quam
1048 990 1082 1022 ¹²,
1100 997 1193 1017 verum
1216 997 1278 1017 esse
1299 989 1445 1017 dicemus?
1466 997 1520 1024 qua
1542 990 1650 1017 ratione
1676 991 1740 1018 item

951 1035 1111 1070 Apostolum
1140 1042 1195 1062 non
1219 1035 1357 1062 contraria
1379 1036 1412 1062 iis
1437 1043 1499 1070 qua:
1520 1035 1658 1063 memoria:
1679 1043 1742 1070 pro-

953 1079 1010 1108 dita
1026 1087 1059 1108 ac
1072 1080 1170 1108 litteris
1187 1079 1314 1107 mandata
1330 1084 1409 1112 sunt,
1425 1081 1567 1108 clamare?
1580 1089 1642 1108 cum
1656 1082 1740 1111 dicit.

951 1125 1007 1152 Nec
1019 1125 1159 1161 quicquam
1171 1125 1307 1153 hominum
1318 1125 1383 1152 vidit
1392 1146 1399 1157 .
1412 1134 1493 1161 neque
1506 1126 1591 1153 videre
1603 1131 1687 1160 potest
1700 1127 1742 1152 "'3

949 1169 1017 1197 Nam
1033 1170 1056 1198 si
1080 1170 1115 1197 al)
1137 1171 1259 1198 humana
1276 1171 1302 1198 vi
1319 1176 1402 1205 atque
1423 1174 1538 1203 natura.
1554 1176 1582 1199 et
1602 1171 1692 1199 Patris
1714 1178 1742 1198 et

949 1215 1010 1243 Filii
1028 1216 1115 1252 gloria
1129 1216 1232 1252 percipi
1249 1221 1358 1251 posset.
1376 1216 1492 1244 mendax
1515 1221 1543 1244 et
1563 1225 1650 1245 vanus
1666 1225 1742 1252 prot-

951 1270 998 1291 sus
1013 1266 1086 1290 esset
1112 1263 1148 1296 is,
1164 1263 1211 1297 qui
1228 1262 1309 1293 divit.
1335 1263 1461 1291 homines
1483 1263 1569 1291 divini
1592 1263 1742 1296 spectaculi

950 1315 1067 1343 capaces
1083 1315 1138 1334 non
1164 1315 1236 1335 esse.
1259 1307 1342 1342 Atqui
1365 1315 1455 1343 neque
1486 1304 1564 1334 illum
1590 1307 1700 1335 mentiri
1716 1312 1744 1335 et

951 1353 1096 1381 historiam
1110 1360 1203 1380 veram
1216 1360 1279 1380 esse
1292 1360 1406 1380 necesse
1420 1357 1472 1380 cst.
1486 1352 1556 1388 Ergo
1568 1353 1673 1380 malitia
1686 1352 1744 1388 Spi-

951 1400 1021 1427 ritus
1038 1398 1126 1426 sancti
1148 1398 1267 1426 hostium
1295 1397 1442 1425 manifesto
1466 1398 1639 1433 deprehensa
1657 1406 1743 1434 appa-

951 1449 1004 1476 ret,
1026 1444 1090 1479 quia
1109 1444 1268 1471 testimonio
1292 1443 1439 1478 Scriptura:
1458 1444 1602 1478 probatum
1617 1449 1659 1472 est
1676 1453 1690 1471 ιι
1705 1445 1745 1472 si-

952 1490 1008 1517 mili
1021 1489 1122 1516 similia
1141 1489 1230 1516 cerni.
1241 1489 1308 1517 Nam
1323 1497 1376 1517 non
1390 1490 1417 1516 iu
1431 1490 1550 1516 humana
1565 1495 1662 1517 natura
1675 1497 1706 1518 ac
1719 1492 1744 1517 vi

953 1543 1068 1564 manens
1081 1535 1240 1570 Stephanus
1254 1543 1354 1563 numen
1367 1535 1489 1562 divinum
1501 1537 1589 1563 cernit
1601 1545 1607 1563 :
1619 1537 1667 1564 sed
1680 1544 1744 1564 cum

953 1582 1039 1617 gratia
1056 1581 1144 1609 sancti
1159 1581 1281 1617 Spiritus
1296 1581 1446 1616 pcrmislus
1460 1585 1488 1609 et
1503 1585 1744 1617 contemperatus,

954 1634 1002 1661 per
1019 1626 1095 1653 illum
1111 1625 1237 1654 sublatus
1248 1630 1276 1653 et
1287 1629 1398 1654 evectus
1415 1629 1457 1653 est
1472 1625 1506 1652 ad
1519 1625 1563 1653 Dei
1577 1627 1745 1661 contempta-

954 1674 1066 1701 tionem.
1092 1673 1227 1707 Quocirca
1253 1674 1276 1701 si
1293 1674 1398 1708 absque
1414 1673 1519 1708 Spiritu
1542 1681 1630 1708 neque
1653 1674 1745 1702 Domi-

954 1729 1019 1748 num
1032 1720 1125 1748 .lrsum
1139 1720 1233 1748 dicere
1246 1719 1326 1752 licet,
1344 1723 1373 1746 ut
1387 1719 1476 1755 inquit
1487 1720 1637 1755 Apostolus
1650 1721 1684 1751 “.
1700 1728 1745 1748 ne-

953 1773 1008 1801 que
1028 1770 1168 1800 paternam
1179 1765 1294 1801 gloriam
1307 1765 1486 1800 (-onten-plari
1504 1775 1511 1792 :
1526 1766 1744 1792 demonstratum

954 1815 996 1838 est
1015 1815 1125 1846 aperte,
1149 1810 1223 1846 quod
1240 1810 1286 1837 ubi
1307 1810 1429 1845 Spiritus
1453 1810 1507 1842 sit,
1531 1811 1587 1838 iilie
1602 1811 1685 1838 etiam
1701 1809 1746 1837 Fi-

955 1857 1008 1884 lius
1029 1857 1163 1889 cernitur.
1188 1860 1216 1884 et
1236 1852 1355 1892 paterna
1382 1856 1468 1891 gloria
1493 1855 1744 1892 comprehenditur.

955 1902 1056 1930 Verum
1072 1903 1145 1931 aliud
1169 1903 1250 1931 nobis
1265 1912 1298 1931 ex
1314 1904 1366 1936 iis,
1384 1911 1446 1938 qua.-
1468 1903 1494 1929 in
1518 1902 1635 1929 historia
1656 1902 1745 1929 couti-

956 1953 1067 1980 nentur,
1095 1949 1246 1984 impietatis
1265 1949 1350 1976 telum
1370 1956 1385 1976 a
1406 1948 1625 1976 Christomachis
1637 1968 1643 1979 ,
1662 1947 1688 1975 id
1704 1952 1746 1974 est

956 1995 1056 2022 Christi
1079 1994 1217 2027 hostibus,
1236 1995 1379 2029 ohjicitur.
1399 1994 1484 2021 Aiunt
1498 1994 1570 2020 enim
1588 1992 1745 2020 interiorem

957 2039 1094 2075 Uuigeniti
1113 2040 1274 2075 dignitatem
1294 2047 1342 2075 per
1359 2041 1416 2067 haec
1433 2039 1595 2074 signiticari.
1613 2037 1679 2064 Nam
1698 2046 1746 2072 per

956 2085 1025 2117 hoc,
1051 2085 1123 2120 quod
1147 2085 1260 2113 assistat
1285 2085 1320 2112 ad
1341 2084 1481 2112 dexteram
1506 2084 1608 2116 Patris,
1633 2083 1746 2111 demou-

956 2135 1045 2158 strare
1058 2134 1206 2163 conantur,
1229 2138 1291 2157 eum
1315 2130 1456 2157 subditum
1477 2137 1538 2158 esse
1556 2128 1647 2157 Patris
1673 2135 1747 2165 pote-

118 2176 281 2208 ’Δπόστολος
292 2177 321 2202 ὲν
333 2176 407 2211 δεξιᾷ
418 2175 465 2202 τοῦ
481 2175 575 2211 θρόνου
589 2175 635 2202 τοῦ
652 2174 719 2201 Θεοῦ
733 2174 900 2202 κεκαθικέναι

957 2178 1032 2204 stati.
1061 2177 1132 2210 Quid
1158 2178 1241 2213 igitur
1264 2177 1388 2205 Paulus?
1404 2177 1497 2204 Dicam
1522 2178 1556 2205 ad
1576 2186 1644 2205 cos:
1674 2178 1745 2211 Quid

112 2224 187 2258 λέγει
201 2223 248 2249 τὸν
260 2221 368 2257 Κύριον.
384 2222 415 2248 Et
434 2219 480 2248 οὖν
496 2222 513 2257 ὴ
534 2221 629 2252 στάσις
644 2221 694 2256 τῆς
715 2220 904 2251 ἐλαττώσεως,

113 2270 128 2304 ὴ
149 2267 272 2302 καθέδρα
293 2267 400 2298 πάντως
415 2267 467 2302 τῆς
480 2266 628 2302 ὑμοτιμίας
646 2267 704 2292 ἐστι
729 2267 853 2301 σημεῖον,
885 2266 902 2300 ἢ

113 2314 204 2340 τοίνυν
216 2312 490 2349 παραγραφέσθωσαν
502 2312 552 2342 τὰς
565 2312 726 2347 θεοπρεπεϊς
741 2311 904 2347 μαρτυρίας,

114 2359 148 2385 δι’
175 2356 214 2386 ὧν
239 2358 270 2385 τὺ
295 2358 396 2393 ὑψηλὸν
412 2359 461 2393 τῆς
484 2357 573 2390 δεξιᾶς
592 2357 811 2392 διασημαίνεται,
825 2357 842 2391 ἢ
859 2357 907 2384 καὶ

113 2405 220 2440 ταύτην
233 2403 351 2435 εὐσεϐῶς
369 2403 580 2438 ὲκδεχέσθωσαν.
600 2400 647 2435 Εἷς
663 2404 718 2438 γὰρ
735 2402 777 2438 ἐφ’
791 2403 905 2429 ἑκάστου

114 2451 170 2477 τῶν
187 2449 341 2485 εἰρημένων
356 2449 527 2481 διδάσκαλος,
542 2449 559 2484 ἡ
579 2448 627 2475 τοῦ
648 2448 805 2484 Πνεύματος
816 2449 905 2485 χάρις.

121 2497 151 2523 '0
164 2496 217 2531 μὲν
230 2495 285 2531 γὰρ
301 2494 449 2530 Στέφανος,
463 2494 569 2530 πλήρης
590 2494 628 2520 ὢν
642 2494 800 2529 Πνεύματος
815 2495 905 2529 ἁγίου,

115 2541 170 2569 εἶδέ
183 2551 216 2568 τε
228 2542 246 2569 ἃ
265 2541 317 2568 εἶδε
327 2550 334 2556 ·
356 2541 403 2568 καὶ
421 2540 439 2567 ἃ
453 2538 534 2573 εἶδεν,
547 2540 707 2574 ἐφθέγξατο.
728 2540 757 2566 '0
774 2540 802 2566 δὲ
814 2540 906 2570 Δαὸὶδ,

957 2224 1020 2251 item
1039 2228 1102 2251 ante
1119 2224 1194 2251 illum
1219 2224 1302 2251 etiam
1323 2223 1454 2259 propheta
1470 2223 1573 2256 David.
1593 2224 1673 2251 ambo
1698 2232 1747 2259 per

955 2269 1108 2297 doctrinam
1133 2270 1220 2298 sancti
1243 2269 1361 2304 Spiritus
1376 2269 1512 2303 Unigeniti
1528 2270 1642 2305 gloriam
1661 2279 1745 2305 expo-

959 2315 1078 2341 nentes?
1092 2313 1158 2341 Nam
1175 2318 1202 2341 et
1218 2313 1301 2341 David
1320 2314 1377 2340 ait:
1397 2313 1471 2340 Dixit
1487 2313 1615 2341 Dominus
1632 2315 1746 2342 Domino

958 2367 1014 2386 meo
1023 2367 1032 2385 :
1043 2359 1133 2386 Sedea
1144 2359 1246 2386 dextris
1258 2360 1320 2386 uicis
1333 2360 1372 2386 "2
1387 2363 1414 2387 et
1430 2359 1583 2394 Apostolus
1598 2360 1623 2393 in
1634 2361 1746 2388 dextera

957 2404 1018 2432 solii
1036 2403 1081 2431 Dei
1102 2404 1198 2432 sedere
1223 2404 1368 2432 Dominum
1386 2404 1454 2432 dicit
1468 2405 1502 2431 ".
1519 2405 1547 2433 Si
1566 2405 1649 2441 igitur
1664 2406 1748 2433 statio

955 2449 1156 2482 diminutionis,
1173 2450 1261 2478 sessio
1275 2457 1389 2486 prorsus
1403 2449 1525 2484 ejusdem
1542 2451 1636 2482 sortis,
1652 2451 1748 2478 condi-

955 2495 1038 2522 tionis
1059 2500 1086 2523 et
1107 2496 1220 2523 honoris
1248 2497 1356 2532 signum
1381 2501 1433 2524 est.
1454 2496 1507 2523 Aut
1531 2496 1614 2531 igitur
1632 2501 1748 2531 augusta

956 2548 988 2568 ac
1002 2541 1094 2569 divina
1110 2541 1238 2576 rejiciaut
1255 2543 1429 2575 testimonia,
1449 2551 1496 2577 per
1517 2551 1577 2578 qua:
1593 2543 1748 2570 sublimitas

115 2588 145 2613 ὲν
171 2587 311 2622 Πνεύματι
329 2585 410 2612 αὐτὸν
434 2585 511 2612 καλεῖ
529 2585 640 2620 Κύριον,
665 2584 756 2616 καθὼς
780 2585 853 2619 λέγει
877 2585 900 2612 τὶ

959 2586 1062 2614 dextra:
1085 2587 1275 2622 signiﬁcatur:
1292 2591 1339 2614 aut
1360 2588 1441 2615 etiam
1466 2588 1518 2614 hoc
1540 2588 1582 2622 pie
1603 2587 1747 2621 recipiant.

116 2632 296 2667 Εὕα-(γέλων.
311 2631 417 2662 Παῦλος
437 2630 476 2663 δὲ,
493 2630 584 2661 καθὼς
598 2629 678 2662 αὐτὸς
695 2630 797 2662 ἐκεῖνός
813 2639 905 2665 φησιν,

115 2679 144 2705 ὲν
163 2678 304 2713 Πνεύματι
329 2676 404 2703 λαλεῖ
422 2676 456 2703 τὰ
478 2677 625 2711 μυστήρια.
649 2676 682 2702 Εἰ
699 2674 746 2703 οὖν
770 2672 810 2707 εἷς
832 2676 846 2702 ὀ
868 2676 906 2702 δι-

115 2722 262 2755 δάσκαλος,
284 2721 411 2757 οὗδεμῖαν
446 2721 513 2756 πρὸς
539 2720 633 2748 ἑαυτὸν
663 2720 809 2753 διαφωνίαν
835 2720 905 2756 ἔχων

151 2795 176 2811 ’⁸
189 2795 251 2821 Art.
267 2802 316 2825 vlt.
328 2794 371 2821 55.
409 2793 431 2809 "
447 2792 518 2820 Psal.
530 2801 611 2823 xxxv.
631 2792 674 2820 i0.

116 2831 140 2847 "
160 2830 271 2858 Coloss.
292 2837 334 2861 ιιι,
353 2829 381 2862 1;
397 2828 479 2856 llehr.
495 2837 514 2860 ι,
530 2828 556 2854 5.
595 2828 617 2843 ’⁷
633 2828 693 2854 Act.
710 2836 746 2859 vi,
764 2828 780 2854 ε
796 2835 871 2862 scqq.

960 2631 1020 2659 Una
1035 2633 1107 2660 enim
1124 2633 1258 2668 cujusque
1268 2633 1332 2660 dicti
1345 2634 1476 2668 magistra
1493 2641 1525 2660 ac
1541 2633 1646 2660 doctrix
1661 2634 1748 2668 gratia

961 2680 1049 2706 sant-ti
1069 2679 1190 2715 Spiritus
1202 2683 1255 2707 est.
1272 2678 1340 2706 Nam
1357 2678 1511 2713 Stephanus
1522 2679 1545 2695 ³⁷
1562 2678 1671 2714 quidem
1685 2686 1747 2706 cum

961 2723 1058 2758 plenus
1073 2728 1147 2751 esset
1163 2723 1266 2759 Spiritu
1284 2727 1392 2757 saneto,
1406 2727 1433 2751 et
1448 2723 1516 2751 vidit
1530 2731 1572 2757 ea,
1590 2731 1650 2759 qua:
1664 2723 1730 2750 vidit
1741 2743 1748 2753 ,

715 2793 737 2808 ²¹
750 2791 828 2819 Joan.
846 2801 866 2823 ι,
885 2793 900 2820 8

956 2794 964 2809 ³
980 2793 988 2819 l
1004 2793 1122 2822 Timoth.
1137 2803 1172 2827 vI,
1192 2795 1235 2822 l6.
1266 2796 1288 2811 ’⁸⁸
1303 2794 1386 2822 lCor.
1404 2803 1454 2828 xu,
1467 2795 1494 2823 '5.
1530 2795 1552 2812 ’⁸
1565 2793 1637 2823 Psal.
1649 2801 1706 2826 clx,
1722 2793 1748 2822 ἱ.
