1912 3082
168 113 220 140 τις
785 108 814 135 s.
852 89 1016 135 cneconu
1035 106 1182 136 NYSSENI

1746 108 1803 136 720

167 175 194 198 et
212 177 273 206 qua:
287 169 366 202 vidit,
392 169 500 196 locutus
521 171 581 195 est:
601 166 686 194 David
707 170 797 194 autem
810 166 838 193 in
858 165 954 200 spiritu

1007 166 1032 200 (ὁ
1041 165 1095 199 γάρ
1107 164 1265 196 διδάσκαλός
1276 164 1334 190 ἐστι
1348 163 1379 191 τὸ
1395 163 1507 200 Πνεῦμα
1520 164 1569 200 τῆς
1581 163 1711 199 ἀληθείας
1725 164 1757 190 τὸ
1770 164 1800 189 ὲν

169 216 311 244 Dominum
325 222 387 243 eum
398 217 485 246 vocat,
495 217 524 240 ut
534 213 624 248 inquit
632 212 842 246 Evangeliunt",
856 211 956 239 Paulus

167 270 241 295 vero,
258 263 331 290 sicut
348 262 393 289 ille
416 261 475 296 ipse
501 259 578 292 dicit,
610 267 659 295 per
685 259 810 294 spiritum
837 258 958 293 loquitur

168 309 296 345 mysteria
307 309 340 336 “.
355 307 385 335 Si
400 306 483 342 igitur
495 313 567 333 unus
582 306 712 340 magister
723 309 775 337 est,
790 304 836 340 qui
854 304 956 332 nullam

168 362 262 383 secum
277 353 492 390 discrepantiam
511 351 591 380 habet
613 351 754 386 (magister
774 351 847 379 enim
876 350 957 385 spiri-

168 405 213 428 tus
227 400 353 427 veritatis
369 403 428 432 est,
443 398 489 433 qui
506 397 557 424 fuit
576 397 603 424 in
627 396 662 424 iis
678 397 724 431 qui
742 397 854 424 numine
875 395 957 424 ablati

168 450 250 480 atque
257 446 399 473 divinitate
407 444 477 479 rapti
489 442 609 477 fuerunt)
616 463 622 474 ,
629 449 682 477 qua
691 442 796 469 ratione
803 442 863 476 quis
871 441 958 469 diver-

169 490 279 517 sitatem
289 494 316 517 et
325 489 535 524 discrepantiam
552 487 739 514 doctrinarum
749 487 882 522 suspicari
894 494 957 522 pos-

168 535 220 562 sit!
232 535 356 562 Ataliam
371 534 470 566 sessio,
484 533 582 568 inquit,
599 536 626 560 et
641 532 721 560 aliaat
731 533 825 562 statio.
838 536 918 567 prout
929 532 956 559 in

170 585 294 615 promptu
305 588 338 608 ac
351 579 430 607 facile
436 582 479 607 est
492 578 652 614 intelligere,
664 578 826 606 sententiam
844 578 955 605 indicat.

169 625 224 652 Nec
234 633 284 660 ego
298 632 378 660 nego.
388 623 487 652 Verum
497 631 550 651 non
564 623 591 651 id
606 623 678 658 quod
688 623 715 650 in
726 623 889 658 corporibus
896 630 956 650 ver-

171 670 268 697 borum
284 669 446 706 signiﬁcatio
456 670 586 702 ostendit,
594 670 648 697 hoc
660 669 742 696 etiam
751 669 778 695 in
794 669 956 703 incorporea

169 719 267 743 natura
282 715 324 743 fas
337 719 380 743 est
396 715 564 743 existimare.
583 714 650 742 Nam
671 715 698 742 in
715 715 824 742 homine
847 714 956 748 quidem

169 761 267 794 sessio,
279 762 306 788 in
322 761 433 788 natibus
448 761 574 796 corporis
586 761 751 796 positionem
768 760 902 795 designat,
922 767 957 787 ne

169 814 278 842 semper
294 806 437 834 contentio
450 814 568 841 genuum
588 813 619 833 ac
635 806 768 840 poplitum
783 805 811 832 in
825 812 886 833 sese
894 812 955 832 cor-

169 852 244 887 poris
263 851 371 886 pondus
394 852 534 879 sustinens
550 852 655 879 laboret
673 861 680 878 :
702 855 730 879 et
745 855 843 879 contra
859 852 952 883 statio,

169 897 283 924 arduum
295 901 322 924 et
336 901 457 924 erectum
484 904 566 931 super
582 904 670 931 genua
686 897 823 924 hominem
849 895 954 930 signiﬁ-

169 945 222 974 cat,
243 949 298 969 non
320 942 347 969 in
371 942 482 970 natibus
496 942 616 969 sedendo
634 942 833 977 quiescentem.
852 941 881 968 In
904 950 953 970 su-

170 995 254 1022 perna
282 991 374 1014 autem
398 991 425 1015 et
440 987 591 1015 excellente
608 992 707 1015 natura
733 987 768 1016 ab
795 988 953 1024 hujusmodi

171 1032 353 1060 intellectibus
367 1037 395 1060 et
410 1034 498 1061 sessio
513 1037 541 1061 et
557 1034 639 1061 statio
652 1041 740 1061 vacua
762 1038 845 1069 atque
866 1035 954 1062 aliena

170 1081 222 1110 est,
235 1081 351 1112 utraque
366 1079 469 1112 pariter
483 1079 516 1106 ab
528 1085 570 1110 ea,
587 1085 667 1113 quam
685 1079 810 1113 expedite
823 1083 904 1115 atque
926 1080 954 1107 in

170 1127 295 1158 promptu
320 1127 372 1155 est,
403 1123 568 1158 intelligere,
597 1123 800 1159 signiﬁcatione
816 1130 953 1160 separata.

170 1167 340 1204 Nequeenim
349 1169 376 1196 in
384 1170 535 1204 poplitibus
543 1171 689 1198 stationem
695 1170 765 1205 ejus,
780 1171 851 1206 quod
864 1172 955 1199 incor-

171 1221 282 1248 poreum
290 1218 333 1241 est
341 1223 429 1249 neque
436 1216 463 1242 in
471 1216 583 1244 natibus
589 1217 739 1244 sessionem
747 1217 817 1252 ejus,
826 1218 901 1253 quod
908 1226 955 1246 ex-

171 1265 232 1292 pers
243 1258 335 1292 ﬁgurae
343 1262 396 1291 est,
406 1259 572 1294 accipiemus
581 1271 586 1288 :
596 1261 644 1288 sed
654 1268 701 1295 per
709 1266 954 1297 utramquevocem

169 1303 194 1330 id
208 1303 281 1338 quod
298 1304 325 1331 in
343 1305 416 1332 omni
435 1306 507 1332 bono
521 1306 629 1339 stabile,
644 1311 671 1334 et
686 1307 712 1334 in
730 1308 803 1335 omni
816 1308 888 1336 bono
905 1309 956 1339 im-

169 1349 299 1376 mutabile
312 1353 364 1381 est,
377 1349 420 1384 pie
433 1349 626 1386 intelligemus.
636 1351 703 1379 Nam
711 1357 765 1379 tam
778 1353 802 1380 is
812 1353 858 1387 qui
870 1358 953 1386 stare,

169 1402 250 1429 quam
264 1395 311 1430 qui
338 1395 435 1423 sedere
465 1403 567 1424 numen
593 1397 716 1424 divinum
742 1399 848 1431 dicunt,
875 1400 953 1432 nihil,

172 1439 244 1475 quod
260 1439 293 1466 ad
310 1440 473 1468 sententiam
491 1441 600 1474 attinet,
622 1442 783 1472 diversitate
809 1444 954 1472 verborum

169 1490 242 1522 inter
256 1493 285 1513 se
294 1485 435 1513 diﬂerunt:
445 1486 603 1522 illequidem
615 1487 728 1516 ﬁrmiter
742 1493 826 1522 stare,
836 1490 879 1517 ltic
890 1499 955 1518 vero
972 1506 993 1534 ο

169 1532 376 1559 immutabiliter
387 1533 566 1560 constitutum
579 1538 605 1560 et
617 1535 644 1561 in
657 1535 727 1562 bono
736 1534 879 1563 fundatum
895 1544 956 1564 esse

170 1585 270 1604 numen
291 1577 414 1605 divinum
437 1582 590 1606 censentes.
610 1578 843 1612 Quemadmodum
864 1586 954 1609 autent

170 1624 302 1658 propheta
316 1623 400 1651 David
409 1624 431 1640 '°
439 1629 465 1651 et
475 1624 615 1659 apostolus
623 1624 725 1653 Paulus
735 1626 756 1641 "
772 1626 799 1653 in
815 1627 873 1654 suis
881 1631 954 1654 uter-

169 1676 222 1704 que
230 1668 340 1703 scriptis
351 1668 488 1704 Unigeniti
497 1668 646 1697 sessionem
656 1676 848 1704 memorantes,
858 1680 910 1699 non
918 1673 956 1699 in-

168 1716 306 1749 dicarunt,
315 1715 386 1751 quod
397 1715 476 1743 Patre
490 1719 579 1743 stante
587 1715 672 1743 Filius
684 1716 710 1743 in
717 1717 780 1744 sede
788 1717 834 1748 sit,
845 1717 906 1745 licet
914 1725 955 1746 so-

170 1762 222 1788 lius
229 1761 362 1789 sessionis
369 1761 430 1788 Filii
439 1761 603 1789 mentionem
615 1761 743 1789 fecissent
753 1771 760 1789 :
769 1762 863 1790 eodem
875 1764 955 1790 modo

169 1814 230 1833 cum
245 1806 327 1833 etiam
337 1807 363 1833 in
374 1805 504 1840 Stephani
519 1806 633 1834 historia
653 1807 699 1833 ﬁlii
715 1807 861 1835 stationem
879 1809 955 1836 audi-

170 1851 241 1878 veris
252 1851 285 1883 ³¹,
305 1851 380 1877 nulla
403 1851 436 1878 de
454 1858 544 1878 causa
564 1858 613 1878 nec
629 1856 704 1880 recte
727 1852 762 1879 de
790 1851 878 1881 Patris
897 1861 955 1881 ses-

169 1896 247 1923 sione
270 1895 427 1930 suspicatus
451 1895 545 1924 fueris.
572 1896 807 1928 Quemadmodum
830 1898 902 1925 enim
926 1899 954 1926 in

168 1942 254 1970 Paulo
268 1947 350 1977 atque
366 1941 468 1969 Davide
490 1941 586 1970 sedere
601 1941 708 1970 Patrem
725 1951 758 1971 ex
774 1951 807 1971 eo
820 1944 892 1979 quod
908 1944 953 1972 Fi-

170 1988 221 2015 lius
234 1987 328 2015 sedeat
341 1995 355 2014 a
370 1987 473 2015 dextris
494 1988 576 2015 simul
591 1993 699 2016 constat
714 1997 721 2016 :
737 1990 848 2017 tametsi
864 1998 954 2018 sermo

169 2033 236 2060 nihil
251 2037 314 2061 ante
329 2033 363 2060 de
377 2033 458 2060 Patre
473 2033 616 2061 docuisset
630 2043 636 2060 :
657 2034 689 2061 ad
703 2035 828 2062 eumdem
842 2036 952 2064 modum

169 2080 250 2105 etiam
266 2079 293 2105 in
311 2079 425 2106 historia
442 2078 590 2114 Stephani,
607 2078 668 2106 Filii
685 2080 768 2107 statio
783 2080 852 2108 idem
870 2083 952 2110 etiam

169 2124 196 2150 in
213 2123 299 2158 gloria
314 2122 404 2151 Patris
426 2124 509 2151 simul
533 2124 646 2152 indicat.
668 2125 715 2152 Sic
729 2126 803 2152 enim
824 2127 952 2163 imaginis

1006 212 1061 244 τοῖς
1085 210 1308 246 θεοφορουμένοις
1323 211 1477 246 γενόμενον)
1490 219 1496 226 ·
1523 210 1582 242 πῶς
1606 210 1639 237 ἄν
1661 218 1705 241 τις
1735 209 1800 236 δια-

1008 256 1108 290 φωνίαν
1128 256 1188 283 τινὰ
1203 255 1258 283 τῶν
1279 256 1422 291 δογμάτων
1438 255 1703 287 καθυποπτεύσειενς
1726 254 1800 280 Ἀλλ’

1007 303 1127 339 ἕτερονὴ
1141 302 1269 338 καθέδρα,
1293 303 1371 338 φησὶ,
1386 303 1434 330 καὶ
1452 303 1544 338 ἕτερον
1561 304 1577 337 ἠ
1598 302 1693 334 στάσις
1712 294 1800 328 emt;

1007 356 1102 376 κνυται
1123 348 1194 381 νοῦν,
1219 349 1289 376 κατά
1313 349 1344 375 τὸ
1365 349 1519 384 προχείρως
1543 349 1700 383 νοούμενον.
1721 347 1798 382 Φημὶ

1007 393 1094 428 κάγώ·
1110 393 1168 420 ἀλλ’
1188 394 1237 429 οὐχ
1256 395 1324 429 ὅπερ
1343 394 1390 420 ἐπὶ
1417 394 1471 421 τῶν
1496 395 1629 429 σωμάτων
1646 395 1663 429 ή
1679 393 1733 420 τῶν
1748 395 1799 429 ρη-

1008 441 1100 475 μάτων
1121 440 1240 475 ἔμφασις
1258 441 1395 473 δείκνυσι,
1422 440 1501 466 τοῦτο
1522 441 1570 467 καὶ
1588 439 1634 466 ἐπὶ
1655 439 1706 474 τῆς
1723 439 1798 465 ἀσω-

1009 487 1094 523 μάτου
1119 487 1227 522 φύσεως
1258 486 1355 521 εὐαγές
1380 487 1438 512 ἐστι
1467 485 1630 520 λογίζεσθαι.
1661 485 1720 512 Ἐπ’
1749 485 1799 512 ἀν-

1007 533 1116 568 θρώπου
1135 533 1184 568 μὲν
1205 532 1260 568 γάρ
1275 533 1292 567 ἡ
1314 531 1444 567 καθέδρα,
1459 531 1508 567 τὴν
1520 531 1566 558 ἐπὶ
1582 530 1622 566 τῷ
1650 530 1728 565 ίσχίῳ
1749 528 1798 556 τοῦ

1008 578 1132 613 σώματος
1161 578 1315 613 ὑπογράφει
1342 577 1424 604 θέσιν·
1452 577 1490 608 ὡς
1512 576 1544 604 ἂν
1570 577 1607 611 μὴ
1629 575 1674 602 διὰ
1694 574 1799 606 παντὸς

1005 623 1106 659 κάμνοι
1126 623 1176 658 τῆς
1197 623 1317 658 ἀγκύλης
1335 623 1349 649 ό
1371 623 1466 654 τόνος,
1490 622 1532 656 ἐφ’
1554 621 1650 648 ἑαυτοῦ
1665 621 1696 647 τδ
1712 620 1798 655 βάρος

1006 669 1110 704 ἀνέχων
1125 669 1171 695 τοῦ
1190 668 1326 704 σώματος.
1347 668 1402 695 Kal.
1418 667 1449 694 τὸ
1466 667 1582 703 ἔμπαλιν
1593 668 1610 702 ἠ
1624 666 1731 698 στάσις,
1746 666 1796 700 δρ-

1007 715 1064 742 θιον
1077 716 1123 741 ἐπὶ
1138 716 1258 750 γονάτων
1275 714 1419 750 ἑρμηνεύει
1436 714 1481 740 τὸν
1504 713 1656 749 ἄνθρωπον,
1673 712 1725 739 οὐκ
1749 712 1796 737 ἐπ’

1009 761 1086 796 ίσχίῳ
1107 760 1151 787 διὰ
1179 760 1314 795 καθέδρας
1331 759 1544 795 ἀναπαυόμενον.
1567 759 1628 785 Ἐπὶ
1656 758 1684 784 δὲ
1709 758 1797 792 ὑπερ-

1007 808 1122 843 εχούσης
1138 807 1255 841 φύσεως,
1271 806 1418 842 καθαρεύει
1429 806 1482 832 τῶν
1502 805 1629 832 τοιούτων
1648 803 1797 839 νοημάτων

1004 855 1022 888 ἡ
1034 853 1151 888 καθέδρα
1163 861 1192 879 τε
1207 853 1253 879 καὶ
1268 853 1284 883 ἡ
1296 852 1400 885 στάσις,
1418 851 1514 886 ἐπίσης
1528 851 1647 885 ἑκατέρα
1660 848 1711 883 τῆς
1724 847 1797 875 κατὰ

1005 899 1036 926 τὸ
1068 899 1214 934 πρόχειρον
1240 898 1389 933 νοουμένης
1419 897 1564 932 ἐμφάσεως
1592 893 1795 930 κεχωρισμένη.

1006 943 1074 971 Oti-ta
1088 944 1142 980 γάρ
1155 944 1204 980 τὴν
1215 944 1257 970 ἐπ’
1270 943 1374 979 ἀγκύλῃ
1391 943 1485 970 στάσιν
1498 942 1545 968 τοῦ
1559 941 1719 976 ἀσωμάτου,
1731 939 1797 966 οὔτε

1005 989 1054 1026 τὴν
1069 990 1115 1016 ἐπὶ
1130 990 1206 1025 ίσχίῳ
1223 990 1381 1025 καθίδρυσιν
1395 988 1442 1016 τοῦ
1453 988 1656 1024 ἀσχηματίστου
1669 986 1798 1022 παραλη-

1005 1036 1121 1071 ψόμεθα.
1158 1035 1239 1063 Ἀλλά
1261 1035 1294 1062 δι’
1327 1035 1460 1070 ἑκατέρας
1488 1034 1580 1069 φωνῆς
1602 1033 1632 1059 τὸ
1662 1032 1692 1058 ὲν
1713 1030 1798 1058 παντὶ

1007 1081 1101 1116 ἀγαθῷ
1116 1081 1258 1116 στάσιμον,
1277 1081 1325 1107 καὶ
1340 1081 1369 1106 ὲν
1390 1079 1472 1107 παντὶ
1484 1077 1661 1114 ἀμετάθετον,
1674 1075 1798 1107 εὐσεϐῶς

1006 1125 1148 1160 νοήσομεν.
1161 1125 1196 1152 Ὃ
1208 1134 1237 1151 τε
1252 1125 1306 1160 γὰρ
1323 1125 1432 1152 ἑστάναι
1447 1125 1515 1151 καὶὸ
1527 1123 1663 1158 καθῆσθαι
1676 1122 1707 1148 τὸ
1716 1121 1797 1147 Θεῖον

1006 1171 1103 1205 λέγων,
1121 1171 1197 1198 οὐδὲν
1211 1171 1280 1206 πρὸς
1293 1170 1423 1206 ἀλλήλους
1435 1171 1463 1197 ὲν
1475 1172 1509 1206 τῇ
1524 1170 1578 1196 τῶν
1590 1169 1721 1205 ῥημάτων
1737 1168 1798 1193 ἑτε-

1008 1217 1101 1253 ρότητι
1112 1217 1178 1251 περὶ
1194 1216 1240 1243 τὸν
1264 1216 1327 1243 νοῦν
1357 1216 1540 1252 διαφέρονται·
1554 1216 1568 1242 δ
1582 1216 1630 1250 μὲν
1645 1213 1797 1249 βεϐηκέναι

1008 1261 1130 1296 παγίως,
1150 1263 1164 1288 ό
1180 1262 1209 1288 δὲ
1228 1261 1405 1297 καθιδρύσθαι
1425 1261 1599 1296 ἀμεταθέτως
1616 1260 1648 1286 τὺ
1666 1259 1745 1286 Θεῖον
1765 1258 1799 1284 ὲν

1006 1307 1046 1342 τῷ
1074 1307 1168 1342 ἀγαθῷ
1194 1306 1410 1342 δογματίζοντες.
1433 1307 1539 1342 ’Ὠσπερ
1563 1306 1592 1333 δὲ
1613 1307 1628 1332 ὁ
1651 1305 1799 1341 προφήτης

1007 1352 1098 1384 Δαδὶδ,
1112 1354 1158 1379 καὶ
1171 1354 1186 1379 ὁ
1197 1353 1344 1384 ἀπόστολος
1358 1352 1474 1385 Παῦλος,
1494 1352 1543 1387 τὴν
1559 1351 1606 1378 τοῦ
1623 1349 1798 1384 Μονογενοῦς

1007 1397 1140 1433 καθέδραν
1159 1399 1188 1424 ὲν
1211 1399 1266 1430 τοῖς
1281 1398 1342 1424 καθ’
1360 1397 1455 1424 ἑαυτὸν
1473 1397 1603 1432 ἑκάτερος
1628 1395 1719 1430 λόγοις
1755 1394 1799 1421 δι-

1007 1442 1215 1478 ηγούμενοιοὺκ
1228 1443 1331 1470 ἔδωκαν
1343 1445 1423 1474 νοεῖν,
1436 1443 1477 1469 ὅτι
1488 1442 1534 1469 τοῦ
1549 1441 1653 1476 Πατρδς
1664 1441 1797 1473 ἑστῶτος,

1009 1487 1023 1512 ό
1038 1487 1101 1518 Tib;
1115 1487 1143 1514 ὲν
1158 1487 1275 1523 καθέδρᾳ
1288 1487 1356 1518 ἐστὶ,
1370 1487 1459 1514 καίτοι
1471 1495 1503 1521 γε
1519 1486 1602 1522 μόνης
1629 1485 1799 1521 μνησθέντες

1009 1532 1057 1566 τῆς
1075 1532 1122 1558 τοῦ
1139 1532 1204 1559 Υἱοῦ
1219 1533 1401 1569 καθιζήσεως’
1417 1533 1463 1560 τὸν
1481 1533 1562 1559 αὐτὸν
1573 1532 1672 1567 τρόπον
1688 1531 1735 1557 καὶ
1749 1530 1799 1557 ἐπὶ

1009 1577 1056 1603 τοῦ
1078 1578 1224 1612 Στεφάνου,
1240 1579 1287 1605 τοῦ
1301 1578 1366 1606 Υίοῦ
1385 1579 1435 1614 τὴν
1449 1578 1542 1605 στάσιν
1557 1577 1687 1609 ἀκούσας,
1705 1576 1798 1603 οὐκέτ’

1009 1622 1043 1648 ἂν
1061 1623 1179 1657 εὐλόγως
1199 1625 1264 1659 περὶ
1274 1624 1324 1659 τῆς
1341 1624 1388 1651 τοῦ
1405 1623 1512 1659 Πατρός
1526 1622 1660 1658 καθέδρας
1680 1622 1800 1655 ὐπονοήυ

1010 1676 1092 1700 σειας.
1112 1668 1156 1700 Ὧς
1173 1669 1222 1705 γὰρ
1235 1669 1282 1697 ἐπὶ
1296 1669 1342 1697 τοῦ
1354 1670 1462 1696 Παύλου
1476 1670 1522 1696 καὶ
1533 1669 1581 1696 τοῦ
1597 1668 1679 1695 Δαϐὶδ
1688 1668 1719 1694 τὸ
1727 1667 1799 1694 καθ-

1008 1715 1090 1749 ῆσθαι
1110 1715 1156 1742 τὸν
1175 1716 1294 1751 Πατέρα,
1320 1716 1364 1743 διά
1388 1715 1436 1743 τοῦ
1461 1716 1570 1743 καθίσαι
1596 1715 1643 1742 τὸν
1669 1714 1734 1741 Υἱδν
1763 1714 1799 1740 ὲκ

1007 1760 1101 1794 δεξιῶν
1116 1761 1346 1797 συνωμολόγηται,
1362 1762 1450 1788 καίτοι
1465 1762 1512 1788 τοῦ
1538 1761 1617 1795 λόγου
1633 1760 1717 1795 μηδὲν
1732 1760 1798 1795 περὶ

1007 1806 1055 1832 τοῦ
1079 1807 1185 1842 Πατρός
1201 1807 1423 1842 προδιδάξαντος·
1437 1807 1509 1835 κατά
1524 1807 1570 1834 τὸν
1590 1807 1671 1833 αὑτὸν
1693 1807 1798 1842 τρόπον

1008 1851 1054 1878 καὶ
1074 1852 1120 1878 ἐπὶ
1139 1851 1186 1878 τοῦ
1213 1852 1364 1886 Στεφάνου,
1381 1853 1398 1888 ἡ
1411 1852 1457 1879 τοῦ
1481 1852 1546 1879 Υίοῠ
1569 1851 1662 1883 στάσις
1682 1851 1712 1878 τὺ
1737 1850 1813 1891 ἶσον,

1008 1897 1055 1924 καὶ
1067 1898 1113 1924 ἐπὶ
1131 1898 1180 1932 τῆς
1193 1898 1270 1933 δόξης
1283 1897 1329 1924 τοῦ
1349 1897 1455 1932 Πατρδς
1475 1896 1697 1924 συνενδείκνυται.
1716 1895 1797 1922 Οὕτω

1007 1943 1061 1978 γὰρ
1088 1944 1122 1970 ἂν
1140 1944 1155 1969 ὁ
1179 1944 1227 1979 τῆς
1242 1943 1345 1975 εἰκόνος
1359 1943 1503 1978 διασωθείη
1524 1943 1616 1977 λόγος,
1632 1943 1656 1968 εί
1673 1943 1728 1969 πᾶν
1742 1942 1757 1968 ὅ
1769 1941 1796 1967 τί

1007 1989 1059 2024 πέρ
1073 1989 1145 2016 ἔστιν
1164 1990 1193 2016 ὲν
1210 1989 1297 2025 τούτῳ
1316 1989 1460 2024 νωύμενὸν
1479 1997 1509 2016 τε
1523 1989 1570 2015 καὶ
1591 1987 1794 2024 καθορώμενον,

1006 2035 1036 2061 τὸ
1056 2035 1122 2062 αὐτὸ
1143 2036 1188 2062 καὶ
1205 2035 1234 2061 ὲν
1249 2035 1288 2070 τῷ
1303 2035 1451 2070 ἀρχετύπῳ
1465 2035 1626 2062 πιστεύοιτο.
1643 2035 1699 2061 Καὶ
1713 2034 1751 2066 ὡς
1765 2034 1795 2060 ὲν

1005 2080 1044 2116 τῷ
1064 2080 1159 2115 ἀγαθῷ
1181 2081 1211 2107 τδ
1224 2081 1336 2114 ἀγαθὸν,
1356 2082 1403 2108 καὶ
1417 2082 1446 2108 ὲν
1464 2080 1502 2116 τῷ
1519 2081 1589 2115 φωτὶ
1602 2081 1633 2106 τδ
1647 2080 1724 2114 φῶς,
1747 2080 1795 2106 καὶ

1006 2125 1035 2151 ὲν
1050 2125 1116 2151 πᾶσι
1140 2125 1170 2151 τὸ
1188 2126 1367 2160 πρωτότυπον
1390 2125 1487 2156 κάλλος
1510 2125 1554 2151 διά
1567 2125 1620 2151 τῶν
1639 2124 1747 2150 οἰκείων
1766 2123 1795 2149 ὲν

169 2169 240 2195 ratio
267 2169 426 2196 conservari
448 2169 554 2204 possit,
574 2174 604 2196 ut
626 2170 758 2206 quidquid
777 2171 804 2198 in
827 2172 877 2199 hac
901 2177 954 2201 tam

1007 2171 1040 2205 τῇ
1061 2170 1144 2196 είκόνι
1159 2170 1405 2206 χαρακτηρίζεται·
1422 2170 1492 2197 οὓτω
1506 2170 1553 2197 καὶ
1575 2171 1604 2196 ὲν
1618 2171 1650 2204 τῇ
1672 2169 1795 2204 καθέδρα

170 2213 333 2249 intelligitur
348 2221 430 2248 quam
448 2214 628 2248 conspicitur,
645 2215 716 2242 idem
729 2215 811 2242 etiam
831 2216 859 2243 in
874 2217 956 2252 origi-

170 2257 225 2284 nali
238 2264 270 2284 ac
283 2257 426 2292 principali
440 2257 526 2285 forma
538 2266 599 2286 esse
611 2259 749 2292 credatur,
761 2264 829 2287 etut
842 2261 869 2288 in
882 2262 954 2290 bono

169 2303 286 2335 bonum,
302 2306 329 2329 et
344 2302 371 2329 in
391 2302 494 2330 lumine
509 2303 614 2335 lumen,
631 2307 658 2330 et
672 2305 698 2331 in
713 2305 841 2333 omnibus
863 2307 956 2341 primi-

168 2347 224 2374 tiva
236 2353 268 2373 ac
280 2347 440 2381 principalis
451 2347 627 2382 pulchritudo
640 2356 685 2383 per
698 2351 823 2384 proprias
835 2356 915 2379 notas
927 2353 953 2379 in

169 2393 286 2428 imagine
307 2393 485 2427 designatur:
509 2393 546 2420 ita
575 2395 657 2421 etiam
679 2395 706 2421 in
728 2396 852 2424 sessione
873 2397 953 2430 Filii,

169 2447 361 2474 quemcunque
383 2439 490 2466 tandem
513 2439 564 2467 hoc
585 2447 683 2468 nomen
704 2441 870 2469 intellectum
889 2452 958 2478 prae-

168 2485 230 2517 bet,
249 2484 342 2511 Patris
358 2491 468 2519 quoque
492 2485 579 2512 sessio
605 2486 858 2520 comprehenditur,
882 2489 957 2516 simi-

169 2531 231 2557 liter
251 2534 280 2558 et
303 2529 330 2557 in
353 2530 472 2558 statione
496 2531 595 2563 statio,
618 2539 652 2559 ne
676 2532 746 2559 ratio
767 2533 893 2567 imaginis
910 2542 957 2568 per

170 2575 347 2603 abolitionem
362 2577 558 2611 proprietatum
575 2578 608 2604 ab
622 2577 749 2612 originali
764 2585 797 2605 ac
818 2579 957 2612 primitivo

168 2622 286 2649 alienata
305 2622 450 2650 intercidat
471 2627 552 2658 atque
567 2623 714 2650 dilabatur.
736 2622 798 2650 Haec
819 2631 834 2650 a
856 2625 953 2658 nobis,

169 2667 287 2700 fratres,
314 2668 348 2696 ad
372 2670 541 2704 propositam
569 2669 767 2704 quaestionem,
796 2677 857 2697 cum
885 2671 954 2699 visio

170 2713 301 2749 Stephani
317 2715 398 2743 talem
414 2715 631 2751 speculationem
655 2715 683 2742 in
705 2716 856 2743 orationem
880 2716 955 2743 intu-

1004 2215 1050 2242 τοῦ
1065 2215 1142 2247 Υίοῦ,
1158 2217 1172 2242 ὃ
1184 2216 1210 2242 τί
1223 2225 1287 2242 ποτε
1301 2217 1369 2243 νοεῖν
1383 2215 1462 2242 τοῦτο
1475 2216 1506 2242 τὸ
1521 2215 1606 2250 δνομα
1626 2214 1732 2245 δίδωσι,
1747 2214 1795 2241 καὶ

1005 2262 1021 2296 ἡ
1042 2261 1089 2288 τοῦ
1106 2261 1212 2296 Πατρδς
1227 2261 1346 2296 καθέδρα
1363 2260 1613 2295 καταλαμϐάνεται,
1630 2259 1732 2294 ὁμοίως
1748 2259 1795 2285 καὶ

1005 2307 1034 2332 ὲν
1047 2307 1079 2341 τῇ
1092 2307 1184 2333 στάσει
1196 2308 1212 2341 ὴ
1230 2307 1333 2337 στάσις·
1349 2306 1386 2338 ὡς
1398 2306 1431 2332 ἃν
1444 2306 1480 2341 μὴ
1496 2306 1619 2332 διαπέσοι
1630 2305 1679 2339 τῆς
1689 2305 1794 2336 εἰκόνος

997 2353 1018 2386 ,ὁ
1033 2353 1121 2386 λόγος,
1135 2354 1164 2379 ὲν
1179 2354 1211 2387 τῇ
1223 2352 1371 2385 ἀπαλλάξει
1385 2352 1438 2378 τῶν
1453 2351 1603 2386 ίδιωμάτων
1620 2351 1666 2377 τοῦ
1679 2351 1794 2386 ἀρχετύ-

1005 2406 1057 2423 που
1086 2397 1319 2432 άλλοτριοὺμενος.
1353 2397 1446 2424 Ταῦτα
1471 2398 1548 2433 ἡμῖν,
1570 2397 1695 2431 ἀδελφοὶ,
1723 2396 1795 2423 κατά

1007 2442 1123 2477 πάροδον
1147 2442 1214 2477 πρὸς
1227 2442 1258 2468 τὸ
1279 2442 1458 2478 προκείμενον
1475 2441 1584 2477 ζήτημα
1597 2442 1777 2477 τεθεωρήσθω
1786 2461 1793 2472 ,

1006 2488 1054 2522 τῆς
1073 2487 1120 2513 τοῦ
1142 2487 1277 2521 Στεφάνου
1301 2487 1434 2519 ὀπτασίας
1456 2488 1506 2523 τὴν
1525 2487 1651 2523 τοιαύτην
1677 2487 1794 2523 θεωρίαν

1007 2533 1250 2567 ὲπεισενεγκούσης
1276 2532 1315 2568 τῷ
1337 2533 1417 2568 λόγῳ.
1446 2533 1552 2560 Γένοιτο
1578 2533 1606 2559 δὲ
1631 2533 1721 2568 ἡμᾶς,
1757 2533 1795 2568 μὴ

1006 2578 1104 2610 θεατὰς
1119 2578 1199 2614 μόνον
1213 2579 1338 2612 γενέσθαι
1350 2579 1399 2615 τῆς
1416 2579 1462 2606 τοῦ
1482 2579 1617 2613 Στεφάνου
1634 2579 1793 2613 ἀθλήσεως,

1007 2623 1075 2650 ἀλλά
1093 2624 1139 2649 καὶ
1162 2623 1291 2658 μετόχους
1315 2624 1364 2658 τῆς
1383 2624 1509 2659 χάριτος,
1531 2623 1724 2659 πληρωθέντας
1747 2622 1794 2649 τοῦ

1007 2670 1083 2704 ἁγίου
1104 2669 1271 2703 Πνεύματος,
1285 2670 1325 2700 είς
1339 2669 1497 2704 καθαίρεσιν
1513 2669 1568 2695 τῶν
1583 2669 1739 2701 ἀντιδίκων,
1755 2670 1796 2700 εἰς

1006 2715 1084 2747 δόξαν
1105 2714 1152 2742 τοῦ
1172 2715 1273 2749 Κυρίου
1294 2714 1373 2750 ἡμῶν
1402 2714 1487 2750 Ἰησοῦ
1514 2713 1643 2749 Χριστοῦ,
1660 2710 1683 2747 ᾧ
1700 2714 1717 2749 ἡ
1732 2713 1798 2745 δόξα

204 2805 228 2822 ’⁸
243 2789 424 2841 blattis'xxtt,
440 2806 474 2834 44
489 2813 565 2842 seqq.
605 2806 627 2822 ²⁹
642 2806 652 2833 l
670 2805 732 2834 Cor.
747 2814 804 2840 xtv,
820 2806 847 2834 ‘2.
886 2807 909 2823 ³⁰
927 2806 954 2834 Ρι

1015 2813 1069 2840 cu,
1087 2806 1112 2833 1.
1152 2805 1173 2822 ³⁸
1194 2804 1276 2833 Hebr.
1293 2813 1311 2839 ι,
1329 2805 1372 2832 15.
1411 2804 1432 2821 ³³
1447 2804 1509 2832 Act.
1525 2812 1571 2838 vn,
1588 2804 1633 2836 55,
