1912 3082
123 127 177 160 721
638 127 775 156 ALTERA
800 127 978 157 LAUDATIO
1000 129 1028 157 S.
1049 129 1230 158 STEPHANI.

120 190 168 218 καὶ
181 189 211 216 τὸ
224 188 325 225 κράτος
337 188 376 219 είς
387 187 450 220 τοὺς
465 186 566 219 αἰῶνας
581 186 635 214 τῶν
650 188 764 215 αἰώνων.
787 189 881 224 Ἀμήν.

964 189 1038 217 [isset
1049 210 1057 221 ,
1073 190 1161 218 obiter
1174 190 1348 218 considerata
1358 209 1366 223 ,
1379 189 1505 219 discussa
1522 194 1603 226 atque
1615 190 1749 226 explicata

121 237 166 264 sit.
182 235 328 270 Contingat
352 238 442 261 autem
459 233 555 266 nobis,
570 237 601 261 ut
625 241 680 261 non
698 235 787 262 solum
807 239 976 270 spectatores
1003 236 1134 272 Stephani
1165 236 1342 269 certaminis,
1362 237 1541 265 verumetiam
1571 236 1664 272 repleti
1687 235 1749 270 Spi—

121 284 176 310 ritu
190 286 286 309 sancto
300 279 394 315 gratia:
411 279 559 315 participes
574 279 671 312 simus,
686 279 719 307 ad
733 280 904 308 eversionem
925 281 1158 314 adversariorum,
1174 281 1208 309 ad
1228 281 1343 317 gloriam
1365 281 1470 309 Domini
1483 281 1569 309 nostri
1587 280 1652 308 Jesu
1669 280 1751 308 Chri'

119 327 154 353 sti
167 346 174 357 .
191 326 237 354 cui
250 325 356 361 gloria,
371 325 495 360 potentia
508 328 591 360 atque
605 325 749 360 imperium
767 325 794 352 in
809 326 910 354 saecula
929 327 1106 355 saeculorum.
1120 327 1218 355 Amen.

1698 130 1750 157 722

717 497 867 555 ΤΟΥ
911 497 1156 557 ΑΥΤΟΥ

767 593 903 621 ETEPON
923 594 1102 622 ΕΓΚΩΜΙΟΝ

200 674 286 717 ΕΙΣ
334 672 448 715 TON
490 667 658 715 ΑΓΙΟΝ
702 669 912 713 ΣΤΕΦΑΝ

964 669 997 712 Ν
1049 670 1162 713 TON

797 822 1070 868 EJUSDEM

764 915 939 945 LAUDATIO
969 916 1108 945 ALTERA

330 1003 390 1060 S.
434 1005 789 1064 STEPHANI
843 1006 1454 1064 PROTOMARTYBIS
1482 997 1547 1062 (ί).

600 1105 742 1137 Interprete
755 1109 782 1132 et
792 1107 925 1132 scholtaste
933 1107 1068 1133 Laurentio
1078 1108 1199 1139 Zacagmo
1207 1107 1238 1132 V.
1251 1107 1269 1132 (Ξ

1212 669 1671 716 ΠΡΩΤΟΜΑΡἸὙΡΑ.

161 1254 334 1289 Ἐπεδήμησε
347 1255 461 1290 Χριστὸς
477 1254 514 1290 τῷ
533 1255 626 1291 κόσμῳ
642 1256 681 1287 εις
698 1255 844 1291 σωτηρίαν,
859 1255 907 1282 καὶ

993 1255 1120 1284 Christus
1133 1255 1162 1282 in
1177 1255 1273 1283 mundi
1288 1256 1403 1284 salutem
1424 1255 1542 1289 advenit,
1565 1260 1590 1284 et
1613 1255 1685 1284 illico
1699 1255 1750 1282 Ec.

120 1300 182 1335 μετ’
197 1300 276 1327 αὐτὸν
295 1300 464 1336 ἐϐλάστησαν
486 1301 511 1327 οι
538 1301 639 1337 καρποὶ
659 1302 708 1338 τῆς
737 1301 908 1337 Ἐκκλησίας.

964 1303 1051 1330 clcsiaa
1069 1302 1175 1330 fructus
1197 1302 1367 1337 prodierunt.
1390 1301 1507 1330 Rcfulsit
1523 1302 1600 1330 testis
1616 1301 1748 1334 veritatis,

121 1346 264 1382 Ἐλαμψεν
280 1348 293 1374 ὁ
308 1347 411 1383 μάρτυς
433 1347 483 1382 τῆς
499 1347 637 1382 ἀληθείας,
666 1348 712 1374 καὶ
737 1347 911 1382 συνέλαμψαν

964 1348 1098 1383 simulque
1112 1355 1215 1382 magna:
1228 1347 1442 1382 dispensationis
1456 1351 1539 1375 testes
1552 1350 1747 1374 coruscarunt.

118 1393 144 1419 οἱ
162 1393 301 1427 μάρτυρες
312 1393 362 1427 τῆς
386 1392 506 1428 μεγάλης
523 1393 687 1428 οἰκονομίας.
711 1392 911 1427 Ἦκολούθησαν

118 1438 145 1464 ot
172 1437 295 1473 μαθηταὶ
318 1437 356 1472 τῷ
386 1438 552 1472 Διδασκάλῳ,
567 1438 623 1468 τοῖς
643 1438 790 1472 Κυριακοτς
811 1437 911 1472 ἴχνεσιν

119 1481 278 1514 ὁδεύοντες·
297 1482 365 1517 μετὰ
386 1482 502 1517 Χριστὸν
520 1483 543 1509 οξ
565 1482 765 1517 Χριστοφόροι·
785 1481 855 1517 μετὰ
866 1482 912 1508 τὸν

120 1527 196 1563 ἣλιον
212 1527 263 1562 τῆς
292 1527 463 1563 δικαιοσύνης
475 1528 499 1554 οι
522 1528 664 1563 φωστῆρες
676 1528 725 1563 τῆς
737 1527 910 1563 οἰκουμένης·

120 1573 169 1598 καὶ
196 1572 304 1607 πρῶτος
330 1572 379 1607 μὲν
393 1573 459 1608 ἡμῖν
477 1574 491 1599 ὁ
517 1572 650 1607 Στέφανος
670 1572 796 1607 ἤνθησεν,
812 1572 861 1598 οὐκ
880 1573 914 1599 ἐκ

120 1617 176 1644 τῶν
195 1618 347 1645 Ἰουδαϊκῶν
360 1617 485 1645 ἀκανθῶν
496 1618 618 1650 πλακεὶς,
630 1617 687 1644 ἀλλ’
702 1618 735 1644 ὲκ
748 1617 797 1652 τῆς
812 1617 912 1651 ἐκκλη-

121 1662 266 1697 σιαστικῆς
279 1662 405 1697 εὐθηνίας
423 1662 530 1697 πρῶτος
544 1662 650 1698 καρπὸς
664 1661 702 1696 τῷ
717 1661 812 1697 Κυρίῳ
827 1669 912 1697 προσ-

120 1707 253 1742 ενεχθείς.
274 1707 392 1734 Ἰουδαῖοι
405 1708 454 1742 μὲν
464 1708 518 1743 γὰρ
534 1707 663 1742 στέφανον
679 1706 708 1739 ἐξ
720 1706 844 1733 ἀκανθῶν
855 1705 915 1732 πλέ-

121 1753 230 1786 ξαντες,
252 1755 285 1789 τῇ
306 1754 410 1789 κεφαλῇ
436 1754 482 1781 τοῦ
511 1754 636 1789 Σωτῆρος
654 1753 802 1788 ἐπέθηκαν,
823 1753 915 1785 ἀξίους

120 1799 170 1834 τῆς
185 1800 273 1834 κακῆς
287 1799 423 1834 γεωργίας
448 1798 538 1825 αὐτῶν
553 1799 616 1830 τοὺς
637 1799 758 1834 καρποὺς
780 1798 916 1830 ἐπιδειξά-

121 1854 202 1880 μενοι
213 1845 252 1881 τῷ
271 1846 394 1883 Δεσπότῃ
412 1845 460 1873 τοῦ
478 1845 650 1881 ἀμπελῶνος,
665 1846 704 1877 ὡς
724 1845 769 1872 διὰ
788 1845 837 1881 τῆς
850 1853 916 1881 προ-

120 1891 239 1926 φητείας
254 1891 447 1926 προανεφώνει,
460 1891 547 1925 λέγων
556 1898 563 1906 ·
582 1891 732 1926 Ἄμπελὼν
740 1891 850 1925 Κυρίου
864 1892 915 1917 Σω-

963 1393 1054 1421 Secuti
1070 1396 1133 1420 sunt
1148 1392 1307 1428 Magistrum
1332 1393 1469 1427 discipuli,
1492 1392 1597 1420 Domini
1625 1392 1747 1427 vestigiis

962 1440 1140 1472 insistentes;
1153 1442 1215 1474 post
1229 1438 1380 1470 Christum,
1396 1438 1550 1466 Cliristiferi
1565 1447 1573 1472 ;
1588 1441 1650 1474 post
1663 1438 1748 1466 solem

960 1485 1084 1520 iustitiae,
1101 1488 1182 1511 terrae
1206 1484 1331 1511 lumina:
1356 1489 1384 1512 et
1402 1484 1508 1519 primus
1534 1483 1643 1519 quidem
1669 1483 1749 1511 nobis

963 1530 1128 1565 Stephanus,
1148 1538 1245 1557 corona
1262 1530 1375 1561 scilicet,
1387 1529 1489 1563 ﬂoruit,
1503 1537 1558 1558 non
1573 1537 1605 1557 ex
1629 1528 1749 1556 Judaicis

963 1576 1050 1611 spinis
1070 1579 1208 1607 contexta,
1233 1575 1282 1603 sed
1308 1576 1413 1611 primus
1436 1576 1567 1604 Ecclesia:
1599 1575 1749 1603 fertilitatis

964 1621 1069 1648 fructus
1085 1620 1140 1648 Deo
1160 1620 1281 1648 oblatus.
1300 1620 1405 1655 Quippe
1423 1619 1510 1648 Judari
1530 1620 1651 1655 spineam
1668 1626 1749 1646 coro-

964 1674 1028 1694 nam
1046 1666 1194 1694 Salvatoris
1219 1665 1302 1701 capiti
1323 1667 1522 1701 imposuerunt,
1547 1664 1619 1692 mala
1642 1671 1691 1692 sua
1708 1664 1751 1691 di-

965 1719 1033 1747 gnos
1045 1711 1212 1747 agricultura
1228 1711 1335 1739 fructus
1346 1712 1461 1739 Domino
1470 1711 1556 1739 vinea:
1568 1714 1749 1744 ostentantes,

964 1756 1192 1792 quemadmodum
1208 1764 1256 1791 per
1271 1756 1417 1791 prophetas
1432 1755 1498 1783 olim
1515 1756 1624 1783 locutus
1638 1760 1690 1789 est,
1706 1755 1749 1782 di-

964 1809 1029 1830 cens
1043 1811 1049 1829 :
1069 1802 1151 1829 Vinea
1165 1801 1272 1829 Domini
1289 1801 1418 1834 Sabaoth,
1440 1801 1534 1829 domus
1551 1801 1637 1829 Israel
1651 1805 1701 1834 est,
1725 1805 1750 1828 et

965 1847 1042 1874 homo
1063 1846 1148 1878 Iuda,
1164 1846 1266 1873 novella
1283 1846 1414 1880 plantatio
1428 1846 1536 1874 dilecta.
1550 1846 1706 1880 Exspectavi
1721 1850 1750 1872 ut

966 1893 1062 1927 faceret
1074 1901 1149 1925 uvas,
1166 1891 1227 1926 fecit
1248 1897 1334 1919 autem
1349 1893 1439 1927 spinas
1450 1893 1469 1919 ³.
1482 1893 1517 1919 At
1527 1891 1690 1927 evangelicae
1703 1898 1749 1918 ve-

119 1936 212 1970 σαὼθ,
221 1934 302 1970 οἶκος
311 1937 364 1964 τοῦ
380 1936 498 1978 ’ζσραήλ
508 1937 583 1968 ἐστι,
595 1936 642 1964 καὶ
654 1938 670 1964 ὁ
681 1937 835 1971 ἅνθρωπος
849 1936 912 1963 Ἰού-

965 1938 1054 1965 ritatis
1070 1937 1196 1971 operarii,
1210 1937 1327 1971 primum
1349 1937 1458 1971 pietatis
1473 1936 1614 1964 exordium
1632 1940 1660 1962 et
1678 1935 1751 1971 agri-

118 1980 168 2013 δα,
185 1981 336 2015 νεόφυτον
355 1982 560 2016 ἠγαπημένον.
579 1982 699 2016 Ἕμεινα
714 1982 767 2008 τοῦ
792 1981 916 2016 ποιῆσαι

118 2026 296 2061 σταφυλὴν,
310 2027 436 2061 ἐποίησε
449 2026 483 2053 δὲ
500 2025 643 2060 ἀκάνθας.
657 2027 687 2052 Οἱ
697 2027 726 2053 δὲ
740 2028 789 2061 τῆς
801 2027 917 2060 εὐαγγε-

118 2071 202 2106 λικῆς
218 2071 345 2106 ἀληθείας
358 2071 472 2107 ἐργάται
486 2071 593 2107 πρῶτον
606 2071 746 2107 προοίμιον
764 2071 913 2104 εὐσεϐείας,

119 2117 169 2144 καὶ
200 2117 312 2152 πρώτην
339 2117 467 2153 ἀπαρχὴν
491 2117 540 2152 τῆς
561 2117 706 2153 γεωργίας,
720 2117 853 2151 Στέφανον
869 2117 914 2143 τὸν

119 2162 202 2196 ἅγιον
234 2162 317 2198 ἄνδρα
336 2162 520 2198 προσφέρουσι
546 2162 584 2197 τῷ
603 2163 736 2199 Δεσπύτῃ,
756 2159 799 2190 οἷα
812 2163 843 2195 δή
853 2171 914 2189 τινα

120 2208 258 2242 στέφανον
280 2208 387 2243 ἀληθῶς
411 2209 443 2235 ὲκ
463 2208 567 2235 πολλῶν
593 2209 640 2235 καὶ
655 2208 790 2243 διαφόρων
810 2207 914 2243 ἀρετῶν

120 2254 358 2289 συνηρμοσμένον.
386 2253 497 2288 Πρῶτον
513 2254 561 2289 μὲν
580 2253 634 2288 γὰρ
649 2255 663 2280 ὁ
676 2253 826 2288 θαυμάσιος
839 2250 915 2285 οὗτος

119 2298 193 2334 ἀνὴρ
208 2298 258 2333 τὴν
274 2298 327 2325 τῶν
341 2298 432 2334 χηρῶν
453 2298 612 2334 ἐπιμέλειαν
631 2299 797 2331 ἐπιστεύετο,
817 2306 915 2334 μαρτυ-

158 2386 165 2401 ¹
179 2385 236 2414 Isa.
247 2393 273 2418 ν,
293 2383 318 2414 7.

158 2466 199 2500 (l)
215 2463 353 2496 Galland.,
375 2463 432 2500 νει.
450 2463 561 2500 Patrum
586 2463 723 2500 Biblioth,.
739 2469 804 2500 tom.
823 2463 868 2496 Vl,

119 2498 270 2528 595(Htec
288 2500 377 2526 oratio
395 2499 437 2526 bis
459 2498 554 2525 eadem
585 2506 668 2525 manu
694 2499 860 2526 describitur
884 2498 912 2526 in

120 2534 262 2562 Vaticano
274 2534 381 2565 codice,
394 2541 470 2561 num.
485 2532 549 2564 “6.
567 2533 649 2560 semel
663 2534 773 2567 quidem
796 2534 824 2561 in
838 2534 913 2560 calce

120 2570 250 2604 ejusdem
269 2569 384 2600 codicis,
400 2569 499 2595 iterum
516 2575 580 2604 vero
602 2568 674 2595 inter
693 2569 767 2604 alias
789 2568 913 2604 Gregorii

121 2604 410 2640 Nysseniorationes,
423 2603 608 2640 post_celebre
622 2603 744 2637 ejusdem
759 2603 913 2640 cn_co_ntiu_m

122 2637 218 2668 sa'ncti
240 2638 382 2672 Stephani,
402 2638 474 2672 typis
487 2637 543 2671 jam
556 2637 671 2667 editum.
687 2642 713 2664 et
730 2638 802 2671 quod
824 2638 851 2665 in
877 2637 915 2665 fc-

122 2679 167 2702 sto
183 2674 274 2701 saneti
293 2672 426 2707 Stephani
443 2672 553 2706 publice
569 2672 595 2698 in
611 2672 732 2707 Ecclesia
743 2672 835 2699 Graeca
849 2672 916 2707 reci-

121 2709 179 2736 tari
203 2712 322 2736 testatur
344 2706 474 2742 VTypicum
504 2708 655 2734 monasterii
678 2706 708 2733 S.
733 2707 820 2734 Sabw.
847 2706 916 2733 Hinc

122 2745 222 2778 itaque
237 2743 337 2770 factum
353 2741 395 2769 eet
411 2742 566 2778 ntf’Erspov
576 2741 764 2778 ἐγκώμιονεῐς
778 2743 824 2768 τὸν
837 2741 914 2778 ἅγιον

125 2776 266 2811 Στέφανον
287 2778 313 2804 ἰη
337 2784 370 2804 eo
389 2777 483 2811 codice
500 2777 676 2808 inscribatur,
702 2777 765 2803 licet
788 2776 914 2811 sequenti

124 2813 172 2841 die
187 2813 259 2841 festo
274 2812 397 2840 habitum
408 2819 422 2838 a
436 2810 559 2846 Nysseno
575 2811 659 2839 fuisse
676 2819 709 2839 cx
721 2811 782 2846 ejus
801 2810 915 2838 lectione

965 1983 1078 2010 cultura:
1102 1990 1157 2010 sum
1172 1982 1316 2016 primitias,
1332 1981 1499 2017 Stephanum
1515 1981 1605 2009 virum
1624 1984 1750 2009 sanctum

964 2027 1080 2054 Domino
1107 2026 1244 2058 oil‘erunt,
1279 2026 1364 2053 veluti
1393 2033 1524 2054 coronam
1545 2025 1692 2060 quamdam
1717 2032 1750 2052 ex

963 2073 1056 2100 multis
1071 2071 1243 2106 diversisque
1256 2071 1407 2099 virtutibus
1420 2078 1484 2099 vere
1504 2073 1674 2098 contextam.
1693 2069 1752 2096 Pri-

962 2126 1036 2145 mum
1054 2117 1188 2152 siquidem
1203 2116 1266 2144 huic
1279 2116 1433 2143 admirabili
1444 2117 1504 2143 viro
1516 2115 1663 2143 viduarum
1683 2121 1751 2141 cura

967 2162 1130 2190 demandata
1152 2164 1203 2193 est,
1230 2168 1292 2188 cum
1309 2160 1368 2195 ipse
1393 2164 1523 2195 tanquam
1544 2159 1633 2187 ﬁdelis
1647 2158 1700 2191 vir,
1719 2165 1751 2186 ac

967 2207 1068 2242 Spiritu
1082 2210 1178 2235 sancto
1191 2206 1298 2241 plenus,
1314 2209 1341 2232 et
1354 2206 1539 2240 apostolorum
1553 2204 1657 2239 judicio
1670 2207 1752 2238 atque

967 2253 1084 2285 delectu,
1101 2257 1127 2280 et
1144 2256 1239 2287 postea
1253 2251 1383 2286 spiritalis
1395 2251 1537 2286 sapientiae
1552 2250 1662 2283 virtute,
1676 2257 1752 2277 com-

968 2297 1098 2333 probatus
1115 2296 1221 2324 l‘uisset.
1236 2295 1267 2322 Et
1281 2301 1347 2322 sane
1357 2296 1426 2322 tanti
1441 2293 1526 2323 studii
1544 2299 1625 2329 atque
1638 2298 1752 2321 conatus

965 2464 1070 2500 liquido
1082 2468 1198 2500 constet,
1215 2465 1289 2500 quia,
1302 2471 1409 2500 nempe,
1424 2471 1439 2491 a
1453 2463 1490 2500 Si
1504 2462 1645 2500 Stephani
1663 2462 1751 2490 laudi-

966 2497 1019 2534 bus
1034 2499 1190 2534 incipiens,
1205 2497 1268 2526 mox
1288 2498 1322 2527 ad
1345 2497 1539 2534 celebrandum
1556 2498 1606 2534 SS.
1629 2497 1750 2534 Petrum.

966 2531 1111 2566 Iacobum,
1135 2537 1162 2561 et
1179 2533 1321 2565 Joannem,
1346 2533 1485 2566 apostolos
1505 2533 1650 2559 transitum
1674 2531 1749 2558 facit.

963 2568 1020 2603 Nos
1034 2565 1124 2595 autem
1139 2572 1283 2603 utramque
1299 2565 1430 2595 orationis
1444 2567 1699 2603 hujusgditionem,
1722 2565 1750 2603 in

964 2602 1099 2630 Vaticano
1123 2603 1219 2630 codice
1239 2599 1488 2637 repra-setitatam,
1508 2600 1706 2637 difﬁcilioribus
1724 2599 1752 2626 in

965 2638 1032 2665 locis
1047 2637 1249 2670 consuluimus,
1268 2634 1295 2664 ἐι
1308 2644 1341 2664 ex
1360 2643 1392 2663 ea
1408 2640 1541 2672 nostram
1555 2634 1750 2672 expressimus.

964 2672 1034 2699 locis
1050 2676 1151 2702 tamen.
1169 2672 1215 2699 ubi
1239 2667 1355 2705 utraque
1376 2671 1447 2697 inter
1463 2677 1494 2697 se
1516 2667 1662 2705 discrepat,
1680 2667 1751 2705 indi:

964 2707 1045 2734 catis.
1060 2701 1194 2733 Caeterum
1210 2707 1280 2733 hanc
1294 2701 1445 2741 orationem
1466 2701 1626 2741 genuinuqi_
1636 2701 1751 2741 Nysseni

967 2741 1052 2768 fetum
1065 2748 1136 2776 esse,
1152 2744 1210 2767 tum
1225 2741 1313 2776 stylus
1328 2740 1396 2776 ipse,
1412 2737 1481 2776 tum'
1504 2737 1630 2765 nonnulli
1644 2737 1751 2776 antiqui

968 2783 1058 2802 mores
1088 2775 1116 2802 in
1131 2771 1173 2803 'ea
1197 2771 1351 2805 memorati,
1386 2773 1453 2800 satis
1477 2779 1614 2808 superque
1641 2771 1754 2799 demon-

971 2813 1070 2838 strant.
