1912 3082
83 130 137 157 7Ξὸ

592 132 730 160 ALTERA
753 132 932 161 LAUDATIO
960 133 988 162 S.
1011 134 1193 165 STEPHANI.

1660 138 1714 167 726

83 190 114 216 τὸ
127 188 276 224 πρόϐατον*
301 189 360 217 ἀλλ’
380 188 414 226 ἦν
427 191 480 226 οὐχ
493 190 531 223 ὡς
542 191 636 224 ἁπλῶς
650 193 786 228 πρόϐατον
800 193 864 229 θηρι

930 195 1043 228 insiluit,
1062 203 1116 224 non
1131 200 1262 232 tanquam
1279 197 1393 225 omnino
1417 197 1478 226 ovis
1495 205 1510 226 a
1533 197 1598 234 lupo
1624 203 1714 234 rapta,

84 235 195 267 άλωτον,
209 235 277 262 ἀλλὰ
294 235 431 272 πρόϐατον
450 237 502 263 ὑπὸ
518 237 873 274 Χριστοῦποιμαινόμενον,

84 280 129 306 καὶ
139 280 207 316 πρὸς
217 281 282 312 τοὺς
295 281 395 314 λύκους
404 282 613 319 ἀγωνιζόμενον.
630 285 662 311 Oi
673 284 722 320 μὲν
731 285 785 320 γὰρ
799 285 878 312 ὲλύσ·

85 333 137 351 σων
165 325 211 351 καὶ
225 325 388 362 διεπρίοντο,
402 329 462 359 ταῖς
472 329 651 365 κατηγορίαις
666 330 713 356 καὶ
728 330 789 362 ταῖς
799 330 879 357 ἀπει-

83 370 142 402 λαῖς
160 371 190 397 τὺ
206 371 332 407 ποίμνιον
352 373 565 406 καταδάκνοντες
576 383 582 390 ι
599 375 614 401 6
627 374 655 401 δὲ
670 375 770 410 μᾶλλον
779 375 879 408 αὐτοὺς

84 417 138 447 τοῖς
151 416 272 452 ἐλέγχοις
282 417 490 453 διεσπάραττεν.
508 419 524 455 ἢ
538 421 598 451 ταῖς
610 420 735 453 ἀπειλαῖς
762 422 808 448 καὶ
817 423 878 454 ταῖς

84 463 269 498 κατηγορίαις,
279 463 318 496 ὡς
329 464 437 492 ἐκεῖνοι.
455 465 501 501 Μὴ
514 465 612 500 ψιλῶς,
630 466 692 502 μηδ’
710 467 879 499 ἐπιπολαίως

84 507 306 544 παραδράμωμεν
319 509 354 537 τὰ
371 510 516 546 λεγόμενα.
535 508 620 544 Οὗτος
633 511 688 547 γὰρ
698 512 766 548 πρὸς
780 513 878 540 τοσαὺ-

82 562 131 588 την
153 555 315 590 συναγωγὴν
332 557 569 592 πονηρευομένων,
586 557 634 585 καὶ
653 558 722 589 πρὸς
745 558 878 594 τοσαύτην

84 599 172 626 λύκων
185 600 279 635 ἔφοδον
292 602 362 628 κατὰ
381 603 432 637 τῆς
447 603 554 635 ἀδικίας
573 603 709 639 ἐθάρσησε
722 605 877 640 παρρησιά-

85 645 193 677 σασθαι,
210 646 257 673 καὶ
267 644 355 674 είπεῖν
370 648 439 683 μετὰ
454 649 503 684 τὴν
520 649 619 684 πολλὴν
631 650 738 686 ἐκείνην
750 649 879 677 διδασκα-

83 691 142 718 λίαν
150 698 158 706 ⁸
168 693 442 728 Σκληροτράχηλοι,
454 695 502 721 καὶ
519 695 711 730 ἀπερίτμητοι
723 695 760 730 τῇ
773 696 880 730 καρδίᾳ

83 736 133 763 καί
158 737 221 770 τοῖς
242 738 327 771 ὠσὶν,
349 740 435 773 ὑμεῖς
465 741 511 768 ἀεὶ
530 740 570 774 τῷ
582 731 735 776 ῘΙνεύματι
755 740 797 774 τῷ
807 741 880 776 ἁγίῳ

83 781 282 815 ἀντιπίπτετε,
301 783 398 816 καθὼς
411 785 438 811 οί
452 785 579 820 πατέρες
590 785 684 821 ὑμῶν,
695 785 743 813 καὶ
757 785 790 813 τὰ
804 785 878 821 ἑξῆς.

84 827 178 860 Οὕτως
194 829 209 855 ὁ
222 829 268 856 ἐπὶ
290 830 337 864 μὲν
350 830 402 865 τῆς
421 832 594 866 φαινόμενος,
618 831 653 859 τὰ
681 832 709 858 δὲ
727 833 756 858 ἐν
773 831 880 867 οὐρανῷ

83 874 341 910 κατοπτριζόμενος·
369 877 417 903 καὶ
442 877 586 912 ἀνθρώπου
615 877 665 913 μὲν
678 877 759 912 φύσιν
775 879 879 906 ὲνδεδυ-
892 901 913 913 ,,

85 919 173 954 μένος,
192 920 308 954 ἀγγέλου
324 921 352 948 δὲ
363 921 425 956 ϐψιν
452 923 499 948 καὶ
519 923 612 958 σχῆμα
626 924 879 960 μεταμορφωσάμε-

83 973 126 996 νος
150 965 209 1000 (καὶ
222 965 326 994 τούτων
346 966 422 994 οὐδὲν
439 967 554 1000 ἀπεικός
567 978 573 984 ·
589 968 694 1005 ἔπρεπε
706 969 761 1006 γὰρ
771 970 880 1006 ἀληθῶς

83 1011 112 1037 ὲν
137 1010 178 1045 τῷ
202 1011 420 1048 Πρωτομάρτυρι
446 1013 586 1049 δειχθῆναι
609 1014 664 1042 τῶν
690 1015 836 1051 μαρτύρων
849 1016 880 1042 τὸ

83 1055 203 1091 ἀξίωμα,
221 1057 268 1083 καὶ
282 1056 384 1091 ¹γνῶναι
399 1057 493 1085 λοιπὸν
512 1059 637 1091 ἅπαντας
657 1059 706 1095 τῆς
721 1060 818 1095 καινῆς
831 1061 880 1095 χά-

84 1110 157 1136 ριτος
187 1102 222 1129 τὰ
247 1102 346 1138 ἐργαλ·
364 1103 378 1130 6
402 1103 450 1130 τοῦ
478 1103 628 1140 μαρτυρίου
651 1104 732 1136 πόθος
751 1105 783 1132 οὐ
799 1105 880 1141 μόνον

83 1146 233 1182 ἀγγελικὴν
247 1147 325 1180 ἀξίαν
339 1148 492 1183 χαρίζεται,
505 1148 629 1175 ἀλλὰκαὶ
641 1148 763 1183 οὐρανῶν
777 1149 879 1183 ἀνοίγει

83 1193 187 1224 πύλας·
202 1194 293 1221 οὐκέτι
313 1194 421 1230 θανάτῳ
436 1195 486 1226 τὰς
497 1195 586 1230 ψυχὰς
603 1195 806 1231 παραπέμπων,
822 1197 879 1223 ἀλλ’

83 1239 122 1270 εις
142 1239 368 1275 χεῖρας’Χριστοῦ
379 1240 409 1267 τὺ
425 1240 535 1276 πνεῦμα
544 1241 769 1276 παρατιθέμενος.
791 1241 820 1268 '0
829 1241 879 1277 μὲν

83 1283 136 1318 γὰρ
154 1284 294 1319 Κυριακὸς
307 1284 451 1321 ἄνθρωπος
463 1285 510 1312 τοῦ
520 1287 646 1322 Σωτῆρος
661 1285 701 1322 τῷ
715 1286 804 1322 ἑαυτῷ
823 1288 879 1314 Πα-

83 1330 128 1365 τρὶ
142 1330 173 1357 ὲν
199 1331 239 1366 τῷ
261 1331 370 1367 σταυρῷ
389 1332 569 1368 προσεφώνει,
590 1332 694 1367 λέγων’
709 1332 815 1368 Πάτερ,
836 1334 880 1367 εις

85 1376 186 1411 χεῖράς
202 1385 260 1404 σου
281 1379 460 1413 παρατίθημι
476 1378 509 1405 τὸ
530 1378 648 1413 πνεῦμὰ
661 1387 721 1414 μου
733 1388 739 1394 ·
765 1380 779 1405 6
794 1379 822 1405 δὲ
832 1379 880 1406 τοῦ

83 1421 203 1456 Χριστοῦ
211 1421 304 1454 δοῦλος
313 1422 460 1457 Στέφανος,
471 1422 615 1454 ἀνατείνας
626 1423 666 1454 είς
676 1422 722 1449 τὸν
730 1422 879 1456 Δεσπάτην,

84 1468 182 1501 Κύριε,
197 1468 290 1502 φησὶν,
309 1467 416 1501 Ἰησοῦ,
425 1467 509 1500 δέεαι
527 1468 558 1494 τὸ
572 1467 690 1501 πνεῦμὰ
701 1475 760 1502 μου
770 1475 779 1483 ·
794 1466 881 1503 ταύτῃ

83 1513 115 1547 τῇ
129 1513 205 1547 φωνῇ
225 1512 274 1547 τὴν
287 1512 376 1548 ψυχὴν
389 1512 568 1547 ἀποθέμενος.
581 1511 708 1546 ’Ἄγγελοι
720 1512 766 1538 τὸν
776 1511 881 1538 ἑαυτῶν

928 241 976 268 sed
996 246 1125 276 tanquam
1141 242 1200 270 ovis
1218 250 1234 270 e
1248 241 1350 271 Christi
1366 250 1448 279 grege
1464 250 1526 270 cum
1547 244 1620 279 lupis
1634 244 1716 271 dimi-

928 294 1006 315 cans.
1023 287 1089 314 Nam
1102 287 1140 315 illi
1158 287 1284 315 furebant
1314 293 1396 323 atque
1418 287 1641 322 dissecabantur,
1668 296 1714 315 ac-

927 331 1102 359 cusationum
1119 336 1201 367 atque
1231 332 1369 359 minarum
1389 332 1525 361 morsibus
1541 340 1648 368 gregem
1671 332 1713 358 di-

928 377 1098 411 lacerantes;
1116 381 1144 404 at
1156 377 1200 404 hic
1216 377 1327 405 diverso
1349 384 1463 413 prorsus
1480 385 1555 406 more
1569 385 1617 405 eos
1632 385 1714 412 argn—

929 423 1145 452 mentationibus
1171 423 1264 459 potius
1279 424 1348 456 suis,
1364 431 1445 458 quam
1462 423 1544 451 minis
1558 427 1585 451 et
1598 430 1714 451 accusa—

929 469 1050 497 tionibus
1067 469 1249 504 discerpebat.
1270 470 1304 496 At
1316 477 1372 496 non
1388 469 1486 497 leviter
1497 474 1578 504 atque
1593 476 1715 496 summa-

929 516 989 548 tim,
1009 523 1069 551 quae
1093 516 1127 544 de
1153 515 1214 551 ipso
1233 519 1404 549 narrantur,
1432 521 1637 550 percurramus.
1666 513 1714 541 Hic

928 560 1000 587 enim
1019 560 1046 588 in
1065 563 1142 587 tanto
1159 560 1368 595 malignantium
1396 559 1514 587 concilio
1533 563 1560 585 et
1576 562 1616 586 tot
1635 558 1714 592 lupo-

929 613 989 632 rum
1006 606 1120 633 incursu
1136 605 1266 632 audacter
1281 605 1412 632 atlversus
1435 604 1602 639 impietatem
1626 603 1714 638 loqui.

928 655 956 677 et
969 655 1031 686 post
1045 651 1181 686 egregiam
1204 651 1278 678 illam
1299 650 1360 677 tidei
1385 650 1606 685 praedicationem
1624 649 1716 675 dicere

930 705 984 725 non
999 697 1107 724 timuit:
1125 697 1201 724 Dura
1216 697 1325 728 ceruice,
1335 701 1359 723 et
1376 695 1567 722 incircumcisis
1581 693 1715 723 cordibus,

929 748 954 771 et
978 743 1098 774 auribus,
1124 751 1167 770 vos
1189 749 1291 777 semper
1323 740 1435 776 Spiritui
1460 744 1553 767 sancto
1580 738 1715 769 resistitis,

929 791 997 818 sicut
1011 794 1099 824 patres
1123 789 1234 820 vestri",
1251 791 1279 815 et
1295 795 1357 823 quae
1383 789 1544 821 sequuntur.
1571 783 1635 812 Ηώς
1660 784 1714 813 ille.

930 836 976 871 qui
998 836 1025 863 in
1042 840 1115 862 terra
1133 834 1242 870 quidem
1260 841 1321 861 esse
1340 833 1496 865 videbatur,
1517 830 1640 858 coelestia
1652 837 1717 856 vero

930 881 1135 917 speculabatur,
1152 887 1206 907 non
1218 883 1300 908 exuta
1312 878 1433 905 hominis
1448 881 1558 907 natura.
1581 876 1609 902 in
1627 875 1716 909 angeli

931 927 1040 960 faciem,
1057 926 1232 962 speciemque
1246 924 1479 956 transformatus;
1498 922 1579 957 idque
1593 928 1646 948 non
1665 920 1717 947 im-

931 975 1029 1001 merito
1043 982 1050 1000 :
1066 972 1181 1000 decebat
1196 971 1281 1002 enim,
1301 974 1332 997 ut
1355 969 1383 996 in
1401 968 1618 1002 Protomartyre,
1645 972 1718 992 mar-

930 1024 1020 1055 tyrum
1034 1019 1153 1054 dignitas
1169 1025 1232 1045 vere
1254 1018 1409 1052 appareret,
1422 1020 1573 1048 omnesque
1589 1011 1718 1045 deinceps

931 1072 1007 1092 novae
1033 1064 1127 1099 gratia?
1149 1069 1233 1098 opera
1260 1062 1288 1088 in
1310 1068 1344 1088 eo
1368 1060 1570 1094 dignoscerent.
1591 1055 1717 1091 Martyrii

930 1111 1032 1146 quippe
1046 1108 1214 1137 desiderium
1231 1115 1285 1134 non
1300 1106 1451 1141 angelicam
1466 1103 1547 1132 modo
1559 1102 1717 1138 dignitatem

934 1156 1065 1191 impertit,
1085 1154 1134 1182 sed
1153 1158 1181 1181 ct
1196 1153 1328 1181 ctelorum
1346 1151 1433 1186 aperit
1453 1154 1566 1185 portas;
1583 1156 1638 1175 non
1661 1151 1718 1174 tra-

930 1202 999 1229 dens
1015 1202 1120 1228 animas
1139 1199 1231 1231 morti,
1247 1198 1294 1226 sed
1310 1197 1338 1224 in
1353 1196 1457 1224 Christi
1476 1203 1573 1223 manus
1593 1194 1718 1229 spiritum

931 1246 1138 1274 commendans.
1160 1245 1228 1272 Nam
1253 1243 1411 1271 Dominicus
1427 1241 1536 1278 quidem
1554 1241 1637 1267 homo
1659 1239 1718 1266 Sal-

931 1295 1010 1319 vator
1026 1295 1121 1319 noster
1137 1290 1171 1318 ad
1187 1290 1296 1317 Patrem
1319 1296 1400 1316 suum
1424 1287 1451 1314 in
1471 1294 1555 1314 cruce
1575 1284 1720 1314 clamabat.

931 1338 1024 1366 dicens
1039 1346 1045 1364 :
1064 1337 1095 1364 In
1110 1344 1205 1364 manus
1222 1339 1281 1362 tuas
1295 1333 1448 1362 conmendo
1463 1332 1586 1367 spiritum
1603 1329 1718 1358 meum“.

932 1383 1088 1419 Stephanus
1100 1389 1166 1410 vero
1183 1381 1287 1408 Christi
1315 1387 1413 1408 servus
1428 1378 1551 1406 extensis
1566 1376 1598 1404 ad
1627 1375 1719 1403 Domi-

931 1436 996 1456 num
1012 1428 1141 1455 manibus
1158 1427 1206 1459 ait,
1231 1425 1344 1453 Domine
1364 1424 1441 1456 Jesu,
1467 1423 1570 1457 suscipe
1594 1421 1718 1456 spiritum

932 1482 1018 1501 meum
1028 1475 1047 1500 '.
1065 1472 1097 1500 Et
1109 1473 1167 1499 huic
1177 1471 1258 1499 verba
1272 1470 1425 1506 proferens,
1440 1469 1558 1496 animam
1570 1467 1717 1496 exhalavit.

931 1520 1027 1554 Angeli
1042 1523 1131 1546 autem
1147 1518 1267 1545 caelestis
1287 1515 1366 1543 'chori
1392 1515 1498 1543 socium
1522 1516 1715 1548 susceperunt.

84 1558 218 1594 χορευτὴν
230 1557 433 1593 ἀπελάμϐανον,
448 1558 548 1593 μᾶλλον
559 1558 641 1585 αὑτὸν
657 1557 760 1584 ἄνωθεν
770 1557 865 1593 βάλλον

933 1565 1058 1600 pluribus
1075 1572 1090 1592 e
1107 1563 1177 1591 caelo
1192 1562 1319 1590 laudibus
1334 1561 1426 1596 ipsum
1442 1559 1625 1589 cumulantes,
1637 1564 1719 1593 quam

83 1612 128 1636 τες
152 1605 214 1635 ταῖς
244 1604 403 1639 εὐφημίαις.
416 1604 433 1639 ἢ
452 1604 481 1630 ὲν
498 1605 554 1635 τοῖς
573 1603 657 1635 λίθοις
671 1603 793 1630 κάτωθεν
816 1604 880 1630 Ἰου-

83 1648 161 1675 δαῖοι,
183 1648 254 1675 ’Λλλ“
267 1648 281 1674 6
296 1647 350 1684 μὲν
373 1647 508 1683 Στέφανος
530 1647 601 1675 οὕτω
615 1648 661 1675 τὸν
680 1649 763 1676 καλὸν
779 1650 879 1684 ἀγωνι-

85 1693 202 1728 σάμενος
216 1692 321 1726 ἀγῶνα,
336 1692 382 1720 τὸν
404 1693 433 1719 ὲν
449 1692 573 1728 οὐρανοῖς
591 1692 691 1729 κλῆρον
704 1694 822 1727 ἐδέξατο.
835 1695 881 1730 Τῷ

84 1738 215 1772 Στεφάνῳ
240 1737 270 1764 δὲ
288 1736 375 1773 τούτῳ
401 1737 502 1768 πάντες
522 1737 652 1774 ἐξαίφνης
666 1739 692 1765 oi.
713 1739 798 1774 τίμιοι
812 1739 880 1766 λίθοι

85 1783 307 1818 συνεπλάκησαν,
319 1784 343 1810 oi
358 1783 493 1811 θειότατοι
500 1783 554 1810 τῶν
561 1784 737 1820 Εὐαγγελίων
751 1785 879 1821 κήρυκες,

86 1829 144 1864 μεθ’
160 1829 209 1861 οὒς
223 1830 248 1856 ot
262 1830 410 1866 μάρτυρες,
437 1830 485 1857 καὶ
506 1831 563 1866 μετ’
579 1831 677 1862 αὐτοὺς
692 1831 774 1858 πάλιν
792 1832 816 1858 οἱ
829 1840 882 1859 σω-

83 1876 170 1912 τηρίῳ
202 1876 288 1912 ἀρετῇ
313 1875 516 1912 διαλάμψαντες
535 1886 542 1892 ·
560 1877 776 1913 προηγουμένως
799 1877 829 1905 δὲ
855 1878 880 1904 οἰ

83 1923 129 1949 ἐπὶ
143 1922 192 1949 τοῦ
202 1922 336 1958 παρόντος
350 1923 593 1959 μνημονευόμενοι,
612 1923 680 1950 πολὺ
694 1924 742 1951 καὶ
754 1924 880 1961 λαμπρὴν

83 1969 330 2005 ἀπαστράπτοντες
352 1969 382 1996 τὸ
396 1969 495 2001 κάλλος
519 1970 568 2005 τῆς
586 1969 738 2002 εὐσεϐείας,
761 1970 833 2005 λέγω
847 1970 880 2006 δὴ

83 2017 199 2052 Πέτρος,
218 2017 264 2044 καὶ
282 2016 421 2049 Ἰάκωϐος,
435 2017 483 2044 καὶ
503 2016 640 2052 Ἰωάννης,
651 2018 676 2044 οἰ
693 2018 741 2044 καὶ
753 2017 802 2052 τῆς
815 2017 881 2044 ἀποο

84 2063 213 2099 στολικῆς
232 2063 365 2098 ἁρμονίας
375 2063 494 2098 ἐξαρχοι,
510 2063 557 2090 καὶ
577 2063 626 2099 τῆς
650 2063 881 2098 ὲκκλησιαστικῆς

83 2108 207 2142 εὐδοξίας
225 2109 360 2144 στέφανοι.
384 2109 444 2136 Οὐκ
461 2108 613 2144 ἀφίσταμαι
627 2109 681 2145 γὰρ
697 2109 748 2144 τῆς
758 2109 805 2136 τοῦ
817 2109 881 2135 Στε-

83 2156 169 2190 φάνου
203 2155 406 2191 ’προσηγορίας⁴
435 2154 503 2182 ἀλλὰ
532 2155 662 2187 πολλάκις
688 2155 735 2182 καὶ
750 2154 880 2189 μυριάκις

83 2200 181 2236 λέγων,
194 2201 235 2228 ἔτι
251 2201 335 2236 διψῶν
358 2200 593 2236 ὲπαναλαμϐάνω’
609 2200 748 2235 Στεφάνου
768 2200 822 2235 γὰρ
838 2199 881 2226 κό-

932 1611 1033 1646 quibus
1049 1610 1074 1637 in
1088 1613 1162 1637 terra
1173 1616 1235 1636 eum
1247 1607 1332 1635 Judai
1348 1605 1486 1642 lapidibus
1500 1604 1653 1632 obruerint.
1666 1603 1719 1630 Sed

932 1656 1088 1692 Stephanus
1104 1655 1215 1690 quidem
1237 1654 1342 1682 bonum
1359 1652 1410 1679 hoc
1427 1655 1508 1686 pacto
1524 1653 1635 1677 certans
1657 1656 1720 1676 cer-

931 1705 1044 1732 tamen,
1069 1698 1193 1727 ctelestis
1217 1698 1311 1734 gloria:
1332 1703 1448 1724 consors
1476 1698 1520 1723 est
1536 1694 1634 1722 factus.
1651 1692 1721 1720 Huic

930 1750 1021 1773 autem
1039 1744 1190 1780 Stephano,
1216 1744 1269 1772 hoc
1288 1748 1342 1778 est,
1366 1752 1480 1776 corome,
1509 1739 1720 1778 illico‘pretiosi

931 1791 1034 1826 lapides
1049 1789 1209 1826 agglutinali
1223 1793 1298 1822 sunt,
1320 1789 1405 1817 divini
1424 1788 1549 1816 videlicet
1561 1787 1720 1822 Evangelia-

932 1844 991 1864 rum
1009 1843 1160 1872 praecones.
1183 1844 1253 1872 quos
1274 1835 1414 1864 subsecuti
1438 1837 1504 1863 sunt
1533 1838 1677 1869 martyres,
1694 1838 1721 1861 et

932 1891 1039 1917 rursus,
1056 1883 1102 1919 qui
1118 1882 1234 1910 salutari
1256 1882 1386 1916 deinceps
1404 1881 1507 1908 virtute
1518 1884 1720 1910 coruscarunt;

931 1936 986 1963 pne
1001 1929 1107 1956 ueteris
1125 1936 1190 1955 vero
1203 1927 1333 1955 omnibus
1349 1927 1383 1958 ii,
1408 1934 1525 1961 quorum
1547 1925 1574 1953 in
1594 1926 1720 1962 prmscuti

932 1973 1090 2001 memoriam
1125 1973 1245 2008 agimus.
1279 1973 1326 2008 qui
1364 1973 1444 2007 longe
1479 1972 1588 2006 lateque
1612 1971 1722 2006 pietatis

933 2017 1080 2053 splendore
1107 2017 1291 2048 effulserunt,
1316 2016 1427 2044 Petrum
1456 2017 1511 2050 aio,
1529 2015 1674 2046 Iacobum,
1695 2020 1721 2042 rt

930 2061 1064 2089 Joannem
1089 2062 1231 2097 apostolici
1254 2062 1359 2090 ordinis
1380 2061 1528 2096 principes,
1545 2065 1573 2089 et
1591 2061 1720 2088 ecclesia—

931 2109 1005 2137 stica:
1019 2108 1111 2142 gloria:
1122 2115 1240 2135 coronas
1257 2107 1307 2141 (7).
1322 2108 1430 2143 Nequeo
1446 2108 1518 2134 enim
1536 2108 1600 2135 mihi
1616 2112 1718 2142 tempe-

932 2161 1002 2184 rare,
1018 2154 1166 2188 quominus
1178 2153 1310 2188 Stephani
1321 2153 1359 2189 (8)
1380 2161 1479 2181 nomen
1504 2161 1633 2189 usurpem
1647 2173 1655 2185 ,
1671 2152 1720 2180 sed

933 2200 1059 2234 quamvis
1075 2199 1247 2234 frequentius
1261 2207 1294 2227 ac
1305 2199 1404 2227 millies
1412 2198 1543 2233 Stephani
1554 2199 1720 2226 mentionem

85 2256 129 2282 ρος
154 2247 207 2274 οὐκ
227 2246 286 2273 ἔστι
302 2247 358 2278 τοῖς
375 2246 405 2273 τὸ
428 2246 562 2282 μακάριον
575 2246 652 2277 τέλος
673 2245 727 2272 τῶν
744 2245 865 2279 stt-:2;de

935 2244 1057 2275 fecerim.
1075 2247 1195 2271 attamen
1213 2249 1324 2279 propter
1339 2243 1528 2271 inexhaustum
1545 2242 1627 2278 hujus
1645 2242 1720 2270 vocis

84 2293 284 2328 ἐκδεχομένοις.
301 2292 416 2323 Οὐκοῦν,
432 2293 457 2319 ει
483 2293 522 2319 δεῖ
544 2291 698 2327 φιλαλήθως
718 2292 815 2322 εἰπεῖν,
828 2291 883 2318 ἀπὸ

85 2338 222 2372 Στεφάνου
241 2338 321 2365 πάλιν
339 2338 478 2372 στεφάνοις
493 2337 660 2373 εὑωχοῠμεν,
674 2337 722 2364 καὶ
740 2336 884 2364 κοινωνοῦ-

84 2391 133 2418 μεν
145 2383 238 2410 αὐτῶν
256 2385 316 2415 ταῖς
345 2384 477 2419 μνήμαις,
502 2383 651 2419 ἐπειδήπερ
670 2382 815 2418 ἐλπίζομεν
827 2392 883 2410 κοι-

83 2430 187 2461 νωνεῖν,
205 2429 252 2456 καὶ
271 2429 373 2464 μένειν,
385 2430 432 2456 καὶ
449 2429 644 2464 συνδοξάσομεν
652 2428 691 2464 (6)
702 2438 709 2445 ·
721 2429 883 2465 βεϐαιούσης

120 2530 131 2546 ⁷
146 2531 209 2557 Act.
227 2530 331 2562 vn,5l.
370 2530 380 2545 ⁸
392 2528 460 2557 Luc.
476 2537 554 2562 mu,
568 2529 614 2557 46.
651 2530 662 2545 ⁵
680 2529 743 2557 Act.
760 2537 810 2560 vn,
828 2529 873 2556 59.

118 2629 160 2664 (ϐ)
174 2628 203 2655 In
219 2627 406 2664 alia_editione
428 2627 511 2664 huius
533 2627 668 2664 orationis
686 2635 750 2664 qua:
773 2628 800 2654 in
822 2635 877 2664 utro

90 2661 245 2696 eodemque
261 2661 394 2688 Vaticano
408 2662 512 2693 codice,
528 2669 603 2689 lllllll.
618 2662 671 2689 446
686 2662 810 2693 habetur.
830 2663 853 2689 le

86 2700 160 2733 gitur
176 2695 226 2723 καὶ
243 2697 332 2733 μένειν
342 2696 573 2733 ευνᾷοξάζεσοαιη
636 2732 643 2733 7
802 2695 806 2698 ’

121 2734 162 2767 (7)
183 2731 316 2767 NysSeliae
341 2731 469 2758 Ecclesiae
484 2736 510 2758 et
526 2732 747 2767 loliusrfnrtnsse
772 2732 878 2766 Cappa-

84 2766 183 2794 docum
211 2766 301 2801 gentis
321 2767 462 2797 instituto,
493 2774 545 2793 una
575 2766 723 2801 eademque
747 2767 790 2793 die
818 2771 877 2801 post

85 2805 114 2829 5.
131 2800 264 2835 Stephani
289 2801 501 2832 solemnitatem,
520 2800 706 2835 apostolorum
727 2801 809 2832 Petri,
829 2800 876 2826 Ja—

83 2839 158 2872 eobi,
169 2841 200 2866 et
215 2836 329 2864 Joannis
349 2837 660 2865 festum.cclebrabatur.
677 2836 877 2864 Meminitenim

931 2289 1103 2325 proferenda:
1114 2289 1281 2323 aviditatem,
1295 2289 1428 2324 Stephani
1443 2296 1542 2316 nomen
1557 2296 1654 2316 rursus
1673 2288 1720 2315 ad-

933 2336 985 2362 huc
1000 2339 1094 2371 repeto
1109 2344 1116 2369 ;
1131 2335 1270 2370 Stephano
1285 2335 1357 2363 enim
1371 2334 1614 2365 commemorando
1626 2334 1719 2362 satiari

932 2390 1105 2418 nequaquam
1120 2386 1248 2417 possunt,
1271 2381 1318 2417 qui
1343 2382 1466 2408 virorum
1488 2380 1627 2415 Stephano
1644 2380 1720 2408 simi-

933 2430 998 2456 lium
1015 2429 1122 2456 felicem
1138 2428 1242 2456 exitum
1263 2432 1432 2463 exspectant.
1452 2426 1536 2462 Igitur
1558 2427 1581 2454 si
1600 2434 1663 2454 vera
1681 2426 1720 2453 lo-

932 2628 1014 2662 lutjns
1032 2628 1118 2655 moris
1140 2635 1195 2655 non
1219 2626 1300 2662 modo
1325 2625 1418 2652 hocin
1435 2623 1719 2662 loco_Nynssen_us.no-

930 2657 1005 2694 ste'r;
1033 2663 1079 2690 sed
1098 2667 1125 2690 et
1152 2662 1230 2688 initio
1257 2661 1370 2688 alterius
1394 2658 1526 2686 orationis
1539 2657 1673 2684 funebris
1691 2657 1717 2683 in

933 2699 962 2725 Ι).
980 2697 1111 2725 Basilium
1128 2697 1250 2724 fratrem.

969 2766 1008 2800 (8)
1024 2765 1164 2801 Nyssenns
1179 2764 1281 2801 plurius
1297 2771 1344 2798 per
1356 2764 1427 2801 hagnc
1441 2762 1594 2801 ori-itionem
1609 2761 1636 2788 in
1651 2768 1718 2787 voce
1772 2767 1774 2769 ’

932 2797 1037 2831 Griecn,
1049 2797 1188 2834 ’στέφανος
1215 2797 1369 2832 Ιυιίίιίιιιιιυ
1384 2797 1551 2834 Stephanum
1566 2801 1717 2834 pretantur-

933 2830 1035 2871 Igrem,
1045 2839 1073 2863 et
1087 2830 1213 2862 coronam
1231 2840 1308 2868 irque
1320 2830 1468 2868 significat,
1482 2840 1533 2860 nos
1548 2835 1639 2859 autem
1658 2830 1718 2858 Ste-
