  <div class='ocr_page' id='page_1' title='image "/cluster/home/n/w/nwhite01/storage/ocr_20150623/46/njp.32101077772604/417.png"; bbox 0 0 1912 3082; ppageno 0'>
   <div class='ocr_carea' id='block_1_1' title="bbox 191 81 244 110">
    <p class='ocr_par' dir='ltr' id='par_1_1' title="bbox 191 81 244 110">
     <span class='ocr_line' id='line_1_1' title="bbox 191 81 244 110; baseline 0.038 -2"><span class='ocrx_word' id='word_1_1' title='bbox 191 81 244 110; x_wconf 63' lang='grc'><strong>751</strong></span> 
     </span>
    </p>
   </div>
   <div class='ocr_carea' id='block_1_2' title="bbox 831 86 1211 117">
    <p class='ocr_par' dir='ltr' id='par_1_2' title="bbox 831 86 1211 117">
     <span class='ocr_line' id='line_1_2' title="bbox 831 86 1211 117; baseline 0.003 -2"><span class='ocrx_word' id='word_1_2' title='bbox 831 87 860 115; x_wconf 89' lang='lat' dir='ltr'><strong>S.</strong></span> <span class='ocrx_word' id='word_1_3' title='bbox 883 86 1049 116; x_wconf 77' lang='lat' dir='ltr'><strong>GREGORII</strong></span> <span class='ocrx_word' id='word_1_4' title='bbox 1067 88 1211 117; x_wconf 71' lang='lat' dir='ltr'><strong>NYSSENI</strong></span> 
     </span>
    </p>
   </div>
   <div class='ocr_carea' id='block_1_3' title="bbox 1776 90 1837 118">
    <p class='ocr_par' dir='ltr' id='par_1_3' title="bbox 1776 90 1837 118">
     <span class='ocr_line' id='line_1_3' title="bbox 1776 90 1837 118; baseline 0.033 -2"><span class='ocrx_word' id='word_1_5' title='bbox 1776 90 1837 118; x_wconf 67' lang='lat'><strong>73!</strong></span> 
     </span>
    </p>
   </div>
   <div class='ocr_carea' id='block_1_4' title="bbox 192 141 977 182">
    <p class='ocr_par' dir='ltr' id='par_1_4' title="bbox 192 141 973 180">
     <span class='ocr_line' id='line_1_4' title="bbox 192 141 973 180; baseline 0.012 -16"><span class='ocrx_word' id='word_1_6' title='bbox 192 145 272 175; x_wconf 82' lang='lat' dir='ltr'><strong>atque</strong></span> <span class='ocrx_word' id='word_1_7' title='bbox 281 141 384 173; x_wconf 85' lang='lat' dir='ltr'><strong>itidem,</strong></span> <span class='ocrx_word' id='word_1_8' title='bbox 392 142 475 170; x_wconf 89' lang='lat' dir='ltr'><strong>totius</strong></span> <span class='ocrx_word' id='word_1_9' title='bbox 486 143 613 171; x_wconf 69' lang='lat' dir='ltr'><strong>Ecclesia:</strong></span> <span class='ocrx_word' id='word_1_10' title='bbox 621 149 700 179; x_wconf 87' lang='lat' dir='ltr'><strong>caput</strong></span> <span class='ocrx_word' id='word_1_11' title='bbox 709 145 740 170; x_wconf 84' lang='grc'><strong>¹⁷.</strong></span> <span class='ocrx_word' id='word_1_12' title='bbox 749 145 846 173; x_wconf 74' lang='lat' dir='ltr'><strong>Beatus</strong></span> <span class='ocrx_word' id='word_1_13' title='bbox 856 145 973 180; x_wconf 86' lang='lat' dir='ltr'><strong>denique</strong></span> 
     </span>
    </p>
   </div>
   <div class='ocr_carea' id='block_1_5' title="bbox 1036 141 1835 182">
    <p class='ocr_par' dir='ltr' id='par_1_5' title="bbox 1036 145 1835 182">
     <span class='ocr_line' id='line_1_5' title="bbox 1036 145 1835 182; baseline -0.001 -8"><span class='ocrx_word' id='word_1_14' title='bbox 1036 146 1141 182; x_wconf 76' lang='grc' dir='ltr'>τέρας...</span> <span class='ocrx_word' id='word_1_15' title='bbox 1153 145 1313 182; x_wconf 72' lang='grc' dir='ltr'><strong>κεκριμένος</strong></span> <span class='ocrx_word' id='word_1_16' title='bbox 1322 145 1388 180; x_wconf 83' lang='grc' dir='ltr'><strong>(Π),</strong></span> <span class='ocrx_word' id='word_1_17' title='bbox 1404 145 1442 181; x_wconf 82' lang='grc' dir='ltr'><strong>τῷ</strong></span> <span class='ocrx_word' id='word_1_18' title='bbox 1449 145 1521 182; x_wconf 82' lang='grc' dir='ltr'>χορῷ</span> <span class='ocrx_word' id='word_1_19' title='bbox 1532 145 1586 173; x_wconf 85' lang='grc' dir='ltr'><strong>τῶν</strong></span> <span class='ocrx_word' id='word_1_20' title='bbox 1598 145 1753 182; x_wconf 86' lang='grc' dir='ltr'>μαρτύρων</span> <span class='ocrx_word' id='word_1_21' title='bbox 1766 155 1835 173; x_wconf 83' lang='grc' dir='ltr'>συν-</span> 
     </span>
    </p>
   </div>
   <div class='ocr_carea' id='block_1_6' title="bbox 192 185 976 224">
    <p class='ocr_par' dir='ltr' id='par_1_6' title="bbox 192 185 976 224">
     <span class='ocr_line' id='line_1_6' title="bbox 192 185 976 224; baseline 0.006 -12"><span class='ocrx_word' id='word_1_22' title='bbox 192 185 310 213; x_wconf 76' lang='lat' dir='ltr'><strong>Joannes</strong></span> <span class='ocrx_word' id='word_1_23' title='bbox 327 188 410 214; x_wconf 81' lang='lat' dir='ltr'><strong>multa</strong></span> <span class='ocrx_word' id='word_1_24' title='bbox 431 193 513 223; x_wconf 89' lang='lat' dir='ltr'><strong>atque</strong></span> <span class='ocrx_word' id='word_1_25' title='bbox 529 190 635 217; x_wconf 86' lang='lat' dir='ltr'><strong>diversa</strong></span> <span class='ocrx_word' id='word_1_26' title='bbox 658 199 703 224; x_wconf 81' lang='lat' dir='ltr'><strong>per</strong></span> <span class='ocrx_word' id='word_1_27' title='bbox 718 195 802 217; x_wconf 86' lang='lat' dir='ltr'><strong>totam</strong></span> <span class='ocrx_word' id='word_1_28' title='bbox 818 191 902 218; x_wconf 90' lang='lat' dir='ltr'><strong>vitam</strong></span> <span class='ocrx_word' id='word_1_29' title='bbox 917 198 976 218; x_wconf 84' lang='lat' dir='ltr'><strong>cer-</strong></span> 
     </span>
    </p>
   </div>
   <div class='ocr_carea' id='block_1_7' title="bbox 193 233 977 271">
    <p class='ocr_par' dir='ltr' id='par_1_7' title="bbox 193 233 977 271">
     <span class='ocr_line' id='line_1_7' title="bbox 193 233 977 271; baseline 0.009 -15"><span class='ocrx_word' id='word_1_30' title='bbox 193 235 253 258; x_wconf 79' lang='lat' dir='ltr'><strong>tans</strong></span> <span class='ocrx_word' id='word_1_31' title='bbox 285 233 454 265; x_wconf 86' lang='lat' dir='ltr'><strong>certamina,</strong></span> <span class='ocrx_word' id='word_1_32' title='bbox 484 239 510 261; x_wconf 89' lang='lat' dir='ltr'><strong>et</strong></span> <span class='ocrx_word' id='word_1_33' title='bbox 542 235 568 261; x_wconf 87' lang='lat' dir='ltr'><strong>in</strong></span> <span class='ocrx_word' id='word_1_34' title='bbox 593 236 720 263; x_wconf 85' lang='lat' dir='ltr'><strong>munibus</strong></span> <span class='ocrx_word' id='word_1_35' title='bbox 748 236 854 271; x_wconf 88' lang='lat' dir='ltr'><strong>pietatis</strong></span> <span class='ocrx_word' id='word_1_36' title='bbox 879 235 977 264; x_wconf 92' lang='lat' dir='ltr'><strong>ofﬁciis</strong></span> 
     </span>
    </p>
   </div>
   <div class='ocr_carea' id='block_1_8' title="bbox 193 276 972 315">
    <p class='ocr_par' dir='ltr' id='par_1_8' title="bbox 193 276 972 315">
     <span class='ocr_line' id='line_1_8' title="bbox 193 276 972 315; baseline 0.009 -13"><span class='ocrx_word' id='word_1_37' title='bbox 193 276 325 309; x_wconf 86' lang='lat' dir='ltr'><strong>emicans,</strong></span> <span class='ocrx_word' id='word_1_38' title='bbox 343 278 457 306; x_wconf 87' lang='lat' dir='ltr'><strong>ferventi</strong></span> <span class='ocrx_word' id='word_1_39' title='bbox 489 281 597 315; x_wconf 82' lang='lat' dir='ltr'><strong>quidem</strong></span> <span class='ocrx_word' id='word_1_40' title='bbox 623 282 649 308; x_wconf 94' lang='lat' dir='ltr'><strong>in</strong></span> <span class='ocrx_word' id='word_1_41' title='bbox 667 289 735 315; x_wconf 86' lang='lat' dir='ltr'><strong>aqua</strong></span> <span class='ocrx_word' id='word_1_42' title='bbox 753 282 825 309; x_wconf 90' lang='lat' dir='ltr'><strong>hunc</strong></span> <span class='ocrx_word' id='word_1_43' title='bbox 846 282 972 309; x_wconf 70' lang='lat' dir='ltr'><strong>ﬁnem...</strong></span> 
     </span>
    </p>
   </div>
   <div class='ocr_carea' id='block_1_9' title="bbox 192 321 975 364">
    <p class='ocr_par' dir='ltr' id='par_1_9' title="bbox 192 321 975 364">
     <span class='ocr_line' id='line_1_9' title="bbox 192 321 975 364; baseline 0.01 -17"><span class='ocrx_word' id='word_1_44' title='bbox 192 321 341 355; x_wconf 82' lang='lat' dir='ltr'><strong>judicatus,</strong></span> <span class='ocrx_word' id='word_1_45' title='bbox 357 324 384 351; x_wconf 93' lang='lat' dir='ltr'><strong>in</strong></span> <span class='ocrx_word' id='word_1_46' title='bbox 403 330 552 361; x_wconf 73' lang='lat' dir='ltr'><strong>martyrum</strong></span> <span class='ocrx_word' id='word_1_47' title='bbox 569 327 660 355; x_wconf 89' lang='lat' dir='ltr'><strong>choris</strong></span> <span class='ocrx_word' id='word_1_48' title='bbox 676 332 872 356; x_wconf 82' lang='lat' dir='ltr'><strong>annumeratur</strong></span> <span class='ocrx_word' id='word_1_49' title='bbox 886 329 975 364; x_wconf 89' lang='lat' dir='ltr'><strong>(apud</strong></span> 
     </span>
    </p>
   </div>
   <div class='ocr_carea' id='block_1_10' title="bbox 194 369 977 408">
    <p class='ocr_par' dir='ltr' id='par_1_10' title="bbox 194 369 977 408">
     <span class='ocr_line' id='line_1_10' title="bbox 194 369 977 408; baseline 0.011 -16"><span class='ocrx_word' id='word_1_50' title='bbox 194 374 287 401; x_wconf 61' lang='lat' dir='ltr'><strong>a&#39;quos</strong></span> <span class='ocrx_word' id='word_1_51' title='bbox 304 369 375 396; x_wconf 84' lang='lat' dir='ltr'><strong>enim</strong></span> <span class='ocrx_word' id='word_1_52' title='bbox 392 378 482 397; x_wconf 90' lang='lat' dir='ltr'><strong>rerum</strong></span> <span class='ocrx_word' id='word_1_53' title='bbox 505 372 685 400; x_wconf 71' lang='lat' dir='ltr'><strong>aestimatores</strong></span> <span class='ocrx_word' id='word_1_54' title='bbox 702 381 756 400; x_wconf 89' lang='lat' dir='ltr'><strong>non</strong></span> <span class='ocrx_word' id='word_1_55' title='bbox 781 381 812 400; x_wconf 83' lang='lat' dir='ltr'><strong>ex</strong></span> <span class='ocrx_word' id='word_1_56' title='bbox 842 373 977 408; x_wconf 81' lang='lat' dir='ltr'><strong>passionis</strong></span> 
     </span>
    </p>
   </div>
   <div class='ocr_carea' id='block_1_11' title="bbox 193 414 978 453">
    <p class='ocr_par' dir='ltr' id='par_1_11' title="bbox 193 414 978 453">
     <span class='ocr_line' id='line_1_11' title="bbox 193 414 978 453; baseline 0.01 -16"><span class='ocrx_word' id='word_1_57' title='bbox 193 417 301 444; x_wconf 85' lang='lat' dir='ltr'><strong>eventu,</strong></span> <span class='ocrx_word' id='word_1_58' title='bbox 317 414 363 441; x_wconf 86' lang='lat' dir='ltr'><strong>sed</strong></span> <span class='ocrx_word' id='word_1_59' title='bbox 381 422 414 442; x_wconf 80' lang='lat' dir='ltr'><strong>ex</strong></span> <span class='ocrx_word' id='word_1_60' title='bbox 431 416 566 443; x_wconf 86' lang='lat' dir='ltr'><strong>desiderio</strong></span> <span class='ocrx_word' id='word_1_61' title='bbox 587 418 670 444; x_wconf 80' lang='lat' dir='ltr'><strong>libere</strong></span> <span class='ocrx_word' id='word_1_62' title='bbox 689 419 815 453; x_wconf 78' lang='lat' dir='ltr'><strong>eligentis</strong></span> <span class='ocrx_word' id='word_1_63' title='bbox 831 419 978 445; x_wconf 79' lang='lat' dir='ltr'><strong>voluntatis</strong></span> 
     </span>
    </p>
   </div>
   <div class='ocr_carea' id='block_1_12' title="bbox 194 457 977 499">
    <p class='ocr_par' dir='ltr' id='par_1_12' title="bbox 194 457 977 499">
     <span class='ocr_line' id='line_1_12' title="bbox 194 457 977 499; baseline 0.01 -17"><span class='ocrx_word' id='word_1_64' title='bbox 194 457 227 483; x_wconf 88' lang='lat' dir='ltr'><strong>de</strong></span> <span class='ocrx_word' id='word_1_65' title='bbox 247 460 375 493; x_wconf 79' lang='lat' dir='ltr'><strong>martyrio</strong></span> <span class='ocrx_word' id='word_1_66' title='bbox 403 461 618 497; x_wconf 76' lang='lat' dir='ltr'><strong>existimatur);</strong></span> <span class='ocrx_word' id='word_1_67' title='bbox 644 468 670 490; x_wconf 87' lang='lat' dir='ltr'><strong>et</strong></span> <span class='ocrx_word' id='word_1_68' title='bbox 688 464 796 498; x_wconf 86' lang='lat' dir='ltr'><strong>quidem</strong></span> <span class='ocrx_word' id='word_1_69' title='bbox 822 464 977 499; x_wconf 70' lang='lat' dir='ltr'><strong>huiusmodi</strong></span> 
     </span>
    </p>
   </div>
   <div class='ocr_carea' id='block_1_13' title="bbox 194 502 977 544">
    <p class='ocr_par' dir='ltr' id='par_1_13' title="bbox 194 502 977 544">
     <span class='ocr_line' id='line_1_13' title="bbox 194 502 977 544; baseline 0.01 -16"><span class='ocrx_word' id='word_1_70' title='bbox 194 502 245 529; x_wconf 83' lang='lat' dir='ltr'><strong>fuit</strong></span> <span class='ocrx_word' id='word_1_71' title='bbox 270 504 378 531; x_wconf 88' lang='lat' dir='ltr'><strong>illurttm</strong></span> <span class='ocrx_word' id='word_1_72' title='bbox 402 507 498 534; x_wconf 89' lang='lat' dir='ltr'><strong>mortis</strong></span> <span class='ocrx_word' id='word_1_73' title='bbox 514 516 610 543; x_wconf 83' lang='lat' dir='ltr'><strong>genus,</strong></span> <span class='ocrx_word' id='word_1_74' title='bbox 633 509 678 543; x_wconf 88' lang='lat' dir='ltr'><strong>qui</strong></span> <span class='ocrx_word' id='word_1_75' title='bbox 697 517 744 543; x_wconf 89' lang='lat' dir='ltr'><strong>per</strong></span> <span class='ocrx_word' id='word_1_76' title='bbox 768 514 881 536; x_wconf 86' lang='lat' dir='ltr'><strong>mortem</strong></span> <span class='ocrx_word' id='word_1_77' title='bbox 906 509 977 544; x_wconf 89' lang='lat' dir='ltr'><strong>apud</strong></span> 
     </span>
    </p>
   </div>
   <div class='ocr_carea' id='block_1_14' title="bbox 196 547 979 586">
    <p class='ocr_par' dir='ltr' id='par_1_14' title="bbox 196 547 979 586">
     <span class='ocr_line' id='line_1_14' title="bbox 196 547 979 586; baseline 0.009 -13"><span class='ocrx_word' id='word_1_78' title='bbox 196 547 331 576; x_wconf 76' lang='lat' dir='ltr'><strong>Ecclesias</strong></span> <span class='ocrx_word' id='word_1_79' title='bbox 347 559 452 586; x_wconf 85' lang='lat' dir='ltr'><strong>quoque</strong></span> <span class='ocrx_word' id='word_1_80' title='bbox 470 553 648 581; x_wconf 81' lang='lat' dir='ltr'><strong>immortalem</strong></span> <span class='ocrx_word' id='word_1_81' title='bbox 663 554 703 581; x_wconf 88' lang='lat' dir='ltr'><strong>sui</strong></span> <span class='ocrx_word' id='word_1_82' title='bbox 733 554 891 581; x_wconf 83' lang='lat' dir='ltr'><strong>memoriam</strong></span> <span class='ocrx_word' id='word_1_83' title='bbox 919 553 979 580; x_wconf 86' lang='lat' dir='ltr'><strong>reli-</strong></span> 
     </span>
    </p>
   </div>
   <div class='ocr_carea' id='block_1_15' title="bbox 194 594 980 632">
    <p class='ocr_par' dir='ltr' id='par_1_15' title="bbox 194 594 980 632">
     <span class='ocr_line' id='line_1_15' title="bbox 194 594 980 632; baseline 0.01 -14"><span class='ocrx_word' id='word_1_84' title='bbox 194 598 321 625; x_wconf 88' lang='lat' dir='ltr'><strong>querunt.</strong></span> <span class='ocrx_word' id='word_1_85' title='bbox 339 594 481 624; x_wconf 77' lang='lat' dir='ltr'><strong>Enimvero</strong></span> <span class='ocrx_word' id='word_1_86' title='bbox 493 599 610 626; x_wconf 77' lang='lat' dir='ltr'><strong>maxime</strong></span> <span class='ocrx_word' id='word_1_87' title='bbox 627 599 739 625; x_wconf 87' lang='lat' dir='ltr'><strong>decebat</strong></span> <span class='ocrx_word' id='word_1_88' title='bbox 760 606 814 625; x_wconf 93' lang='lat' dir='ltr'><strong>uno</strong></span> <span class='ocrx_word' id='word_1_89' title='bbox 829 598 980 632; x_wconf 81' lang='lat' dir='ltr'><strong>eodemque</strong></span> 
     </span>
    </p>
   </div>
   <div class='ocr_carea' id='block_1_16' title="bbox 195 642 978 675">
    <p class='ocr_par' dir='ltr' id='par_1_16' title="bbox 195 642 978 675">
     <span class='ocr_line' id='line_1_16' title="bbox 195 642 978 675; baseline 0.006 -10"><span class='ocrx_word' id='word_1_90' title='bbox 195 643 318 673; x_wconf 60' lang='lat' dir='ltr'><strong>tempore</strong></span> <span class='ocrx_word' id='word_1_91' title='bbox 343 642 457 669; x_wconf 84' lang='lat' dir='ltr'><strong>istorum</strong></span> <span class='ocrx_word' id='word_1_92' title='bbox 490 644 612 671; x_wconf 90' lang='lat' dir='ltr'><strong>virorum</strong></span> <span class='ocrx_word' id='word_1_93' title='bbox 644 644 802 671; x_wconf 80' lang='lat' dir='ltr'><strong>memoriam</strong></span> <span class='ocrx_word' id='word_1_94' title='bbox 829 644 978 675; x_wconf 81' lang='lat' dir='ltr'><strong>celebrari,</strong></span> 
     </span>
    </p>
   </div>
   <div class='ocr_carea' id='block_1_17' title="bbox 195 687 980 724">
    <p class='ocr_par' dir='ltr' id='par_1_17' title="bbox 195 687 980 724">
     <span class='ocr_line' id='line_1_17' title="bbox 195 687 980 724; baseline 0.01 -16"><span class='ocrx_word' id='word_1_95' title='bbox 195 691 249 710; x_wconf 88' lang='lat' dir='ltr'><strong>non</strong></span> <span class='ocrx_word' id='word_1_96' title='bbox 265 691 297 711; x_wconf 82' lang='lat' dir='ltr'><strong>ea</strong></span> <span class='ocrx_word' id='word_1_97' title='bbox 311 689 415 712; x_wconf 90' lang='lat' dir='ltr'><strong>tantum</strong></span> <span class='ocrx_word' id='word_1_98' title='bbox 430 687 463 714; x_wconf 92' lang='lat' dir='ltr'><strong>de</strong></span> <span class='ocrx_word' id='word_1_99' title='bbox 481 695 574 720; x_wconf 77' lang='lat' dir='ltr'><strong>causa,</strong></span> <span class='ocrx_word' id='word_1_100' title='bbox 585 688 656 723; x_wconf 91' lang='lat' dir='ltr'><strong>quod</strong></span> <span class='ocrx_word' id='word_1_101' title='bbox 675 690 700 715; x_wconf 92' lang='lat' dir='ltr'><strong>in</strong></span> <span class='ocrx_word' id='word_1_102' title='bbox 715 689 865 724; x_wconf 85' lang='lat' dir='ltr'><strong>proﬁtenda</strong></span> <span class='ocrx_word' id='word_1_103' title='bbox 880 689 980 724; x_wconf 87' lang='lat' dir='ltr'><strong>pietate</strong></span> 
     </span>
    </p>
   </div>
   <div class='ocr_carea' id='block_1_18' title="bbox 195 734 979 765">
    <p class='ocr_par' dir='ltr' id='par_1_18' title="bbox 195 734 979 765">
     <span class='ocr_line' id='line_1_18' title="bbox 195 734 979 765; baseline 0.008 -11"><span class='ocrx_word' id='word_1_104' title='bbox 195 737 247 755; x_wconf 88' lang='lat' dir='ltr'><strong>una</strong></span> <span class='ocrx_word' id='word_1_105' title='bbox 265 735 290 756; x_wconf 86' lang='lat' dir='ltr'><strong>et</strong></span> <span class='ocrx_word' id='word_1_106' title='bbox 307 736 406 763; x_wconf 81' lang='lat' dir='ltr'><strong>mente,</strong></span> <span class='ocrx_word' id='word_1_107' title='bbox 431 738 457 760; x_wconf 88' lang='lat' dir='ltr'><strong>et</strong></span> <span class='ocrx_word' id='word_1_108' title='bbox 476 741 542 761; x_wconf 87' lang='lat' dir='ltr'><strong>voce</strong></span> <span class='ocrx_word' id='word_1_109' title='bbox 560 734 760 765; x_wconf 79' lang='lat' dir='ltr'><strong>consenserint,</strong></span> <span class='ocrx_word' id='word_1_110' title='bbox 783 742 877 761; x_wconf 87' lang='lat' dir='ltr'><strong>verum</strong></span> <span class='ocrx_word' id='word_1_111' title='bbox 897 734 979 762; x_wconf 88' lang='lat' dir='ltr'><strong>etiam</strong></span> 
     </span>
    </p>
   </div>
   <div class='ocr_carea' id='block_1_19' title="bbox 1028 190 1836 227">
    <p class='ocr_par' dir='ltr' id='par_1_19' title="bbox 1028 190 1836 227">
     <span class='ocr_line' id='line_1_19' title="bbox 1028 190 1836 227; baseline -0.001 -9"><span class='ocrx_word' id='word_1_112' title='bbox 1028 192 1178 227; x_wconf 85' lang='grc' dir='ltr'>ηρίθμηται</span> <span class='ocrx_word' id='word_1_113' title='bbox 1187 200 1194 207; x_wconf 91' lang='grc'><strong>·</strong></span> <span class='ocrx_word' id='word_1_114' title='bbox 1212 193 1221 224; x_wconf 92' lang='grc'><strong>(</strong></span> <span class='ocrx_word' id='word_1_115' title='bbox 1233 190 1290 227; x_wconf 84' lang='lat' dir='ltr'><strong>[l8]</strong></span> <span class='ocrx_word' id='word_1_116' title='bbox 1304 190 1379 226; x_wconf 80' lang='grc' dir='ltr'>παρὰ</span> <span class='ocrx_word' id='word_1_117' title='bbox 1388 191 1442 226; x_wconf 76' lang='grc' dir='ltr'><strong>γὰρ</strong></span> <span class='ocrx_word' id='word_1_118' title='bbox 1455 190 1619 224; x_wconf 75' lang='grc' dir='ltr'><strong>δικάζουσιν,</strong></span> <span class='ocrx_word' id='word_1_119' title='bbox 1637 192 1690 218; x_wconf 80' lang='grc' dir='ltr'>οὐκ</span> <span class='ocrx_word' id='word_1_120' title='bbox 1706 191 1767 218; x_wconf 70' lang='grc' dir='ltr'>ἀπὸ</span> <span class='ocrx_word' id='word_1_121' title='bbox 1780 191 1836 226; x_wconf 76' lang='grc' dir='ltr'>τῆς</span> 
     </span>
    </p>
   </div>
   <div class='ocr_carea' id='block_1_20' title="bbox 1029 235 1835 272">
    <p class='ocr_par' dir='ltr' id='par_1_20' title="bbox 1029 235 1835 272">
     <span class='ocr_line' id='line_1_20' title="bbox 1029 235 1835 272; baseline -0.001 -10"><span class='ocrx_word' id='word_1_122' title='bbox 1029 236 1166 268; x_wconf 72' lang='grc' dir='ltr'>ἐκϐάσεως</span> <span class='ocrx_word' id='word_1_123' title='bbox 1181 235 1237 271; x_wconf 84' lang='grc'><strong>(19)</strong></span> <span class='ocrx_word' id='word_1_124' title='bbox 1253 235 1300 262; x_wconf 83' lang='grc' dir='ltr'><strong>τοῦ</strong></span> <span class='ocrx_word' id='word_1_125' title='bbox 1320 235 1433 267; x_wconf 80' lang='grc' dir='ltr'>πάθους,</span> <span class='ocrx_word' id='word_1_126' title='bbox 1450 235 1518 262; x_wconf 86' lang='grc' dir='ltr'><strong>ἀλλά</strong></span> <span class='ocrx_word' id='word_1_127' title='bbox 1534 236 1598 272; x_wconf 80' lang='grc' dir='ltr'>παρ’</span> <span class='ocrx_word' id='word_1_128' title='bbox 1617 236 1758 271; x_wconf 75' lang='grc' dir='ltr'>αἱρέσεως</span> <span class='ocrx_word' id='word_1_129' title='bbox 1782 235 1835 262; x_wconf 79' lang='grc' dir='ltr'><strong>τοῦ</strong></span> 
     </span>
    </p>
   </div>
   <div class='ocr_carea' id='block_1_21' title="bbox 1029 281 1836 317">
    <p class='ocr_par' dir='ltr' id='par_1_21' title="bbox 1029 281 1836 317">
     <span class='ocr_line' id='line_1_21' title="bbox 1029 281 1836 317; baseline -0.001 -8"><span class='ocrx_word' id='word_1_130' title='bbox 1029 282 1112 309; x_wconf 83' lang='grc' dir='ltr'>πόθου</span> <span class='ocrx_word' id='word_1_131' title='bbox 1131 282 1252 317; x_wconf 82' lang='grc' dir='ltr'><strong>κρίνεται</strong></span> <span class='ocrx_word' id='word_1_132' title='bbox 1267 281 1297 308; x_wconf 85' lang='grc' dir='ltr'>τδ</span> <span class='ocrx_word' id='word_1_133' title='bbox 1313 281 1482 317; x_wconf 67' lang='grc' dir='ltr'>μαρτύρια-1)·</span> <span class='ocrx_word' id='word_1_134' title='bbox 1505 281 1574 307; x_wconf 76' lang='grc' dir='ltr'>Ἀλλ’</span> <span class='ocrx_word' id='word_1_135' title='bbox 1590 282 1604 308; x_wconf 86' lang='grc' dir='ltr'><strong>ό</strong></span> <span class='ocrx_word' id='word_1_136' title='bbox 1621 282 1672 317; x_wconf 74' lang='grc' dir='ltr'>μὲν</span> <span class='ocrx_word' id='word_1_137' title='bbox 1683 281 1733 308; x_wconf 88' lang='grc' dir='ltr'>τοῦ</span> <span class='ocrx_word' id='word_1_138' title='bbox 1748 281 1836 308; x_wconf 80' lang='grc' dir='ltr'>θανά-</span> 
     </span>
    </p>
   </div>
   <div class='ocr_carea' id='block_1_22' title="bbox 1029 324 1834 363">
    <p class='ocr_par' dir='ltr' id='par_1_22' title="bbox 1029 324 1834 363">
     <span class='ocr_line' id='line_1_22' title="bbox 1029 324 1834 363; baseline -0.001 -9"><span class='ocrx_word' id='word_1_139' title='bbox 1029 336 1076 354; x_wconf 82' lang='grc' dir='ltr'><strong>του</strong></span> <span class='ocrx_word' id='word_1_140' title='bbox 1089 327 1188 363; x_wconf 74' lang='grc' dir='ltr'>τρόπος</span> <span class='ocrx_word' id='word_1_141' title='bbox 1197 325 1316 357; x_wconf 82' lang='grc' dir='ltr'>τοιοῦτος</span> <span class='ocrx_word' id='word_1_142' title='bbox 1322 324 1366 361; x_wconf 75' lang='grc' dir='ltr'>ἦν,</span> <span class='ocrx_word' id='word_1_143' title='bbox 1374 327 1431 357; x_wconf 84' lang='grc' dir='ltr'>τοῖς</span> <span class='ocrx_word' id='word_1_144' title='bbox 1442 326 1485 353; x_wconf 76' lang='grc' dir='ltr'><strong>διὰ</strong></span> <span class='ocrx_word' id='word_1_145' title='bbox 1496 326 1611 353; x_wconf 82' lang='grc' dir='ltr'>θανάτου</span> <span class='ocrx_word' id='word_1_146' title='bbox 1627 326 1678 362; x_wconf 78' lang='grc' dir='ltr'><strong>τὴν</strong></span> <span class='ocrx_word' id='word_1_147' title='bbox 1686 326 1834 353; x_wconf 68' lang='grc' dir='ltr'>ἀθάνατον</span> 
     </span>
    </p>
   </div>
   <div class='ocr_carea' id='block_1_23' title="bbox 1031 369 1831 406">
    <p class='ocr_par' dir='ltr' id='par_1_23' title="bbox 1031 369 1831 406">
     <span class='ocr_line' id='line_1_23' title="bbox 1031 369 1831 406; baseline -0.001 -8"><span class='ocrx_word' id='word_1_148' title='bbox 1031 371 1140 406; x_wconf 82' lang='grc' dir='ltr'><strong>μνήμην</strong></span> <span class='ocrx_word' id='word_1_149' title='bbox 1154 371 1201 397; x_wconf 79' lang='grc' dir='ltr'>καὶ</span> <span class='ocrx_word' id='word_1_150' title='bbox 1212 371 1271 401; x_wconf 87' lang='grc' dir='ltr'>ταῖς</span> <span class='ocrx_word' id='word_1_151' title='bbox 1287 369 1461 404; x_wconf 79' lang='grc' dir='ltr'>Ἐκκλησίαις</span> <span class='ocrx_word' id='word_1_152' title='bbox 1473 370 1678 406; x_wconf 74' lang='grc' dir='ltr'><strong>χαρισαμένοις.</strong></span> <span class='ocrx_word' id='word_1_153' title='bbox 1695 371 1831 406; x_wconf 74' lang='grc' dir='ltr'>Ἕττρεπε</span> 
     </span>
    </p>
   </div>
   <div class='ocr_carea' id='block_1_24' title="bbox 1029 414 1830 451">
    <p class='ocr_par' dir='ltr' id='par_1_24' title="bbox 1029 414 1830 451">
     <span class='ocr_line' id='line_1_24' title="bbox 1029 414 1830 451; baseline 0 -9"><span class='ocrx_word' id='word_1_154' title='bbox 1029 415 1056 442; x_wconf 75' lang='grc' dir='ltr'><strong>δὲ</strong></span> <span class='ocrx_word' id='word_1_155' title='bbox 1070 416 1108 447; x_wconf 84' lang='grc' dir='ltr'>ὡς</span> <span class='ocrx_word' id='word_1_156' title='bbox 1121 414 1228 450; x_wconf 84' lang='grc' dir='ltr'>ἀληθῶς</span> <span class='ocrx_word' id='word_1_157' title='bbox 1242 415 1288 441; x_wconf 69' lang='grc' dir='ltr'><strong>ἐπὶ</strong></span> <span class='ocrx_word' id='word_1_158' title='bbox 1302 415 1332 441; x_wconf 85' lang='grc' dir='ltr'><strong>τὺ</strong></span> <span class='ocrx_word' id='word_1_159' title='bbox 1348 415 1414 442; x_wconf 71' lang='grc' dir='ltr'>αὐτὸ</span> <span class='ocrx_word' id='word_1_160' title='bbox 1426 415 1481 442; x_wconf 85' lang='grc' dir='ltr'><strong>τῶν</strong></span> <span class='ocrx_word' id='word_1_161' title='bbox 1492 415 1700 451; x_wconf 71' lang='grc' dir='ltr'>προειρημένων</span> <span class='ocrx_word' id='word_1_162' title='bbox 1713 416 1830 451; x_wconf 79' lang='grc' dir='ltr'>ἀνδρῶν</span> 
     </span>
    </p>
   </div>
   <div class='ocr_carea' id='block_1_25' title="bbox 1029 459 1831 496">
    <p class='ocr_par' dir='ltr' id='par_1_25' title="bbox 1029 459 1831 496">
     <span class='ocr_line' id='line_1_25' title="bbox 1029 459 1831 496; baseline 0.002 -11"><span class='ocrx_word' id='word_1_163' title='bbox 1029 460 1078 491; x_wconf 74' lang='grc' dir='ltr'><strong>τὰς</strong></span> <span class='ocrx_word' id='word_1_164' title='bbox 1093 460 1202 495; x_wconf 78' lang='grc' dir='ltr'>μνήμας</span> <span class='ocrx_word' id='word_1_165' title='bbox 1218 459 1408 491; x_wconf 81' lang='grc' dir='ltr'>ιπιτελεῖσθαι,</span> <span class='ocrx_word' id='word_1_166' title='bbox 1419 460 1450 486; x_wconf 79' lang='grc' dir='ltr'>οὐ</span> <span class='ocrx_word' id='word_1_167' title='bbox 1465 459 1544 495; x_wconf 87' lang='grc' dir='ltr'>μόνον</span> <span class='ocrx_word' id='word_1_168' title='bbox 1558 460 1603 487; x_wconf 73' lang='grc' dir='ltr'><strong>διὰ</strong></span> <span class='ocrx_word' id='word_1_169' title='bbox 1620 460 1653 486; x_wconf 76' lang='grc' dir='ltr'><strong>τὸ</strong></span> <span class='ocrx_word' id='word_1_170' title='bbox 1673 460 1831 496; x_wconf 75' lang='grc' dir='ltr'>σύμφωνον</span> 
     </span>
    </p>
   </div>
   <div class='ocr_carea' id='block_1_26' title="bbox 1028 503 1828 540">
    <p class='ocr_par' dir='ltr' id='par_1_26' title="bbox 1028 503 1828 540">
     <span class='ocr_line' id='line_1_26' title="bbox 1028 503 1828 540; baseline 0.001 -10"><span class='ocrx_word' id='word_1_171' title='bbox 1028 505 1078 539; x_wconf 83' lang='grc' dir='ltr'>τῆς</span> <span class='ocrx_word' id='word_1_172' title='bbox 1104 503 1253 536; x_wconf 80' lang='grc' dir='ltr'>εὐσεϐείας,</span> <span class='ocrx_word' id='word_1_173' title='bbox 1268 503 1336 530; x_wconf 89' lang='grc' dir='ltr'><strong>ἀλλά</strong></span> <span class='ocrx_word' id='word_1_174' title='bbox 1350 504 1397 530; x_wconf 72' lang='grc' dir='ltr'>καὶ</span> <span class='ocrx_word' id='word_1_175' title='bbox 1414 503 1458 531; x_wconf 79' lang='grc' dir='ltr'>διὰ</span> <span class='ocrx_word' id='word_1_176' title='bbox 1471 504 1502 531; x_wconf 79' lang='grc' dir='ltr'><strong>τὸ</strong></span> <span class='ocrx_word' id='word_1_177' title='bbox 1518 504 1648 540; x_wconf 79' lang='grc' dir='ltr'><strong>ὁμότιμον</strong></span> <span class='ocrx_word' id='word_1_178' title='bbox 1660 504 1711 539; x_wconf 84' lang='grc' dir='ltr'>τῆς</span> <span class='ocrx_word' id='word_1_179' title='bbox 1733 503 1828 536; x_wconf 75' lang='grc' dir='ltr'>ἀξίας.</span> 
     </span>
    </p>
   </div>
   <div class='ocr_carea' id='block_1_27' title="bbox 1030 547 1828 586">
    <p class='ocr_par' dir='ltr' id='par_1_27' title="bbox 1030 547 1828 586">
     <span class='ocr_line' id='line_1_27' title="bbox 1030 547 1828 586; baseline 0 -9"><span class='ocrx_word' id='word_1_180' title='bbox 1030 547 1109 577; x_wconf 77' lang='grc' dir='ltr'>Οὗτοι</span> <span class='ocrx_word' id='word_1_181' title='bbox 1122 550 1176 586; x_wconf 84' lang='grc' dir='ltr'><strong>γὰρ</strong></span> <span class='ocrx_word' id='word_1_182' title='bbox 1197 550 1271 586; x_wconf 85' lang='grc' dir='ltr'>μόνοι</span> <span class='ocrx_word' id='word_1_183' title='bbox 1286 550 1326 585; x_wconf 82' lang='grc' dir='ltr'>τῷ</span> <span class='ocrx_word' id='word_1_184' title='bbox 1344 550 1439 585; x_wconf 76' lang='grc' dir='ltr'>Κυρίῳ</span> <span class='ocrx_word' id='word_1_185' title='bbox 1462 550 1577 577; x_wconf 74' lang='grc' dir='ltr'>πάντοτε</span> <span class='ocrx_word' id='word_1_186' title='bbox 1597 548 1828 585; x_wconf 74' lang='grc' dir='ltr'>συσχολάζοντες,</span> 
     </span>
    </p>
   </div>
   <div class='ocr_carea' id='block_1_28' title="bbox 1030 594 1831 631">
    <p class='ocr_par' dir='ltr' id='par_1_28' title="bbox 1030 594 1831 631">
     <span class='ocr_line' id='line_1_28' title="bbox 1030 594 1831 631; baseline -0.002 -9"><span class='ocrx_word' id='word_1_187' title='bbox 1030 596 1077 622; x_wconf 79' lang='grc' dir='ltr'>καὶ</span> <span class='ocrx_word' id='word_1_188' title='bbox 1091 595 1226 631; x_wconf 73' lang='grc' dir='ltr'>ἰεαίρετον</span> <span class='ocrx_word' id='word_1_189' title='bbox 1238 595 1333 631; x_wconf 83' lang='grc' dir='ltr'>ὥσπερ</span> <span class='ocrx_word' id='word_1_190' title='bbox 1345 595 1420 631; x_wconf 85' lang='grc' dir='ltr'><strong>παρά</strong></span> <span class='ocrx_word' id='word_1_191' title='bbox 1437 596 1500 628; x_wconf 80' lang='grc' dir='ltr'>τοὺς</span> <span class='ocrx_word' id='word_1_192' title='bbox 1513 596 1623 628; x_wconf 82' lang='grc' dir='ltr'>λοιποὺς</span> <span class='ocrx_word' id='word_1_193' title='bbox 1635 594 1690 621; x_wconf 83' lang='grc' dir='ltr'><strong>τῶν</strong></span> <span class='ocrx_word' id='word_1_194' title='bbox 1705 594 1831 621; x_wconf 76' lang='grc' dir='ltr'>ἀποστό-</span> 
     </span>
    </p>
   </div>
   <div class='ocr_carea' id='block_1_29' title="bbox 1030 640 1829 677">
    <p class='ocr_par' dir='ltr' id='par_1_29' title="bbox 1030 640 1829 677">
     <span class='ocr_line' id='line_1_29' title="bbox 1030 640 1829 677; baseline -0.003 -9"><span class='ocrx_word' id='word_1_195' title='bbox 1030 642 1083 669; x_wconf 89' lang='grc' dir='ltr'><strong>λων</strong></span> <span class='ocrx_word' id='word_1_196' title='bbox 1096 641 1188 677; x_wconf 83' lang='grc' dir='ltr'>χώραν</span> <span class='ocrx_word' id='word_1_197' title='bbox 1204 641 1321 677; x_wconf 74' lang='grc' dir='ltr'>ἔχοντες,</span> <span class='ocrx_word' id='word_1_198' title='bbox 1341 642 1388 669; x_wconf 77' lang='grc' dir='ltr'>καὶ</span> <span class='ocrx_word' id='word_1_199' title='bbox 1401 642 1567 677; x_wconf 76' lang='grc' dir='ltr'>παρρησίαν,</span> <span class='ocrx_word' id='word_1_200' title='bbox 1579 641 1610 668; x_wconf 80' lang='grc' dir='ltr'><strong>ού</strong></span> <span class='ocrx_word' id='word_1_201' title='bbox 1626 641 1698 668; x_wconf 78' lang='grc' dir='ltr'><strong>κατά</strong></span> <span class='ocrx_word' id='word_1_202' title='bbox 1707 640 1763 675; x_wconf 74' lang='grc' dir='ltr'>τὴν</span> <span class='ocrx_word' id='word_1_203' title='bbox 1775 641 1829 674; x_wconf 75' lang='grc' dir='ltr'>τῆς</span> 
     </span>
    </p>
   </div>
   <div class='ocr_carea' id='block_1_30' title="bbox 1030 685 1831 724">
    <p class='ocr_par' dir='ltr' id='par_1_30' title="bbox 1030 685 1831 724">
     <span class='ocr_line' id='line_1_30' title="bbox 1030 685 1831 724; baseline -0.004 -10"><span class='ocrx_word' id='word_1_204' title='bbox 1030 687 1203 724; x_wconf 77' lang='grc' dir='ltr'>ἀνθρωπίνης</span> <span class='ocrx_word' id='word_1_205' title='bbox 1217 687 1307 721; x_wconf 77' lang='grc' dir='ltr'>φιλίας</span> <span class='ocrx_word' id='word_1_206' title='bbox 1321 687 1483 723; x_wconf 76' lang='grc' dir='ltr'>πρόσληψιν,</span> <span class='ocrx_word' id='word_1_207' title='bbox 1495 687 1562 714; x_wconf 87' lang='grc' dir='ltr'><strong>ἀλλά</strong></span> <span class='ocrx_word' id='word_1_208' title='bbox 1572 687 1644 714; x_wconf 84' lang='grc' dir='ltr'>κατὰ</span> <span class='ocrx_word' id='word_1_209' title='bbox 1652 686 1752 721; x_wconf 78' lang='grc' dir='ltr'>θεῖχὴν</span> <span class='ocrx_word' id='word_1_210' title='bbox 1762 685 1831 720; x_wconf 73' lang='grc' dir='ltr'>ἀλη·</span> 
     </span>
    </p>
   </div>
   <div class='ocr_carea' id='block_1_31' title="bbox 1031 733 1270 769">
    <p class='ocr_par' dir='ltr' id='par_1_31' title="bbox 1031 733 1270 769">
     <span class='ocr_line' id='line_1_31' title="bbox 1031 733 1270 769; baseline 0.004 -9"><span class='ocrx_word' id='word_1_211' title='bbox 1031 734 1106 766; x_wconf 87' lang='grc' dir='ltr'>θείας</span> <span class='ocrx_word' id='word_1_212' title='bbox 1123 733 1270 769; x_wconf 69' lang='grc' dir='ltr'>ἑπίκρισιν.</span> 
     </span>
    </p>
   </div>
   <div class='ocr_carea' id='block_1_32' title="bbox 194 777 1829 816">
    <p class='ocr_par' dir='ltr' id='par_1_32' title="bbox 194 777 1829 816">
     <span class='ocr_line' id='line_1_32' title="bbox 194 777 1829 816; baseline 0.001 -13"><span class='ocrx_word' id='word_1_213' title='bbox 194 777 265 810; x_wconf 86' lang='lat' dir='ltr'><strong>quod</strong></span> <span class='ocrx_word' id='word_1_214' title='bbox 278 780 376 812; x_wconf 62' lang='lat' dir='ltr'><strong>aequali</strong></span> <span class='ocrx_word' id='word_1_215' title='bbox 390 780 415 807; x_wconf 92' lang='lat' dir='ltr'><strong>in</strong></span> <span class='ocrx_word' id='word_1_216' title='bbox 435 781 536 808; x_wconf 85' lang='lat' dir='ltr'><strong>honore</strong></span> <span class='ocrx_word' id='word_1_217' title='bbox 552 789 566 807; x_wconf 92' lang='lat' dir='ltr'><strong>a</strong></span> <span class='ocrx_word' id='word_1_218' title='bbox 581 781 693 808; x_wconf 81' lang='lat' dir='ltr'><strong>Christo</strong></span> <span class='ocrx_word' id='word_1_219' title='bbox 710 782 793 808; x_wconf 88' lang='lat' dir='ltr'><strong>habiti</strong></span> <span class='ocrx_word' id='word_1_220' title='bbox 815 782 924 809; x_wconf 85' lang='lat' dir='ltr'><strong>fuerint.</strong></span> <span class='ocrx_word' id='word_1_221' title='bbox 967 781 997 809; x_wconf 89' lang='lat' dir='ltr'><strong>lli</strong></span> <span class='ocrx_word' id='word_1_222' title='bbox 1018 782 1118 809; x_wconf 82' lang='lat' dir='ltr'><strong>ctenim</strong></span> <span class='ocrx_word' id='word_1_223' title='bbox 1134 781 1185 809; x_wconf 90' lang='lat' dir='ltr'><strong>soli</strong></span> <span class='ocrx_word' id='word_1_224' title='bbox 1203 789 1265 809; x_wconf 89' lang='lat' dir='ltr'><strong>cttm</strong></span> <span class='ocrx_word' id='word_1_225' title='bbox 1291 781 1401 809; x_wconf 84' lang='lat' dir='ltr'><strong>Christo</strong></span> <span class='ocrx_word' id='word_1_226' title='bbox 1432 780 1534 816; x_wconf 86' lang='lat' dir='ltr'><strong>ubique</strong></span> <span class='ocrx_word' id='word_1_227' title='bbox 1553 780 1654 808; x_wconf 78' lang='lat' dir='ltr'><strong>versati</strong></span> <span class='ocrx_word' id='word_1_228' title='bbox 1679 783 1758 811; x_wconf 78' lang='lat' dir='ltr'><strong>sunt.</strong></span> <span class='ocrx_word' id='word_1_229' title='bbox 1794 784 1829 804; x_wconf 78' lang='lat' dir='ltr'><strong>ac</strong></span> 
     </span>
    </p>
   </div>
   <div class='ocr_carea' id='block_1_33' title="bbox 195 825 1827 862">
    <p class='ocr_par' dir='ltr' id='par_1_33' title="bbox 195 825 1827 862">
     <span class='ocr_line' id='line_1_33' title="bbox 195 825 1827 862; baseline 0.002 -13"><span class='ocrx_word' id='word_1_230' title='bbox 195 827 322 856; x_wconf 59' lang='lat' dir='ltr'><strong>praterea</strong></span> <span class='ocrx_word' id='word_1_231' title='bbox 340 830 395 852; x_wconf 92' lang='lat' dir='ltr'><strong>tum</strong></span> <span class='ocrx_word' id='word_1_232' title='bbox 424 827 520 861; x_wconf 77' lang='lat' dir='ltr'><strong>agendi</strong></span> <span class='ocrx_word' id='word_1_233' title='bbox 545 828 726 862; x_wconf 84' lang='lat' dir='ltr'><strong>loquendique</strong></span> <span class='ocrx_word' id='word_1_234' title='bbox 744 828 906 860; x_wconf 78' lang='lat' dir='ltr'><strong>libertatem,</strong></span> <span class='ocrx_word' id='word_1_235' title='bbox 922 833 979 855; x_wconf 84' lang='lat' dir='ltr'><strong>tum</strong></span> <span class='ocrx_word' id='word_1_236' title='bbox 998 827 1204 855; x_wconf 86' lang='lat' dir='ltr'><strong>eminentiorem</strong></span> <span class='ocrx_word' id='word_1_237' title='bbox 1226 826 1429 862; x_wconf 86' lang='lat' dir='ltr'><strong>quodammodo</strong></span> <span class='ocrx_word' id='word_1_238' title='bbox 1451 833 1507 861; x_wconf 69' lang='lat' dir='ltr'><strong>pra</strong></span> <span class='ocrx_word' id='word_1_239' title='bbox 1545 826 1652 853; x_wconf 77' lang='lat' dir='ltr'><strong>caeteris</strong></span> <span class='ocrx_word' id='word_1_240' title='bbox 1686 825 1827 861; x_wconf 82' lang='lat' dir='ltr'><strong>apostolis</strong></span> 
     </span>
    </p>
   </div>
   <div class='ocr_carea' id='block_1_34' title="bbox 193 871 1628 910">
    <p class='ocr_par' dir='ltr' id='par_1_34' title="bbox 193 871 1628 910">
     <span class='ocr_line' id='line_1_34' title="bbox 193 871 1628 910; baseline 0.003 -15"><span class='ocrx_word' id='word_1_241' title='bbox 193 871 283 897; x_wconf 81' lang='lat' dir='ltr'><strong>locum</strong></span> <span class='ocrx_word' id='word_1_242' title='bbox 307 872 459 903; x_wconf 81' lang='lat' dir='ltr'><strong>obtinuere.</strong></span> <span class='ocrx_word' id='word_1_243' title='bbox 483 882 537 901; x_wconf 93' lang='lat' dir='ltr'><strong>non</strong></span> <span class='ocrx_word' id='word_1_244' title='bbox 555 875 678 902; x_wconf 70' lang='lat' dir='ltr'><strong>humanae</strong></span> <span class='ocrx_word' id='word_1_245' title='bbox 700 875 825 901; x_wconf 74' lang='lat' dir='ltr'><strong>amicitia:</strong></span> <span class='ocrx_word' id='word_1_246' title='bbox 851 875 966 908; x_wconf 86' lang='lat' dir='ltr'><strong>ratione,</strong></span> <span class='ocrx_word' id='word_1_247' title='bbox 987 875 1034 902; x_wconf 85' lang='lat' dir='ltr'><strong>sed</strong></span> <span class='ocrx_word' id='word_1_248' title='bbox 1057 874 1150 902; x_wconf 84' lang='lat' dir='ltr'><strong>divino</strong></span> <span class='ocrx_word' id='word_1_249' title='bbox 1163 874 1268 910; x_wconf 90' lang='lat' dir='ltr'><strong>judicio</strong></span> <span class='ocrx_word' id='word_1_250' title='bbox 1282 875 1315 901; x_wconf 83' lang='lat' dir='ltr'><strong>ad</strong></span> <span class='ocrx_word' id='word_1_251' title='bbox 1328 874 1354 901; x_wconf 90' lang='lat' dir='ltr'><strong>id</strong></span> <span class='ocrx_word' id='word_1_252' title='bbox 1372 873 1513 909; x_wconf 71' lang='lat' dir='ltr'><strong>dignitatis</strong></span> <span class='ocrx_word' id='word_1_253' title='bbox 1531 874 1628 902; x_wconf 80' lang='lat' dir='ltr'><strong>evecti.</strong></span> 
     </span>
    </p>
   </div>
   <div class='ocr_carea' id='block_1_35' title="bbox 228 928 1013 968">
    <p class='ocr_par' dir='ltr' id='par_1_35' title="bbox 228 928 1013 968">
     <span class='ocr_line' id='line_1_35' title="bbox 228 928 1013 968; baseline 0.008 -14"><span class='ocrx_word' id='word_1_254' title='bbox 228 928 304 963; x_wconf 82' lang='lat' dir='ltr'><strong>Ipsos</strong></span> <span class='ocrx_word' id='word_1_255' title='bbox 322 929 412 964; x_wconf 90' lang='lat' dir='ltr'><strong>itaque</strong></span> <span class='ocrx_word' id='word_1_256' title='bbox 429 930 502 958; x_wconf 82' lang='lat' dir='ltr'><strong>solos</strong></span> <span class='ocrx_word' id='word_1_257' title='bbox 518 938 532 957; x_wconf 90' lang='lat' dir='ltr'><strong>a</strong></span> <span class='ocrx_word' id='word_1_258' title='bbox 553 930 678 962; x_wconf 88' lang='lat' dir='ltr'><strong>Domino.</strong></span> <span class='ocrx_word' id='word_1_259' title='bbox 695 932 758 959; x_wconf 86' lang='lat' dir='ltr'><strong>dum</strong></span> <span class='ocrx_word' id='word_1_260' title='bbox 778 934 914 968; x_wconf 71' lang='lat' dir='ltr'><strong>prmcipua</strong></span> <span class='ocrx_word' id='word_1_261' title='bbox 930 934 978 960; x_wconf 88' lang='lat' dir='ltr'><strong>mi-</strong></span> <span class='ocrx_word' id='word_1_262' title='bbox 993 929 1013 956; x_wconf 85' lang='grc' dir='ltr'><strong><em>Β</em></strong></span> 
     </span>
    </p>
   </div>
   <div class='ocr_carea' id='block_1_36' title="bbox 194 975 979 1012">
    <p class='ocr_par' dir='ltr' id='par_1_36' title="bbox 194 975 979 1012">
     <span class='ocr_line' id='line_1_36' title="bbox 194 975 979 1012; baseline 0.008 -11"><span class='ocrx_word' id='word_1_263' title='bbox 194 975 284 1002; x_wconf 88' lang='lat' dir='ltr'><strong>raeula</strong></span> <span class='ocrx_word' id='word_1_264' title='bbox 313 976 446 1010; x_wconf 81' lang='lat' dir='ltr'><strong>patravit,</strong></span> <span class='ocrx_word' id='word_1_265' title='bbox 470 980 598 1012; x_wconf 83' lang='lat' dir='ltr'><strong>tanquam</strong></span> <span class='ocrx_word' id='word_1_266' title='bbox 621 977 794 1006; x_wconf 88' lang='lat' dir='ltr'><strong>ﬁdelissimos</strong></span> <span class='ocrx_word' id='word_1_267' title='bbox 814 983 841 1006; x_wconf 86' lang='lat' dir='ltr'><strong>ct</strong></span> <span class='ocrx_word' id='word_1_268' title='bbox 857 980 979 1007; x_wconf 84' lang='lat' dir='ltr'><strong>veracis-</strong></span> 
     </span>
    </p>
   </div>
   <div class='ocr_carea' id='block_1_37' title="bbox 194 1021 979 1058">
    <p class='ocr_par' dir='ltr' id='par_1_37' title="bbox 194 1021 979 1058">
     <span class='ocr_line' id='line_1_37' title="bbox 194 1021 979 1058; baseline 0.006 -12"><span class='ocrx_word' id='word_1_269' title='bbox 194 1021 278 1047; x_wconf 90' lang='lat' dir='ltr'><strong>simos</strong></span> <span class='ocrx_word' id='word_1_270' title='bbox 307 1026 445 1055; x_wconf 74' lang='lat' dir='ltr'><strong>gestorum</strong></span> <span class='ocrx_word' id='word_1_271' title='bbox 472 1025 556 1049; x_wconf 84' lang='lat' dir='ltr'><strong>testes</strong></span> <span class='ocrx_word' id='word_1_272' title='bbox 588 1030 681 1050; x_wconf 87' lang='lat' dir='ltr'><strong>secum</strong></span> <span class='ocrx_word' id='word_1_273' title='bbox 715 1028 872 1058; x_wconf 76' lang='lat' dir='ltr'><strong>asStnnptos</strong></span> <span class='ocrx_word' id='word_1_274' title='bbox 893 1024 979 1052; x_wconf 78' lang='lat' dir='ltr'><strong>fuisse</strong></span> 
     </span>
    </p>
   </div>
   <div class='ocr_carea' id='block_1_38' title="bbox 194 1063 979 1097">
    <p class='ocr_par' dir='ltr' id='par_1_38' title="bbox 194 1063 979 1097">
     <span class='ocr_line' id='line_1_38' title="bbox 194 1063 979 1097; baseline 0.01 -9"><span class='ocrx_word' id='word_1_275' title='bbox 194 1064 386 1097; x_wconf 85' lang='lat' dir='ltr'><strong>comperimus.</strong></span> <span class='ocrx_word' id='word_1_276' title='bbox 403 1063 460 1091; x_wconf 86' lang='lat' dir='ltr'><strong>lloc</strong></span> <span class='ocrx_word' id='word_1_277' title='bbox 474 1072 540 1092; x_wconf 84' lang='lat' dir='ltr'><strong>sane</strong></span> <span class='ocrx_word' id='word_1_278' title='bbox 551 1065 651 1092; x_wconf 83' lang='lat' dir='ltr'><strong>factum</strong></span> <span class='ocrx_word' id='word_1_279' title='bbox 671 1066 719 1093; x_wconf 85' lang='lat' dir='ltr'><strong>fuit</strong></span> <span class='ocrx_word' id='word_1_280' title='bbox 736 1067 762 1094; x_wconf 95' lang='lat' dir='ltr'><strong>in</strong></span> <span class='ocrx_word' id='word_1_281' title='bbox 782 1068 887 1096; x_wconf 83' lang='lat' dir='ltr'><strong>visione</strong></span> <span class='ocrx_word' id='word_1_282' title='bbox 902 1076 979 1096; x_wconf 83' lang='lat' dir='ltr'><strong>mou-</strong></span> 
     </span>
    </p>
   </div>
   <div class='ocr_carea' id='block_1_39' title="bbox 193 1105 979 1141">
    <p class='ocr_par' dir='ltr' id='par_1_39' title="bbox 193 1105 979 1141">
     <span class='ocr_line' id='line_1_39' title="bbox 193 1105 979 1141; baseline 0.01 -11"><span class='ocrx_word' id='word_1_283' title='bbox 193 1105 270 1131; x_wconf 78' lang='lat' dir='ltr'><strong>tis&quot;.</strong></span> <span class='ocrx_word' id='word_1_284' title='bbox 293 1105 349 1132; x_wconf 91' lang='lat' dir='ltr'><strong>Soli</strong></span> <span class='ocrx_word' id='word_1_285' title='bbox 372 1107 445 1133; x_wconf 85' lang='lat' dir='ltr'><strong>enim</strong></span> <span class='ocrx_word' id='word_1_286' title='bbox 469 1106 506 1133; x_wconf 94' lang='lat' dir='ltr'><strong>ibi</strong></span> <span class='ocrx_word' id='word_1_287' title='bbox 532 1106 640 1140; x_wconf 81' lang='lat' dir='ltr'><strong>Petrus,</strong></span> <span class='ocrx_word' id='word_1_288' title='bbox 662 1108 792 1141; x_wconf 73' lang='lat' dir='ltr'><strong>Iacobus,</strong></span> <span class='ocrx_word' id='word_1_289' title='bbox 814 1115 841 1137; x_wconf 89' lang='lat' dir='ltr'><strong>et</strong></span> <span class='ocrx_word' id='word_1_290' title='bbox 858 1110 979 1139; x_wconf 78' lang='lat' dir='ltr'><strong>Joannes</strong></span> 
     </span>
    </p>
   </div>
   <div class='ocr_carea' id='block_1_40' title="bbox 193 1149 979 1186">
    <p class='ocr_par' dir='ltr' id='par_1_40' title="bbox 193 1149 979 1186">
     <span class='ocr_line' id='line_1_40' title="bbox 193 1149 979 1186; baseline 0.01 -12"><span class='ocrx_word' id='word_1_291' title='bbox 193 1149 318 1182; x_wconf 87' lang='lat' dir='ltr'><strong>aderant,</strong></span> <span class='ocrx_word' id='word_1_292' title='bbox 343 1158 405 1177; x_wconf 88' lang='lat' dir='ltr'><strong>cum</strong></span> <span class='ocrx_word' id='word_1_293' title='bbox 432 1158 532 1186; x_wconf 79' lang='lat' dir='ltr'><strong>corpus</strong></span> <span class='ocrx_word' id='word_1_294' title='bbox 557 1160 636 1179; x_wconf 90' lang='lat' dir='ltr'><strong>suum</strong></span> <span class='ocrx_word' id='word_1_295' title='bbox 667 1154 869 1183; x_wconf 88' lang='lat' dir='ltr'><strong>transformans</strong></span> <span class='ocrx_word' id='word_1_296' title='bbox 892 1155 979 1183; x_wconf 88' lang='lat' dir='ltr'><strong>Domi-</strong></span> 
     </span>
    </p>
   </div>
   <div class='ocr_carea' id='block_1_41' title="bbox 194 1195 978 1231">
    <p class='ocr_par' dir='ltr' id='par_1_41' title="bbox 194 1195 978 1231">
     <span class='ocr_line' id='line_1_41' title="bbox 194 1195 978 1231; baseline 0.011 -12"><span class='ocrx_word' id='word_1_297' title='bbox 194 1202 255 1227; x_wconf 86' lang='lat' dir='ltr'><strong>nus,</strong></span> <span class='ocrx_word' id='word_1_298' title='bbox 279 1195 305 1222; x_wconf 94' lang='lat' dir='ltr'><strong>in</strong></span> <span class='ocrx_word' id='word_1_299' title='bbox 331 1195 476 1230; x_wconf 71' lang='lat' dir='ltr'><strong>gloriosam</strong></span> <span class='ocrx_word' id='word_1_300' title='bbox 503 1204 535 1224; x_wconf 89' lang='lat' dir='ltr'><strong>ac</strong></span> <span class='ocrx_word' id='word_1_301' title='bbox 560 1197 770 1231; x_wconf 86' lang='lat' dir='ltr'><strong>splendidiorem</strong></span> <span class='ocrx_word' id='word_1_302' title='bbox 808 1200 978 1229; x_wconf 80' lang='lat' dir='ltr'><strong>divinitatem</strong></span> 
     </span>
    </p>
   </div>
   <div class='ocr_carea' id='block_1_42' title="bbox 193 1242 977 1278">
    <p class='ocr_par' dir='ltr' id='par_1_42' title="bbox 193 1242 977 1278">
     <span class='ocr_line' id='line_1_42' title="bbox 193 1242 977 1278; baseline 0.013 -14"><span class='ocrx_word' id='word_1_303' title='bbox 193 1242 396 1272; x_wconf 77' lang='lat' dir='ltr'><strong>trausmutavit.</strong></span> <span class='ocrx_word' id='word_1_304' title='bbox 412 1246 438 1268; x_wconf 84' lang='lat' dir='ltr'><strong>et</strong></span> <span class='ocrx_word' id='word_1_305' title='bbox 455 1242 555 1277; x_wconf 81' lang='lat' dir='ltr'><strong>Moyse,</strong></span> <span class='ocrx_word' id='word_1_306' title='bbox 566 1247 646 1278; x_wconf 88' lang='lat' dir='ltr'><strong>atque</strong></span> <span class='ocrx_word' id='word_1_307' title='bbox 660 1244 717 1270; x_wconf 84' lang='lat' dir='ltr'><strong>Elia</strong></span> <span class='ocrx_word' id='word_1_308' title='bbox 729 1245 781 1272; x_wconf 88' lang='lat' dir='ltr'><strong>sibi</strong></span> <span class='ocrx_word' id='word_1_309' title='bbox 794 1246 977 1277; x_wconf 75' lang='lat' dir='ltr'><strong>adstantibus.</strong></span> 
     </span>
    </p>
   </div>
   <div class='ocr_carea' id='block_1_43' title="bbox 193 1286 977 1320">
    <p class='ocr_par' dir='ltr' id='par_1_43' title="bbox 193 1286 977 1320">
     <span class='ocr_line' id='line_1_43' title="bbox 193 1286 977 1320; baseline 0.01 -9"><span class='ocrx_word' id='word_1_310' title='bbox 193 1286 316 1320; x_wconf 89' lang='lat' dir='ltr'><strong>lucisqtte</strong></span> <span class='ocrx_word' id='word_1_311' title='bbox 333 1287 430 1313; x_wconf 84' lang='lat' dir='ltr'><strong>nebula</strong></span> <span class='ocrx_word' id='word_1_312' title='bbox 445 1287 636 1320; x_wconf 86' lang='lat' dir='ltr'><strong>obumbrante,</strong></span> <span class='ocrx_word' id='word_1_313' title='bbox 653 1289 779 1316; x_wconf 76' lang='lat' dir='ltr'><strong>eximiam</strong></span> <span class='ocrx_word' id='word_1_314' title='bbox 797 1291 869 1318; x_wconf 82' lang='lat' dir='ltr'><strong>illam</strong></span> <span class='ocrx_word' id='word_1_315' title='bbox 884 1293 977 1319; x_wconf 54' lang='lat' dir='ltr'><strong>a’terni</strong></span> 
     </span>
    </p>
   </div>
   <div class='ocr_carea' id='block_1_44' title="bbox 192 1331 977 1370">
    <p class='ocr_par' dir='ltr' id='par_1_44' title="bbox 192 1331 977 1370">
     <span class='ocr_line' id='line_1_44' title="bbox 192 1331 977 1370; baseline 0.009 -13"><span class='ocrx_word' id='word_1_316' title='bbox 192 1331 267 1365; x_wconf 73' lang='lat' dir='ltr'><strong>regni</strong></span> <span class='ocrx_word' id='word_1_317' title='bbox 296 1332 440 1365; x_wconf 76' lang='lat' dir='ltr'><strong>imaginem</strong></span> <span class='ocrx_word' id='word_1_318' title='bbox 464 1333 595 1360; x_wconf 87' lang='lat' dir='ltr'><strong>ostendit.</strong></span> <span class='ocrx_word' id='word_1_319' title='bbox 617 1333 673 1360; x_wconf 88' lang='lat' dir='ltr'><strong>Hoc</strong></span> <span class='ocrx_word' id='word_1_320' title='bbox 696 1335 777 1361; x_wconf 90' lang='lat' dir='ltr'><strong>etiam</strong></span> <span class='ocrx_word' id='word_1_321' title='bbox 802 1336 902 1364; x_wconf 73' lang='lat' dir='ltr'><strong>[artum</strong></span> <span class='ocrx_word' id='word_1_322' title='bbox 925 1341 977 1370; x_wconf 82' lang='lat' dir='ltr'><strong>est,</strong></span> 
     </span>
    </p>
   </div>
   <div class='ocr_carea' id='block_1_45' title="bbox 192 1379 979 1418">
    <p class='ocr_par' dir='ltr' id='par_1_45' title="bbox 192 1379 979 1418">
     <span class='ocr_line' id='line_1_45' title="bbox 192 1379 979 1418; baseline 0.011 -14"><span class='ocrx_word' id='word_1_323' title='bbox 192 1379 256 1405; x_wconf 73' lang='lat' dir='ltr'><strong>dum</strong></span> <span class='ocrx_word' id='word_1_324' title='bbox 287 1379 353 1406; x_wconf 88' lang='lat' dir='ltr'><strong>.lairi</strong></span> <span class='ocrx_word' id='word_1_325' title='bbox 384 1380 470 1407; x_wconf 75' lang='lat' dir='ltr'><strong>filiam</strong></span> <span class='ocrx_word' id='word_1_326' title='bbox 503 1390 518 1407; x_wconf 69' lang='grc' dir='ltr'>ει</span> <span class='ocrx_word' id='word_1_327' title='bbox 547 1383 663 1409; x_wconf 83' lang='lat' dir='ltr'><strong>mortuis</strong></span> <span class='ocrx_word' id='word_1_328' title='bbox 693 1384 836 1411; x_wconf 82' lang='lat' dir='ltr'><strong>suscitavit</strong></span> <span class='ocrx_word' id='word_1_329' title='bbox 849 1385 887 1418; x_wconf 81' lang='grc'><strong>¹⁵;</strong></span> <span class='ocrx_word' id='word_1_330' title='bbox 914 1389 979 1413; x_wconf 87' lang='lat' dir='ltr'><strong>tunc</strong></span> 
     </span>
    </p>
   </div>
   <div class='ocr_carea' id='block_1_46' title="bbox 192 1426 979 1463">
    <p class='ocr_par' dir='ltr' id='par_1_46' title="bbox 192 1426 979 1463">
     <span class='ocr_line' id='line_1_46' title="bbox 192 1426 979 1463; baseline 0.008 -12"><span class='ocrx_word' id='word_1_331' title='bbox 192 1426 264 1452; x_wconf 89' lang='lat' dir='ltr'><strong>enim</strong></span> <span class='ocrx_word' id='word_1_332' title='bbox 286 1426 336 1453; x_wconf 86' lang='lat' dir='ltr'><strong>bos</strong></span> <span class='ocrx_word' id='word_1_333' title='bbox 363 1430 468 1453; x_wconf 86' lang='lat' dir='ltr'><strong>tantum</strong></span> <span class='ocrx_word' id='word_1_334' title='bbox 492 1427 618 1454; x_wconf 85' lang='lat' dir='ltr'><strong>miraculi</strong></span> <span class='ocrx_word' id='word_1_335' title='bbox 645 1428 718 1455; x_wconf 88' lang='lat' dir='ltr'><strong>illitts</strong></span> <span class='ocrx_word' id='word_1_336' title='bbox 741 1433 908 1463; x_wconf 76' lang='lat' dir='ltr'><strong>spectatores</strong></span> <span class='ocrx_word' id='word_1_337' title='bbox 931 1430 979 1456; x_wconf 86' lang='lat' dir='ltr'><strong>ha-</strong></span> 
     </span>
    </p>
   </div>
   <div class='ocr_carea' id='block_1_47' title="bbox 193 1471 979 1509">
    <p class='ocr_par' dir='ltr' id='par_1_47' title="bbox 193 1471 979 1509">
     <span class='ocr_line' id='line_1_47' title="bbox 193 1471 979 1509; baseline 0.008 -12"><span class='ocrx_word' id='word_1_338' title='bbox 193 1471 261 1497; x_wconf 90' lang='lat' dir='ltr'><strong>buit.</strong></span> <span class='ocrx_word' id='word_1_339' title='bbox 280 1471 351 1504; x_wconf 88' lang='lat' dir='ltr'><strong>Quin</strong></span> <span class='ocrx_word' id='word_1_340' title='bbox 377 1475 404 1499; x_wconf 89' lang='lat' dir='ltr'><strong>et</strong></span> <span class='ocrx_word' id='word_1_341' title='bbox 426 1472 478 1498; x_wconf 91' lang='lat' dir='ltr'><strong>sub</strong></span> <span class='ocrx_word' id='word_1_342' title='bbox 500 1473 588 1507; x_wconf 87' lang='lat' dir='ltr'><strong>ipsum</strong></span> <span class='ocrx_word' id='word_1_343' title='bbox 607 1474 742 1508; x_wconf 81' lang='lat' dir='ltr'><strong>passionis</strong></span> <span class='ocrx_word' id='word_1_344' title='bbox 759 1478 877 1509; x_wconf 77' lang='lat' dir='ltr'><strong>tempus,</strong></span> <span class='ocrx_word' id='word_1_345' title='bbox 900 1483 934 1503; x_wconf 88' lang='lat' dir='ltr'><strong>ne</strong></span> <span class='ocrx_word' id='word_1_346' title='bbox 951 1476 979 1503; x_wconf 89' lang='lat' dir='ltr'><strong>in</strong></span> 
     </span>
    </p>
   </div>
   <div class='ocr_carea' id='block_1_48' title="bbox 192 1517 978 1553">
    <p class='ocr_par' dir='ltr' id='par_1_48' title="bbox 192 1517 978 1553">
     <span class='ocr_line' id='line_1_48' title="bbox 192 1517 978 1553; baseline 0.008 -10"><span class='ocrx_word' id='word_1_347' title='bbox 192 1517 309 1552; x_wconf 73' lang='lat' dir='ltr'><strong>singulis</strong></span> <span class='ocrx_word' id='word_1_348' title='bbox 334 1517 487 1553; x_wconf 87' lang='lat' dir='ltr'><strong>quibusque</strong></span> <span class='ocrx_word' id='word_1_349' title='bbox 506 1520 651 1547; x_wconf 83' lang='lat' dir='ltr'><strong>narrandis</strong></span> <span class='ocrx_word' id='word_1_350' title='bbox 671 1520 775 1547; x_wconf 89' lang='lat' dir='ltr'><strong>diutius</strong></span> <span class='ocrx_word' id='word_1_351' title='bbox 798 1528 899 1553; x_wconf 85' lang='lat' dir='ltr'><strong>morer,</strong></span> <span class='ocrx_word' id='word_1_352' title='bbox 916 1529 978 1549; x_wconf 87' lang='lat' dir='ltr'><strong>eos-</strong></span> 
     </span>
    </p>
   </div>
   <div class='ocr_carea' id='block_1_49' title="bbox 193 1562 978 1601">
    <p class='ocr_par' dir='ltr' id='par_1_49' title="bbox 193 1562 978 1601">
     <span class='ocr_line' id='line_1_49' title="bbox 193 1562 978 1601; baseline 0.008 -13"><span class='ocrx_word' id='word_1_353' title='bbox 193 1562 253 1589; x_wconf 89' lang='lat' dir='ltr'><strong>dem</strong></span> <span class='ocrx_word' id='word_1_354' title='bbox 272 1563 347 1590; x_wconf 88' lang='lat' dir='ltr'><strong>viros</strong></span> <span class='ocrx_word' id='word_1_355' title='bbox 361 1571 454 1590; x_wconf 90' lang='lat' dir='ltr'><strong>secum</strong></span> <span class='ocrx_word' id='word_1_356' title='bbox 476 1566 636 1599; x_wconf 84' lang='lat' dir='ltr'><strong>assumpsit.</strong></span> <span class='ocrx_word' id='word_1_357' title='bbox 660 1566 755 1600; x_wconf 84' lang='lat' dir='ltr'><strong>eisque</strong></span> <span class='ocrx_word' id='word_1_358' title='bbox 768 1570 896 1601; x_wconf 81' lang='lat' dir='ltr'><strong>tanquam</strong></span> <span class='ocrx_word' id='word_1_359' title='bbox 915 1566 978 1594; x_wconf 89' lang='lat' dir='ltr'><strong>ﬁde-</strong></span> 
     </span>
    </p>
   </div>
   <div class='ocr_carea' id='block_1_50' title="bbox 192 1609 978 1646">
    <p class='ocr_par' dir='ltr' id='par_1_50' title="bbox 192 1609 978 1646">
     <span class='ocr_line' id='line_1_50' title="bbox 192 1609 978 1646; baseline 0.006 -12"><span class='ocrx_word' id='word_1_360' title='bbox 192 1609 262 1635; x_wconf 88' lang='lat' dir='ltr'><strong>libus</strong></span> <span class='ocrx_word' id='word_1_361' title='bbox 278 1610 563 1645; x_wconf 84' lang='lat' dir='ltr'><strong>coustautissimisque</strong></span> <span class='ocrx_word' id='word_1_362' title='bbox 578 1611 719 1646; x_wconf 84' lang='lat' dir='ltr'><strong>discipulis</strong></span> <span class='ocrx_word' id='word_1_363' title='bbox 735 1619 788 1638; x_wconf 88' lang='lat' dir='ltr'><strong>non</strong></span> <span class='ocrx_word' id='word_1_364' title='bbox 804 1616 846 1639; x_wconf 88' lang='lat' dir='ltr'><strong>est</strong></span> <span class='ocrx_word' id='word_1_365' title='bbox 873 1612 978 1640; x_wconf 85' lang='lat' dir='ltr'><strong>veritus</strong></span> 
     </span>
    </p>
   </div>
   <div class='ocr_carea' id='block_1_51' title="bbox 192 1654 978 1685">
    <p class='ocr_par' dir='ltr' id='par_1_51' title="bbox 192 1654 978 1685">
     <span class='ocr_line' id='line_1_51' title="bbox 192 1654 978 1685; baseline 0.008 -6"><span class='ocrx_word' id='word_1_366' title='bbox 192 1654 293 1684; x_wconf 85' lang='lat' dir='ltr'><strong>dicere.</strong></span> <span class='ocrx_word' id='word_1_367' title='bbox 314 1655 391 1681; x_wconf 77' lang='lat' dir='ltr'><strong>Nunc</strong></span> <span class='ocrx_word' id='word_1_368' title='bbox 409 1656 499 1682; x_wconf 86' lang='lat' dir='ltr'><strong>anima</strong></span> <span class='ocrx_word' id='word_1_369' title='bbox 513 1665 568 1683; x_wconf 83' lang='lat' dir='ltr'><strong>mea</strong></span> <span class='ocrx_word' id='word_1_370' title='bbox 584 1658 689 1684; x_wconf 83' lang='lat' dir='ltr'><strong>turbata</strong></span> <span class='ocrx_word' id='word_1_371' title='bbox 706 1658 786 1685; x_wconf 75' lang='lat' dir='ltr'><strong>est&quot;.</strong></span> <span class='ocrx_word' id='word_1_372' title='bbox 807 1657 870 1684; x_wconf 71' lang='lat' dir='ltr'><strong>lltec</strong></span> <span class='ocrx_word' id='word_1_373' title='bbox 887 1661 978 1685; x_wconf 85' lang='lat' dir='ltr'><strong>autem</strong></span> 
     </span>
    </p>
   </div>
   <div class='ocr_carea' id='block_1_52' title="bbox 192 1700 979 1738">
    <p class='ocr_par' dir='ltr' id='par_1_52' title="bbox 192 1700 979 1738">
     <span class='ocr_line' id='line_1_52' title="bbox 192 1700 979 1738; baseline 0.008 -13"><span class='ocrx_word' id='word_1_374' title='bbox 192 1708 206 1725; x_wconf 90' lang='lat' dir='ltr'><strong>a</strong></span> <span class='ocrx_word' id='word_1_375' title='bbox 223 1700 301 1727; x_wconf 88' lang='lat' dir='ltr'><strong>nobis</strong></span> <span class='ocrx_word' id='word_1_376' title='bbox 313 1701 386 1727; x_wconf 81' lang='lat' dir='ltr'><strong>dicta</strong></span> <span class='ocrx_word' id='word_1_377' title='bbox 402 1706 476 1733; x_wconf 88' lang='lat' dir='ltr'><strong>sunt,</strong></span> <span class='ocrx_word' id='word_1_378' title='bbox 494 1710 548 1729; x_wconf 88' lang='lat' dir='ltr'><strong>non</strong></span> <span class='ocrx_word' id='word_1_379' title='bbox 566 1707 595 1729; x_wconf 90' lang='lat' dir='ltr'><strong>ut</strong></span> <span class='ocrx_word' id='word_1_380' title='bbox 617 1704 725 1731; x_wconf 74' lang='lat' dir='ltr'><strong>ca-tcris</strong></span> <span class='ocrx_word' id='word_1_381' title='bbox 741 1705 875 1738; x_wconf 86' lang='lat' dir='ltr'><strong>apostolis</strong></span> <span class='ocrx_word' id='word_1_382' title='bbox 888 1704 979 1731; x_wconf 84' lang='lat' dir='ltr'><strong>detra-</strong></span> 
     </span>
    </p>
   </div>
   <div class='ocr_carea' id='block_1_53' title="bbox 192 1745 979 1784">
    <p class='ocr_par' dir='ltr' id='par_1_53' title="bbox 192 1745 979 1784">
     <span class='ocr_line' id='line_1_53' title="bbox 192 1745 979 1784; baseline 0.008 -14"><span class='ocrx_word' id='word_1_383' title='bbox 192 1749 298 1775; x_wconf 77' lang='lat' dir='ltr'><strong>hamus.</strong></span> <span class='ocrx_word' id='word_1_384' title='bbox 326 1745 373 1772; x_wconf 86' lang='lat' dir='ltr'><strong>sed</strong></span> <span class='ocrx_word' id='word_1_385' title='bbox 398 1746 424 1772; x_wconf 91' lang='lat' dir='ltr'><strong>in</strong></span> <span class='ocrx_word' id='word_1_386' title='bbox 446 1755 540 1773; x_wconf 89' lang='lat' dir='ltr'><strong>eorum</strong></span> <span class='ocrx_word' id='word_1_387' title='bbox 562 1747 670 1775; x_wconf 88' lang='lat' dir='ltr'><strong>virtutis</strong></span> <span class='ocrx_word' id='word_1_388' title='bbox 691 1749 888 1781; x_wconf 78' lang='lat' dir='ltr'><strong>testimonium,</strong></span> <span class='ocrx_word' id='word_1_389' title='bbox 909 1756 979 1784; x_wconf 87' lang='lat' dir='ltr'><strong>quo-</strong></span> 
     </span>
    </p>
   </div>
   <div class='ocr_carea' id='block_1_54' title="bbox 192 1791 977 1827">
    <p class='ocr_par' dir='ltr' id='par_1_54' title="bbox 192 1791 977 1827">
     <span class='ocr_line' id='line_1_54' title="bbox 192 1791 977 1827; baseline 0.009 -11"><span class='ocrx_word' id='word_1_390' title='bbox 192 1799 251 1817; x_wconf 88' lang='lat' dir='ltr'><strong>rum</strong></span> <span class='ocrx_word' id='word_1_391' title='bbox 273 1791 354 1818; x_wconf 86' lang='lat' dir='ltr'><strong>hodie</strong></span> <span class='ocrx_word' id='word_1_392' title='bbox 381 1794 540 1819; x_wconf 85' lang='lat' dir='ltr'><strong>memoriam</strong></span> <span class='ocrx_word' id='word_1_393' title='bbox 563 1794 756 1827; x_wconf 83' lang='lat' dir='ltr'><strong>celebramus;</strong></span> <span class='ocrx_word' id='word_1_394' title='bbox 781 1799 807 1822; x_wconf 91' lang='lat' dir='ltr'><strong>et</strong></span> <span class='ocrx_word' id='word_1_395' title='bbox 836 1799 866 1822; x_wconf 81' lang='grc' dir='ltr'><strong>ιιι</strong></span> <span class='ocrx_word' id='word_1_396' title='bbox 887 1795 977 1823; x_wconf 75' lang='lat' dir='ltr'><strong>verius</strong></span> 
     </span>
    </p>
   </div>
   <div class='ocr_carea' id='block_1_55' title="bbox 192 1836 976 1874">
    <p class='ocr_par' dir='ltr' id='par_1_55' title="bbox 192 1836 976 1874">
     <span class='ocr_line' id='line_1_55' title="bbox 192 1836 976 1874; baseline 0.008 -12"><span class='ocrx_word' id='word_1_397' title='bbox 192 1836 280 1862; x_wconf 89' lang='lat' dir='ltr'><strong>dicam</strong></span> <span class='ocrx_word' id='word_1_398' title='bbox 298 1837 323 1863; x_wconf 84' lang='lat' dir='ltr'><strong>iit</strong></span> <span class='ocrx_word' id='word_1_399' title='bbox 340 1844 510 1864; x_wconf 89' lang='lat' dir='ltr'><strong>communem</strong></span> <span class='ocrx_word' id='word_1_400' title='bbox 527 1847 636 1873; x_wconf 90' lang='lat' dir='ltr'><strong>quoqtte</strong></span> <span class='ocrx_word' id='word_1_401' title='bbox 655 1841 841 1874; x_wconf 83' lang='lat' dir='ltr'><strong>apostolorum</strong></span> <span class='ocrx_word' id='word_1_402' title='bbox 855 1841 976 1868; x_wconf 93' lang='lat' dir='ltr'><strong>omnium</strong></span> 
     </span>
    </p>
   </div>
   <div class='ocr_carea' id='block_1_56' title="bbox 193 1882 978 1922">
    <p class='ocr_par' dir='ltr' id='par_1_56' title="bbox 193 1882 978 1922">
     <span class='ocr_line' id='line_1_56' title="bbox 193 1882 978 1922; baseline 0.008 -14"><span class='ocrx_word' id='word_1_403' title='bbox 193 1882 298 1909; x_wconf 85' lang='lat' dir='ltr'><strong>laudent</strong></span> <span class='ocrx_word' id='word_1_404' title='bbox 321 1889 406 1909; x_wconf 86' lang='lat' dir='ltr'><strong>:nam</strong></span> <span class='ocrx_word' id='word_1_405' title='bbox 437 1883 471 1910; x_wconf 83' lang='lat' dir='ltr'><strong>de</strong></span> <span class='ocrx_word' id='word_1_406' title='bbox 498 1888 655 1911; x_wconf 84' lang='lat' dir='ltr'><strong>sanctorum</strong></span> <span class='ocrx_word' id='word_1_407' title='bbox 686 1886 865 1918; x_wconf 78' lang='lat' dir='ltr'><strong>excellentia,</strong></span> <span class='ocrx_word' id='word_1_408' title='bbox 890 1885 978 1922; x_wconf 84' lang='lat' dir='ltr'><strong>deque</strong></span> 
     </span>
    </p>
   </div>
   <div class='ocr_carea' id='block_1_57' title="bbox 192 1928 977 1966">
    <p class='ocr_par' dir='ltr' id='par_1_57' title="bbox 192 1928 977 1966">
     <span class='ocr_line' id='line_1_57' title="bbox 192 1928 977 1966; baseline 0.008 -12"><span class='ocrx_word' id='word_1_409' title='bbox 192 1936 286 1955; x_wconf 89' lang='lat' dir='ltr'><strong>eorutn</strong></span> <span class='ocrx_word' id='word_1_410' title='bbox 311 1928 499 1956; x_wconf 72' lang='lat' dir='ltr'><strong>sanctimonia:</strong></span> <span class='ocrx_word' id='word_1_411' title='bbox 521 1930 652 1964; x_wconf 83' lang='lat' dir='ltr'><strong>gradibus</strong></span> <span class='ocrx_word' id='word_1_412' title='bbox 676 1932 817 1966; x_wconf 85' lang='lat' dir='ltr'><strong>quidpiam</strong></span> <span class='ocrx_word' id='word_1_413' title='bbox 844 1935 977 1966; x_wconf 84' lang='lat' dir='ltr'><strong>statuere,</strong></span> 
     </span>
    </p>
   </div>
   <div class='ocr_carea' id='block_1_58' title="bbox 192 1974 978 2011">
    <p class='ocr_par' dir='ltr' id='par_1_58' title="bbox 192 1974 978 2011">
     <span class='ocr_line' id='line_1_58' title="bbox 192 1974 978 2011; baseline 0.009 -12"><span class='ocrx_word' id='word_1_414' title='bbox 192 1974 317 2000; x_wconf 69' lang='lat' dir='ltr'><strong>humanm</strong></span> <span class='ocrx_word' id='word_1_415' title='bbox 330 1974 497 2008; x_wconf 79' lang='lat' dir='ltr'><strong>cognitionis</strong></span> <span class='ocrx_word' id='word_1_416' title='bbox 511 1983 564 2002; x_wconf 89' lang='lat' dir='ltr'><strong>non</strong></span> <span class='ocrx_word' id='word_1_417' title='bbox 577 1980 628 2007; x_wconf 78' lang='lat' dir='ltr'><strong>est,</strong></span> <span class='ocrx_word' id='word_1_418' title='bbox 643 1976 688 2004; x_wconf 87' lang='lat' dir='ltr'><strong>scd</strong></span> <span class='ocrx_word' id='word_1_419' title='bbox 701 1976 798 2011; x_wconf 84' lang='lat' dir='ltr'><strong>judicii</strong></span> <span class='ocrx_word' id='word_1_420' title='bbox 813 1977 978 2006; x_wconf 72' lang='lat' dir='ltr'><strong>divini.&#39;Nos</strong></span> 
     </span>
    </p>
   </div>
   <div class='ocr_carea' id='block_1_59' title="bbox 192 2019 979 2058">
    <p class='ocr_par' dir='ltr' id='par_1_59' title="bbox 192 2019 979 2058">
     <span class='ocr_line' id='line_1_59' title="bbox 192 2019 979 2058; baseline 0.008 -13"><span class='ocrx_word' id='word_1_421' title='bbox 192 2024 280 2046; x_wconf 82' lang='lat' dir='ltr'><strong>autem</strong></span> <span class='ocrx_word' id='word_1_422' title='bbox 298 2020 343 2054; x_wconf 93' lang='lat' dir='ltr'><strong>qui</strong></span> <span class='ocrx_word' id='word_1_423' title='bbox 364 2019 438 2054; x_wconf 84' lang='lat' dir='ltr'><strong>digni</strong></span> <span class='ocrx_word' id='word_1_424' title='bbox 457 2020 521 2047; x_wconf 85' lang='lat' dir='ltr'><strong>facti</strong></span> <span class='ocrx_word' id='word_1_425' title='bbox 546 2029 653 2053; x_wconf 81' lang='lat' dir='ltr'><strong>sumus,</strong></span> <span class='ocrx_word' id='word_1_426' title='bbox 670 2026 700 2049; x_wconf 92' lang='lat' dir='ltr'><strong>ut</strong></span> <span class='ocrx_word' id='word_1_427' title='bbox 723 2026 762 2050; x_wconf 91' lang='lat' dir='ltr'><strong>tot</strong></span> <span class='ocrx_word' id='word_1_428' title='bbox 783 2026 979 2058; x_wconf 88' lang='lat' dir='ltr'><strong>tantorttmque</strong></span> 
     </span>
    </p>
   </div>
   <div class='ocr_carea' id='block_1_60' title="bbox 191 2065 979 2104">
    <p class='ocr_par' dir='ltr' id='par_1_60' title="bbox 191 2065 979 2104">
     <span class='ocr_line' id='line_1_60' title="bbox 191 2065 979 2104; baseline 0.008 -13"><span class='ocrx_word' id='word_1_429' title='bbox 191 2065 310 2091; x_wconf 86' lang='lat' dir='ltr'><strong>virorum</strong></span> <span class='ocrx_word' id='word_1_430' title='bbox 338 2067 474 2093; x_wconf 67' lang='lat' dir='ltr'><strong>memoria:</strong></span> <span class='ocrx_word' id='word_1_431' title='bbox 501 2069 752 2099; x_wconf 84' lang='lat' dir='ltr'><strong>t-ommunicemus.</strong></span> <span class='ocrx_word' id='word_1_432' title='bbox 784 2069 888 2103; x_wconf 80' lang='lat' dir='ltr'><strong>gratias</strong></span> <span class='ocrx_word' id='word_1_433' title='bbox 912 2068 979 2104; x_wconf 79' lang='lat' dir='ltr'><strong>ipsis</strong></span> 
     </span>
    </p>
   </div>
   <div class='ocr_carea' id='block_1_61' title="bbox 192 2114 978 2147">
    <p class='ocr_par' dir='ltr' id='par_1_61' title="bbox 192 2114 978 2147">
     <span class='ocr_line' id='line_1_61' title="bbox 192 2114 978 2147; baseline 0.008 -11"><span class='ocrx_word' id='word_1_434' title='bbox 192 2118 270 2144; x_wconf 70' lang='lat' dir='ltr'><strong>agere</strong></span> <span class='ocrx_word' id='word_1_435' title='bbox 290 2118 401 2138; x_wconf 84' lang='lat' dir='ltr'><strong>necesse</strong></span> <span class='ocrx_word' id='word_1_436' title='bbox 416 2117 468 2144; x_wconf 88' lang='lat' dir='ltr'><strong>cst,</strong></span> <span class='ocrx_word' id='word_1_437' title='bbox 485 2120 539 2139; x_wconf 92' lang='lat' dir='ltr'><strong>non</strong></span> <span class='ocrx_word' id='word_1_438' title='bbox 553 2117 670 2147; x_wconf 86' lang='lat' dir='ltr'><strong>quantas</strong></span> <span class='ocrx_word' id='word_1_439' title='bbox 684 2114 826 2146; x_wconf 81' lang='lat' dir='ltr'><strong>debemus,</strong></span> <span class='ocrx_word' id='word_1_440' title='bbox 841 2115 892 2142; x_wconf 89' lang='lat' dir='ltr'><strong>hoc</strong></span> <span class='ocrx_word' id='word_1_441' title='bbox 906 2115 978 2142; x_wconf 89' lang='lat' dir='ltr'><strong>enim</strong></span> 
     </span>
    </p>
   </div>
   <div class='ocr_carea' id='block_1_62' title="bbox 191 2157 979 2194">
    <p class='ocr_par' dir='ltr' id='par_1_62' title="bbox 191 2157 979 2194">
     <span class='ocr_line' id='line_1_62' title="bbox 191 2157 979 2194; baseline 0.006 -11"><span class='ocrx_word' id='word_1_442' title='bbox 191 2157 247 2184; x_wconf 91' lang='lat' dir='ltr'><strong>lieri</strong></span> <span class='ocrx_word' id='word_1_443' title='bbox 272 2157 376 2191; x_wconf 85' lang='lat' dir='ltr'><strong>nequit,</strong></span> <span class='ocrx_word' id='word_1_444' title='bbox 395 2158 440 2185; x_wconf 84' lang='lat' dir='ltr'><strong>sed</strong></span> <span class='ocrx_word' id='word_1_445' title='bbox 464 2163 581 2193; x_wconf 86' lang='lat' dir='ltr'><strong>quantas</strong></span> <span class='ocrx_word' id='word_1_446' title='bbox 604 2167 767 2194; x_wconf 82' lang='lat' dir='ltr'><strong>possumus;</strong></span> <span class='ocrx_word' id='word_1_447' title='bbox 794 2168 857 2188; x_wconf 88' lang='lat' dir='ltr'><strong>nam</strong></span> <span class='ocrx_word' id='word_1_448' title='bbox 880 2165 907 2188; x_wconf 85' lang='lat' dir='ltr'><strong>et</strong></span> <span class='ocrx_word' id='word_1_449' title='bbox 926 2161 979 2188; x_wconf 82' lang='lat' dir='ltr'><strong>hoc</strong></span> 
     </span>
    </p>
   </div>
   <div class='ocr_carea' id='block_1_63' title="bbox 191 2203 979 2238">
    <p class='ocr_par' dir='ltr' id='par_1_63' title="bbox 191 2203 979 2238">
     <span class='ocr_line' id='line_1_63' title="bbox 191 2203 979 2238; baseline 0.008 -10"><span class='ocrx_word' id='word_1_450' title='bbox 191 2207 333 2236; x_wconf 83' lang='lat' dir='ltr'><strong>acceptum</strong></span> <span class='ocrx_word' id='word_1_451' title='bbox 354 2209 406 2230; x_wconf 83' lang='lat' dir='ltr'><strong>est.</strong></span> <span class='ocrx_word' id='word_1_452' title='bbox 424 2203 564 2238; x_wconf 72' lang='lat' dir='ltr'><strong>Siquidem</strong></span> <span class='ocrx_word' id='word_1_453' title='bbox 583 2206 670 2233; x_wconf 85' lang='lat' dir='ltr'><strong>sancti</strong></span> <span class='ocrx_word' id='word_1_454' title='bbox 697 2206 746 2233; x_wconf 92' lang='lat' dir='ltr'><strong>hos</strong></span> <span class='ocrx_word' id='word_1_455' title='bbox 763 2214 776 2232; x_wconf 90' lang='lat' dir='ltr'><strong>a</strong></span> <span class='ocrx_word' id='word_1_456' title='bbox 796 2206 874 2234; x_wconf 88' lang='lat' dir='ltr'><strong>nobis</strong></span> <span class='ocrx_word' id='word_1_457' title='bbox 892 2206 979 2234; x_wconf 86' lang='lat' dir='ltr'><strong>hono-</strong></span> 
     </span>
    </p>
   </div>
   <div class='ocr_carea' id='block_1_64' title="bbox 1063 932 1825 968">
    <p class='ocr_par' dir='ltr' id='par_1_64' title="bbox 1063 932 1825 968">
     <span class='ocr_line' id='line_1_64' title="bbox 1063 932 1825 968; baseline 0 -8"><span class='ocrx_word' id='word_1_458' title='bbox 1063 933 1142 960; x_wconf 83' lang='grc' dir='ltr'>Ἐστι</span> <span class='ocrx_word' id='word_1_459' title='bbox 1154 933 1220 967; x_wconf 76' lang='grc' dir='ltr'>γοῦν</span> <span class='ocrx_word' id='word_1_460' title='bbox 1236 933 1326 968; x_wconf 80' lang='grc' dir='ltr'>εὑρεῖν</span> <span class='ocrx_word' id='word_1_461' title='bbox 1338 933 1367 959; x_wconf 84' lang='grc' dir='ltr'>ὲν</span> <span class='ocrx_word' id='word_1_462' title='bbox 1379 934 1436 964; x_wconf 84' lang='grc' dir='ltr'>τοῖς</span> <span class='ocrx_word' id='word_1_463' title='bbox 1447 932 1586 968; x_wconf 79' lang='grc' dir='ltr'>μεγίστοις</span> <span class='ocrx_word' id='word_1_464' title='bbox 1598 932 1652 959; x_wconf 84' lang='grc' dir='ltr'><strong>τῶν</strong></span> <span class='ocrx_word' id='word_1_465' title='bbox 1668 932 1825 967; x_wconf 77' lang='grc' dir='ltr'>θαυμάτων</span> 
     </span>
    </p>
   </div>
   <div class='ocr_carea' id='block_1_65' title="bbox 1031 977 1825 1015">
    <p class='ocr_par' dir='ltr' id='par_1_65' title="bbox 1031 977 1825 1015">
     <span class='ocr_line' id='line_1_65' title="bbox 1031 977 1825 1015; baseline -0.001 -9"><span class='ocrx_word' id='word_1_466' title='bbox 1031 979 1128 1015; x_wconf 83' lang='grc' dir='ltr'>μόνους</span> <span class='ocrx_word' id='word_1_467' title='bbox 1140 979 1239 1010; x_wconf 79' lang='grc' dir='ltr'>αὐτοὺς</span> <span class='ocrx_word' id='word_1_468' title='bbox 1253 978 1327 1015; x_wconf 76' lang='grc' dir='ltr'>παρὰ</span> <span class='ocrx_word' id='word_1_469' title='bbox 1342 977 1385 1005; x_wconf 78' lang='grc' dir='ltr'>τοῦ</span> <span class='ocrx_word' id='word_1_470' title='bbox 1399 978 1503 1013; x_wconf 84' lang='grc' dir='ltr'>Κυρίυυ</span> <span class='ocrx_word' id='word_1_471' title='bbox 1520 978 1750 1014; x_wconf 82' lang='grc' dir='ltr'>παραληφθέντας</span> <span class='ocrx_word' id='word_1_472' title='bbox 1762 999 1769 1010; x_wconf 88' lang='grc'><strong>,</strong></span> <span class='ocrx_word' id='word_1_473' title='bbox 1785 979 1825 1010; x_wconf 84' lang='grc' dir='ltr'><strong>ὡς</strong></span> 
     </span>
    </p>
   </div>
   <div class='ocr_carea' id='block_1_66' title="bbox 1029 1022 1829 1058">
    <p class='ocr_par' dir='ltr' id='par_1_66' title="bbox 1029 1022 1829 1058">
     <span class='ocr_line' id='line_1_66' title="bbox 1029 1022 1829 1058; baseline -0.001 -8"><span class='ocrx_word' id='word_1_474' title='bbox 1029 1024 1206 1055; x_wconf 82' lang='grc' dir='ltr'>πιστοτάτους</span> <span class='ocrx_word' id='word_1_475' title='bbox 1223 1023 1271 1050; x_wconf 76' lang='grc' dir='ltr'>καὶ</span> <span class='ocrx_word' id='word_1_476' title='bbox 1292 1022 1491 1057; x_wconf 83' lang='grc' dir='ltr'>ἀληθεστάτους</span> <span class='ocrx_word' id='word_1_477' title='bbox 1502 1023 1556 1050; x_wconf 85' lang='grc' dir='ltr'>τῶν</span> <span class='ocrx_word' id='word_1_478' title='bbox 1569 1023 1742 1058; x_wconf 80' lang='grc' dir='ltr'>γιγνομὲνων</span> <span class='ocrx_word' id='word_1_479' title='bbox 1756 1024 1829 1058; x_wconf 73' lang='grc' dir='ltr'>μάρ-</span> 
     </span>
    </p>
   </div>
   <div class='ocr_carea' id='block_1_67' title="bbox 1028 1066 1826 1104">
    <p class='ocr_par' dir='ltr' id='par_1_67' title="bbox 1028 1066 1826 1104">
     <span class='ocr_line' id='line_1_67' title="bbox 1028 1066 1826 1104; baseline -0.001 -9"><span class='ocrx_word' id='word_1_480' title='bbox 1028 1076 1122 1104; x_wconf 88' lang='grc' dir='ltr'>τυρας·</span> <span class='ocrx_word' id='word_1_481' title='bbox 1139 1068 1218 1095; x_wconf 83' lang='grc' dir='ltr'>τοῦτο</span> <span class='ocrx_word' id='word_1_482' title='bbox 1252 1067 1302 1103; x_wconf 82' lang='grc' dir='ltr'>μὲν</span> <span class='ocrx_word' id='word_1_483' title='bbox 1319 1067 1364 1094; x_wconf 78' lang='grc' dir='ltr'><strong>ἐπὶ</strong></span> <span class='ocrx_word' id='word_1_484' title='bbox 1379 1067 1428 1102; x_wconf 86' lang='grc' dir='ltr'>τῆς</span> <span class='ocrx_word' id='word_1_485' title='bbox 1444 1067 1473 1093; x_wconf 78' lang='grc' dir='ltr'>ὲν</span> <span class='ocrx_word' id='word_1_486' title='bbox 1486 1066 1524 1102; x_wconf 87' lang='grc' dir='ltr'>τῷ</span> <span class='ocrx_word' id='word_1_487' title='bbox 1548 1067 1605 1103; x_wconf 73' lang='grc' dir='ltr'>δρει</span> <span class='ocrx_word' id='word_1_488' title='bbox 1622 1067 1741 1104; x_wconf 79' lang='grc' dir='ltr'>θεωρίας</span> <span class='ocrx_word' id='word_1_489' title='bbox 1760 1069 1826 1103; x_wconf 82' lang='grc' dir='ltr'>(μό-</span> 
     </span>
    </p>
   </div>
   <div class='ocr_carea' id='block_1_68' title="bbox 1028 1111 1827 1149">
    <p class='ocr_par' dir='ltr' id='par_1_68' title="bbox 1028 1111 1827 1149">
     <span class='ocr_line' id='line_1_68' title="bbox 1028 1111 1827 1149; baseline -0.001 -10"><span class='ocrx_word' id='word_1_490' title='bbox 1028 1121 1074 1145; x_wconf 90' lang='grc' dir='ltr'><strong>νος</strong></span> <span class='ocrx_word' id='word_1_491' title='bbox 1093 1113 1147 1149; x_wconf 79' lang='grc' dir='ltr'><strong>γὰρ</strong></span> <span class='ocrx_word' id='word_1_492' title='bbox 1159 1112 1194 1149; x_wconf 83' lang='grc' dir='ltr'>ἦν</span> <span class='ocrx_word' id='word_1_493' title='bbox 1216 1113 1274 1139; x_wconf 75' lang='grc' dir='ltr'>ἐκεῖ</span> <span class='ocrx_word' id='word_1_494' title='bbox 1294 1112 1412 1147; x_wconf 84' lang='grc' dir='ltr'>Πέτρος,</span> <span class='ocrx_word' id='word_1_495' title='bbox 1430 1111 1477 1138; x_wconf 75' lang='grc' dir='ltr'>καὶ</span> <span class='ocrx_word' id='word_1_496' title='bbox 1501 1111 1647 1144; x_wconf 81' lang='grc' dir='ltr'>Ἰάκωϐος,</span> <span class='ocrx_word' id='word_1_497' title='bbox 1662 1112 1710 1139; x_wconf 79' lang='grc' dir='ltr'>καὶ</span> <span class='ocrx_word' id='word_1_498' title='bbox 1733 1111 1827 1139; x_wconf 77' lang='grc' dir='ltr'>Ἰωάν-</span> 
     </span>
    </p>
   </div>
   <div class='ocr_carea' id='block_1_69' title="bbox 1029 1156 1825 1194">
    <p class='ocr_par' dir='ltr' id='par_1_69' title="bbox 1029 1156 1825 1194">
     <span class='ocr_line' id='line_1_69' title="bbox 1029 1156 1825 1194; baseline -0.003 -9"><span class='ocrx_word' id='word_1_499' title='bbox 1029 1167 1078 1194; x_wconf 88' lang='grc' dir='ltr'><strong>νης</strong></span> <span class='ocrx_word' id='word_1_500' title='bbox 1086 1178 1094 1191; x_wconf 85' lang='grc'><strong>,</strong></span> <span class='ocrx_word' id='word_1_501' title='bbox 1106 1159 1150 1185; x_wconf 81' lang='grc' dir='ltr'>ὅτε</span> <span class='ocrx_word' id='word_1_502' title='bbox 1160 1158 1191 1185; x_wconf 83' lang='grc' dir='ltr'>τὸ</span> <span class='ocrx_word' id='word_1_503' title='bbox 1202 1158 1281 1193; x_wconf 85' lang='grc' dir='ltr'>σῶμα</span> <span class='ocrx_word' id='word_1_504' title='bbox 1296 1157 1327 1184; x_wconf 78' lang='grc' dir='ltr'>τὸ</span> <span class='ocrx_word' id='word_1_505' title='bbox 1342 1156 1438 1184; x_wconf 69' lang='grc' dir='ltr'>ἑαυτοῦ</span> <span class='ocrx_word' id='word_1_506' title='bbox 1452 1156 1671 1192; x_wconf 81' lang='grc' dir='ltr'>μεταμορφώσας</span> <span class='ocrx_word' id='word_1_507' title='bbox 1682 1158 1697 1184; x_wconf 84' lang='grc' dir='ltr'><strong>ό</strong></span> <span class='ocrx_word' id='word_1_508' title='bbox 1705 1157 1825 1192; x_wconf 79' lang='grc' dir='ltr'>Κύριος,</span> 
     </span>
    </p>
   </div>
   <div class='ocr_carea' id='block_1_70' title="bbox 1029 1201 1825 1238">
    <p class='ocr_par' dir='ltr' id='par_1_70' title="bbox 1029 1201 1825 1238">
     <span class='ocr_line' id='line_1_70' title="bbox 1029 1201 1825 1238; baseline -0.004 -7"><span class='ocrx_word' id='word_1_509' title='bbox 1029 1205 1069 1236; x_wconf 88' lang='grc' dir='ltr'><strong>είς</strong></span> <span class='ocrx_word' id='word_1_510' title='bbox 1094 1203 1197 1236; x_wconf 75' lang='grc' dir='ltr'>ἔνδοξον</span> <span class='ocrx_word' id='word_1_511' title='bbox 1225 1204 1272 1231; x_wconf 76' lang='grc' dir='ltr'>καὶ</span> <span class='ocrx_word' id='word_1_512' title='bbox 1297 1202 1488 1238; x_wconf 80' lang='grc' dir='ltr'>λαμπροτέραν</span> <span class='ocrx_word' id='word_1_513' title='bbox 1524 1201 1640 1237; x_wconf 87' lang='grc' dir='ltr'>θεότητα</span> <span class='ocrx_word' id='word_1_514' title='bbox 1675 1202 1825 1237; x_wconf 79' lang='grc' dir='ltr'>μετέϐαλε,</span> 
     </span>
    </p>
   </div>
   <div class='ocr_carea' id='block_1_71' title="bbox 1029 1247 1825 1283">
    <p class='ocr_par' dir='ltr' id='par_1_71' title="bbox 1029 1247 1825 1283">
     <span class='ocr_line' id='line_1_71' title="bbox 1029 1247 1825 1283; baseline -0.004 -6"><span class='ocrx_word' id='word_1_515' title='bbox 1029 1249 1148 1277; x_wconf 83' lang='grc' dir='ltr'>Μωῦσέα</span> <span class='ocrx_word' id='word_1_516' title='bbox 1173 1248 1221 1276; x_wconf 74' lang='grc' dir='ltr'>καὶ</span> <span class='ocrx_word' id='word_1_517' title='bbox 1236 1248 1329 1275; x_wconf 77' lang='grc' dir='ltr'>Ἠλίαν</span> <span class='ocrx_word' id='word_1_518' title='bbox 1341 1249 1370 1275; x_wconf 81' lang='grc' dir='ltr'>ὲν</span> <span class='ocrx_word' id='word_1_519' title='bbox 1385 1247 1474 1282; x_wconf 76' lang='grc' dir='ltr'>ἑαυτῷ</span> <span class='ocrx_word' id='word_1_520' title='bbox 1487 1247 1544 1282; x_wconf 76' lang='lat'><strong>(20)</strong></span> <span class='ocrx_word' id='word_1_521' title='bbox 1561 1248 1825 1283; x_wconf 80' lang='grc' dir='ltr'>παραστησάμενος,</span> 
     </span>
    </p>
   </div>
   <div class='ocr_carea' id='block_1_72' title="bbox 1030 1292 1827 1330">
    <p class='ocr_par' dir='ltr' id='par_1_72' title="bbox 1030 1292 1827 1330">
     <span class='ocr_line' id='line_1_72' title="bbox 1030 1292 1827 1330; baseline -0.004 -9"><span class='ocrx_word' id='word_1_522' title='bbox 1030 1295 1076 1322; x_wconf 72' lang='grc' dir='ltr'>καὶ</span> <span class='ocrx_word' id='word_1_523' title='bbox 1089 1296 1122 1330; x_wconf 78' lang='grc' dir='ltr'>τῇ</span> <span class='ocrx_word' id='word_1_524' title='bbox 1141 1294 1238 1330; x_wconf 80' lang='grc' dir='ltr'>νεφέλῃ</span> <span class='ocrx_word' id='word_1_525' title='bbox 1254 1293 1302 1321; x_wconf 84' lang='grc' dir='ltr'>τοῦ</span> <span class='ocrx_word' id='word_1_526' title='bbox 1322 1293 1410 1328; x_wconf 77' lang='grc' dir='ltr'>φωτὸς</span> <span class='ocrx_word' id='word_1_527' title='bbox 1434 1293 1612 1325; x_wconf 78' lang='grc' dir='ltr'>έπισκιάσας,</span> <span class='ocrx_word' id='word_1_528' title='bbox 1631 1292 1681 1328; x_wconf 84' lang='grc' dir='ltr'>τὴν</span> <span class='ocrx_word' id='word_1_529' title='bbox 1699 1293 1827 1328; x_wconf 81' lang='grc' dir='ltr'>μεγάλην</span> 
     </span>
    </p>
   </div>
   <div class='ocr_carea' id='block_1_73' title="bbox 1029 1338 1826 1375">
    <p class='ocr_par' dir='ltr' id='par_1_73' title="bbox 1029 1338 1826 1375">
     <span class='ocr_line' id='line_1_73' title="bbox 1029 1338 1826 1375; baseline -0.001 -9"><span class='ocrx_word' id='word_1_530' title='bbox 1029 1339 1136 1374; x_wconf 72' lang='grc' dir='ltr'>εκείνην</span> <span class='ocrx_word' id='word_1_531' title='bbox 1149 1340 1241 1367; x_wconf 77' lang='grc' dir='ltr'>είχόνα</span> <span class='ocrx_word' id='word_1_532' title='bbox 1263 1340 1311 1375; x_wconf 81' lang='grc' dir='ltr'>τῆς</span> <span class='ocrx_word' id='word_1_533' title='bbox 1326 1338 1464 1374; x_wconf 82' lang='grc' dir='ltr'>βασιλείας</span> <span class='ocrx_word' id='word_1_534' title='bbox 1480 1339 1625 1374; x_wconf 76' lang='grc' dir='ltr'>ὕπέδειξε)⁶</span> <span class='ocrx_word' id='word_1_535' title='bbox 1637 1338 1716 1366; x_wconf 77' lang='grc' dir='ltr'>τοῦτο</span> <span class='ocrx_word' id='word_1_536' title='bbox 1731 1339 1759 1365; x_wconf 81' lang='grc' dir='ltr'><strong>δὲ</strong></span> <span class='ocrx_word' id='word_1_537' title='bbox 1775 1338 1826 1365; x_wconf 77' lang='grc' dir='ltr'><strong>ἐπὶ</strong></span> 
     </span>
    </p>
   </div>
   <div class='ocr_carea' id='block_1_74' title="bbox 1029 1384 1824 1421">
    <p class='ocr_par' dir='ltr' id='par_1_74' title="bbox 1029 1384 1824 1421">
     <span class='ocr_line' id='line_1_74' title="bbox 1029 1384 1824 1421; baseline -0.004 -8"><span class='ocrx_word' id='word_1_538' title='bbox 1029 1386 1078 1421; x_wconf 79' lang='grc' dir='ltr'>τῆς</span> <span class='ocrx_word' id='word_1_539' title='bbox 1099 1385 1213 1421; x_wconf 80' lang='grc' dir='ltr'>Ἰαείρου</span> <span class='ocrx_word' id='word_1_540' title='bbox 1235 1384 1370 1420; x_wconf 69' lang='grc' dir='ltr'>θυγατρὸς</span> <span class='ocrx_word' id='word_1_541' title='bbox 1383 1404 1391 1416; x_wconf 89' lang='grc'><strong>,</strong></span> <span class='ocrx_word' id='word_1_542' title='bbox 1409 1384 1442 1418; x_wconf 72' lang='grc' dir='ltr'><strong>ἦν</strong></span> <span class='ocrx_word' id='word_1_543' title='bbox 1464 1384 1598 1411; x_wconf 85' lang='grc' dir='ltr'>θανοῦσαν</span> <span class='ocrx_word' id='word_1_544' title='bbox 1614 1384 1735 1419; x_wconf 81' lang='grc' dir='ltr'>διήγειρε</span> <span class='ocrx_word' id='word_1_545' title='bbox 1748 1393 1756 1400; x_wconf 92' lang='grc'>·</span> <span class='ocrx_word' id='word_1_546' title='bbox 1773 1385 1824 1410; x_wconf 80' lang='grc' dir='ltr'><strong>καὶ</strong></span> 
     </span>
    </p>
   </div>
   <div class='ocr_carea' id='block_1_75' title="bbox 1029 1428 1825 1467">
    <p class='ocr_par' dir='ltr' id='par_1_75' title="bbox 1029 1428 1825 1467">
     <span class='ocr_line' id='line_1_75' title="bbox 1029 1428 1825 1467; baseline -0.005 -9"><span class='ocrx_word' id='word_1_547' title='bbox 1029 1431 1083 1467; x_wconf 81' lang='grc' dir='ltr'><strong>γὰρ</strong></span> <span class='ocrx_word' id='word_1_548' title='bbox 1097 1432 1156 1458; x_wconf 71' lang='grc' dir='ltr'>ἐκεῖ</span> <span class='ocrx_word' id='word_1_549' title='bbox 1178 1430 1289 1462; x_wconf 82' lang='grc' dir='ltr'>τούτους</span> <span class='ocrx_word' id='word_1_550' title='bbox 1303 1428 1376 1465; x_wconf 77' lang='grc' dir='ltr'>εΐχιν</span> <span class='ocrx_word' id='word_1_551' title='bbox 1392 1430 1512 1461; x_wconf 77' lang='grc' dir='ltr'>ἐπόπτας</span> <span class='ocrx_word' id='word_1_552' title='bbox 1526 1430 1575 1465; x_wconf 77' lang='grc' dir='ltr'><strong>τῆς</strong></span> <span class='ocrx_word' id='word_1_553' title='bbox 1590 1429 1741 1465; x_wconf 77' lang='grc' dir='ltr'>γενομένης</span> <span class='ocrx_word' id='word_1_554' title='bbox 1759 1429 1825 1455; x_wconf 79' lang='grc' dir='ltr'>θαυ-</span> 
     </span>
    </p>
   </div>
   <div class='ocr_carea' id='block_1_76' title="bbox 1031 1475 1824 1512">
    <p class='ocr_par' dir='ltr' id='par_1_76' title="bbox 1031 1475 1824 1512">
     <span class='ocr_line' id='line_1_76' title="bbox 1031 1475 1824 1512; baseline -0.004 -8"><span class='ocrx_word' id='word_1_555' title='bbox 1031 1477 1208 1512; x_wconf 84' lang='grc' dir='ltr'>ματουργίας.</span> <span class='ocrx_word' id='word_1_556' title='bbox 1228 1476 1288 1503; x_wconf 83' lang='grc' dir='ltr'><strong>Ἔτι</strong></span> <span class='ocrx_word' id='word_1_557' title='bbox 1309 1484 1342 1510; x_wconf 89' lang='grc' dir='ltr'><strong>γε</strong></span> <span class='ocrx_word' id='word_1_558' title='bbox 1364 1476 1432 1510; x_wconf 81' lang='grc' dir='ltr'>μὴν,</span> <span class='ocrx_word' id='word_1_559' title='bbox 1450 1476 1493 1502; x_wconf 76' lang='grc' dir='ltr'>ἵνα</span> <span class='ocrx_word' id='word_1_560' title='bbox 1517 1476 1554 1511; x_wconf 82' lang='grc' dir='ltr'><strong>μὴ</strong></span> <span class='ocrx_word' id='word_1_561' title='bbox 1571 1475 1604 1503; x_wconf 88' lang='grc' dir='ltr'><strong>τά</strong></span> <span class='ocrx_word' id='word_1_562' title='bbox 1628 1475 1689 1502; x_wconf 83' lang='grc' dir='ltr'>καθ’</span> <span class='ocrx_word' id='word_1_563' title='bbox 1703 1475 1824 1502; x_wconf 67' lang='grc' dir='ltr'>ἕκαστον</span> 
     </span>
    </p>
   </div>
   <div class='ocr_carea' id='block_1_77' title="bbox 1029 1519 1823 1556">
    <p class='ocr_par' dir='ltr' id='par_1_77' title="bbox 1029 1519 1823 1556">
     <span class='ocr_line' id='line_1_77' title="bbox 1029 1519 1823 1556; baseline -0.003 -8"><span class='ocrx_word' id='word_1_564' title='bbox 1029 1521 1116 1555; x_wconf 77' lang='grc' dir='ltr'>λέγων</span> <span class='ocrx_word' id='word_1_565' title='bbox 1130 1520 1259 1556; x_wconf 85' lang='grc' dir='ltr'>διατρίϐω</span> <span class='ocrx_word' id='word_1_566' title='bbox 1271 1539 1279 1552; x_wconf 85' lang='grc'><strong>.</strong></span> <span class='ocrx_word' id='word_1_567' title='bbox 1294 1520 1341 1547; x_wconf 76' lang='grc' dir='ltr'>καὶ</span> <span class='ocrx_word' id='word_1_568' title='bbox 1361 1521 1423 1547; x_wconf 83' lang='grc' dir='ltr'>κατ’</span> <span class='ocrx_word' id='word_1_569' title='bbox 1438 1521 1519 1548; x_wconf 71' lang='grc' dir='ltr'>αὐτὸν</span> <span class='ocrx_word' id='word_1_570' title='bbox 1534 1520 1580 1547; x_wconf 81' lang='grc' dir='ltr'><strong>τὸν</strong></span> <span class='ocrx_word' id='word_1_571' title='bbox 1594 1520 1690 1556; x_wconf 77' lang='grc' dir='ltr'>καιρὸν</span> <span class='ocrx_word' id='word_1_572' title='bbox 1703 1519 1751 1547; x_wconf 79' lang='grc' dir='ltr'>τοῦ</span> <span class='ocrx_word' id='word_1_573' title='bbox 1767 1528 1823 1546; x_wconf 88' lang='grc' dir='ltr'>σω-</span> 
     </span>
    </p>
   </div>
   <div class='ocr_carea' id='block_1_78' title="bbox 1029 1564 1823 1601">
    <p class='ocr_par' dir='ltr' id='par_1_78' title="bbox 1029 1564 1823 1601">
     <span class='ocr_line' id='line_1_78' title="bbox 1029 1564 1823 1601; baseline 0 -10"><span class='ocrx_word' id='word_1_574' title='bbox 1029 1565 1124 1601; x_wconf 85' lang='grc' dir='ltr'>τηρίου</span> <span class='ocrx_word' id='word_1_575' title='bbox 1140 1565 1241 1597; x_wconf 76' lang='grc' dir='ltr'>πάθους</span> <span class='ocrx_word' id='word_1_576' title='bbox 1252 1566 1314 1597; x_wconf 85' lang='grc' dir='ltr'>τοὺς</span> <span class='ocrx_word' id='word_1_577' title='bbox 1326 1565 1424 1597; x_wconf 80' lang='grc' dir='ltr'>αὐτοὺς</span> <span class='ocrx_word' id='word_1_578' title='bbox 1440 1565 1539 1601; x_wconf 76' lang='grc' dir='ltr'>ἄνδρας</span> <span class='ocrx_word' id='word_1_579' title='bbox 1550 1564 1726 1601; x_wconf 82' lang='grc' dir='ltr'>παραλαϐὼν.</span> <span class='ocrx_word' id='word_1_580' title='bbox 1743 1565 1823 1601; x_wconf 80' lang='grc' dir='ltr'><strong>ὲθάῤ-</strong></span> 
     </span>
    </p>
   </div>
   <div class='ocr_carea' id='block_1_79' title="bbox 1007 1610 1820 1647">
    <p class='ocr_par' dir='ltr' id='par_1_79' title="bbox 1007 1610 1820 1647">
     <span class='ocr_line' id='line_1_79' title="bbox 1007 1610 1820 1647; baseline 0 -10"><span class='ocrx_word' id='word_1_581' title='bbox 1007 1616 1013 1624; x_wconf 82' lang='grc'><strong><em>⁸</em></strong></span> <span class='ocrx_word' id='word_1_582' title='bbox 1031 1612 1114 1647; x_wconf 81' lang='grc' dir='ltr'>ρησεν</span> <span class='ocrx_word' id='word_1_583' title='bbox 1130 1611 1217 1637; x_wconf 76' lang='grc' dir='ltr'>εἰπεῖν</span> <span class='ocrx_word' id='word_1_584' title='bbox 1228 1630 1236 1643; x_wconf 88' lang='grc'><strong>,</strong></span> <span class='ocrx_word' id='word_1_585' title='bbox 1257 1610 1295 1642; x_wconf 87' lang='grc' dir='ltr'>ὼς</span> <span class='ocrx_word' id='word_1_586' title='bbox 1310 1612 1415 1642; x_wconf 80' lang='grc' dir='ltr'>πιστοῖς</span> <span class='ocrx_word' id='word_1_587' title='bbox 1430 1610 1545 1646; x_wconf 82' lang='grc' dir='ltr'>ἀνδράσι</span> <span class='ocrx_word' id='word_1_588' title='bbox 1561 1611 1607 1637; x_wconf 76' lang='grc' dir='ltr'>καὶ</span> <span class='ocrx_word' id='word_1_589' title='bbox 1623 1610 1820 1646; x_wconf 77' lang='grc' dir='ltr'>βεϐαιοτάτοις·</span> 
     </span>
    </p>
   </div>
   <div class='ocr_carea' id='block_1_80' title="bbox 1030 1656 1821 1691">
    <p class='ocr_par' dir='ltr' id='par_1_80' title="bbox 1030 1656 1821 1691">
     <span class='ocr_line' id='line_1_80' title="bbox 1030 1656 1821 1691; baseline 0 -7"><span class='ocrx_word' id='word_1_590' title='bbox 1030 1657 1095 1684; x_wconf 80' lang='grc' dir='ltr'><strong>Νῦν</strong></span> <span class='ocrx_word' id='word_1_591' title='bbox 1109 1657 1129 1691; x_wconf 83' lang='grc' dir='ltr'><strong><em>ἠ</em></strong></span> <span class='ocrx_word' id='word_1_592' title='bbox 1148 1656 1233 1691; x_wconf 69' lang='grc' dir='ltr'><strong>ψυχή</strong></span> <span class='ocrx_word' id='word_1_593' title='bbox 1253 1665 1314 1691; x_wconf 81' lang='grc' dir='ltr'><strong>μου</strong></span> <span class='ocrx_word' id='word_1_594' title='bbox 1336 1656 1518 1690; x_wconf 79' lang='grc' dir='ltr'>τετάρακται.</span> <span class='ocrx_word' id='word_1_595' title='bbox 1538 1656 1630 1683; x_wconf 80' lang='grc' dir='ltr'>Ταῦτα</span> <span class='ocrx_word' id='word_1_596' title='bbox 1648 1656 1678 1683; x_wconf 71' lang='grc' dir='ltr'><strong>δὲ</strong></span> <span class='ocrx_word' id='word_1_597' title='bbox 1697 1657 1765 1691; x_wconf 82' lang='grc' dir='ltr'>ἡμῖν</span> <span class='ocrx_word' id='word_1_598' title='bbox 1782 1658 1821 1684; x_wconf 79' lang='grc' dir='ltr'><strong>ετ-</strong></span> 
     </span>
    </p>
   </div>
   <div class='ocr_carea' id='block_1_81' title="bbox 1032 1701 1820 1737">
    <p class='ocr_par' dir='ltr' id='par_1_81' title="bbox 1032 1701 1820 1737">
     <span class='ocr_line' id='line_1_81' title="bbox 1032 1701 1820 1737; baseline -0.001 -9"><span class='ocrx_word' id='word_1_599' title='bbox 1032 1710 1123 1737; x_wconf 85' lang='grc' dir='ltr'>ρηται,</span> <span class='ocrx_word' id='word_1_600' title='bbox 1140 1702 1190 1729; x_wconf 81' lang='grc' dir='ltr'>οὐκ</span> <span class='ocrx_word' id='word_1_601' title='bbox 1212 1702 1252 1733; x_wconf 91' lang='grc' dir='ltr'><strong>εἱς</strong></span> <span class='ocrx_word' id='word_1_602' title='bbox 1278 1701 1438 1737; x_wconf 82' lang='grc' dir='ltr'>καθαίρεσιν</span> <span class='ocrx_word' id='word_1_603' title='bbox 1460 1701 1515 1728; x_wconf 82' lang='grc' dir='ltr'>τῶν</span> <span class='ocrx_word' id='word_1_604' title='bbox 1534 1701 1636 1728; x_wconf 83' lang='grc' dir='ltr'>λοιπῶν</span> <span class='ocrx_word' id='word_1_605' title='bbox 1651 1701 1820 1735; x_wconf 76' lang='grc' dir='ltr'>ἀποστόλων,</span> 
     </span>
    </p>
   </div>
   <div class='ocr_carea' id='block_1_82' title="bbox 1030 1746 1818 1783">
    <p class='ocr_par' dir='ltr' id='par_1_82' title="bbox 1030 1746 1818 1783">
     <span class='ocr_line' id='line_1_82' title="bbox 1030 1746 1818 1783; baseline -0.001 -10"><span class='ocrx_word' id='word_1_606' title='bbox 1030 1747 1087 1774; x_wconf 84' lang='grc' dir='ltr'>ἀλλ’</span> <span class='ocrx_word' id='word_1_607' title='bbox 1100 1748 1140 1779; x_wconf 82' lang='grc' dir='ltr'><strong>είς</strong></span> <span class='ocrx_word' id='word_1_608' title='bbox 1155 1747 1302 1783; x_wconf 89' lang='grc' dir='ltr'>μαρτύριον</span> <span class='ocrx_word' id='word_1_609' title='bbox 1316 1747 1365 1782; x_wconf 84' lang='grc' dir='ltr'>τῆς</span> <span class='ocrx_word' id='word_1_610' title='bbox 1377 1746 1431 1773; x_wconf 84' lang='grc' dir='ltr'>τῶν</span> <span class='ocrx_word' id='word_1_611' title='bbox 1448 1746 1690 1782; x_wconf 77' lang='grc' dir='ltr'>μνημονευομένων</span> <span class='ocrx_word' id='word_1_612' title='bbox 1707 1746 1818 1780; x_wconf 82' lang='grc' dir='ltr'>ἀρετῆς·</span> 
     </span>
    </p>
   </div>
   <div class='ocr_carea' id='block_1_83' title="bbox 1030 1792 1820 1828">
    <p class='ocr_par' dir='ltr' id='par_1_83' title="bbox 1030 1792 1820 1828">
     <span class='ocr_line' id='line_1_83' title="bbox 1030 1792 1820 1828; baseline -0.001 -9"><span class='ocrx_word' id='word_1_613' title='bbox 1030 1793 1054 1819; x_wconf 88' lang='grc' dir='ltr'><strong>εί</strong></span> <span class='ocrx_word' id='word_1_614' title='bbox 1071 1792 1100 1820; x_wconf 76' lang='grc' dir='ltr'><strong>δὲ</strong></span> <span class='ocrx_word' id='word_1_615' title='bbox 1116 1793 1157 1820; x_wconf 88' lang='grc' dir='ltr'>δεῖ</span> <span class='ocrx_word' id='word_1_616' title='bbox 1170 1793 1323 1828; x_wconf 85' lang='grc' dir='ltr'>φιλαλήθως</span> <span class='ocrx_word' id='word_1_617' title='bbox 1338 1794 1435 1824; x_wconf 76' lang='grc' dir='ltr'>εἰπεῖν,</span> <span class='ocrx_word' id='word_1_618' title='bbox 1453 1792 1500 1819; x_wconf 59' lang='grc' dir='ltr'><strong>καὶ⁸</strong></span> <span class='ocrx_word' id='word_1_619' title='bbox 1516 1793 1557 1824; x_wconf 86' lang='grc' dir='ltr'><strong>είς</strong></span> <span class='ocrx_word' id='word_1_620' title='bbox 1574 1792 1669 1819; x_wconf 71' lang='grc' dir='ltr'>κοινὸν</span> <span class='ocrx_word' id='word_1_621' title='bbox 1682 1792 1737 1819; x_wconf 85' lang='grc' dir='ltr'><strong>τῶν</strong></span> <span class='ocrx_word' id='word_1_622' title='bbox 1753 1793 1820 1819; x_wconf 77' lang='grc' dir='ltr'>ἀπο-</span> 
     </span>
    </p>
   </div>
   <div class='ocr_carea' id='block_1_84' title="bbox 1030 1838 1820 1874">
    <p class='ocr_par' dir='ltr' id='par_1_84' title="bbox 1030 1838 1820 1874">
     <span class='ocr_line' id='line_1_84' title="bbox 1030 1838 1820 1874; baseline -0.001 -8"><span class='ocrx_word' id='word_1_623' title='bbox 1030 1839 1131 1866; x_wconf 85' lang='grc' dir='ltr'>στόλων</span> <span class='ocrx_word' id='word_1_624' title='bbox 1148 1839 1284 1874; x_wconf 81' lang='grc' dir='ltr'>έγκώμιον</span> <span class='ocrx_word' id='word_1_625' title='bbox 1295 1847 1301 1854; x_wconf 91' lang='grc'>·</span> <span class='ocrx_word' id='word_1_626' title='bbox 1317 1839 1348 1866; x_wconf 83' lang='grc' dir='ltr'>τὸ</span> <span class='ocrx_word' id='word_1_627' title='bbox 1359 1839 1414 1874; x_wconf 73' lang='grc' dir='ltr'><strong>γὰρ</strong></span> <span class='ocrx_word' id='word_1_628' title='bbox 1427 1838 1564 1874; x_wconf 73' lang='grc' dir='ltr'>ὑπεροχὰς</span> <span class='ocrx_word' id='word_1_629' title='bbox 1577 1839 1625 1866; x_wconf 75' lang='grc' dir='ltr'>καὶ</span> <span class='ocrx_word' id='word_1_630' title='bbox 1634 1838 1777 1870; x_wconf 76' lang='grc' dir='ltr'>ἐπιϐάσεις</span> <span class='ocrx_word' id='word_1_631' title='bbox 1791 1840 1820 1865; x_wconf 78' lang='grc' dir='ltr'><strong>έν</strong></span> 
     </span>
    </p>
   </div>
   <div class='ocr_carea' id='block_1_85' title="bbox 1029 1882 1820 1920">
    <p class='ocr_par' dir='ltr' id='par_1_85' title="bbox 1029 1882 1820 1920">
     <span class='ocr_line' id='line_1_85' title="bbox 1029 1882 1820 1920; baseline -0.003 -8"><span class='ocrx_word' id='word_1_632' title='bbox 1029 1887 1085 1918; x_wconf 85' lang='grc' dir='ltr'>τοῖς</span> <span class='ocrx_word' id='word_1_633' title='bbox 1099 1886 1187 1920; x_wconf 82' lang='grc' dir='ltr'>ἁγίοις</span> <span class='ocrx_word' id='word_1_634' title='bbox 1201 1884 1338 1920; x_wconf 75' lang='grc' dir='ltr'>ὁρίζεσθαι</span> <span class='ocrx_word' id='word_1_635' title='bbox 1351 1905 1358 1917; x_wconf 90' lang='grc'><strong>,</strong></span> <span class='ocrx_word' id='word_1_636' title='bbox 1372 1885 1421 1911; x_wconf 84' lang='grc' dir='ltr'><strong>οὐκ</strong></span> <span class='ocrx_word' id='word_1_637' title='bbox 1437 1884 1610 1920; x_wconf 82' lang='grc' dir='ltr'>ἀνθρωπίνης</span> <span class='ocrx_word' id='word_1_638' title='bbox 1630 1883 1663 1911; x_wconf 82' lang='grc' dir='ltr'><strong>ἂν</strong></span> <span class='ocrx_word' id='word_1_639' title='bbox 1708 1884 1820 1919; x_wconf 79' lang='grc' dir='ltr'>δοκιμα-</span> 
     </span>
    </p>
   </div>
   <div class='ocr_carea' id='block_1_86' title="bbox 1030 1929 1819 1966">
    <p class='ocr_par' dir='ltr' id='par_1_86' title="bbox 1030 1929 1819 1966">
     <span class='ocr_line' id='line_1_86' title="bbox 1030 1929 1819 1966; baseline -0.004 -7"><span class='ocrx_word' id='word_1_640' title='bbox 1030 1931 1091 1964; x_wconf 84' lang='grc' dir='ltr'>σίας</span> <span class='ocrx_word' id='word_1_641' title='bbox 1101 1951 1108 1963; x_wconf 85' lang='grc'><strong>,</strong></span> <span class='ocrx_word' id='word_1_642' title='bbox 1123 1931 1181 1958; x_wconf 77' lang='grc' dir='ltr'>ἀλλ’</span> <span class='ocrx_word' id='word_1_643' title='bbox 1194 1930 1358 1966; x_wconf 72' lang='grc' dir='ltr'>ἐπικρίσεως</span> <span class='ocrx_word' id='word_1_644' title='bbox 1372 1931 1419 1957; x_wconf 75' lang='grc' dir='ltr'>καὶ</span> <span class='ocrx_word' id='word_1_645' title='bbox 1444 1930 1574 1965; x_wconf 86' lang='grc' dir='ltr'>ἀληθείας</span> <span class='ocrx_word' id='word_1_646' title='bbox 1589 1929 1666 1957; x_wconf 76' lang='grc' dir='ltr'>Θεοῦ.</span> <span class='ocrx_word' id='word_1_647' title='bbox 1690 1930 1780 1965; x_wconf 75' lang='grc' dir='ltr'><strong>Ἥμᾶς</strong></span> <span class='ocrx_word' id='word_1_648' title='bbox 1792 1929 1819 1956; x_wconf 76' lang='grc' dir='ltr'>δὲ</span> 
     </span>
    </p>
   </div>
   <div class='ocr_carea' id='block_1_87' title="bbox 1031 1975 1819 2012">
    <p class='ocr_par' dir='ltr' id='par_1_87' title="bbox 1031 1975 1819 2012">
     <span class='ocr_line' id='line_1_87' title="bbox 1031 1975 1819 2012; baseline -0.004 -8"><span class='ocrx_word' id='word_1_649' title='bbox 1031 1978 1151 2012; x_wconf 80' lang='grc' dir='ltr'>μνήμαις</span> <span class='ocrx_word' id='word_1_650' title='bbox 1167 1976 1296 2003; x_wconf 85' lang='grc' dir='ltr'>τοιούτων</span> <span class='ocrx_word' id='word_1_651' title='bbox 1315 1976 1363 2002; x_wconf 79' lang='grc' dir='ltr'>καὶ</span> <span class='ocrx_word' id='word_1_652' title='bbox 1378 1975 1545 2010; x_wconf 82' lang='grc' dir='ltr'>τηλικούτων</span> <span class='ocrx_word' id='word_1_653' title='bbox 1562 1975 1666 2010; x_wconf 81' lang='grc' dir='ltr'>ἀνδρῶν</span> <span class='ocrx_word' id='word_1_654' title='bbox 1681 1976 1819 2002; x_wconf 83' lang='grc' dir='ltr'>κοινωνεῖν</span> 
     </span>
    </p>
   </div>
   <div class='ocr_carea' id='block_1_88' title="bbox 1033 2021 1821 2058">
    <p class='ocr_par' dir='ltr' id='par_1_88' title="bbox 1033 2021 1821 2058">
     <span class='ocr_line' id='line_1_88' title="bbox 1033 2021 1821 2058; baseline -0.005 -7"><span class='ocrx_word' id='word_1_655' title='bbox 1033 2024 1198 2056; x_wconf 80' lang='grc' dir='ltr'>ἀξιωθέντας</span> <span class='ocrx_word' id='word_1_656' title='bbox 1208 2044 1216 2056; x_wconf 90' lang='grc'><strong>,</strong></span> <span class='ocrx_word' id='word_1_657' title='bbox 1237 2023 1406 2058; x_wconf 82' lang='grc' dir='ltr'>εὐχαριστεῖν</span> <span class='ocrx_word' id='word_1_658' title='bbox 1422 2023 1570 2056; x_wconf 84' lang='grc' dir='ltr'>ἀναγκαῖον</span> <span class='ocrx_word' id='word_1_659' title='bbox 1582 2042 1589 2055; x_wconf 85' lang='grc'><strong>,</strong></span> <span class='ocrx_word' id='word_1_660' title='bbox 1603 2021 1652 2056; x_wconf 85' lang='grc' dir='ltr'><strong>οὐχ</strong></span> <span class='ocrx_word' id='word_1_661' title='bbox 1671 2021 1734 2048; x_wconf 78' lang='grc' dir='ltr'>ὅσον</span> <span class='ocrx_word' id='word_1_662' title='bbox 1748 2022 1821 2056; x_wconf 73' lang='grc' dir='ltr'>ὀφεί-</span> 
     </span>
    </p>
   </div>
   <div class='ocr_carea' id='block_1_89' title="bbox 1032 2066 1819 2103">
    <p class='ocr_par' dir='ltr' id='par_1_89' title="bbox 1032 2066 1819 2103">
     <span class='ocr_line' id='line_1_89' title="bbox 1032 2066 1819 2103; baseline -0.001 -7"><span class='ocrx_word' id='word_1_663' title='bbox 1032 2069 1130 2103; x_wconf 82' lang='grc' dir='ltr'>λομεν,</span> <span class='ocrx_word' id='word_1_664' title='bbox 1155 2068 1234 2095; x_wconf 82' lang='grc' dir='ltr'>τοῦτο</span> <span class='ocrx_word' id='word_1_665' title='bbox 1259 2068 1312 2103; x_wconf 85' lang='grc' dir='ltr'><strong>γὰρ</strong></span> <span class='ocrx_word' id='word_1_666' title='bbox 1337 2068 1484 2098; x_wconf 84' lang='grc' dir='ltr'>ἀδύνατον,</span> <span class='ocrx_word' id='word_1_667' title='bbox 1510 2067 1567 2094; x_wconf 81' lang='grc' dir='ltr'>ἀλλ’</span> <span class='ocrx_word' id='word_1_668' title='bbox 1591 2067 1653 2094; x_wconf 75' lang='grc' dir='ltr'>ὅσον</span> <span class='ocrx_word' id='word_1_669' title='bbox 1681 2066 1819 2102; x_wconf 74' lang='grc' dir='ltr'>ίσχύομεν.</span> 
     </span>
    </p>
   </div>
   <div class='ocr_carea' id='block_1_90' title="bbox 1031 2112 1819 2149">
    <p class='ocr_par' dir='ltr' id='par_1_90' title="bbox 1031 2112 1819 2149">
     <span class='ocr_line' id='line_1_90' title="bbox 1031 2112 1819 2149; baseline -0.004 -8"><span class='ocrx_word' id='word_1_670' title='bbox 1031 2114 1111 2141; x_wconf 80' lang='grc' dir='ltr'>τοῦτο</span> <span class='ocrx_word' id='word_1_671' title='bbox 1133 2114 1188 2149; x_wconf 80' lang='grc' dir='ltr'><strong>γὰρ</strong></span> <span class='ocrx_word' id='word_1_672' title='bbox 1212 2113 1401 2142; x_wconf 83' lang='grc' dir='ltr'>εὐαπόδεκτον.</span> <span class='ocrx_word' id='word_1_673' title='bbox 1426 2112 1584 2140; x_wconf 74' lang='grc' dir='ltr'>’Δπαιτοῦσι</span> <span class='ocrx_word' id='word_1_674' title='bbox 1610 2112 1640 2139; x_wconf 64' lang='grc' dir='ltr'><strong>δὲ</strong></span> <span class='ocrx_word' id='word_1_675' title='bbox 1666 2112 1770 2144; x_wconf 78' lang='grc' dir='ltr'>ταύτας</span> <span class='ocrx_word' id='word_1_676' title='bbox 1795 2113 1819 2138; x_wconf 84' lang='grc' dir='ltr'><strong>οι</strong></span> 
     </span>
    </p>
   </div>
   <div class='ocr_carea' id='block_1_91' title="bbox 1032 2157 1819 2195">
    <p class='ocr_par' dir='ltr' id='par_1_91' title="bbox 1032 2157 1819 2195">
     <span class='ocr_line' id='line_1_91' title="bbox 1032 2157 1819 2195; baseline -0.005 -8"><span class='ocrx_word' id='word_1_677' title='bbox 1032 2160 1104 2194; x_wconf 77' lang='grc' dir='ltr'>ἅγιοι</span> <span class='ocrx_word' id='word_1_678' title='bbox 1119 2159 1185 2195; x_wconf 80' lang='grc' dir='ltr'>παρ’</span> <span class='ocrx_word' id='word_1_679' title='bbox 1204 2158 1282 2194; x_wconf 81' lang='grc' dir='ltr'>ἡμῶν</span> <span class='ocrx_word' id='word_1_680' title='bbox 1296 2158 1345 2190; x_wconf 86' lang='grc' dir='ltr'><strong>τὰς</strong></span> <span class='ocrx_word' id='word_1_681' title='bbox 1363 2158 1446 2193; x_wconf 79' lang='grc' dir='ltr'>τιμὰς</span> <span class='ocrx_word' id='word_1_682' title='bbox 1458 2178 1466 2191; x_wconf 80' lang='grc'><strong>,</strong></span> <span class='ocrx_word' id='word_1_683' title='bbox 1482 2158 1531 2193; x_wconf 79' lang='grc' dir='ltr'><strong>οὐχ</strong></span> <span class='ocrx_word' id='word_1_684' title='bbox 1547 2158 1589 2184; x_wconf 85' lang='grc' dir='ltr'><strong>ῐνα</strong></span> <span class='ocrx_word' id='word_1_685' title='bbox 1605 2166 1632 2184; x_wconf 87' lang='grc' dir='ltr'><strong>τι</strong></span> <span class='ocrx_word' id='word_1_686' title='bbox 1655 2157 1819 2192; x_wconf 78' lang='grc' dir='ltr'>κερδάνωσιν</span> 
     </span>
    </p>
   </div>
   <div class='ocr_carea' id='block_1_92' title="bbox 1031 2202 1820 2241">
    <p class='ocr_par' dir='ltr' id='par_1_92' title="bbox 1031 2202 1820 2241">
     <span class='ocr_line' id='line_1_92' title="bbox 1031 2202 1820 2241; baseline -0.006 -9"><span class='ocrx_word' id='word_1_687' title='bbox 1031 2206 1247 2241; x_wconf 82' lang='grc' dir='ltr'>εὐφημούμενοι,</span> <span class='ocrx_word' id='word_1_688' title='bbox 1266 2203 1322 2231; x_wconf 77' lang='grc' dir='ltr'>ἀλλ’</span> <span class='ocrx_word' id='word_1_689' title='bbox 1347 2204 1390 2230; x_wconf 76' lang='grc' dir='ltr'>ἵνα</span> <span class='ocrx_word' id='word_1_690' title='bbox 1414 2203 1493 2238; x_wconf 84' lang='grc' dir='ltr'>ἡμεῖς</span> <span class='ocrx_word' id='word_1_691' title='bbox 1516 2203 1725 2237; x_wconf 78' lang='grc' dir='ltr'>κοινωνήσωμεν</span> <span class='ocrx_word' id='word_1_692' title='bbox 1749 2202 1820 2236; x_wconf 65' lang='lat' dir='ltr'><strong>sosp-</strong></span> 
     </span>
    </p>
   </div>
   <div class='ocr_carea' id='block_1_93' title="bbox 191 2243 977 2286">
    <p class='ocr_par' dir='ltr' id='par_1_93' title="bbox 191 2251 977 2285">
     <span class='ocr_line' id='line_1_93' title="bbox 191 2251 977 2285; baseline 0.01 -12"><span class='ocrx_word' id='word_1_693' title='bbox 191 2256 234 2274; x_wconf 74' lang='lat' dir='ltr'><strong>I&#39;t&#39;S</strong></span> <span class='ocrx_word' id='word_1_694' title='bbox 258 2253 423 2282; x_wconf 74' lang='lat' dir='ltr'><strong>exposcunt,</strong></span> <span class='ocrx_word' id='word_1_695' title='bbox 450 2257 503 2276; x_wconf 91' lang='lat' dir='ltr'><strong>non</strong></span> <span class='ocrx_word' id='word_1_696' title='bbox 530 2254 558 2277; x_wconf 93' lang='lat' dir='ltr'><strong>ut</strong></span> <span class='ocrx_word' id='word_1_697' title='bbox 584 2251 648 2285; x_wconf 87' lang='lat' dir='ltr'><strong>quid</strong></span> <span class='ocrx_word' id='word_1_698' title='bbox 677 2252 813 2279; x_wconf 89' lang='lat' dir='ltr'><strong>commodi</strong></span> <span class='ocrx_word' id='word_1_699' title='bbox 840 2253 942 2281; x_wconf 85' lang='lat' dir='ltr'><strong>nostris</strong></span> <span class='ocrx_word' id='word_1_700' title='bbox 961 2260 977 2281; x_wconf 87' lang='lat' dir='ltr'><strong>e</strong></span> 
     </span>
    </p>
   </div>
   <div class='ocr_carea' id='block_1_94' title="bbox 1036 2243 1819 2286">
    <p class='ocr_par' dir='ltr' id='par_1_94' title="bbox 1036 2246 1819 2286">
     <span class='ocr_line' id='line_1_94' title="bbox 1036 2246 1819 2286; baseline -0.008 -8"><span class='ocrx_word' id='word_1_701' title='bbox 1036 2251 1196 2286; x_wconf 69' lang='grc' dir='ltr'>γετούμενοι.</span> <span class='ocrx_word' id='word_1_702' title='bbox 1219 2251 1322 2277; x_wconf 80' lang='grc' dir='ltr'>Ἐκεῖνο</span> <span class='ocrx_word' id='word_1_703' title='bbox 1348 2249 1377 2276; x_wconf 79' lang='grc' dir='ltr'><strong>δὲ</strong></span> <span class='ocrx_word' id='word_1_704' title='bbox 1398 2249 1479 2276; x_wconf 78' lang='grc' dir='ltr'>πάλιν</span> <span class='ocrx_word' id='word_1_705' title='bbox 1505 2248 1600 2275; x_wconf 83' lang='grc' dir='ltr'>οὐδένα</span> <span class='ocrx_word' id='word_1_706' title='bbox 1625 2246 1680 2274; x_wconf 84' lang='grc' dir='ltr'><strong>τῶν</strong></span> <span class='ocrx_word' id='word_1_707' title='bbox 1701 2246 1819 2273; x_wconf 77' lang='grc' dir='ltr'>εὐσεϐῶν</span> 
     </span>
    </p>
   </div>
   <div class='ocr_carea' id='block_1_95' title="bbox 191 2292 976 2326">
    <p class='ocr_par' dir='ltr' id='par_1_95' title="bbox 191 2292 976 2326">
     <span class='ocr_line' id='line_1_95' title="bbox 191 2292 976 2326; baseline 0.009 -8"><span class='ocrx_word' id='word_1_708' title='bbox 191 2292 317 2320; x_wconf 77' lang='lat' dir='ltr'><strong>laudibus</strong></span> <span class='ocrx_word' id='word_1_709' title='bbox 338 2293 388 2320; x_wconf 90' lang='lat' dir='ltr'><strong>sibi</strong></span> <span class='ocrx_word' id='word_1_710' title='bbox 410 2293 533 2326; x_wconf 81' lang='lat' dir='ltr'><strong>accedat.</strong></span> <span class='ocrx_word' id='word_1_711' title='bbox 550 2294 597 2322; x_wconf 88' lang='lat' dir='ltr'><strong>sed</strong></span> <span class='ocrx_word' id='word_1_712' title='bbox 616 2299 645 2322; x_wconf 92' lang='lat' dir='ltr'><strong>ut</strong></span> <span class='ocrx_word' id='word_1_713' title='bbox 667 2302 717 2324; x_wconf 88' lang='lat' dir='ltr'><strong>nos</strong></span> <span class='ocrx_word' id='word_1_714' title='bbox 735 2303 767 2323; x_wconf 75' lang='lat' dir='ltr'><strong>ex</strong></span> <span class='ocrx_word' id='word_1_715' title='bbox 785 2296 836 2324; x_wconf 88' lang='lat' dir='ltr'><strong>hac</strong></span> <span class='ocrx_word' id='word_1_716' title='bbox 852 2304 976 2325; x_wconf 89' lang='lat' dir='ltr'><strong>commu-</strong></span> 
     </span>
    </p>
   </div>
   <div class='ocr_carea' id='block_1_96' title="bbox 226 2380 840 2419">
    <p class='ocr_par' dir='ltr' id='par_1_96' title="bbox 226 2380 840 2419">
     <span class='ocr_line' id='line_1_96' title="bbox 226 2380 840 2419; baseline 0.01 -13"><span class='ocrx_word' id='word_1_717' title='bbox 226 2380 247 2396; x_wconf 86' lang='grc'><strong>¹⁷</strong></span> <span class='ocrx_word' id='word_1_718' title='bbox 262 2380 361 2415; x_wconf 83' lang='lat' dir='ltr'><strong>Epltcs.</strong></span> <span class='ocrx_word' id='word_1_719' title='bbox 379 2389 405 2414; x_wconf 91' lang='lat' dir='ltr'><strong>v,</strong></span> <span class='ocrx_word' id='word_1_720' title='bbox 418 2381 463 2408; x_wconf 74' lang='lat'><strong>23.</strong></span> <span class='ocrx_word' id='word_1_721' title='bbox 502 2382 523 2397; x_wconf 84' lang='lat'>&quot;</span> <span class='ocrx_word' id='word_1_722' title='bbox 542 2381 637 2409; x_wconf 79' lang='lat' dir='ltr'><strong>Matth.</strong></span> <span class='ocrx_word' id='word_1_723' title='bbox 659 2390 726 2416; x_wconf 78' lang='lat' dir='ltr'><strong>ml,</strong></span> <span class='ocrx_word' id='word_1_724' title='bbox 746 2383 757 2409; x_wconf 83' lang='grc' dir='ltr'><strong>ί</strong></span> <span class='ocrx_word' id='word_1_725' title='bbox 780 2392 840 2419; x_wconf 88' lang='lat' dir='ltr'><strong>sqq.</strong></span> 
     </span>
    </p>
   </div>
   <div class='ocr_carea' id='block_1_97' title="bbox 227 2468 972 2507">
    <p class='ocr_par' dir='ltr' id='par_1_97' title="bbox 227 2468 972 2507">
     <span class='ocr_line' id='line_1_97' title="bbox 227 2468 972 2507; baseline 0.007 -13"><span class='ocrx_word' id='word_1_726' title='bbox 227 2468 283 2503; x_wconf 85' lang='lat' dir='ltr'><strong>(l7)</strong></span> <span class='ocrx_word' id='word_1_727' title='bbox 299 2468 330 2495; x_wconf 85' lang='lat' dir='ltr'><strong>Et</strong></span> <span class='ocrx_word' id='word_1_728' title='bbox 343 2469 370 2507; x_wconf 78' lang='lat' dir='ltr'><strong>si</strong></span> <span class='ocrx_word' id='word_1_729' title='bbox 381 2470 485 2507; x_wconf 83' lang='lat' dir='ltr'><strong>nullum</strong></span> <span class='ocrx_word' id='word_1_730' title='bbox 496 2471 662 2507; x_wconf 67' lang='lat' dir='ltr'><strong>scriptorem</strong></span> <span class='ocrx_word' id='word_1_731' title='bbox 679 2471 800 2507; x_wconf 78' lang='lat' dir='ltr'><strong>legerint,</strong></span> <span class='ocrx_word' id='word_1_732' title='bbox 817 2473 865 2507; x_wconf 92' lang='lat' dir='ltr'><strong>qui</strong></span> <span class='ocrx_word' id='word_1_733' title='bbox 888 2472 972 2499; x_wconf 79' lang='lat' dir='ltr'><strong>Joan-</strong></span> 
     </span>
    </p>
   </div>
   <div class='ocr_carea' id='block_1_98' title="bbox 191 2504 972 2540">
    <p class='ocr_par' dir='ltr' id='par_1_98' title="bbox 191 2504 972 2540">
     <span class='ocr_line' id='line_1_98' title="bbox 191 2504 972 2540; baseline 0.005 -11"><span class='ocrx_word' id='word_1_734' title='bbox 191 2511 251 2529; x_wconf 74' lang='lat' dir='ltr'><strong>nem</strong></span> <span class='ocrx_word' id='word_1_735' title='bbox 267 2504 419 2540; x_wconf 76' lang='lat' dir='ltr'><strong>apostolum</strong></span> <span class='ocrx_word' id='word_1_736' title='bbox 449 2504 476 2530; x_wconf 89' lang='lat' dir='ltr'><strong>in</strong></span> <span class='ocrx_word' id='word_1_737' title='bbox 493 2504 623 2532; x_wconf 78' lang='lat' dir='ltr'><strong>ferventis</strong></span> <span class='ocrx_word' id='word_1_738' title='bbox 640 2504 717 2540; x_wconf 64' lang='grc' dir='ltr'>ειμιτέ</span> <span class='ocrx_word' id='word_1_739' title='bbox 734 2504 837 2533; x_wconf 80' lang='lat' dir='ltr'><strong>dolium</strong></span> <span class='ocrx_word' id='word_1_740' title='bbox 866 2508 972 2534; x_wconf 86' lang='lat' dir='ltr'><strong>immis-</strong></span> 
     </span>
    </p>
   </div>
   <div class='ocr_carea' id='block_1_99' title="bbox 190 2538 971 2576">
    <p class='ocr_par' dir='ltr' id='par_1_99' title="bbox 190 2538 971 2576">
     <span class='ocr_line' id='line_1_99' title="bbox 190 2538 971 2576; baseline 0.005 -12"><span class='ocrx_word' id='word_1_741' title='bbox 190 2545 249 2576; x_wconf 79' lang='lat' dir='ltr'><strong>sum</strong></span> <span class='ocrx_word' id='word_1_742' title='bbox 270 2538 359 2576; x_wconf 69' lang='lat' dir='ltr'><strong>fuisse</strong></span> <span class='ocrx_word' id='word_1_743' title='bbox 375 2540 540 2576; x_wconf 77' lang='lat' dir='ltr'><strong>narraverit;</strong></span> <span class='ocrx_word' id='word_1_744' title='bbox 566 2538 745 2567; x_wconf 74' lang='lat' dir='ltr'><strong>nihilominus</strong></span> <span class='ocrx_word' id='word_1_745' title='bbox 773 2542 798 2569; x_wconf 88' lang='lat' dir='ltr'><strong>id</strong></span> <span class='ocrx_word' id='word_1_746' title='bbox 824 2546 927 2576; x_wconf 78' lang='lat' dir='ltr'><strong>aperte.</strong></span> <span class='ocrx_word' id='word_1_747' title='bbox 946 2543 971 2568; x_wconf 91' lang='lat' dir='ltr'><strong>ni</strong></span> 
     </span>
    </p>
   </div>
   <div class='ocr_carea' id='block_1_100' title="bbox 192 2572 972 2610">
    <p class='ocr_par' dir='ltr' id='par_1_100' title="bbox 192 2572 972 2610">
     <span class='ocr_line' id='line_1_100' title="bbox 192 2572 972 2610; baseline 0.008 -12"><span class='ocrx_word' id='word_1_748' title='bbox 192 2572 281 2610; x_wconf 75' lang='lat' dir='ltr'><strong>lallor,</strong></span> <span class='ocrx_word' id='word_1_749' title='bbox 299 2573 435 2610; x_wconf 79' lang='lat' dir='ltr'><strong>colligitur</strong></span> <span class='ocrx_word' id='word_1_750' title='bbox 452 2582 483 2610; x_wconf 60' lang='lat' dir='ltr'><strong>ea</strong></span> <span class='ocrx_word' id='word_1_751' title='bbox 501 2579 631 2610; x_wconf 84' lang='lat' dir='ltr'><strong>corrupto</strong></span> <span class='ocrx_word' id='word_1_752' title='bbox 646 2576 699 2603; x_wconf 88' lang='lat' dir='ltr'><strong>isto</strong></span> <span class='ocrx_word' id='word_1_753' title='bbox 718 2572 849 2603; x_wconf 73' lang='lat' dir='ltr'><strong>Vaticani</strong></span> <span class='ocrx_word' id='word_1_754' title='bbox 869 2577 972 2604; x_wconf 80' lang='lat' dir='ltr'><strong>codicis</strong></span> 
     </span>
    </p>
   </div>
   <div class='ocr_carea' id='block_1_101' title="bbox 191 2607 972 2646">
    <p class='ocr_par' dir='ltr' id='par_1_101' title="bbox 191 2607 972 2646">
     <span class='ocr_line' id='line_1_101' title="bbox 191 2607 972 2646; baseline 0.009 -15"><span class='ocrx_word' id='word_1_755' title='bbox 191 2607 261 2636; x_wconf 58' lang='lat' dir='ltr'><strong>loco.</strong></span> <span class='ocrx_word' id='word_1_756' title='bbox 281 2608 334 2646; x_wconf 68' lang='lat' dir='ltr'><strong>qui</strong></span> <span class='ocrx_word' id='word_1_757' title='bbox 356 2607 567 2646; x_wconf 76' lang='lat' dir='ltr'><strong>commodiorem</strong></span> <span class='ocrx_word' id='word_1_758' title='bbox 586 2607 697 2646; x_wconf 59' lang='lat' dir='ltr'><strong>&#39;nullum</strong></span> <span class='ocrx_word' id='word_1_759' title='bbox 714 2618 825 2638; x_wconf 86' lang='lat' dir='ltr'><strong>sensum</strong></span> <span class='ocrx_word' id='word_1_760' title='bbox 851 2612 972 2646; x_wconf 85' lang='lat' dir='ltr'><strong>recipere</strong></span> 
     </span>
    </p>
   </div>
   <div class='ocr_carea' id='block_1_102' title="bbox 192 2642 972 2676">
    <p class='ocr_par' dir='ltr' id='par_1_102' title="bbox 192 2642 972 2676">
     <span class='ocr_line' id='line_1_102' title="bbox 192 2642 972 2676; baseline 0.006 -8"><span class='ocrx_word' id='word_1_761' title='bbox 192 2649 272 2675; x_wconf 83' lang='lat' dir='ltr'><strong>posse</strong></span> <span class='ocrx_word' id='word_1_762' title='bbox 291 2642 408 2673; x_wconf 83' lang='lat' dir='ltr'><strong>videtur.</strong></span> <span class='ocrx_word' id='word_1_763' title='bbox 426 2647 453 2670; x_wconf 93' lang='lat' dir='ltr'><strong>et</strong></span> <span class='ocrx_word' id='word_1_764' title='bbox 471 2644 587 2672; x_wconf 82' lang='lat' dir='ltr'><strong>fortasse</strong></span> <span class='ocrx_word' id='word_1_765' title='bbox 607 2645 644 2671; x_wconf 90' lang='lat' dir='ltr'><strong>ita</strong></span> <span class='ocrx_word' id='word_1_766' title='bbox 669 2646 855 2673; x_wconf 85' lang='lat' dir='ltr'><strong>restituendus</strong></span> <span class='ocrx_word' id='word_1_767' title='bbox 872 2642 924 2676; x_wconf 75' lang='lat' dir='ltr'><strong>est.</strong></span> <span class='ocrx_word' id='word_1_768' title='bbox 943 2650 972 2673; x_wconf 87' lang='grc' dir='ltr'><strong>ιιι</strong></span> 
     </span>
    </p>
   </div>
   <div class='ocr_carea' id='block_1_103' title="bbox 191 2676 972 2716">
    <p class='ocr_par' dir='ltr' id='par_1_103' title="bbox 191 2676 972 2716">
     <span class='ocr_line' id='line_1_103' title="bbox 191 2676 972 2716; baseline 0.005 -13"><span class='ocrx_word' id='word_1_769' title='bbox 191 2677 322 2716; x_wconf 55' lang='lat' dir='ltr'><strong>legamus,</strong></span> <span class='ocrx_word' id='word_1_770' title='bbox 346 2676 484 2716; x_wconf 67' lang='grc' dir='ltr'>ζερμενον,</span> <span class='ocrx_word' id='word_1_771' title='bbox 507 2680 548 2716; x_wconf 66' lang='lat' dir='ltr'><strong>rel</strong></span> <span class='ocrx_word' id='word_1_772' title='bbox 567 2680 710 2715; x_wconf 72' lang='grc' dir='ltr'>καιόμενον</span> <span class='ocrx_word' id='word_1_773' title='bbox 734 2681 861 2716; x_wconf 75' lang='grc' dir='ltr'>εἰς’ῠδωρ</span> <span class='ocrx_word' id='word_1_774' title='bbox 877 2682 972 2709; x_wconf 85' lang='grc' dir='ltr'>τούτου</span> 
     </span>
    </p>
   </div>
   <div class='ocr_carea' id='block_1_104' title="bbox 190 2711 971 2751">
    <p class='ocr_par' dir='ltr' id='par_1_104' title="bbox 190 2711 971 2751">
     <span class='ocr_line' id='line_1_104' title="bbox 190 2711 971 2751; baseline 0.006 -14"><span class='ocrx_word' id='word_1_775' title='bbox 190 2711 278 2751; x_wconf 59' lang='grc' dir='ltr'>πρρμς</span> <span class='ocrx_word' id='word_1_776' title='bbox 295 2711 353 2751; x_wconf 77' lang='grc' dir='ltr'>βίου</span> <span class='ocrx_word' id='word_1_777' title='bbox 370 2711 455 2751; x_wconf 47' lang='grc' dir='ltr'>ἒχειν·</span> <span class='ocrx_word' id='word_1_778' title='bbox 475 2714 514 2741; x_wconf 72' lang='lat' dir='ltr'><strong>vel</strong></span> <span class='ocrx_word' id='word_1_779' title='bbox 531 2711 640 2751; x_wconf 44' lang='grc' dir='ltr'>λαϐεῖν,</span> <span class='ocrx_word' id='word_1_780' title='bbox 658 2715 829 2751; x_wconf 81' lang='grc' dir='ltr'>κεκριμένος,</span> <span class='ocrx_word' id='word_1_781' title='bbox 845 2711 900 2743; x_wconf 75' lang='grc' dir='ltr'>Ἰιοα</span> <span class='ocrx_word' id='word_1_782' title='bbox 920 2721 971 2748; x_wconf 82' lang='lat' dir='ltr'><strong>est,</strong></span> 
     </span>
    </p>
   </div>
   <div class='ocr_carea' id='block_1_105' title="bbox 191 2744 971 2782">
    <p class='ocr_par' dir='ltr' id='par_1_105' title="bbox 191 2744 971 2782">
     <span class='ocr_line' id='line_1_105' title="bbox 191 2744 971 2782; baseline 0.008 -10"><span class='ocrx_word' id='word_1_783' title='bbox 191 2744 348 2780; x_wconf 63' lang='lat' dir='ltr'><strong>Etfervrnti</strong></span> <span class='ocrx_word' id='word_1_784' title='bbox 367 2744 484 2782; x_wconf 51' lang='lat' dir='ltr'><strong>iii&#39;nqna,</strong></span> <span class='ocrx_word' id='word_1_785' title='bbox 499 2754 526 2775; x_wconf 87' lang='lat' dir='ltr'><strong>nt</strong></span> <span class='ocrx_word' id='word_1_786' title='bbox 543 2750 680 2776; x_wconf 76' lang='lat' dir='ltr'><strong>mortalem</strong></span> <span class='ocrx_word' id='word_1_787' title='bbox 698 2744 764 2777; x_wconf 70' lang='lat' dir='ltr'><strong>lianc</strong></span> <span class='ocrx_word' id='word_1_788' title='bbox 782 2744 863 2778; x_wconf 61' lang='lat' dir='ltr'><strong>vitam</strong></span> <span class='ocrx_word' id='word_1_789' title='bbox 880 2744 971 2778; x_wconf 49' lang='lat' dir='ltr'><strong>termi;</strong></span> 
     </span>
    </p>
   </div>
   <div class='ocr_carea' id='block_1_106' title="bbox 189 2784 971 2820">
    <p class='ocr_par' dir='ltr' id='par_1_106' title="bbox 189 2784 971 2820">
     <span class='ocr_line' id='line_1_106' title="bbox 189 2784 971 2820; baseline 0.005 -11"><span class='ocrx_word' id='word_1_790' title='bbox 189 2786 285 2814; x_wconf 65' lang='lat' dir='ltr'><strong>ﬂaret,</strong></span> <span class='ocrx_word' id='word_1_791' title='bbox 307 2784 413 2816; x_wconf 79' lang='lat' dir='ltr'><strong>tyranni</strong></span> <span class='ocrx_word' id='word_1_792' title='bbox 432 2784 535 2811; x_wconf 75' lang='lat' dir='ltr'><strong>decreto</strong></span> <span class='ocrx_word' id='word_1_793' title='bbox 556 2784 660 2817; x_wconf 68' lang='lat' dir='ltr'><strong>jussus,</strong></span> <span class='ocrx_word' id='word_1_794' title='bbox 676 2785 703 2812; x_wconf 80' lang='lat' dir='ltr'><strong>in</strong></span> <span class='ocrx_word' id='word_1_795' title='bbox 724 2791 869 2820; x_wconf 80' lang='lat' dir='ltr'><strong>martyrum</strong></span> <span class='ocrx_word' id='word_1_796' title='bbox 885 2787 971 2814; x_wconf 79' lang='lat' dir='ltr'><strong>choris</strong></span> 
     </span>
    </p>
   </div>
   <div class='ocr_carea' id='block_1_107' title="bbox 1029 2292 1819 2331">
    <p class='ocr_par' dir='ltr' id='par_1_107' title="bbox 1029 2292 1819 2331">
     <span class='ocr_line' id='line_1_107' title="bbox 1029 2292 1819 2331; baseline -0.006 -7"><span class='ocrx_word' id='word_1_797' title='bbox 1029 2297 1136 2331; x_wconf 81' lang='grc' dir='ltr'>ἀγνοεῖν</span> <span class='ocrx_word' id='word_1_798' title='bbox 1157 2297 1257 2331; x_wconf 78' lang='grc' dir='ltr'>οἴομαι,</span> <span class='ocrx_word' id='word_1_799' title='bbox 1274 2296 1311 2327; x_wconf 85' lang='grc' dir='ltr'>ὡς</span> <span class='ocrx_word' id='word_1_800' title='bbox 1325 2295 1355 2322; x_wconf 82' lang='grc' dir='ltr'>οὐ</span> <span class='ocrx_word' id='word_1_801' title='bbox 1373 2295 1453 2331; x_wconf 87' lang='grc' dir='ltr'>μόνον</span> <span class='ocrx_word' id='word_1_802' title='bbox 1470 2294 1574 2329; x_wconf 85' lang='grc' dir='ltr'>Πέτρου</span> <span class='ocrx_word' id='word_1_803' title='bbox 1585 2313 1593 2327; x_wconf 82' lang='lat'><strong>,</strong></span> <span class='ocrx_word' id='word_1_804' title='bbox 1610 2293 1658 2320; x_wconf 81' lang='grc' dir='ltr'>καὶ</span> <span class='ocrx_word' id='word_1_805' title='bbox 1679 2292 1819 2324; x_wconf 81' lang='grc' dir='ltr'>Ἰακώϐου,</span> 
     </span>
    </p>
   </div>
   <div class='ocr_carea' id='block_1_108' title="bbox 881 2383 1388 2417">
    <p class='ocr_par' dir='ltr' id='par_1_108' title="bbox 881 2383 1388 2417">
     <span class='ocr_line' id='line_1_108' title="bbox 881 2383 1388 2417; baseline 0.002 -7"><span class='ocrx_word' id='word_1_806' title='bbox 881 2384 902 2400; x_wconf 76' lang='grc' dir='ltr'>η</span> <span class='ocrx_word' id='word_1_807' title='bbox 920 2383 1003 2412; x_wconf 79' lang='lat' dir='ltr'><strong>Marc.</strong></span> <span class='ocrx_word' id='word_1_808' title='bbox 1020 2392 1046 2417; x_wconf 76' lang='grc' dir='ltr'><strong>ν,</strong></span> <span class='ocrx_word' id='word_1_809' title='bbox 1064 2384 1109 2412; x_wconf 78' lang='lat'><strong>37.</strong></span> <span class='ocrx_word' id='word_1_810' title='bbox 1147 2384 1170 2401; x_wconf 86' lang='lat'>&quot;</span> <span class='ocrx_word' id='word_1_811' title='bbox 1184 2383 1264 2412; x_wconf 82' lang='lat' dir='ltr'><strong>Joan.</strong></span> <span class='ocrx_word' id='word_1_812' title='bbox 1281 2391 1331 2416; x_wconf 82' lang='lat' dir='ltr'><strong>xu,</strong></span> <span class='ocrx_word' id='word_1_813' title='bbox 1342 2383 1388 2411; x_wconf 75' lang='lat'><strong>27.</strong></span> 
     </span>
    </p>
   </div>
   <div class='ocr_carea' id='block_1_109' title="bbox 1028 2473 1816 2509">
    <p class='ocr_par' dir='ltr' id='par_1_109' title="bbox 1028 2473 1816 2509">
     <span class='ocr_line' id='line_1_109' title="bbox 1028 2473 1816 2509; baseline 0.003 -9"><span class='ocrx_word' id='word_1_814' title='bbox 1028 2478 1232 2501; x_wconf 75' lang='lat' dir='ltr'><strong>nmtumeratur.</strong></span> <span class='ocrx_word' id='word_1_815' title='bbox 1243 2473 1302 2500; x_wconf 81' lang='lat' dir='ltr'><strong>Sed</strong></span> <span class='ocrx_word' id='word_1_816' title='bbox 1315 2473 1350 2501; x_wconf 93' lang='lat' dir='ltr'><strong>de</strong></span> <span class='ocrx_word' id='word_1_817' title='bbox 1370 2473 1422 2501; x_wconf 86' lang='lat' dir='ltr'><strong>hac</strong></span> <span class='ocrx_word' id='word_1_818' title='bbox 1438 2473 1596 2509; x_wconf 84' lang='lat' dir='ltr'><strong>conjectura</strong></span> <span class='ocrx_word' id='word_1_819' title='bbox 1614 2476 1710 2501; x_wconf 80' lang='lat' dir='ltr'><strong>nostra</strong></span> <span class='ocrx_word' id='word_1_820' title='bbox 1730 2474 1816 2502; x_wconf 87' lang='lat' dir='ltr'><strong>erudi-</strong></span> 
     </span>
    </p>
   </div>
   <div class='ocr_carea' id='block_1_110' title="bbox 1027 2508 1359 2542">
    <p class='ocr_par' dir='ltr' id='par_1_110' title="bbox 1027 2508 1359 2542">
     <span class='ocr_line' id='line_1_110' title="bbox 1027 2508 1359 2542; baseline 0 -7"><span class='ocrx_word' id='word_1_821' title='bbox 1027 2514 1116 2535; x_wconf 92' lang='lat' dir='ltr'><strong>torum</strong></span> <span class='ocrx_word' id='word_1_822' title='bbox 1138 2508 1272 2542; x_wconf 87' lang='lat' dir='ltr'><strong>judicium</strong></span> <span class='ocrx_word' id='word_1_823' title='bbox 1290 2512 1359 2536; x_wconf 88' lang='lat' dir='ltr'><strong>esto.</strong></span> 
     </span>
    </p>
   </div>
   <div class='ocr_carea' id='block_1_111' title="bbox 1062 2543 1815 2579">
    <p class='ocr_par' dir='ltr' id='par_1_111' title="bbox 1062 2543 1815 2579">
     <span class='ocr_line' id='line_1_111' title="bbox 1062 2543 1815 2579; baseline 0 -9"><span class='ocrx_word' id='word_1_824' title='bbox 1062 2543 1118 2578; x_wconf 76' lang='lat' dir='ltr'><strong>(l8)</strong></span> <span class='ocrx_word' id='word_1_825' title='bbox 1139 2543 1407 2579; x_wconf 17' lang='lat' dir='ltr'><strong>thrsemicirculisr</strong></span> <span class='ocrx_word' id='word_1_826' title='bbox 1418 2543 1701 2579; x_wconf 75' lang='lat' dir='ltr'><strong>comprehenduntur.</strong></span> <span class='ocrx_word' id='word_1_827' title='bbox 1719 2543 1815 2571; x_wconf 81' lang='lat' dir='ltr'><strong>desunt</strong></span> 
     </span>
    </p>
   </div>
   <div class='ocr_carea' id='block_1_112' title="bbox 1026 2578 1815 2613">
    <p class='ocr_par' dir='ltr' id='par_1_112' title="bbox 1026 2578 1815 2613">
     <span class='ocr_line' id='line_1_112' title="bbox 1026 2578 1815 2613; baseline 0 -8"><span class='ocrx_word' id='word_1_828' title='bbox 1026 2578 1053 2605; x_wconf 92' lang='lat' dir='ltr'><strong>in</strong></span> <span class='ocrx_word' id='word_1_829' title='bbox 1074 2578 1219 2613; x_wconf 70' lang='lat' dir='ltr'><strong>posteriori</strong></span> <span class='ocrx_word' id='word_1_830' title='bbox 1240 2578 1322 2612; x_wconf 91' lang='lat' dir='ltr'><strong>hujus</strong></span> <span class='ocrx_word' id='word_1_831' title='bbox 1340 2578 1473 2613; x_wconf 82' lang='lat' dir='ltr'><strong>orationis</strong></span> <span class='ocrx_word' id='word_1_832' title='bbox 1494 2578 1625 2610; x_wconf 86' lang='lat' dir='ltr'><strong>editione,</strong></span> <span class='ocrx_word' id='word_1_833' title='bbox 1645 2586 1729 2613; x_wconf 85' lang='lat' dir='ltr'><strong>quam</strong></span> <span class='ocrx_word' id='word_1_834' title='bbox 1750 2587 1815 2605; x_wconf 81' lang='lat' dir='ltr'><strong>unus</strong></span> 
     </span>
    </p>
   </div>
   <div class='ocr_carea' id='block_1_113' title="bbox 1026 2612 1557 2647">
    <p class='ocr_par' dir='ltr' id='par_1_113' title="bbox 1026 2612 1557 2647">
     <span class='ocr_line' id='line_1_113' title="bbox 1026 2612 1557 2647; baseline 0 -7"><span class='ocrx_word' id='word_1_835' title='bbox 1026 2612 1154 2647; x_wconf 86' lang='lat' dir='ltr'><strong>idemque</strong></span> <span class='ocrx_word' id='word_1_836' title='bbox 1170 2612 1320 2640; x_wconf 72' lang='lat' dir='ltr'><strong>Vaticanus</strong></span> <span class='ocrx_word' id='word_1_837' title='bbox 1334 2612 1421 2640; x_wconf 75' lang='lat' dir='ltr'><strong>codex</strong></span> <span class='ocrx_word' id='word_1_838' title='bbox 1436 2612 1557 2641; x_wconf 78' lang='lat' dir='ltr'><strong>exhibet.</strong></span> 
     </span>
    </p>
   </div>
   <div class='ocr_carea' id='block_1_114' title="bbox 1063 2647 1815 2683">
    <p class='ocr_par' dir='ltr' id='par_1_114' title="bbox 1063 2647 1815 2683">
     <span class='ocr_line' id='line_1_114' title="bbox 1063 2647 1815 2683; baseline 0 -9"><span class='ocrx_word' id='word_1_839' title='bbox 1063 2648 1118 2683; x_wconf 88' lang='lat' dir='ltr'><strong>(l9)</strong></span> <span class='ocrx_word' id='word_1_840' title='bbox 1139 2648 1178 2674; x_wconf 89' lang='lat' dir='ltr'><strong>lta</strong></span> <span class='ocrx_word' id='word_1_841' title='bbox 1202 2647 1394 2683; x_wconf 76' lang='lat' dir='ltr'><strong>corrigendum</strong></span> <span class='ocrx_word' id='word_1_842' title='bbox 1421 2654 1522 2683; x_wconf 85' lang='lat' dir='ltr'><strong>censeo</strong></span> <span class='ocrx_word' id='word_1_843' title='bbox 1552 2647 1717 2675; x_wconf 86' lang='lat' dir='ltr'><strong>Vaticanum</strong></span> <span class='ocrx_word' id='word_1_844' title='bbox 1741 2648 1815 2674; x_wconf 79' lang='lat' dir='ltr'><strong>codi-</strong></span> 
     </span>
    </p>
   </div>
   <div class='ocr_carea' id='block_1_115' title="bbox 1026 2681 1814 2717">
    <p class='ocr_par' dir='ltr' id='par_1_115' title="bbox 1026 2681 1814 2717">
     <span class='ocr_line' id='line_1_115' title="bbox 1026 2681 1814 2717; baseline 0 -9"><span class='ocrx_word' id='word_1_845' title='bbox 1026 2690 1098 2713; x_wconf 81' lang='lat' dir='ltr'><strong>cem.</strong></span> <span class='ocrx_word' id='word_1_846' title='bbox 1110 2681 1113 2683; x_wconf 79' lang='grc'><em>’</em></span> <span class='ocrx_word' id='word_1_847' title='bbox 1125 2683 1152 2709; x_wconf 93' lang='lat' dir='ltr'><strong>in</strong></span> <span class='ocrx_word' id='word_1_848' title='bbox 1170 2690 1238 2717; x_wconf 85' lang='lat' dir='ltr'><strong>quo,</strong></span> <span class='ocrx_word' id='word_1_849' title='bbox 1263 2681 1410 2709; x_wconf 77' lang='lat' dir='ltr'><strong>manifesto</strong></span> <span class='ocrx_word' id='word_1_850' title='bbox 1432 2682 1537 2709; x_wconf 84' lang='lat' dir='ltr'><strong>librarii</strong></span> <span class='ocrx_word' id='word_1_851' title='bbox 1553 2690 1658 2714; x_wconf 87' lang='lat' dir='ltr'><strong>errore,</strong></span> <span class='ocrx_word' id='word_1_852' title='bbox 1674 2691 1814 2717; x_wconf 85' lang='lat' dir='ltr'><strong>perperam</strong></span> 
     </span>
    </p>
   </div>
   <div class='ocr_carea' id='block_1_116' title="bbox 1027 2717 1549 2751">
    <p class='ocr_par' dir='ltr' id='par_1_116' title="bbox 1027 2717 1549 2751">
     <span class='ocr_line' id='line_1_116' title="bbox 1027 2717 1549 2751; baseline -0.002 -7"><span class='ocrx_word' id='word_1_853' title='bbox 1027 2718 1168 2748; x_wconf 81' lang='lat' dir='ltr'><strong>scribitur,</strong></span> <span class='ocrx_word' id='word_1_854' title='bbox 1184 2718 1234 2744; x_wconf 77' lang='grc' dir='ltr'>οὐκ</span> <span class='ocrx_word' id='word_1_855' title='bbox 1251 2717 1375 2744; x_wconf 82' lang='grc' dir='ltr'>ἀποτίσει</span> <span class='ocrx_word' id='word_1_856' title='bbox 1388 2718 1420 2743; x_wconf 81' lang='grc' dir='ltr'>ὲκ</span> <span class='ocrx_word' id='word_1_857' title='bbox 1435 2717 1549 2751; x_wconf 77' lang='grc' dir='ltr'>βάσεως.</span> 
     </span>
    </p>
   </div>
   <div class='ocr_carea' id='block_1_117' title="bbox 1063 2751 1815 2790">
    <p class='ocr_par' dir='ltr' id='par_1_117' title="bbox 1063 2751 1815 2790">
     <span class='ocr_line' id='line_1_117' title="bbox 1063 2751 1815 2790; baseline 0.003 -12"><span class='ocrx_word' id='word_1_858' title='bbox 1063 2753 1120 2790; x_wconf 71' lang='grc' dir='ltr'><strong>(Ξθ)</strong></span> <span class='ocrx_word' id='word_1_859' title='bbox 1141 2753 1197 2790; x_wconf 76' lang='lat' dir='ltr'><strong>Alia</strong></span> <span class='ocrx_word' id='word_1_860' title='bbox 1210 2752 1301 2790; x_wconf 69' lang='lat' dir='ltr'><strong>hujus</strong></span> <span class='ocrx_word' id='word_1_861' title='bbox 1319 2752 1454 2790; x_wconf 72' lang='lat' dir='ltr'><strong>orationis</strong></span> <span class='ocrx_word' id='word_1_862' title='bbox 1466 2752 1640 2790; x_wconf 73' lang='lat' dir='ltr'><strong>editio._qtt:e</strong></span> <span class='ocrx_word' id='word_1_863' title='bbox 1656 2751 1685 2779; x_wconf 85' lang='lat' dir='ltr'><strong>in</strong></span> <span class='ocrx_word' id='word_1_864' title='bbox 1700 2752 1754 2780; x_wconf 80' lang='lat' dir='ltr'><strong>line</strong></span> <span class='ocrx_word' id='word_1_865' title='bbox 1765 2751 1815 2779; x_wconf 78' lang='lat' dir='ltr'><strong>Va-</strong></span> 
     </span>
    </p>
   </div>
   <div class='ocr_carea' id='block_1_118' title="bbox 1026 2787 1594 2821">
    <p class='ocr_par' dir='ltr' id='par_1_118' title="bbox 1026 2787 1594 2821">
     <span class='ocr_line' id='line_1_118' title="bbox 1026 2787 1594 2821; baseline -0.002 -7"><span class='ocrx_word' id='word_1_866' title='bbox 1026 2787 1109 2815; x_wconf 83' lang='lat' dir='ltr'><strong>ticani</strong></span> <span class='ocrx_word' id='word_1_867' title='bbox 1127 2787 1232 2815; x_wconf 84' lang='lat' dir='ltr'><strong>codicis</strong></span> <span class='ocrx_word' id='word_1_868' title='bbox 1249 2790 1349 2821; x_wconf 73' lang='lat' dir='ltr'><strong>exstat,</strong></span> <span class='ocrx_word' id='word_1_869' title='bbox 1370 2787 1453 2814; x_wconf 88' lang='lat' dir='ltr'><strong>ltabct</strong></span> <span class='ocrx_word' id='word_1_870' title='bbox 1469 2787 1497 2814; x_wconf 77' lang='grc' dir='ltr'>ὶν</span> <span class='ocrx_word' id='word_1_871' title='bbox 1512 2787 1594 2819; x_wconf 72' lang='grc' dir='ltr'>αὐτῷ.</span> 
     </span>
    </p>
   </div>
  </div>
