1912 3082
36 108 91 136 7δῖ

551 113 689 142 ALTERA
719 115 895 146 LAUDATlO
922 119 952 147 S.
972 118 1156 150 STEPHANI.

1612 121 1667 153 754

31 165 79 191 καὶ
99 164 232 195 Ἰωάννου.
248 165 316 193 ἀλλά
333 167 380 193 καὶ
391 167 482 203 πάσης
496 169 563 204 ὁμοῦ
579 171 629 206 τῆς
639 172 822 209 ἁποστολικῆς

883 176 1104 206 tionebeneﬁciis
1112 184 1325 215 prosequamur.
1341 180 1429 210 Porro
1442 183 1579 211 neminem
1588 183 1665 219 pium

31 210 166 245 ἁρμονίας
183 211 232 242 τὰς
250 212 344 246 μνείας
363 214 549 249 ἐπιτελοῦμεν.
567 217 598 243 El
618 217 673 253 γὰρ
686 218 759 245 ’κατά
773 219 822 254 τὴν

32 255 85 282 τῶν
95 256 238 291 δογμάτων
250 257 391 293 ἀλήθειαν,
399 259 487 294 μελῶν
498 261 574 294 τάξιν
588 262 748 297 ἐπέχοντες,
764 264 823 296 ἐνὸς

33 300 159 335 σώματος
176 302 363 337 ἀποπληροῦσι
380 304 471 339 σχῆμα
483 325 491 337 ,
509 306 630 342 δηλονότι
647 308 823 345 δοξαζομένου

34 355 86 380 μου
101 346 157 381 (21)
173 347 271 383 μέρους
286 349 361 381 ἑνὸς,
379 349 417 382 ὥς
427 359 508 386 φησιν
523 353 536 378 ὁ
555 353 714 386 Ἀπόστολος
724 376 731 388 ,
747 357 825 382 Συν-

32 390 186 423 δοξὰζεται
204 393 302 421 πάντα
317 395 353 421 τὰ
366 395 444 429 μέλη
456 416 463 428 ,
487 397 535 423 καὶ
558 398 674 432 μάλιστα
691 401 735 427 ἐπ’
752 401 824 427 ὲκεί-

33 446 86 463 νων
116 438 171 465 τῶν
199 440 340 475 μακαρίων
368 442 415 468 καὶ
441 442 616 470 τελειοτάτων
636 445 757 480 ἀνδρῶν,
784 444 825 478 οἷς

34 483 124 509 πάντα
141 487 281 520 συμφωνεί
295 486 363 521 πρὸς
379 487 507 523 ἀλήθειαν
517 508 524 521 ,
540 490 586 516 καὶ
603 491 617 516 ὁ
638 491 737 526 τρόπος
760 492 825 527 ὁμό-

34 537 160 564 γνωμος.
179 531 225 558 καὶ
252 532 268 566 ἡ
291 533 382 565 πίστις
405 534 548 569 ὁμόδοξος,
567 536 612 563 καὶ
632 536 670 568 ὡς
695 537 775 564 κοινὰ
789 538 824 565 τὰ

34 576 84 610 τῆς
98 576 239 609 εὐσεόείας
255 578 479 615 πλεονεκτήματα
495 582 596 608 τούτων
608 602 615 613 ,
630 583 708 610 κοινά
721 584 768 610 καὶ
791 585 825 611 τὰ

35 622 110 656 παρά
126 622 176 657 τῆς
195 623 321 658 ἀληθείας
347 626 581 662 σεμνολογῆματα.
598 628 645 660 Τίς
668 629 696 656 δὲ
719 630 768 656 οὐκ
792 631 827 657 ἂν

34 668 153 701 εὐλόγως
184 669 294 705 ἡσθείη,
312 671 359 697 καὶ
385 672 468 699 αὑτοῦ
495 673 541 699 τοῦ
564 673 641 708 ἁγίου
667 675 825 710 Πνεύματος

35 713 193 750 πληρωθείη
208 735 215 747 ,
232 716 402 752 ἀποστολικῷ
416 718 488 753 χορῷ
510 721 648 746 κοινωνεῖν
663 720 824 756 ἠξιωμένος,

35 758 73 793 τῷ
86 760 179 786 πᾶσαν
202 761 251 796 τὴν
265 762 426 798 οἰκουμένην
452 763 520 799 πρὸς
544 764 593 800 τὴν
607 765 755 800 ἐπίγνωσιν
777 767 825 801 τῆς

36 804 166 840 ἀληθείας
185 806 359 841 eameam,
381 808 419 843 τῷ
439 809 510 836 κατὰ
531 810 620 845 πάσης
635 813 685 846 τῆς
700 812 825 847 οἰκουμέ-

873 222 999 257 ignorare
1024 224 1153 257 arbitror,
1175 233 1227 254 nos
1250 226 1302 254 hac
1323 227 1368 254 die
1386 235 1442 254 non
1468 229 1556 256 solum
1577 228 1664 263 Petri,

872 267 965 295 Jacobi
987 273 1014 297 et
1029 268 1155 304 Joannis,
1171 271 1219 299 sed
1236 276 1264 299 et
1288 272 1413 300 omnium
1430 273 1510 301 simul
1527 275 1667 309 apostolo-

873 321 935 341 rum
959 316 1119 342 memoriam
1141 316 1293 345 celebrare.
1311 317 1340 345 Si
1365 318 1438 345 enim
1456 319 1529 354 quod
1556 320 1590 347 ad
1613 319 1665 347 do-

874 363 994 394 gmatum
1016 361 1159 389 veritatem
1175 363 1283 395 attinet,
1306 363 1490 391 membrorum
1508 364 1595 392 instar
1610 365 1667 392 dis-

874 404 968 438 positi,
990 404 1073 433 unius
1096 406 1222 440 corporis
1242 406 1360 434 formam
1384 408 1553 443 exprimunt,
1582 413 1620 441 et,
1641 410 1668 436 εἱ

874 457 955 475 unum
965 450 1109 477 membrum
1128 451 1270 486 gloriatur,
1286 456 1314 479 ut
1326 453 1364 480 ait
1375 453 1563 487 Apostolus",
1576 455 1667 481 onmin

873 494 956 521 simul
970 496 1085 522 membra
1104 497 1266 531 gloriantur,
1284 497 1311 525 id
1329 498 1423 533 utique
1441 498 1469 525 in
1491 499 1580 527 beatis
1597 507 1668 534 quo-

874 547 929 575 que
949 540 1003 568 illis
1025 545 1109 576 atque
1133 542 1317 570 sanctissimis
1336 543 1404 570 viris
1421 543 1559 578 praecipue
1574 543 1666 571 locum

876 586 966 619 habet,
982 586 1010 612 in
1032 586 1132 620 quibus
1146 591 1246 614 cuncta
1271 595 1335 615 cum
1353 588 1469 616 veritate
1485 588 1667 620 concordant,

876 639 984 658 morum
1004 639 1101 666 nempe.
1115 632 1279 665 similitudo,
1295 636 1322 660 et
1336 633 1364 660 in
1377 641 1433 660 una
1448 633 1599 668 eademque
1613 633 1666 661 ﬁde

877 675 946 702 mira
962 676 1128 709 consensio;
1144 681 1170 704 et
1186 677 1417 710 quemadmodum
1431 678 1588 705 communia
1602 681 1667 704 sunt

875 728 971 747 eorum
986 723 1095 756 egregia
1114 729 1163 756 pro
1177 723 1277 756 pietate
1297 726 1383 758 gesta,
1402 722 1439 749 ita
1456 726 1483 750 et
1506 729 1668 749 communes

876 769 950 795 sunt.
965 765 1011 799 qui
1031 765 1099 800 ipsis
1115 766 1149 793 ob
1163 773 1235 793 vene
1250 766 1311 794 ﬁdei
1325 767 1544 802 praedicationem
1565 767 1667 801 imper—

878 811 984 838 tiuntur
1003 811 1132 838 honores.
1159 811 1259 847 Ecquis
1286 811 1378 840 laetitia
1403 820 1458 839 non
1482 812 1580 839 merito
1602 820 1666 847 per-

36 858 85 884 νης
99 850 257 878 ἁπλὼσαντι
273 852 307 879 τὰ
323 852 373 887 τῆς
389 854 527 886 εὐσεϐείας
544 854 651 887 δίκτυα.
662 845 711 882 καὶ
727 845 827 882 παντα-

883 855 1010 883 iundetur
1037 860 1064 884 et
1092 845 1214 891 Spiritus
1242 858 1331 885 sancti
1356 857 1456 893 gaudio
1484 857 1582 892 plenus
1602 845 1667 884 _non

38 894 84 930 χοῦ
99 895 215 930 πήξαντι
231 897 265 924 τὰ
283 897 334 932 τῆς
347 899 475 934 ἀληθείας
486 899 618 936 θήρατρα,
635 901 677 927 ἴνα
696 901 827 928 συλλαϐό-

40 950 114 976 μενοι
140 943 230 968 πᾶσαν
251 943 318 977 ὁμοῦ
335 943 383 978 τὴν
406 944 620 980 ἀνθρωπότητα,
643 945 692 981 τὴν
713 947 764 972 ὑπὸ
778 946 828 979 τῆς

39 987 138 1019 κακίας
171 988 344 1024 ἠγριωμένην
372 991 565 1024 προσαγάγωσι
591 991 630 1026 τῷ
654 991 830 1027 ὲξημεροῠντι

39 1032 86 1058 καὶ
99 1032 231 1066 σώζοντι;
247 1035 299 1071 Εζς
315 1034 419 1062 πᾶσαν
436 1036 510 1070 γοῦν
528 1036 585 1070 τὴν
602 1036 659 1071 γῆν
674 1036 803 1071 ἐξῆλθεν
815 1039 831 1064 ὁ

39 1079 171 1114 φθόγγος
198 1080 306 1107 αὐτῶν.
328 1080 360 1108 Οἱ
387 1081 506 1116 θεμέλιοι
531 1083 581 1117 τῆς
601 1082 783 1118 Ἐκκλησίας,
806 1085 831 1109 οἱ

41 1124 130 1150 στύλοι
146 1125 194 1151 καὶ
204 1126 238 1152 τὰ
253 1126 425 1161 ἐδραιώματα
433 1127 481 1162 τῆς
490 1127 626 1163 ἀληθείας,
640 1124 713 1154 οὗτοί
722 1129 789 1154 εἰσιν
803 1130 830 1155 αἱ

41 1170 145 1197 ἁένναοι
162 1172 249 1207 πηγαὶ
259 1172 305 1198 τοῦ
321 1173 454 1208 σωτηρίου
464 1195 471 1206 ,
489 1173 516 1201 αἳ
533 1174 598 1201 πολὺ
609 1194 616 1205 ,
633 1175 680 1201 καὶ
694 1174 830 1206 πλούσιον,

42 1216 87 1242 καὶ
104 1216 221 1249 θεοειδὲς
246 1219 318 1253 νᾶμα
336 1219 366 1245 τὸ
390 1219 439 1254 τῆς
466 1219 636 1251 διδασκαλίας
658 1220 826 1255 προχέουσιν.

48 1261 108 1288 Ἐπὶ
131 1263 243 1295 ’τούτους
269 1265 341 1299 ἡμᾶς
361 1265 406 1291 καὶ
425 1266 440 1300 ἡ
470 1266 624 1301 προφητικὴ
650 1266 830 1301 παραπέμπει

43 1308 116 1343 φωνὴ
130 1328 137 1339 ,
154 1308 269 1342 λέγουσα
281 1318 287 1324 ·
316 1309 493 1343 Ἀντλήσατε
508 1311 585 1345 ὕδωρ
602 1311 666 1346 μετ’
682 1312 829 1346 εὐφροσύ-

42 1361 96 1386 νης
114 1354 149 1380 ἐκ
165 1353 224 1380 τῶν
238 1354 340 1389 πηγῶν
354 1355 406 1382 τοῦ
422 1356 581 1388 Σωτηρίου.

881 901 1039 933 exsultabit.
1061 902 1126 929 dum
1148 910 1178 929 se
1196 902 1337 937 dignatum
1358 903 1460 937 cogitat
1481 902 1667 937 apostolorum

882 948 966 973 choro
981 947 1197 979 communicare,
1217 949 1264 982 qui
1280 949 1375 975 orbem
1388 951 1475 974 totum
1496 947 1528 975 ad
1545 947 1670 974 veritatis

882 992 1066 1026 cognitionem
1093 992 1253 1026 perduxere,
1277 994 1323 1028 qui
1348 1000 1397 1028 per
1420 997 1507 1020 totum
1533 997 1669 1020 terrarum

879 1039 973 1065 orbem
989 1037 1099 1072 pietatis
1121 1038 1188 1064 retia
1208 1038 1390 1073 explicarunt,
1408 1042 1435 1066 et
1451 1039 1608 1073 ubicunque
1626 1039 1669 1065 lo-

880 1089 973 1108 corum
1000 1083 1124 1109 veritatis
1151 1082 1234 1109 ﬁxere
1259 1084 1404 1116 venabula,
1429 1087 1458 1110 ut
1483 1091 1563 1110 omne
1588 1083 1671 1110 simul

881 1126 1029 1154 humanum
1063 1134 1150 1162 genus
1178 1126 1282 1154 malitia
1306 1127 1461 1160 etl‘eratum,
1481 1127 1515 1155 ad
1541 1135 1603 1154 eum
1623 1128 1670 1162 qui

881 1174 1066 1201 Inansuel'acit
1097 1174 1164 1200 illud
1190 1178 1272 1207 atque
1300 1174 1397 1206 salvat,
1427 1172 1671 1201 adducerent:ln

883 1227 984 1246 omnem
1000 1219 1091 1253 itaque
1107 1223 1204 1245 lerrum
1219 1219 1298 1246 exivit
1313 1227 1393 1246 sonus
1405 1227 1496 1245 eorum
1508 1220 1543 1245 ".
1561 1218 1593 1245 Hi
1607 1222 1672 1245 sunt

883 1262 1013 1290 Ecclesiae
1034 1263 1229 1296 fundamenta,
1252 1268 1279 1291 et
1295 1264 1419 1291 veritatis
1436 1263 1570 1290 columna
1590 1267 1673 1297 atque

884 1309 1053 1337 iulcimenta.
1085 1308 1118 1336 lli
1142 1314 1207 1337 sunt
1228 1317 1364 1345 perennes
1391 1308 1490 1336 salutis
1523 1308 1624 1338 fontes.
1656 1314 1675 1333 ο

883 1355 984 1389 quibus
999 1354 1229 1382 abundantissimi
1243 1354 1343 1381 divinat
1357 1354 1490 1382 doctrina:
1504 1353 1598 1380 latices
1610 1359 1673 1386 pro-

43 1399 140 1426 ﬂuunt.
170 1400 210 1426 Ad
241 1401 323 1428 hosce
348 1409 397 1428 nos
423 1401 462 1428 ire
491 1401 569 1436 jubet
597 1401 729 1437 propheta
763 1409 827 1428 cum
865 1401 969 1435 inquit,
995 1400 1133 1427 Haurietis
1159 1408 1256 1434 aquam
1299 1408 1359 1426 cum
1380 1399 1478 1434 gaudio
1501 1400 1534 1424 de
1556 1397 1676 1432 [antibus

44 1445 192 1473 Snlvaloris
203 1447 238 1473 “.

77 1492 285 1527 Μνημονεύεται
303 1494 403 1529 Πέτρος
419 1495 435 1528 ἡ
462 1495 566 1529 κεφαλὴ
584 1495 638 1521 τῶν
662 1495 827 1526 ἀποστόλων,

918 1494 1079 1520 Cclebratur
1096 1491 1170 1519 Petri
1192 1491 1335 1523 memoria,
1353 1490 1400 1526 qui
1424 1489 1612 1524 apostolorum
1631 1492 1674 1516 est

44 1539 89 1565 καὶ
103 1533 292 1571 συνδοξάζεται
311 1540 359 1574 μὲν
380 1540 454 1574 αὐτῷ
470 1541 503 1567 τὰ
518 1540 599 1567 λοιπὰ
616 1540 683 1576 μέλη
700 1541 750 1575 τῆς
770 1540 831 1566 Ἐκ-

44 1584 158 1620 κλησίας
172 1592 180 1600 ·
205 1585 408 1620 ὲπιστηρίζεται
431 1585 459 1612 δὲ
481 1587 497 1620 ἡ
518 1586 665 1621 Ἐκκλησία
689 1585 736 1613 τοῦ
751 1585 830 1613 Θεοῦ.

45 1628 125 1663 Οὗτος
150 1631 205 1666 γάρ
227 1631 284 1657 ἐστι
300 1631 370 1658 κατὰ
382 1631 432 1666 τὴν
447 1632 569 1658 δοθεῖσαν
588 1632 663 1667 αὐτῷ
685 1632 762 1667 παρά
785 1630 831 1658 τοῦ

45 1675 146 1711 Κυρίου
163 1675 299 1710 δωρεάνὴ
325 1676 451 1712 ἀρραγὴς
477 1676 525 1703 καὶ
548 1676 708 1711 ὀχυρωτάτη
734 1676 831 1712 πέτρα,

46 1721 86 1755 ἐφ’
103 1722 137 1757 ῆν
157 1721 207 1757 τὴν
225 1721 386 1757 Ἐκκλησίαν
404 1724 418 1749 ὁ
433 1723 527 1757 Σωτὴρ
539 1722 709 1758 ᾠκοδόμησε.
721 1722 834 1758 Μνημο-

47 1766 152 1793 νεῦεται
178 1768 258 1794 πάλιν
286 1768 412 1800 Ἰάκωϐος
435 1769 481 1795 καὶ
499 1769 642 1803 Ἰωάννης,
656 1768 703 1795 καὶ
727 1768 764 1799 ὡς
781 1768 835 1794 υἱοὶ

48 1812 160 1848 βροντῆς
175 1813 228 1840 ὑπὸ
244 1813 289 1840 τοῦ
306 1814 431 1849 Σωτῆρος
451 1814 724 1849 προσαγορευόμενοι,
745 1814 835 1844 πάσας

48 1857 151 1888 ἑαυτοῖς
176 1858 225 1889 τὰς
249 1858 432 1894 ὀμὸροτόκους
458 1859 573 1893 νεφέλας
593 1851 833 1894 συνέπιφὲρονταιί

49 1904 221 1939 ῥηγνυμένης
240 1904 293 1940 γὰρ
318 1905 367 1940 τῆς
387 1905 516 1939 βροντῆς,
532 1905 637 1940 ἀνάγκη
656 1905 703 1931 καὶ
719 1905 769 1937 τὰς
793 1913 836 1931 νε-

49 1949 132 1982 φέλας
158 1949 390 1985 συναθροίζεσθαι.
405 1951 528 1984 Νεφέλας
546 1951 593 1985 μὲν
619 1949 665 1977 οὖν
690 1951 752 1982 τοὺς
769 1951 836 1977 ἁπο-

51 1995 189 2027 στολικοὺς
211 1996 257 2022 καλ¹
286 1996 471 2031 προφητικῶς
490 1995 586 2030 λόγους
603 1995 782 2031 ὑποληπτέον.
800 1992 838 2022 ὧν

51 2041 73 2068 εί
90 2042 137 2069 καὶ
151 2042 274 2076 διάφοροι
288 2041 334 2068 τοῦ
349 2042 526 2078 κηρύγματος
537 2042 562 2067 οἱ
576 2041 680 2077 χρόνοι,
693 2041 761 2068 ἀλλά
775 2041 839 2076 σύμ,

51 2097 132 2122 φωνοι
159 2088 211 2123 τῆς
230 2088 368 2120 εὐσεϐείας
384 2088 408 2115 οἱ
424 2088 517 2123 νόμοι·
533 2087 561 2120 ἐξ
579 2087 637 2119 ἐνὸς
664 2087 719 2122 γὰρ
747 2087 840 2118 αὐτοῖς

52 2134 97 2160 καὶ
111 2133 158 2160 τοῦ
180 2132 262 2160 αὑτοῦ
286 2133 440 2168 πνεύματος
463 2133 590 2168 ὥρμηται
611 2132 646 2158 τά
672 2131 837 2167 χαρίσματα.

58 2179 136 2206 Ἀλλά
156 2179 185 2205 τί
201 2180 257 2210 τοῖς
275 2178 415 2210 ἀδυνάτοις
436 2178 571 2211 ἐπεξιέναι
590 2177 708 2213 τολμᾷν,
727 2177 774 2204 καὶ
790 2176 839 2212 τῆς
856 2171 877 2197 D

53 2224 232 2259 ἀποστολικῆς
247 2224 345 2259 ἀρετῆς
359 2224 477 2257 ἐπαξίως
489 2223 633 2259 πειρᾶσθαι
652 2221 840 2258 μνημονεύειν;

54 2269 89 2295 (lit
104 2269 172 2305 πρὸς
187 2270 296 2304 Σίμωνα
315 2271 380 2305 ἡμῖν
391 2289 399 2300 ,
413 2269 458 2296 τον
470 2269 524 2295 ἀπὸ
538 2270 586 2303 τῆς
606 2268 698 2299 ἀλείας
711 2267 841 2303 γνωριζό-

56 2321 143 2347 μενον,
157 2315 176 2349 ὴ
189 2314 244 2340 τῶν
257 2314 373 2340 ἐπαίνων
387 2313 534 2348 φιλοτιμία,
546 2312 614 2340 ἀλλὰ
627 2313 695 2348 πρὸς
705 2313 754 2347 τὴν
770 2311 841 2338 ὲκεί-

55 2366 98 2385 νου
116 2359 208 2385 πίστιν
220 2358 269 2394 τὴν
284 2358 408 2394 στερεὰν,
422 2358 469 2385 καὶ
484 2359 573 2393 πάσης
586 2357 654 2393 ὁμοῦ
669 2357 717 2392 τῆς
733 2357 843 2391 Ἐκκλη-

56 2404 114 2435 σίας
138 2404 170 2430 τὸ
187 2404 337 2439 στήριγμαε
351 2403 418 2431 Οὐδὲ
433 2403 514 2430 πάλιν
530 2404 599 2439 πρὸς
623 2403 684 2434 τοὺς
704 2402 779 2433 υἱοὺς
797 2402 845 2428 Ζε-

56 2449 161 2476 ϐεδαίου
187 2450 232 2476 τὸν
251 2449 329 2483 λόγον
351 2449 450 2484 ἔχομεν
462 2469 469 2483 ,
484 2449 552 2475 ἀλλὰ
571 2449 639 2483 προς
652 2449 715 2480 τοὺς
729 2449 843 2482 Βοανερ-

56 2498 123 2529 γεῖς,
139 2496 203 2527 τοὺς
219 2495 461 2531 ἐρμηνευομένους,
480 2495 563 2528 υἱοὺς
571 2494 715 2528 βροντῆς.
733 2494 787 2520 Ποῦ
796 2493 843 2521 νῦν

58 2541 205 2576 φανήσεται
221 2542 238 2575 ὴ
261 2541 416 2575 βραχυτάτη
434 2540 479 2567 τοῦ
500 2540 579 2574 λόγου
595 2540 670 2575 φωνὴ
685 2559 692 2570 ,
710 2540 845 2574 τοσαύνης

59 2585 104 2611 καὶ¹
120 2586 285 2621 τηλικαύτης
310 2586 425 2622 βροντῆς
450 2586 500 2617 τὰς
532 2586 641 2612 πάντων
658 2585 741 2616 ἀκοὰς
764 2594 844 2618 περι-

58 2632 201 2667 ηχούσης;
216 2632 321 2658 Οὐκοῦν
348 2632 414 2658 αὐτὸ
437 2631 516 2657 τοῦτο
535 2631 612 2665 μόνον
627 2630 675 2665 τὴν
691 2631 759 2665 πρὸς
784 2631 847 2662 τοὺς

61 2677 153 2709 ἁγίους
171 2677 379 2712 εὐγνωμοσύνην
390 2676 587 2711 ἀποπληρῶσαι
604 2676 786 2708 σπεύσαντες,
800 2676 846 2702 ἐπὶ

95 2749 116 2764 υ
133 2747 143 2774 l
159 2749 223 2776 Cor.
238 2756 285 2780 xu,
299 2748 344 2775 ‘26.
398 2747 421 2763 ¹²
436 2746 507 2774 Psal.
521 2755 595 2779 rvm,
610 2747 635 2773 5.
675 2747 696 2762 ’³
711 2746 762 2773 lsa.
779 2754 827 2779 xu,
843 2747 870 2774 5.

100 2814 157 2846 (il)
178 2813 325 2842 Dclcndum
340 2813 385 2841 hic
399 2813 506 2841 videtur
522 2820 668 2848 pronomen
685 2820 745 2846 μου.

881 1543 974 1574 caput,
996 1543 1023 1566 et
1049 1545 1103 1565 una
1124 1537 1236 1572 quidem
1257 1544 1319 1564 cum
1338 1536 1398 1571 ipso
1418 1539 1518 1563 cattera
1544 1535 1676 1562 Ecclesia:

882 1585 1003 1612 membra
1030 1584 1236 1619 gloriﬁcanrur;
1255 1581 1303 1609 Dei
1328 1589 1394 1609 vero
1410 1580 1532 1612 Ecclesia
1558 1581 1587 1608 in
1614 1580 1676 1615 ipso

883 1632 1030 1659 solidatur.
1058 1630 1107 1657 llic
1135 1629 1220 1661 enim,
1246 1629 1324 1663 juxta
1349 1627 1559 1664 praerogativam
1583 1626 1636 1654 sibi
1659 1633 1674 1652 a

886 1677 1002 1704 Domino
1015 1682 1187 1708 concessam,
1208 1675 1285 1702 ﬁrma
1299 1678 1325 1701 et
1342 1673 1509 1701 solidissima
1524 1676 1603 1708 petra
1620 1676 1675 1702 est,

885 1729 970 1755 super
985 1729 1067 1756 quam
1087 1720 1214 1747 Salvator
1229 1718 1381 1745 Ecclesiam
1395 1715 1551 1744 aediﬁcavit.
1572 1715 1675 1742 Memo-

885 1767 926 1794 ria
945 1766 1065 1800 denique
1088 1764 1246 1792 celebratur
1266 1762 1374 1793 Jacobi,
1398 1765 1426 1788 et
1448 1760 1571 1792 Joannis,
1597 1763 1624 1787 et
1647 1763 1676 1786 ut

886 1813 935 1840 lilii
957 1811 1083 1842 tonitrui,
1108 1808 1338 1845 quemadmodum
1361 1814 1408 1835 cos
1430 1806 1563 1833 Dominus
1584 1805 1678 1839 appel-

887 1858 963 1890 lavit,
993 1863 1090 1883 mnnes
1121 1862 1215 1882 secum
1244 1853 1400 1880 imbriferas
1429 1852 1518 1879 nubes
1545 1851 1675 1883 trahunt;

887 1904 991 1931 tonitru
1012 1902 1084 1931 enim
1103 1908 1194 1928 aerem
1220 1903 1377 1934 rumpente,
1394 1906 1506 1926 necesse
1527 1900 1569 1925 est
1591 1897 1679 1924 nubes

887 1947 1060 1983 congregari.
1087 1946 1179 1973 Nubes
1194 1946 1288 1980 itaque
1312 1944 1490 1979 apostolicos,
1516 1947 1544 1971 et
1562 1943 1678 1978 prophe-

888 1996 958 2022 ticos
977 2001 1117 2021 sermones
1135 1991 1291 2026 signiﬁcare
1311 1990 1479 2018 censendum
1494 1993 1546 2021 est,
1562 1996 1678 2024 quorum

889 2041 940 2068 etsi
959 2039 1087 2075 praeconii
1102 2038 1212 2065 diversa
1237 2040 1301 2065 sunt
1317 2040 1451 2071 tempora.
1468 2035 1622 2063 concordes
1638 2038 1680 2060 ta-

891 2094 964 2115 men.
981 2093 1013 2112 ac
1029 2085 1110 2119 plane
1126 2083 1232 2111 similes
1248 2082 1358 2118 pietatis
1373 2084 1437 2108 sunt
1454 2081 1537 2116 leges,
1563 2087 1626 2107 cum
1645 2086 1679 2106 ex

890 2138 946 2158 uno
958 2130 1111 2165 eodemque
1133 2129 1233 2164 spiritu
1257 2128 1325 2163 ipsis
1346 2126 1513 2154 charismata
1535 2133 1681 2161 promana-

892 2177 957 2203 rint.
987 2175 1040 2203 Sed
1056 2174 1123 2210 quid
1137 2182 1207 2209 opus
1233 2173 1313 2201 nobis
1330 2177 1372 2201 est
1396 2180 1440 2206 ea,
1464 2179 1526 2207 quae
1549 2171 1681 2206 explicari

870 2225 1046 2257 'nequennt,
1070 2220 1202 2248 audacter
1225 2218 1373 2254 prosequi,
1399 2221 1482 2252 atque
1500 2216 1566 2243 eniti
1587 2220 1617 2242 ut
1636 2215 1681 2243 di-

888 2273 969 2301 gnam
994 2265 1145 2301 apostolica
1159 2265 1262 2291 virtute
1282 2261 1573 2290 commemorationem
1597 2260 1682 2287 facia-

890 2311 971 2340 mus?
992 2310 1052 2338 Non
1071 2310 1104 2338 ad
1122 2310 1263 2337 Simonem
1283 2308 1436 2343 piscatione
1459 2311 1554 2334 notum
1574 2309 1683 2334 nostra—

890 2365 952 2384 rum
983 2356 1097 2384 laudum
1132 2355 1223 2383 studia
1248 2354 1404 2389 pertinent;
1430 2352 1478 2380 sed
1511 2352 1543 2379 ad
1577 2351 1681 2378 ﬁrmam

893 2402 1019 2436 ejusdem
1038 2402 1130 2434 ﬁdem,
1145 2405 1172 2428 et
1186 2401 1271 2428 totius
1286 2400 1369 2428 simul
1385 2398 1515 2426 Ecclesia:
1529 2398 1683 2424 ﬁrmamen-

894 2452 964 2475 tum.
980 2446 1035 2475 Nec
1057 2455 1156 2474 rursus
1181 2446 1304 2473 Zehedzei
1327 2445 1401 2472 ﬁlios
1423 2444 1606 2479 alloquimur;
1630 2442 1682 2469 sccl

894 2492 1060 2528 Boanerges,
1078 2491 1150 2527 quod
1167 2491 1377 2526 interpretatum
1402 2492 1497 2521 sonat,
1515 2487 1625 2515 tonitrut'
1650 2486 1682 2520 ﬁ-
1700 2492 1702 2497 '

894 2538 956 2565 lios.
967 2538 1081 2571 Qualem
1102 2546 1164 2565 nam
1182 2537 1262 2565 exilis
1279 2541 1372 2565 noster
1386 2542 1476 2563 sermo
1496 2540 1593 2561 sonum
1610 2531 1681 2562 edet,

895 2583 959 2610 dum
985 2584 1038 2611 tale
1063 2587 1225 2618 tantumque
1249 2583 1354 2610 tonitru
1379 2581 1503 2608 omnium
1523 2586 1604 2605 aures
1626 2577 1681 2603 cir-

894 2629 1058 2657 cumsonat?
1076 2629 1248 2665 Quapropter
1269 2626 1446 2663 quantumvis
1472 2628 1596 2653 nostrum
1617 2629 1682 2656 erga

894 2680 1003 2704 sanctos
1018 2675 1141 2703 studium
1157 2682 1189 2702 ac
1206 2675 1305 2702 bonam
1324 2676 1446 2701 nostram
1468 2678 1533 2706 erga
1555 2670 1616 2697 illos
1632 2675 1683 2695 vou-
