1912 3082
246 123 300 152 735

864 119 895 147 S.
911 117 1077 147 GREGORII
1093 117 1240 146 NYSSENI

1833 116 1881 144 7’55

247 177 377 203 luntatem
403 174 524 210 explere,
552 181 584 202 ea
610 174 708 203 saltem
733 174 839 202 ratione
864 181 1032 210 magnopere

1093 173 1137 209 τὴν·
1146 173 1284 200 ἀκίνδυνον
1299 171 1404 208 σιωπὴν
1422 170 1631 206 καταφεύγομεν
1642 189 1652 203 ,
1676 171 1771 198 ἐκεῖνο
1794 170 1881 202 καλῶς

244 228 419 256 cuperemus,
433 221 465 248 ad
478 220 618 248 silentium
630 225 721 249 tamen
733 220 846 256 periculi
859 227 958 255 expers
969 227 1034 248 con-

246 265 377 302 fugimus,
393 266 494 301 quippe
508 265 556 301 qui
572 266 676 302 optime
693 267 831 298 novimus,
853 272 904 293 nos
917 269 975 293 tum
988 265 1035 293 de-

246 319 322 339 mum
342 311 440 347 dignos
456 311 525 343 fore.
551 312 598 346 qui
618 315 776 340 sanctorum
800 311 939 339 memoriae
960 319 1035 339 com-

247 357 438 390 munieemus,
467 358 490 385 si
515 364 611 385 eorum
639 357 756 386 virtutes
785 357 925 384 imitemur
953 360 1036 391 atque

248 403 429 436 aemulemur;
451 410 505 430 non
524 403 646 438 ipsorum
662 408 738 438 gesta
764 403 940 431 sermonibus
961 402 1035 430 cele-

249 447 374 480 brantes.
394 447 441 475 sed
458 455 552 475 eorum
571 455 662 476 mores
677 448 715 475 ita
740 449 833 475 animo
848 448 1034 483 complecten-

249 497 301 526 tes,
316 497 347 520 ut
367 501 415 522 eos
435 494 506 521 elabi
526 501 679 529 nunquam,
696 501 728 522 ac
745 494 872 522 excidere
888 494 1034 529 patiamur.

249 538 305 567 Nos
321 539 396 566 enim
416 547 499 567 veros
518 546 614 567 eorum
635 539 789 575 discipulos
812 547 874 568 esse
895 547 950 567 non
966 539 1035 566 festa

250 583 450 612 inconsiderate
473 589 501 612 et
526 592 575 619 pro
592 585 791 613 consuetudine
810 585 963 618 celebrata;
987 584 1035 612 sed

249 629 375 664 religiosa
390 629 488 664 pietas,
505 630 655 666 eademque
667 631 775 658 vivendi
792 631 872 663 ratio,
889 634 916 658 et
927 637 1034 657 morum

252 674 403 702 similitudo
419 674 630 703 demonstrabit.
648 675 792 704 Veneraris
811 679 962 711 martyrum
978 682 1035 702 me-

250 719 360 752 morias,
377 727 444 747 eoru
457 729 462 745 l
475 719 536 748 dem
556 728 667 756 quoque
690 721 859 756 propositum
878 728 1009 748 venerare
1027 729 1034 747 :

250 767 315 790 tunc
341 771 459 799 namque
478 768 637 792 sanctorum
665 765 804 793 memoriis
826 771 890 793 vere
909 771 1036 792 commu-

251 808 384 841 nicamus,
398 816 461 836 cum
482 816 578 836 eorum
596 809 660 837 vitae
674 809 798 838 instituta
811 814 959 838 sectamur.
976 808 1035 837 Non

1086 219 1187 251 ειδότες
1197 238 1205 250 ,
1218 218 1257 250 ὡς
1278 218 1320 244 ἐνὶ⁹
1341 217 1430 252 τούτῳ
1446 216 1503 252 (22)
1520 218 1580 248 ταῖς
1606 216 1712 252 μνείαις
1725 216 1783 242 τῶν
1798 216 1882 249 ἁγίων

1086 262 1224 288 κοινωνεῖν
1240 259 1399 295 ἀξιούμεθά,
1414 260 1444 287 ἐν
1460 259 1499 295 τῷ
1515 259 1564 292 τὰς
1582 260 1695 287 ἐκείνων
1708 259 1814 295 ἀρετὰς
1841 269 1882 294 μι-

1088 305 1196 341 μεῖσθαι
1212 306 1258 332 καὶ
1273 304 1382 341 ζηλοῦν·
1409 306 1460 332 οὐκ
1487 306 1516 332 ἐν
1531 305 1572 340 τῷ
1590 304 1663 340 λόγῳ
1685 305 1882 340 περιφέροντες

1086 352 1175 379 αὐτῶν
1187 352 1231 378 τὸν
1246 351 1312 387 βίον,
1325 351 1382 378 ἀλλ’
1397 352 1426 378 ἐν
1441 352 1475 387 τῇ
1490 350 1586 387 γνώμῃ
1600 350 1780 382 διασώζοντες
1794 351 1882 377 αὐτῶν

1085 398 1131 425 τὸν
1145 398 1255 434 τρόπον.
1278 396 1426 430 ’Δποδείξει
1451 396 1507 432 γὰρ
1521 397 1595 432 ἡμᾶς
1618 396 1731 423 ἐκείνων
1754 396 1881 430 γνησίους

1088 443 1229 479 μαθητὰς,
1246 443 1277 470 οὺ
1298 442 1426 478 συνήθεια
1449 442 1518 477 μετὰ
1534 441 1661 476 ἀλογίας,
1679 441 1738 468 ἀλλ’
1756 440 1880 467 εὑσέσεια

1087 489 1157 525 μετὰ
1175 489 1332 521 εὐλαϐείας,
1349 489 1397 515 καὶ
1419 489 1433 515 6
1455 488 1512 523 βίος
1531 487 1672 523 ὀμόδοξος,
1690 487 1739 514 καὶ
1753 487 1767 513 6
1782 487 1880 521 τρόπος

1085 534 1225 570 ὁμόζηλος.
1246 534 1335 570 Τιμᾷς
1360 533 1506 569 μαρτύρων
1531 533 1580 568 τὴν
1611 533 1742 568 μνήμηνς
1765 532 1879 567 τίμησαι

1086 579 1134 606 καὶ
1154 579 1202 614 τὴν
1216 579 1345 614 γνώμηνι
1360 578 1486 605 κοινωνία
1511 578 1565 613 γάρ
1585 578 1634 613 τῆς
1649 578 1764 612 μνήμης
1781 577 1799 611 ἡ
1815 584 1880 611 συμ-

1086 626 1174 661 φωνία
1189 625 1238 661 τῆς
1254 625 1376 660 γνώμης.
1393 625 1439 659 Μὴ
1453 624 1507 659 γὰρ
1526 624 1640 655 ἐκείνοις
1654 623 1746 659 μόνοις
1760 621 1880 657 ἐπέλαμ-

1085 672 1134 707 ψεν
1146 673 1160 699 6
1171 671 1309 707 φωτισμδς
1325 672 1375 706 τῆς
1389 670 1515 705 γνώσεως
1528 670 1577 704 τῆς
1593 670 1672 705 δόξης
1690 668 1739 696 τοῦ
1757 669 1880 702 Εὔα-(γε-

1085 717 1142 744 λίου
1156 716 1202 744 τοῦ
1217 715 1354 752 Χριστοῦς
1373 715 1410 751 μὴ
1432 715 1486 750 γὰρ
1510 714 1624 746 ἐκείνοις
1649 714 1742 749 μόνοις
1765 714 1784 748 ἠ
1804 713 1880 747 χάρις

1087 764 1273 799 ἐξαπεστάλη;
1288 764 1320 790 At
1333 762 1437 790 ἐντολαὶ
1453 761 1542 789 κοιναὶ
1551 783 1558 792 ,
1573 763 1588 788 6
1601 760 1698 795 τρόπος
1715 759 1810 790 κοινὸς
1823 779 1830 790 ,
1843 756 1879 790 εἷς

1085 812 1100 838 6
1112 810 1166 837 τῶν
1189 810 1278 836 πόνων
1293 807 1464 843 ἀγωνοθέτης
1474 827 1483 839 ,
1508 807 1538 834 ἐν
1551 806 1581 833 τὸ
1595 805 1722 841 βραδεῖαν
1741 805 1794 841 τῆς
1817 804 1880 838 ἁληρ

249 853 322 880 enim
334 854 390 881 illis
403 854 471 882 solis
486 855 649 883 illuminatio
665 856 786 884 scientia
797 856 934 884 claritatis
946 855 1035 883 Evan-

1093 855 1161 887 ieiac
1171 875 1179 888 ,
1198 851 1229 882 οὗ
1242 841 1345 889 γένοιτο
1361 841 1466 885 πάντας
1487 853 1562 889 ἡμᾶς
1584 851 1734 886 ἀξιωθῆναι
1747 871 1756 882 .
1790 850 1880 885 εὐχαῖς

250 898 311 934 gelii
324 897 390 926 Jesu
409 899 511 927 Christi
527 900 634 928 refulsit
644 901 678 927 ”.
698 900 758 928 Non
775 901 828 929 illis
843 901 1035 928 tantummodo

1093 901 1135 928 ιιαὶ
1150 900 1308 936 πρεσὸείαις
1332 899 1387 926 τῶν
1407 897 1644 934 μνημονευθέντων
1658 897 1746 932 ἁγίων
1759 916 1769 929 ,
1790 896 1880 932 χάριτι

250 943 363 977 gratiam
394 944 508 979 largitus
533 950 576 973 est
599 945 671 974 Deus
691 955 697 973 :
717 950 853 982 praecepta
877 946 1034 974 communia

1093 946 1133 974 τοῦ
1148 946 1251 982 Κυρίου
1267 945 1345 981 ἡμῶν
1365 944 1452 980 ἰησοῦ
1468 943 1586 980 Χριστοῦ
1597 963 1605 975 ,
1618 939 1641 977 ᾧ
1654 944 1671 978 ἡ
1685 942 1752 975 δόξα
1778 941 1829 968 καὶ
1853 941 1882 967 τδ

250 992 325 1020 sunt,
352 990 508 1017 communis
531 998 642 1026 quoque
662 991 704 1020 lex
728 999 853 1025 morum;
883 1000 954 1020 unus
980 995 1032 1024 est,

1093 992 1187 1027 κράτος
1203 991 1242 1023 είς
1255 991 1317 1022 τοὺς
1330 990 1431 1021 αἰῶνας
1442 989 1497 1016 τῶν
1514 989 1630 1016 αἰώνων.
1653 988 1753 1030 Ἀμήν.

249 1033 297 1067 qui
329 1034 498 1062 certantibus
529 1035 654 1063 laborum
678 1037 787 1072 praemia
809 1037 961 1070 distribuit,
982 1044 1066 1064 unum
1085 1036 1209 1064 veritatis
1231 1035 1385 1071 pramium,
1407 1034 1488 1070 cujus
1505 1034 1572 1062 faxit
1592 1033 1675 1065 Deus,
1697 1038 1729 1061 ut
1749 1040 1806 1060 nos
1823 1040 1881 1059 om-

249 1085 300 1105 nes
319 1077 393 1112 digni
417 1078 577 1112 etllciamur.
595 1081 723 1115 precibus
755 1087 780 1109 et
804 1082 1052 1110 intercessionibus
1090 1086 1261 1113 sanctorum.
1295 1087 1413 1116 quorum
1444 1080 1603 1107 memoriam
1633 1079 1829 1110 celebramus,
1857 1083 1882 1106 et

248 1124 336 1158 gratia
360 1123 467 1152 Domini
493 1127 581 1154 nostri
597 1125 663 1154 Jesu
689 1126 804 1160 Christi,
829 1128 874 1155 cui
897 1127 982 1163 gloria
1006 1132 1033 1155 et
1051 1127 1174 1163 potentia
1192 1127 1221 1154 in
1241 1126 1342 1155 saecula
1359 1126 1533 1154 saeculorum.
1555 1125 1653 1152 Amen.

285 1211 308 1227 “
322 1211 343 1238 ll
357 1212 421 1240 Cor.
435 1221 471 1246 iv,
483 1213 512 1245 6,
527 1213 555 1241 6.

286 1288 342 1325 (22)
361 1288 390 1317 In
413 1290 466 1317 alia
487 1290 567 1326 hujus
590 1290 723 1318 orationis
739 1290 868 1322 editione,
883 1298 945 1325 quae
972 1291 1086 1318 habetur
1102 1290 1128 1316 in
1149 1298 1202 1318 “ne
1218 1289 1343 1318 Vaticani
1366 1290 1472 1318 codicis
1488 1288 1598 1324 legitur,
1629 1288 1668 1321 ὼς
1690 1288 1734 1314 ἐνὶ
1766 1287 1879 1314 τούτων.

257 1383 1872 1402 W

887 1464 1001 1507 ΤΟΥ

1050 1465 1231 1508 ΑΥΠΠ

968 1552 1150 1582 ΕΓΚΩΜΙΟΝ

338 1637 458 1694 ΕΙΣ
490 1635 640 1694 TON
678 1637 943 1695 ΜΕΓΑΝ
972 1638 1320 1697 ΜΑΡΤΥΡΑ
1358 1638 1795 1698 ΘΕΟΔΩΡΟΝ.

913 1830 1229 1877 EJUSDEM

875 1924 1005 1955 ORATIO
1029 1926 1249 1955 LAUDATOBIA

292 2015 556 2074 SANGTI
593 2015 680 2073 AC
732 2015 959 2074 MAGNI
1013 2017 1393 2074 MARTYRIS
1443 2015 1835 2076 THEODORI-

892 2126 985 2152 Eodem
997 2127 1080 2153 Sil‘ano
1090 2129 1243 2159 lnterprete.

287 2271 353 2303 Vos,
384 2271 431 2306 qui
447 2272 563 2307 populus
579 2271 694 2305 Christi,
721 2272 767 2307 qui
789 2280 853 2308 grex
871 2278 983 2302 sanctus
1008 2282 1040 2302 ac
1054 2278 1075 2307 c

251 2322 342 2353 regale
356 2318 423 2345 estis
434 2317 629 2350 sacerdotium,
643 2318 689 2352 qui
706 2318 826 2353 undique
837 2324 864 2346 et
879 2327 913 2346 ex
925 2319 1039 2348 urbibus

250 2367 279 2390 et
293 2370 326 2390 ex
342 2363 415 2396 agris
427 2363 586 2390 catervatim
603 2362 786 2395 conﬂuxistis.
805 2364 878 2391 unde
896 2365 974 2399 signo
993 2365 1039 2392 iti-

252 2407 328 2436 neris
343 2411 454 2444 accepto
467 2408 500 2435 ad
518 2408 590 2435 hunc
607 2415 716 2435 sacrum
726 2409 815 2436 locum
831 2409 962 2437 venistis?
973 2409 1040 2443 Quis

252 2454 330 2482 vobis
343 2454 395 2482 huc
410 2454 535 2482 veniendi
553 2453 621 2481 adeo
633 2455 733 2482 seriam
751 2462 783 2482 ac
797 2455 876 2490 quasi
904 2457 1040 2491 praestitu-

253 2504 308 2528 tam
326 2500 518 2527 necessitatem
534 2499 684 2534 imposuit?
710 2500 819 2536 Iiocque
834 2505 954 2536 tempore
982 2502 1039 2530 hie-

254 2546 318 2577 mis,
334 2552 390 2580 quo
406 2548 433 2571 et
447 2552 462 2570 a
477 2544 548 2572 bello
564 2545 642 2580 quies
655 2549 707 2578 est,
723 2550 750 2573 et
777 2546 856 2573 miles
871 2552 1038 2574 armaturam

253 2593 372 2622 amovet,
386 2593 414 2618 et
422 2593 503 2617 nauta
516 2590 732 2625 gubernaculum
742 2599 823 2626 supra
836 2591 940 2618 fumum
954 2593 1038 2627 ponit,

253 2640 281 2664 et
294 2636 413 2672 agricola
428 2640 548 2665 aratores
562 2637 645 2665 boves
657 2638 683 2664 in
698 2639 833 2674 praesepio
845 2645 948 2666 curans
962 2639 1038 2673 quie-

253 2681 326 2710 scit?
341 2683 382 2709 An
401 2682 489 2718 palam
501 2686 553 2715 est,
568 2682 641 2718 quod
657 2687 770 2711 sanctus
785 2687 888 2718 martyr
909 2691 941 2710 ex
967 2684 1037 2710 mili-

256 2728 361 2756 taribus
373 2728 515 2757 ordinibus
526 2728 590 2756 tuba
602 2728 711 2760 cecinit,
722 2733 749 2757 et
768 2730 867 2756 multos
878 2737 911 2756 cx
925 2729 1039 2756 diversis

254 2775 411 2809 regionibus
422 2775 555 2803 excitatos
566 2775 598 2802 ad
612 2783 668 2803 suae
687 2775 815 2810 requietis
838 2775 928 2802 locum
943 2782 975 2801 ac
994 2782 1039 2802 se-

255 2819 318 2848 dem
334 2822 450 2854 vocavit,
461 2821 558 2849 nonad
572 2821 699 2849 bellicum
717 2822 855 2850 instruens
866 2825 1037 2856 apparatum,

1133 2275 1226 2310 Ὑμεῖς
1249 2276 1263 2302 6
1281 2274 1327 2302 τοῦ
1350 2275 1468 2311 Χριστοῦ
1487 2275 1561 2307 λαὸς,
1585 2275 1602 2311 ἡ
1629 2276 1695 2310 άγία
1717 2276 1842 2311 ποίμνη.
1858 2275 1884 2301 τὸ

1093 2320 1226 2355 βασίλειον
1244 2320 1391 2355 ἱεράτευμα
1404 2339 1411 2352 ,
1424 2321 1450 2346 οἱ
1466 2319 1632 2355 πανταχόθεν
1652 2320 1765 2347 άστικοί
1790 2328 1821 2346 τε
1842 2319 1884 2345 ul

1092 2365 1232 2400 χωριτικοὶ
1257 2366 1454 2400 συρρεύσαντες
1483 2364 1579 2400 δῆμοι,
1598 2364 1681 2391 πόθεν
1703 2363 1838 2395 λαὸόντες
1857 2362 1884 2389 τὴ

1092 2411 1217 2447 σύνθημα
1230 2411 1279 2446 τῆς
1291 2410 1436 2446 όδοῦ,πρὺς
1449 2410 1494 2437 τὸν
1509 2410 1580 2444 ίερδν
1592 2410 1686 2436 τοῦτον
1700 2409 1883 2444 ἐδημαγωγή-

1091 2456 1155 2491 θητε
1170 2457 1266 2489 τόπον;
1279 2457 1328 2488 Τίς
1344 2457 1408 2491 ὑμῖν
1421 2456 1470 2490 τῆς
1484 2455 1577 2482 ἐνθάδε
1592 2455 1742 2482 σπουδαίαν
1756 2454 1834 2481 οὕτω
1843 2454 1884 2480 καὶ

1091 2502 1282 2538 ἐμπρόθεσμον
1295 2503 1298 2533 i
1313 2501 1435 2536 ἀνάγκην
1462 2500 1614 2536 ἐπέθηκενς
1636 2501 1685 2527 καὶ
1709 2499 1805 2527 ταῦτα
1831 2499 1884 2534 ὥρᾳ

1091 2548 1238 2583 χειμῶνος,
1254 2547 1336 2582 ἡνίκα
1350 2547 1396 2574 καὶ
1413 2547 1529 2581 πόλεμος
1551 2547 1670 2582 ἠρεμεῖ,
1685 2546 1736 2572 καὶ
1753 2544 1884 2580 στρατιώ-

1091 2602 1140 2629 της
1157 2593 1207 2629 τὴν
1220 2593 1369 2620 πανοπλίαν
1383 2592 1608 2624 ἀποσκευάζεται,
1625 2591 1672 2617 καὶ
1687 2590 1808 2626 πλωτὴρ
1820 2590 1884 2623 ὑπὲρ

1092 2639 1196 2666 καπνοῦ
1217 2638 1306 2673 τίθησι
1321 2638 1352 2664 τὸ
1370 2637 1498 2672 πηδάλιον
1509 2658 1516 2670 ,
1539 2636 1586 2663 καὶ
1611 2635 1738 2671 γεωγρδς
1753 2635 1884 2671 ἡσυχάζει

1091 2685 1153 2715 τοὺς
1166 2683 1303 2719 ἀροτῆρας
1320 2682 1383 2717 βοῦς
1397 2681 1554 2717 θεραπεύων
1574 2680 1620 2706 ἐπὶ
1635 2681 1684 2714 τῆς
1704 2679 1835 2714 φάτνης;
1854 2678 1883 2704 ’1-1

1097 2729 1242 2764 πρόδηλον,
1261 2728 1298 2760 ὡς
1315 2727 1442 2754 ἐσάλπισε
1467 2727 1515 2762 μὲν
1541 2727 1572 2753 ἐκ
1593 2725 1648 2752 τῶν
1677 2723 1884 2760 στρατιωτικῶν

1094 2773 1249 2807 καταλόγων
1271 2774 1286 2800 6
1306 2773 1382 2807 ἅγιος
1399 2772 1519 2808 μάρτυς·
1537 2771 1650 2806 κινήσας
1664 2770 1693 2796 δὲ
1721 2769 1840 2801 πολλοὺς
1857 2770 1884 2793 ὲκ

1093 2819 1228 2854 διαφόρων
1240 2818 1376 2854 πατρίδων
1394 2817 1462 2853 πρὸς
1475 2817 1523 2852 τὴν
1538 2816 1640 2843 οἰκείαν
1655 2815 1814 2842 ἀνάπαυσιν
1843 2812 1883 2840 καὶ
