1912 3082
56 110 102 138 ἸΠ

610 107 655 135 DE
669 107 698 135 S.
713 107 900 136 THEODORQ
918 107 1100 136 MARTYRE.

1620 110 1678 140 733

54 169 142 196 ἑστίαν
155 167 299 201 ἐκάλεσεν,
314 167 364 194 οὐκ
386 175 427 199 ε.ς
444 167 593 203 πολεμικὴν
604 166 770 202 εὑτρεπίξων
784 174 835 194 πα-

891 166 979 194 sedad
991 166 1099 194 dulcem
1123 173 1154 194 ac
1172 167 1290 196 maxime
1315 167 1487 198 Christianos
1512 169 1606 206 utique
1629 170 1680 198 de-

55 213 195 249 ρασκευὴν,
216 212 284 240 ἀλλὰ
308 212 377 247 πρὸς
392 212 441 248 τὴν
463 212 590 247 γλυκεῖαν
607 212 654 238 καὶ
675 211 790 246 μάλιστα
804 210 837 246 δὴ

53 258 216 293 Χριστιανοῖς
231 257 387 293 πρέπουσαν
401 257 523 292 συνάγων
538 257 650 293 εἰρήνην
659 265 666 290 ;
676 253 760 288 Οὗτος
771 255 836 291 γὰρ,

53 303 86 334 ὡς
98 301 261 338 πιστεύομεν
272 322 280 334 ,
297 302 345 329 καὶ
369 301 417 328 τοῦ
445 301 625 338 παρελθόντος
645 300 768 328 ἐνιαυτοῦ
787 300 838 336 τὴν

54 347 219 383 βαρϐαρικὴν
235 347 319 383 ζάλην
334 347 457 383 ὲκοίμισε
469 367 477 380 ,
499 347 547 374 καὶ
566 347 612 374 τὸν
637 347 760 384 φρικώδη
782 347 837 375 τῶν

53 395 152 430 ἀγρίων
166 393 277 420 Σκυθῶν
289 393 385 428 ἔστησε
399 393 526 427 πόλεμον,
534 393 618 420 δεινὸν
631 393 722 424 αὐτοῖς
736 393 838 420 ἐπισεί-

54 448 99 472 σας
117 440 164 466 καὶ
185 439 298 474 φοὸερὺν
322 439 373 475 ἡδη
391 438 566 474 βλεπομένοις
581 438 628 466 καὶ
645 438 836 474 πλησιάσασιν,

52 486 80 512 οὺ
93 485 192 520 κράνος
203 484 342 520 τρίλοφον,
358 484 418 511 οὐδὲ
440 483 516 518 ξίφος
540 480 568 510 εὖ
587 483 766 519 τεθηγμένον,
791 483 837 509 καὶ

53 530 116 566 πρὸς
128 530 174 557 τὸν
189 529 264 564 ἥλιον
278 529 439 556 ἀποστίλϐον
449 548 457 560 ,
472 529 541 556 ἀλλά
558 529 603 555 τὸν
616 529 777 562 ἀλεξίκακον
791 529 837 556 καὶ

52 575 250 610 παντοδύναμον
268 574 383 610 σταυρὸν
398 574 444 600 τοῦ
459 573 589 610 Χριστοῦ,
602 573 672 609 ὑπὲρ
686 571 715 601 οὗ
731 574 777 600 καὶ
792 573 837 600 αύο

51 621 92 653 τὸς
103 620 207 653 παθὼν,
222 620 271 656 τὴν
285 620 364 652 δόξαν
378 619 480 655 ταύτην
493 620 637 655 ἐκτήσατο.
658 619 712 646 Καί
729 628 774 655 μοι
785 620 836 647 λοι-

51 667 98 693 πὸν
113 666 159 692 τὸν
174 665 236 692 νοῦν
256 666 451 701 ἐπιστήσαντες
463 665 643 700 namque;
656 686 663 698 ,
680 667 704 692 οί
722 667 772 702 τῆς
785 676 836 694 κα-

51 711 133 746 θαρᾶς
141 710 243 745 ταύτης
258 709 404 746 θρησκείας
418 710 552 746 ὑπηρέται
565 711 611 738 καὶ
625 711 834 747 φιλομάρτυρὲς,

49 757 139 792 ἡλίκον
152 757 247 792 χρῆμα
260 756 378 789 δίκαιος,
395 756 443 783 καὶ
462 757 532 784 ὅσων
548 757 670 790 ἀξιοῦται
687 757 740 784 τῶν
757 758 834 793 ἀμοιο

52 801 105 827 ϐῶν
120 801 194 836 (τῶν
213 801 367 836 ὲγκοσμίων
384 809 425 834 τε,
439 801 520 836 λέγω,
535 803 582 829 καὶ
595 802 650 828 τῶν
665 803 730 838 παρ’
749 804 816 838 ἡμῖν
827 811 834 819 ·

891 216 997 240 ceutem
1019 219 1113 247 pacem
1135 213 1258 248 cogens?
1273 213 1326 241 llic
1354 215 1438 247 enim,
1465 219 1496 242 ut
1526 216 1677 249 credimus,

891 257 972 285 etiam
988 264 1061 284 anno
1082 258 1220 292 praeterito
1231 258 1402 287 barbaricam
1423 265 1609 296 tempestatem
1633 270 1678 291 se-

891 302 1011 334 davit,et
1022 303 1188 330 horrendum
1196 303 1318 332 ferorum
1332 309 1359 332 et
1379 305 1535 334 immanium
1560 307 1677 343 Scytha-

890 356 951 376 rum
979 348 1080 376 bellum
1112 349 1229 377 inhibuit
1248 353 1332 385 atque
1356 352 1498 385 repressit,
1526 353 1678 382 terribilem

891 399 973 430 atque
992 394 1189 422 formidabilem
1222 395 1277 424 illis
1304 396 1361 430 jam
1379 396 1447 425 visis
1474 401 1501 424 et
1528 398 1677 433 appropin-

890 439 1038 474 quantibus
1053 439 1202 466 obvibrans
1219 447 1273 466 non
1298 440 1403 475 galeam
1423 441 1505 469 trinis
1524 442 1618 470 cristis
1650 446 1677 470 et

890 485 968 512 conis
982 484 1128 518 insignem,
1146 492 1236 520 neque
1251 484 1371 520 gladium
1385 485 1455 513 bene
1467 490 1577 513 acutum
1592 490 1620 514 et
1643 487 1678 514 ad

890 530 975 558 solem
990 530 1221 564 resplendentem,
1237 530 1285 558 sed
1303 530 1437 558 malorum
1449 532 1677 566 propulsatricem

889 580 916 604 et
929 576 1145 610 omnipotentem
1161 583 1270 603 crucem
1286 576 1399 608 Christi,
1413 584 1463 612 pro
1487 584 1541 612 qua
1563 582 1590 605 et
1620 580 1678 612 ipse

890 625 1005 648 mortem
1037 628 1186 656 perpessus
1213 621 1284 648 hanc
1311 621 1425 656 gloriant
1450 622 1605 657 acquisivit.
1638 623 1678 649 Ac

890 666 955 693 mihi
967 666 1097 701 deinceps
1112 666 1235 693 animum
1251 666 1422 694 attendentes
1439 667 1677 702 considerate,qui

890 711 972 745 hujus
988 711 1050 746 puri
1081 711 1172 739 cultus
1187 711 1306 739 ministri
1324 719 1356 739 ac
1378 716 1532 747 martyrum
1562 712 1678 740 studiosi

890 756 968 788 estis,
984 761 1085 792 quanta
1104 764 1148 784 res
1163 757 1199 784 sit
1210 757 1311 791 justus,
1329 764 1466 792 quamque
1491 758 1591 785 multas
1611 765 1677 785 con-

890 805 1020 837 sequatur
1038 802 1272 830 remunerationes
1295 802 1395 838 (de.iis
1410 803 1507 838 loquor
1518 811 1678 830 remunera—

49 846 100 873 τῶν
115 846 170 882 γὰρ
186 846 309 881 ἀοράτων
327 847 415 879 οὐδεὶς
443 847 534 879 ἱκανὸς
551 847 708 882 λογίσασθαι
727 849 777 884 τὴν
792 857 837 884 με-

891 848 1021 880 tionibus,
1036 855 1097 883 quae
1113 847 1141 874 in
1154 847 1267 880 mundo,
1282 850 1309 874 et
1323 847 1394 882 apud
1419 855 1471 875 nos
1492 852 1675 883 praastantur:

49 890 266 926 γαλοπρέπειαν)
280 899 287 906 ·
305 892 352 918 καὶ
373 891 538 927 διορίσαντες
558 892 603 919 τὸν
624 893 674 927 τῆς
697 893 837 926 εὐσεϐείας

49 937 163 972 καρπὸν,
177 936 314 971 ζηλώσατε
327 937 381 963 τῶν
396 937 468 964 οὕτω
483 937 697 972 προτιμωμένων
708 938 757 974 τὴν
769 939 839 973 γνώ-

50 991 112 1018 μην.
134 982 337 1018 Ἑπιθυμὴσατε
361 982 389 1009 δὲ
407 982 461 1009 τῶν
484 982 572 1017 γερῶν
589 982 608 1010 ἃ
629 983 745 1019 Χριστὸς
770 983 838 1019 πρὸς

49 1027 125 1060 ἀξίαν
135 1027 256 1063 διανέμει
266 1029 322 1059 τοῖς
336 1027 475 1062 ἀθληταῖς.
494 1028 547 1054 Καὶ
557 1028 636 1060 τέως⁹
653 1029 677 1054 εἰ
688 1028 771 1062 δοκεῖ,
787 1029 838 1064 τῆς

49 1073 223 1104 ἀπολαύσεως
234 1073 288 1100 τῶν
299 1073 449 1108 μελλόντων
463 1073 572 1107 ἀγαθῶν
590 1073 789 1109 σχολαζούσης,
804 1075 838 1109 ἣν

48 1119 126 1151 ἐλπὶς
145 1119 234 1155 ἀγαθὴ
258 1119 419 1154 ταμιεύεται
443 1120 499 1151 τοῖς
524 1119 657 1153 δικαίοις,
678 1120 757 1155 ἡνίκα
773 1120 807 1147 ἂν
824 1120 838 1146 ό

48 1163 100 1190 τῶν
119 1163 263 1199 ἡμετέρων
284 1163 348 1198 βίων
362 1163 491 1199 δικαστὴς
506 1164 667 1200 ἐπιφοιτὴσῃ
681 1184 689 1196 ,
704 1165 753 1200 τὴν
767 1173 838 1196 παρ-

48 1209 132 1236 οῦσαν
151 1209 248 1244 ῐδωμεν
260 1209 315 1236 τῶν
328 1208 413 1243 ἀγίων
426 1209 601 1242 κατάστασιν,
618 1210 692 1241 ὅπως
708 1209 838 1245 καλλίστη

49 1253 105 1279 ἐστὶ
123 1253 172 1279 καὶ
200 1252 420 1288 μεγαλοπρεπής.
433 1252 514 1287 Ψυχὴ
541 1253 590 1288 μὲν
617 1253 669 1288 γὰρ
691 1253 838 1280 ἀνελθοῦσα

50 1298 113 1334 περὶ
133 1298 179 1324 τὸν
206 1297 270 1325 ῐδιον
290 1297 390 1333 κλῆρον
407 1297 589 1333 ἐμφιλοχωρεί
601 1319 609 1332 ,
627 1299 674 1325 καὶ
686 1299 838 1333 ἀσωμάτως

37 1340 103 1376 ’τοῖς
116 1344 222 1380 ὁμοίοις
251 1344 450 1370 συνδιαιτᾶται·
466 1344 546 1379 σῶμα
563 1344 591 1370 δὲ
617 1344 648 1370 τὸ
669 1344 767 1380 σεμνὸν
791 1345 838 1371 καὶ

49 1389 214 1425 ἀκηλίδωτον
226 1388 332 1424 ἐκείνης
345 1389 460 1424 ὃργανον
469 1409 476 1421 ,
493 1389 611 1425 οὐδαμοῦ
623 1391 678 1421 τοῖς
695 1390 770 1422 ίδίοις
786 1390 839 1417 πά-

49 1433 108 1460 θεσι
129 1433 234 1469 βλάψαν
249 1434 300 1468 τῆς
316 1434 496 1470 ὲνοικησάσης
512 1434 561 1470 τὴν
579 1434 748 1470 ἀφθαρσίαν,
768 1434 838 1470 μετά

48 1479 151 1514 πολλῆς
171 1479 254 1514 τιμῆς
276 1479 325 1507 καὶ
344 1479 490 1516 θεραπείας
503 1481 674 1515 περισταλὲν,
688 1481 794 1516 σεμνῶς
808 1481 837 1508 ἐν

888 901 952 921 nam
969 900 1074 926 earum,
1095 900 1157 928 quae
1182 893 1271 920 visum
1297 892 1443 928 effugiunt,
1469 893 1678 928 magniﬁcentiae

888 946 968 967 nemo
983 939 1051 967 satis
1067 939 1182 966 idoneus
1199 937 1352 965 aestimator
1361 942 1426 973 est),
1444 942 1472 965 et
1481 938 1592 973 cognito
1618 938 1678 973 pie-

888 986 953 1013 tatis
970 985 1073 1017 fructu,
1087 984 1236 1012 imitamini
1260 984 1420 1016 consilium,
1448 988 1476 1011 et
1498 984 1615 1019 aspirate
1641 983 1677 1010 ad

888 1032 1010 1058 animum
1027 1034 1055 1058 et
1070 1031 1240 1057 voluntatem
1258 1037 1366 1061 eorum,
1384 1030 1431 1064 qui
1444 1030 1481 1056 ita
1495 1037 1550 1064 pne
1571 1030 1679 1058 caeteris

889 1077 1072 1107 honorantur,
1087 1079 1170 1110 atque
1183 1075 1372 1109 concupiscite
1387 1078 1414 1102 et
1427 1074 1552 1102 affectate
1569 1082 1599 1102 ea
1609 1082 1679 1110 prm-

888 1124 954 1154 mia,
971 1131 1032 1158 quae
1051 1122 1180 1150 Christus
1211 1121 1323 1149 athletis
1339 1127 1389 1156 pro
1416 1121 1516 1148 merito
1544 1121 1678 1156 cujusque

888 1168 1040 1197 distribuit.
1056 1169 1144 1203 Atque
1161 1168 1189 1194 in
1205 1166 1351 1202 praesentia
1376 1166 1398 1194 si
1423 1167 1522 1201 placet,
1553 1170 1679 1194 cessante

889 1213 1048 1241 futurorum
1061 1213 1197 1240 bonorum
1213 1211 1314 1245 fructu,
1331 1219 1411 1247 quem
1430 1212 1502 1238 bona
1517 1219 1581 1247 spes
1595 1211 1679 1246 justis

887 1259 917 1286 in
931 1258 999 1286 illud
1014 1258 1105 1293 rejicit
1120 1261 1243 1293 tempus,
1257 1264 1312 1292 quo
1339 1264 1431 1284 rerum
1450 1257 1478 1284 in
1495 1258 1551 1284 vita
1582 1261 1680 1286 nostra

888 1309 1010 1332 actarum
1030 1303 1115 1338 jndex
1144 1302 1303 1330 advenerit:
1333 1307 1495 1337 praesentem
1519 1306 1680 1330 sanctorum

888 1351 990 1376 statum
1018 1347 1209 1382 inspiciamus,
1234 1353 1315 1381 quam
1336 1346 1484 1381 praeclarus
1503 1345 1679 1381 magniﬁcus-

887 1401 942 1428 que
958 1392 1004 1421 sit.
1019 1391 1087 1419 Nam
1103 1392 1193 1418 anima
1208 1391 1318 1426 quidem
1337 1399 1370 1418 ex
1384 1398 1439 1425 quo
1452 1390 1580 1418 sublimis
1599 1391 1680 1424 abiit,

887 1438 915 1465 in
935 1444 986 1466 suo
998 1438 1060 1465 loco
1074 1436 1238 1472 acquiescit,
1254 1440 1282 1464 et
1295 1443 1411 1471 corpore
1438 1438 1528 1464 soluta
1555 1443 1618 1464 cum
1635 1438 1679 1464 sui

863 1491 873 1498 κ
888 1482 1024 1509 similibus
1046 1489 1099 1509 una
1114 1481 1197 1514 vivit;
1228 1488 1329 1516 corpus
1351 1488 1418 1508 vero
1440 1474 1625 1508 venerandum
1638 1485 1683 1509 ret.

49 1526 115 1562 ιερῷ
138 1527 214 1562 τόπῳ
229 1526 399 1560 κατάκειται,
415 1527 509 1562 ὥσπερ
529 1535 555 1554 τι
571 1527 711 1562 κειμήλιον
728 1527 837 1554 πολυτί-

891 1527 1093 1554 immaculatum
1110 1527 1185 1555 illius
1197 1527 1423 1558 instrumentum,
1439 1526 1511 1561 quod
1530 1527 1588 1555 suis
1605 1527 1684 1555 viliis

50 1581 136 1608 μητον
152 1572 191 1607 τῷ
204 1572 292 1609 καιρῷ
302 1573 351 1608 τῆς
361 1572 570 1607 παλιγγενεσίας
581 1572 758 1608 τηρούμενον,
771 1573 838 1600 πολὺ

47 1619 78 1645 τὸ
99 1618 266 1654 ἀσύγκριτον
280 1619 340 1654 ἔχον
356 1619 424 1654 πρὸς
443 1619 477 1645 τὰ
495 1619 563 1647 ἄλλα
581 1619 635 1646 τῶν
650 1619 785 1654 σωμάτων
799 1638 808 1651 ,
822 1619 840 1646 ἃ

49 1663 132 1699 κοινῷ
155 1665 202 1691 καὶ
216 1663 255 1699 τῷ
270 1665 378 1700 τυχόντι
389 1664 497 1700 διελύθη
517 1664 639 1700 θανάτῳ,
654 1664 800 1691 καὶταῦτα
811 1665 840 1692 ὲν

48 1710 132 1745 ὁμοίᾳ
151 1709 202 1745 ὕλῃ
217 1709 268 1744 τῆς
284 1709 400 1744 φύσεως.
415 1709 457 1736 Τὰ.
472 1710 520 1745 μὲν
535 1709 589 1746 γὰρ
602 1709 669 1737 ἀλλα
682 1710 736 1737 τῶν
748 1710 841 1745 λειψά-

49 1763 114 1787 νων,
127 1754 176 1781 καὶ
187 1754 317 1790 βδελυκτά
326 1755 382 1786 τοῖς
398 1754 505 1786 πολλοῖς
517 1755 585 1787 ἐστι,
596 1755 643 1781 καὶ
657 1755 744 1787 οὐδεὶς
755 1755 841 1791 ἡδέως

49 1800 220 1836 παρέρχεται
237 1799 330 1834 τάφον.
346 1800 364 1835 ἢ
376 1800 424 1827 καὶ
439 1800 571 1835 ἀνεῳγότι
584 1800 674 1835 τυχὼν
686 1800 718 1827 ὲκ
727 1799 774 1827 τοῦ
787 1808 840 1827 παι

49 1846 166 1881 ραδόξου
178 1865 186 1877 ,
200 1845 337 1872 ἐπιϐαλὼν
351 1845 380 1872 δὲ
396 1845 446 1881 τὴν
457 1844 519 1880 ὄψιν
533 1846 567 1881 τῇ
585 1845 708 1881 ἀμορφία
729 1845 782 1872 τῶν
796 1845 842 1879 ὲγ-

47 1892 199 1927 κειμένων,
212 1891 302 1927 πάσης
316 1891 410 1927 ἀηδίας
424 1891 589 1928 πληρωθεὶς,
602 1892 650 1919 καὶ
663 1891 748 1927 βαρέα
757 1900 842 1918 κατα-

47 1936 184 1969 στενάξας
197 1938 247 1972 τῆς
270 1936 478 1972 ἁνθρωπότητος
503 1937 681 1972 παρατρέχει.
703 1936 842 1963 Ἐλθὼνδὲ

47 1982 89 2012 εἷς
103 1990 132 2008 τι
148 1981 247 2016 χωρίον
261 1982 352 2017 ὅμοιον
367 1981 465 2017 τούτῳ,
479 1981 542 2008 ἔνθα
556 1981 675 2017 σήμερον
685 1981 699 2008 ὁ
711 1981 843 2017 ἡμέτερος

47 2025 198 2059 σύλλογος,
214 2025 280 2052 ὃπου
308 2025 402 2060 μνήμη
425 2024 529 2051 δικαίου
547 2024 594 2051 καὶ
611 2023 687 2058 ἅγιον
708 2023 842 2058 λείψανον·

46 2070 163 2106 πρῶτον
176 2070 226 2104 μὲν
244 2071 277 2105 τῇ
293 2069 516 2105 μεγαλοπρεπείᾳ
536 2069 590 2095 τῶν
614 2067 760 2104 ὁρωμένων
775 2067 844 2103 ψυχ-

45 2117 202 2150 αγωγεῖται
211 2136 220 2148 ,
231 2113 304 2142 οίκον
321 2115 428 2150 βλέπων
439 2114 477 2146 ὡς
490 2114 557 2141 Θεοῦ
571 2114 644 2147 ναὸν,
660 2113 844 2149 ἐξησκημένον

45 2162 189 2198 λαμπρῶς
211 2161 251 2197 τῷ
274 2161 384 2197 μεγέθει
404 2162 454 2197 τῆς
478 2161 639 2196 οἰκοδομῆς,
659 2161 708 2188 καὶ
732 2160 772 2195 τῷ
794 2160 844 2196 τῆς

45 2208 263 2242 ὲπικοσμήσεως
288 2207 401 2239 κάλλει,
428 2206 492 2233 ἔνθα
518 2206 566 2234 καὶ
583 2206 688 2233 τέκτων
711 2207 751 2238 είς
766 2205 843 2238 ζώων

45 2252 205 2287 φαντασίαν
227 2252 257 2279 τὸ
272 2252 349 2284 ξύλον
369 2252 524 2288 ἐμόρφωσε,
543 2252 591 2278 καὶ
609 2251 726 2284 λιθοξόος
741 2252 781 2284 είς
794 2251 845 2286 ἀρ-

44 2299 137 2335 γύρου
149 2297 276 2333 λειότητα
292 2297 342 2330 τὰς
355 2297 463 2329 πλάκας
486 2296 627 2330 ἀπέεεσεν.
643 2296 798 2332 Ἐπέχρωσε
816 2295 845 2322 δὲ

44 2345 94 2372 καὶ
109 2343 262 2379 ζωγράφος
272 2343 307 2370 τά
320 2343 388 2379 ἄνθη
404 2343 455 2378 τῆς
471 2343 569 2378 τέχνης
585 2343 615 2370 ἐν
632 2342 716 2370 είκόνι
733 2342 845 2377 διαγρα-

42 2390 175 2425 ψάμενος
187 2408 194 2420 ,
207 2388 255 2420 τὰς
273 2388 413 2424 ἀριστείας
434 2387 482 2414 τοῦ
500 2388 653 2424 μάρτυρος,
675 2387 724 2418 τὰς
749 2386 845 2414 ἐνστά-

44 2445 122 2469 σεις,
153 2434 204 2466 τὰς
221 2434 370 2470 ἀλγηδόνας
380 2453 389 2466 ,
405 2434 455 2465 τὰς
471 2433 613 2469 θηριώδεις
632 2432 686 2460 τῶν
708 2433 845 2469 τυράννων

43 2481 164 2517 μορφὰς
176 2499 184 2512 ,
197 2479 246 2512 τὰς
259 2480 391 2515 ἐπηρείας
400 2498 408 2512 ,
426 2479 476 2515 τὴν
487 2478 669 2514 φλογοτρόφον
680 2479 787 2513 εκείνην
799 2479 843 2506 κάι

44 2536 129 2562 μινον
144 2546 152 2559 ,
180 2526 231 2561 τὴν
257 2525 471 2561 μακαριωτάτην
495 2524 633 2551 τελείωσιν
651 2524 697 2551 τοῦ
715 2524 843 2560 ἀθλητοῦ,

41 2572 94 2599 τοῦ
109 2571 282 2606 ἀγωνοθέτου
294 2570 412 2606 Χριστοῦ
425 2571 476 2606 τῆς
492 2569 664 2605 ἀνθρωπίνης
686 2570 794 2606 μορφῆς
812 2570 843 2597 τὸ

41 2617 207 2652 ὲκτύπωμα
218 2636 226 2649 ,
244 2616 332 2644 πάντα
347 2616 426 2651 ἡμῶν
441 2616 479 2648 ὡς
494 2615 524 2642 ὲν
547 2614 641 2650 βιϐλίῳ
660 2616 712 2642 τινὶ
724 2615 842 2649 γλωττο-

42 2663 126 2700 φόρῳ
142 2662 189 2688 διὰ
203 2662 355 2697 χρωμάτων
371 2661 643 2697 τεχνουργησάμενος
656 2679 664 2692 ,
681 2660 775 2695 σαφῶς
800 2661 841 2687 διο

38 2709 188 2744 ηγόρευσε
198 2707 262 2739 τοὺς
274 2706 381 2742 ἀγῶνας
391 2705 438 2732 τοῦ
452 2707 599 2741 μάρτυρος,
611 2706 658 2732 καὶ¹
672 2705 710 2737 ὼς
721 2705 841 2742 λειμῶνα

39 2752 180 2789 λαμπρὸν
192 2752 237 2779 τὸν
251 2752 318 2779 νεὼν
334 2751 515 2787 κατηγλάῖσεν
526 2759 533 2766 ·
554 2749 607 2777 οῐδε
621 2751 676 2786 γὰρ
693 2751 739 2778 καὶ
749 2752 843 2788 γραφὴ

41 2798 186 2826 σιωπῶσα
201 2797 231 2826 ἐν
244 2797 326 2834 τοίχῳ
339 2797 428 2824 λαλεῖν
440 2817 448 2832 ,
466 2797 512 2824 καὶ
530 2797 564 2824 τά
579 2796 696 2832 μέγιστα
710 2797 825 2832 ὠφελεῖν
834 2805 840 2812 ·

889 1577 916 1601 et
930 1572 1073 1600 affectibus
1088 1572 1163 1600 illius
1185 1572 1365 1599 inhabitantis
1393 1572 1679 1607 incorruptibilitatem

890 1626 944 1646 non
960 1618 1040 1650 laesit,
1059 1626 1123 1645 cum
1139 1618 1228 1645 multo
1240 1618 1345 1645 honore
1359 1621 1386 1645 et
1405 1618 1481 1644 cultu
1498 1618 1679 1653 compositum

891 1669 973 1699 atque
989 1667 1117 1691 ornatum
1132 1663 1160 1691 in
1176 1667 1293 1698 augusto
1308 1670 1442 1698 sacroque
1455 1663 1516 1691 loco
1529 1664 1611 1691 situm
1622 1669 1680 1692 est:

891 1709 963 1744 quod
983 1708 1065 1736 veluti
1091 1716 1137 1736 res
1162 1708 1246 1736 chara
1269 1708 1415 1743 magnique
1434 1708 1568 1736 aestimata
1599 1712 1682 1743 atque

891 1755 1033 1783 recondita
1046 1755 1072 1782 in
1083 1758 1191 1790 tempus
1205 1755 1422 1790 regenerationis
1430 1758 1598 1788 reservatur,
1609 1755 1682 1782 mul-

891 1801 928 1828 tis
944 1800 1131 1836 singularibus
1146 1804 1173 1827 et
1190 1800 1300 1827 eximiis
1313 1800 1395 1828 rebus
1407 1801 1559 1836 praeditum,
1570 1805 1683 1836 propter

891 1853 962 1881 quas
977 1845 1010 1872 ad
1033 1845 1086 1872 alia
1112 1853 1239 1880 corpora,
1261 1852 1322 1880 quas
1349 1846 1488 1872 communi
1516 1853 1548 1873 ac
1576 1846 1682 1881 vulgari

892 1894 982 1919 morte
1000 1890 1135 1919 dissoluta
1149 1895 1224 1923 sunt,
1238 1898 1273 1918 ne
1285 1890 1499 1925 comparandum
1512 1891 1621 1925 quidem
1629 1895 1682 1923 est.

893 1936 976 1972 idque
984 1936 1013 1963 in
1031 1936 1115 1963 simili
1125 1936 1240 1964 materia
1253 1939 1369 1964 naturae.
1381 1935 1450 1963 Nam
1458 1939 1564 1964 caetera?
1572 1935 1683 1971 quidem

893 1981 1017 2017 reliquiae
1046 1982 1129 2009 etiam
1156 1982 1359 2009 abominabiles
1373 1982 1513 2017 plerisque
1536 1987 1618 2014 sunt;
1651 1989 1683 2008 ac

893 2034 974 2055 nemo
990 2027 1117 2054 lubenter
1139 2027 1296 2061 sepulcrum
1322 2027 1456 2062 praeterit,
1472 2031 1520 2054 aut
1545 2027 1567 2054 si
1588 2034 1620 2054 ex
1642 2027 1684 2053 in-

893 2073 1006 2108 opinato
1035 2075 1160 2107 apertum
1190 2072 1321 2104 ostendit,
1352 2072 1526 2100 deformitate
1552 2072 1682 2099 nimirum

893 2124 987 2144 earum
1005 2123 1097 2143 rerum
1127 2123 1189 2151 quae
1213 2116 1282 2144 inibi
1307 2117 1411 2152 jacent,
1438 2117 1534 2144 faciem
1557 2117 1684 2151 operiens

895 2155 981 2189 omni'
998 2160 1200 2195 injucuuditate
1217 2161 1352 2197 repletus,
1374 2165 1402 2189 et
1425 2161 1553 2188 humana:
1579 2165 1684 2188 natura:

893 2206 1045 2235 conditioni
1059 2206 1179 2242 graviter
1195 2207 1379 2242 ingemiscens
1395 2207 1592 2242 praetercurrit.
1605 2206 1684 2240 Quod

895 2254 919 2281 si
937 2252 1041 2281 venerit
1053 2252 1086 2280 ad
1101 2252 1221 2287 aliquem
1238 2253 1328 2279 locum
1344 2253 1459 2280 similem
1474 2252 1548 2286 huic,
1562 2252 1609 2281 ubi
1634 2253 1684 2280 ho-

894 2298 939 2326 die
955 2301 1049 2326 noster
1063 2301 1214 2325 conventus
1232 2297 1359 2326 habetur.
1374 2297 1419 2324 ubi
1443 2297 1577 2325 memoria
1601 2297 1684 2331 justi.

894 2349 1051 2379 sanctasque
1066 2343 1188 2378 reliquire
1203 2348 1267 2372 sunt
1289 2352 1296 2370 :
1315 2343 1436 2378 primum
1455 2343 1565 2378 quidem
1588 2350 1684 2370 earum

894 2397 986 2417 rerum
1003 2389 1215 2425 magnificentia,
1239 2396 1311 2424 quas
1325 2389 1410 2422 videt,
1428 2389 1592 2422 oblectatur,
1620 2390 1684 2416 dum

893 2435 979 2462 aedem
999 2437 1028 2461 ut
1049 2434 1181 2469 templum
1199 2434 1247 2462 Dei
1269 2439 1296 2462 et
1312 2435 1502 2470 magnitudine
1526 2438 1684 2466 structurae,

894 2484 921 2507 et
947 2480 1047 2515 adjecti
1077 2485 1191 2507 ornatus
1216 2480 1316 2507 decore
1345 2480 1487 2515 splendide
1515 2480 1684 2507 elaboratum

894 2525 1026 2558 intuetur,
1043 2524 1088 2552 ubi
1106 2529 1134 2552 et
1151 2523 1227 2552 faber
1241 2525 1269 2552 in
1282 2525 1442 2552 animalium
1455 2525 1569 2560 figuram
1582 2524 1685 2559 lignum

897 2570 1035 2602 formavit,
1047 2574 1075 2597 et
1088 2570 1207 2598 latomus
1223 2570 1258 2597 ad
1279 2571 1383 2606 argenti
1409 2570 1548 2598 levitatem
1576 2572 1684 2596 crustas

895 2615 1016 2649 lapideas
1044 2615 1189 2650 expolivit.
1214 2615 1324 2642 lnduxit
1360 2618 1450 2642 autem
1478 2614 1561 2641 etiam
1598 2613 1683 2648 pictor

894 2660 977 2688 tiores
994 2660 1062 2688 artis
1086 2661 1113 2688 in
1138 2661 1256 2696 imagine
1270 2661 1404 2696 depictos,
1421 2659 1502 2687 fortia
1526 2659 1597 2687 facta
1614 2666 1683 2685 mar-

896 2707 975 2742 tyris,
994 2707 1203 2741 repugnantias,
1230 2707 1379 2745 cruciatus.
1397 2705 1525 2733 efl'eratas
1537 2708 1564 2732 et
1587 2704 1684 2731 imma-

896 2760 945 2780 nes
968 2755 1148 2787 tyrannorum
1167 2751 1281 2785 formas,
1301 2753 1418 2786 impetus
1443 2750 1590 2783 violentos,
1609 2749 1681 2776 [iani-

896 2802 988 2822 meum
1009 2794 1087 2822 illuni
1116 2794 1267 2828 fornacem,
1295 2795 1482 2824 beatissimam
1510 2801 1677 2822 consumma-
