1912 3082
245 96 298 124 759

247 156 349 183 tionem
361 155 479 188 athletae,
496 156 677 184 certaminum
702 156 828 192 praesidis
849 157 952 186 Christi
984 159 1036 186 htt-

247 208 335 229 mana:
350 201 446 230 formae
459 201 587 238 eﬂigiem,
602 202 695 230 omnia
710 203 791 230 nobis
806 208 936 239 tanquam
948 204 976 232 in
1004 205 1037 231 li-

245 248 437 284 broquodam,
466 248 513 284 qui
543 249 698 285 linguarum
730 249 972 285 interpretationes
997 251 1149 283 contineat,

880 97 907 124 S.
927 96 1089 126 GREGORII
1111 98 1257 127 NYSSENI

1841 106 1888 133 πη

1051 165 1073 193 Α
1087 161 1136 186 καὶ
1146 161 1160 186 ό
1178 160 1233 187 τῶν
1245 161 1369 197 ψηφίδων
1388 164 1520 200 συνθέτης
1532 186 1538 198 ,
1555 166 1673 202 ἱστορίας
1687 167 1766 199 ἄξιον
1776 167 1887 201 ἐποίησε

1089 205 1120 232 τὸ
1136 207 1308 241 πατούμενον
1324 209 1430 244 ἔδαφος.

1190 253 1330 282 coloribus
1355 256 1506 285 artiﬁciose
1532 257 1693 293 depingcus,
1732 259 1889 285 certamina

246 297 328 330 atque
353 293 461 321 labores
473 294 604 329 martyris
626 294 708 323 nobis
719 296 868 330 expressit,
882 303 915 323 ac
928 300 1057 331 tanquam
1078 302 1185 331 pratum
1210 306 1351 326 amoenum
1378 305 1406 329 et
1422 301 1548 329 ﬂoridum
1571 304 1701 338 templum
1722 305 1887 335 cxurnaril;

247 340 317 368 solet
327 340 400 368 enim
420 340 501 368 etiam
522 341 628 375 pictura
644 345 738 369 tacens
762 342 790 370 in
814 342 918 377 pariete
944 343 1031 378 loqui,

1052 344 1386 382 maximequeprodcsse;
1418 349 1576 384 lapillorum
1599 351 1664 378 item
1699 352 1889 379 concinnatur

247 385 370 414 historia
383 394 433 422 par
446 394 515 421 opus
529 386 556 413 in
571 386 737 421 pavimento,
754 388 827 422 quod
841 388 955 423 pedibus
974 388 1107 421 calcatur,
1122 389 1221 417 eil'ecil.

283 431 332 459 llis
348 432 431 466 igitur
449 436 508 459 arte
524 432 672 460 elaboratis
701 434 831 467 operibus
858 441 919 468 qua:
943 434 1038 461 sensui

247 477 370 511 exposita
385 480 460 509 sunt,
475 476 522 504 ubi
536 476 631 503 oculos
646 476 803 508 oblectavit,
818 478 895 512 cupit
908 477 1038 511 deinceps

247 522 331 550 etiam
345 521 397 556 ipsi
414 521 568 549 conditorio
584 521 814 560 appropinquare,
840 521 1037 549 sanctiﬁcatio-

248 575 310 596 nem
351 575 384 595 ac
426 567 668 601 benedictionem.
699 568 944 595 contrectationem
976 567 1037 602 ejus

247 620 310 641 esse
344 612 469 640 credens.
500 611 589 645 Quod‘
609 612 637 641 si
665 613 733 648 ﬁs
765 613 846 640 etiam
886 613 1037 648 pulverem,

247 666 303 694 quo
340 658 537 690 conditorium,
573 658 619 686 ubi
659 658 793 694 martyris
822 665 925 694 «πμ
957 658 1035 693 qlia-

248 705 311 736 scit,
329 704 447 732 obsitum
463 707 516 737 est,
537 703 646 731 auferre
673 704 822 738 permittat,
845 710 895 738 pro
923 711 1037 731 munere

248 750 337 784 pulvis
352 749 496 784 accipitur.
509 756 541 776 ac
557 753 685 784 tanquam
702 756 746 776 res
761 749 852 784 magni
867 749 947 784 pretii
970 757 1037 777 con-

247 794 336 821 demla
351 798 424 821 terra
446 793 593 829 colligitur.
621 792 688 819 Nam
719 792 794 828 ipsas
813 793 947 829 attingere
973 794 1037 821 reli-

247 840 338 873 quias,
352 839 374 866 si
393 840 503 874 quando
518 838 608 873 aliqua
623 837 761 871 ejusmodi
780 845 911 873 prospera
924 838 1035 866 fortuna

246 885 398 919 contingat,
413 888 443 911 ut
456 884 483 911 id
497 883 590 911 facere
607 883 699 915 liceat,
715 891 796 918 quam
816 883 841 910 id
861 883 898 911 sit
920 883 1036 911 multum

247 929 457 957 desiderandum
473 933 500 957 et
513 929 672 964 optandum,
688 936 720 955 ac
741 936 907 956 summarum
924 936 1035 963 precum

247 976 358 1008 donum,
369 974 583 1009 sciuutexperti,
597 979 624 1002 et
632 974 693 1009 ejus
701 974 830 1002 desiderii
844 978 983 1009 compotes
996 973 1037 1001 fac

247 1022 295 1049 cli.
309 1021 394 1054 Quasi
403 1019 502 1056 corpus
513 1020 586 1048 enim
603 1027 651 1055 per
665 1027 695 1048 se
709 1020 803 1048 vivens
821 1024 848 1047 et
869 1019 1035 1055 ﬂorens.qui

248 1067 399 1098 intuentur,
410 1066 623 1101 amplectuntur,
633 1065 734 1097 oculis,
748 1066 800 1097 ori,
811 1066 935 1097 auribus,
948 1067 1036 1093 omuiv

248 1113 300 1140 bus
308 1119 439 1140 sensuum
449 1112 639 1139 instrumentis
658 1111 829 1142 adhibentes.
848 1111 947 1138 deinde
956 1111 1036 1138 cilicii

247 1162 275 1185 et
292 1157 446 1184 nﬂ‘ectlouis
458 1156 593 1191 lacrymas
607 1157 729 1192 martyri,
743 1156 822 1191 quasi
842 1156 946 1191 integer
964 1160 1037 1184 esset

248 1206 275 1230 et
288 1206 440 1238 appareret,
464 1201 704 1237 superfundentes,
734 1206 763 1229 ut
783 1209 831 1236 pro
857 1202 924 1236 ipsis
940 1202 1037 1236 depre—

247 1250 325 1280 catur
339 1247 500 1279 intercedat,
521 1247 657 1282 supplices
672 1254 768 1282 preces
778 1246 895 1274 otlerunt
907 1250 1035 1281 tanquam

247 1293 392 1323 satellitem
409 1292 457 1319 Dei
471 1297 592 1325 orantes,
608 1293 688 1327 quasi
702 1292 880 1327 accipientem
896 1292 1035 1319 donacum

249 1339 324 1370 velit,
352 1338 525 1366 invocantes.
557 1338 596 1365 Ex
624 1338 667 1365 his
681 1338 819 1369 omnibus.
835 1346 851 1364 ο
868 1338 965 1372 popule
983 1339 1035 1373 pie,

249 1384 361 1416 discite,
384 1384 456 1419 quod
475 1385 592 1419 pretiosa
614 1391 646 1410 ac
664 1384 795 1411 honorata
812 1392 902 1410 coram
925 1384 1036 1411 Domino

248 1431 282 1456 ait
299 1438 367 1457 morr
385 1435 536 1457 sanctorum
551 1430 617 1465 ejus.
629 1429 696 1456 Nam
706 1437 789 1457 unum
804 1430 913 1464 quidem
926 1434 953 1457 ct
965 1429 1036 1458 idem

249 1484 350 1510 corpus
364 1475 486 1502 omnium
510 1475 651 1503 hominum
667 1479 719 1508 est,
733 1483 766 1502 ex
783 1483 836 1502 una
858 1483 948 1503 massa
967 1483 1036 1502 con-

249 1520 343 1547 ﬂutuut
362 1530 369 1547 :
385 1529 478 1548 verum
497 1521 535 1553 id,
550 1520 624 1556 quod
639 1520 757 1555 simplici
772 1525 861 1548 morte
872 1521 1035 1548 dissolutum

248 1570 302 1596 est.
319 1569 348 1592 ut
363 1573 407 1593 res
422 1565 549 1600 qumiibet
561 1565 624 1593 vilis
641 1565 797 1600 projicitur.
818 1565 852 1592 At
866 1566 938 1600 quod
962 1573 1036 1592 mar-

249 1610 312 1646 tyrii
330 1610 473 1638 all‘ectione
485 1611 635 1646 gratiosum
650 1610 776 1638 eﬂ‘ectum
794 1614 847 1641 est,
864 1611 900 1638 ita
913 1616 955 1639 est
966 1620 1038 1638 ama-

249 1656 313 1689 bile,
328 1655 493 1691 jucundum,
517 1660 544 1683 et
564 1663 579 1683 a
603 1656 696 1683 multis
711 1656 895 1683 desideratum
908 1661 936 1684 et
956 1665 1037 1692 expe-

250 1702 340 1731 titum.
359 1706 388 1729 ut
415 1702 542 1737 superior
570 1701 659 1729 oratio
673 1702 883 1730 demonstravit.
903 1702 1036 1736 Quocirca

249 1751 361 1782 propter
373 1755 415 1779 ea,
427 1755 489 1781 quae
502 1752 646 1781 apparent,
664 1747 708 1777 iis.
724 1755 785 1782 qua:
793 1748 881 1775 visum
895 1748 1036 1784 ellugiunt,

250 1796 360 1827 propter
372 1791 590 1827 experimentum
599 1799 694 1819 earum
710 1799 814 1824 rerum.
826 1800 887 1827 qua:
897 1793 923 1820 in
935 1794 1038 1821 mundo

248 1839 387 1870 visuntur,
406 1837 561 1865 futurarum
578 1845 668 1865 rerum
684 1838 859 1873 promissioni
881 1839 1035 1868 credamus.

248 1884 314 1910 Nam
332 1883 410 1910 multi
425 1883 471 1918 qui
488 1887 608 1910 ventrem
624 1887 651 1910 et
667 1890 765 1910 vanam
782 1884 910 1919 gloriam,
931 1888 960 1912 et
988 1885 1037 1912 has

253 1929 408 1956 mundanas
429 1929 521 1963 paleas
536 1928 665 1956 omnibus
679 1928 762 1956 rebus
776 1928 944 1962 anteferunt,
967 1930 1036 1957 nihil

248 1978 344 2009 putant
358 1981 418 2001 esse
434 1972 556 2000 futurum
571 1981 578 2000 :
593 1972 642 2000 sed
666 1979 729 1999 cum
749 1974 811 2001 vitae
828 1973 881 2001 ﬁne
896 1974 1036 2002 terminari

246 2020 339 2046 omnia
354 2019 533 2046 arbitrantur.
547 2017 649 2046 Verum
666 2019 713 2053 qui
738 2018 775 2045 ita
797 2019 893 2052 sentis,
910 2027 944 2047 ex
974 2028 1037 2055 par-

247 2066 288 2093 vis
311 2073 407 2101 magna
424 2064 501 2092 disce
518 2073 524 2092 :
541 2072 575 2092 ex
592 2064 698 2092 umbris
724 2065 889 2100 principales
922 2065 1035 2099 formas,

245 2111 341 2146 quales
355 2119 394 2138 eae
411 2111 468 2138 sint
497 2111 629 2145 intellige.
655 2110 706 2138 Cui
733 2118 827 2146 regum
856 2111 920 2139 talis
947 2112 1036 2140 honor

247 2156 382 2183 habetur?
395 2155 463 2188 Quis
476 2163 509 2183 ex
524 2156 568 2187 iis,
583 2156 630 2191 qui
645 2164 728 2190 supra
752 2157 863 2184 modum
891 2157 963 2185 inter
986 2159 1035 2185 ho-

247 2202 334 2228 mines
345 2201 479 2228 excellere
496 2201 548 2229 visi
565 2206 640 2234 sunt,
654 2202 703 2229 tali
714 2203 845 2230 memoria
858 2203 1034 2231 celebratur?

246 2245 315 2278 Quis
340 2245 537 2279 imperatorum
564 2246 610 2279 qui
629 2245 711 2273 urbes
744 2246 863 2273 munitas
889 2254 1033 2282 ceperunt,

246 2291 372 2318 nationes
385 2292 546 2317 innumeras
560 2290 737 2325 subegerunt,
751 2292 819 2319 adeo
828 2292 990 2321 decantatus
1007 2299 1035 2322 et

246 2337 319 2364 fama
335 2336 491 2363 celebratus
509 2341 560 2369 est,
582 2340 612 2362 ut
628 2337 673 2365 hic
700 2338 778 2364 miles
808 2346 922 2373 pauper.
954 2340 1036 2368 modo

245 2384 418 2418 conscriptus
433 2387 459 2409 et
476 2388 548 2417 tyro:
566 2391 645 2418 quem
673 2383 773 2411 Paulus
799 2386 926 2418 armavit,
954 2395 1034 2422 quem

1127 436 1182 462 Καὶ
1197 438 1254 469 τοῖς
1273 438 1411 474 αἰσθητοῖς
1426 439 1497 466 οὕτω
1520 441 1751 477 φιλοτεχνήμασιν
1771 443 1885 469 ὲνευπα-

1091 481 1176 517 θήσας
1190 483 1239 518 τὴν
1253 483 1324 518 ὄψιν,
1340 485 1468 521 ἐπιθυμεῖ
1481 486 1572 514 λοιπὸν
1586 489 1633 514 καὶ
1649 488 1719 524 αὐτῇ
1736 489 1886 524 πλησιάσαι

1089 528 1122 562 τῇ
1148 527 1236 564 θήκῃ·
1256 529 1390 565 ἁγιασμδν
1406 531 1453 558 καὶ
1475 532 1600 566 εὐλογίαν
1617 533 1666 569 τὴν
1686 533 1802 569 ἐπαφὴν
1819 531 1886 560 εἶναι

1090 572 1236 600 πιστεύων.
1250 574 1282 600 Εἰ
1302 574 1331 601 δὲ
1348 577 1395 602 καὶ
1419 577 1492 603 κόνιν
1510 586 1552 609 τις
1567 578 1624 614 δοίη
1647 579 1742 615 φέρειν
1760 580 1814 614 τὴν
1828 580 1886 606 ὲπι-

1089 618 1218 653 κειμένην
1238 616 1273 655 τῇ
1297 621 1444 658 ἐπιφανείᾳ
1459 622 1510 658 τῆς
1533 624 1734 657 ἀναπαύσεως,
1759 624 1851 661 δῶρον
1872 626 1887 652 ὁ

1089 662 1153 698 χοῦς
1167 663 1335 699 λαμϐάνεται
1347 686 1355 698 ,
1376 667 1423 693 καὶ
1444 667 1482 699 ὡς
1501 669 1642 703 κειμήλιον
1665 671 1682 704 ἡ
1698 670 1735 704 γῆ
1752 670 1885 706 θησαυρί-

1090 709 1174 741 ζεται.
1193 710 1230 736 Τὸ
1251 710 1306 745 γὰρ
1320 711 1401 738 αὑτοῦ
1414 712 1460 739 τοῦ
1480 713 1606 748 λειψάνου
1629 716 1827 751 προσάψασθαι
1840 735 1848 746 .
1862 716 1887 742 εί

1090 755 1156 781 ποτέ
1176 763 1218 787 τις
1237 756 1364 791 ὲπιτυχία
1383 758 1496 793 τοιαύτη
1512 760 1650 794 παράσχοι
1673 760 1723 795 τὴν
1747 761 1883 791 ἐξουσίαν,

1089 799 1162 831 ὅπως
1177 800 1236 826 ἐστὶ
1251 801 1452 837 πολυπόθητον,
1473 804 1520 830 καὶ
1540 805 1621 839 εὐχῆς
1636 806 1685 840 τῆς
1699 806 1837 832 ἀνωτάτω
1857 805 1885 831 τὸ

1051 832 1073 860 Β
1086 844 1171 879 δῶρον
1185 865 1192 877 ,
1211 846 1299 872 ἴσασιν
1315 848 1338 873 oi
1364 849 1582 883 πεπειραμένοι,
1607 850 1654 876 καὶ
1680 850 1732 884 τῆς
1754 850 1884 885 τοιαύτης

1086 891 1234 926 ἐπιθυμίας
1258 892 1468 927 ἐμφορηθέντες.
1492 894 1536 926 Ὧς
1557 895 1636 930 σῶμα
1655 896 1710 931 γὰρ
1737 895 1806 923 αὐτὸ
1832 896 1886 928 ζῶν

1088 937 1135 964 καλ⁸
1150 938 1247 965 ἀνθοῦν
1270 938 1295 965 οἱ
1319 938 1462 974 βλέποντες
1487 940 1727 973 κατασπάζονται,
1752 943 1813 973 τοῖς
1838 942 1886 976 ὀφ-

1088 982 1214 1018 θαλμοῖς,
1234 983 1274 1018 τῷ
1293 985 1421 1020 στόματι,
1440 986 1501 1017 ταῖς
1530 986 1643 1018 ἀκοαῖς,
1670 987 1776 1019 πάσαις
1801 996 1884 1022 προσ-

1087 1029 1200 1062 άγοντες
1213 1031 1272 1061 ταῖς
1288 1030 1459 1066 αἰσθήσεσιν,
1478 1029 1537 1058 εἶτα
1551 1031 1581 1058 τὸ
1597 1031 1646 1066 τῆς
1669 1032 1820 1065 εὐλαϐείας
1841 1034 1884 1059 καὶ

1086 1075 1116 1102 τὸ
1131 1075 1177 1102 τοῦ
1193 1076 1296 1108 πάθους
1315 1077 1471 1112 ἐπιχέοντες
1483 1077 1600 1114 δάκρυον
1610 1099 1618 1111 ,
1629 1079 1667 1110 ὼς
1678 1079 1824 1115 ὁλοκλήρῳ
1840 1080 1885 1107 καὶ

1087 1122 1242 1158 φαινομένῳ
1266 1122 1304 1158 τῷ
1319 1123 1438 1159 μάρτυρι
1462 1123 1511 1158 τὴν
1533 1124 1579 1151 τοῦ
1593 1125 1758 1160 πρεσῆεύειν
1779 1127 1885 1152 ἱκεσίαν

1088 1168 1280 1203 προσάγουσιν,
1295 1168 1333 1200 ὡς
1345 1169 1494 1205 δορυφόρον
1507 1169 1554 1196 τοῦ
1566 1170 1633 1196 Θεοῦ
1645 1171 1883 1206 παρακαλοῦντες,

1086 1213 1123 1244 ὡς
1142 1213 1315 1248 λαμόάνοντα
1330 1213 1378 1245 τὰς
1402 1214 1504 1250 δωρεὰς
1520 1214 1584 1241 ὅταν
1600 1215 1680 1251 ἐθέλῃ
1696 1217 1885 1252 ἐπικαλούμε-

1086 1266 1136 1284 νοι.
1157 1259 1205 1284 Ἐκ
1217 1258 1318 1284 τούτων
1331 1259 1447 1292 πάντων,
1459 1260 1473 1286 ὁ
1485 1260 1600 1295 εὐσεϐὴς
1614 1260 1883 1296 λαὸς,κατσμάοετῖ,

1085 1304 1126 1330 ὅτι
1141 1304 1238 1338 Τίμιος
1257 1304 1396 1331 ἐναντίον
1412 1305 1522 1338 Κιιρίου
1537 1306 1554 1332 ὁ
1572 1305 1700 1339 θάνατος
1717 1306 1778 1333 τῶν
1790 1308 1884 1333 ὁσίων

1086 1349 1187 1375 αὑτοῦ.
1206 1349 1253 1375 ’Ἐν
1268 1350 1316 1384 μὲν
1326 1350 1378 1385 γὰρ
1391 1350 1437 1376 καὶ
1445 1351 1475 1377 τὸ
1484 1351 1549 1377 αὐτὸ
1563 1351 1640 1386 σῶμα
1655 1352 1765 1379 πάντων
1779 1352 1884 1387 ἀνθρὼ-

1088 1403 1146 1420 πων
1158 1415 1165 1426 ,
1184 1395 1213 1426 ἐξ
1228 1394 1286 1425 ἐνὸς
1301 1395 1461 1430 φυράματος
1480 1395 1540 1430 ἕχον
1559 1396 1609 1431 τὴν
1635 1396 1768 1424 σύστασιν
1784 1407 1790 1414 ι
1816 1398 1885 1424 ἀλλά

1085 1441 1115 1467 τὸ
1133 1442 1182 1476 μὲν
1199 1440 1291 1472 ἁπλῶς
1316 1441 1452 1468 ἀποθανὸν
1464 1461 1471 1472 ,
1487 1442 1613 1476 ρίπτεται
1631 1443 1669 1474 ὡς
1690 1444 1721 1470 τδ
1736 1444 1839 1478 τυχόν·
1854 1445 1884 1470 τὸ

1086 1487 1114 1513 δὲ
1127 1486 1165 1521 τῷ
1189 1486 1269 1512 πάθει
1284 1485 1330 1513 τοῦ
1355 1487 1505 1522 μαρτυρίου
1521 1488 1670 1523 χαριτωοὲν
1684 1509 1693 1522 ,
1708 1489 1797 1520 οὕτως
1812 1490 1884 1516 ἐστὶν

1088 1532 1217 1567 ἐράσμιον
1229 1532 1275 1558 καὶ
1290 1532 1548 1568 ἀμφισϐητήσιμον,
1562 1534 1600 1565 ὡς
1613 1534 1628 1560 ὀ
1640 1534 1785 1569 προλαϐὼν
1806 1535 1884 1568 λόγος

1088 1577 1216 1609 ἐδίδαξεν.
1232 1576 1281 1602 Διὰ
1293 1576 1372 1603 τοῦτο
1388 1579 1576 1613 πιστεύσωμεν
1591 1579 1623 1605 ὲκ
1637 1579 1692 1606 τῶν
1709 1580 1884 1615 φαινομένων

1087 1623 1143 1654 τοῖς
1157 1622 1283 1658 ἁοράτοις
1294 1643 1301 1654 ,
1316 1623 1369 1649 ἀπὸ
1391 1623 1440 1659 τῆς
1456 1624 1485 1650 ὲν
1506 1623 1543 1659 τῷ
1556 1624 1651 1659 κόσμῳ
1664 1625 1764 1660 πείρας
1777 1628 1814 1661 τῇ
1831 1627 1884 1652 τῶν

1089 1667 1238 1702 μελλόντων
1265 1668 1427 1703 ἐπαγγελία.
1443 1668 1538 1695 Πολλοὶ
1561 1669 1616 1704 γὰρ
1643 1671 1668 1696 οἱ
1684 1670 1734 1705 τὴν
1747 1672 1881 1706 γαστέρα,

1088 1713 1135 1739 καὶ
1145 1713 1194 1749 τὴν
1211 1712 1363 1745 κενοδοξίαν
1374 1734 1382 1746 ,
1397 1714 1443 1740 καὶ
1458 1714 1502 1740 τὸν
1516 1714 1608 1741 ἐνθάδε
1623 1717 1756 1750 συρφετόν
1774 1718 1882 1744 πάντων

1088 1759 1252 1794 ἐπίπροσθεν
1268 1759 1379 1792 ἄγοντες
1390 1779 1397 1791 ,
1417 1760 1493 1786 οὐδὲν
1521 1761 1650 1795 ἡγοῦνται
1667 1761 1698 1787 τὸ
1715 1762 1814 1796 μέλλον
1826 1770 1833 1777 ·
1846 1763 1882 1797 τῷ

1087 1804 1157 1831 τέλει
1171 1804 1199 1831 δὲ
1212 1804 1257 1831 τοῦ
1272 1805 1329 1840 βίου
1350 1805 1584 1841 συμπεραιοῢσθαι
1599 1806 1634 1832 τὰ
1652 1808 1742 1834 πάντα
1762 1808 1883 1842 νομίξου-

1088 1858 1139 1876 σιν.
1164 1850 1233 1876 ‘ADL’
1253 1851 1267 1876 ὸ
1284 1850 1390 1886 φρονῶν
1404 1850 1507 1882 οὕτως,
1522 1852 1554 1878 ἐκ
1578 1851 1631 1878 τῶν
1658 1853 1766 1888 μικρῶν
1787 1854 1823 1880 τὰ
1837 1862 1882 1888 με-

1088 1895 1159 1929 γάλα
1173 1896 1333 1931 κατάμαθε,
1348 1896 1380 1922 ὲκ
1398 1895 1451 1923 τῶν
1465 1896 1548 1923 σκιῶν
1564 1896 1600 1923 τὰ
1613 1898 1757 1933 ἀρχέτυπα
1775 1899 1881 1935 verno-1.

1087 1940 1135 1972 Τίς
1149 1940 1204 1967 τῶν
1220 1941 1351 1976 βασιλέων
1372 1941 1500 1977 τοιαύτην
1513 1943 1626 1977 τιμᾶται
1643 1948 1746 1979 τιμην;
1767 1944 1812 1976 τίς
1830 1945 1882 1970 τῶν

1087 1985 1148 2012 καθ’
1185 1986 1338 2022 ὑπερϐολὴν
1364 1987 1392 2012 ὲν
1417 1986 1570 2022 ἀνθρώποις
1598 1988 1736 2022 φανέντων
1769 1990 1880 2026 τοιαύτῃ

1088 2031 1182 2067 μνήμῃ
1198 2031 1354 2064 δοξάζεται;
1379 2032 1420 2063 τίς
1443 2032 1498 2059 τῶν
1522 2033 1682 2068 στρατηγῶν
1707 2033 1763 2060 τῶν
1790 2036 1880 2066 πόλεις

1086 2077 1222 2111 τειχήρεις
1236 2077 1369 2109 ἑλόντων,
1386 2077 1433 2104 καὶ
1456 2077 1519 2112 ἔθνη
1543 2078 1758 2113 δουλωσαμένων
1787 2081 1878 2115 μυρία,

1086 2120 1172 2153 οὕτως
1186 2122 1259 2148 ἐστὶν
1277 2122 1414 2157 ἀοίδιμος,
1435 2122 1472 2154 ὡς
1486 2123 1500 2148 ὁ
1513 2123 1681 2159 στρατιώτης
1700 2121 1795 2158 οὗτος,
1810 2127 1825 2152 ὁ
1839 2128 1881 2152 πέ-

1087 2175 1152 2200 νης,
1173 2168 1186 2193 ὁ
1208 2167 1356 2199 νεόλε)‹ϊος⁷
1378 2167 1408 2193 ὃν
1426 2168 1531 2199 Παῦλος
1560 2168 1698 2202 ὥπλισεν,
1719 2170 1750 2196 ὃν
1771 2170 1879 2205 ἄγγελοι

1087 2213 1154 2247 πρὸς
1173 2213 1218 2238 τὸν
1245 2214 1337 2247 ἀγῶνα
1361 2213 1494 2248 ἤλειψαν,
1521 2214 1567 2240 καὶ
1591 2216 1742 2249 νικήσαντα
1763 2217 1879 2250 Χριστὸς

1087 2258 1274 2291 ἐστεφάνωσεν
1287 2268 1293 2290 ;
1307 2258 1411 2285 Μᾶλλον
1434 2259 1461 2285 δὲ
1478 2259 1572 2294 ἐπειδὴ
1597 2260 1681 2293 ἐγγὺς
1693 2261 1831 2296 ἐγενόμην
1846 2262 1879 2296 τῷ

1086 2303 1157 2337 λόγῳ
1170 2304 1222 2329 τῶν
1238 2304 1351 2337 ἀγώνων
1368 2304 1415 2330 τοῦ
1432 2305 1569 2339 μάρτυρος
1581 2324 1588 2336 ,
1607 2306 1685 2341 φέρε.
1700 2307 1735 2333 τὰ
1749 2307 1829 2334 κοινὰ
1841 2317 1880 2333 κι-

1088 2348 1304 2380 ταλιπόντες,τὺν
1315 2349 1453 2383 ἐξαίρετον
1467 2350 1513 2375 τοῦ
1529 2349 1607 2383 ἁγίου
1620 2349 1698 2383 λόγον
1710 2351 1878 2387 ποιήσωμεν·

1089 2392 1164 2426 φίλον
1180 2393 1234 2428 γὰρ
1249 2394 1356 2429 ἑκάστῳ
1370 2394 1401 2420 τὸ
1425 2394 1498 2421 ἴδιον.

1049 1507 1070 1535 C

246 2431 334 2466 angeli
371 2431 405 2458 ad
444 2436 582 2459 certamen
617 2437 764 2464 unxerunt,
801 2441 881 2468 quem
919 2436 1052 2465 victorem
1072 2439 1199 2468 Christus
1227 2442 1389 2469 coronavit?
1417 2442 1562 2469 Enimvero
1598 2444 1732 2478 quoniam
1756 2446 1881 2473 oratione

246 2486 329 2513 prope
344 2479 377 2505 ad
392 2480 541 2506 certamina
550 2484 631 2514 atque
652 2481 759 2508 labores
775 2483 902 2516 martyris
915 2484 1029 2518 accessi,

246 2534 307 2553 nem
324 2526 517 2559 instituamus;
533 2532 575 2555 est
601 2529 672 2555 enim
699 2536 778 2555 suum
806 2530 903 2564 cuique
932 2537 1038 2565 gratum

281 2571 372 2598 Patria
388 2572 470 2607 igitur
492 2574 623 2608 pra-claro
645 2582 678 2600 ac
695 2579 810 2601 strenuo
833 2575 895 2602 huic
912 2577 972 2604 viro
991 2582 1034 2605 est

245 2624 277 2643 ca
294 2618 384 2652 regio,
410 2626 471 2652 qua:
496 2619 530 2646 ad
549 2619 633 2646 solem
652 2623 760 2653 spectat
783 2620 915 2648 orientem
940 2630 948 2649 ι
968 2630 1030 2650 nam

245 2661 327 2687 etiam
343 2661 397 2695 hic,
414 2662 496 2690 sicuti
513 2662 579 2695 Job,
595 2670 628 2690 ex
644 2663 770 2698 partibus
787 2665 969 2695 orientalibus
981 2675 1032 2694 no-

246 2706 309 2733 bilis
324 2711 376 2740 est,
392 2715 510 2743 cumque
525 2709 640 2744 patriam
656 2717 719 2736 cum
736 2709 784 2736 illo
800 2718 972 2739 communem
988 2713 1033 2740 ha-

245 2751 322 2779 beret
333 2772 342 2784 ,
358 2753 483 2787 ejusdem
501 2753 619 2781 imitatio
644 2761 750 2781 morum
767 2755 923 2791 ingeniique
937 2757 962 2785 ei
975 2765 1030 2786 non

244 2797 341 2826 defuit.
359 2797 438 2826 Nunc
455 2806 521 2827 vero
541 2799 657 2835 quilibet
675 2805 780 2837 martyr
794 2801 878 2830 totius
896 2802 947 2831 soli
963 2803 1031 2831 sub-

1051 2493 1099 2522 age
1114 2489 1308 2516 communibus
1325 2489 1427 2516 relictis
1448 2490 1612 2524 peculiarem
1648 2492 1740 2519 sancti
1778 2500 1881 2520 sermo-

1058 2538 1085 2561 ει
1102 2541 1255 2571 acceptum.

1123 2582 1224 2617 Πατρὶς
1234 2583 1323 2609 τοίνυν
1336 2582 1375 2617 τῷ
1388 2589 1516 2618 γενναῑῳ,
1532 2584 1548 2618 ἡ
1567 2583 1634 2617 πρὸς
1645 2584 1722 2618 ἥλιον
1735 2586 1879 2621 ἀνίσχουσα

1087 2626 1178 2662 χώρα·
1194 2628 1306 2662 εὐγενὴς
1319 2628 1372 2662 γὰρ
1389 2628 1436 2654 καὶ
1451 2625 1528 2659 οὗτος
1544 2629 1614 2655 κατὰ
1623 2629 1668 2654 τὸν
1683 2629 1746 2656 Ίὼὸ
1763 2632 1820 2657 τῶν
1837 2633 1877 2666 ἀφ’

1086 2671 1163 2705 ἡλίου
1181 2672 1326 2704 ἀνατολῶν,
1345 2674 1392 2699 καὶ
1410 2673 1460 2707 τῆς
1475 2673 1602 2708 πατρίδος
1616 2674 1716 2709 ἐκείνῳ
1734 2678 1874 2709 κοινωυὺν,

1086 2717 1137 2742 οὐκ
1158 2717 1307 2752 ἀπελείφθη
1335 2717 1384 2752 τῆς
1410 2717 1457 2743 τοῦ
1475 2717 1556 2752 ἦοους
1583 2719 1740 2753 μιμήσεως.
1771 2721 1829 2747 Νῦν
1853 2723 1875 2748 δὲ

1086 2760 1160 2795 πάσῃ
1173 2763 1207 2797 τῇ
1228 2762 1372 2797 οἰκουμένῃ
1389 2762 1447 2788 ἐστὶ
1461 2763 1565 2797 μάρτυς
1578 2763 1669 2795 κοινὸς
1684 2765 1735 2799 τῆς
1751 2766 1799 2800 ὑφ’
1816 2768 1873 2802 ἡλίῳ

1086 2804 1196 2841 πολίτης
1209 2814 1215 2821 ·
1241 2807 1353 2842 ληφθεὶς
1368 2807 1394 2834 δὲ
1410 2807 1514 2835 ἐκεῖθεν
1533 2807 1599 2843 πρὸς
1619 2808 1782 2844 ὁπλιτικοίδς
1792 2820 1872 2840 κατα-
