1912 3082
93 99 143 126 ῚΗ

662 97 706 124 DE
725 97 754 124 S.
775 95 962 124 TllEODORO
988 95 1165 124 MARTYRE.

1678 103 1726 131 749

92 155 201 190 λόγους,
228 153 300 180 οὕτω
330 152 400 188 μετὰ
419 146 467 179 τοῦ
493 153 558 180 ιδίου
583 153 723 188 τάγματος
747 154 816 189 πρὸς
839 154 888 189 τὴν

941 152 1018 187 jecta:
1034 154 1156 189 regionis
1171 154 1240 182 civis
1257 155 1387 184 universo
1411 160 1547 185 terrarum
1566 159 1624 186 orbi
1649 166 1725 186 com.

92 200 232 235 ἡμετέραν
247 198 323 233 διέϐη
343 198 446 234 χώραν,
468 199 518 234 τῆς
533 199 691 234 χειμερινῆς
706 198 885 229 ἀναπαύσεως

91 246 151 277 τοῖς
165 244 343 280 στρατιώταις
363 243 458 271 ἐνθάδε
481 244 556 279 παρὰ
570 243 623 271 τῶν
643 244 813 279 κρατούντων
826 243 885 270 δια-

91 290 249 325 ταχθείσης.
279 289 401 323 Πολέμου
428 288 457 315 δὲ
479 288 636 324 κινηθέντος
662 288 770 324 ἀθρόον,
787 289 836 315 οὐκ
856 288 885 322 ἐξ

92 336 189 369 ἐφόδου
207 334 393 370 βαρὸαρικῆς,
413 334 470 361 ἀλλ’
489 335 521 361 ὲκ
548 334 630 369 νόμου
645 334 808 365 Σατανικοῦ,
837 334 885 361 καὶ

91 381 230 416 δόγματος
255 380 391 415 θεομάχοι)
413 380 479 413 (πᾶς
497 379 551 415 γὰρ
573 378 736 414 Χριστιανὸς
756 378 886 413 ἠλαύνετο

92 426 133 462 τῷ
145 426 271 453 δυσσεϐεῖ
283 426 439 461 γράμματι,
450 425 497 452 καὶ
509 426 578 461 πρὸς
588 425 701 463 θάνατον
713 424 816 460 ἠγετο)⁶
825 424 885 451 τότε

91 470 138 506 δὴ,
157 470 218 497 τότε
231 472 245 497 ὁ
257 470 456 506 τρισμακάριος
471 466 559 503 οὗτος,
582 470 719 506 γνώριμος
734 469 772 496 ὣν
786 469 829 496 ἐπ’
842 470 886 496 εὑ-

93 516 199 552 σεὸείᾳ,
224 516 272 543 καὶ
290 516 340 551 τὴν
362 516 454 544 πίστιν
477 517 527 552 τὴν
551 517 591 550 εἰς
607 516 725 552 Χριστὸν
748 515 884 551 πανταχοῦ

91 562 261 598 περιφέρων,
283 562 362 597 μόνον
382 562 433 589 οὐκ
448 562 495 588 ἐπὶ
514 562 560 589 τοῦ
584 561 710 597 μετώπου
730 561 779 597 τὴν
791 562 885 597 όμολο-

91 607 157 641 γίαν
176 607 361 643 γραψάμενος,
378 607 470 634 οὐκέτι
486 606 626 638 νεόλεκτος
640 604 674 642 ἦν
687 606 735 642 τὴν
749 606 884 641 ἀνδρείαν,

92 653 156 680 οὐδὲ
170 653 283 689 ἄπειρος
294 653 414 688 πολέμου
429 653 475 679 καὶ
492 652 582 688 μάχης
593 660 600 668 ·
624 652 692 679 ἀλλὰ
704 652 825 686 γενναῖος
836 652 885 687 τὴν

90 697 194 733 ψυχὴν,
219 697 333 732 ἰσχυρὰν
361 696 545 733 ποιησάμενος
570 696 638 732 πρδς
659 696 723 728 τοὺς
747 695 885 728 κινδύνους

90 743 143 778 τὴν
159 743 294 776 ἔνστασιν,
321 743 370 778 οὐχ
396 742 551 777 ὑφειμένος,
579 742 609 769 οὑ
629 742 743 775 δειλῶν,
760 742 790 768 οὐ
807 742 885 776 λόγον

92 788 320 824 ἀπαρρησίαστον
342 787 569 824 προσαλλόμενος.
608 788 652 820 Ὠς
666 788 719 824 γὰρ
734 788 843 815 ἐκάθισε
855 787 886 814 τὸ

939 200 1030 226 munis
1046 203 1105 232 est;
1121 204 1249 235 sumptus
1262 205 1353 229 autem
1370 202 1445 230 illinc
1459 203 1493 230 ad
1510 210 1631 232 armatos
1648 205 1725 232 ordi-

939 251 988 271 nes
1003 244 1145 278 militares,
1160 252 1222 272 cum
1237 246 1322 274 duces
1337 247 1452 274 militum
1466 255 1514 276 cos
1532 249 1575 276 hic
1592 250 1619 276 in
1635 250 1725 278 hiber-

939 289 982 317 nis
996 290 1188 323 collocassent,
1204 291 1240 318 ita
1253 299 1316 319 cum
1331 299 1363 320 ea
1377 293 1492 327 legione,
1509 295 1535 321 in
1549 303 1630 330 quam
1653 303 1723 323 con-

940 335 1061 371 scriptus
1075 340 1146 369 erat,
1160 337 1194 364 ad
1206 342 1328 365 nostram
1345 339 1483 373 regionem
1498 341 1634 368 transivit.
1650 341 1725 368 Bello

939 386 1029 409 autem
1041 386 1151 416 repente.
1163 386 1237 410 moto
1247 390 1301 410 non
1314 390 1347 410 ex
1361 383 1518 412 incursione
1532 386 1725 417 barbarorum,

939 425 988 453 sed
1003 434 1037 453 ex
1052 426 1110 460 lege
1128 426 1259 454 Satanica
1284 427 1461 463 dccreloque,
1479 437 1535 464 quo
1550 430 1621 457 Deus
1637 438 1725 465 oppu-

939 476 1069 507 gnaretur
1086 472 1256 508 (quicunque
1272 473 1344 500 enim
1355 472 1528 502 Christianus
1543 479 1626 507 esset,
1641 475 1726 510 impio

939 517 1041 552 scripto
1064 518 1264 552 exagitabatur,
1289 522 1316 545 et
1342 519 1375 546 ad
1405 523 1519 547 mortem
1543 520 1723 556 ducebatur),

939 567 1005 590 tunc
1020 563 1161 596 nimirum,
1174 568 1239 591 tunc
1249 564 1294 592 hic
1307 569 1349 592 ter
1361 569 1514 600 quaterque
1523 566 1621 593 beatus
1635 565 1726 593 Theo-

939 608 1036 642 dorus,
1053 609 1127 643 quod
1145 609 1246 643 insigni
1263 609 1365 644 pietate
1381 611 1513 645 praeditus
1529 615 1614 643 esset,
1631 611 1726 639 fidem-

938 660 992 688 que
1005 652 1032 679 in
1043 652 1183 680 Christum
1199 653 1300 688 ubique
1315 653 1516 686 circumferret,
1526 654 1723 689 propemodum

938 699 965 726 in
980 699 1069 727 fronte
1086 699 1287 727 confessionem
1303 700 1460 735 inscriptam
1477 708 1586 736 gerens,
1601 708 1656 728 non
1668 700 1725 735 jam

938 744 1058 779 amplius
1074 745 1174 772 virtute
1191 750 1251 780 tyro
1266 745 1346 772 modo
1359 745 1533 779 conscriptus
1551 749 1622 776 erat,
1636 753 1725 780 neque

939 791 978 818 rei
1006 791 1110 818 bellicae
1130 794 1158 819 et
1172 798 1270 826 pugna:
1291 791 1369 818 rudis
1380 811 1388 824 ,
1404 790 1451 819 sed
1477 791 1569 818 animo
1583 793 1723 825 st_renuus,

92 835 213 869 πονηρὸν
232 835 320 861 ἐκεῖνο
343 834 528 870 δικαστήριον,
549 835 564 861 ὂ
577 843 607 861 τε
622 834 733 870 ἡγεμὼν
747 835 794 861 καὶ
810 836 824 861 ό
836 843 885 861 τα-

941 835 1046 863 fortiter
1063 843 1124 863 sese
1145 835 1276 870 periculis
1295 835 1429 869 objiciens
1441 855 1449 865 ,
1474 841 1530 861 non
1547 834 1681 861 remissus
1696 837 1726 861 et

92 880 206 916 ξίαρχος
230 881 270 913 είς
286 880 368 907 ταύτὸ
392 880 579 913 συνελθόντες,
604 880 642 912 ὡς
662 880 787 916 Ἡρώδης
819 880 884 907 ποτὲ

92 927 144 953 καὶ
157 926 281 959 Πιλάτθς,
291 926 336 952 τὸν
347 925 439 953 δοῦλον
452 926 500 952 τοῦ
513 925 727 961 σταυρωθέντος,
741 927 781 958 είς
792 926 885 962 κρίσιν

91 970 191 1005 ὁμοίαν
201 969 247 996 τοῦ
260 970 396 996 Δεσπότου
412 969 594 1005 κατέστησαν.
610 979 619 995 ε
632 971 687 997 Καὶ
698 970 772 1004 λέγε,
786 979 796 996 ι
809 971 885 1006 φησὶ,

94 1024 105 1040 ί
119 1014 204 1041 πόθεν
220 1023 261 1041 σοι
276 1014 444 1050 θρασύτητος
458 1015 506 1041 καὶ¹
521 1015 624 1051 τόλμης
640 1015 828 1051 ἐγγινομένης,
847 1016 887 1047 είς

91 1060 141 1086 τδν
167 1059 304 1094 βασιλικὸν
328 1059 480 1097 ὲξυὸρίζεις
494 1060 585 1095 νόμον,
609 1061 658 1096 οὐχ
680 1061 848 1092 ὑποκύπτεις
859 1061 888 1087 δὲ

91 1104 207 1141 τρέμων
220 1106 277 1135 τοῖς
287 1104 334 1132 τοῦ
346 1105 482 1133 Δεσπότου
495 1106 714 1142 προστάγμασιν,
729 1106 789 1133 οὐδὲ
805 1115 887 1142 προσ-

92 1152 189 1182 κυνεῖς
212 1151 283 1178 κατὰ
305 1151 336 1177 τὸ
359 1151 455 1178 δοκοῦν
476 1153 533 1183 τοῖς
556 1152 703 1187 κρατοῦσιν
717 1160 724 1185 ;
740 1161 750 1178 ›
782 1152 814 1179 Ol
833 1152 887 1186 γὰρ

92 1197 172 1231 ἀμφὶ
186 1196 357 1233 Μαξιωανὸν
372 1197 432 1224 τότε
452 1197 502 1233 τῆς
523 1197 661 1233 βασιλείας
682 1197 807 1234 ἡγοῦντο.
840 1198 888 1229 ’ος

93 1242 205 1278 στερρῷ
220 1242 260 1278 τῷ
277 1242 415 1278 προσώπῳ
435 1243 482 1270 καὶ
495 1243 722 1280 άκατα[π]λήκτῳ
734 1244 766 1279 τῇ
778 1243 886 1279 γνώμῃ,

92 1288 224 1324 εὕστοχον
247 1288 296 1323 τὴν
323 1289 468 1325 ἀπόκρισιν
493 1291 549 1322 τοῖς
575 1289 709 1327 λεχθεῖσιν
732 1290 886 1325 ἐπέθηκεν·

96 1343 108 1359 ε
122 1333 209 1366 Θεοῦς
227 1334 276 1370 μὲν
296 1335 346 1361 οὐκ
360 1332 418 1361 οῖδα
442 1335 519 1370 (οὐδὲ
533 1335 588 1370 γὰρ
601 1336 655 1362 είσὶ
672 1335 742 1363 κατὰ
755 1335 804 1371 τὴν
819 1335 887 1370 ἀλή-

92 1379 207 1415 θειαν)·
230 1379 359 1415 δαίμονας
382 1380 409 1406 δὲ
428 1381 507 1416 ὑμεῖς
525 1381 684 1412 ἀπατεῶνας
702 1381 838 1408 πλανᾶσθε
854 1382 887 1417 τῇ

92 1423 146 1450 τοῦ
156 1423 222 1452 Θεοῦ
235 1424 368 1460 τιμῶντες
379 1426 558 1461 προσηγορίᾳ-
583 1426 644 1460 ἐμοὶ
666 1426 694 1452 δὲ
714 1426 779 1458 Θεὸς
794 1426 808 1452 ὁ
821 1426 889 1461 Χρι-

94 1468 173 1501 στὸς,
193 1469 208 1495 ὁ
220 1468 267 1495 τοῦ
283 1468 350 1495 Θεοῦ
376 1471 521 1505 μονογενὴς
536 1471 612 1502 Υἱός.
631 1470 714 1505 ’Υπὲρ
737 1470 787 1505 τῆς
810 1470 888 1496 εὗσε-

94 1514 177 1546 6εἰας
189 1514 279 1541 τοίνυν
294 1515 342 1541 καὶ
356 1515 406 1550 τῆς
425 1516 568 1551 ὁμολογίας
587 1516 637 1551 τῆς
659 1517 698 1548 είς
715 1517 826 1546 ἐκεῖνον.
840 1515 887 1542 καὶ

94 1562 111 1588 ὸ
130 1560 289 1597 τιτρώσκων
308 1561 448 1597 τεμνέτω,
480 1562 528 1588 καὶ
553 1562 567 1588 ό
589 1561 729 1597 μαστίζων
753 1561 865 1593 Εαινέτω
879 1581 886 1592 ,

95 1606 148 1635 καὶ
163 1608 177 1633 ό
191 1607 275 1633 καίῶν
287 1607 447 1642 προσαγέτω
457 1607 505 1643 τὴν
518 1607 604 1642 φλόγα
615 1629 622 1640 ,
633 1608 680 1634 καὶ
692 1608 706 1634 ό
717 1609 773 1639 ταῖς
786 1608 888 1642 φωναῖς

97 1660 154 1687 μου
169 1651 282 1683 ταύταις
295 1651 443 1687 ἀχθόμενος
468 1652 598 1688 ὲξαιρέτω
608 1652 657 1688 τὴν
668 1652 794 1687 γλῶσσαν
804 1661 811 1667 ·
828 1652 888 1679 καθ’

94 1697 216 1723 ἕκαστον
231 1697 285 1732 γὰρ
305 1697 436 1732 μέλος,τὺ
454 1698 533 1734 σῶμα
554 1698 593 1733 τῷ
615 1697 738 1725 κτίσαντι
757 1699 890 1733 χρεωστεῖ

95 1743 150 1778 τὴν
162 1744 310 1779 ὑπομονήν.
324 1753 333 1770 ι
359 1743 530 1780 Ἦττήθησαν
549 1745 602 1771 τῶν
610 1744 696 1779 λόγων
710 1745 735 1770 οἱ
749 1745 888 1781 τύραννον

96 1789 149 1816 καὶ
169 1789 219 1823 τὴν
233 1788 344 1825 πρώτην
357 1789 508 1825 προσὸολὴν
525 1788 572 1816 τοῦ
594 1789 727 1825 ἀριστέως
743 1789 793 1816 οὐκ
808 1789 890 1825 ἤνεγ-

96 1843 165 1866 καν,
174 1834 314 1861 νεανίσκον
339 1834 482 1869 βλέποντες
504 1835 573 1871 πρὸς
584 1834 615 1861 τὺ
629 1834 715 1866 πάθος
723 1834 889 1870 σφριγῶντα,

97 1880 151 1906 καὶ
165 1880 203 1911 ὡς
218 1880 266 1915 ἡδύ
280 1889 307 1907 τι
330 1880 407 1916 πόμα
418 1880 467 1916 τὴν
486 1880 615 1916 τελευτὴν
630 1881 820 1916 ἐφελκόμενον.
846 1881 891 1913 Ὣς

97 1924 130 1950 δὲ
151 1924 250 1951 ἐκεῖνοι
267 1924 364 1960 μικρὸν
384 1925 492 1960 ἐπεῖχον
506 1924 685 1961 ὴπορημένοι,
706 1926 752 1952 καὶ
766 1925 888 1960 βουλευό-

100 1977 181 2004 μενοι
193 1969 223 1995 τὸ
239 1969 374 2004 πρακτέον
386 1978 393 1985 ·
416 1969 457 2001 εἷς
470 1978 512 2002 τις
526 1970 581 1996 τῶν
592 1971 622 1996 ὲν
638 1970 708 1997 τέλει
723 1970 892 2006 στρατιώτης

98 2013 208 2048 κομψὸς
226 2013 295 2040 εἶναι
319 2014 452 2049 οἰόμενος,
472 2014 657 2050 ἐπιχλευάζων
674 2015 741 2051 ὁμοῦ
758 2016 807 2051 τὴν
821 2016 890 2043 ἀπό-

99 2065 196 2093 κρισιν
212 2058 261 2094 τὴν
272 2058 317 2085 τοῦ
332 2058 485 2094 μάρτυρος,
501 2068 510 2085 ι
526 2059 604 2086 Ἐστι
617 2059 681 2095 γὰρ,
695 2070 704 2086 ι
718 2060 781 2096 ἔφη,
799 2061 891 2092 ιΥἱὺς,

98 2100 125 2130 ὦ
142 2103 276 2139 Θεόδωρε,
291 2105 329 2139 τῷ
348 2105 385 2140 σῷ
405 2105 483 2139 Θεῷς
502 2106 548 2131 καὶ
565 2107 646 2140 γεννᾷ
663 2107 776 2137 ἐκεῖνος,
794 2106 831 2138 ὡς
847 2107 891 2133 ἆν-

937 879 1100 914 languidus,
1118 886 1173 906 non
1187 879 1329 914 trepidans
1340 897 1349 911 ,
1366 886 1422 905 non
1441 877 1593 905 formidans
1607 882 1634 906 ct
1649 882 1724 905 metu

938 925 1054 958 fractus,
1075 932 1131 952 non
1145 924 1258 952 verbum
1277 924 1369 952 minus
1382 923 1499 950 liberum
1519 923 1671 958 proferens.
1692 923 1726 950 L't

936 971 1009 998 enim
1021 978 1122 1006 praeses
1135 975 1162 998 et
1177 970 1305 998 tribunus
1315 970 1344 997 in
1357 977 1442 997 unum
1456 972 1655 1000 convenerunt,
1671 967 1726 996 sie-

937 1021 968 1044 ut
989 1017 1054 1045 olim
1071 1016 1193 1044 Herodes
1213 1020 1240 1044 et
1257 1016 1373 1049 Pilatus,
1397 1020 1478 1051 atque
1497 1015 1621 1043 consedit
1638 1015 1723 1042 scele-

938 1067 1010 1091 slum
1027 1067 1054 1090 et
1069 1061 1222 1097 improbum
1237 1061 1302 1089 illud
1311 1061 1457 1088 concilium
1480 1068 1588 1088 servum
1600 1061 1724 1088 crucifixi

938 1109 1019 1137 simili
1050 1108 1156 1135 ratione
1169 1128 1177 1139 ,
1194 1113 1278 1142 atque
1300 1106 1417 1134 Domino
1437 1105 1497 1142 ejus
1520 1105 1671 1139 acciderat,
1690 1106 1724 1133 ad

935 1153 1070 1189 judicium
1091 1153 1209 1185 sistunt,
1227 1161 1236 1178 ι
1256 1152 1296 1179 Ac
1308 1152 1363 1185 dic,
1384 1161 1393 1177 ›
1411 1151 1549 1186 inquiunt,
1564 1160 1574 1176 ι
1590 1150 1662 1178 unde
1676 1151 1724 1177 ιὶω

939 1200 1033 1227 innata
1053 1198 1168 1225 audacia
1184 1201 1268 1233 atque
1284 1197 1449 1230 temeritate,
1476 1195 1610 1224 adversus
1638 1196 1725 1231 legem

939 1243 1112 1280 imperatoris
1131 1248 1276 1270 contumax
1291 1243 1343 1270 es?
1363 1241 1418 1270 Nec
1436 1247 1463 1270 te
1483 1246 1605 1270 tremens
1617 1241 1722 1269 domini

936 1290 1022 1326 jussis
1038 1288 1194 1316 submittis?
1207 1288 1262 1316 Nec
1277 1288 1504 1323 quemadmodum
1517 1287 1606 1322 placet
1619 1287 1663 1318 iis,
1678 1286 1726 1322 qui

937 1343 1030 1363 rerum
1045 1334 1198 1370 potiuntur,
1216 1333 1335 1362 adoras?
1351 1342 1361 1360 ι
1378 1333 1560 1360 Maximianus
1575 1334 1648 1359 enim
1662 1340 1725 1359 cum

938 1385 1067 1409 consorte
1088 1384 1154 1407 tunc
1178 1379 1322 1414 imperium
1340 1379 1459 1406 tenebat.
1477 1378 1523 1405 Ille
1536 1378 1611 1405 vultu
1624 1377 1728 1405 confir-

939 1431 1013 1455 mato
1026 1431 1108 1461 atque
1123 1424 1307 1460 imperterrito
1326 1424 1428 1457 animo,
1452 1424 1551 1451 scitum
1567 1427 1595 1451 et
1610 1428 1722 1450 acutum

941 1470 1023 1498 dictis
1043 1468 1144 1504 adjecit
1170 1475 1334 1503 responsum
1358 1476 1365 1495 :
1394 1467 1465 1495 Deos
1488 1467 1598 1503 quidem
1630 1468 1727 1495 nescio

941 1517 1050 1551 (neque
1063 1514 1138 1542 enim
1153 1521 1248 1541 revera
1261 1513 1358 1548 sunt).
1370 1512 1427 1541 Vos
1442 1517 1531 1541 autem
1548 1513 1659 1544 erratis,
1677 1512 1725 1547 qui

939 1563 1077 1590 datmonas
1099 1559 1209 1586 fallaces
1231 1563 1258 1586 et
1280 1559 1444 1594 impostores
1476 1558 1523 1585 Dei
1544 1558 1727 1593 appellatione

940 1606 1090 1637 honoratis.
1098 1605 1164 1632 mihi
1176 1604 1317 1632 veroDeus
1324 1610 1364 1631 cst
1372 1604 1561 1637 Christusmei
1570 1603 1728 1639 unigenitus

941 1653 1037 1685 Filius,
1050 1658 1099 1686 pro
1110 1651 1208 1686 pietate
1219 1649 1302 1684 igitur
1316 1653 1398 1685 atque
1411 1649 1585 1677 confessione
1597 1649 1687 1682 istius,
1699 1652 1728 1676 et

940 1698 987 1733 qui
1012 1698 1154 1728 vulnerat,
1175 1695 1277 1723 incidat
1296 1704 1303 1722 :
1323 1698 1351 1722 et
1365 1695 1411 1729 qui
1428 1694 1572 1732 verberat,
1598 1693 1698 1722 laceret
1716 1702 1726 1722 :

940 1747 967 1771 et
993 1743 1040 1778 qui
1066 1747 1178 1773 cremat,
1204 1740 1340 1768 flammam
1365 1740 1531 1773 admoveat;
1555 1744 1582 1767 et
1608 1740 1655 1775 qui
1682 1740 1727 1768 his

941 1790 1056 1817 vocibus
1075 1788 1142 1816 meis
1155 1787 1311 1819 offenditur,
1329 1786 1448 1821 linguam
1459 1786 1561 1813 eximat
1581 1794 1587 1812 :
1603 1792 1651 1820 per
1670 1785 1728 1811 sin-

942 1834 1004 1869 gula
1018 1834 1090 1861 enim
1107 1833 1229 1860 membra
1247 1839 1349 1867 corpus
1363 1831 1487 1859 Creatori
1507 1830 1665 1866 patientiam
1683 1829 1728 1857 de-

941 1879 996 1907 bet.
1014 1878 1105 1906 Fracti
1130 1881 1195 1906 sunt
1220 1878 1262 1905 his
1289 1877 1382 1905 verbis
1409 1875 1519 1912 tyranni
1537 1882 1545 1900 :
1561 1882 1593 1902 ac
1609 1875 1727 1909 primum

942 1925 1073 1959 impetum
1081 1923 1133 1951 viri
1147 1923 1227 1951 fortis
1241 1930 1295 1950 non
1309 1922 1512 1955 sustinuerunt,
1525 1921 1727 1948 adolescentem

942 1968 1067 1996 videntes
1083 1968 1116 1995 ad
1131 1968 1285 2003 passionem
1305 1967 1488 1995 exsultantem
1498 1986 1505 1998 ,
1524 1974 1557 1993 ac
1571 1966 1653 1994 veluti
1666 1974 1730 1993 sua-

942 2022 1003 2042 vem
1019 2018 1111 2049 polum
1124 2019 1240 2041 mortem
1258 2016 1440 2048 appetentem.
1451 2012 1486 2040 Ut
1500 2016 1591 2039 autem
1609 2012 1648 2039 illi
1661 2019 1730 2047 pau-

943 2059 1027 2095 lisper
1038 2059 1239 2087 cunctabantur
1252 2058 1411 2086 haesitantes
1422 2065 1454 2084 ac
1464 2057 1648 2085 deliberantes
1663 2057 1730 2093 quid

943 2104 1017 2132 facto
1033 2112 1102 2139 opus
1117 2108 1191 2132 esset
1207 2113 1214 2131 :
1236 2111 1308 2131 unus
1324 2103 1436 2138 quidam
1453 2111 1486 2130 ex
1507 2103 1542 2131 iis
1557 2104 1604 2139 qui
1617 2103 1730 2131 ordines

99 2149 213 2186 θρωπος
222 2151 352 2185 ἐμπαθῶς
363 2161 369 2184 ;
381 2162 390 2177 v
404 2166 439 2171 —
450 2162 458 2177 ι
471 2152 616 2187 Ἐμπαοῶς
633 2152 680 2186 μὲν
693 2153 706 2178 ό
717 2153 791 2187 ἐμὸς,
806 2163 814 2179 ι
827 2153 888 2188 ἔφη,

944 2149 1094 2182 ducebant,
1112 2149 1209 2182 miles,
1227 2150 1275 2184 qui
1290 2148 1344 2177 sibi
1356 2148 1464 2184 lepidus
1481 2152 1508 2176 et
1530 2148 1652 2176 urbanus
1669 2157 1731 2177 esse

103 2205 115 2222 ι
131 2196 198 2227 Θεὸς
214 2197 262 2222 οὐκ
281 2197 439 2232 ἐγέννησεν·
460 2197 527 2224 ἀλλὰ
546 2198 592 2224 καὶ
609 2197 673 2224 Υἱὸν
692 2198 823 2233 ὁμολογῶ.
846 2200 894 2224 καὶ

945 2194 1099 2227 videbatur,
1129 2194 1211 2222 simul
1238 2201 1401 2229 responsum
1430 2190 1562 2230 martyris
1593 2194 1730 2223 irridens:

101 2240 243 2276 θεοπρεπῆ
271 2241 342 2275 λέγω
357 2242 406 2276 τὴν
426 2241 573 2277 γέννησιν⁶
598 2244 641 2274 σὺ,
659 2239 682 2268 ὧ
706 2243 826 2277 νηπιώδη
849 2243 888 2269 τοι

947 2250 956 2267 ι
976 2240 1075 2272 Estne,
1095 2250 1105 2266 ι
1127 2240 1228 2275 inquit.
1247 2248 1257 2265 α
1277 2247 1293 2267 ο
1308 2239 1462 2274 Theodore,
1482 2240 1570 2270 Filius
1586 2246 1635 2269 tuo
1657 2241 1733 2270 Deo?

100 2286 235 2321 λογισμὸν
248 2286 295 2313 καὶ
311 2286 403 2318 ἄθλιε,
428 2287 478 2313 οὐκ
502 2286 632 2322 ἐρυθριᾷς
656 2288 717 2314 οὐδὲ
737 2287 888 2322 ὲγκαλύπτῖ

944 2290 971 2315 et
993 2292 1106 2321 generat
1131 2286 1177 2314 ille
1206 2286 1298 2314 carnis
1319 2286 1483 2320 affectibus,
1513 2292 1543 2315 ut
1568 2288 1661 2320 homo,
1680 2288 1732 2315 ob-

101 2332 152 2359 καὶ
170 2332 279 2367 θήλειαν
301 2333 439 2367 ὁμολογῶν
456 2333 530 2365 θεὰν,
555 2334 602 2360 καὶ
615 2333 653 2365 ὡς
672 2334 778 2369 μητέρα
793 2334 888 2361 δώδεκα

947 2333 1066 2360 noxius?
1080 2342 1139 2359 ›-‹
1158 2333 1283 2359 llumano
1298 2333 1406 2367 quidem
1422 2342 1496 2361 more
1509 2333 1653 2362 affectibus
1673 2342 1734 2362 car-

102 2377 211 2403 παίδων
230 2378 280 2412 τὴν
305 2379 390 2413 αὐτὴν
406 2379 578 2414 προσκυνῶν,
596 2379 742 2406 πολύτοκόν
759 2388 821 2406 τινα
840 2380 888 2406 δαί-

947 2379 990 2406 nis
1001 2379 1136 2406 obnoxius
1150 2387 1237 2410 meus,
1256 2389 1265 2405 ι
1278 2379 1377 2413 inquit,
1392 2390 1401 2405 ι
1421 2378 1493 2407 Deus
1507 2387 1560 2406 non
1571 2380 1711 2414 generavit
1725 2389 1733 2408 :

104 2430 178 2456 μονα
193 2421 265 2448 κατὰ
278 2423 340 2454 τοὺς
360 2422 482 2457 λαγωοὺς
496 2423 512 2459 ἢ
529 2424 578 2456 τὰς
596 2421 646 2456 ῦας
658 2424 775 2456 εὐκόλως
793 2424 840 2451 καὶ
852 2424 888 2459 ἐγ-

947 2433 1042 2452 vcrum
1063 2429 1090 2452 ct
1111 2423 1210 2452 Filium
1235 2426 1377 2456 confiteor.
1399 2429 1426 2452 et
1449 2425 1618 2453 nativitatem
1649 2426 1732 2453 talem

103 2468 293 2503 κυῖσκομένην
309 2468 357 2495 καὶ
369 2469 569 2496 ἀποτίκτουσαν
582 2477 590 2502 ;
605 2478 615 2496 ι

949 2478 1011 2498 esse
1028 2470 1099 2503 dico,
1119 2478 1180 2505 quae
1201 2470 1285 2498 Deum
1301 2471 1396 2498 deceat
1414 2480 1419 2497 :
1444 2474 1472 2497 tu
1490 2478 1566 2502 vero,
1579 2478 1596 2497 ο
1610 2471 1694 2498 miser
1706 2475 1735 2498 et

104 2515 243 2548 imperite.
261 2513 334 2548 quod
354 2514 388 2541 ad
403 2522 515 2543 sensum
530 2519 558 2542 et
575 2515 709 2543 rationem
723 2515 837 2547 attinet,
854 2523 888 2543 an
908 2524 962 2543 nou
977 2516 1128 2547 erubescis,
1143 2524 1175 2543 ac
1189 2516 1292 2551 pudore
1304 2517 1407 2543 vultum
1417 2516 1548 2547 demittis.
1576 2516 1623 2551 qui
1651 2517 1733 2544 etiam

105 2561 239 2589 feminam
259 2561 343 2589 Deum
362 2562 518 2596 coriflteris,
535 2567 563 2590 et
596 2567 626 2590 ut
658 2567 773 2591 matrem
789 2564 933 2591 duodecim
954 2564 1101 2592 liberorum
1116 2563 1239 2591 eamdem
1262 2564 1361 2591 adoras
1374 2562 1519 2591 fecundam
1536 2563 1681 2598 quamdam
1698 2563 1733 2591 le~

106 2616 206 2644 porum
223 2616 339 2635 suumve
352 2608 435 2636 modo
449 2609 584 2641 daemona,
599 2617 661 2645 quae
673 2608 755 2636 facile
768 2613 796 2636 et
813 2609 953 2645 concipiat
967 2613 995 2637 et
1014 2614 1122 2642 partum
1136 2609 1219 2636 edat?

144 2653 238 2685 οὕτως
248 2654 276 2680 δὲ
298 2653 345 2680 τοῦ
368 2654 446 2689 ἁγίου
472 2654 581 2681 διπλοῦν
606 2654 832 2690 ἀντιστρέψαντος
858 2653 898 2689 τῷ

105 2699 290 2736 εἰδωλολάτρῃ
310 2699 357 2727 τὸν
382 2700 573 2735 καταγέλωτα,
612 2701 705 2736 σχῆμα
730 2700 897 2736 πλασάμενοι

106 2745 316 2781 φιλανθρωπίας
329 2746 354 2772 οἱ
372 2745 509 2782 τύραννοι,
525 2755 535 2772 ‹
552 2745 666 2781 ’ολίγος,
679 2755 690 2772 ι
705 2746 781 2782 φησὶ,
797 2755 808 2773 ι
829 2745 898 2781 πρὸς

106 2789 252 2826 διάσκεψιν
264 2790 399 2827 ὲνδοθήτω
408 2791 446 2827 τῷ
458 2791 613 2828 μαινομένῳ
625 2792 719 2828 καιρός
730 2800 737 2808 ·
751 2792 815 2824 ἴσως
826 2791 898 2820 κατὰ

986 2654 1055 2682 Cum
1071 2659 1161 2682 autem
1176 2654 1228 2681 hoc
1245 2654 1326 2681 modo
1342 2654 1479 2689 duplicem
1500 2658 1612 2683 sanctus
1624 2655 1735 2682 irrisio—

951 2708 1014 2728 nem
1029 2699 1241 2728 simulacrorqu
1254 2699 1352 2726 cultori
1363 2699 1541 2733 reposuisset,
1558 2699 1736 2729 humanitatis

951 2750 979 2774 et
996 2745 1147 2773 clementiae
1163 2745 1255 2779 specie
1272 2744 1344 2772 facta
1368 2744 1475 2780 tyranni
1490 2765 1497 2778 ,
1521 2756 1530 2771 ι
1549 2745 1681 2780 Exiguum
1693 2764 1701 2777 ,
1723 2755 1733 2771 ι

950 2791 1098 2827 inquiunt,
1119 2799 1128 2817 ι
1154 2789 1187 2817 ad
1208 2789 1438 2818 considerandum
1463 2790 1611 2818 insanienti
1627 2794 1736 2826 tempus
