1912 3082
226 89 279 118 745

849 86 879 115 S.
898 85 1061 115 GREGORII
1076 85 1225 114 NYSSENI

1810 84 1862 111 7H

221 149 404 183 concedatur,
420 148 540 177 fortasse
555 154 605 184 per
622 147 710 175 otium
721 154 752 176 re
766 154 860 176 secum
876 154 1011 183 perpensa

1071 147 1160 183 ιχολὴν
1174 147 1236 179 δοὺς
1248 146 1337 181 ἑαυτῷ
1351 145 1480 182 γνώμην,
1501 146 1652 182 μετάθηται
1668 145 1740 181 πρὸς
1751 145 1787 171 τδ
1804 145 1860 180 βέλ-

219 200 307 231 atque
335 195 484 222 deliberata
507 194 661 221 mutabitur
683 193 712 221 in
733 193 845 221 melius.
873 193 1012 221 Insaniam

223 241 298 269 enim
322 240 464 268 dementes
486 239 632 268 sanitatem
654 238 756 267 mentis
772 240 930 266 vocabant:
945 238 1013 265 alie-

224 287 364 315 nationem
390 293 456 315 vero
482 285 583 313 mentis
608 288 636 313 et
662 284 832 318 vecordiam,
855 285 984 319 pietatem
1005 293 1011 310 :

224 331 456 368 quemadmodum
479 331 519 364 (lt,
543 338 605 358 cum
634 330 706 358 ebrii
734 338 813 358 suam
843 330 1013 358 aﬂectionem

224 378 327 406 sobriis
348 377 493 412 objiciunt.
510 377 545 404 At
566 376 649 403 homo
674 375 738 411 pius
758 375 919 410 Christique
935 375 1014 402 miles

224 422 289 449 dato
304 422 356 450 sibi
378 422 469 457 spatio
483 420 517 448 ad
538 419 610 448 forte
622 428 655 447 ac
666 420 746 447 virile
757 419 867 447 facinus
878 419 1012 446 abutitur.

224 467 369 500 Quodnam
387 472 479 495 autem
502 467 529 495 id
546 466 648 498 fuerit,
669 469 779 501 tempus
797 470 840 494 est
856 465 933 492 vobis
952 472 1014 492 cum

225 513 319 540 laetitia
336 513 522 540 narrationem
537 511 689 547 accipiendi
705 519 712 538 :
732 511 762 538 Ei
781 518 842 546 quae
860 510 961 538 fabulis
971 517 1017 536 ce-

225 559 357 590 lebratur,
373 558 454 586 matri
470 558 584 586 deorum
604 557 735 592 templum
752 561 812 585 erat
828 557 855 583 in
871 556 1016 590 metropoli

225 606 351 637 Amasea,
366 604 441 639 quod
454 604 492 631 illi
505 623 513 636 ,
534 603 582 639 qui
599 608 665 630 tunc
680 603 819 635 errabant,
833 602 900 629 inibi
916 601 1017 629 alicubi

225 649 300 676 circa
315 649 390 684 ripas
406 648 496 676 amnis
518 648 641 675 vanitate
663 647 775 674 adducti
797 649 1015 673 exstruxerant:

226 695 278 721 hoc
295 694 347 722 iste
362 694 404 721 vir
418 698 547 721 strenuus
564 694 592 721 in
612 697 735 727 tempore
750 692 821 719 data:
842 691 895 719 sibi
909 690 1017 718 securi-

226 741 291 768 tatis
310 744 391 775 capta
407 739 573 772 occasione,
593 743 621 766 et
648 745 716 766 aura
732 737 855 766 secunda
872 737 1016 764 incensum

226 785 424 818 concremavit,
452 785 542 819 reipsa
572 790 738 819 responsum
755 802 764 815 ,
781 782 854 818 quod
882 786 943 816 post
970 781 1017 809 de-

1062 201 1129 220 τιον.
1144 201 1153 218 ι
1172 192 1280 219 Μανίαν
1291 192 1346 228 γὰρ
1356 193 1380 219 0t
1393 192 1524 227 ἔκφρονες
1539 192 1588 226 τὴν
1605 190 1792 226 σωφροσύνην
1804 191 1856 217 ἑκά

1062 235 1125 262 λουν
1138 244 1145 251 ·
1171 235 1303 262 ἔκστασιν
1318 235 1347 262 δὲ
1367 236 1415 262 καὶ
1428 235 1599 271 παραφορὰν,
1620 236 1671 270 τὴν
1694 235 1863 261 εὑλάσειαν·

1063 282 1157 318 ὥσπερ
1172 283 1236 309 ὃταν
1247 283 1272 308 oi
1289 282 1445 317 μεθύοντες,
1465 281 1496 308 τὸ
1510 281 1575 307 [διον
1589 280 1676 312 πάθος
1685 282 1745 311 τοῖς
1756 280 1863 314 νήφου-

1065 336 1107 355 σιν
1125 327 1300 359 ὀνειδίζωσιν.
1325 327 1393 353 Ἀλλ’
1411 328 1426 353 ό
1444 326 1559 361 εύσεὸὴς
1580 325 1728 359 ἄνθρωπος
1745 325 1796 351 καὶ
1817 325 1862 350 τοῦ

1064 374 1182 409 Χριστοῦ
1200 373 1425 409 στρατιώτης,είς
1440 372 1568 407 ἀνδρικὴν
1582 371 1684 407 πρᾶξιν
1698 372 1735 405 τῇ
1752 370 1862 405 δοθείσῃ

1066 421 1147 456 σχολῇ
1162 420 1362 454 κατεχρήσατο.
1390 418 1459 454 Ποία
1470 417 1570 453 ταύτης
1594 416 1701 452 Καιρὸς
1717 417 1786 451 ὑμῖν
1805 417 1861 450 μετ’

1065 465 1234 500 εὐφροσύνης
1251 463 1430 496 ὑποδέξασθαι
1441 463 1471 489 τὺ
1484 463 1616 498 διήγημα·
1632 462 1672 496 Τῇ
1686 461 1860 497 μυθευομένῃ

1068 510 1151 546 μητρὶ
1166 509 1219 536 τῶν
1230 509 1310 540 θεῶν,
1323 509 1385 540 ναδς
1400 506 1434 545 ἦν
1447 508 1493 535 ἐπὶ
1507 510 1556 544 τῆς
1570 508 1763 543 μετροπόλεως
1777 508 1859 542 Ἀμα-

1067 556 1151 587 σείας,
1167 555 1195 582 ὃν
1208 556 1232 582 οί
1255 556 1315 582 τότε
1335 554 1513 590 πλανώμενοι,
1539 553 1624 580 αὑτοῦ
1649 562 1703 579 που
1721 552 1789 588 περὶ
1814 552 1859 584 τὰς

1066 603 1148 638 ὄχθας
1168 602 1215 629 τοῦ
1239 601 1361 637 ποταμοῦ
1387 602 1420 637 τῇ
1447 600 1607 636 ματαιότητι
1637 598 1858 626 κατεσκεύασαν.

1067 649 1167 675 Τοῦτον
1181 649 1195 675 ό
1207 649 1340 682 γενναῖος,
1356 648 1385 674 ἐν
1399 647 1439 682 τῷ
1455 647 1503 682 τῆς
1516 646 1640 681 δοθείσης
1657 645 1754 677 ἀδείας
1772 644 1859 679 καιρῷ

1067 695 1235 732 ἐπιτηρήσας
1267 693 1396 729 εὔκαιρον
1420 693 1511 728 ὤραν,
1532 693 1579 718 καὶ
1603 690 1691 726 αὔραν
1717 691 1859 725 ἐπίφορον,

1068 740 1213 775 ἐμπρήσας
1235 739 1396 773 κατέφλεξεν
1405 758 1412 769 ,
1427 738 1499 774 ἔργῳ
1509 739 1565 769 τοῖς
1576 737 1728 773 ἀλιτηρίοις
1742 737 1805 767 δοὺς
1813 736 1858 769 τὴν

1068 786 1223 821 ἀπόκρισιν,
1239 786 1272 820 ἦν
1287 785 1397 816 πάντως
1411 784 1541 820 ἀνέμενον
1558 783 1627 819 μετά
1644 783 1693 819 τὴν
1705 782 1858 816 διάσκεψιν.

227 829 416 857 liberationem
435 836 551 864 prorsus
578 828 795 864 exspectabant,
823 826 917 862 impiis
936 830 1017 861 atque

1075 831 1217 864 Ἐπιδήλου
1234 831 1261 857 δὲ
1275 830 1323 857 τοῦ
1343 830 1506 866 πράγματος
1517 829 1622 864 ταχέως
1639 828 1728 855 ἅπασι
1745 827 1859 863 γενομέ-

225 875 352 903 scelestis
378 874 457 902 dans.
490 874 559 901 Cum
588 881 621 902 ea
649 881 694 901 res
725 872 855 900 celeriter
887 872 1016 899 omnibus

226 919 367 955 pateﬁeret
404 919 532 954 (quippe
561 919 590 946 in
621 919 690 946 urbe
725 918 817 946 media
843 917 1017 945 clarissimus

226 964 297 999 ignis
313 970 446 990 accensus
469 963 556 996 erat),
584 969 641 990 non
668 962 827 990 occultabat
848 962 937 988 audax
969 961 1019 988 in—

225 1014 345 1044 ceptum
362 1028 370 1041 ,
398 1016 485 1043 neque
511 1009 672 1040 laborabat,
696 1013 726 1035 ut
743 1008 795 1035 hoc
814 1014 829 1034 a
854 1015 884 1036 se
916 1007 1018 1034 factum

227 1055 332 1087 lateret,
354 1054 402 1082 sed
418 1054 507 1089 palam
523 1061 556 1081 ac
572 1054 749 1081 vehementer
757 1053 867 1088 quidem
882 1052 1019 1088 signiﬁca-

227 1100 273 1127 bat
296 1108 357 1128 sese
373 1104 484 1135 propter
514 1100 674 1134 praeclarum
712 1099 820 1127 facinus
835 1103 863 1126 et
877 1106 934 1126 rem
950 1098 1020 1126 bene

227 1150 330 1180 gestam
355 1146 496 1173 exsultare
514 1149 542 1172 et
561 1145 663 1177 eﬂ'erri,
679 1149 760 1179 atque
774 1145 893 1171 tumultu
923 1144 1020 1178 impio-

226 1198 298 1222 rum,
320 1197 375 1225 quo
394 1189 487 1224 templi
513 1193 595 1224 atque
624 1194 722 1217 statua:
756 1191 866 1217 nomine
897 1188 1021 1216 dolentes

227 1236 469 1271 perturbabantur,
487 1243 571 1270 supra
589 1235 699 1262 modum
710 1234 845 1270 gaudere;
858 1234 925 1270 quin
939 1234 1020 1261 etiam

226 1282 434 1316 magistratibus
445 1281 466 1308 il
476 1281 597 1308 dicatum
606 1285 658 1313 est,
671 1280 744 1315 quod
753 1281 811 1315 ipse
825 1280 884 1308 suis
895 1280 1021 1307 manibus

227 1326 383 1354 incendium
407 1326 518 1355 fecisset
534 1336 541 1354 :
564 1334 597 1355 ac
611 1334 710 1354 rursus
725 1326 860 1361 judicium
872 1326 956 1361 priori
967 1330 1022 1352 ter-

226 1373 344 1406 ribilius,
366 1377 396 1400 ut
421 1373 551 1400 nimirum
586 1373 667 1400 etiam
694 1380 744 1408 par
770 1376 840 1405 erat,
865 1380 927 1400 cum
946 1376 1021 1400 tanta

227 1427 283 1451 res,
298 1426 360 1454 quae
385 1419 563 1446 exrcerbaret
589 1421 617 1445 et
641 1418 766 1446 irritaret
779 1426 837 1451 eos,
867 1419 1020 1446 incidisset.

226 1467 316 1499 Atque
343 1463 382 1490 illi
397 1463 505 1498 quidem
535 1463 563 1490 in
581 1463 713 1498 iudiciale
741 1463 863 1490 tribunal
891 1463 1021 1491 ascende-

227 1514 309 1546 runt:
323 1508 483 1536 Theodorus
496 1515 561 1535 vero
576 1508 604 1535 in
614 1508 703 1535 medio
716 1515 811 1536 eorum
826 1509 906 1544 (erat)
923 1516 1021 1544 magna

227 1554 355 1590 loquendi
378 1554 504 1581 libertate
514 1557 605 1586 utens,
621 1553 649 1580 in
661 1557 735 1581 statu
763 1561 875 1582 causam
903 1553 1022 1582 dicentis

225 1600 405 1635 magistratus
419 1599 585 1627 conﬁdentia
609 1600 741 1634 preditus
752 1607 815 1627 cum
838 1600 1021 1635 interrogare-

227 1650 282 1676 tur.
313 1645 454 1673 celeritate
469 1645 654 1673 confessionis
676 1645 918 1680 interrogationem
944 1651 1022 1673 ante-

226 1696 345 1720 vertens.
374 1691 554 1726 Posteaquam
571 1694 703 1719 autemet
722 1691 926 1726 imperterritus
950 1696 1021 1725 erat,

225 1743 253 1766 et
268 1737 302 1764 ad
323 1738 391 1765 nihil
419 1730 514 1765 eorum
539 1744 601 1771 quae
627 1737 721 1771 gravia
736 1742 819 1772 atque
843 1745 940 1772 aspera
957 1745 1020 1765 curn

227 1783 310 1810 minis
332 1783 357 1811 ei
382 1782 594 1810 ostentabantur
614 1783 762 1817 supplicia,
790 1790 821 1810 se
836 1783 1020 1816 submitteret,

227 1836 278 1856 nec
304 1828 488 1856 conﬁdentius
516 1828 591 1864 loqul
615 1827 766 1860 desineret,
795 1829 823 1855 in
851 1829 1020 1856 contrariam

228 1874 362 1901 rationem
378 1874 476 1901 mutati
491 1878 566 1906 sunt,
582 1881 614 1901 ac
630 1874 749 1909 benigne
765 1881 828 1901 cum
855 1882 889 1902 eo
916 1882 1021 1903 sermo-

225 1920 352 1947 cinantes
383 1919 528 1955 promissis
553 1920 658 1954 justum
678 1920 840 1948 subtrahere
869 1921 1021 1950 tentabant.

229 1975 239 1991 ‹
258 1965 289 1993 Et
304 1966 386 1997 scito,
397 1975 406 1991 ι
425 1966 562 2001 inquiunt,
579 1975 590 1992 ‹
606 1965 678 2000 quod
695 1966 719 1993 si
733 1966 879 1993 consilium
895 1971 1020 1994 nostrum

227 2011 386 2040 obedienter
395 2012 541 2040 admittere
552 2011 683 2043 volueris,
693 2011 818 2046 protinus
828 2015 854 2039 te
862 2019 893 2039 ex
903 2012 1021 2040 obscuro

227 2058 358 2090 nobilem.
379 2066 411 2086 ex
435 2058 531 2086 humili
552 2058 736 2093 despectoque
757 2061 786 2084 et
800 2057 917 2093 inglorio
934 2059 1019 2086 hono-

226 2108 317 2131 ratum
341 2104 490 2132 elliciemus
506 2113 514 2131 :
530 2111 563 2131 ac
581 2104 630 2131 tibi
654 2103 831 2138 pontiﬁcatus
855 2103 1016 2139 dignitatem

1068 886 1114 904 νου
1128 877 1253 912 (καὶγὰρ
1275 877 1305 903 ὲν
1327 876 1366 912 τῷ
1381 877 1456 912 μέσῳ
1478 876 1527 910 τῆς
1540 875 1644 907 πόλεῶς
1667 874 1859 910 φανερώτατον

1069 924 1171 958 ἐξήφθη
1194 923 1224 949 τὸ
1244 922 1326 958 πῦρ),
1351 923 1399 949 οὐκ
1424 921 1597 957 ἐπεκρύψατο
1619 921 1671 956 τὴν
1691 920 1858 955 ἐγχείρησιν,

1069 969 1128 996 οὐδὲ
1144 969 1293 995 ἐσπούδασε
1308 969 1339 995 τὸ
1351 968 1442 994 λαθεῖν
1454 976 1460 982 “
1481 967 1538 994 ἀλλ’
1555 966 1663 1002 ἔνδηλος
1674 963 1721 1002 ἦν,
1733 965 1782 993 καὶ
1798 965 1860 999 σφό-

1069 1014 1119 1050 δρα
1140 1022 1171 1048 γε
1193 1014 1231 1048 τῷ
1261 1012 1452 1049 κατορθώματι
1468 1012 1599 1048 γαυριιῖιν,
1625 1012 1672 1038 καὶ
1683 1010 1861 1046 ὑπερχαίρων

1070 1061 1102 1095 τῇ
1116 1061 1219 1095 ταραχῇ
1228 1060 1281 1086 τῶν
1292 1059 1424 1094 ἁθέων,ἢν
1437 1058 1623 1093 ἐταράττοντο.
1682 1057 1739 1091 ναῷ
1750 1057 1861 1092 περιαλ-

1071 1104 1182 1139 γοῦντες
1219 1105 1267 1131 καὶ
1290 1104 1330 1139 τῷ
1356 1105 1450 1139 ξοάνῳ.
1479 1104 1534 1130 Καὶ
1564 1103 1653 1138 μέντοι
1682 1102 1860 1138 atansum-3%,

1071 1151 1126 1182 τοῖς
1141 1151 1285 1185 ἄρχουσιν.
1298 1150 1336 1181 ὡς
1350 1150 1541 1186 αὐτουργήσας
1558 1150 1604 1175 τὸν
1619 1147 1803 1184 ἐμπρησμόν·
1818 1149 1862 1174 καὶ

1072 1196 1152 1223 πάλιν
1164 1196 1303 1231 κριτήριον
1328 1195 1515 1231 φοϐερώτερον
1533 1194 1580 1221 τοῦ
1596 1194 1731 1230 προτέρου
1743 1202 1751 1210 ⁸
1768 1194 1862 1228 ὥσπερ

1072 1240 1118 1269 οὖν
1132 1242 1180 1269 καὶ
1194 1242 1278 1275 εἰκὸς,
1288 1242 1489 1277 ἐπισυμόἀντος
1502 1241 1662 1276 τηλικούτου
1677 1241 1726 1267 τοῦ
1743 1239 1863 1275 παροξύ-

1072 1297 1176 1320 ναντος.
1193 1288 1245 1315 Καὶ
1258 1289 1283 1315 ol
1300 1288 1349 1324 μὲν
1362 1289 1408 1315 ἐπὶ
1417 1287 1463 1314 τὸν
1477 1287 1630 1314 δικαστικὸν
1646 1287 1788 1322 ἀνέϐησαν
1804 1285 1864 1322 θρό-

1072 1341 1126 1359 νον.
1145 1332 1280 1367 Θεόδωρος
1294 1332 1322 1359 δὲ
1336 1332 1572 1368 εὖπαρῤησίαστος
1587 1332 1614 1358 ὲν
1631 1332 1687 1363 τοῖς
1704 1331 1801 1366 μέσοις
1817 1330 1864 1365 ἀρ-

1072 1387 1164 1413 χοντος
1177 1379 1274 1413 θάρσος
1288 1379 1354 1413 ἔχων
1371 1380 1398 1404 ἐν
1411 1381 1444 1413 τῇ
1458 1379 1550 1406 στάσει
1564 1377 1611 1405 τοῦ
1622 1377 1787 1413 κρινομένου
1799 1377 1864 1412 ὲρω-

1072 1425 1204 1460 τώμεκηος,
1223 1425 1268 1451 καὶ
1286 1424 1323 1458 τῷ
1340 1425 1415 1459 τάχει
1432 1424 1482 1459 τῆς
1498 1423 1642 1459 ὁμολογίας
1662 1423 1714 1457 τὴν
1729 1421 1865 1458 ἐρώτησιν

1074 1471 1238 1497 ἐπικόπτων.
1270 1471 1377 1504 Ἐπειδὴ
1394 1471 1421 1497 δὲ
1440 1469 1650 1505 ἀκατάπληκτος
1666 1467 1711 1504 ἦν,
1728 1469 1779 1495 καὶ
1799 1468 1865 1504 πρὸς

1073 1517 1149 1541 οὐδὲν
1165 1516 1285 1549 ἐφείδετο
1299 1516 1351 1543 τῶν
1362 1516 1564 1550 ἀπειλουμένων
1578 1515 1681 1545 δεινῶν,
1696 1515 1738 1545 εἰς
1752 1515 1865 1540 τούναν-

1074 1562 1129 1587 τίον
1148 1562 1350 1596 μετεϐλήθησαν
1366 1562 1482 1596 τρόπον·
1501 1561 1545 1587 καὶ
1564 1559 1765 1595 φιλανθρώπως
1782 1559 1865 1586 διαλε-

1074 1608 1181 1641 γόμενοι
1187 1628 1192 1637 ,
1198 1606 1316 1640 ὲπαγγελ
1322 1607 1373 1637 ίαις
1385 1606 1470 1632 ὑποσύ
1475 1615 1502 1641 ρε
1507 1615 1529 1631 ιν
1540 1606 1587 1631 ἐπε
1593 1605 1689 1640 Lpt'bvto
1696 1604 1744 1630 τὸν
1751 1604 1864 1631 δίκαιον.

1077 1662 1085 1677 ‹
1105 1653 1156 1678 Καὶ
1171 1653 1297 1685 γίνωσκε,
1309 1662 1317 1678 ι
1336 1652 1428 1686 φησὶν,
1448 1661 1457 1676 ι
1468 1652 1506 1683 ὡς
1519 1652 1542 1677 εἰ
1554 1650 1716 1685 βουληθείης
1731 1650 1865 1681 εὐπειθῶς

1073 1698 1121 1732 τὴν
1143 1698 1295 1733 συμϐουλὴν
1318 1698 1366 1732 τὴν
1389 1697 1525 1732 ἡμετέραν
1550 1696 1765 1731 προσδέξασθαι,
1788 1697 1865 1727 εὐθύς

1075 1752 1102 1768 σε
1120 1743 1325 1777 καταστήσομεν
1353 1742 1382 1774 ἐξ
1407 1742 1518 1775 ἀφανῶν
1540 1742 1693 1777 γνώριμον,
1719 1742 1750 1774 ἐξ
1766 1743 1865 1775 ἀδόξων

1074 1789 1179 1823 ἔντιμον
1192 1797 1199 1804 ·
1220 1789 1266 1814 καί
1282 1797 1322 1814 σοι
1340 1788 1389 1822 τῆς
1412 1788 1617 1824 ἀρχιερωσύνης
1638 1788 1865 1824 ἐπαγγελλόμεθα

1073 1836 1121 1868 τὴν
1142 1834 1229 1865 ἀξίαν.
1247 1844 1255 1858 ι
1276 1834 1318 1865 Ὠς
1330 1834 1356 1859 δὲ
1369 1833 1416 1860 τοῦ
1429 1834 1477 1868 τῆς
1490 1833 1694 1869 ἀρχιερωσύνης
1709 1833 1865 1869 ἁξιώματκ

1074 1880 1197 1912 ἤκουσεν,
1224 1878 1373 1911 ὲγγελάσας
1393 1878 1496 1912 μακρὸν
1521 1880 1534 1904 ὁ
1549 1878 1753 1913 τρισμακάριος
1772 1877 1864 1906 εἶπεν·

1077 1933 1084 1947 ι
1098 1924 1167 1956 Ἐγὼ
1184 1924 1229 1949 καὶ
1248 1924 1310 1953 τοὺς
1326 1923 1415 1958 ἱερέας
1427 1924 1480 1949 τῶν
1494 1923 1610 1950 εἰδώλων
1625 1923 1737 1956 ἀθλίους
1750 1925 1863 1960 κρίνων.

1074 1970 1119 1994 καὶ
1136 1969 1172 1999 ὠς
1196 1969 1313 2002 ματαῐας
1339 1969 1462 2003 πράξεως
1478 1969 1627 2004 ὑπηρέτας,
1642 1970 1790 2006 οἰκτείρω·
1805 1971 1864 2001 τοὺς

1073 2015 1099 2040 δὲ
1113 2015 1257 2049 ἀρχιερέας
1271 2014 1317 2039 ἐπὶ
1337 2014 1426 2041 πλεῖον
1451 2014 1516 2040 ἐλεῶ
1535 2016 1581 2041 καὶ
1601 2015 1786 2051 βδελύσσομαι
1798 2024 1805 2031 ·
1821 2016 1864 2042 ἐπὶ

1073 2060 1126 2093 γὰρ
1137 2060 1189 2085 τῶν
1202 2060 1362 2094 χειρόνιι›ν,ὸ
1376 2060 1476 2093 μείζων
1487 2061 1533 2086 καὶ
1548 2061 1750 2095 πρωτοτακτών
1765 2061 1863 2088 ἀθλιώ-

1074 2113 1165 2139 τερος·
1186 2105 1223 2135 ὡς
1239 2105 1267 2130 ὲν
1283 2106 1337 2136 τοῖς
1357 2106 1471 2137 ἀδίκοις,
1482 2106 1496 2131 ὁ
1510 2105 1673 2141 ἀδικώτερος
1686 2114 1692 2121 ·
1715 2106 1754 2138 ὡς
1770 2108 1800 2133 ἐν
1812 2109 1864 2138 τοῖς

227 2150 439 2184 promittimus.r
450 2150 485 2178 Ut
493 2154 584 2177 autem
593 2150 761 2185 pontiﬁciam
768 2150 929 2185 dignitatem
937 2151 1017 2178 nomi-

1074 2150 1210 2184 φονεῦσιν,
1226 2152 1240 2177 ὁ
1254 2151 1353 2185 μᾶλλον
1367 2151 1442 2185 ὠμός
1454 2160 1461 2164 ·
1480 2152 1518 2182 ὡς
1534 2152 1564 2178 ἐν
1589 2153 1646 2183 τοῖς
1662 2152 1863 2185 ἀκολάστοις,ὁ

226 2196 287 2222 nari
296 2196 410 2226 audivit,
419 2201 460 2223 ter
471 2200 622 2231 quaterque
635 2196 733 2223 beatus
749 2196 875 2228 ille,cum
885 2195 932 2223 diu
948 2197 1019 2223 mul-

225 2246 339 2276 tumque
352 2241 485 2269 irrisisset
496 2242 628 2278 (tandem)
637 2242 707 2270 dixit
719 2251 725 2269 :
738 2251 747 2268 ι
761 2241 817 2277 Ego
829 2242 911 2270 etiam
927 2250 1019 2270 sacer-

225 2288 306 2315 dotes
319 2288 530 2315 simulacrorum
539 2295 710 2316 aerumnosos
716 2296 777 2316 esse
786 2288 891 2322 judico,
900 2291 928 2315 et
938 2292 968 2315 ut
977 2295 1021 2315 va-

227 2340 268 2359 na:
276 2332 394 2360 actionis
402 2333 543 2360 ministros
551 2334 667 2361 miseror
677 2342 684 2367 ;
694 2333 853 2369 pontiﬁcum
862 2340 928 2360 vero
934 2334 1020 2361 multo

227 2379 314 2413 magis
320 2382 394 2405 meet
402 2378 523 2412 miseret,
530 2383 557 2406 et
566 2379 709 2407 abominor
716 2379 826 2408 eosdem
835 2389 843 2406 :
852 2380 925 2407 inter
933 2380 1020 2407 malos

227 2424 301 2452 enim
310 2423 358 2459 qui
368 2423 456 2458 major
471 2429 523 2456 est,
535 2432 567 2451 ac
574 2425 692 2460 primum
700 2425 790 2453 locum
800 2429 887 2457 tenet,
895 2425 1020 2453 miserior

226 2473 283 2502 est;
297 2474 328 2497 ut
345 2469 417 2497 inter
431 2469 559 2504 injustas,
567 2470 712 2505 iniustior;
729 2474 759 2497 ut
770 2471 841 2498 inter
856 2470 1018 2503 homicidas,

226 2515 272 2550 qui
293 2514 458 2542 crudelitate
483 2519 596 2542 caeteros
611 2515 754 2550 praecedit;
767 2519 797 2542 ut
815 2515 888 2542 inter
901 2515 1020 2543 lascivos

226 2564 254 2588 et
266 2561 439 2593 libidinosus,
451 2559 498 2596 qui
513 2561 680 2595 petulantior
692 2565 774 2595 atque
788 2561 942 2595 protervior
953 2566 997 2589 est
1011 2568 1018 2587 :

227 2610 372 2642 propterea
401 2606 555 2641 perniciosa
575 2605 753 2641 promittendi
767 2606 868 2634 dehinc
882 2606 962 2634 ﬁnem
979 2606 1020 2634 l'a-

227 2652 302 2684 cite;
321 2658 376 2679 non
400 2652 484 2684 enim,
503 2651 572 2679 heus
595 2659 644 2679 vos
674 2651 904 2684 animadvertitis,
931 2660 1020 2687 neque

227 2698 335 2726 sentitis
349 2702 432 2733 caput
447 2702 475 2726 et
500 2706 636 2726 summum
656 2697 789 2725 malorum
814 2697 880 2725 mihi
909 2698 1020 2733 promit-

227 2748 315 2772 tentes
328 2753 334 2771 :
351 2747 376 2770 at
390 2744 427 2775 ei,
438 2743 485 2779 qui
496 2744 540 2779 pie
555 2751 588 2772 ac
603 2748 678 2771 recte
687 2744 777 2771 vivere
789 2744 893 2775 statuit,
907 2747 1020 2778 prrestat

226 2789 255 2816 in
269 2789 350 2817 domo
376 2785 483 2817 Domini
506 2789 644 2825 abjectum
663 2797 736 2824 esse,
754 2797 836 2825 quam
853 2790 976 2818 habitare
992 2790 1019 2817 in

1072 2197 1278 2233 ἀσελγέστερος·
1306 2197 1353 2224 καὶ
1369 2197 1413 2224 διὰ
1429 2197 1507 2224 τοῦτο
1526 2197 1650 2224 ἐντεῦθεν
1677 2198 1730 2234 ήδη
1753 2199 1800 2226 διὰ
1813 2200 1864 2226 τῶν

1070 2242 1199 2278 ὀλεθρίων
1209 2243 1379 2277 ἐπαγγελιῶν
1394 2243 1560 2271 καταὸἀλετε
1573 2251 1580 2258 ·
1592 2243 1724 2279 λελήθατε
1739 2246 1797 2279 γάρ
1812 2255 1864 2280 μοι.

1070 2283 1093 2313 ὦ
1104 2285 1187 2320 οὖτοι,
1203 2288 1251 2323 τὴν
1264 2289 1387 2324 κορυφὴν
1397 2288 1452 2315 τῶν
1464 2288 1556 2315 κακῶν
1567 2289 1749 2324 ὑποσχόμενοι
1764 2298 1773 2305 ·
1786 2290 1825 2325 τῷ
1839 2290 1864 2316 δὲ

1071 2332 1190 2364 εὐσεϐῶς
1216 2334 1264 2360 καὶ
1282 2333 1370 2368 ὀρθῶς
1391 2334 1442 2369 ζῇν
1468 2335 1692 2370 προαιρουμένῳ,
1724 2337 1864 2371 παραρρι-

1071 2378 1194 2405 πτοῑσθαι
1212 2378 1293 2405 καλὸν
1306 2380 1333 2404 ἐν
1344 2379 1383 2414 τῷ
1397 2379 1464 2414 οἴκῳ
1478 2380 1525 2406 τοῦ
1538 2380 1605 2406 Θεοῦ
1622 2380 1735 2414 μᾶλλον,
1748 2381 1765 2415 ἦ
1782 2382 1864 2406 οἰκεῖν

1071 2424 1099 2450 ἐν
1114 2423 1289 2458 σκηνώμασιν
1306 2424 1485 2460 ἁμαρτωλῶν.
1506 2424 1576 2459 Ἐγὼ
1591 2425 1639 2452 καὶ
1653 2426 1719 2457 τοὺς
1736 2426 1864 2460 βασιλέας

1070 2469 1191 2500 τούτους,
1212 2467 1250 2496 ὧν
1278 2470 1323 2496 τὸν
1346 2469 1444 2505 ἄνομον
1471 2470 1590 2505 συνεχῶς
1621 2471 1864 2505 ὑπαναγινώσκετε

1071 2515 1163 2549 νόμον,
1179 2513 1257 2546 ἐλεῶ,
1272 2515 1314 2542 δτι
1330 2514 1467 2551 αὔταρκες
1486 2517 1514 2542 ἐν
1533 2515 1687 2551 ἀνθρώποις
1708 2517 1821 2552 ἀξίωμα
1836 2517 1864 2544 τὸ

1071 2561 1169 2596 κράτος
1183 2561 1234 2596 τῆς
1260 2560 1398 2595 βασιλείας
1421 2560 1546 2596 ἔχοντες,
1569 2561 1618 2597 τὴν
1638 2562 1685 2588 τοῦ
1711 2563 1863 2598 ἀρχιερέως

1071 2607 1177 2639 ἑαυτοῖς
1192 2606 1378 2642 προσηγορίαν
1389 2607 1530 2639 ἀνέθεσαν,
1547 2607 1593 2633 καὶ
1609 2608 1659 2641 τὴν
1669 2607 1799 2644 πενθήρη
1820 2609 1864 2635 καὶ

1072 2652 1211 2688 σκοτεινὴν
1218 2652 1361 2689 πορφύραν
1373 2652 1478 2679 ἐκεῖθεν
1490 2652 1684 2688 ἀμπίσχονται,
1694 2654 1770 2681 κατὰ
1781 2655 1864 2690 μίμην

1072 2706 1114 2724 σιν
1127 2698 1180 2724 τῶν
1193 2698 1396 2733 κακοδαιμόνων
1411 2698 1579 2734 ἀρχιερέων,
1599 2699 1737 2735 ἀξιώματι
1760 2699 1863 2736 φαιδρῷ

1072 2743 1233 2778 σκυθρωπὸν
1253 2743 1446 2779 περιφέροντες
1469 2744 1573 2779 ἔνδυμα
1586 2753 1593 2759 ·
1623 2744 1681 2771 ἔστι
1701 2745 1733 2772 δὲ
1752 2746 1799 2772 ὅτε
1821 2746 1863 2773 καὶ

1073 2789 1164 2825 μιαρῷ
1183 2789 1267 2825 βωμῷ
1284 2790 1491 2826 πλησιάζοντες,
1516 2791 1575 2818 ἀντὶ
1589 2790 1724 2826 βασιλέων
1744 2792 1862 2826 γίνονται
