1912 3082
222 120 270 148 747

829 122 858 149 S.
877 120 1042 148 GREGORII
1061 119 1210 148 NYSSENI

1801 121 1848 148 748

219 179 307 206 culum
323 178 453 211 versaris,
470 181 517 205 aut
533 178 560 205 in
579 178 678 206 cltoros
692 179 851 214 angelorum
867 186 1007 216 cooptatus

1064 180 1186 214 ἀγγέλων
1208 177 1421 213 συντεταγμένος
1435 176 1473 212 τῷ
1487 177 1611 214 Δεσπὸτῃ
1630 177 1818 214 παρέστηκας,
1833 180 1847 214 ἢ

219 225 333 251 Domino
350 225 470 256 assistis,
491 230 537 252 aut
554 233 618 252 cum
630 226 778 253 virtutibus
788 233 816 253 et
828 228 1011 261 potestatibus

217 275 246 298 ul
284 279 381 298 servus
415 271 503 299 fidelis
535 271 706 299 adorationis
732 273 826 299 officio
854 273 976 308 fungeris
1002 283 1009 301 :

218 325 366 352 parumper
401 318 436 344 ab
471 318 505 344 iis
540 318 640 345 ofiiciis
669 318 839 345 vacationem
881 319 1011 354 depreca-

218 369 273 396 tus,
301 364 363 391 veni
376 363 410 391 ad
443 364 493 391 hos
508 364 555 398 qui
572 369 597 391 te
611 363 758 395 honorant.
784 365 931 393 invisibilis
946 368 1012 394 ami-

219 417 268 436 cus
285 419 292 437 :
307 417 442 445 cognosce
455 417 487 436 ac
506 410 564 437 vise
591 409 675 438 ferias
689 418 750 445 quae
768 411 960 444 celebramur,
981 416 1010 439 ut

218 456 366 490 gratiarum
382 455 516 483 adversus
543 455 627 483 Deum
652 456 830 491 couduplices
859 458 1008 490 actionem,

218 501 264 535 qui
276 508 325 536 pro
338 508 392 528 una
408 502 546 536 passione,
555 505 581 528 et
595 509 647 529 una
662 502 705 536 pia
722 503 894 530 confessione
907 508 947 531 tot
961 505 1009 532 tibi

219 548 453 575 remunerationes
469 549 581 583 largitus
597 552 639 576 est
656 558 662 575 :
681 556 713 575 ac
731 549 831 577 laeteris
846 550 881 577 ob
897 551 1009 586 sangui-

219 599 279 618 nem
293 591 419 625 effusum,
439 597 467 620 et
497 592 570 628 ignis
595 593 735 621 cruciatus
766 595 907 622 toleratos.
935 595 1009 628 Quot

219 639 290 665 cuitu
310 643 375 666 tunc
389 639 515 673 supplicii
540 643 710 674 spectatores
743 641 859 675 populos
875 641 1007 675 habebas,

219 688 260 712 tot
275 693 348 712 nunc
365 684 448 712 habes
467 685 578 712 honoris
595 685 747 713 ministros.
758 685 906 713 Multorum
926 687 1009 714 bene-

219 731 342 758 ficiorum
374 730 551 765 indigemus;
580 730 718 757 intercede
735 738 767 758 ac
791 731 939 766 deprecare
960 739 1009 767 pro

219 775 305 809 patria
322 774 392 809 apud
409 782 579 802 communem
593 782 683 810 regem
703 779 730 803 et
757 775 900 803 Dominum
919 786 926 803 :
946 785 1008 804 nam

219 820 305 854 patria
320 820 447 855 martyris
456 824 497 847 est
510 820 594 847 etiam
610 820 688 847 locus
696 821 843 856 passionis,
857 822 930 849 cives
943 823 1007 850 item

218 871 244 893 et
260 865 360 893 fratres
375 870 402 893 et
414 866 531 901 cognati,
545 867 591 901 qui
603 870 630 893 et
639 866 740 894 habent
751 875 812 894 eum
822 872 850 894 et
862 872 974 895 tuentur
981 872 1009 896 ct
1027 861 1047 888 Β

218 915 316 938 ornant
329 917 409 946 atque
423 911 572 945 honorant;
587 911 718 940 timemus
727 913 899 947 afflictiones,
910 922 1008 950 exspe—

217 962 324 984 ctamus
338 957 469 992 pericula;
484 965 538 985 non
554 958 633 994 longe
649 958 748 986 absunt
766 959 875 987 scelesti
900 959 1008 996 Scythae

218 1003 317 1030 bellum
333 1003 479 1032 adversum
500 1011 550 1032 nos
570 1005 772 1039 parturientes;
797 1009 827 1033 ut
851 1006 930 1034 miles
947 1014 1008 1042 pro<

218 1057 308 1085 pugna
319 1050 381 1085 (pro
397 1051 500 1086 nobis),
511 1055 540 1078 ut
550 1055 654 1087 martyr
668 1059 718 1087 pro
733 1052 877 1080 conservis
892 1052 1007 1080 utereli-

218 1095 324 1123 bertnte
345 1096 485 1131 loquendi.
506 1095 618 1124 Etiamsi
647 1098 784 1132 superasti
808 1098 956 1130 smeulum.
979 1102 1007 1126 at

218 1142 290 1168 nosti
303 1141 418 1168 allectus
433 1146 460 1169 et
474 1150 541 1169 usus
558 1143 792 1178 necessitatesque
804 1143 930 1171 humana:
945 1152 1007 1171 con-

218 1187 330 1214 ditionis
348 1196 353 1214 :
367 1192 428 1223 pete
445 1195 551 1222 pacem.
566 1192 595 1215 ut
613 1188 640 1214 hi
654 1189 754 1223 publici
778 1194 932 1218 conventus
952 1198 1006 1217 nott

219 1232 362 1260 desinant:
384 1241 418 1260 ne
428 1233 612 1260 debacchetur
627 1237 709 1268 alque
723 1239 863 1268 grassetur
876 1234 1007 1263 adversus

219 1278 319 1312 templa
337 1278 468 1304 altariave
485 1277 612 1304 rabiosus
636 1281 664 1305 et
689 1278 838 1305 Sceleratus
849 1278 982 1305 barbarus
997 1289 1004 1305 :

218 1331 253 1350 ne
268 1323 412 1350 conculcet
426 1327 522 1350 sancta
537 1322 670 1358 profanus
685 1327 713 1350 et
736 1323 846 1357 impius.
862 1323 917 1351 Nos
933 1323 1006 1351 enim

218 1369 314 1401 etiam,
329 1369 401 1404 quod
419 1369 571 1396 incolumes
579 1374 605 1396 et
623 1369 721 1403 integri
733 1369 886 1396 conservati
899 1377 1005 1402 sumus,

218 1415 267 1442 tibi
292 1414 453 1442 beneficium
475 1419 616 1450 acceptum
641 1414 796 1442 referimus.
814 1414 937 1442 Petimus
956 1423 1005 1442 au-

219 1467 273 1488 tent
288 1461 369 1488 etiam
390 1460 473 1488 futuri
486 1461 616 1496 temporis
634 1461 789 1496 praesidium
806 1465 888 1495 atque
901 1462 1006 1489 securi-

217 1510 313 1535 tatem.
332 1506 410 1539 Quod
428 1507 453 1534 εἰ
482 1507 579 1542 majori
600 1507 682 1534 etiam
701 1515 770 1542 opus
792 1507 874 1534 fuerit
889 1507 1006 1534 advoca~

218 1553 293 1580 tione
306 1560 338 1580 ac
365 1553 569 1588 deprecatione,
588 1553 706 1580 fratrum
727 1558 837 1580 tttoruttt
853 1559 1004 1589 martyrum

217 1607 282 1634 coge
295 1599 421 1631 chorum,
434 1604 462 1626 et
476 1607 537 1626 cum
551 1599 683 1627 omnibus
694 1607 746 1626 una
759 1599 922 1634 deprecare:
938 1599 1008 1626 ntul-

216 1649 305 1672 torutn
320 1645 456 1679 justorum
481 1653 576 1680 preces
594 1645 779 1672 multitudinis
795 1652 828 1672 ac
844 1645 1007 1680 populorum

216 1695 326 1727 peccata
352 1691 441 1724 luant;
472 1691 588 1718 admone
616 1691 738 1722 Petrum,
761 1690 851 1717 excita
880 1689 1006 1721 Paulum,

216 1737 348 1766 Joannem
367 1737 430 1764 item
449 1737 617 1772 Theologum
635 1745 666 1764 ac
685 1737 849 1772 discipulum
864 1736 1005 1768 dilectum,

217 1789 245 1811 ιιι
266 1792 315 1819 pro
333 1783 463 1811 Hcclesiis
486 1791 555 1818 quas
572 1784 776 1810 constituerunt
803 1782 912 1810 solliciti
934 1783 1006 1816 sint,

215 1838 266 1866 pro
287 1829 388 1864 quibus
406 1833 518 1856 catenas
536 1834 724 1864 gestaverunt,
747 1836 797 1863 pro
810 1829 911 1863 quibus
935 1829 1008 1864 porto

215 1876 277 1903 cula
305 1883 336 1902 ac
353 1869 455 1902 mortes
480 1875 611 1908 tulerunt,
639 1883 672 1903 ne
688 1875 899 1903 simulacrorum
915 1876 1006 1902 cultus

216 1922 360 1949 adversum
376 1929 426 1949 nos
445 1927 525 1957 caput
538 1923 635 1955 tollat;
652 1930 686 1950 ne
704 1923 823 1950 haereses
841 1923 913 1950 sicut
921 1923 1007 1957 spina:

215 1969 301 1997 viuere
325 1972 512 2001 succrescant,
542 1977 575 1996 ne
602 1969 736 1996 zizanium
763 1968 864 1996 editum
893 1968 1007 1996 sufferet

215 2015 346 2042 triticum.
364 2014 402 2042 Ne
417 2019 552 2050 quapetra
568 2016 624 2042 veri
641 2015 712 2043 roris
725 2014 889 2050 pinguedine
908 2021 1006 2042 carens

214 2059 359 2089 adversum
375 2070 425 2089 nos
436 2062 560 2093 exsistat,
575 2067 603 2089 et
618 2062 755 2090 sermonis
771 2069 802 2089 ac
820 2061 896 2089 verbi
914 2061 1007 2089 fertili-

213 2108 278 2135 tatis
292 2108 345 2134 vitu
372 2108 472 2136 radicis
491 2112 627 2143 expertem
651 2107 761 2140 efﬁciat,
773 2108 820 2135 sed
834 2107 935 2135 virtute
954 2111 1007 2135 tua:

215 2154 407 2189 sociorumque
414 2160 524 2181 tuorum
541 2154 752 2189 deprecationis,
767 2162 783 2181 ο
795 2154 837 2182 vir
846 2153 1006 2181 admiraude

1064 225 1132 262 μετὰ
1145 225 1285 259 δυνάμεων
1293 224 1340 251 καὶ
1352 223 1492 256 ἐξουσιῶν,
1506 223 1542 255 ὡς
1556 223 1648 255 δοῦλος
1664 223 1762 255 πιστὸς
1771 232 1848 257 προσ-

1063 271 1170 300 κυνεῖς·
1208 268 1305 304 μικρὸν
1331 267 1366 294 τὰ
1393 267 1486 294 αὺτόοι
1514 268 1774 303 παραιτησάμενος,
1799 266 1847 304 ἧκε

1062 315 1131 350 πρὸς
1146 315 1208 346 τοὺς
1222 314 1359 350 τιμῶντας
1370 321 1399 340 σε
1418 313 1534 348 ἀόρατος
1549 313 1624 347 φίλος
1634 322 1640 328 ·
1657 314 1802 349 ἱστόρητον
1817 316 1848 342 τά

1060 361 1219 396 τελούμενα,
1229 361 1273 387 ἴνα
1283 361 1331 395 τὴν
1342 360 1381 391 εις
1394 359 1459 386 Θεὸν
1472 359 1647 394 εὐχαριστίαν
1657 360 1847 396 διτιλασιάσῃς,

1061 408 1106 435 τὸν
1119 408 1178 435 ἀντὶ
1195 407 1297 438 πάθους
1311 406 1378 439 ἑνὸς,
1404 406 1450 432 καὶ
1472 407 1536 441 μιᾶς
1553 405 1680 438 εὐσεϐοῦς
1694 407 1847 443 ὁμολογίας,

1060 455 1194 486 τοσαύτας
1221 462 1261 480 σοι
1286 454 1336 485 τὰς
1356 453 1473 487 ἀμοιϐάς
1503 453 1706 488 χαρισάμενον·
1734 453 1848 489 εὐφραν-

1061 500 1135 534 Θείης
1150 500 1178 527 δὲ
1194 499 1233 535 τῷ
1244 500 1340 534 αἵματι
1353 499 1399 525 καὶ
1410 500 1444 534 τῇ
1454 499 1500 525 τοῦ
1510 499 1594 533 πυρὸς
1604 499 1742 535 ἀλγηδόνι.
1752 500 1848 532 Ὀσους

1060 546 1113 581 γὰρ
1123 543 1195 581 εἶχες
1206 545 1266 571 τότε
1281 545 1362 576 λαοὺς
1376 545 1424 579 τῆς
1435 545 1570 579 τιμωρίας
1584 544 1693 577 θεατὰς,
1707 546 1848 578 τοσούτους

1060 592 1107 618 νῦν
1119 592 1168 626 τῆς
1184 591 1266 626 τιμῆς
1279 591 1350 625 ἔχεις
1364 590 1513 625 ὑπηρέτας.
1527 589 1673 625 Χρῄζομεν
1686 591 1792 616 πολλῶν
1806 592 1848 616 εὑ-

1060 637 1191 672 εργεσιῶν
1202 646 1208 652 ·
1224 637 1391 672 πρέσὸευσον
1408 636 1476 671 ὑπὲρ
1502 636 1552 670 τῆς
1567 636 1695 671 πατρίδος
1718 637 1787 671 πρὸς
1803 636 1847 662 τὸν

1060 684 1147 710 κοινὸν
1161 683 1270 718 βασιλέα
1283 691 1290 696 ·
1307 682 1404 716 πατρὶς
1421 681 1474 717 γὰρ
1491 681 1639 716 μάρτυρος,
1653 681 1700 708 τοῦ
1717 682 1846 717 πάθουςή

1060 728 1135 763 χώρα
1148 737 1154 743 ·
1180 728 1286 755 πολῖται
1299 727 1327 754 δὲ
1345 727 1391 753 καὶ
1408 727 1558 760 συγγενεῖς.
1584 727 1609 753 οἱ
1625 727 1846 763 περιστείλαντες

1061 775 1108 801 καὶ
1120 774 1225 809 ἔχοντες
1238 774 1283 800 καὶ
1295 773 1440 809 τιμῶντες.
1450 772 1630 809 ’Υφορὼμεθα
1642 773 1758 808 θλίψεις,
1770 782 1848 808 προσ-

1060 821 1181 856 δοκῶμεν
1200 820 1348 851 κινδύνους,
1365 820 1394 846 οὑ
1414 820 1522 855 μακρὰν
1546 820 1571 846 οἱ
1590 819 1724 855 ἀλιτήριοι
1748 820 1847 846 Σκῦθαι

1059 868 1105 894 τὸν
1126 866 1186 894 καθ’
1211 867 1290 902 ἡμῶν
1315 866 1453 898 ὼδίνοντες
1469 866 1603 901 πόλεμονο
1627 866 1665 898 ὡς
1680 866 1847 902 στρατιώτης

1060 912 1254 948 ὑπερμάχησον
1267 920 1273 927 ·
1287 912 1325 943 ὡς
1345 912 1451 947 μάρτυς
1464 912 1535 947 ὑπὲρ
1548 911 1602 938 τῶν
1614 912 1767 948 ὁμοδούλων
1780 913 1847 949 χρῆ-

1059 967 1103 984 σαι
1125 959 1158 993 τῇ
1181 957 1331 994 παρρησίᾳ.
1360 957 1391 984 Et
1407 957 1454 985 καὶ
1471 958 1607 994 ὐπερέσης
1628 958 1674 984 τὸν
1686 958 1764 993 βίον,
1792 960 1847 986 ἀλλ’

1058 1002 1130 1035 οἶδας
1151 1005 1186 1032 τὰ
1206 1005 1279 1040 πάθη
1303 1004 1350 1031 καὶ
1368 1004 1417 1036 τὰς
1436 1004 1530 1040 χρείας
1545 1004 1595 1040 τῆς
1616 1004 1846 1040 ἁνθρωπότητος·

1058 1050 1168 1086 αἴτησον
1186 1050 1308 1086 εἰρήνην,
1330 1051 1372 1076 ῖνα
1386 1052 1412 1078 αἱ
1433 1049 1600 1086 πανηγύρεις
1613 1047 1694 1077 αὗται
1710 1051 1749 1086 μὴ
1761 1051 1846 1087 λήξω-

1059 1104 1117 1129 σιν,
1146 1096 1189 1122 ἵνα
1217 1096 1254 1131 μὴ
1278 1096 1395 1130 κωμάσῃ
1418 1096 1487 1122 κατὰ
1510 1096 1581 1123 ναῶν
1606 1095 1622 1131 ἥ
1647 1095 1848 1131 θυσιαστηρῐων

1057 1141 1162 1168 λυσσῶν
1177 1142 1224 1168 καὶ
1243 1142 1361 1176 άθεσμος
1386 1141 1524 1177 βάρϐαρος
1536 1162 1544 1174 ,
1569 1142 1613 1168 ἵνα
1632 1141 1669 1177 μὴ
1689 1143 1803 1178 πατήσῃ
1816 1144 1848 1169 τὰ

1057 1189 1122 1223 ἅγια
1147 1188 1267 1224 βέόηλος.
1296 1189 1392 1224 Ἡμεῖς
1414 1189 1468 1224 γὰρ
1498 1189 1544 1216 καὶ
1575 1189 1646 1224 ὑπὲρ
1668 1185 1706 1216 ὧν
1732 1190 1849 1222 ἀπαθεῖς

1058 1235 1258 1271 ὲφυλάχθημεν,
1270 1236 1312 1262 σοὶ
1327 1235 1489 1271 λογιζόμεθα
1503 1235 1552 1270 τὴν
1564 1236 1724 1271 εὐεργεσίαν
1733 1245 1740 1252 ·
1759 1236 1849 1263 alto?»

1059 1291 1108 1316 μεν
1121 1282 1148 1308 δὲ
1164 1283 1209 1308 καὶ
1228 1282 1274 1308 τοῦ
1295 1282 1436 1318 μέλλοντος
1460 1282 1509 1318 τὴν
1526 1283 1686 1316 ἀσφάλειαν.
1703 1284 1754 1309 "Av
1770 1284 1849 1319 χρεξα

1056 1328 1169 1362 γένηται
1185 1327 1231 1355 καὶ
1247 1328 1368 1360 πλείονος
1389 1328 1537 1360 δυσωπίας,
1567 1329 1693 1364 ἄθροισον
1705 1330 1754 1355 τὸν
1769 1330 1849 1364 χορὸν

1058 1374 1110 1400 τῶν
1128 1374 1181 1400 σῶν
1195 1374 1317 1408 ἀδελφῶν
1331 1373 1385 1400 τῶν
1409 1374 1566 1409 μαρτύρων,
1584 1376 1630 1401 καὶ
1650 1374 1720 1409 μετὰ
1737 1374 1850 1401 πάντων

1056 1420 1176 1456 δεήθητι·
1206 1420 1310 1448 πολλῶν
1337 1420 1449 1447 δικαίων
1477 1421 1565 1455 εὐχαὶ,
1590 1420 1661 1447 λαῶν
1683 1421 1731 1446 καὶ
1755 1421 1851 1456 δήμων

1057 1466 1194 1500 ἁμαρτίας
1209 1466 1368 1493 λυσάτωσαν
1378 1474 1385 1480 ⁸
1408 1465 1565 1501 ὑπόμνησον
1581 1466 1694 1502 Πέτρον.
1715 1466 1851 1502 διέγειρον

1056 1513 1172 1544 Παῦλον,
1191 1513 1317 1547 Ἰωάννην
1332 1512 1432 1547 ὁμοίως
1447 1512 1493 1538 τὸν
1519 1512 1643 1545 θεολόγον
1660 1513 1708 1538 καὶ
1721 1512 1853 1548 τξιλούμες

1057 1566 1101 1584 νον
1117 1557 1257 1593 μαθητήν·
1274 1558 1308 1584 ἶν’
1323 1558 1392 1593 ὑπὲρ
1411 1557 1468 1584 τῶν
1487 1557 1654 1592 Ἐκκλησιῶν
1671 1557 1705 1590 ἃς
1721 1560 1851 1594 συνεστή-

1058 1613 1138 1630 σαντο
1153 1604 1366 1639 μεριμνήσωσιν,
1382 1603 1452 1639 ὑπὲρ
1463 1600 1500 1630 ὧν
1514 1604 1564 1635 τὰς
1580 1603 1689 1634 ἁλύσεις
1701 1605 1850 1639 ὲφὸρεσαν,

1058 1650 1127 1685 ὑπὲρ
1142 1646 1179 1676 ὧν
1196 1650 1257 1681 τοὺς
1273 1650 1411 1682 κινδύνους
1427 1651 1474 1677 καὶ
1493 1650 1555 1682 τοὺς
1572 1650 1703 1682 θανάτους
1717 1649 1850 1686 ἤνεγκαν

1059 1697 1096 1731 μὴ
1113 1696 1319 1732 εἰδωλολατρεία
1340 1697 1394 1734 ἄρῃ
1408 1696 1468 1723 καθ’
1485 1696 1563 1732 ἡμῶν
1580 1697 1703 1732 κεφαλὴν
1715 1717 1722 1728 ,
1749 1698 1789 1732 μὴ
1812 1698 1853 1724 αἱ-

1059 1742 1146 1777 ρέσεις
1166 1742 1204 1774 ὡς
1228 1742 1344 1770 ἄκανθαι
1365 1743 1404 1778 τῷ
1431 1743 1570 1778 ἀμπελῶνι
1601 1743 1852 1779 ὑποϐλαστήσωσι,

1059 1789 1097 1824 μὴ
1111 1788 1229 1821 ζιζάνιον
1243 1789 1353 1825 ἐγερθὲν
1373 1789 1455 1826 πνξεῃ
1475 1790 1520 1816 τὸν
1535 1791 1616 1816 σίτον-
1642 1790 1680 1825 μή
1703 1799 1748 1821 τις
1764 1791 1853 1825 πέτρα

1057 1834 1169 1870 γένηται
1181 1835 1240 1861 καθ’
1253 1835 1332 1870 ἡμῶν
1345 1835 1493 1870 λειπομένη
1512 1835 1561 1870 τῆς
1575 1833 1704 1870 πιότητος
1718 1838 1772 1871 τῆς
1789 1837 1851 1871 ἀλη-

1058 1879 1133 1915 θινῆς
1157 1880 1269 1915 δρόσου,
1296 1881 1343 1907 καὶ
1362 1881 1456 1916 ἄριξον
1477 1880 1605 1916 ἀποδείξῃ
1621 1881 1671 1915 τῆς
1696 1881 1851 1916 εὐκαρπίας

1056 1926 1103 1953 τοῦ
1129 1926 1207 1960 λόγου
1222 1927 1271 1960 τὴν
1295 1926 1424 1962 δύναμιν·
1455 1926 1521 1954 ἀλλὰ
1540 1928 1573 1961 τῇ
1591 1926 1705 1962 δυνάμει
1728 1927 1784 1962 τῆς
1805 1927 1852 1961 σῆς

1057 1973 1204 2009 πρεσϐείας
1219 1974 1266 2001 καὶ
1282 1974 1336 2000 τῶν
1351 1974 1399 2000 σὺν
1415 1973 1625 2008 σολ,θαυμαστὲ.
1644 1974 1690 2000 καὶ
1708 1974 1852 2009 ὑπερλάμ-

1056 2027 1108 2045 πον
1131 2020 1159 2045 ἐν
1171 2020 1227 2051 τοῖς
1245 2019 1362 2054 μάρτυσι
1382 2019 1457 2053 λήϊον
1475 2019 1649 2054 ἀποδειχθείη
1664 2019 1695 2045 τὸ
1710 2019 1769 2045 τῶν
1787 2020 1848 2054 Χρι-

1057 2065 1172 2091 στιανῶν
1185 2065 1333 2100 πολίτευμα
1349 2065 1429 2100 μέχρι
1441 2065 1534 2097 τέλους
1548 2065 1635 2100 μένον,
1654 2066 1683 2091 ὲν
1699 2066 1733 2100 τῇ
1748 2065 1852 2101 λιπαρᾷ

1057 2111 1104 2137 καὶ
1116 2111 1247 2146 εὐκάρπῳ
1258 2111 1307 2146 τῆς
1317 2113 1344 2137 ὲν
1356 2110 1465 2145 Χριστῷ
1477 2111 1594 2142 πίστεως
1608 2110 1717 2146 ἁρούρᾳ
1732 2112 1779 2137 ἀεὶ
1792 2121 1852 2146 καςν

1057 2156 1193 2192 ποφοροῦν
1202 2157 1251 2192 τὴν
1262 2158 1370 2184 αἰώνιον
1385 2157 1468 2193 ζωὴν,
1478 2157 1528 2191 τὴν
1541 2157 1570 2182 ἐν
1585 2156 1698 2191 Χριστῷ
1715 2156 1808 2192 Ἰησοῦ
1817 2157 1852 2191 τῷ

214 2206 296 2236 atque
316 2201 386 2228 inter
405 2207 539 2237 martyres
563 2203 686 2229 eminens
705 2206 732 2229 et
751 2201 898 2233 excellens,
924 2201 1005 2228 Chri-

1059 2202 1151 2238 Κυρίῳ
1162 2202 1249 2238 ὴμῶν.
1264 2202 1330 2229 Μεθ’
1347 2201 1378 2230 οὗ
1395 2203 1433 2238 τῷ
1448 2202 1535 2238 Πατρὶ
1552 2202 1611 2236 ἅμα
1625 2201 1664 2236 τῷ
1679 2202 1756 2238 ἁγίῳ
1768 2203 1851 2229 [Ινεὺ-

214 2247 366 2274 stianorum
378 2248 529 2282 respublica
542 2254 654 2282 campus
664 2251 785 2282 segetum
797 2246 938 2278 reddatur.
957 2246 1004 2281 qui

214 2301 328 2328 campus
340 2293 374 2320 ad
394 2295 475 2321 tinent
487 2302 574 2329 usque.
588 2298 696 2321 maneat
712 2295 740 2321 in
755 2294 849 2329 pingui
865 2293 1003 2328 fertilique

1059 2257 1133 2283 ματι,
1147 2248 1220 2281 δόξα,
1241 2249 1349 2284 κράτος,
1366 2249 1443 2284 τιμὴ.
1470 2247 1518 2274 νῦν
1535 2247 1583 2274 καὶ
1601 2248 1645 2274 ἀεὶ
1664 2249 1715 2274 καὶ
1733 2249 1778 2280 εἰς
1793 2249 1852 2280 τοὺς

1057 2294 1157 2326 αἰῶνας
1174 2294 1228 2320 τῶν
1241 2294 1357 2321 αἰώνων.
1384 2295 1479 2330 Ἀμην.

220 2349 286 2369 arvo
302 2341 363 2369 ﬁdei
377 2341 404 2367 iu
415 2341 684 2377 Christum,semper
693 2341 812 2369 fructuut
823 2341 1025 2369 edensatternae
1043 2342 1115 2374 vitae,
1133 2350 1194 2377 quae
1209 2342 1324 2377 contigit
1338 2350 1386 2377 per
1412 2342 1553 2369 Christum
1574 2340 1668 2369 Iesum
1700 2341 1852 2368 Dominum

215 2392 350 2415 nostrum.
381 2387 449 2414 Cum
473 2395 528 2422 quo
546 2387 619 2415 Patri
635 2387 717 2416 simul
732 2391 759 2414 et
782 2386 897 2422 Spiritui
918 2391 1014 2414 sancto
1025 2386 1122 2422 gloria,
1141 2387 1284 2422 itnperium
1296 2391 1322 2414 et
1338 2389 1425 2414 honor
1449 2395 1522 2414 nunc
1536 2392 1563 2414 et
1578 2393 1701 2420 semper,
1718 2391 1749 2414 et
1767 2388 1794 2414 in
1805 2395 1853 2415 sae-

215 2434 276 2460 cula
295 2434 469 2461 saeculorum.
483 2437 578 2462 Amen.
