1912 3082
77 115 127 146 749

624 115 658 144 IN
679 115 749 149 QUA
756 114 930 143 DRAGINTA
949 115 1152 145 MARTYRES.
1648 113 1704 145 750

87 190 1699 214 mummmﬁ

653 265 803 323 ΤΟΥ

866 265 1112 324 ΑΥΤΟΥ

798 375 976 402 ΕΓΚΩΜΙΟΝ

222 448 308 492 ΕΙΣ
344 447 489 491 ΤΟΥΣ
522 445 724 492 ΑΓΙΟΥΣ
759 447 1193 490 ΤΕΣΣΑΡΑΚΟΝΤΑ
1237 446 1544 491 ΜΑΡΤΥΡΑΣ.

741 594 1036 647 EJUSDEM

783 698 818 726 IN

850 697 918 726 LAU
924 697 992 725 DEM

394 777 472 822 SS.
518 776 949 830 QUADRAGINTA
1003 776 1366 822 MARTYRUM.

758 871 852 897 Eodem
863 870 1010 902 interprete.

378 977 490 1006 ΛΟΓΟΣ
512 981 550 1007 Α’.

101 1035 149 1070 Οἷς
175 1037 302 1064 ἀνιᾶσθαι
328 1038 391 1069 τοὺς
415 1038 530 1070 πολλοὺς
550 1038 728 1074 στοχάζομαι,
754 1039 861 1071 τούτοις

67 1084 145 1116 αὐτὸς
159 1085 315 1120 ἁγάλλομαι
327 1084 375 1119 τὴν
384 1084 513 1112 διάνοιαν.
534 1085 628 1120 Ἀηδὲς
640 1085 707 1120 γὰρ,
724 1085 763 1117 ὡς
775 1086 858 1120 εἰκὸς,

67 1132 121 1163 τοῖς
140 1131 250 1162 πολλοῖς
276 1131 307 1157 τὸ
329 1131 358 1157 ὲν
378 1130 504 1165 ἀλλήλοις
528 1130 728 1163 συνθλίόεσθαι,
755 1132 817 1167 ἐμοὶ
832 1133 860 1159 δὲ

67 1177 144 1204 τοῦτο
159 1178 309 1212 κεφάλαιον
330 1176 500 1213 εὐφροσύνης
516 1177 598 1204 ἐστίν,
612 1177 795 1213 Εὑφραίνεται
806 1178 860 1214 γὰρ

67 1223 205 1259 ὀφθαλμὸς
219 1223 265 1250 τοῦ
282 1223 420 1259 ποιμένος,
434 1223 464 1250 τὺ
476 1223 601 1259 ποίμνιον
609 1223 716 1258 βλέπων
727 1224 781 1251 ὑπὸ
793 1225 861 1261 πλή-

69 1270 129 1301 θους
164 1269 434 1305 στενοχωρούμενον,
467 1269 513 1296 καὶ
541 1269 592 1304 τῆς
622 1269 743 1305 μάνδρας
777 1270 860 1306 ὑπερ-

68 1316 206 1351 χεόμενον·
241 1315 330 1342 καίτοι
362 1324 394 1350 γε
422 1316 453 1342 οὺ
483 1316 568 1350 μικρὰ
587 1314 640 1341 τῶν
670 1314 814 1350 προϐάτων
843 1315 860 1350 ἡ

68 1361 196 1393 ἔπαυλις,
222 1361 289 1388 ἀλλὰ
310 1361 405 1396 στενὴν
421 1361 493 1387 ποιεῖ
517 1361 565 1396 τὴν
587 1361 757 1396 εὐρυχωρίαν
778 1361 860 1396 εὐθη-

67 1407 195 1443 νούμενον
211 1407 251 1442 τῷ
261 1407 357 1442 πλήθει
369 1407 399 1433 τὸ
414 1406 683 1442 ποίμνιον.Τοιοῦτόν
696 1415 722 1433 τι
733 1407 780 1433 καὶ
796 1407 861 1442 περὶ

66 1453 112 1480 τὸν
134 1453 240 1489 Κύριον
257 1454 271 1479 ὁ
287 1453 391 1487 Πέτρος
411 1451 474 1479 ἰδὼν
496 1451 663 1487 ἁπεκρίνατο
686 1451 783 1486 λέγων,
808 1452 859 1484 ὅτι,

73 1498 248 1529 Ἐπιστάτα,
265 1499 289 1525 οἱ
313 1498 398 1533 ὄχλοι
423 1497 594 1531 συνέχουσι
611 1505 648 1524 σε
665 1497 714 1524 καὶ
737 1497 861 1524 imm.

67 1545 184 1572 ϐουσίν.
198 1546 312 1577 Ὄντως,
326 1543 418 1575 καθώς
429 1543 495 1579 φησί
510 1552 562 1570 που
577 1545 590 1570 ὁ
602 1543 673 1575 θεῖος
688 1543 859 1575 Ἀπόστολος,

65 1591 95 1616 τὸ
108 1591 246 1618 θλίϐεσθαι
256 1591 303 1617 καὶ
314 1590 351 1625 μὴ
367 1589 590 1626 στενοχωρεῖσθαι
599 1589 677 1616 τοῦτό
698 1590 766 1615 ἐστι.
776 1590 860 1616 Παντὶ

65 1636 129 1672 γὰρ,
138 1638 218 1672 φησὶ,
231 1637 393 1670 θλιϐόμενοι,
403 1636 459 1663 ἀλλ’
475 1636 506 1662 οὐ
518 1636 773 1672 στενοχωρούμενοι.
790 1636 860 1670 Ἐγὼ

66 1681 93 1708 δὲ
109 1682 172 1708 τίνα
193 1682 402 1717 προχειρίσομαι
416 1681 494 1715 λόγον
510 1681 556 1707 ἐπὶ
574 1681 621 1707 τοῦ
635 1680 756 1707 τοιούτου
770 1680 862 1708 συλλό-

65 1736 130 1761 γου;
154 1727 205 1759 Τίς
219 1728 299 1754 δώσει
326 1736 371 1762 μοι
396 1727 487 1762 φωνὴν
513 1727 662 1760 σάλπιγγος
682 1727 861 1762 ὑψηλοτέραν,

65 1774 136 1801 ὥστε
160 1774 335 1810 ὑπερηχῆσαι
359 1775 390 1801 τὸ
412 1773 525 1809 πλῆθος,
548 1774 594 1800 καὶ
614 1775 674 1805 ταῖς
694 1774 789 1805 ἀκοαῖς
808 1773 861 1799 τῶν

66 1820 284 1856 συνειλεγμένων
297 1820 477 1848 ἐναποοέσθαι
488 1822 524 1847 τὰ
539 1821 665 1855 (inputa;
682 1820 753 1855 Πρὸς
765 1819 791 1846 τί
807 1819 862 1846 τῶν

65 1867 283 1902 ἀνεγνωσμένων
299 1866 401 1903 τρέψας
411 1866 530 1902 ἐμαυτοῦ
542 1867 590 1901 τὴν
601 1865 731 1897 διάνοιαν,
745 1866 862 1900 πρόσφο-

66 1923 112 1949 ρον
128 1914 236 1950 ἐξεὺρω
251 1916 306 1945 τοῖς
328 1913 445 1949 παροῦσι
466 1913 512 1940 τὸν
534 1913 630 1947 λόγον;
657 1913 742 1944 Πολὺς
764 1913 778 1938 ὁ
800 1912 861 1939 Ἰὼϐ

64 1961 204 1988 παιδεύων
222 1961 260 1992 εἰς
272 1959 398 1996 ἀνδρείαν
417 1960 461 1986 τὸν
474 1959 530 1994 βίον
546 1960 602 1991 τοῖς
616 1958 677 1985 καθ’
692 1957 788 1985 ἑαυτὸν
799 1958 862 1984 ὐπο-

63 2006 208 2042 δείγμασι,
228 2006 311 2037 πολὺς
328 2007 343 2032 ὸ
362 2005 567 2041 Παροιμιαστὴς
586 2006 641 2036 τοῖς
656 2003 810 2039 αἰνίγμασι.
827 2004 861 2030 Τί

64 2052 86 2078 δ’
104 2052 138 2079 ἄν
153 2060 197 2083 τις
207 2051 279 2078 aliter.
293 2051 357 2086 περ)⁸
370 2051 416 2078 τοῦ
430 2049 501 2085 ἱεροῦ
526 2048 696 2082 Ἀποστόλου,
716 2049 744 2081 ὃς
759 2050 792 2075 ὲκ
810 2049 861 2076 τῶν

64 2098 196 2134 ἀρρήτων
213 2097 343 2133 ῥημάτων
365 2097 476 2124 ἐκείνων
492 2095 510 2123 ἃ
530 2096 600 2131 ὑπὲρ
622 2097 670 2131 τὴν
687 2094 861 2130 ἀνθρωπίνην

64 2143 136 2170 εἷναί
149 2152 219 2179 φησι
233 2143 407 2178 κατανόησιν,
420 2143 491 2178 τάχα
510 2142 554 2169 διὰ
570 2142 620 2177 τῆς
630 2141 699 2177 πρὸς
721 2140 860 2175 Ἐφεσίους

62 2190 241 2221 διδασκαλίας
260 2190 307 2216 καὶ
331 2190 396 2224 ἡμῖν
420 2188 572 2223 ὑπελάλησε
592 2188 637 2214 τὸν
662 2187 818 2223 ἀπόρρητον
832 2187 860 2212 ὲν

63 2235 102 2270 τῷ
137 2235 253 2270 σταυρῷ
280 2235 375 2269 λόγον,
396 2235 429 2261 δι’
451 2235 620 2270 αἰνιγμάτων
649 2233 858 2261 ἀνακαλύπτων.

63 2281 187 2308 Τοιαῦτα
198 2281 227 2308 δὲ
238 2282 319 2317 ἔτερα
330 2281 420 2308 καὶτὰ
431 2282 462 2308 ἐκ
474 2281 524 2316 τῆς
536 2280 696 2316 ψαλμῳδίας
710 2281 858 2315 μυστήρια,

875 985 897 1013 Α
1197 977 1326 1008 onmno
1344 979 1355 1006 l
1371 980 1420 1015 (ι).

946 1036 1021 1069 Quas
1042 1044 1087 1063 res
1114 1035 1243 1063 existimo
1269 1035 1409 1070 plerisque
1432 1043 1531 1071 graves
1551 1043 1584 1063 ac
1614 1036 1702 1077 mole-

912 1085 969 1108 stas
989 1089 1062 1113 esse,
1086 1081 1128 1108 bis
1153 1081 1213 1116 ipse
1237 1081 1329 1108 animo
1345 1081 1433 1108 laetor.
1453 1080 1597 1109 Molestum
1628 1082 1701 1110 enim

912 1128 1041 1155 nimirum
1058 1127 1198 1162 plerisque
1211 1131 1254 1154 est
1268 1127 1413 1162 comprimi
1426 1127 1499 1154 inter
1515 1135 1577 1156 sese
1588 1132 1616 1156 et
1633 1136 1702 1156 con-

911 1174 1007 1210 stipari
1021 1182 1028 1200 :
1044 1175 1095 1201 hoc
1109 1181 1174 1201 vero
1188 1172 1255 1200 mihi
1272 1180 1385 1200 summa:
1412 1172 1514 1201 laetitia:
1539 1178 1594 1203 est.
1616 1173 1704 1202 Laeta-

911 1225 956 1247 tur
968 1221 1040 1248 enim
1060 1220 1157 1247 oculus
1174 1220 1304 1254 pastoris,
1320 1227 1382 1247 cum
1405 1228 1514 1256 gregem
1529 1228 1586 1256 prae
1607 1222 1703 1248 multi-

910 1266 1006 1294 tudine
1016 1267 1166 1300 coax-clari,
1181 1270 1209 1294 et
1225 1266 1296 1293 ovile
1312 1267 1474 1302 superiundi
1491 1267 1565 1296 videt
1580 1289 1588 1302 ,
1611 1276 1702 1303 quan-

911 1321 990 1348 quam
1001 1321 1054 1341 non
1063 1313 1190 1349 exiguum
1199 1313 1290 1340 ovium
1299 1313 1436 1341 stabulum
1445 1318 1496 1346 est,
1504 1314 1552 1342 sed
1564 1314 1702 1341 laxitatem

894 1364 1056 1396 qangustam
1082 1359 1172 1387 eﬁ'ecit
1194 1360 1370 1387 multitudine
1395 1368 1460 1395 grex
1475 1360 1631 1387 abundans.
1647 1359 1704 1387 liu-

909 1405 1030 1440 jusmodi
1054 1404 1121 1440 quid
1142 1406 1223 1433 etiam
1243 1406 1317 1433 circa
1338 1405 1483 1433 Dominum
1505 1405 1604 1434 Petrus
1635 1414 1704 1434 con-

911 1450 1032 1485 spicatus
1047 1451 1190 1486 respondit
1205 1451 1248 1478 bis
1262 1452 1370 1479 verbis:
1387 1451 1548 1487 Praeceptor,
1569 1454 1652 1480 turbae
1680 1458 1704 1480 ιι

912 1497 1092 1531 comprimunt
1105 1502 1130 1524 et
1144 1502 1282 1524 coarctant
1292 1498 1310 1524 ί.
1322 1498 1379 1526 Hoc
1396 1498 1476 1533 plane
1489 1503 1542 1531 est,
1556 1504 1586 1526 ut
1601 1499 1703 1527 alicubi

911 1545 1000 1579 inquit
1018 1544 1129 1572 divinus
1149 1544 1308 1579 Apostolus,
1326 1546 1424 1580 premi,
1440 1549 1467 1572 et
1484 1553 1540 1572 non
1557 1546 1584 1573 in
1616 1554 1704 1582 angu-

911 1591 978 1618 stias
991 1590 1084 1626 redigi.
1114 1590 1182 1617 Dum
1200 1590 1228 1617 in
1242 1591 1316 1618 omni
1330 1598 1370 1623 re,
1389 1591 1496 1626 inquit,
1515 1593 1661 1627 urgemini,
1677 1598 1705 1621 et

913 1637 1005 1663 nonin
1021 1636 1163 1671 angustias
1187 1636 1352 1671 redigimini.
1369 1636 1424 1672 Ego
1441 1644 1506 1664 vero
1533 1645 1616 1673 quam
1639 1646 1705 1673 pro-

913 1689 985 1709 mam
1005 1683 1156 1710 orationem
1170 1682 1198 1709 in
1209 1683 1344 1717 ejusmodi
1361 1687 1498 1711 conventu
1512 1684 1524 1710 ?
1541 1685 1602 1719 quis
1627 1684 1704 1712 dabit

913 1729 978 1756 mihi
995 1735 1089 1756 vocem
1104 1728 1168 1755 tuba
1185 1729 1329 1756 clariorem
1346 1733 1374 1756 et
1387 1729 1474 1764 magis
1500 1737 1630 1758 sonoram
1649 1749 1656 1761 .
1673 1735 1703 1758 ut

913 1775 1070 1802 resonantia
1101 1775 1249 1810 strepitum
1277 1776 1461 1804 multitudinis
1478 1781 1599 1812 superet,
1625 1781 1652 1805 et
1675 1779 1704 1805 in

913 1820 1027 1848 auribus
1045 1824 1274 1856 congregatorum
1290 1821 1372 1848 verba
1388 1821 1541 1850 recondat?
1563 1822 1595 1849 ad
1623 1822 1705 1857 quid-

913 1875 976 1894 nam
993 1875 1088 1895 eorum
1105 1875 1165 1902 qua:
1185 1867 1326 1903 (publice)
1351 1868 1421 1895 lecta
1438 1873 1513 1900 sunt,
1526 1872 1617 1896 mente
1643 1876 1704 1896 mea

911 1921 1044 1942 conversa
1060 1914 1142 1941 rebus
1163 1914 1347 1949 praesentibus
1368 1914 1577 1942 convenientem
1599 1919 1626 1943 et
1655 1922 1704 1942 ac-

911 1960 1114 1988 commodatum
1133 1960 1296 1994 excogitabo
1309 1968 1463 1988 sermonem
1477 1961 1489 1988 ?
1503 1961 1618 1988 Multum
1633 1962 1705 1989 valet

910 2005 962 2033 Job
976 2007 1003 2034 in
1022 2006 1191 2034 instituenda
1206 2007 1261 2033 vita
1277 2006 1311 2034 ad
1327 2006 1515 2034 fortitudinem
1530 2007 1589 2035 suis
1612 2015 1705 2035 exem-

911 2052 964 2087 plis
976 2072 983 2081 .
1000 2052 1105 2080 multus
1129 2051 1157 2079 in
1181 2052 1334 2087 tenigmatis
1350 2056 1377 2079 et
1391 2052 1535 2080 verborum
1553 2053 1704 2080 involucris

911 2097 1030 2132 scriptor
1053 2096 1272 2124 Proverbiorum.
1291 2096 1361 2130 Quid
1377 2097 1441 2124 item
1457 2097 1490 2124 de
1518 2104 1598 2125 sacro
1631 2099 1703 2132 Apo-

911 2143 983 2171 stolo
1000 2143 1101 2170 dixerit
1124 2142 1248 2177 aliquis?
1265 2142 1316 2175 Qui
1343 2150 1376 2170 ex
1391 2142 1501 2170 arcanis
1532 2143 1586 2171 illis
1611 2143 1704 2171 verbis

910 2197 971 2225 quae
985 2196 1069 2224 supra
1084 2193 1194 2223 captum
1218 2193 1246 2216 et
1268 2188 1435 2216 intellectum
1465 2189 1613 2216 humanum
1640 2197 1703 2217 esse

911 2236 965 2268 ait,
986 2235 1105 2263 fortasse
1119 2243 1169 2270 per
1191 2235 1359 2268 doctrinam,
1390 2243 1444 2269 qua
1475 2235 1594 2263 instituit
1614 2234 1705 2270 Ephe-

911 2282 980 2313 sius.
1000 2282 1082 2308 etiam
1116 2281 1195 2309 nobis
1216 2282 1339 2317 suggerit
1360 2289 1491 2309 arcanum
1509 2281 1537 2309 in
1555 2289 1638 2309 cruce
1657 2287 1706 2317 per

62 2328 231 2363 ἀνάμνησις,
249 2328 296 2354 καὶ
321 2327 518 2363 στηλογραφεα,
535 2327 583 2353 καὶ
599 2326 746 2361 ὲπιλήνιος.
768 2325 859 2352 Ταῦτα

913 2329 1055 2363 αξηίδιιιοιδ
1077 2333 1159 2362 atque
1173 2327 1316 2355 involucra
1339 2328 1486 2355 verborum
1501 2327 1631 2364 detegens
1647 2336 1705 2356 ser-

62 2374 117 2410 γάρ
137 2375 169 2401 ἐν
183 2375 245 2405 ταῖς
263 2375 432 2410 ἐπιγραφαῖς
449 2373 503 2400 τῶν
517 2372 782 2407 ὑπαναγνωσθέντων
795 2373 860 2408 ἡμῖν

61 2420 182 2456 ψαλμῶν
199 2421 426 2455 κατανοήσαντες.
442 2419 472 2446 οὺ
492 2420 593 2455 μικρὰν
609 2419 717 2454 ὁρῶμεν
733 2419 860 2454 ἀφορμὴν

61 2465 100 2500 τῷ
118 2465 195 2500 λόγῳ
213 2463 257 2491 διὰ
273 2464 326 2491 τῶν
346 2464 514 2500 αἰνιγμάτων
528 2464 680 2500 διδομένην.
703 2464 772 2490 Ἀλλ’
799 2464 860 2499 ἐμοὶ

60 2510 91 2536 τὸ
109 2510 162 2545 μὲν
176 2510 235 2542 τοῖς
250 2510 406 2545 εἰρημένοις
418 2508 579 2543 ἐπεξελθεῖν,
592 2510 720 2545 εὔκαιρον
737 2507 806 2536 εἶναι
817 2509 860 2536 δο-

62 2558 105 2583 κεῖ
120 2556 245 2591 δευτέρῳ
266 2555 467 2590 ταμιεύσασθαι
491 2556 594 2591 χρόνῳ·
612 2555 739 2591 ἐπιθυμῶ
761 2555 790 2582 δὲ
807 2555 858 2590 τῆς

62 2603 212 2638 παρούσης
230 2602 340 2638 χάριτος
361 2602 516 2639 πρόσφορον
535 2611 595 2630 τινα
621 2603 668 2629 καὶ
692 2602 859 2637 κατάλληλον

60 2649 187 2684 ἐξευρεῖν
199 2649 249 2684 τὴν
263 2650 365 2684 φωνήν.
381 2649 428 2680 Τις
449 2647 495 2676 οὖν
518 2650 591 2676 ἐστιν
607 2649 692 2683 αὖτης
710 2646 774 2675 Οἶδά
799 2656 860 2674 τινα

100 2718 108 2733 ¹
121 2717 195 2744 Luc.
209 2725 268 2749 vnl,
284 2717 329 2743 45.

88 2785 136 2820 (α)
159 2784 213 2812 Est
231 2788 322 2812 autem
339 2784 501 2820 principium
521 2783 612 2818 potius
624 2783 756 2820 orationis
772 2791 785 2820 ;ν
795 2789 857 2809 nam

62 2828 125 2847 cum
145 2822 269 2847 tumultu
299 2828 331 2846 ac
356 2821 472 2854 strepitu
493 2820 618 2846 certatim
640 2819 860 2854 eonllucritisrct

64 2863 126 2883 sese
147 2856 377 2891 constipautisin
393 2853 495 2889 templo
521 2853 707 2882 multitudinis
734 2853 857 2882 exaudiri

915 2381 1035 2401 nionem.
1062 2373 1227 2409 Hujusmodi
1252 2373 1316 2401 item
1337 2374 1390 2401 alia
1417 2374 1575 2409 psalmodim
1595 2382 1706 2410 quoque

916 2421 1058 2457 mysteria,
1088 2420 1266 2452 recordatio,
1295 2425 1322 2448 et
1348 2421 1417 2447 tituli
1439 2421 1595 2456 inscriptio,
1615 2426 1642 2449 et
1670 2422 1704 2449 ad

915 2467 1065 2494 toreularia
1100 2466 1236 2494 celebrata
1267 2467 1368 2494 cantio.
1392 2466 1441 2494 His
1462 2468 1535 2494 enim
1553 2467 1581 2494 in
1603 2467 1704 2495 inscri-

913 2513 1052 2549 ptionibus
1079 2513 1248 2548 psalmorum
1261 2532 1270 2546 ,
1290 2513 1336 2548 qui
1365 2513 1445 2541 nobis
1465 2513 1593 2547 praelecti
1617 2518 1703 2546 sunt,

913 2560 1129 2593 animadversis,
1156 2559 1229 2587 haud
1261 2566 1373 2594 parvam
1404 2559 1530 2586 videmus
1568 2566 1617 2594 per
1644 2559 1704 2594 ipsa

913 2607 1056 2642 aenigmata
1091 2610 1174 2641 atque
1207 2605 1348 2633 involucra
1386 2605 1531 2633 verborum
1562 2606 1704 2633 materiem

913 2652 973 2679 dari
1002 2651 1132 2679 orationi.
1162 2651 1216 2679 Sed
1235 2651 1302 2678 mibi
1343 2652 1452 2686 quidem
1473 2651 1647 2679 commodum
1663 2653 1704 2680 vi-

913 2786 1094 2818 praeterqnaln
1114 2789 1129 2808 a
1144 2783 1268 2818 proxime
1282 2782 1456 2810 adstantibus
1478 2791 1531 2810 non
1544 2789 1655 2818 posset,
1675 2785 1703 2812 in

913 2823 1055 2882 ρὲςιιῖιομηι
1086 2818 1157 2846 diem
1174 2826 1230 2846 rem
1250 2818 1374 2851 distulit,
1393 2822 1419 2846 et
1435 2820 1559 2853 proxima
1578 2821 1703 2848 oration:

914 2861 928 2881 a
951 2861 981 2882 so
995 2860 1041 2881 \‘ll.
