1912 3082
222 121 270 176 :25!
841 145 870 173 8.
891 142 1055 173 GREGOBII

1076 142 1223 172 NYSSENI

1819 147 1866 171 759

221 209 312 241 detur,
344 213 374 236 ut
398 207 609 243 explicationem
637 213 732 234 eorum
756 213 817 241 qua:
843 206 917 233 dicta
954 211 1009 232 sunt

1071 206 1153 241 νόμον
1168 205 1217 241 τῆς
1237 206 1344 241 φύσεως
1363 207 1437 239 ίδιον,
1460 208 1555 240 αὐταῖς
1579 211 1639 240 ταῖς
1663 208 1753 239 θείαις
1773 208 1866 242 πλαξὶν

221 254 248 281 in
269 254 384 282 alterum
402 258 510 289 tempus
537 253 698 288 rejiciamus
712 262 719 280 :
733 253 814 288 cupio
836 257 927 280 autem
951 260 1020 287 pra!-

221 300 294 328 seuti
306 299 449 328 festivitati
465 299 673 326 convenientem
688 302 717 339 et
731 297 964 325 accommodatam
974 297 1020 324 ali-

222 352 305 380 quam
319 353 414 373 vocem
430 345 596 379 excogitare.
625 344 691 378 Quae
708 345 791 379 igitur
805 349 846 371 est
858 343 936 371 haec?
952 342 1018 370 Novi

221 391 368 425 quamdam
383 391 469 427 legem
485 397 587 418 natura
605 391 755 426 propriam,
774 391 841 425 ipsis
855 391 956 418 divinis
981 395 1021 416 ta-

222 437 295 465 bulis
309 437 473 472 insculptam
491 445 505 463 a
517 436 659 464 conditore
674 436 741 472 legis
757 441 880 467 naturae.
893 443 954 470 qua:
979 435 1021 470 ju-

222 483 268 510 bet
282 487 311 510 ut
326 483 454 511 omnibus
479 483 558 510 bonis
577 487 604 509 et
620 481 716 510 oﬂiciis
727 502 734 514 ,
759 489 930 517 quaecunque
955 489 1021 516 pra:-

222 530 291 557 stari
307 529 423 564 possint.
437 528 569 556 beneﬁcia
595 532 740 563 parentum
762 535 875 556 suorum
903 527 1021 562 quisque

223 579 391 611 compenset.
403 575 522 606 Honora,
535 575 634 610 inquit,
648 579 750 609 patrem
764 579 837 600 tuum
857 581 882 601 et
908 578 1020 600 matrem

224 628 296 650 tuam
307 630 316 650 :
327 622 397 657 quod
410 627 449 649 est
461 621 617 648 mandatum
628 621 742 654 primum
752 622 779 647 in
787 619 1019 655 promissionibus,

223 669 307 695 uttibi
316 669 377 695 bene
390 667 453 695 εἰτ’.
467 667 545 701 Quod
559 668 580 694 si
591 669 708 702 primum
722 667 820 699 locum,
836 667 908 702 quod
923 666 1021 693 attinet

223 713 256 740 ad
267 714 485 748 promissionem,
499 714 603 741 obtinet
613 713 735 746 Ita=c_lex.
745 717 772 740 et
783 712 923 740 exsecutio
937 712 1020 747 hujus

223 759 364 794 proprium
392 760 497 787 lucrum
530 759 668 786 servantis
691 767 750 786 eam
776 759 886 786 exsistit
912 759 1020 791 (honor

223 803 296 830 enim
321 804 482 838 parentibus
512 804 623 831 habitus
650 804 799 830 revertitur
823 803 856 830 ad
880 811 942 830 eum
969 803 1017 838 qui

225 850 309 884 legem
325 849 513 885 impleverit),
535 849 607 876 haud
624 849 743 877 alienum
771 849 862 881 fuerit,
884 857 1019 884 quemque

1071 250 1290 286 ἐντετυπωμένον
1306 251 1381 288 παρὰ
1394 252 1442 279 τοῦ
1459 253 1605 288 νομοθέτου
1623 253 1673 288 τῆς
1693 252 1823 287 φύσεως·
1841 254 1866 284 i3;

1071 296 1162 322 πᾶσαν
1183 295 1289 332 ἀγαθὴν
1304 297 1421 333 ἀμοιδὴν
1433 299 1489 329 τοῖς
1514 298 1589 330 ἰδίοις
1606 298 1733 332 γονεῦσιν
1750 299 1866 325 ὲκτιννύ-

1070 349 1115 368 ναι
1140 342 1257 375 κελεύει,
1281 343 1347 378 ὅσην
1367 343 1400 370 ἂν
1420 345 1437 380 ή
1459 343 1573 379 δύναμις
1590 345 1679 380 φέρει.
1708 345 1783 378 Τίμα
1804 345 1865 380 γὰρ,

1071 387 1149 422 φησὶ,
1165 388 1218 414 τὸν
1234 388 1347 423 πατέρα
1364 397 1422 417 σου
1441 390 1490 417 καὶ
1508 390 1567 424 τὴν
1583 391 1697 425 μητέρα
1718 399 1790 422 σου,
1806 391 1863 424 ἣτις

1070 432 1156 459 ἐστὶν
1173 432 1284 467 ἐντολὴ
1304 433 1403 468 πρώτη
1417 435 1452 460 ὲν
1471 434 1673 470 ἐπαγγελίαις,
1690 435 1744 462 ἵνα
1766 433 1802 462 εὖ
1821 444 1864 462 σει

1070 478 1201 513 γένηται.
1217 479 1249 505 El
1263 479 1293 506 δὲ
1304 481 1438 514 πρωτεύει
1452 481 1512 507 κατ’
1526 480 1694 514 ἐπαγγελίαν
1707 478 1788 512 οὗτος
1801 481 1816 506 ὁ
1827 481 1863 507 νὸ-

1073 534 1134 561 μος,
1151 527 1198 553 καὶ
1212 526 1242 553 τὸ
1260 527 1424 563 κατόρθωμα
1444 528 1540 554 τούτου
1561 528 1626 555 ἴδιον
1641 529 1739 564 κέρδος
1751 529 1798 555 τοῦ
1818 538 1863 563 ςυ-

1071 571 1216 603 λάσσοντος
1241 572 1345 606 γίνεται
1372 573 1584 608 (ὲπαναστρέφει
1611 574 1666 609 γὰρ
1689 574 1708 608 ἡ
1739 575 1781 605 εἰς
1807 575 1863 605 τοὺς

1070 617 1168 651 γονέας
1183 618 1251 653 τιμὴ
1267 618 1306 649 εἰς
1316 617 1361 644 τὸν
1376 618 1575 654 πεπληρωκότα
1589 619 1634 645 τὸν
1648 619 1756 654 νόμον)·
1779 619 1863 650 καλῶς

1071 662 1104 689 ἂν
1121 662 1177 698 ἔχοι
1200 663 1288 690 πάντα
1304 664 1349 690 τόν
1363 672 1396 698 γε
1411 663 1472 690 νοῦν
1488 664 1585 697 ἔχοντα
1598 665 1667 700 πρὸς
1685 665 1794 699 ταύτην
1809 664 1860 699 βλέο

1071 717 1132 735 πειν
1152 710 1204 744 τὴν
1215 709 1334 745 ἐντολὴν,
1348 708 1380 745 ἦς
1403 710 1434 736 τὸ
1453 710 1539 746 πέρας
1560 710 1708 746 εὐεργεσία
1725 712 1776 737 καὶ
1791 712 1862 746 χάρις

1070 755 1117 782 τοῦ
1133 756 1294 791 ποιήσαντος
1306 756 1421 790 γίνεται.
1433 757 1464 782 Οἱ
1478 757 1529 790 μὲν
1542 754 1589 783 οὖν
1605 757 1654 791 τῆς
1671 757 1779 792 σαρκὸς
1789 758 1862 792 ἡμῶν

1070 802 1198 837 πατέρες,
1213 804 1244 838 τῇ
1259 803 1320 829 καθ’
1339 803 1452 834 ἑαυτοὺς
1474 805 1555 838 γενεᾷ
1575 804 1646 830 κατὰ
1664 804 1713 830 τὸν
1734 803 1765 835 ἐξ
1781 804 1862 839 ἀρχῆς

1070 847 1161 878 αὐτοῖς
1186 847 1365 882 ἀφορισθέντα
1378 848 1473 884 χρόνον
1499 848 1734 884 ὑπηρετήσαντες,
1763 850 1862 885 ἀπροσ-

223 895 365 922 cordatum
381 896 490 931 quidem
506 900 581 924 certe
598 896 631 923 ad
655 896 726 923 hanc
739 896 823 931 legem
839 917 845 929 ,
862 896 942 931 cujus
956 896 1009 924 lini:

1071 891 1138 922 δεεῖς
1159 880 1215 919 εἰσι
1235 880 1286 928 τῆς
1302 880 1440 929 ἡμετέρας
1457 880 1621 929 τιμῆςῖέξῷ
1636 894 1684 921 τοῦ
1702 880 1762 929 βίον
1784 880 1863 922 παλαι

223 938 386 967 beneﬁcium
397 944 424 967 et
441 941 526 975 gratia
538 940 598 975 ejus
611 940 658 975 qui
680 948 740 967 eam
756 944 903 968 exsecutus
918 940 1018 973 fuerit,

222 986 341 1020 exsistit,
366 987 513 1021 respicere,
541 994 656 1021 eamque
678 985 836 1013 observare.
855 986 894 1013 Ac
925 986 1018 1014 carnis

222 1032 331 1066 quidem
349 1036 451 1059 nostrae
472 1036 598 1066 parentes
623 1033 694 1059 aetati
717 1032 862 1066 smejuxta
895 1031 1017 1060 destina-

222 1082 280 1104 tum
297 1078 348 1106 sibi
362 1078 396 1105 ab
409 1078 489 1105 initio
507 1082 614 1112 tempus
628 1078 785 1106 ministerio
803 1079 924 1113 praestita
939 1099 947 1112 ,
965 1079 1016 1106 ho-

222 1124 300 1151 noris
315 1124 402 1152 nostri
411 1124 502 1151 debito
516 1124 605 1151 cilicio
620 1132 673 1151 non
687 1125 804 1158 amplius
817 1132 886 1159 opus
897 1125 1016 1158 habent,

222 1177 285 1197 eum
311 1170 475 1205 jampridem
491 1170 663 1198 excesserint
677 1178 692 1197 e
714 1172 781 1203 vita,
803 1171 872 1198 adeo
901 1175 931 1198 ut
961 1179 1015 1198 non

222 1216 396 1245 exstantibus
411 1217 445 1244 iis
460 1217 504 1251 qui
527 1216 688 1243 beneﬁcium
711 1216 847 1250 accipiant
859 1237 867 1249 ,
880 1217 1015 1251 ejusmodi

222 1261 265 1289 lex
282 1261 390 1297 impleri
405 1270 458 1289 non
477 1263 574 1297 possit.
588 1261 642 1289 Lex
658 1262 809 1296 rerojubet
830 1270 880 1290 nos
896 1263 922 1289 in
933 1270 1016 1297 opere

220 1312 366 1336 versantes
379 1308 512 1342 consequi
528 1308 748 1343 promissionem.
766 1308 859 1343 Neque
875 1309 948 1336 enim
967 1310 1015 1337 tie-

224 1353 248 1380 ri
276 1356 369 1388 potest
382 1357 413 1380 ut
429 1358 571 1381 cessantes
596 1353 622 1380 in
644 1360 726 1388 opere
750 1354 917 1380 versantium
947 1362 1014 1389 pra:-

222 1398 276 1425 mia
288 1399 439 1426 obtineant.
451 1398 521 1432 Quid
538 1398 621 1434 igitur
634 1405 714 1434 agere
727 1403 845 1434 oportet,
856 1400 1014 1434 parentibus

222 1451 276 1470 non
292 1444 476 1475 exstantibus,
491 1451 552 1471 eum
566 1444 612 1478 qui
629 1448 656 1472 et
671 1444 882 1479 promissionem
903 1446 1012 1480 assequi

222 1490 325 1524 cupiat,
342 1494 370 1517 et
388 1490 522 1517 rationem
533 1490 688 1525 excogitare
709 1498 762 1517 nou
781 1491 879 1525 possit,
895 1499 949 1526 qua
966 1500 1012 1519 ra-

221 1536 296 1563 tione
314 1536 340 1563 id
355 1536 427 1571 quod
443 1536 546 1572 expetit
560 1557 567 1568 ,
588 1537 710 1564 obtineat
724 1537 736 1563 ?
749 1536 878 1564 Profecto
902 1539 1012 1565 solvunt
1025 1551 1047 1581 ε

222 1581 302 1609 nobis
322 1589 435 1617 prorsus
459 1582 530 1610 hanc
557 1583 763 1617 pcrp!exitatem
783 1590 814 1609 ea
835 1589 896 1617 qtue
922 1585 1012 1612 oculis

221 1627 346 1660 exposita
365 1630 441 1653 sunt.
459 1625 515 1653 Vos
536 1627 608 1653 enim
623 1635 685 1653 cum
702 1627 780 1653 video
796 1647 804 1659 ,
829 1628 919 1655 nullos
942 1628 1012 1656 alios

221 1679 291 1706 opus
307 1672 393 1699 habeo
408 1671 548 1706 inquirere
565 1677 702 1707 pm'entes.
721 1672 775 1700 Vos
790 1673 863 1700 enim
881 1675 949 1701 estis
963 1682 1011 1709 pa-

220 1721 278 1745 tres
294 1717 358 1750 mei,
375 1718 420 1752 qui
442 1718 523 1745 etiam
554 1718 675 1752 ipsorum
696 1719 762 1746 mihi
782 1723 889 1754 patrum
908 1724 1008 1754 patres.

222 1763 317 1790 Patria
349 1764 421 1791 enim
445 1768 610 1799 parentum,
631 1765 658 1791 in
674 1772 703 1792 se
719 1766 843 1792 continet
860 1767 942 1794 etiam
961 1775 1010 1801 pa-

221 1814 329 1836 rcntqu
344 1809 516 1844 dignitatem.
529 1810 588 1843 Quo
606 1810 690 1846 igitur
708 1810 781 1838 facto
797 1811 882 1846 legem
899 1812 1012 1840 houoris

221 1856 299 1882 vobis
324 1852 499 1890 implebimus
516 1857 528 1883 ?
547 1856 648 1884 Gratus
674 1858 746 1884 enim
768 1858 884 1892 quilibet
904 1864 931 1886 et
950 1859 1012 1894 pius

223 1901 295 1928 ﬁlius
322 1902 434 1929 senilem
453 1902 540 1937 patris
558 1906 666 1930 aetatem
682 1903 741 1930 suis
756 1903 852 1931 ciliciis
884 1911 1012 1932 recreans

221 1950 248 1974 et
266 1946 444 1980 rel'ocillaus,
468 1952 605 1975 sustentat
630 1953 712 1982 atque
738 1948 883 1976 conﬁrmat
913 1949 1009 1976 vitium

221 1991 430 2024 imbecillitatis.
448 1992 505 2027 ipse
535 1993 605 2028 patri
623 1993 744 2019 omnium
767 1994 853 2020 vicem
868 1999 1010 2028 prmstans.

223 2037 299 2066 Unde
317 2038 571 2072 rejuveneseentem
590 2039 617 2065 in
630 2039 686 2065 tilio
707 2043 809 2074 patrem
824 2039 910 2067 videri
937 2041 1008 2068 licet.

221 2084 260 2111 Ac
273 2091 471 2119 nonnunquam
501 2084 582 2110 etiam
606 2092 702 2111 manus
720 2084 814 2112 senilis
832 2093 865 2112 ac
893 2087 1010 2114 tremula

218 2129 372 2165 juventutis
388 2130 482 2165 vigore
499 2137 530 2156 ac
556 2129 655 2156 robore
673 2138 702 2157 se
719 2130 844 2158 reﬁciens
860 2136 887 2158 et
901 2131 1010 2159 refocil-

221 2175 298 2208 lans,
314 2175 420 2203 fructus
432 2183 465 2202 ex
489 2176 594 2203 viribus
614 2176 723 2210 juvenis
745 2177 948 2210 quodammodo
963 2186 1009 2206 ca-
1025 2177 1047 2205 D

1070 937 1220 972 γενόμενοι,
1241 938 1278 970 ὡς
1294 939 1331 974 μὴ
1345 939 1457 966 δυνατὸν
1472 938 1539 966 εἶναι
1559 940 1605 967 τὸν
1617 940 1742 968 τοιοῦτον
1757 941 1863 976 πληρῶ-

1069 991 1113 1009 σαι
1133 983 1226 1018 νόμον,
1252 984 1306 1011 τῶν
1327 985 1533 1021 ὑποδεχομένων
1548 986 1596 1021 τὴν
1615 987 1743 1014 εὐποιίαν
1758 988 1809 1014 οὐχ
1821 988 1861 1014 ὅν-

1067 1037 1132 1058 των.
1153 1029 1182 1056 Ὀ
1192 1030 1221 1057 δὲ
1235 1030 1316 1065 νόμος
1330 1031 1508 1066 ἐνεργοῦντας
1522 1033 1596 1068 ἡμᾶς
1611 1033 1805 1068 ἐπιτυγχάνειν
1816 1035 1862 1068 τῆς

1067 1077 1233 1111 ἐπαγγελίας
1248 1077 1364 1104 κελεύει.
1383 1078 1452 1105 eos:
1470 1078 1525 1114 γάρ
1539 1078 1650 1105 δυνατὸν
1664 1079 1729 1111 τοὺς
1749 1079 1863 1115 ἀργοῦν-

1066 1131 1116 1155 τας
1136 1123 1208 1158 ἔχειν
1224 1123 1279 1149 τῶν
1300 1123 1484 1159 ἓνεργούντων
1500 1124 1535 1151 τὰ
1559 1124 1674 1152 ἔπαθλα.
1692 1126 1726 1152 Τί
1747 1124 1794 1152 οὖν
1811 1127 1862 1162 χρὴ

1066 1169 1208 1204 πράττειν,
1228 1169 1283 1196 τῶν
1298 1169 1399 1203 γονέων
1414 1170 1465 1196 οὐκ
1481 1170 1575 1202 ὅντων,
1592 1170 1637 1198 τὸν
1652 1171 1700 1198 καὶ
1712 1173 1764 1208 τῆς
1779 1173 1862 1206 ἐπιγ-

1066 1214 1160 1248 γελίας
1173 1214 1289 1249 ἐρῶντα,
1302 1214 1348 1241 καὶ
1360 1215 1434 1246 ὅπως
1445 1214 1477 1241 ἂν
1487 1215 1556 1251 τύχῃ
1567 1217 1617 1251 τῆς
1629 1216 1750 1252 σπουδῆς
1761 1217 1861 1252 ταύτης

1065 1259 1263 1293 ἀδυνατοῦντα;
1279 1260 1334 1287 Ναὶ
1353 1260 1410 1287 λύει
1428 1260 1536 1292 πάντως
1556 1262 1605 1297 τὴν
1623 1263 1781 1298 ἀμηχανίαν
1796 1263 1862 1290 ταύ-

1064 1313 1114 1340 την
1126 1307 1191 1340 ἡμῖν
1200 1306 1234 1333 τὰ
1241 1305 1377 1342 ὁρώμενα.
1393 1306 1480 1340 ’Υμᾶς
1491 1307 1545 1343 γὰρ
1554 1307 1670 1342 βλέπων,
1679 1308 1757 1335 οὐδὲν
1768 1309 1862 1344 δέομαι

1064 1353 1187 1388 πατέρας
1200 1353 1297 1385 ἄλλους
1308 1353 1548 1389 περιεργάζεσθαι.
1557 1354 1653 1390 Ὑμεῖς
1667 1355 1722 1392 γὰρ
1731 1356 1797 1383 ἐπέ
1812 1366 1862 1392 μου

1065 1399 1193 1434 πατέρες,
1210 1402 1234 1425 oi.
1251 1399 1298 1426 καὶ
1312 1399 1401 1426 αὐτῶν
1415 1408 1460 1434 μοι
1472 1400 1526 1426 τῶν
1538 1401 1664 1436 πατέρων
1679 1402 1811 1438 πατέρες.
1830 1403 1861 1429 Ἠ

1064 1445 1118 1480 γὰρ
1133 1445 1232 1480 πατρὶς
1248 1445 1302 1471 τῶν
1315 1445 1524 1480 γεννησαμένων
1538 1446 1567 1472 ἐν
1581 1447 1663 1482 ἑαυτῇ
1680 1448 1804 1483 περιέχει
1817 1450 1863 1475 καὶ

1063 1491 1093 1516 τὺ
1109 1490 1163 1517 τῶν
1178 1491 1382 1526 γεγεννηκότων
1395 1491 1513 1526 ἀξίωμα,
1531 1491 1564 1518 Τί
1576 1489 1622 1518 οὖν
1638 1494 1806 1529 ποιήσαντες
1819 1496 1863 1522 τὸν

1063 1537 1112 1571 τῆς
1127 1537 1208 1572 τιμῆς
1229 1537 1294 1572 ὑμῖν
1315 1537 1397 1572 νόμον
1420 1538 1678 1574 ἀποπληρώσομενς
1703 1541 1863 1577 Εὑγνώμων

1066 1583 1114 1617 μὲν
1129 1583 1183 1618 γάρ
1197 1591 1239 1614 τις
1264 1585 1327 1614 παῖς
1353 1583 1400 1610 καὶ
1422 1583 1608 1619 φιλόστοργος,
1631 1585 1792 1622 τὺγηραιὸν
1816 1588 1863 1623 τῆς

1062 1627 1109 1653 τοῦ
1126 1627 1228 1662 πατρὸς
1245 1627 1351 1662 ἡλικίας
1372 1627 1415 1654 διὰ
1430 1628 1479 1662 τῆς
1504 1629 1569 1663 παρ’
1591 1629 1687 1656 ἑαυτοῦ
1711 1629 1863 1666 θεραπείας

1062 1673 1270 1708 ἀνανεούμενος,
1297 1673 1435 1708 ὑπερείδει
1458 1674 1489 1700 τὸ
1511 1673 1612 1710 σαθρὸν
1632 1675 1681 1710 τῆς
1704 1675 1861 1708 ἀσθενεω,

1064 1717 1145 1750 αὐτὸς
1171 1717 1210 1753 τῷ
1237 1719 1322 1753 πατρὶ
1338 1718 1373 1745 τὰ
1396 1719 1485 1746 πάντα
1506 1719 1662 1754 γενόμενος.
1678 1720 1761 1747 Ὅθεν
1787 1722 1860 1747 ἐστιν

1065 1764 1129 1790 Ζδεῖν
1140 1763 1329 1798 ἀνηϐἀσκοντα
1352 1764 1380 1790 ὲν
1396 1764 1434 1799 τῷ
1449 1765 1524 1791 παιδὶ
1539 1765 1584 1791 τδν
1601 1766 1716 1801 πατέρα.
1733 1767 1791 1793 Καί
1809 1777 1861 1794 που

1063 1809 1110 1835 καὶ
1123 1809 1183 1844 χεὶρ
1199 1809 1368 1845 πρεσϐυτικὴ
1380 1811 1428 1837 καὶ
1443 1810 1608 1847 ὑπότρομος,
1622 1811 1661 1847 τῷ
1674 1812 1800 1848 σθεναρῷ
1813 1814 1861 1848 τῆς

1063 1855 1189 1890 νεότητος
1205 1855 1305 1890 ἑαυτὴν
1322 1856 1508 1888 ἀναπαύουσα,
1528 1858 1714 1894 ὲκχαρποῦται
1734 1859 1784 1886 τοῦ
1799 1860 1860 1886 νέου

1062 1900 1112 1935 τὴν
1125 1901 1248 1936 δύναμιν,
1265 1901 1313 1927 καὶ
1325 1902 1342 1937 ἡ
1355 1901 1408 1928 τῶν
1422 1903 1510 1929 ποδῶν
1530 1903 1637 1939 κίνησις
1650 1904 1700 1939 ἤδη
1714 1906 1746 1940 τῇ
1767 1906 1860 1940 ῥικνὸ-

1062 1955 1123 1982 τητι
1139 1947 1191 1973 τῶν
1216 1947 1304 1982 μελῶν
1325 1948 1523 1982 έποκλάζουσα,
1546 1950 1656 1986 ἐνεργὸς
1672 1951 1717 1977 διὰ
1736 1952 1790 1986 τῆς
1813 1953 1860 1979 τοῦ

1061 1994 1158 2020 τέκνου
1171 1993 1287 2028 σπουδῆς
1299 1994 1414 2028 γίνεται,
1427 1995 1615 2031 ὑπορθουμένη
1626 1997 1665 2032 τῷ
1676 1997 1848 2032 ὑπερείδοντι

1062 2040 1121 2066 Κᾶν
1138 2040 1288 2076 ἀμαυρωθῇ
1305 2040 1347 2066 διὰ
1364 2041 1409 2066 τὸν
1428 2042 1522 2076 χρόνον
1539 2043 1555 2077 ἡ
1569 2042 1639 2077 ὄφις,
1656 2043 1738 2070 πάλιν
1752 2044 1800 2071 διὰ
1813 2045 1859 2071 τοῦ

1062 2085 1156 2117 παιδὸς
1171 2087 1184 2112 ὁ
1204 2086 1359 2121 πρεσϐύτης
1378 2086 1525 2124 ὀξυδερκὴς
1543 2089 1657 2123 γίνεται,
1675 2090 1743 2126 πρὸς
1759 2091 1796 2117 τΞι
1810 2091 1858 2125 τῆς

1062 2132 1134 2168 ζωῆς
1145 2133 1279 2167 ἀναγκαῖα
1291 2134 1554 2170 χειραγωγούμενος.
1570 2136 1665 2171 Ὑμεῖς
1673 2137 1703 2163 δὲ
1715 2138 1731 2172 ή
1744 2138 1857 2172 πατρὶς,

1061 2180 1111 2214 οὐχ
1123 2178 1209 2210 οὕτως
1223 2179 1297 2214 ἔχετε
1313 2179 1351 2211 ὡς
1363 2179 1465 2206 τούτων
1480 2181 1630 2208 ἐπιδεῖσθαι
1644 2191 1729 2214 τινος.

221 2223 272 2258 pit.
289 2226 315 2248 et
330 2229 421 2249 motus
437 2223 554 2257 pedum,
572 2223 723 2250 incurvatis
752 2223 809 2258 jam
839 2225 972 2254 membris
1003 2228 1158 2258 labaseens,
1184 2226 1231 2254 ﬁlii
1259 2227 1351 2254 studio
1375 2227 1556 2257 suffulcientis
1586 2230 1750 2259 sublevatus
1780 2240 1856 2260 suam

221 2269 318 2304 recipit
341 2269 489 2296 ellicaciam
511 2274 539 2296 et
559 2270 690 2304 vigorem.
705 2271 784 2304 Quod
800 2273 823 2299 si
846 2277 969 2309 tempore
995 2277 1072 2304 visus
1090 2275 1255 2303 obscuratus
1282 2275 1329 2307 sit,
1357 2283 1405 2310 per
1426 2276 1510 2303 tilium
1533 2284 1616 2304 senex
1632 2297 1639 2310 ,
1665 2277 1732 2305 dum
1772 2287 1854 2308 manu

225 2315 336 2341 ducitur
350 2314 385 2340 ad
402 2322 445 2340 res
462 2315 524 2341 vitae
541 2315 727 2348 necessarias,
746 2316 821 2344 visus
839 2324 955 2346 acumen
991 2320 1108 2354 recipit,
1141 2323 1167 2346 et
1195 2319 1338 2354 perspicax
1363 2320 1464 2348 evadit.
1491 2320 1547 2349 Vos
1566 2326 1658 2350 autem
1671 2342 1679 2355 ,
1704 2323 1756 2359 qui
1789 2319 1854 2352 mihi

220 2369 271 2396 plO
298 2362 387 2396 patria
405 2362 501 2392 estis,
515 2368 571 2388 non
597 2361 616 2388 ii
639 2363 706 2390 estis
722 2363 768 2398 qui
796 2363 886 2399 aliqua
909 2365 1007 2394 harum
1026 2375 1119 2395 rerum
1134 2366 1291 2401 indigeatis.

255 2406 325 2440 Quid
341 2406 424 2441 igitur
443 2407 568 2434 faciendo
582 2408 781 2436 benedictionis
803 2410 924 2438 mandati
946 2411 1007 2439 fru-

219 2457 293 2480 ctum
309 2452 514 2487 percipiemus?
528 2451 606 2485 Quod
622 2453 724 2480 donum
738 2454 817 2481 vobis
836 2460 945 2489 gratum
965 2456 1008 2483 of-

219 2498 355 2530 feremus,
367 2506 429 2524 cum
446 2498 549 2525 nullum
561 2498 662 2525 bonum
678 2499 755 2526 vobis
766 2499 858 2528 desit?
869 2501 911 2529 An
922 2503 1006 2530 etiam

219 2545 279 2579 ipsa
300 2544 423 2572 narratio
441 2545 576 2572 bonorum
605 2552 666 2579 quae
688 2545 765 2572 vobis
791 2546 909 2580 adsunt,
926 2549 1007 2583 perti-

219 2595 283 2617 neat
301 2591 335 2616 ad
351 2590 472 2618 debitum
486 2591 566 2618 vobis
587 2591 741 2618 honorem?
763 2591 882 2620 Proinde
897 2597 1005 2629 tempus

221 2636 301 2663 fuerit
323 2636 555 2663 commemoranda
576 2640 644 2670 quot
658 2641 684 2664 et
702 2638 829 2672 qualibus
852 2638 932 2667 bonis
948 2640 1003 2667 vita

219 2687 310 2709 vestra
321 2687 480 2709 exornetur.
494 2681 552 2708 lmo
570 2689 635 2709 vero
648 2690 702 2710 non
712 2691 928 2712 commemorare
938 2681 1003 2720 (mo-

219 2727 278 2761 do),
288 2735 381 2754 verum
391 2728 474 2754 etiam
485 2727 628 2754 ostendere
636 2728 710 2755 licet.
718 2728 844 2764 Nunquid
856 2734 947 2758 autem
956 2738 1004 2766 pu-

218 2774 283 2802 tatis
293 2774 351 2800 lmo
363 2773 519 2800 communia
530 2793 537 2806 ,
549 2782 664 2808 qumque
680 2774 707 2802 in
721 2780 851 2811 promptu
865 2781 931 2805 sunt
941 2796 950 2810 ,
961 2777 1005 2805 dis
1018 2813 1046 2819 κ

257 2855 266 2869 ²
277 2853 377 2888 Ephcs.
394 2861 432 2886 vr,
446 2853 475 2882 2.

1097 2413 1130 2439 Τί
1146 2410 1192 2439 οὖν
1206 2412 1370 2447 πράττοντες
1384 2413 1433 2449 τὴν
1450 2413 1575 2448 εὐλογίαν
1589 2415 1638 2450 τῆς
1656 2417 1776 2454 ἐντολῆς
1792 2429 1857 2457 καρ-

1061 2457 1225 2493 τωσόμεθας
1245 2458 1277 2484 Τί
1290 2457 1343 2484 τῶν
1360 2459 1565 2494 κεχαρισμένων
1582 2461 1647 2496 ὑμῖν
1661 2462 1857 2501 δωροφορήσο-

1062 2512 1122 2539 μεν,
1148 2502 1261 2539 μηθενὸς
1282 2503 1337 2530 τῶν
1356 2503 1467 2537 ἀγαθῶν
1492 2505 1557 2540 ὑμῖν
1577 2505 1732 2542 λείποντος
1752 2510 1790 2536 Ἢ
1812 2512 1855 2538 καὶ

1061 2549 1126 2576 αὐτὸ
1141 2548 1171 2574 τὸ
1193 2548 1373 2584 διηγήσασθαι
1398 2548 1433 2575 τὰ
1458 2550 1592 2585 προσόντα
1613 2552 1696 2585 καλὰ.
1718 2556 1808 2591 τιμῆς
1825 2558 1855 2583 ἂν

1059 2594 1102 2631 εἴη
1115 2593 1166 2629 τῆς
1181 2594 1406 2630 χρεωστουμένης
1426 2595 1504 2631 ὐμίν;
1522 2596 1626 2624 Οὐκοῦν
1646 2599 1747 2635 καιρὸς
1765 2601 1800 2628 ἂν
1814 2603 1853 2637 εἴη

1057 2639 1145 2667 ταῦτα
1157 2640 1256 2674 λέγειν,
1273 2640 1339 2672 οἵοις
1352 2642 1399 2667 καὶ
1414 2641 1486 2674 ὅσοις
1499 2643 1513 2668 ὁ
1528 2643 1658 2679 ὑμέτερος
1675 2644 1735 2680 βίος
1756 2647 1854 2682 ἐγκαλ-

1057 2686 1213 2718 λωπίζεται.
1228 2687 1335 2713 Μᾶλλον
1350 2687 1378 2713 δὲ
1391 2687 1452 2722 οὐχὶ
1465 2688 1563 2723 λέγειν,
1578 2690 1646 2717 ἀλλά
1658 2692 1706 2718 καὶ
1717 2692 1854 2720 δεικνύειν

1057 2731 1197 2767 πάρεστιν.
1211 2730 1250 2758 Ἦ
1264 2741 1315 2759 που
1327 2733 1355 2759 δὲ
1370 2733 1457 2760 οἴεσθε
1474 2735 1507 2761 τὰ
1523 2736 1600 2762 κοινὰ
1613 2736 1701 2764 ταῦτα
1716 2740 1768 2766 καὶ
1787 2740 1851 2775 πρά-

1057 2785 1137 2813 χειρα
1152 2777 1259 2812 λέγειν;
1272 2779 1325 2813 Γῆς
1344 2779 1483 2816 εὐφορίαν,
1501 2782 1548 2808 καὶ
1574 2782 1690 2817 καρπῶν
1707 2784 1851 2820 ἀφθονίαν,
