1912 3082
53 127 103 155 753

50 185 95 211 καὶ
110 184 234 220 ποταμὸν
258 185 414 221 διαιροῦντα
427 187 477 222 τὴν
497 188 619 223 οἵκησιν;
637 190 749 216 Τουτονὶ
774 190 845 225 λέγω

49 231 93 257 τὸ)
109 230 149 266 τῷ
165 230 258 266 κύκλῳ
272 232 319 259 τοῦ
342 233 433 260 πεδίου
454 231 484 260 τὺ
507 234 612 270 ῥεῖθρον
636 235 732 262 ἑαυτοῦ
757 244 842 262 κατα-

50 277 182 308 κλείοντα,
195 277 241 303 καὶ
252 277 348 320 λίμὲην
358 279 510 314 γινόμενον,
523 279 552 312 ὃς
566 280 613 307 καὶ
624 280 678 316 πρὸ
689 281 735 308 τοῦ
747 281 842 318 λιμνά-

51 323 105 354 ζειν
127 323 175 350 καὶ
198 323 268 358 μετὰ
286 323 365 350 τοῦτο
389 325 459 360 πρὸς
473 324 522 361 τὴν
541 326 657 352 ἑκάστου
680 327 774 363 χρείαν
789 328 842 355 τῶν

51 368 226 395 ἐνοικούντων
239 370 415 405 τεμνόμενος,
431 371 499 406 ἄλση
515 380 545 398 τε
561 372 608 398 καὶ
619 372 754 408 λειμῶνας
769 373 843 408 φιλο-

50 414 151 448 τεχνῶν
162 414 339 450 διεξέρχεται,
363 416 410 443 καὶ
425 417 524 451 μυρίας
540 418 654 453 παρέχει
668 419 725 451 τοῖς
739 419 843 445 οἰκοῦσι

50 459 98 490 τὰς
113 459 237 494 χάριτας,
253 461 321 496 πρὸς
345 462 435 487 πᾶσαν
459 461 607 497 ἐπιθυμίαν
623 463 678 489 τῶν
694 464 843 499 οἰκητόρων

51 503 100 538 τῆς
115 505 218 536 πόλεως
233 506 327 533 ἑαυτὸν
341 506 496 542 διασχίζων.
514 508 605 535 ’Ἄλλοι
620 508 707 536 ταῦτα
728 509 843 543 λεγέτω-

52 560 112 584 σαν,
128 550 169 584 οἷς
182 553 229 579 καὶ
252 553 266 579 ό
282 553 361 587 λόγος
385 553 517 590 ὑπηρετεί
539 555 607 590 πρὸς
628 555 673 581 τὸν
690 555 780 589 ὄγκον,
797 555 844 583 καί

50 605 111 624 τινα
131 598 208 634 φέρει
224 599 380 635 φιλοτιμίαν
400 602 458 631 τοῖς
480 603 726 637 γεγυμνασμένοις,
742 603 774 628 ὲκ
789 601 844 628 τῶν

50 644 181 672 τοιούτων
204 644 293 678 αῠξων
314 649 346 681 τῇ
366 648 476 683 πατρίδι
496 648 541 674 τδν
561 648 682 675 ἔπαινον.
706 649 844 684 Κοσμικὸς

50 690 78 717 δέ
91 700 133 724 τις
146 692 226 727 ἀνὴρ,
239 693 286 719 καὶ
295 694 328 728 τῇ
345 692 400 728 ζωῇ
411 693 498 730 ταύτῃ
509 693 544 721 τὰ
558 694 628 722 καλὰ
641 693 744 731 κρίνειν
755 694 843 726 εἰδὼς,

51 737 222 772 προστιθέτω
243 739 299 770 τοῖς
320 738 451 770 ἐπαίνοις,
468 740 493 765 ει
517 739 600 771 δοκεῖ,
622 739 669 766 καὶ
689 739 734 766 τδν
752 739 846 775 ἕτερον

51 782 105 808 τῶν
132 782 272 818 ποταμῶν.
299 784 399 811 Τοῦτον
420 785 491 819 λέγω
511 784 556 812 τὸν
573 785 691 819 γείτονα,
714 785 743 817 ὂς
758 786 802 813 διὰ
816 786 846 812 τὸ

53 828 170 862 μέγεθος
184 831 241 861 τοῖς
263 830 423 865 όνομαστοῖς
443 831 497 857 τῶν
519 832 589 857 κατὰ
610 831 660 866 τὴν
684 831 846 866 οἰκουμένην

51 874 185 909 ποταμῶν
200 875 356 911 ἐναρίθμιος
373 876 421 908 ὢν,
435 877 490 903 ἀπὸ
511 876 562 911 τῆς
576 876 713 912 ἡμετέρας
726 876 845 912 ἀρχόμε-

52 928 96 951 νος
117 921 147 947 ὲν
163 921 250 956 χρόνῳ
270 922 436 957 παραμείὸει
457 923 505 958 τὴν
523 922 610 954 πόλιν,
625 923 656 949 οὺ
674 923 777 958 μικρὰν
796 923 845 959 τὴν

52 969 120 1003 παρ’
138 969 235 995 ἑαυτοῦ
247 970 327 1005 χάριν
341 971 380 1002 εἰς
393 970 551 1006 προσθήκην
565 970 678 1002 κάλλους
692 979 721 997 τε
738 971 784 997 καὶ
797 971 846 1005 τῆς

53 1015 200 1050 συνεργίας
212 1016 258 1042 τοῦ
275 1006 332 1051 βίου
352 1016 385 1043 δι’
402 1017 499 1043 ἑαυτοῦ
517 1017 711 1053 συνεισφέρων.
729 1017 787 1044 Κᾶν
808 1019 846 1044 ot—

52 1060 150 1092 κισ-τὰς
164 1061 323 1095 καταλέγειν
343 1061 400 1098 δέῃ,
421 1062 470 1089 κᾶν
485 1062 513 1095 ἑξ
529 1063 657 1094 ἀποικίας
667 1063 701 1090 τὰ
714 1063 779 1099 γένη
793 1063 847 1090 τῶν

51 1107 204 1142 οἰκητόρων
217 1107 424 1142 ἀποσεμνύνειν,
442 1108 492 1135 κᾶν
507 1118 568 1135 τινα
585 1108 675 1144 χειρὸς
693 1109 847 1144 πολεμικῆς

52 1152 257 1188 κατορθώματα
277 1155 333 1186 τοῖς
352 1155 411 1181 καθ’
429 1155 502 1190 ἡμᾶς
528 1155 749 1191 προσδιηγήμασι
762 1163 768 1171 ⁸
785 1155 847 1191 τρό-

53 1207 132 1230 παια,
152 1198 198 1225 καὶ
213 1199 307 1234 μάχαι,
324 1201 371 1226 καὶ
391 1200 425 1227 τὰ
440 1201 469 1234 ἐξ
491 1200 629 1236 ἀριστείας
645 1200 782 1236 θαύματα,
798 1202 848 1228 ὅσα

54 1245 239 1279 συγγραφέων
269 1245 362 1278 παῖδες
387 1246 489 1281 βίϐλοις
517 1246 729 1282 ἐναπεθήκοιντο,
753 1247 848 1283 πόρρω

53 1289 142 1317 ταῦτα
154 1290 201 1316 τοῦ
217 1291 351 1326 ἡμετέρου
366 1292 457 1328 χοροῦ.
474 1293 635 1328 Αίσχύνεται
649 1292 704 1328 γὰρ
726 1301 849 1328 χριστια‹

54 1335 98 1367 νὸς
113 1335 192 1369 λόγος
203 1337 257 1363 ἀπὸ
271 1337 324 1364 τῶν
340 1337 392 1371 ἔξω
405 1338 454 1373 τῆς
468 1338 582 1370 πίστεως
597 1340 652 1371 τοῖς
667 1338 849 1374 φιλοχρίστοις

53 1381 104 1413 τὰς
122 1382 260 1417 εὐφημίας
283 1383 455 1418 χαρίζεσθαι,
472 1383 566 1420 ὥσπερ
590 1385 614 1411 οἱ
634 1385 685 1421 τὴν
702 1386 781 1412 σκιὰν
801 1385 849 1413 τοῦ

53 1428 192 1463 ἀριστέως
203 1429 257 1465 πρὸ
267 1429 321 1455 τῶν
336 1430 473 1465 τροπαίων
485 1431 671 1466 σεμνύνοντες.
685 1431 791 1458 Οὐκοῦν
805 1440 849 1458 τε-

53 1473 171 1508 τράφθω
190 1474 258 1509 πρὸς
270 1475 304 1502 τὰ
320 1475 441 1510 παρόντα
456 1477 469 1502 ὁ
485 1476 573 1510 λόγος,
590 1477 637 1504 καὶ
649 1478 695 1504 ὑπ’
708 1477 768 1513 ὄψιν
783 1479 852 1514 ἡμῖν

54 1520 186 1555 ἁγαγέτω
206 1521 250 1548 τὸν
269 1521 374 1556 καρπὸν
396 1521 441 1548 τὴν
465 1522 609 1557 ὑμέτερον.
627 1523 752 1558 Σιγάσοω
773 1523 802 1550 δὲ
817 1524 851 1550 τὰ

54 1565 105 1594 τοῦ
130 1567 235 1602 κόσμου
250 1568 330 1600 καλὰ,
356 1568 408 1595 κᾶν
427 1569 458 1594 ὲκ
483 1569 641 1604 περιουσίας
663 1569 798 1605 πλεονάζῃ
812 1568 851 1604 τῷ

54 1610 131 1648 λόγῳ
155 1613 203 1640 καὶ
219 1614 236 1649 ἡ
255 1613 365 1650 τοιαύτη
383 1613 437 1641 τῶν
457 1615 601 1650 ἐγκωμίων
628 1615 766 1647 ὑπόθεσις.
784 1614 852 1641 Οὐδὲ

55 1659 113 1695 γὰρ
128 1659 144 1686 ὁ
164 1659 276 1695 οὐρανὸς
296 1660 365 1693 ὅλος,
385 1661 398 1687 ὂ
413 1661 445 1696 δὴ
460 1661 600 1688 κάλλιστόν
617 1670 646 1688 τε
660 1662 708 1688 καὶ
724 1662 852 1696 μέγιστον

57 1704 113 1733 τῶν
130 1705 162 1731 ὲν
175 1706 208 1740 τῇ
226 1705 313 1732 κτίσει
329 1706 437 1733 πάντων
451 1707 535 1738 ἐστὶν,
549 1706 611 1733 οὔτε
626 1707 654 1734 αἱ
670 1707 724 1734 τῶν
744 1708 854 1742 φωστὴ-

58 1759 117 1786 ρων
136 1751 232 1786 αὐγαὶ,
258 1751 320 1778 οὔτε
341 1752 391 1788 τῆς
412 1754 462 1788 γῆς
481 1753 511 1779 τὸ
528 1753 638 1784 πλάτος,
664 1752 725 1779 οὔτε
742 1752 806 1779 ἄλλο
827 1761 854 1779 τι

58 1797 117 1824 τῶν
135 1798 312 1833 στοιχειωδῶς
328 1798 366 1834 τῷ
381 1800 462 1826 παντὶ
479 1799 666 1834 ὑποκειμένων
682 1799 753 1834 μέγα
769 1807 795 1825 τι
809 1799 856 1826 καὶ

59 1843 205 1879 θαύματος
218 1844 292 1876 ἀξιον
302 1842 370 1871 οἶδεν
384 1846 399 1871 ὁ
413 1845 589 1877 θεόπνευστος
604 1845 691 1880 λόγος.
706 1845 857 1872 Πεπαίδευ-

61 1897 115 1923 μαι
130 1888 172 1924 τῷ
190 1889 254 1925 Θειῳ
271 1890 462 1926 προστάγματι
475 1891 542 1926 πρὸς
557 1891 638 1927 μηδὲν
652 1891 705 1918 τῶν
722 1899 857 1927 παρερχο-

60 1933 157 1969 μένων
174 1934 366 1970 θαυμαστικῶς
380 1935 554 1963 διατίθεσθαι.

58 1979 244 2007 luminarium
271 1980 412 2016 fulgores,
439 1990 529 2018 neque
555 1986 635 2009 terrae
659 1982 852 2014 latitudinem,

601 132 636 160 IN
656 133 908 167 QUADItAGlNTA
939 137 1035 165 MART
1042 114 1142 166 YitiiS.

1639 142 1690 170 754

860 194 882 220 Α
897 192 982 219 cenda
994 201 1056 220 esse
1065 194 1077 220 ?
1087 193 1180 221 Terrae
1196 195 1364 223 fertilitatem
1373 217 1380 230 ,
1392 202 1419 224 et
1431 197 1569 225 fructuum
1581 199 1688 234 copiam

893 241 920 265 et
937 237 1157 265 abundamiam?
1178 239 1244 266 ltem
1263 248 1392 274 amnem,
1417 243 1465 277 qui
1487 243 1585 270 dividit
1611 244 1690 272 sedes

895 285 1020 312 vestras?
1033 285 1110 312 llunc
1121 285 1193 318 dico,
1205 286 1252 320 qui
1265 287 1370 314 circulo
1384 293 1466 323 atque
1479 289 1581 316 ambitu
1598 292 1690 324 campi

893 329 1024 357 ﬂuentum
1037 338 1116 358 suum
1132 331 1267 365 includit,
1279 336 1306 359 et
1318 333 1395 360 lacus
1408 334 1499 361 evadit
1511 344 1518 361 ε
1531 335 1575 370 qui
1589 339 1616 362 el
1627 340 1691 363 ante

893 380 921 403 et
936 380 1082 411 postquam
1107 382 1270 413 restagnat,
1287 378 1329 405 'ad
1352 380 1488 414 cujusque
1511 381 1690 409 incolentium

894 429 975 449 usum
989 422 1095 450 divisus
1109 427 1135 450 et
1151 431 1263 450 nemora
1277 430 1304 451 et
1322 429 1398 459 prata
1412 426 1490 460 quasi
1507 426 1541 454 de
1555 427 1689 455 industria

893 467 1015 495 efficiens
1027 488 1034 498 .
1049 476 1160 496 cursum
1180 477 1259 496 suum
1275 471 1382 505 peragit
1397 475 1481 506 atque
1495 473 1634 508 erumpit.
1651 473 1691 500 in'

895 522 1065 549 numeraque
1079 515 1268 542 habitantibus
1286 524 1401 544 munera
1417 518 1520 552 prashet
1532 522 1559 545 et
1576 521 1690 547 animui-

896 564 982 592 tates,
998 560 1032 587 ad
1053 568 1162 588 omnem
1188 561 1367 596 cupiditatem
1381 567 1408 590 et
1423 563 1592 591 desiderium
1610 566 1689 592 urbis

896 607 1047 633 incolarum
1064 614 1125 634 sese
1138 607 1266 635 dividens
1281 611 1309 635 ct
1325 609 1464 637 scindens.
1481 610 1532 636 Alii
1548 611 1606 638 haec
1618 619 1691 638 come

896 658 1065 684 memorent,
1081 661 1199 687 quorum
1216 654 1299 680 ctiam
1317 655 1407 682 oratio
1423 655 1456 682 ad
1478 656 1639 690 gravitatem
1663 661 1691 684 et

896 698 1102 732 amplitudinem
1117 699 1325 727 accommodata
1342 704 1402 733 est,
1424 706 1508 736 atque
1530 698 1695 730 exercitatis.

896 744 1042 778 quamdam
1071 744 1149 772 affert
1175 745 1334 780 opinionem
1365 747 1574 782 magnificentiae
1607 752 1690 782 atque

898 788 1051 823 splendoris
1062 809 1070 821 ,
1083 790 1117 817 ab
1131 789 1268 825 ejusmodi
1282 791 1364 820 rebus
1378 793 1475 827 patria:
1489 794 1597 821 Iaudem
1612 803 1692 831 exag-

897 839 995 867 gerans
1007 837 1035 860 et
1049 841 1161 868 augens.
1173 835 1327 863 Mnndanus
1341 841 1433 864 autem
1447 838 1548 873 aliquis
1560 839 1612 871 vir,
1627 841 1691 874 qui-

897 887 950 913 que
961 880 994 906 ad
1013 879 1083 906 hanc
1099 882 1181 908 vitam
1196 882 1400 911 accommodate
1412 884 1484 911 bona
1497 885 1623 919 judicare
1639 894 1691 913 no-

897 927 952 957 vit,
966 925 1092 953 laudibus
1102 947 1109 958 ,
1124 925 1146 953 si
1161 927 1278 960 videtur,
1289 927 1402 963 adjiciat
1413 930 1494 956 etiam
1507 930 1622 957 alterum
1632 938 1691 958 am-

897 978 969 1001 nem.
981 971 1052 998 hunc
1065 972 1127 999 dico
1138 973 1270 1004 vicinum,
1292 974 1339 1009 qui
1351 979 1462 1010 propter
1473 976 1690 1011 magnitudinem

898 1022 1096 1045 annumeratus
1129 1018 1163 1045 iis
1187 1019 1235 1053 qui
1264 1027 1312 1054 per
1344 1020 1439 1047 orbem
1464 1024 1600 1049 terrarum
1622 1023 1691 1050 clari

899 1070 994 1090 amnes
1009 1063 1154 1096 habentur,
1169 1071 1184 1090 a
1200 1069 1294 1092 nostra
1308 1066 1443 1101 (regione)
1455 1067 1582 1095 exoriens
1596 1068 1691 1095 urbem

898 1108 1021 1142 proxime
1036 1109 1250 1143 pneterlabitur,
1267 1109 1340 1137 haud
1356 1118 1453 1145 parum
1467 1111 1561 1145 gratiae
1577 1120 1635 1139 sua:
1649 1116 1691 1139 at-

899 1162 952 1189 que
965 1155 1170 1183 commoditatis
1186 1155 1218 1183 ad
1233 1156 1387 1191 augendam
1409 1157 1642 1191 pulchritudinem
1665 1163 1692 1186 et

898 1199 960 1226 vitae
971 1199 1128 1233 adjumenta
1144 1207 1191 1234 per
1207 1207 1268 1227 sese
1285 1200 1443 1228 conferens.
1460 1200 1523 1229 Sive
1534 1202 1692 1230 conditores

899 1245 976 1272 urbis
993 1253 1157 1273 enumerare
1176 1251 1303 1281 oportet,
1325 1246 1383 1274 sive
1398 1254 1497 1282 genera
1514 1248 1630 1276 coloniae
1649 1249 1692 1275 in-

900 1291 1023 1318 colarum
1046 1291 1205 1323 celebrare,
1227 1293 1284 1319 sive
1306 1291 1412 1320 bellicae
1433 1300 1531 1320 manus
1553 1301 1597 1321 res
1622 1294 1690 1321 bene

900 1340 992 1372 gestas
1019 1337 1122 1364 nostris
1156 1338 1361 1366 narrationibus
1390 1339 1511 1373 adjicere
1535 1348 1541 1365 :
1565 1342 1684 1374 tropaea.

899 1383 991 1417 praelia
1002 1403 1009 1414 ,
1023 1383 1189 1418 fortiumque
1202 1383 1354 1411 facinorum
1368 1385 1499 1411 miracula
1510 1405 1517 1417 ,
1538 1393 1599 1420 qum
1620 1386 1690 1412 scri-

901 1432 993 1464 ptorcs
1007 1428 1085 1456 libris
1101 1429 1225 1456 inserere
1241 1429 1348 1461 solent,
1365 1430 1461 1464 proeul
1484 1431 1541 1458 hzec
1564 1431 1656 1458 absint
1673 1438 1688 1458 a

901 1480 995 1502 nostro
1008 1478 1092 1502 coetu.
1108 1473 1252 1502 Erubescit
1267 1475 1339 1502 enim
1357 1475 1533 1503 Christianus
1547 1483 1639 1502 sermo
1655 1477 1691 1502 ab

903 1521 936 1548 iis
951 1520 1033 1547 rebus
1044 1540 1051 1552 ,
1064 1528 1126 1554 quae
1137 1527 1152 1546 a
1168 1520 1221 1548 fide
1237 1521 1332 1548 alienzc
1346 1525 1430 1553 sunt,
1448 1521 1550 1550 Christi
1566 1522 1694 1550 fidelibus

905 1565 1000 1592 amicis
1027 1564 1105 1591 fama
1129 1565 1250 1592 tribuere
1281 1566 1567 1599 commendationem,
1591 1575 1692 1602 quein—

905 1611 1051 1638 admudum
1073 1611 1121 1646 qui
1144 1611 1269 1638 umbram
1293 1611 1344 1639 viri
1369 1612 1451 1640 fortis
1475 1613 1615 1641 Celebrant
1630 1618 1695 1641 ante

905 1661 1016 1692 tropaea.
1037 1657 1152 1685 Proinde
1168 1658 1201 1685 ad
1219 1659 1365 1693 praesentia
1384 1666 1477 1686 sermo
1502 1664 1693 1693 convertatur,

906 1709 934 1732 et
948 1704 1068 1731 fructum
1083 1708 1205 1732 vestrum
1221 1705 1302 1732 nobis
1316 1710 1379 1732 ante
1394 1705 1491 1733 oculos
1506 1710 1601 1742 ponat.
1617 1706 1696 1733 Mun-

907 1749 978 1777 dana
994 1756 1058 1776 vero
1071 1749 1160 1782 bona,
1177 1753 1205 1776 et
1224 1749 1361 1784 ejusmodi
1378 1755 1569 1786 argumentum
1586 1752 1696 1779 laudan—

903 1796 947 1828 di,
963 1795 1070 1823 etiamsi
1085 1803 1184 1831 magna
1197 1796 1301 1823 dicenti
1315 1798 1395 1831 copia
1416 1798 1588 1832 suppeditari
1605 1806 1638 1825 ex
1654 1799 1698 1825 his

904 1842 1009 1877 possit,
1025 1842 1135 1869 silentio
1160 1846 1367 1877 praetereantur.
1390 1843 1484 1878 Neque
1507 1844 1581 1871 enim
1606 1848 1696 1872 totum

904 1889 1022 1920 coelum,
1036 1896 1097 1924 quae
1110 1888 1205 1924 utique
1220 1896 1282 1916 cum
1297 1889 1493 1924 pulcherrima,
1507 1895 1563 1918 tum
1577 1891 1694 1917 maxima

905 1942 969 1970 pars
995 1938 1037 1962 est
1061 1935 1089 1961 in
1115 1939 1244 1962 creatura
1264 1943 1356 1963 rerum
1376 1937 1587 1969 universarum,
1610 1945 1705 1972 neque

872 1989 962 2016 neque
984 1980 1133 2016 quidquam
1149 1989 1243 2008 eorum
1262 1988 1323 2015 quae
1351 1989 1399 2016 per
1415 1982 1550 2009 elementa
1581 1983 1693 2009 univer-

864 864 884 891 B

865 1542 886 1570 (Ξ

60 2026 143 2053 sitati
161 2027 285 2062 subjecta
305 2033 386 2059 sunt.
408 2036 538 2063 magnum
559 2028 689 2063 quiddam
709 2032 736 2055 ct
767 2027 948 2055 admiratione
974 2027 1086 2062 dignum
1111 2027 1186 2054 novit
1221 2026 1332 2055 divinus
1372 2035 1472 2055 sermo.
1497 2027 1594 2055 Divino
1618 2028 1690 2055 enim

59 2079 204 2109 praecepto
221 2075 346 2102 eruditus
366 2083 442 2106 sum.
466 2075 535 2104 nihil
556 2083 649 2103 earum
674 2083 764 2102 rerum
786 2084 847 2111 qua:
863 2078 1047 2110 praetereunt,
1066 2074 1219 2102 admirans.

98 2121 134 2147 Εἰ
153 2118 199 2147 οὖν
219 2122 272 2153 πᾶς
293 2121 406 2157 οὐρανὸς
420 2122 467 2148 καὶ
487 2123 503 2156 ὴ
520 2121 555 2157 γῆ
579 2121 788 2158 παρελεύσεται,
810 2121 856 2148 καὶ

60 2167 142 2194 ἅπαν
155 2166 201 2193 τοῦ
220 2167 321 2201 κόσμου
342 2167 460 2202 παράγει
475 2167 506 2194 τὸ
524 2168 627 2203 σχῆμα,
645 2168 735 2199 καθώς
749 2176 831 2202 φησιν
844 2169 858 2194 ὁ

67 2212 249 2244 Ἀτούστολος-
265 2214 324 2244 πῶς
346 2213 378 2240 ἄν
399 2223 442 2246 τις
461 2214 597 2250 εὐπρεπὲς
623 2211 695 2240 εἶναι
718 2214 857 2248 νομίσειε,

59 2258 116 2293 γῆς
132 2256 200 2292 ἡμῖν
218 2258 264 2284 καὶ
282 2257 379 2289 ὕδατος
399 2259 528 2295 εὐφορίαν
541 2259 580 2290 εἰς
599 2259 725 2294 ἀφορμὴν
740 2258 858 2285 ἐπαίνων

59 2303 286 2338 προϐάλλεσθαι;
309 2305 340 2331 Εἰ
364 2305 418 2339 γὰρ
442 2306 488 2331 καὶ
506 2305 635 2340 πρόσεστι
654 2305 692 2340 τῷ
714 2304 859 2340 καθ’ὺμᾶς

57 2350 146 2384 τόπῳ
157 2348 246 2381 πλέον,
261 2350 276 2384 ῆ
291 2351 337 2376 καὶ
348 2351 378 2376 ὲν
392 2351 490 2382 ἄλλοις,
504 2351 538 2377 τὰ
547 2351 659 2378 τοιαῦτα
672 2352 721 2385 τῆς
733 2352 783 2386 γῆς
794 2360 860 2387 προ-

59 2404 90 2422 τε
96 2395 223 2431 ρὴματα,
247 2396 314 2422 ἀλλὰ
328 2397 468 2432 συγκρίσει
481 2396 534 2423 τῶν
548 2397 686 2432 ὑμετέρων
703 2397 792 2423 καλῶν
803 2397 858 2423 ἀντ’

59 2440 176 2471 οὐδενὸς
198 2439 268 2467 οἶδεν
293 2442 384 2468 ἐκεῖνα
410 2443 593 2478 παρατρέχειν
611 2443 626 2469 ό
648 2442 737 2477 λόγος.
756 2442 860 2468 Οὐκοῦν

61 2486 138 2520 πρὸς
154 2485 188 2512 τὰ
212 2487 397 2521 προτιμότερα
415 2489 447 2522 τῇ
464 2488 543 2521 φύσει
557 2489 617 2519 ταῖς
638 2487 786 2523 εὐφημίαις
799 2496 861 2523 τρε-

62 2531 197 2566 πώμεθα.
216 2531 307 2558 Ταῦτα
325 2532 354 2558 δὲ
376 2533 467 2559 οὐκέτι
487 2533 531 2560 διὰ
543 2534 630 2566 λόγων
645 2535 710 2569 ἡμῖν
722 2533 859 2569 δειχθήσε-

60 2587 124 2609 ται,
146 2577 204 2603 ἀλλ’
227 2578 265 2609 είς
282 2579 347 2605 αὐτὸ
365 2579 481 2614 πάρεστι
505 2579 613 2614 βλέπειν
641 2580 694 2606 τῶν
721 2580 862 2615 ὑμετέρων

38 2651 41 2653 _
62 2622 184 2656 ἀγαθῶν
199 2623 228 2649 τὸ
242 2624 398 2657 κεφάλαιον.
421 2625 468 2657 Τίς
481 2625 535 2661 γὰρ
551 2626 602 2652 οὑκ
621 2624 674 2653 οἶδε
696 2626 742 2652 τὸν
757 2625 862 2661 καρπὸν

61 2670 114 2695 τὸν
131 2668 276 2704 ὑμέτερον,
291 2670 330 2697 ὅτι
347 2671 424 2706 ὑμεῖς
440 2671 485 2698 τὸν
499 2671 551 2698 τῶν
570 2672 715 2707 μαρτύρων
729 2671 862 2707 ἐϐλαστή-

63 2723 138 2741 σατε
157 2715 268 2749 στάχυν,
291 2715 336 2742 τὸν
358 2716 489 2752 πολύχουν
508 2718 612 2751 τοῦτον,
642 2718 688 2744 καὶ
705 2717 775 2752 ὑπὲρ
799 2718 862 2749 τοὺς

62 2760 222 2796 τριάκοντα
245 2760 285 2797 τῷ
307 2762 402 2798 πλήθει
429 2764 482 2791 τῶν
507 2763 619 2800 καρπῶν
645 2763 861 2800 πλατυνόμενον;

79 2841 88 2852 ³
108 2840 115 2865 t
134 2839 189 2867 Cor
218 2846 264 2869 tu.
278 2838 321 2866 Si.

873 2127 895 2153 ι)
946 2119 974 2147 Si
992 2120 1076 2155 igitur
1090 2125 1179 2148 totum
1197 2121 1296 2147 cmlum
1315 2124 1341 2148 et
1364 2124 1437 2148 terra
1456 2121 1652 2155 praeteribunt,
1668 2127 1695 2149 ct

911 2167 1001 2194 omnis
1026 2166 1121 2193 mundi
1137 2167 1244 2201 species
1259 2171 1286 2193 et
1300 2166 1410 2193 habitus
1425 2167 1524 2193 transit
1535 2186 1542 2198 .
1567 2171 1595 2193 ut
1612 2168 1699 2202 inquit

911 2212 1059 2247 Apostolus
1073 2212 1083 2227 ³
1098 2221 1105 2238 :
1122 2213 1169 2246 qui
1186 2212 1273 2246 possit
1290 2212 1390 2247 aliquis
1410 2212 1540 2239 decorqu
1561 2213 1698 2240 existinm-

914 2266 957 2290 ιο,
982 2258 1005 2285 si
1023 2263 1102 2285 terrae
1122 2257 1200 2285 vobis
1220 2263 1247 2285 et
1271 2265 1349 2292 aquae
1377 2257 1548 2285 fertilitatem
1571 2258 1699 2285 laudandi

913 2312 996 2331 causa
1020 2304 1131 2331 afferam
1147 2304 1174 2330 in
1188 2304 1307 2330 medium
1321 2303 1410 2330 ?Nam
1425 2304 1506 2331 etiam
1522 2304 1599 2332 locus
1612 2309 1700 2333 vester

914 2350 990 2385 plura
1018 2349 1098 2376 habet
1116 2349 1252 2383 ejusmodi
1268 2349 1412 2376 commoda
1433 2353 1512 2377 terrm
1535 2358 1618 2385 quam
1637 2351 1700 2379 alibi

914 2395 1087 2431 reperiantur
1101 2404 1107 2422 :
1129 2400 1248 2422 attamen
1263 2395 1470 2430 comparatione
1484 2399 1639 2423 vestrorum
1654 2397 1701 2424 bo-

912 2449 1026 2474 norum,
1055 2446 1185 2475 tanquam
1208 2449 1252 2468 res
1276 2441 1378 2468 nullius
1399 2442 1478 2476 pretii
1500 2443 1639 2476 praeterire
1657 2443 1702 2471 illa

914 2487 990 2515 novit
1001 2488 1100 2514 oratio.
1113 2486 1203 2520 Quare
1212 2487 1245 2514 ad
1260 2495 1305 2515 res
1317 2491 1414 2514 natura
1429 2488 1702 2523 praestantioreslau-

914 2533 1052 2559 dationem
1072 2536 1277 2560 convertamus.
1300 2532 1347 2559 Ha:
1371 2537 1461 2559 autem
1475 2533 1552 2561 vobis
1569 2541 1622 2560 non
1647 2541 1701 2560 am-

915 2578 986 2613 plius
997 2585 1045 2612 per
1056 2577 1137 2604 verba
1154 2578 1345 2609 ostendentur,
1356 2577 1402 2604 sed
1413 2576 1475 2605 licet
1489 2579 1516 2605 in
1525 2579 1613 2613 ipsum
1622 2583 1703 2613 caput

916 2625 1016 2651 intueri
1031 2627 1184 2652 vestrorum
1201 2624 1345 2651 bonorum.
1366 2624 1434 2657 Quis
1448 2625 1521 2651 enim
1536 2625 1644 2658 ignorat
1658 2632 1702 2651 ve-

915 2675 1002 2697 strum
1019 2670 1137 2697 fructum
1150 2691 1157 2702 ,
1173 2669 1246 2704 quod
1271 2677 1319 2697 vos,
1342 2673 1494 2705 martyrum
1521 2670 1702 2704 produxeritis

917 2716 1039 2752 spicam,
1061 2715 1204 2743 fecundam
1228 2716 1299 2743 hanc
1321 2719 1348 2743 et
1371 2715 1528 2750 copiosam,
1550 2722 1611 2750 qum
1632 2715 1702 2742 ultra

920 2762 1099 2799 trigenarium
1115 2770 1258 2792 numerum
1275 2761 1448 2791 multitudine
1462 2765 1488 2790 et
1503 2762 1581 2798 copia
1597 2760 1703 2795 frugum
