1912 3082
209 144 264 174 ⁸135

817 145 846 174 8.
866 146 1030 174 GREGORII
1058 146 1203 175 NYSSENI

1801 145 1850 172 756

211 204 365 231 dilatatur?
379 203 474 232 Videte
490 212 598 232 sacrum
618 205 670 233 hoc
688 213 784 232 arvum
796 227 803 238 ,
821 205 885 232 hinc
899 211 1000 233 martv-
1015 223 1021 237 Α

1074 208 1153 242 ]ρ;ἰτε
1169 207 1216 242 τὴν
1232 208 1307 244 ίεραν
1318 208 1420 243 ταύτην
1431 209 1559 244 ἄρουραν·
1573 207 1699 234 ἐντεῦθεν
1711 207 1769 233 τῶν
1785 215 1851 241 μαμ

213 258 274 278 rum
290 251 422 286 manipuli
441 251 549 279 collecti
569 257 643 280 sunt.
669 251 746 285 Quod
768 252 790 279 si
806 252 878 280 scire
897 251 1003 280 deside-

213 303 261 324 ras
280 295 315 324 de
341 304 397 332 quo
413 304 480 324 arvo
502 297 610 330 dicam,
631 306 665 325 ne
687 298 782 333 procul
805 298 839 325 ab
857 305 908 330 eo,
931 298 1004 333 quod

215 342 310 372 adest.
327 343 545 379 circumspicias.
561 343 629 376 Quis
650 349 693 371 est
713 344 764 372 iste
784 345 862 372 locus
884 345 930 379 qui
951 352 1006 371 ain-

216 388 344 424 plectitur
355 389 543 417 conventum?
556 389 626 423 Quid
640 390 689 418 tibi
709 389 778 417 dicit
799 390 1006 418 anniversarios

217 435 315 462 circull
329 435 448 464 ambitus
459 435 580 469 YQuales
591 436 674 471 hujus
689 436 743 464 diei
757 436 912 464 recordatio
926 439 1008 471 atque

218 482 445 509 commemoratio
473 482 558 510 refert
578 483 626 510 tibi
642 483 836 510 narrationes?
855 483 952 510 Annon
973 482 1009 508 lo-

220 527 309 563 quela:
321 528 445 563 quaedam
457 534 531 562 sunt,
547 533 577 556 ut
589 529 678 564 inquit
688 528 823 564 Propheta
833 530 853 560 ⁵,
866 533 893 556 et
909 536 1010 556 sermo-

221 581 289 606 nes.
307 582 423 609 quorum
439 579 544 602 tantum
561 582 616 602 non
639 575 790 602 audiuntur
810 582 891 602 voces
914 581 1010 601 eorum

221 619 320 653 quovis
333 627 460 648 sermone
471 620 573 648 clarius
587 620 720 647 miracula
732 620 915 647 enarrantes?
930 619 958 647 Si
975 620 1012 646 lo-

223 671 286 691 cum
303 664 449 698 intuearis,
464 665 523 700 ipse
538 669 690 701 martyrum
703 665 821 693 stadium
835 673 896 693 esse
912 667 968 693 ait:
988 665 1012 693 si

224 710 296 738 diem
311 711 547 743 consideraveris,
567 715 698 746 tanquam
716 719 806 747 praeco
826 711 937 746 quidam
959 719 1013 738 mae

225 764 286 790 ςιιιε
306 756 383 784 vocis
398 760 425 784 et
438 764 556 785 8οηοΓυὸ
570 761 721 792 martyrum
739 765 870 785 coronam
887 765 1010 793 pronun-

225 802 287 829 tiat.
305 800 369 828 "me
385 802 451 829 mihi
461 802 557 829 videor
565 810 598 830 ex
612 802 657 830 die
667 802 747 838 (ipsa)
755 803 891 830 clamante
899 803 993 830 audire
1007 812 1014 836 ;

226 848 298 875 alius
313 848 423 883 quidem
439 848 497 876 dies
513 848 692 876 luminarium
711 849 850 877 creatione
863 849 1013 885 gloriatur;

228 894 299 922 alios
314 901 397 927 vero,
418 894 508 928 coelo;
523 895 586 922 item
602 895 673 923 alius
686 895 795 923 laetatur
811 899 838 923 et
857 895 910 923 sibi
926 895 1016 930 placet

228 943 340 974 propter
349 939 559 968 fabricationem
569 944 659 967 terrae.
670 939 737 967 Mihi
749 944 838 967 autem
847 940 879 967 ad
887 944 1015 967 ornatum

229 984 361 1012 miracula
377 989 528 1020 martyrum
550 985 704 1019 suiliciunt;
723 985 826 1013 sufﬁcit
849 993 1015 1012 coronarum

229 1030 329 1058 decore
348 1035 430 1066 atque
449 1031 653 1066 pulchritudine
671 1033 798 1059 exornari
813 1040 820 1064 ;
844 1031 944 1059 suﬂicit
959 1037 1016 1059 tro-

231 1078 295 1111 paeis
318 1077 451 1104 adversus
473 1078 612 1105 diabolum
639 1078 740 1106 erectis
766 1078 908 1106 honestari
936 1083 1018 1113 atque

230 1124 364 1152 decorari.
379 1124 480 1157 Quales
494 1125 522 1151 in
537 1132 579 1152 me
592 1125 704 1152 fuerunt
717 1126 909 1153 narrationes?
923 1125 1018 1158 Qualis

230 1170 335 1204 angelis
361 1177 409 1205 per
434 1178 477 1197 me
501 1170 570 1197 facta
587 1175 630 1198 est
649 1171 792 1198 accessio?
809 1171 923 1204 Qualem
944 1172 1020 1199 dedit

231 1219 304 1243 terra
327 1215 445 1243 fructum
466 1216 544 1244 Deo?
565 1217 672 1252 qualem
691 1217 823 1245 Dominus
843 1218 870 1245 in
889 1226 931 1246 me
953 1226 1021 1245 con-

232 1262 358 1289 sitionem
373 1263 515 1290 consevit?
530 1262 608 1290 Unde
622 1263 713 1291 omnis
727 1264 810 1290 etiam
824 1265 1020 1299 propemodum

231 1307 307 1335 orbis
325 1312 461 1336 terrarum
482 1309 545 1336 hinc
560 1313 703 1336 enatorum
725 1310 867 1344 palmitum
883 1315 909 1338 et
924 1318 1021 1337 surcu-

233 1355 321 1382 lorum
348 1355 546 1390 propaginibus
571 1355 698 1382 c0nsllus
719 1360 781 1382 est:
804 1360 935 1391 tanquam
958 1356 1022 1384 vitis

232 1399 356 1436 quaedam
373 1401 502 1436 copiosa,
519 1405 601 1435 atque
619 1400 763 1427 abundans
775 1421 782 1432 ,
800 1408 862 1427 cum
887 1401 955 1428 alias
976 1408 1024 1436 per

233 1454 295 1474 sese
308 1447 378 1475 vites
391 1447 486 1478 ellleit,
498 1450 555 1474 tum
572 1448 629 1482 ipsa
643 1454 698 1473 non
712 1446 842 1474 dellciens
857 1447 884 1474 iu
899 1455 950 1474 suo
966 1455 1025 1482 por-

234 1497 327 1520 manet
343 1493 446 1528 vigore.
465 1493 526 1520 Haec
542 1498 569 1521 ct
583 1492 720 1528 ejusmodi
740 1493 870 1525 nimirum
890 1501 952 1520 cum
969 1492 1023 1519 diei

1053 253 1143 288 τύρων
1157 254 1190 280 τὰ
1207 253 1362 289 δράγματα.
1381 255 1412 281 Εἰ
1426 254 1517 290 ζητεῖς
1532 254 1626 290 μαθεῖν
1637 255 1699 280 τίνα
1712 254 1790 287 λέγω
1804 254 1851 287 τὴν

1055 298 1182 333 ἄρουραν,
1199 297 1235 333 μὴ
1253 299 1348 335 πόρρω
1362 299 1408 325 τοῦ
1423 299 1556 334 παρόντος
1568 298 1790 333 περισχοπήσῃς.
1805 296 1850 328 Τίς

1055 343 1070 368 ό
1084 343 1165 375 τόπος
1191 344 1205 370 ὁ
1231 344 1367 379 περιέχων
1382 344 1427 370 τὸν
1452 343 1598 376 σύλλογον;
1615 343 1648 369 Τί
1675 351 1719 369 σοι
1742 342 1849 378 λέγειή

1057 389 1191 422 ἐνιαύσιος
1208 389 1255 416 τοῦ
1271 389 1371 416 κύκλου
1392 389 1532 424 περίοδος;
1547 390 1614 416 Ποῖά
1631 398 1672 416 σοι
1689 389 1851 423 διηγήματα

1057 436 1074 470 ὴ
1095 435 1144 470 τῆς
1168 436 1274 470 ἡμέρας
1292 435 1395 471 ταύτης
1418 436 1570 471 ὑπόμνησις
1593 436 1656 470 ἥκει
1678 435 1850 470 κομίζουσα;

1057 481 1121 520 *Δρ*
1137 484 1167 510 οὐ
1180 483 1268 511 λαλιαὶ
1286 485 1358 516 τινές
1375 485 1438 514 εἰσι,
1456 483 1547 514 καθώς
1563 491 1644 518 φησιν
1658 484 1672 510 ό
1691 483 1850 518 Προφήτης,

1060 530 1107 557 καὶ
1121 529 1204 563 λόγοι,
1221 526 1258 555 ὦν
1273 528 1332 564 ούχὶ
1345 528 1425 564 μόνον
1438 529 1580 556 ἀκούονται
1598 529 1626 555 αἱ
1643 528 1745 562 φωναὶ,
1763 528 1851 553 αὐτῶν

1061 575 1160 606 nam;
1182 575 1260 609 λόγου
1275 575 1452 610 εὐτονώτερον
1470 574 1646 613 διηγούμεναι
1659 574 1694 600 τὰ
1709 574 1850 608 emittam;

1064 622 1112 648 Ἂν
1126 622 1164 652 είς
1177 621 1223 647 τὸν
1237 621 1320 648 τόπον
1335 620 1444 658 ἀπίδῃς,
1464 621 1544 652 αὐτος
1558 619 1627 647 εἶναί
1641 629 1709 655 φησι
1720 620 1778 646 τῶν
1791 628 1853 654 μαρ-

1062 668 1152 703 τύρων
1171 667 1201 694 τὸ
1222 667 1327 694 στάδιον
1339 675 1345 682 ·
1360 666 1393 694 ἂν
1416 666 1465 702 τὴν
1485 667 1591 702 ἡμέραν
1612 667 1720 701 λογίσῃ,
1741 663 1800 692 οἷόν
1816 674 1853 697 τις

1064 713 1152 750 κῆρυξ
1167 713 1358 750 μεγαλόφωνος
1374 713 1554 748 ἁνακηρύττει
1574 713 1627 739 τῶν
1644 711 1795 748 μαρτύρων
1812 711 1853 737 τδν

1065 760 1206 794 στέφανον.
1229 759 1322 786 Ταῦτά
1347 767 1393 794 μοι
1417 758 1488 785 δοκῶ
1513 759 1562 794 τῆς
1581 758 1689 794 ἡμέρας
1712 757 1854 792 ὲμὸοιὶισης

1066 806 1173 834 ἀκούειν
1185 814 1191 820 “
1210 806 1250 833 ὅτι
1264 805 1329 840 ἄλλη
1346 806 1394 840 μὲν
1405 806 1437 840 τῇ
1454 805 1618 841 δημιουργίᾳ
1637 804 1692 831 τῶν
1706 804 1855 839 ςωστήρων

1067 849 1237 885 σεμνύνεται,
1257 849 1323 884 ἄλλη
1338 849 1365 876 δὲ
1379 849 1417 884 τῷ
1430 849 1546 884 οὐρανῷ.
1563 851 1610 876 καὶ
1622 849 1705 884 ἑτέρα
1722 851 1757 884 τῇ
1774 857 1854 874 κατα-

1067 897 1149 932 σκευῇ
1171 896 1220 931 τῆς
1247 896 1299 931 γῆς
1322 895 1513 929 ὲπαγὰλλεται.
1538 895 1615 930 Ἐμοὶ
1631 895 1660 924 δὲ
1684 895 1768 930 ἀρκεῖ
1792 893 1856 929 πρὸς

1066 943 1168 978 κόσμον
1183 943 1218 969 τὰ
1229 942 1283 969 τῶν
1299 941 1445 978 μαρτύρων
1462 942 1604 977 θαύματα·
1619 942 1702 976 ἀρκεῖ
1715 941 1756 976 τῷ
1767 941 1856 967 κάλλει

1066 989 1121 1015 τῶν
1145 989 1284 1023 στεφάνων
1308 988 1559 1022 ἐγκαλλωπίζεσθαι
1572 995 1578 1002 ·
1597 988 1686 1023 .ἀρκεῖ
1707 988 1766 1017 τοῖς
1790 987 1856 1012 κατὰ

1068 1034 1115 1062 τοῦ
1133 1034 1256 1061 διαὸόλου
1271 1033 1411 1069 τροπαίοις
1424 1033 1661 1068 ἐπισεμνύνεσθαι.
1677 1030 1731 1059 υἷα
1748 1032 1857 1066 γέγονεν

1069 1081 1098 1106 ὲν
1110 1080 1170 1115 ἐμοὶ
1181 1080 1350 1115 διηγήματαε
1366 1077 1416 1106 Οἴα
1428 1079 1523 1114 γέγονε
1538 1079 1571 1106 δι’
1583 1079 1649 1114 ἐμοῦ
1663 1080 1720 1110 τοῖς
1732 1078 1857 1112 ἀγγέλοις

1070 1126 1229 1162 προσθήκηῐ
1245 1125 1307 1153 Οἴον
1331 1125 1428 1152 ἔδωκεν
1442 1127 1458 1161 ἡ
1475 1125 1512 1161 γῆ
1533 1125 1572 1161 τῷ
1587 1125 1647 1161 Θεῷ
1662 1125 1709 1152 τὸν
1734 1125 1856 1160 καρπόνῑ

1070 1173 1136 1200 υἴαν
1149 1172 1280 1208 ἐφύτευσε
1301 1173 1413 1207 φυτείαν
1434 1173 1463 1198 ὲν
1479 1173 1540 1207 ἐμοὶ
1551 1173 1565 1199 ό
1581 1172 1700 1207 Κύριοςῐ
1719 1171 1804 1198 Ὅθεν
1817 1172 1859 1197 χαι

1072 1221 1147 1246 πᾶσα
1161 1219 1253 1255 σχεδὸν
1268 1220 1284 1254 ὴ
1297 1219 1442 1254 οἰκουμένη
1455 1220 1515 1250 ταῖς
1530 1219 1688 1254 παραφυάσι
1702 1219 1758 1244 τῶν
1771 1217 1860 1244 ἐντεῦ-

1072 1265 1118 1292 θεν
1139 1265 1286 1301 κλημάτων
1300 1265 1548 1299 καταπεφύτευται,
1562 1265 1687 1300 καθάπερ
1706 1273 1748 1295 τις
1772 1264 1860 1298 ἀμπε-

1072 1311 1117 1343 λος
1132 1310 1292 1345 εὐθηνοῦσα,
1306 1311 1353 1337 καὶ
1372 1310 1453 1342 ἄλλας
1468 1310 1501 1336 δι’
1515 1311 1612 1345 ἑαυτῆς
1627 1310 1767 1345 ἀμπέλους
1780 1309 1860 1344 ἐργά-

1073 1357 1161 1390 ζεται,
1179 1358 1225 1384 καὶ
1239 1357 1308 1392 αὕτη
1321 1357 1443 1392 διαμένει
1458 1357 1641 1388 ἀνέκλειπτος.
1655 1356 1750 1383 Ταῦτά
1762 1363 1805 1381 τοι
1820 1356 1862 1381 καὶ

1073 1403 1108 1429 τὰ
1124 1402 1234 1429 τοιαῦτα
1248 1402 1321 1428 δοκεῖ
1343 1402 1392 1437 τῆς
1415 1401 1520 1437 ἡμέρας
1548 1401 1565 1437 ἡ
1589 1402 1668 1436 χάρις
1688 1400 1863 1434 εὐαγγελίζε-

1076 1448 1148 1480 σθαι,
1163 1448 1209 1475 καὶ
1223 1448 1237 1473 ό
1251 1447 1298 1474 τοῦ
1314 1448 1442 1482 συλλόγου
1455 1447 1537 1478 τόπος
1547 1447 1658 1473 τοιαῦτα
1670 1447 1763 1483 ἔτερα.
1786 1447 1863 1473 Ἀλλὰ

1075 1496 1101 1522 τί
1118 1495 1195 1523 πάοω
1210 1495 1278 1530 πρὸς
1295 1495 1358 1521 λαὸν
1373 1494 1510 1526 τυσοῦτον,
1526 1494 1688 1530 ἰσχνόφωνός
1701 1502 1745 1525 τις
1760 1493 1800 1520 ὣν
1813 1494 1864 1527 ἐγὼ

235 1538 388 1571 festivitas,
406 1544 462 1566 tum
485 1539 562 1566 locus
578 1539 605 1566 in
626 1546 707 1574 quem
727 1538 917 1570 convenistis,
937 1538 1021 1564 altera

1076 1543 1122 1569 καὶ
1140 1541 1356 1577 βραδύγλωσσος.
1375 1541 1422 1567 καὶ
1449 1541 1527 1575 μόγις
1553 1541 1608 1572 τοῖς
1632 1540 1811 1576 παρεστῶσιν
1839 1542 1865 1566 ἐν

236 1585 299 1612 talia
323 1586 383 1613 laeta
405 1586 571 1613 annuntiare
591 1586 710 1613 videtur.
735 1585 787 1613 Sed
806 1585 871 1620 quid
893 1593 971 1623 agniti
990 1585 1024 1611 ad

235 1636 342 1659 tantum
361 1633 508 1667 populum,
531 1640 592 1659 cum
609 1633 674 1660 exili
697 1632 749 1659 sim
772 1639 856 1663 voce,
878 1631 1026 1666 linguaque

238 1678 315 1706 tarda
326 1699 333 1711 ,
349 1679 396 1713 qui
411 1684 560 1713 superante
577 1679 669 1706 sonitu
692 1686 724 1705 ac
738 1678 847 1705 fremitu
871 1685 1026 1705 sermonem

236 1726 281 1751 vix
295 1725 449 1752 astantibus
461 1724 487 1751 in
502 1725 562 1751 loco
578 1725 612 1751 ita
627 1724 772 1752 commodo
783 1725 889 1759 loquar,
902 1728 932 1750 ut
944 1731 1028 1750 exau-

238 1771 291 1798 diri
311 1771 420 1806 possit?
438 1770 506 1798 Nam
528 1771 650 1804 alioquin
667 1771 828 1798 immoratus
841 1778 930 1799 essem
947 1774 1028 1805 atque

239 1825 459 1852 perseverassem
479 1818 506 1844 in
530 1817 609 1844 bonis
629 1817 850 1848 narrationibus,
872 1825 928 1852 quo
948 1821 1029 1853 pacto

241 1863 364 1898 prmlari
377 1864 587 1891 contubernales
607 1863 788 1898 quadraginta
803 1871 864 1890 cum
883 1871 1030 1891 commune

241 1912 398 1942 certamen,
415 1914 471 1936 tum
490 1917 662 1936 communem
684 1909 785 1944 ubique
800 1910 936 1938 coloniam
952 1909 1030 1936 inha-

241 1955 458 1990 bitalionemque
477 1955 616 1986 fet-erunt,
639 1960 666 1982 et
685 1963 798 1993 quoquo
813 1963 909 1982 versus
924 1955 1030 1991 disper-

241 2002 358 2034 tiuntur,
373 2007 401 2029 et
420 2002 448 2033 in
466 2002 550 2028 variis
569 2002 637 2028 locis
656 2002 796 2036 conjuncti
818 2002 938 2037 hospitio
961 2002 1031 2029 reci-

241 2049 364 2084 piuntur,
381 2048 517 2081 Quocirca
534 2056 614 2076 nemo
628 2048 675 2083 qui
692 2048 885 2082 particularcm
900 2048 1031 2084 reliquia-

240 2103 302 2123 rum
315 2095 430 2129 gratiam
446 2094 568 2129 suscepit
579 2114 586 2125 .
598 2102 653 2121 nun
665 2102 699 2122 ex
713 2097 771 2120 toto
784 2099 933 2129 martyrum
947 2101 1031 2128 appa-

242 2141 370 2168 ritionem
381 2141 493 2179 recepit.
509 2139 585 2168 Unus
598 2143 669 2167 enim
682 2140 709 2167 in
725 2140 838 2167 Christo
851 2147 913 2166 cum
930 2139 1032 2166 fuerint

242 2187 383 2219 universi,
400 2195 448 2223 per
462 2195 545 2214 unum
566 2195 629 2214 cum
645 2191 702 2213 toto
723 2194 776 2213 suo
793 2193 875 2220 grege
890 2185 1030 2220 recipiun-

243 2238 298 2260 tur.
311 2233 364 2261 Sed
376 2225 422 2268 qui
437 2233 494 2260 fieri
509 2237 598 2268 potest
615 2237 645 2260 ut
658 2233 748 2261 oratio
766 2240 819 2260 non
842 2232 970 2266 iujuriam
987 2232 1029 2258 fa-

243 2280 311 2311 ciat,
324 2287 385 2314 qua:
400 2279 508 2310 initium
523 2278 651 2305 narrandi
665 2285 710 2305 res
725 2277 759 2304 ab
773 2278 806 2303 iis
817 2282 907 2311 gestas
919 2276 1030 2303 silentio

242 2325 471 2360 praetermiserit?
482 2324 561 2360 Quod
573 2330 615 2351 est
630 2323 715 2358 igitur
728 2323 850 2349 initium?
863 2321 1029 2349 Adolescen~

243 2371 282 2398 tia
291 2371 410 2406 egregia.
421 2375 503 2405 atque
514 2373 648 2405 spectata,
660 2370 726 2396 ﬁdes
734 2369 847 2404 optima.
856 2368 936 2402 cujus
944 2368 1031 2402 gratia

243 2417 322 2444 electi
338 2424 443 2449 omnesl
454 2417 554 2444 dccorc
568 2424 599 2441 ac
617 2415 821 2450 pulchritudine
831 2415 954 2448 insignes
967 2435 974 2446 ,
998 2414 1032 2440 ad

243 2470 335 2490 ramos
342 2462 528 2498 magnitudine
537 2470 561 2496 pi
569 2462 659 2489 oxime
673 2461 844 2491 accedentes.
853 2462 879 2487 in
890 2460 956 2487 ﬂore
964 2465 1031 2487 zela-

245 2510 281 2537 tis
293 2499 445 2536 constituti.
465 2508 605 2537 Videtisne
622 2515 717 2534 vocem
735 2507 853 2533 tumultu
876 2505 994 2537 turbari.
1005 2510 1033 2532 et

245 2557 362 2590 strepitu
372 2561 528 2582 sermonem
536 2554 742 2588 interrumpi,ut
752 2553 831 2580 nobis
843 2553 926 2579 veluti
935 2552 1033 2587 pelago

245 2601 365 2636 quodam
379 2603 528 2632 aestuante,
541 2600 656 2628 voribus
676 2599 768 2634 populi
780 2618 787 2630 ,
802 2598 914 2632 inquam
925 2617 932 2629 ,
944 2597 1033 2632 jacta-

247 2647 284 2676 tis
299 2647 457 2674 necessario
471 2646 504 2672 ad
518 2646 698 2681 tranquillum
718 2645 820 2673 silentii
842 2650 949 2680 portum
966 2652 1033 2672 con-

1075 1588 1186 1624 ἐπηκόῳ
1198 1587 1392 1623 φθεγγόμενος,
1410 1587 1607 1622 ὺπερηχοῦντος
1620 1586 1666 1612 τοῦ
1683 1587 1750 1622 ἤχου
1764 1587 1811 1613 τὸν
1824 1586 1865 1612 λό-

1075 1643 1122 1668 γον
1135 1642 1143 1666 ;
1159 1632 1197 1660 Ἦ
1213 1634 1266 1668 γὰρ
1282 1634 1314 1660 ἂν
1330 1633 1485 1669 ἐνδιέτριψα
1500 1633 1555 1664 τοῖς
1567 1632 1677 1667 ἀγαθοῖς
1688 1633 1865 1668 διηγήμασιν,

1075 1682 1149 1712 ὅπως
1163 1681 1180 1719 ἡ
1193 1680 1262 1716 καλὴ
1274 1680 1406 1715 συσκηνία
1419 1680 1472 1706 τῶν
1484 1680 1697 1714 τεσσαράκοντα,
1711 1679 1807 1715 κοινὴν
1821 1679 1867 1714 μὲν

1076 1728 1124 1763 τὴν
1136 1726 1258 1762 ἄθλησιν,
1275 1727 1368 1762 κοινὴν
1388 1726 1416 1752 δὲ
1440 1725 1576 1761 πανταχοῦ
1600 1726 1649 1760 τὴν
1666 1725 1798 1752 ἀποικίαν

1078 1773 1213 1807 ποίηνται,
1238 1773 1284 1799 καὶ
1307 1771 1444 1808 πανταχοῦ
1469 1771 1708 1807 καταμερίζονται,
1737 1771 1786 1797 καὶ
1812 1771 1868 1807 μετ’

1078 1819 1200 1854 ἀλλήλων
1210 1819 1394 1852 ἑπιξενοῦνται
1412 1820 1466 1851 τοῖς
1477 1819 1580 1850 τόποις.
1594 1818 1698 1845 Οὐκοῦν
1717 1818 1806 1849 οὐδεὶς
1822 1825 1869 1852 με-

1081 1865 1159 1899 ρικὴν
1175 1864 1229 1890 τῶν
1245 1864 1379 1898 λειψάνων
1394 1864 1473 1899 χάριν
1489 1863 1696 1899 ὑποδεξάμενος,
1714 1864 1766 1890 οὐκ
1776 1864 1808 1889 ὲκ
1824 1861 1868 1888 τοῦ

1080 1910 1179 1942 παντὸς
1190 1910 1240 1946 τὴν
1256 1910 1416 1944 ἐπιφάνειαν
1440 1910 1494 1936 τῶν
1519 1909 1665 1944 μαρτύρων
1688 1908 1809 1943 ἐδέξατο.
1824 1906 1869 1940 Εἷς

1080 1957 1134 1993 γὰρ
1153 1958 1182 1984 ὲν
1207 1957 1302 1992 Κυρίῳ
1325 1957 1466 1992 γεγονότες
1480 1957 1504 1983 οἱ
1527 1957 1638 1987 πάντες,
1659 1956 1693 1982 δι’
1719 1956 1779 1987 ἐνὸς
1803 1955 1869 1990 μετὰ

1082 2003 1182 2034 παντὸς
1195 2003 1241 2029 τοῦ
1253 2002 1435 2039 πληρώματος
1451 2002 1554 2029 ἑαυτῶν
1570 2002 1773 2034 εἰσοικίζονται.
1793 2001 1869 2027 Ἀλλὰ

1082 2048 1140 2080 πῶς
1156 2048 1214 2074 ἔστι
1232 2047 1269 2082 μὴ
1284 2048 1411 2082 ἀδικῆσαι
1424 2047 1470 2074 τὸν
1485 2047 1574 2082 λόγον,
1589 2048 1638 2082 τὴν
1647 2047 1736 2082 ἀρχὴν
1744 2047 1799 2073 τῶν
1813 2048 1869 2073 κατ’

1082 2095 1181 2125 αὐτοὺς
1192 2093 1369 2128 διηγημάτων
1380 2094 1529 2128 σιγήσαντα
1539 2102 1546 2126 ;
1558 2093 1605 2124 Τίς
1615 2091 1662 2119 οὖν
1677 2094 1751 2119 ἐστιν
1764 2094 1781 2128 ἡ
1791 2093 1869 2128 ἀρχὴς

1083 2139 1184 2174 Νεότης
1199 2138 1289 2174 ἀγαθὴ
1314 2139 1360 2165 καὶ
1384 2139 1574 2174 περίϐλεπτος,
1598 2139 1687 2170 πίστις
1711 2138 1824 2174 ἀρίστη,
1841 2138 1870 2164 δι’

1083 2185 1116 2220 ἢν
1130 2185 1154 2210 οἱ
1169 2185 1268 2215 πάντες
1281 2184 1473 2220 ἐξειλεγμένοι,
1488 2184 1582 2212 κάλλει
1594 2185 1770 2220 διαπρεπεῖς,
1787 2185 1871 2219 ἔρνεσι

1082 2231 1113 2257 τὸ
1129 2230 1243 2266 μέγεθος
1263 2231 1445 2266 παραπλήσιοι
1462 2232 1491 2257 ὲν
1512 2230 1587 2257 ἄνθει
1605 2231 1654 2266 τῆς
1669 2230 1757 2266 ὥρας.
1780 2231 1871 2265 Ὁρᾶτε

1083 2277 1132 2312 τὴν
1145 2276 1236 2312 φωνὴν
1250 2276 1289 2312 τῷ
1306 2277 1413 2312 θορύσῳ
1430 2276 1647 2312 ταρασσομένην,
1668 2277 1778 2304 καὶτὸν
1799 2277 1871 2310 λόγον

1084 2324 1123 2360 τῷ
1137 2324 1195 2359 ἤχῳ
1213 2324 1434 2358 διακοπτόμενον,
1449 2323 1519 2350 ὥστε
1542 2324 1615 2359 ἡμᾶς
1631 2320 1687 2349 οἶόν
1711 2332 1767 2349 τινι
1794 2323 1871 2348 πελα-

1085 2379 1127 2405 γει
1140 2370 1331 2407 κυμαινομένῳ
1342 2371 1401 2400 ταῖς
1414 2370 1516 2404 φωναῖς
1528 2369 1575 2395 τοῦ
1587 2368 1651 2395 λαοῦ
1664 2377 1692 2404 χε
1698 2369 1871 2403 ιμασθέντας,

1086 2415 1242 2448 ἀναγκαίως
1266 2416 1312 2442 ἐπὶ
1338 2415 1384 2441 τὸν
1412 2415 1570 2450 ἀκύμαντον
1586 2414 1634 2450 τῆς
1662 2415 1773 2449 σιωπῆς
1796 2423 1872 2440 κατα-

1085 2462 1196 2496 φεύγειν
1210 2461 1324 2497 λιμὲνα;
1338 2461 1370 2489 Εἰ
1380 2462 1407 2488 δὲ
1422 2462 1527 2495 γένοιτο
1539 2462 1605 2496 ἡμῖν
1622 2462 1692 2487 κατά
1707 2460 1778 2487 Θεοῦ
1790 2462 1871 2496 χάριν,

1085 2509 1132 2534 και
1146 2507 1180 2534 τὰ
1194 2507 1307 2545 δεύτερα
1319 2507 1365 2533 τού
1381 2507 1460 2541 λόγου
1468 2506 1550 2543 σχολὴ
1560 2508 1588 2533 ὲν
1598 2507 1700 2542 ἡσυχίᾳ
1712 2508 1764 2542 τῆς
1780 2506 1872 2542 ἀκροὰ·

1087 2561 1165 2586 σεως,
1181 2553 1215 2579 τὰ
1231 2552 1277 2579 νῦν
1292 2551 1465 2586 ἐλλειφθέν-τα
1479 2554 1607 2587 συνεργίᾳ
1619 2551 1667 2578 τοῦ
1680 2551 1752 2578 Θεοῦ
1771 2551 1872 2586 πληρω-

1086 2599 1207 2634 θήσεται.
1224 2599 1304 2635 Δὺτῷ
1320 2599 1337 2634 ή
1351 2598 1413 2631 δόξα
1428 2599 1468 2630 είς
1488 2599 1549 2630 τοὺς
1570 2598 1670 2630 αἰῶνας
1690 2598 1748 2625 τῶν
1766 2598 1870 2625 αἰώνων.

1094 2645 1188 2680 Ἀμήν.

1823 1733 1855 1750 πε

250 2693 406 2729 fugiendum
421 2693 473 2721 sit?
484 2692 562 2726 Quod
577 2694 600 2721 si
614 2701 657 2728 per
675 2693 789 2728 gratiam
805 2691 852 2719 Dei
868 2692 946 2720 nobis
957 2692 1039 2719 etiam
1059 2693 1092 2719 ad
1107 2693 1219 2720 alteram
1234 2697 1338 2728 partem
1351 2693 1484 2720 orationis
1502 2693 1587 2720 otium
1617 2693 1771 2727 contigerit
1782 2713 1789 2724 ,
1820 2698 1871 2719 cum

250 2739 359 2770 silentio
378 2739 595 2767 auscultantibus
614 2739 716 2767 reliqua
731 2759 738 2771 ,
770 2747 831 2774 quae
849 2746 923 2766 nunc
935 2738 1119 2774 praatermissa
1134 2743 1199 2768 sunt
1223 2739 1258 2769 ad
1279 2739 1463 2768 narrationem
1489 2738 1674 2774 pertinentia,
1703 2738 1810 2767 auxilio
1835 2736 1871 2764 Dei

251 2786 459 2823 pupplebuntur.
469 2785 500 2812 Ei
511 2786 597 2821 gloria
608 2795 636 2815 .n
648 2789 746 2815 saecula
755 2786 932 2814 szeculorum.
951 2785 1049 2815 Amen.

286 2881 296 2898 '
313 2878 380 2909 Paul.
400 2885 476 2912 xvtn,
497 2876 521 2907 5,
