1912 3082
95 109 152 138 757

416 171 525 197 ΛΟΓΟΣ
540 171 578 199 B’.

134 215 205 247 Χθὲς
218 216 242 242 οἱ
260 215 397 251 μαρτυρες
406 217 474 252 πρὸς
488 217 602 250 ἑαυτοὺς
613 218 664 245 τὸν.
672 218 737 245 λαὸν
754 220 870 246 ἐκάλουν
879 229 886 236 ·

93 261 147 288 νῦν
162 262 201 298 τῷ
220 263 387 298 καταγωγίῳ
400 264 450 299 τῆς
468 264 629 299 Ἐκκλησίας
642 265 828 297 ἐπιξενοῖλνται
840 267 888 293 αὺ-

93 307 232 343 τόκλητοι.
250 308 339 343 Νόμος
360 309 388 335 δέ
405 309 447 341 τίς
468 311 526 336 ἐστι
540 312 716 345 συμποτικὸς,
732 312 780 344 τὰς
804 314 887 346 ἐγκυ-

93 353 191 385 κλίους
204 353 307 385 ταύτας
318 354 453 386 ἑστιάσεις
469 354 542 390 παρὰ
554 356 609 382 τῶν
624 356 791 392 δαιτυμόνων
806 357 889 392 ἀλλή-

93 396 155 428 λοις
172 398 203 424 ὲκ
221 398 390 432 περιτροπῆς
409 398 583 426 ὲπιδίδοσθαι.
600 400 703 428 Οὐκοῦν
718 401 824 437 ἀνάγκη
842 402 888 428 καὶ

92 444 173 479 ἡμᾶς
187 443 234 470 τὸν
242 443 323 470 αὐτὸν
342 443 545 479 ἀντιπληρῶσαι
557 444 603 471 τοῦ
623 445 731 473 δείπνου
748 447 805 478 τοῖς
820 447 889 482 μάρ-

91 498 177 516 τυσιν
190 489 294 525 ἔρανον.
320 489 389 517 Ἀλλ’
411 490 504 525 ἐπειδὴ
521 490 631 517 πένεται
655 492 720 526 ἡμῖν
739 492 755 527 ἡ
771 493 888 528 χορηγία

92 535 145 562 τοῦ
161 536 249 570 λόγου.
269 536 360 567 καλῶς
373 535 429 571 ἔχει
443 537 500 568 τοῖς
515 537 580 571 παρ’
596 537 685 563 αὐτῶν
702 538 813 567 ἐκείνων
831 538 888 564 λει-

90 580 193 615 ψᾶνοις
206 582 278 616 ἡμᾶς
301 581 463 614 δεξιοῦσθαι,
479 582 541 613 τοὺς
565 582 627 617 χθὲς
649 583 697 618 μὲν
718 583 887 619 ἑστιάτορας,

92 625 218 661 σήμερον
239 626 268 652 δὲ
293 626 466 661 δαιτυμόνας.
487 628 580 662 Ἀρκεῖ
602 627 656 663 γὰρ
680 629 727 655 καὶ
752 629 839 664 βραχύ
863 639 889 656 τι

93 672 181 707 μέρος
201 672 233 698 ὲκ
257 672 386 703 πλουσίας
401 672 551 708 τραπέζης,
570 674 691 709 μεγάλης
711 674 828 710 εὐωχίας
844 684 889 710 γε-

90 717 190 744 νέσθαι
201 719 388 754 παρασκευὴν,
404 720 468 746 ὅταν
484 720 602 746 τοιοῦτον
617 720 741 755 λείψανον
799 721 831 748 Τί
843 720 888 749 οὖν

90 762 177 789 τοῦτο
200 764 230 790 τὺ
244 763 383 798 λείψανον;
408 765 555 800 Μέμνησθε
572 766 680 798 πάντως
702 769 730 793 ὲν
748 768 799 794 τίνι
818 766 888 803 ἦμεν

91 809 144 835 τοῦ
156 809 246 843 λόγου,
266 810 310 836 ὅτε
326 811 340 836 ὁ
353 810 476 842 εὐκταῖος
494 812 596 844 ἐκεῖνος
616 813 662 839 καὶ
685 812 750 847 ἡδὺς
774 815 838 849 ἡμῖν
857 815 889 841 ὲκ

91 854 144 880 τοῦ
157 854 275 890 πλήθους
288 855 341 881 τῶν
356 856 572 891 συνειλεγμένων
588 857 699 893 θόρυϐος
714 859 824 894 συνέχεε
840 861 889 896 τὴν
905 851 925 878 Β

91 900 151 929 τῶν
166 900 319 936 λεγομένων
334 902 474 936 ἀκρόασιν,
492 902 536 928 ὅτε
556 904 571 938 ἡ
591 903 711 939 ἔμψυχος
731 905 822 942 ἐκείνη
839 907 888 942 τῆς

92 945 244 980 ἐκκλησίας
272 946 394 974 θάλασσα
426 946 464 982 τῷ
492 947 588 983 πλήθει
614 948 667 975 τῶν
693 950 888 986 ἐπεισρεόντων

93 991 313 1027 πλημμυροῦσα,
344 992 410 1027 πρὸς
424 993 474 1027 τὴν
486 994 572 1028 ῥοπὴν
593 994 648 1020 τῶν
662 995 706 1021 ἀεὶ
720 995 887 1031 βιαζομένων

92 1035 237 1071 ὲκύμαινε,
256 1037 410 1072 μιμουμένη
426 1038 472 1065 καὶ
494 1038 534 1073 τῷ
548 1039 606 1074 ἤχῳ
627 1039 676 1076 τὴν
690 1040 775 1072 ὅντως
788 1040 888 1068 θάλασ-

93 1090 159 1114 σαν,
176 1079 231 1109 οἷον
245 1083 341 1114 αὐταῖς
354 1084 413 1114 ταῖς
428 1083 521 1115 ἀκοαῖς
538 1084 616 1119 ἡμῶν
626 1086 822 1122 προσρηγνῦσα
833 1087 887 1113 τῶν

92 1129 227 1164 κυμάτων
240 1129 283 1156 τὸν
296 1129 392 1165 ψόφον.
415 1130 458 1156 Ἐν
467 1130 522 1157 τίσι
534 1131 622 1159 τοίνυν
634 1132 816 1168 κατελίπομεν
830 1142 886 1168 χει-

93 1175 237 1210 μασθέντα
252 1176 292 1212 τῷ
312 1176 418 1212 θορύϐῳ
442 1177 486 1204 τδν
507 1178 595 1212 λόγον,
614 1179 753 1215 μέμνησθε
779 1181 887 1213 πάντως

91 1220 136 1254 οἷς
156 1222 336 1257 μεμελέτηται
361 1223 406 1250 διὰ
430 1225 538 1259 μνήμης
561 1224 631 1259 ἔχειν
647 1226 709 1258 τοὺς
736 1227 886 1263 μάρτυρας.

90 1265 150 1294 Ἶίν
166 1268 205 1299 δὲ,
221 1268 259 1299 ὡς
279 1265 395 1304 οἵμαι,ή
419 1270 563 1297 ἀκολουθία
581 1271 629 1298 τοῦ
644 1271 723 1306 λόγου
745 1273 825 1308 αὕτη,
846 1274 887 1301 ὅτι

90 1313 126 1339 οὺ
143 1313 198 1339 τῶν
214 1315 349 1350 τυχόντων
362 1313 433 1350 ἦσάν
446 1324 518 1347 τινες
533 1317 558 1343 οἱ
573 1317 613 1347 εἰς
630 1317 675 1343 τὸν
689 1317 782 1351 ἀγῶνα
793 1318 886 1346 τοῦτον

91 1357 288 1394 ἐξειλεγμένοι,
303 1360 363 1386 οὺδέ
374 1369 415 1392 τις
427 1360 578 1396 σύμμικτος
588 1363 635 1389 καὶ
647 1362 788 1398 ἀνώνυμος
797 1363 885 1399 ὄχλος,

91 1405 128 1430 ὲκ
154 1405 289 1432 ταπεινῶν
314 1406 535 1441 ἐπιτηδευμάτων
560 1409 737 1444 ὁρμηθέντες,
766 1410 834 1446 πρὸς
857 1411 886 1437 τὺ

91 1451 205 1486 ἀξίωμα
217 1451 295 1478 τοῦτο
319 1452 493 1488 ἐπήρθησαν·
508 1454 576 1480 ἀλλὰ
598 1455 706 1490 πρῶτον
730 1456 778 1490 μὲν
793 1456 883 1483 acea—

647 113 680 140 ΙΝ
700 113 950 146 ριιΑυιιΛαιΜΑ
971 115 1167 144 ΜΔΠΊῪΠΕΒ.

1677 120 1727 147 7’38

1244 176 1374 205 ORATIO
1394 177 1425 204 11.

975 221 1038 249 llcri
1054 227 1186 256 martyres
1200 222 1234 249 ad
1251 231 1311 250 sese
1332 224 1462 258 populum
1482 224 1615 252 vocabant
1629 234 1635 258 ;
1654 234 1728 253 nunc

939 267 1058 301 hospitio
1072 267 1202 295 Ecclesiae
1229 268 1280 303 ipsi
1306 277 1366 296 sese
1381 269 1526 297 oﬂ‘ereules
1541 271 1725 305 excipiuntur.

939 313 992 341 Lex
1009 320 1099 342 autem
1113 315 1237 349 quaedam
1252 315 1414 342 convivialis
1428 322 1479 348 cst,
1497 321 1526 343 ut
1537 317 1686 345 circulares
1700 322 1727 345 et

939 362 1065 395 vulgares
1090 361 1157 388 istas
1177 362 1272 396 epulas
1297 362 1341 388 alii
1363 362 1425 388 aliis
1440 363 1562 391 convivis
1584 369 1658 391 certa
1685 364 1728 391 vi-

940 407 1105 435 cissitudine
1124 408 1263 442 prmbeant
1279 408 1305 434 in
1320 408 1425 435 orbem.
1444 408 1528 443 Igitur
1543 416 1657 436 necesse
1671 414 1725 442 est,

940 457 969 480 ut
983 453 1065 480 etiam
1081 460 1131 480 nos
1144 457 1239 480 contra
1259 453 1429 488 martyribus
1446 461 1539 488 parem
1562 461 1647 481 caena:
1663 462 1727 489 gra-

939 497 1003 523 tiam
1021 497 1180 529 referamus,
1207 502 1234 524 et
1254 498 1325 525 idem
1342 498 1460 525 ofﬁcium
1478 503 1649 533 praestemus.
1672 498 1726 527 Sed

939 542 1067 578 quoniam
1083 546 1178 570 nostra
1201 543 1317 570 facultas
1338 543 1471 570 orationis
1487 543 1566 578 inops
1585 548 1612 571 et
1630 544 1728 580 exigua

939 593 991 620 est,
1006 588 1078 616 haud
1093 589 1296 616 inconunodum
1316 588 1408 622 fuerit,
1424 590 1447 616 si
1461 590 1494 616 ab
1507 589 1561 617 illis
1579 590 1645 624 ipsis
1654 597 1727 617 sum-

939 636 992 671 ptis
1029 635 1152 670 reliquiis
1177 635 1347 670 excipiamus
1373 643 1420 662 eos
1453 634 1498 670 qui
1525 635 1585 663 heri
1613 636 1723 670 quidem

939 681 1129 709 convivatores
1143 684 1169 708 et
1182 681 1255 716 epuli
1270 682 1428 716 praabitores
1443 685 1541 714 erant,
1558 681 1640 708 hodie
1660 689 1730 709 vero.

939 726 1060 752 conviva:
1075 729 1149 753 sunt.
1167 725 1272 753 Sullicit
1293 726 1363 752 enim
1380 726 1422 753 vel
1434 726 1532 761 exigua
1551 726 1674 760 quzcdam
1693 726 1728 753 de

939 772 1022 799 divite
1037 779 1129 799 mensa
1145 780 1219 807 pars.
1240 780 1302 799 cum
1321 773 1390 799 tales
1415 772 1537 807 reliquiae
1563 772 1673 803 fuerint,
1690 773 1730 801 ad

940 818 1029 853 magni
1045 819 1117 852 epuli
1134 824 1307 853 apparatum.
1329 818 1394 851 Qua}
1414 822 1478 846 sunt
1502 818 1582 854 igitur
1605 818 1646 845 ha:
1662 819 1726 846 reli-

939 863 1028 899 quiae?
1051 863 1215 891 Meministis
1240 872 1354 898 prorsus
1377 866 1404 890 iu
1427 870 1479 898 qua
1496 867 1574 898 parte
1592 862 1727 890 orationis

941 909 1120 941 haerebamus,
1141 916 1204 936 cum
1220 913 1330 944 optatus
1346 908 1391 935 ille
1405 912 1432 934 et
1445 907 1585 942 jucundus
1599 906 1678 934 nobis
1692 914 1730 936 ex

940 955 1114 982 multitudine
1134 960 1361 991 cougregatorum
1384 956 1520 983 tumultus
1541 954 1731 982 confundebat

939 1009 1033 1028 eorum
1053 1008 1114 1035 quae
1134 1001 1296 1028 dicebantur
1319 1002 1550 1029 auscultatiouem
1567 1010 1573 1028 :
1590 1009 1651 1029 cum
1667 1001 1728 1030 auia

939 1051 1042 1072 rnatum
1067 1046 1132 1073 illud
1155 1045 1285 1074 Ecclesia:
1313 1054 1387 1073 mare
1413 1046 1588 1073 multitudine
1609 1045 1730 1074 aliorum.

939 1100 1020 1127 super
1037 1092 1106 1119 alios
1121 1091 1314 1119 conﬂuentium
1332 1097 1359 1119 et
1371 1091 1556 1127 ingruentium
1577 1091 1730 1124 inundans,

939 1138 973 1164 ad
997 1138 1128 1172 impetum
1158 1142 1184 1164 et
1208 1137 1399 1172 impulsionem
1425 1145 1520 1165 eorum
1541 1137 1588 1172 qui
1615 1144 1723 1171 semper

938 1184 964 1210 vi
980 1184 1176 1218 irrumperent,
1195 1182 1342 1210 ﬂuctuaret
1352 1187 1380 1210 et
1391 1186 1532 1215 atstuaret,
1551 1183 1643 1210 sonitu
1657 1190 1726 1217 quos

938 1237 990 1265 que
1012 1229 1072 1264 ipso
1090 1236 1184 1256 verum
1208 1229 1319 1256 imitans
1335 1230 1420 1262 mare,
1445 1229 1528 1256 veluti
1548 1229 1662 1263 rupibus
1686 1229 1728 1256 Iit-

939 1274 1073 1302 toralibus
1089 1274 1204 1302 auribus
1228 1274 1334 1302 nostris
1357 1274 1493 1300 umlarum
1519 1274 1663 1309 strepitum
1685 1274 1726 1301 in:

937 1320 1060 1355 fringens
1074 1324 1101 1346 et
1115 1319 1234 1347 illidens.
1253 1318 1281 1346 ln
1296 1318 1397 1354 quibus
1411 1319 1493 1354 igitur
1510 1319 1627 1346 tumultu
1644 1319 1730 1354 quasi

937 1370 1098 1400 tempestate
1118 1366 1249 1400 jactatam
1276 1365 1470 1400 reliquerimus
1486 1365 1648 1396 orationem,
1669 1372 1727 1392 me-

938 1411 1055 1439 ministis
1066 1419 1190 1446 prorsus,
1206 1410 1308 1446 quibus
1323 1411 1478 1438 recordatio
1492 1415 1641 1446 martyrum
1653 1417 1730 1438 cura!

937 1462 988 1485 est.
1007 1457 1071 1484 Erat
1095 1462 1185 1485 autem
1206 1457 1389 1489 continuatio,
1407 1457 1515 1492 opinor,
1531 1461 1558 1484 et
1581 1461 1726 1485 contextus

92 1497 178 1531 φυῖαν
195 1497 330 1532 σώματος,
355 1498 448 1525 κάλλει
472 1500 518 1526 καὶ
533 1499 645 1535 δυνάμει
662 1502 709 1529 καὶ
729 1501 824 1537 ῥώμης
838 1511 885 1528 πε-

940 1503 1154 1534 οιτιιίοιιίεέὶιὶο,
1178 1503 1250 1536 quod
1276 1511 1331 1530 non
1358 1511 1391 1530 ex
1417 1503 1550 1538 gregariis
1577 1508 1604 1530 et
1625 1503 1729 1533 vilibus

95 1543 206 1580 ριουσία
217 1544 271 1570 τῶν
286 1544 388 1571 λοιπῶν
404 1545 599 1579 διενεγκόντες,
613 1548 669 1578 τοῖς
682 1549 885 1582 στρατιωτικοῖς

92 1588 256 1622 καταλόγοις
275 1589 496 1626 ὲνηριθμήθησαν
508 1599 515 1605 ·
535 1592 604 1625 μετὰ
624 1592 710 1618 ταῦτα
729 1592 808 1627 δὲτῷ
827 1594 886 1621 κατ’

92 1635 197 1670 ἀρετὴν
222 1635 272 1670 βίῳ
303 1636 348 1662 καὶ
372 1636 495 1672 πολιτείᾳ
530 1637 647 1673 σώφρονι
678 1638 886 1673 διαπρέψαντες,

91 1680 190 1716 ὥσπερ
207 1690 233 1708 τι
246 1682 330 1716 γέρας
349 1682 396 1709 καὶ
411 1683 547 1718 ἀριστεῖον
560 1683 609 1718 τὴν
625 1684 704 1719 χάριν
717 1684 767 1719 τῆς
785 1693 887 1720 μαρτυ-

95 1729 162 1764 ρίας
172 1729 357 1762 τελειωθέντες
368 1729 500 1762 ἐδέξαντο.
515 1731 571 1758 Καὶ
583 1733 607 1758 εί
618 1731 692 1758 δοκεῖ
704 1733 740 1764 ὼς
752 1732 784 1758 ἂν
796 1733 887 1767 ἡδίους

92 1775 253 1811 γενοίμεθα,
269 1776 358 1804 πάντα
378 1777 412 1803 τὰ
435 1777 488 1803 τῶν
507 1776 653 1813 μαρτύρων
673 1777 771 1814 ἐφεξῆς
786 1778 887 1805 ἀναλά-

94 1820 198 1856 6ωμεν,
212 1819 267 1848 οἷον
283 1823 328 1849 ὑπ’
343 1823 403 1858 ww
417 1823 528 1858 ἄγοντες
542 1824 581 1859 τῷ
593 1824 706 1859 παρόντι
720 1824 825 1860 θεάτρῳ
837 1825 886 1861 τὴν

93 1867 163 1904 ἄθλη
168 1877 219 1897 σιν,

937 1549 1047 1585 quidam
1067 1552 1171 1581 essent,
1187 1549 1233 1583 qui
1258 1550 1291 1576 ad
1308 1549 1360 1576 hoc
1385 1553 1525 1576 certamen
1546 1548 1625 1576 electi
1648 1553 1725 1580 sunt,

937 1603 1025 1630 neque
1047 1596 1230 1630 promiscuum
1249 1595 1389 1630 quoddam
1413 1599 1440 1622 et
1465 1595 1613 1622 obscurum
1629 1595 1726 1630 vulgus

937 1649 971 1669 ex
987 1641 1136 1669 humilibus
1150 1641 1292 1669 exercitiis
1309 1646 1336 1668 et
1351 1641 1451 1668 studiis
1465 1641 1580 1675 profecti
1596 1640 1630 1667 ad
1654 1641 1726 1669 hanc

937 1687 1097 1722 dignitatem
1115 1687 1200 1714 evecti
1215 1691 1323 1720 essent;
1339 1686 1386 1714 sed
1402 1686 1520 1721 primum
1537 1686 1647 1721 quidem
1662 1693 1727 1720 pro?

937 1738 998 1768 pter
1019 1733 1089 1760 bona
1107 1738 1189 1768 atque
1209 1733 1352 1759 commoda
1368 1732 1494 1767 corporis
1508 1731 1606 1759 decore
1619 1736 1646 1759 et
1663 1731 1727 1758 viri,-

938 1779 989 1807 bus
1002 1783 1029 1806 et
1046 1779 1142 1807 robore
1166 1781 1315 1813 superante
1330 1778 1453 1813 reliquos
1469 1777 1656 1813 praecedentes
1680 1777 1727 1805 mi-

938 1824 1063 1852 litaribus
1079 1824 1202 1852 numeris
1222 1824 1343 1859 ascripti~
1353 1828 1446 1851 essent
1460 1833 1466 1850 :
1481 1823 1580 1850 deinde
1592 1830 1658 1850 vero
1682 1829 1727 1849 so-

938 1871 999 1898 brio
1021 1875 1101 1905 atque
1127 1877 1189 1897 cum
1216 1870 1317 1897 virtute
1338 1869 1486 1904 coniuncto
1516 1869 1577 1896 vitae
1602 1868 1728 1896 instituto

94 1922 159 1941 eum
201 1917 407 1950 excelluisseut,
444 1922 575 1953 tanquam
600 1919 741 1953 praemium
767 1918 906 1954 quoddam
940 1917 1102 1945 decoraudae
1126 1921 1154 1944 et
1180 1917 1357 1945 honestanda:
1388 1916 1496 1943 virtutis
1521 1923 1588 1951 ergo
1611 1915 1726 1951 gratiam

93 1963 221 1998 martyrii
243 1964 427 1991 consuunuati
452 1965 632 1999 accepissent.
656 1966 694 1992 Ac
722 1965 745 1993 si
767 1966 883 1996 videtur.
904 1972 958 2000 quo
969 1965 1056 1991 oratio
1069 1968 1163 1990 nostra
1191 1963 1277 1998 magis
1289 1963 1410 1998 jucunda
1440 1962 1586 1993 efﬁciatur,
1618 1968 1726 1992 omnem

95 2014 156 2034 rem
183 2012 287 2042 gestam
324 2017 338 2035 a
363 2010 688 2047 martyribusdeiuceps
711 2009 807 2038 ordine
828 2014 996 2046 repetamus,
1033 2013 1163 2045 tanquam
1189 2009 1217 2036 in
1242 2014 1391 2044 conspectu
1420 2008 1483 2035 huic
1506 2008 1612 2035 theatro
1638 2008 1726 2043 ipsam

93 2054 273 2082 certationem
289 2054 466 2084 adducentes.

131 2098 186 2126 Ἦν
201 2109 226 2127 τι
240 2101 332 2137 τάγμα
348 2102 542 2137 στρατιωτικὸν
556 2102 668 2129 παλαιὸν
685 2103 756 2130 κατὰ
768 2103 817 2138 τὴν
829 2102 885 2137 γεί-

91 2155 160 2173 τονα
176 2146 252 2173 πόλιν
268 2148 367 2179 παντὸς
384 2148 430 2174 τοῦ
446 2148 538 2180 ἔθνους
561 2149 629 2184 πρὸς
649 2149 697 2181 τὰς
714 2149 768 2175 τῶν
784 2148 886 2184 βαρϐά-

976 2099 1040 2127 Erat
1054 2103 1131 2127 vetus
1141 2099 1265 2134 qu:edam
1276 2099 1350 2126 circa
1363 2099 1479 2125 vicinam
1493 2098 1587 2125 urbem
1609 2098 1725 2126 militum

940 2154 1048 2177 manus,
1069 2146 1226 2181 praesidium
1249 2146 1335 2172 totius
1349 2147 1437 2180 gentis
1456 2145 1589 2173 adversus
1609 2146 1726 2181 impetus

94 2201 153 2228 ρων
167 2192 253 2227 ὁρμὰς
266 2193 482 2229 προκαθήμενον·
495 2193 608 2225 ἐκείνοις
618 2193 650 2220 ἐκ
661 2202 732 2225 τινος
744 2195 885 2229 προϋπαρ-

940 2192 1128 2220 barbarorum.
1141 2191 1197 2219 Illis
1219 2199 1252 2219 ex
1272 2191 1390 2226 quadam
1413 2196 1476 2220 ante
1494 2191 1583 2218 oblata
1595 2192 1727 2221 divinitus

94 2236 199 2272 χούσης
221 2236 313 2263 θεόθεν
335 2237 511 2272 ἐπιφανείας,
536 2238 626 2264 πλεῖον
639 2239 656 2274 ἡ
671 2238 761 2269 πίστις
775 2237 828 2264 τῶν
841 2246 890 2264 τα-

92 2282 203 2310 κτικῶν
215 2282 462 2314 ὲσπουδάζετο.Καὶ
477 2283 542 2315 ἴσως
554 2284 604 2309 οὐκ
620 2282 732 2318 ἄκαιρον
745 2283 774 2309 ἓν
788 2291 814 2309 τι
825 2291 890 2309 κατι

91 2328 210 2365 όρθωμα
226 2329 276 2363 τῆς
299 2329 417 2360 πίστεως
433 2329 487 2356 τῶν
511 2329 616 2364 ἀνδρῶν
627 2329 738 2355 ἐκείνων
749 2329 778 2355 ὲν
798 2337 888 2364 παρα-

93 2374 183 2409 δρομῇ
201 2374 391 2409 διηγήσασθαι.
409 2374 559 2406 Συστάντος
576 2374 631 2410 γὰρ
646 2374 736 2405 αὐτοῖς
758 2382 824 2400 ποτε
840 2374 888 2401 τοῦ

93 2419 166 2454 πρὸς
183 2420 245 2451 τοὺς
270 2420 423 2455 βαρϐάρους
439 2420 574 2456 πολέμου,
597 2421 644 2447 καὶ
660 2420 715 2446 τῶν
737 2420 888 2456 ἐπικαίρων

95 2465 206 2492 πάεηων
232 2466 514 2501 προκαταληφθέντων
538 2466 590 2493 ὑπὸ
606 2466 655 2501 τῆς
680 2466 734 2492 τῶν
758 2467 887 2493 ἐναντίων

96 2513 237 2546 στρατιᾶς,
255 2513 302 2538 καὶ
316 2512 370 2538 τῶν
382 2512 486 2539 ὑδάτων
500 2513 528 2539 ἐν
543 2514 575 2548 τῇ
588 2512 641 2539 τῶν
655 2511 760 2547 ἐχθρῶν
777 2512 887 2547 ἐξουσίᾳ

95 2558 299 2592 γεγενημένων,
317 2559 356 2590 εἰς
370 2558 482 2594 ἔσχατον
498 2558 621 2590 ἐλθόντες
638 2558 768 2589 κίνδυνον.
783 2559 838 2585 εἴτε
852 2558 885 2585 δι’

96 2603 225 2638 ἀπειρίαν
245 2603 298 2630 τῶν
312 2604 346 2630 τὰ
367 2604 487 2639 ἡμέτερα
511 2604 746 2641 στρατηγούντων,
772 2605 826 2631 εἴτε
843 2605 887 2631 διά

94 2658 159 2676 τινα
172 2649 314 2685 κρείττονε,⁸
328 2651 374 2676 καὶ
391 2650 531 2685 θειοτέραν
545 2651 711 2686 οἰκονομίαν,
727 2651 765 2683 ὼς
779 2650 812 2678 ἂν
833 2651 887 2686 μά-

96 2695 177 2721 λιστα
189 2695 236 2721 καὶ
248 2695 291 2722 διὰ
306 2696 400 2723 τούτου
416 2697 512 2732 φανείη
525 2697 578 2723 τῶν
591 2697 760 2732 Χριστιανῶν
776 2697 806 2723 τὸ
819 2697 887 2732 πρὸς

95 2741 160 2772 τοὺς
174 2741 338 2775 ἀλλοφύλους
347 2742 482 2777 διάφορον
495 2743 589 2778 ἐπειδὴ
602 2743 652 2769 οὐκ
663 2741 735 2777 εἶχον
746 2743 759 2768 ὃ
771 2751 797 2768 τι
821 2742 887 2777 χρή-

98 2795 190 2813 σονται
206 2789 262 2818 τοῖς
278 2787 409 2822 παροῦσι,
426 2788 473 2814 καὶ
489 2788 571 2823 πολλή
589 2797 630 2820 τις
650 2786 683 2824 ἦν
696 2790 712 2823 ὴ
729 2789 884 2823 ἀμηχανία,

96 2833 226 2867 οὐδεμιᾶς
242 2834 332 2865 αὐτοῖς
346 2833 457 2865 πίδακος
476 2833 493 2869 ἢ
511 2835 659 2870 ἀπορροίας
671 2834 772 2861 ὑδάτων
785 2835 885 2872 ἐμφαι-

97 2878 214 2916 νομένης
235 2878 274 2915 τῷ
297 2879 383 2914 τόπῳ,
405 2878 451 2906 καὶ
471 2878 589 2911 κίνδυνος
612 2876 645 2915 ἦν
673 2878 808 2914 ὑποκύψαι
832 2879 886 2910 τοῖς

938 2237 1118 2272 apparitione.
1141 2237 1237 2270 majori
1256 2237 1348 2264 studio
1371 2237 1438 2264 tides
1452 2241 1522 2269 erat,
1539 2245 1620 2272 quam
1641 2247 1683 2266 res
1695 2246 1727 2266 ac

938 2283 1085 2318 disciplina
1105 2283 1243 2310 militaris.
1272 2283 1310 2309 Ac
1336 2282 1452 2311 forsitan
1476 2290 1532 2310 non
1556 2284 1727 2318 intempesti—

936 2337 1000 2356 vum
1028 2329 1112 2356 fuerit
1134 2336 1219 2355 uumu
1235 2329 1371 2363 quoddam
1389 2329 1451 2356 fidei
1475 2329 1596 2356 virorum
1618 2330 1726 2358 illorum

936 2375 1044 2402 facinus
1056 2374 1196 2409 egregium
1212 2374 1300 2401 obiter
1316 2381 1544 2402 commemorare.
1560 2374 1636 2403 Bello
1652 2376 1726 2404 enim

940 2421 980 2448 eis
1010 2420 1141 2447 adversus
1165 2419 1299 2448 barbaros
1324 2419 1472 2454 aliquando
1497 2420 1631 2452 conflato.
1663 2428 1726 2448 cum

941 2466 1069 2494 omnibus
1076 2465 1144 2493 locis
1152 2466 1315 2501 opportunis
1322 2466 1356 2494 ab
1364 2466 1487 2493 exercitu
1497 2466 1616 2493 hostium
1626 2474 1727 2501 praeoc-

940 2511 1057 2547 cupatis,
1080 2519 1158 2546 aqua:
1174 2519 1283 2546 quoque
1306 2511 1334 2538 in
1358 2519 1452 2539 eorum
1469 2516 1605 2546 potestate
1621 2517 1724 2543 essent,

941 2557 974 2584 ad
1001 2563 1151 2586 extremum
1177 2557 1331 2592 periculum
1361 2558 1474 2591 redacti,
1504 2559 1561 2585 sive
1590 2558 1726 2593 imperitia

940 2607 1098 2631 nostrorqu
1118 2603 1229 2635 ducum,
1255 2603 1312 2630 sive
1338 2602 1451 2630 meliore
1475 2606 1502 2629 et
1527 2603 1620 2630 divino
1639 2605 1726 2637 magis

941 2649 1057 2676 consilio
1076 2652 1157 2683 atque
1171 2648 1361 2683 dispositione,
1377 2653 1406 2675 ut
1423 2649 1464 2675 vel
1481 2657 1527 2683 per
1542 2649 1593 2676 hoc
1607 2649 1726 2676 maxime

941 2699 1084 2730 appareret
1110 2694 1174 2728 quid
1192 2694 1337 2721 interesset
1361 2694 1431 2720 inter
1445 2693 1621 2721 Christianos
1641 2698 1726 2728 atque

941 2746 1068 2767 externos
1080 2745 1107 2766 et
1120 2748 1133 2766 a
1150 2740 1202 2767 fide
1219 2740 1323 2767 alienos
1339 2749 1344 2766 :
1357 2747 1419 2766 cum
1433 2740 1507 2766 nulla
1523 2740 1629 2767 ratione
1641 2741 1724 2766 rebus

942 2785 1122 2820 prasentibus
1140 2785 1241 2812 mederi
1257 2789 1379 2819 possent.
1407 2792 1558 2819 magnaque
1578 2786 1725 2819 trepidatio

940 2837 1022 2867 atque
1035 2832 1190 2866 desperatio
1206 2836 1287 2861 esset,
1304 2839 1365 2857 cum
1383 2831 1474 2859 nullus
1490 2832 1550 2861 fons
1562 2831 1587 2858 in
1604 2839 1636 2857 eo
1653 2833 1723 2862 loco.

941 2884 987 2908 aut
1004 2878 1113 2908 aliunde
1134 2876 1319 2914 provcuicutis
1342 2884 1418 2913 aqua:
1442 2877 1557 2905 fa-ultas
1578 2877 1618 2905 cis
1641 2884 1724 2915 appa~
