1912 3082
199 128 254 158 ῗ59

828 130 856 158 S.
869 130 1032 158 GREGORII
1050 128 1196 158 NYSSENI

1785 124 1837 152 760

201 190 295 218 reret,
320 187 528 223 periculumque
555 193 629 216 esset
654 196 688 219 ne
712 187 759 215 siti
783 189 932 224 expugnati
954 188 989 216 ab

1050 189 1170 219 ,ναντίοις
1193 185 1455 221 ὲκπολιορκηθέντας
1479 184 1517 220 τῷ
1535 184 1624 218 δίψει·
1642 183 1706 210 τότε
1723 183 1836 209 καταλι-

202 234 367 261 adversariis
383 234 576 269 subigerentur
594 244 601 262 :
619 239 685 262 tunc
701 235 824 270 praeclari
845 235 884 262 illi
907 239 990 269 atque

201 280 315 315 egregii,
329 281 434 308 omisso
448 287 586 307 armorum
604 280 742 314 praesidio,
768 281 898 308 invictum
912 281 990 308 cuive

202 325 296 352 resisti
313 332 367 352 non
380 329 473 360 posset
485 325 617 352 auxilium
631 326 658 352 in
678 325 899 353 formidabilibus
913 325 989 360 ejus-

203 370 276 397 modi
291 370 492 405 implorandum
505 371 557 398 sibi
570 375 736 398 statuerunt.
751 370 863 398 Relictis
878 371 950 398 enim
962 371 990 398 iu

202 416 303 443 castris
324 416 358 444 iis
375 415 422 451 qui
435 416 556 443 nondum
568 416 648 443 ﬁdem
666 420 838 451 receperant,
852 423 884 443 ac
897 424 945 451 per
960 423 990 443 se

203 462 334 497 separati,
353 462 498 489 imitantur
509 462 535 489 id
548 462 621 498 quod
634 467 756 496 tempore
774 461 839 489 Elia:
851 461 991 497 prophetat

204 509 305 536 factum
324 513 366 537 est
388 509 562 540 miraculum.
586 510 725 536 couununi
741 513 824 544 atque
842 509 991 543 conjuncta

202 562 269 582 voce
277 555 404 589 precibus
415 560 546 590 petentes,
556 559 586 582 ut
597 563 629 582 ex
640 555 992 589 rebusdesperatisinquas

203 601 376 632 incidissent,
385 602 567 636 eriperentur.
576 602 665 636 Atque
674 602 711 629 illi
724 602 833 636 quidem
844 601 992 636 precaban-

202 652 262 679 tur;
277 655 373 682 preces
387 655 452 675 vero
471 647 610 682 extemplo
625 648 652 674 in
663 655 734 682 opus
747 647 989 674 eonvertebautur.

203 693 272 720 Cum
285 693 357 720 enim
370 694 460 721 adhuc
467 694 517 729 ipsi
529 694 555 721 in
563 695 686 721 oratione
694 695 809 729 genibus
818 694 895 721 ﬂexis
903 701 993 728 perse-

202 744 340 770 verarent,
353 738 418 766 ﬂatu
428 740 547 767 violento
559 740 645 767 nubes
657 740 785 767 alicunde
795 744 890 766 coacta
903 739 992 767 subli-

202 783 255 810 mis
267 784 293 810 in
303 791 366 811 aere
373 785 471 812 castris
480 785 598 812 hostium
610 785 769 812 imminebat
778 794 786 813 :
796 785 896 813 deinde
905 785 993 820 frago-

202 829 280 857 ribus
293 830 448 866 lugentibus
459 832 686 866 superintonans,
699 837 723 859 et
737 831 874 867 fulgurum
883 832 911 859 in
923 832 990 859 sub-

1040 234 1136 264 πόντες
1147 233 1172 259 oi
1185 233 1304 267 γενναῖοι
1317 231 1366 266 τὴν
1381 232 1413 258 ὲκ
1426 231 1481 257 τῶν
1492 230 1582 257 ὃπλων
1593 229 1732 265 βοήθειαν,
1751 230 1836 263 ἔγνως

1041 288 1091 307 σαν
1104 281 1152 314 τὴν
1165 279 1270 314 ἄμαχον
1286 278 1333 304 καὶ
1348 278 1569 311 ἁκαταγὼνιστον
1587 277 1615 302 ὲν
1629 278 1690 307 τοῖς
1708 275 1837 310 φοϐεροῖς

1040 325 1253 352 ἐπικαλέσασθαι
1281 323 1449 359 συμμαχίαν.
1481 323 1608 356 Ἀφέντες
1632 322 1688 357 γὰρ
1711 322 1760 348 ἐπὶ
1786 321 1835 347 τοῦ

1041 371 1222 407 στρατοπέδου
1234 370 1296 402 τοὺς
1311 371 1394 405 μήπω
1407 369 1660 404 παραδεδεγμένους
1671 368 1722 404 τὴν
1731 367 1835 399 πίστιν,

1041 418 1088 444 καὶ
1104 417 1146 452 ἐφ’
1161 416 1266 443 ἑαυτῶν
1281 416 1441 447 ίδιάσαντες,
1459 414 1604 451 μιμοῦνται
1613 414 1662 450 τὴν
1675 414 1722 440 ἐπὶ
1744 413 1834 440 Ἠλίου

1040 463 1087 490 τοῦ
1108 463 1245 498 προφήτου
1273 462 1422 496 γενομένην
1440 460 1673 496 Θαυματουργίαν,
1698 460 1777 494 κοινῇ
1802 461 1834 494 τῇ

1042 511 1116 544 φωνῇ
1133 509 1179 535 καὶ
1198 508 1402 544 συντεταγμένῃ
1424 507 1500 534 λύσιν
1524 507 1614 538 αὑτοῖς
1630 505 1660 538 ὲξ
1683 506 1837 541 ἀμηχάνων

1041 555 1168 590 γενέσθαι
1192 555 1243 589 τῆς
1267 554 1411 589 συμφορᾶς
1435 553 1623 588 αἰτησάμενοι.
1651 551 1706 578 Καὶ
1733 551 1760 577 οἱ
1787 549 1837 584 μὲν

1041 602 1165 638 ηΰχοντο·
1183 602 1200 637 ὴ
1219 601 1248 628 δὲ
1262 601 1329 636 εὐχὴ
1351 600 1522 635 παραχρῆμα
1538 599 1618 635 ἔργον
1635 598 1752 631 ἐγίνετο.
1774 597 1837 622 Ἔτι

1041 649 1095 684 γὰρ
1111 648 1202 675 αὺιῶν
1219 648 1251 682 τῇ
1270 645 1428 681 γονυκλισίᾳ
1442 645 1731 680 προσκαρτερούντων,
1752 642 1836 669 πνεύ-

1043 703 1108 729 ματι
1130 692 1209 729 βιαίῳ
1230 691 1328 726 νεφέλη
1353 691 1434 717 ποθὲν
1457 688 1666 725 ἁποληφθείσα,
1697 687 1837 723 μετέωρος

1042 741 1111 776 ὑτὲρ
1122 740 1153 766 τὸ
1162 740 1216 766 τῶν
1231 738 1367 774 πολεμίων
1380 736 1560 772 στρατόπεδον
1573 736 1675 762 ἵστατο·
1689 733 1750 761 εἶτα
1763 734 1836 769 βρον-

1041 787 1090 819 τὰς
1113 786 1248 818 ἐξαισίους
1264 785 1490 818 ὲπικτυπὴσασα,
1507 783 1554 809 καὶ
1569 781 1713 817 ἀστραπὰς
1730 780 1837 815 φλογώ-

1041 833 1097 864 δεις
1109 831 1180 859 κατὰ
1194 831 1248 858 τῶν
1269 830 1456 866 ὑποκειμένων
1472 829 1609 863 ἐξάψασα,
1629 828 1837 863 κατερρήγνυεν

202 875 290 910 jcctos
305 876 430 904 incendia
444 877 603 910 immittens,
618 885 716 912 aquam
731 877 891 904 ﬂuminibus
901 877 989 904 abun-

1050 878 1115 914 ὓδωρ
1131 877 1262 912 ποταμῶν
1278 876 1475 911 ἀφθονώτερον·
1491 874 1561 901 ὥστε
1579 875 1635 904 τοῖς
1654 873 1705 908 μὲν
1719 873 1836 899 ὑπεναν-

203 921 356 948 dantiorem
371 922 570 957 praecipitabat,
584 923 652 952 adeo
661 927 691 950 ut
704 923 869 950 adversariis
880 923 989 957 quidem

203 971 262 994 tum
280 968 451 995 continentia
472 968 599 1000 fulmina.
622 974 679 996 tum
704 969 922 997 continuationis
937 970 990 996 im-

204 1012 295 1039 brium
313 1014 354 1040 vis
365 1014 478 1041 extremi
492 1014 569 1041 exitii
583 1022 666 1042 causa
681 1014 899 1046 exsisterenhis
914 1022 990 1046 vero,

203 1058 250 1092 qui
264 1065 373 1093 precum
381 1059 465 1086 aciem
474 1064 669 1094 opposuerunt,
677 1060 710 1087 ad
721 1063 837 1095 utraque
845 1060 991 1092 suﬂiceret.

204 1109 260 1131 tam
280 1105 313 1132 ad
330 1106 479 1133 vincendos
503 1107 596 1134 hostes
612 1114 694 1141 quam
714 1106 747 1133 ad
769 1106 830 1133 sitis
849 1107 990 1138 levamen,

204 1150 306 1183 quippe
318 1148 501 1178 delluentibus
514 1151 683 1178 torrentibus
695 1150 803 1177 abunde
819 1155 911 1185 potum
924 1151 991 1186 ipsis

204 1195 456 1229 suppeditantibus.
488 1195 536 1223 llis
561 1195 643 1230 igitur
667 1195 815 1230 adjunctus
839 1201 881 1223 est
909 1197 992 1222 etiam

204 1244 298 1268 noster
316 1246 405 1269 cmlus
415 1249 521 1273 eorum,
539 1242 585 1277 qui
601 1242 635 1270 de
649 1242 770 1269 exercitu
789 1243 993 1270 narrationibus

206 1287 260 1314 illis
274 1287 357 1314 etiam
375 1288 426 1322 ipsi
439 1288 514 1314 circa
532 1288 611 1315 fidem
626 1288 790 1319 confirmati.
807 1293 835 1315 et
851 1289 877 1315 in
895 1289 992 1315 iisdem

204 1332 304 1359 studiis
322 1337 350 1360 et
369 1333 508 1360 exercitiis
528 1334 653 1360 innutriti
675 1334 701 1360 iu
723 1338 826 1361 tantam
848 1334 933 1361 animi
955 1335 994 1361 in-

203 1378 292 1406 dolem
309 1386 340 1406 ac
356 1379 571 1413 tnaguitudinem
592 1379 678 1406 evecti
695 1384 772 1410 sunt.
787 1384 817 1406 ut
832 1380 992 1407 excellentia

204 1424 317 1462 virtutis
328 1425 459 1452 adversus
473 1433 532 1452 sese
548 1425 677 1451 invidiam
688 1425 881 1453 excitaveriut.
890 1425 992 1458 Quem-

205 1470 352 1498 admodum
373 1471 446 1497 cnim
465 1471 612 1498 didicimus
629 1478 663 1498 ex
680 1471 715 1499 iis
735 1478 797 1506 qum
816 1479 889 1498 nunc
913 1473 992 1499 nobis

152 1542 166 1552 Ἰ
203 1524 237 1544 ex
255 1517 370 1545 historia
391 1516 451 1544 Jobi
473 1517 599 1552 praelecta
623 1520 699 1548 sunt.
720 1518 794 1552 quod
817 1518 992 1546 adversarius

205 1561 332 1588 humana:
346 1563 409 1587 vitre
429 1561 556 1595 injuriam
572 1562 624 1589 sibi
639 1562 697 1589 fieri
717 1567 828 1597 putaret
850 1562 923 1597 quod
942 1562 994 1590 .Iub

204 1608 314 1635 vin-Itis
333 1609 443 1636 nomine
467 1609 584 1636 clarert-t
611 1616 643 1635 ac
669 1609 738 1636 bene
763 1608 882 1640 audiret.
905 1614 933 1636 et
952 1609 993 1635 id-

205 1653 278 1681 clm".
295 1661 358 1681 eum
380 1655 540 1688 deposceret
564 1654 596 1681 ad
613 1660 791 1687 tormentum.
810 1655 884 1689 (μιυά
907 1655 994 1681 oﬂen-

205 1701 283 1726 deret
298 1708 330 1727 ac
345 1701 469 1727 molestia
486 1701 605 1728 aﬂiceret
618 1709 680 1728 eum
695 1701 758 1732 Job.
775 1702 822 1737 qui
841 1710 935 1734 verax,
949 1702 995 1736 ju-

206 1751 267 1774 stus
285 1751 312 1773 et
339 1747 496 1781 inculpatus
521 1752 597 1775 esset
620 1748 737 1775 :eodem
760 1749 840 1775 modo
862 1749 950 1775 hostis
967 1753 994 1775 et

206 1794 317 1819 iuvasor
334 1793 482 1823 bonorum.
494 1794 619 1827 improbo
632 1795 714 1821 oculo
732 1794 798 1821 vidit
813 1802 927 1829 magnos
944 1795 994 1822 hos

206 1839 323 1874 pugiles,
349 1844 376 1867 et
399 1847 452 1866 non
482 1840 547 1866 tulit
572 1840 699 1867 canitiem
722 1848 840 1870 morum.
862 1848 943 1875 quam
967 1842 993 1868 in

205 1883 320 1918 juvenili
334 1887 416 1910 aetate
432 1876 674 1912 animadvertebat.
690 1885 765 1911 Vidit
779 1892 925 1920 corporum
945 1885 994 1913 flo-

206 1937 264 1956 rem
291 1929 460 1956 continentia
489 1934 571 1965 atque
598 1931 747 1958 sobrietate
775 1931 868 1958 ornari
896 1941 902 1958 :
926 1932 995 1959 vidit

207 1980 343 2002 armatum
374 1975 520 2010 quemdam
545 1976 680 2009 chorum,
704 1985 754 2012 per
773 1977 923 2005 exercitum
948 1985 995 2004 eos

207 2020 264 2048 Deo
286 2021 403 2048 choreas
427 2022 571 2053 ducentes,
600 2022 731 2057 pulchras
756 2027 880 2058 aspectu.
906 2023 995 2051 oculis

206 2073 300 2096 torvos
315 2072 342 2096 et
357 2067 507 2099 terribiles,
526 2068 664 2095 excelsum
681 2068 814 2101 animum,
830 2072 858 2096 et
880 2070 994 2104 spiritus

207 2119 396 2145 contmnaces,
411 2113 511 2148 pedum
527 2113 714 2145 vel0citatem,
732 2114 806 2141 vires
819 2115 994 2147 excellentes,

207 2160 427 2189 convenientem.
445 2163 534 2193 aptam
559 2162 587 2186 et
611 2158 783 2186 commodam
810 2159 994 2186 membrorum

207 2204 437 2238 compactionem.
463 2204 490 2230 in
521 2203 659 2235 omnibus,
684 2211 744 2238 qua:
765 2204 832 2238 ipsis
857 2204 993 2236 adessent,

207 2249 361 2276 commodis
381 2248 465 2275 animi
489 2250 616 2276 virtutem
638 2257 688 2276 suo
708 2249 853 2284 splendore
870 2251 995 2285 corporis

208 2295 281 2322 bona
306 2299 491 2329 superantem.
521 2295 673 2322 lnambulat
693 2296 775 2323 etiam
802 2304 851 2331 per
880 2297 942 2324 illos
968 2299 995 2325 in

209 2341 322 2374 invidia,
336 2341 382 2376 qui
403 2349 450 2375 per
466 2341 560 2369 orbem
583 2347 716 2369 terrarqu
735 2343 905 2371 obambulat.
922 2342 996 2370 Vidit

208 2394 264 2414 nor.
285 2395 368 2414 unum
391 2387 527 2413 hominem
548 2394 683 2419 veraeem,
701 2387 747 2414 sed
770 2393 908 2415 catervam
923 2389 995 2416 divi-

209 2441 272 2461 nam
291 2437 331 2460 tot
356 2433 491 2465 virorum,
519 2433 564 2468 qui
588 2441 685 2461 omnes
711 2441 832 2465 veraces,
849 2434 927 2469 justi.
950 2435 996 2462 Dei

208 2480 330 2508 cultores
345 2483 434 2512 erant,
459 2481 582 2515 deposcit
598 2482 678 2508 etiam
703 2481 763 2508 illos
778 2481 810 2507 ad
829 2489 909 2508 suum
925 2481 996 2509 arbi-

209 2527 303 2554 trium.
326 2527 364 2554 Ac
380 2527 498 2561 primum
515 2526 623 2561 quidem
646 2527 708 2554 duci
731 2528 874 2562 copiarum
899 2528 996 2555 insano

1043 924 1120 956 τίοις,
1136 923 1183 950 καὶ
1197 922 1251 949 τῶν
1267 921 1395 957 σκηπτῶν
1407 923 1457 956 τὴν
1473 921 1620 955 συνέχειαν,
1630 920 1677 946 καὶ
1687 919 1718 946 τδ
1735 918 1838 953 πλῆθος

1041 971 1091 1005 τῆς
1107 968 1258 1004 ἐπομϐρίας
1273 967 1358 994 αἴτιον
1380 967 1506 1001 γενέσθαι
1531 965 1678 997 παντελοῦς
1697 964 1838 999 καταφθο-

1044 1016 1103 1050 ρᾶς·
1117 1015 1220 1046 τούτοις
1231 1015 1259 1041 δὲ
1271 1015 1326 1044 τοῖς
1345 1013 1388 1040 διὰ
1403 1013 1456 1039 τῶν
1475 1012 1563 1048 εὐχῶν
1579 1011 1838 1048 παραταξαμένοις.

1044 1061 1133 1088 ἱκανὸν
1153 1061 1220 1096 πρὸς
1235 1060 1376 1095 ἀμφότερα
1392 1058 1534 1092 γενέσθαι,
1553 1058 1622 1093 πρός
1645 1066 1675 1083 τε
1692 1057 1744 1091 τὴν
1759 1056 1839 1091 νίκην

1042 1107 1097 1133 τῶν
1114 1105 1358 1141 ἀντιτεταγμένων,
1378 1106 1425 1132 καὶ
1443 1105 1511 1140 πρὸς
1526 1105 1575 1138 τὴν
1592 1103 1773 1139 παραμυθίαν
1790 1103 1838 1137 τῆς

1043 1152 1185 1187 δίψης,τῆς
1191 1152 1244 1178 τῶν
1251 1151 1405 1187 χειμάρρων
1413 1151 1553 1186 ἀπορροῆς
1560 1149 1684 1184 ἀφθόνως
1693 1150 1789 1180 αὐτοῖς
1795 1148 1839 1175 τὸν

1044 1200 1125 1226 πότον
1133 1198 1314 1233 χορηγούσης.
1325 1197 1435 1228 Τούτοις
1447 1197 1536 1223 τοίνυν
1553 1195 1704 1230 συνετάχθη
1718 1196 1733 1222 ὁ
1743 1194 1838 1230 ἡμέτε-

1045 1253 1091 1280 ρος
1103 1245 1150 1279 τῆς
1163 1246 1291 1279 στρατιᾶς
1301 1243 1390 1278 χορὸς,
1401 1243 1447 1269 ἀπ’
1462 1242 1575 1269 ἐκείνων
1589 1242 1644 1268 τῶν
1658 1242 1840 1276 διηγημάτων

1045 1291 1092 1317 καὶ
1099 1291 1174 1316 αὐτοὶ
1186 1298 1217 1316 πε
1223 1290 1249 1324 ρί
1259 1290 1309 1323 τὴν
1320 1288 1409 1315 πίστιν
1419 1287 1599 1324 κυρωθέντες.
1608 1287 1655 1313 καὶ
1664 1287 1721 1318 τοῖς
1733 1285 1839 1320 ὁμοίοις

1045 1336 1222 1370 ἐντραφέντες
1246 1335 1468 1370 ἐπιτηδεύμασιν,
1493 1335 1534 1365 είς
1558 1333 1684 1359 τοσοῦτον
1720 1332 1839 1367 μεγαλο-

1045 1382 1126 1416 φυτας
1140 1381 1309 1416 ἐπήρθησαν,
1321 1379 1391 1406 ὥστε
1402 1380 1440 1413 τῷ
1454 1379 1574 1414 περιόντι
1588 1379 1636 1414 τῆς
1655 1379 1760 1413 ἀρετῆς
1780 1377 1839 1404 καθ’

1045 1426 1149 1453 ἑαυτῶν
1165 1426 1313 1461 ἀναστῆσαι
1325 1425 1370 1452 τὸν
1383 1425 1489 1459 φθόνον.
1504 1425 1638 1460 Καθάπερ
1652 1425 1707 1459 γὰρ
1724 1425 1772 1450 ἐπὶ
1786 1424 1840 1451 τῶν

1044 1472 1092 1499 νῦν
1105 1471 1369 1505 ὑπαναγνωσθέντων
1383 1471 1448 1506 ἡμῖν
1464 1471 1496 1496 ὲκ
1510 1471 1559 1505 τῆς
1573 1470 1619 1496 τοῦ
1641 1469 1700 1496 ’1ὼὸ
1718 1470 1840 1505 ἱστορίας

1044 1518 1191 1553 ἐμάθομεν,
1204 1518 1244 1544 ὅτι
1260 1517 1379 1552 ἀδίκημα
1395 1516 1491 1543 ἑαυτοῦ
1504 1516 1589 1543 ἐποίει
1601 1517 1615 1543 ὁ
1627 1516 1777 1548 ἀντίπαλος
1790 1518 1840 1550 τῆς

1046 1563 1219 1600 ἀνθρωπίνης
1243 1562 1316 1598 ζωῆς
1339 1563 1388 1598 τὴν
1407 1563 1453 1589 τοῦ
1482 1562 1542 1589 Ίὼῦ
1572 1562 1763 1597 εὐδοκίμησιν,
1793 1563 1839 1588 καὶ

1046 1609 1090 1636 διὰ
1117 1609 1195 1642 τουτο
1217 1608 1336 1644 ἐξῃτεῖτο
1357 1608 1424 1643 πρὸς
1447 1608 1583 1644 αίκισμὸν,
1604 1608 1645 1634 ὅτι
1669 1608 1765 1634 sto-.3;
1792 1608 1840 1634 αὑ-

1046 1656 1091 1682 τὸν
1105 1657 1119 1682 ὁ
1141 1654 1211 1686 Ἰὼϐ,
1230 1654 1355 1690 ἀληθινὸς
1372 1656 1418 1681 καὶ
1431 1655 1533 1685 δίκαιος
1556 1655 1604 1680 καὶ
1627 1654 1775 1689 ἄμεμπτος
1790 1653 1839 1679 ὢν·

1046 1701 1092 1728 τὸν
1106 1701 1186 1728 αὑτὸν
1205 1701 1305 1736 τρόπον
1327 1698 1380 1727 εἶδε
1403 1700 1513 1736 πονηρῷ
1532 1700 1572 1736 τῷ
1591 1700 1724 1734 ὀφθαλμῷ
1747 1700 1762 1725 ὁ
1784 1700 1840 1730 τοῖς

1051 1748 1163 1782 ἀγαθοῖς
1178 1747 1359 1782 ἐπιφυόμενος
1375 1747 1436 1778 τοὺς
1467 1746 1600 1781 μεγάλους
1614 1746 1726 1777 τούτους
1739 1747 1839 1780 ἀγωνί-

1048 1793 1126 1824 στὰς,
1137 1793 1184 1820 καὶ
1195 1794 1245 1819 οὐκ
1258 1794 1355 1828 ἤνεγκε
1373 1791 1468 1818 πολιὰν
1476 1791 1550 1826 ὴθῶν
1564 1792 1592 1817 ἐν
1606 1791 1716 1826 ἡλικίας
1733 1791 1840 1825 νεότητι

1049 1839 1163 1875 βλέπων.
1178 1836 1239 1865 Είδε
1255 1839 1387 1871 σωμάτιον
1400 1837 1490 1869 ἄνθος,
1506 1838 1534 1864 ὲν
1545 1837 1706 1872 σωφροσύνῃ
1722 1836 1838 1871 κοσμού-

1050 1893 1139 1921 μενον·
1153 1882 1223 1911 εἶδεν
1235 1884 1357 1910 ἐνόπλιόν
1367 1892 1427 1910 τινα
1437 1884 1627 1919 χοροστασίαν,
1637 1883 1683 1909 διὰ
1696 1884 1746 1918 τῆς
1760 1891 1838 1917 στρα-

1047 1931 1108 1961 τιᾶς
1128 1930 1227 1961 αὐτοὺς
1242 1929 1281 1964 τῷ
1295 1929 1354 1964 Θεῷ
1368 1928 1540 1963 χορεύοντας,
1557 1928 1658 1959 καλοὺς
1685 1925 1853 1963 προσιδεῖν,¹

1049 1975 1195 2011 βλοσυροὺς
1211 1975 1241 2001 τὸ
1255 1975 1343 2010 ὄμμα,
1356 1974 1474 2010 γαὺρους
1488 1973 1518 2000 τὸ
1533 1975 1671 2009 φρόνημα,
1689 1973 1775 2008 τάχος
1790 1981 1840 1999 πο.

1047 2022 1110 2054 δῶν,
1127 2022 1284 2056 περιουσίαν
1306 2021 1465 2056 δυνάμεως,
1491 2020 1661 2055 συμμετρίαν
1682 2019 1784 2054 μελῶν,
1812 2020 1840 2045 ὲν

1048 2069 1114 2094 πᾶσι
1139 2069 1195 2099 τοῖς
1220 2067 1365 2103 προσ-οὖσιν
1390 2067 1480 2098 αὐτοῖς
1505 2067 1696 2101 προτερήμασι
1721 2066 1771 2100 τὴν
1792 2066 1840 2101 τῆς

1047 2114 1135 2149 ψυχῆς
1147 2114 1247 2148 ἀρετὴν
1263 2113 1312 2148 τῆς
1324 2113 1482 2148 σωματικῆς
1500 2112 1646 2147 εὐκληρίας
1661 2111 1840 2147 ὑπεραστρά-

1048 2168 1177 2186 πτουσαν.
1199 2159 1398 2194 Ἑμπεριπατεί
1412 2159 1459 2185 καὶ
1471 2158 1504 2184 δι’
1520 2158 1631 2185 ἐκείνων
1648 2157 1688 2193 τῷ
1704 2158 1810 2193 φθόνῳ,
1827 2158 1840 2184 6

1048 2204 1244 2241 ἐμπεριπατῶν
1259 2204 1308 2238 τὴν
1323 2204 1497 2239 οἰκουμένην.
1518 2201 1593 2230 Εἶδεν
1609 2204 1658 2238 οὐχ
1674 2203 1724 2230 ἕνα
1739 2203 1839 2238 ἄνθρω-

1049 2260 1098 2277 πον
1113 2249 1249 2285 ἀληθινὸν,
1265 2249 1333 2275 ἀλλὰ.
1348 2249 1475 2284 σύστημα
1493 2249 1563 2275 οεῖον
1576 2248 1711 2275 τοσούτων
1732 2248 1839 2284 ἀνθρώ-

1044 2304 1114 2327 πων,
1129 2296 1238 2322 πάντων
1255 2295 1399 2330 ἀληθινῶν,
1413 2295 1536 2324 δικαίων,
1552 2293 1700 2320 θεοσεῧῶν·
1723 2293 1838 2326 ἐξαιτεῖ-

1043 2351 1088 2368 ται
1107 2341 1250 2372 κάκείνους
1264 2342 1304 2372 είς
1319 2341 1349 2367 τὸ
1364 2340 1428 2367 ῐδιον
1443 2340 1576 2376 βούλημα.
1593 2340 1648 2366 Καὶ
1665 2340 1775 2374 πρῶτον
1791 2339 1838 2374 μὲν

1044 2388 1268 2424 είδωλομανοῦντι
1290 2387 1329 2422 τῷ
1347 2388 1398 2422 τῆς
1415 2387 1544 2422 στρατιᾶς
1561 2386 1672 2420 ἄρχοντι
1687 2385 1838 2419 σὺμσουλος

1044 2435 1163 2469 γίνεται,
1180 2434 1217 2469 μὴ
1234 2434 1266 2460 ἂν
1283 2434 1370 2464 ἄλλως
1386 2433 1533 2468 ὑπερσχεῖν
1546 2432 1595 2466 τῆς
1614 2431 1686 2458 κατὰ
1706 2432 1762 2457 τῶν
1779 2431 1838 2466 βαρ-

1049 2481 1140 2516 6ἀρων
1152 2481 1238 2515 νίκης,
1255 2481 1278 2507 εἰ
1294 2480 1330 2516 μὴ
1341 2480 1403 2511 τοὺς
1416 2479 1447 2505 τὸ
1462 2479 1547 2513 ὄνομα
1559 2477 1605 2504 τοῦ
1620 2477 1743 2513 Χριστοῦ
1760 2486 1838 2512 προσ-

1049 2526 1196 2558 κυνοῦντας
1215 2526 1390 2562 προθύσαιτο.

209 2573 421 2600 simulacrorum
444 2572 529 2600 cultui
563 2572 656 2600 dedito
686 2573 853 2608 persuadere
877 2578 1011 2605 conatur,
1039 2580 1094 2599 non
1123 2572 1203 2599 aliter
1223 2579 1286 2599 eum
1316 2571 1350 2599 de
1383 2570 1509 2598 barbaris
1540 2569 1655 2596 victoria
1687 2570 1838 2604 potiturqu

209 2628 280 2653 esse,
301 2620 354 2648 nisi
371 2621 450 2656 prius
465 2625 597 2648 mactaret
619 2628 666 2648 eos
688 2621 735 2656 qui
756 2620 859 2648 Christi
883 2628 980 2648 nomen
1002 2620 1160 2648 adorarent.

245 2665 294 2693 His
309 2671 399 2693 autem
416 2670 526 2702 propter
538 2666 674 2702 egregiam
687 2666 889 2693 confessionem
902 2675 999 2701 quam-

210 2713 328 2747 primum
349 2713 511 2748 designatis,
544 2717 571 2740 et
588 2713 660 2740 ultro
681 2712 714 2740 ad
734 2714 998 2741 consulunmtionem

211 2758 348 2792 passionis
373 2759 605 2793 confugientibus,
630 2759 722 2786 statim
744 2767 791 2787 eos
806 2759 896 2795 gladio
913 2760 999 2788 inter-

210 2803 401 2839 licere(unasi
430 2805 495 2831 mite
519 2805 657 2839 quoddam
687 2814 718 2833 ac
738 2806 884 2841 benignum
912 2814 998 2841 genus

212 2850 306 2878 mortis
328 2851 351 2878 id
378 2851 466 2883 esset)
485 2851 612 2879 inuuiuus
639 2853 786 2883 recusavit.
813 2853 858 2880 sed
883 2853 999 2880 \inculis

1091 2664 1315 2700 Ἀναδειχθέντων
1323 2665 1351 2691 δὲ
1366 2665 1468 2691 τούτων
1479 2664 1517 2696 ὡς
1526 2663 1640 2699 τάχιστα
1656 2663 1701 2690 διὰ
1715 2664 1767 2699 τῆς
1781 2665 1837 2698 ἀγα.

1049 2711 1097 2747 θῆς
1113 2711 1267 2747 ὁμολογίας,
1285 2712 1332 2738 καὶ
1348 2711 1568 2746 αὐτομολούντων
1585 2709 1652 2746 πρὸς
1668 2709 1721 2744 τὴν
1733 2710 1780 2736 διὰ
1795 2709 1838 2736 τοῦ

1048 2759 1150 2789 πάθους
1167 2758 1316 2791 τελείωσιν,
1340 2757 1370 2784 τὸ
1389 2757 1438 2792 μὲν
1460 2757 1541 2788 εὐθὺς
1559 2757 1710 2790 ἐπαγαγεῖν
1732 2755 1780 2783 τὸν
1799 2755 1838 2782 διὰ

1048 2803 1094 2830 τοῦ
1117 2803 1208 2838 ξίφους
1232 2803 1347 2831 θάνατον
1362 2803 1411 2838 (ὥς
1432 2811 1459 2829 τι
1478 2801 1678 2837 φιλάνθρωπον)
1695 2802 1710 2828 ὁ
1730 2802 1838 2837 Ἐχθρὸς

1050 2854 1236 2886 παρῃτήσατο,
1254 2852 1363 2886 δεσμοῖς
1377 2851 1404 2877 δὲ
1424 2852 1477 2883 τοῖς
1493 2851 1524 2876 ἐκ
1539 2850 1645 2884 σιδήρου
1660 2850 1837 2880 uta-stin;
