1912 3082
82 76 147 108 761

644 87 678 115 1N
697 88 743 122 QU
753 81 948 118 suaAGIN‘TA
968 90 1172 120 mammas.

1672 96 1727 126 762

76 139 197 176 ταύτην
211 142 327 169 ἐποιεῖτο
339 143 388 179 τὴν
403 145 453 180 τῆς
465 147 598 182 τιμωρίαις
619 149 716 183 ἀρχήν.
732 150 754 175 Τ
756 151 794 181 οἶς
807 150 834 176 δὲ

80 185 147 201 Ι..-
166 188 353 201 ....\A:._.x,
370 191 484 201 μων-χι
650 195 656 201 ε
675 194 701 201 ι..
796 196 803 201 .

934 150 1030 201 terreis
1045 150 1186 200 amigens,‘
1196 151 1407 201 hinc.snpplicii
1428 154 1539 182 initium
1555 154 1629 186 fecit.
1643 157 1678 184 At
1693 158 1721 184 il-

77 185 150 221 ἄρα
166 188 214 214 καὶ
226 189 240 214 ό
254 189 353 224 δεσμὸς
368 191 594 228 ὲχκαλλὼπισμα,
614 195 661 220 καὶ
674 194 762 230 θέαμα
778 185 882 230 γλαφυ-

81 231 141 265 ρὸν
164 233 211 259 καὶ
233 233 281 269 ἡδὺ
298 235 470 269 Χριστιανῶν
485 237 652 273 ὀφθαλμοῖς,
671 240 766 276 νεότης
782 240 884 273 ἐξειλει

77 278 182 324 γμὲνη
204 279 314 315 ἀριθμῷ
330 281 465 317 τοσούτῳ,
487 284 580 311 κάλλει
599 284 767 322 διαπρεπὴς,
790 287 884 324 ἡλικίᾳ

78 323 164 360 ὑπὲρ
179 325 240 358 τοὺς
253 327 358 359 ἄλλους,
375 329 475 361 πάντες
490 331 560 357 κατὰ
574 331 672 359 ταύτὸν
686 333 744 368 μετ’
760 323 882 370 ἀλλήλων

76 370 130 405 τῷ
142 371 234 407 δεσμῷ
244 381 308 408 συνη
314 374 454 408 ρμόζοντο,
466 375 560 413 ὥσπερ
569 386 610 409 τις
621 378 753 414 στέφανος
766 379 782 416 ἢ
798 381 882 416 ὅρμος

79 418 281 453 περιαυχένιος
297 419 465 455 ἰσομεγέθεις
479 424 650 459 μαργαρίτας
667 426 696 451 ὲν
712 426 805 461 κύκλῳ
818 427 882 454 διει-

77 463 247 500 λημμένους
265 466 344 502 ἔχωνυ
370 468 485 496 τοιοῦτοι
512 468 582 506 ἦσαν
604 472 629 498 οἱ
653 472 743 506 ἅγιοι,
771 474 817 500 καὶ
837 474 881 502 διὰ

79 510 211 544 πίστεως
234 513 385 548 ἡνωμένοι,
409 516 455 542 καὶ
478 516 522 543 διὰ
541 517 595 544 τῶν
611 518 719 554 δεσμῶν
743 521 812 556 πρὸς
833 521 881 549 ἁλ-

77 557 189 593 λὴλους
217 560 403 595 σφιγγόμενοι.
428 561 524 595 ὀντες
548 564 602 599 γὰρ
621 565 668 592 καὶ
697 566 758 593 καθ’
784 567 881 596 ἑαυτὸν

77 605 205 637 ἕκαστος
219 606 310 639 καλοὶ,
331 609 473 646 προσθήκη
494 610 540 637 τοῦ
558 612 673 644 κάλλους
690 613 814 648 ἀλλήλοις
827 616 881 650 ἐγί-

76 660 175 679 νοντο.
193 651 254 680 Οἷον
267 655 313 681 ἐπὶ
328 655 382 682 τῶν
401 656 534 693 οὐρανίων
553 659 697 694 συμϐαίνει
720 660 879 697 θαυμάτων,

77 697 155 725 ὅταν
182 699 216 725 δι’
249 700 358 736 αἰθρίας
395 703 442 728 καὶ
473 703 598 739 καθαρᾶς
629 701 729 740 ἡ’τῶν
757 706 879 742 ἀστέρων

77 745 170 780 χάρις
184 745 217 772 δι’
236 745 358 780 ἀλλήλων
379 748 549 784 ποικίλληται
559 770 566 782 ,
584 750 698 777 ἑκάστου
710 751 760 787 τὴν
775 752 878 780 οἰκείαν

76 792 185 827 αἴγλην
207 793 247 824 είς
274 793 319 819 τὸν
342 794 430 821 κοινὸν
445 795 547 830 κόσμον
569 796 615 823 τοῦ
639 797 753 832 οὐρανοῦ
776 807 878 826 συνεισ-

74 837 226 872 φέροντος.
241 839 365 867 Τοιοῦτον
380 837 414 876 ἦν
429 841 482 867 τῶν
499 842 583 875 ἁγίων
610 843 640 869 τὺ
656 843 746 880 Οέαμα
756 865 764 878 ,
780 845 875 878 ὅντως,

75 883 180 915 καθώς
218 885 284 920 φησί
317 894 368 912 που
401 886 530 923 Ἰεζεκιὴλ
551 890 566 915 ὁ
588 889 749 925 προφήτης,
782 891 878 926 ὅρασις

74 928 237 964 λαμπάδων
264 932 499 968 συστρεφομένων.
540 935 741 972 Ἐμφιλοχωρεί
763 938 778 963 ὁ
799 936 878 972 λόγος

73 974 124 1008 τῷ
145 975 238 1002 κάλλει
263 977 312 1012 τῆς
335 977 419 1013 ὧρας.
441 976 519 1005 Οἶδεν
538 979 609 1015 γὰρ,
633 981 726 1015 καθὼς
754 983 771 1018 ή
790 983 877 1017 Σοφία

75 1020 180 1054 φησὶν,
193 1021 226 1046 ὲκ
249 1021 380 1055 μεγέθους
398 1023 444 1050 καὶ
471 1024 602 1060 καλλονῆς
614 1027 771 1061 κτισμάτων
785 1029 831 1054 καὶ
845 1029 877 1055 τὸ

76 1066 112 1091 ἐν
142 1067 256 1102 κρυπτῷ
284 1067 381 1099 κάλλος
404 1069 626 1104 ἀναλογίζεσθαι,
655 1072 747 1108 ἐπειδὴ
776 1074 824 1100 καὶ
859 1075 875 1110 ή

75 1114 134 1147 τῆς
157 1114 248 1149 ψυχῆς
269 1115 424 1150 καθαρότης
449 1115 492 1142 διὰ
511 1116 558 1142 τοῦ
583 1118 746 1153 φαινομένου
764 1119 876 1156 διέλαμ-

76 1168 131 1192 πε,
159 1162 206 1187 καὶ
227 1161 241 1187 ό
261 1161 421 1196 φαινόμενος
439 1161 580 1198 ἄνθρωπος
597 1163 671 1197 ἄξιον
688 1162 722 1200 ἦν
739 1165 787 1192 τοῦ
808 1167 875 1201 ἁφα-

76 1207 147 1239 νοῦς
176 1208 340 1244 οἰκητήριον.
376 1208 421 1240 Ὡς
448 1209 528 1235 καλὸν
555 1210 645 1236 τοίνυν
677 1207 711 1245 ἦν
734 1211 794 1237 τότε
819 1213 876 1244 τοῖς

75 1253 170 1289 ὁρῶσι
193 1254 224 1280 τὸ
247 1254 350 1290 Θέαμαῐ
377 1254 458 1281 καλὸν
478 1255 550 1289 λέγω
582 1257 640 1287 τοῖς
664 1257 699 1283 τὰ
724 1257 794 1284 καλὰ
818 1258 876 1293 βλέ-

77 1309 147 1328 πειν
161 1299 291 1333 ἐθέλουσι,
311 1301 392 1327 καλὸν
417 1301 551 1335 ἀγγέλοις,
581 1302 662 1329 καλδν
680 1304 740 1334 ταῖς
760 1304 876 1340 ὑπερκο-

78 1346 180 1381 σμίαις
194 1346 332 1382 δυνάμεσι·
348 1347 444 1382 πικρὸν
460 1347 487 1374 δὲ
502 1349 558 1379 τοῖς
572 1348 696 1384 δαίμοσι,
712 1350 758 1376 καὶ
772 1351 828 1377 ὅσοι
841 1351 874 1378 τὰ

76 1391 138 1418 τῶν
157 1392 291 1427 δαιμόνων
313 1393 464 1427 ἠσπάζοντο
474 1414 481 1425 ,
496 1394 635 1429 ἄνθρωποι
659 1396 754 1431 (εἴπερ
768 1396 874 1432 ἀνθρω-

76 1445 140 1469 ποι,
151 1439 174 1464 οἰ
184 1438 309 1464 τοσοῦτον
319 1439 497 1474 ἀνεστηκότες
504 1439 541 1474 τῷ
553 1441 652 1474 μεγαλε
657 1440 687 1476 ίῳ
695 1442 743 1477 τῆς
751 1442 872 1477 φύσεως)

79 1483 250 1518 στρατιῶται
260 1483 306 1509 τοῦ
321 1484 451 1519 Χριστοῦ,
467 1484 513 1510 τοῦ
532 1486 611 1519 ἁγίου
626 1486 783 1520 Πνεύματος
797 1488 872 1514 όπλϊ-

77 1538 138 1562 ται,
151 1530 201 1564 τῆς
211 1529 327 1562 πίστεως
341 1531 488 1566 πρόμαχοι,
501 1531 600 1567 πύργοι
610 1533 660 1567 τῆς
672 1532 746 1565 θείας
759 1533 872 1565 πόλεως·

77 1576 104 1602 οἳ
125 1577 215 1602 πᾶσαν
238 1576 374 1611 αίκισμῶν
389 1579 534 1613 τιμωρίαν,
557 1579 647 1605 πᾶσαν
662 1579 751 1613 φόϐων
772 1580 874 1613 ἐπανὰ-

79 1631 190 1653 στασιν,
205 1623 293 1649 πᾶσαν
315 1623 430 1658 ἀπειλῆς
446 1624 610 1661 προσϐολὴν.
625 1625 663 1657 ὥς
680 1634 743 1652 τινα
760 1627 874 1653 παιδίων

76 1669 175 1696 ἄνοιαν
188 1668 398 1703 κατεχλεύαζον·
423 1669 549 1705 καθάπερ
560 1671 621 1705 οὐχὶ
633 1671 667 1697 τὰ
681 1670 796 1706 σώματα
815 1673 874 1703 ταῖς

76 1714 324 1746 αἱκίαιςὲκδόντες,
332 1715 398 1742 ἀλλὰ
406 1716 454 1747 τὰς
461 1716 515 1749 τῷν
524 1717 657 1752 σωμάτων
667 1718 783 1749 σκιάςυοῖ
793 1718 874 1753 σαρκὶ

76 1761 131 1796 τὴν
144 1761 234 1796 σάρκα
246 1761 509 1795 καταπαλαίσαντες,
523 1763 570 1789 καὶ
580 1764 612 1798 τῇ
623 1763 689 1798 πρὸς
697 1763 743 1789 τὸν
760 1763 874 1790 Θάνατον

77 1806 219 1842 ὑπεροψίᾳ
240 1808 349 1834 πάντων
369 1807 423 1834 τῶν
437 1808 607 1843 τυραννικῶν
623 1808 714 1843 φόϐων
734 1809 873 1844 ὑπερφρο-

77 1854 224 1888 νήσαντες,
239 1853 398 1889 ὑψηλότεροι
413 1854 467 1881 τῶν
483 1854 661 1890 ἀνθρωπίνων
682 1855 790 1891 μέτρων
805 1856 873 1882 ἐδεί-

77 1898 198 1934 χθησαν.
213 1900 244 1925 Ὢ
268 1899 358 1931 καλῶς
374 1901 430 1931 τοῖς
454 1901 618 1934 σωματικοῖς
637 1900 777 1936 τροπαίοις
791 1903 874 1935 ὲμμε-

76 1944 263 1978 λετήσαντεςί
285 1945 317 1971 Ὢ
341 1945 431 1977 καλῶς
449 1945 657 1980 μετενεγκόντες
671 1946 721 1981 τὴν
735 1946 782 1972 τοῦ
798 1947 874 1973 πολε-

79 1991 145 2025 μεῖν
159 1991 302 2025 ἐμπειρίαν
315 1992 355 2023 at;
368 1991 417 2026 τὴν
428 1991 498 2018 κατὰ
509 1991 556 2017 τοῦ
569 1991 693 2017 διαϐόλου
706 1991 868 2027 παράταξιν·

76 2037 109 2062 οὐ
126 2036 198 2070 ξίφει
222 2037 269 2068 τὰς
294 2038 387 2072 χεῖρας
409 2037 587 2068 ὁπλίσαντες,
614 2037 674 2063 οὐδὲ
703 2037 748 2063 τὸν
769 2039 801 2064 ὲκ
823 2037 871 2064 τοῦ

79 2082 162 2115 ξύλου
176 2082 270 2118 θυρεὸν
291 2083 504 2119 προϐαλλόμενοι
514 2103 522 2114 ,
538 2083 598 2110 οὐδὲ
618 2083 704 2118 χαλκῇ
720 2091 872 2119 περικεφα-

77 2128 162 2164 lata.
187 2129 233 2155 καὶ
254 2130 369 2164 κνήμεσι
391 2130 642 2165 περιφραξάμενοι,
664 2130 733 2156 ἀλλὰ
753 2130 803 2165 τὴν
823 2129 870 2156 τοῦ

935 192 969 219 lis
982 200 1048 220 sane
1064 194 1146 220 etiam
1164 192 1273 223 vincula
1284 202 1447 226 ornamento
1459 204 1550 231 erant,
1567 205 1594 228 et
1612 202 1727 237 elegans

934 242 1016 273 atque
1027 239 1180 273 jucundum
1195 240 1415 270 Christianorum
1430 246 1519 273 oculis
1533 248 1723 281 spectaculum

931 283 1061 319 juventus
1076 286 1163 313 electa
1177 286 1205 313 in
1223 291 1300 315 tanto
1316 297 1442 321 numero,
1458 291 1663 326 pulchritudine
1680 294 1726 321 in-

933 330 1030 364 signis,
1045 335 1125 359 aetate
1138 332 1243 360 cteteris
1258 338 1405 369 praestans,
1417 344 1513 365 omnes
1527 338 1609 366 simul
1628 339 1724 367 eodem

933 376 1006 404 inter
1023 385 1052 404 se
1065 385 1136 405 nexu
1152 378 1364 415 copulabantur,
1379 382 1460 409 veluti
1480 391 1582 411 corona
1598 385 1723 419 quaedam

932 427 982 450 aut
1001 428 1113 459 torques
1127 430 1153 452 et
1173 427 1272 454 monile
1292 427 1396 455 circum
1413 429 1513 457 collum
1535 432 1724 465 magnitudine

932 471 1046 506 paribus
1062 472 1181 507 undique
1206 475 1363 509 margaritis
1385 475 1499 510 digestis
1526 481 1608 512 atque
1623 479 1723 506 distin-

931 516 984 544 ctis
1010 517 1135 553 insigne:
1154 519 1222 547 tales
1245 525 1326 547 erant
1345 523 1445 555 sancti,
1469 524 1515 557 qui
1532 528 1559 551 et
1573 532 1623 559 per
1641 524 1722 552 ﬁdem

932 562 1013 595 uniti,
1030 567 1057 590 et
1071 571 1120 598 per
1134 564 1242 592 vincula
1256 567 1329 594 inter
1341 575 1371 595 se
1385 569 1530 596 constricti
1544 574 1633 597 erant.
1652 570 1721 597 Cum

931 609 1003 636 enim
1024 610 1215 646 unusquisque
1229 619 1278 646 per
1294 619 1324 640 se
1345 613 1452 648 pulchri
1475 619 1580 648 essent,
1597 617 1724 644 accossio

931 658 1014 690 atque
1047 655 1248 684 incrementum
1290 659 1504 693 pulchritudinis
1545 661 1614 689 alter
1642 662 1721 690 alteri

928 704 1018 727 erant.
1035 699 1121 733 Quale
1135 702 1164 728 in
1179 701 1342 730 cmlestibus
1367 704 1469 732 accidit
1487 706 1638 737 miraculis,
1657 714 1720 734 cum

930 753 1028 774 serena
1054 754 1086 775 ac
1115 755 1184 782 pura
1209 753 1290 777 nocte
1311 750 1452 777 stellarum
1477 752 1561 779 decor
1587 753 1657 779 alius
1674 761 1721 788 per

929 792 1013 819 alium
1032 793 1213 829 distinguitur
1235 799 1263 823 et
1286 801 1413 828 ornatur,
1445 805 1609 833 unaquaque
1625 806 1719 826 earum

929 848 1009 867 suum
1035 841 1209 876 splendorem
1239 841 1274 869 ad
1296 849 1471 871 communem
1499 848 1626 872 ornatum
1656 845 1721 873 (ιωιί

929 886 1011 914 simul
1026 887 1218 915 contribuente
1233 897 1240 915 :
1259 889 1314 916 tale
1327 893 1386 916 erat
1400 894 1558 917 sanctorum
1575 896 1720 925 spectacu-

928 930 995 964 lum.
1019 939 1094 963 vere.
1118 936 1148 959 ut
1175 933 1277 960 alicubi
1301 933 1392 969 inquit
1406 934 1531 962 Ezechiel
1555 936 1684 970 propheta
1696 935 1718 968 ',

927 976 998 1004 visio
1018 977 1176 1012 lampadum
1195 978 1423 1007 discurrentium.
1438 979 1578 1008 Lubenter
1601 981 1720 1016 pulchr;-

928 1023 1017 1050 tudini
1043 1024 1138 1051 l'orma-
1164 1028 1191 1051 et
1216 1025 1306 1052 aetatis
1332 1026 1421 1053 oratio
1450 1026 1623 1053 immoratur.
1645 1027 1721 1054 Solet

926 1069 1012 1100 enim.
1040 1074 1070 1096 ut
1095 1070 1184 1105 inquit
1207 1071 1348 1106 Sapientia
1360 1072 1380 1103 ⁸,
1401 1080 1434 1100 ex
1455 1073 1643 1107 magnitudine
1657 1073 1719 1107 pul-

927 1115 1094 1143 chritudinis
1122 1120 1312 1144 creaturarum
1337 1117 1420 1145 etiam
1435 1125 1468 1145 ea
1486 1125 1546 1153 quae
1561 1122 1604 1146 est
1630 1119 1657 1146 in
1674 1126 1721 1145 oc-

928 1160 1014 1193 culto,
1041 1161 1217 1196 pulchritudo
1242 1164 1384 1196 aestimari,
1414 1164 1544 1198 quoniam
1570 1167 1597 1191 et
1635 1164 1719 1191 animi

926 1208 1034 1242 puritas
1050 1215 1098 1242 per
1121 1208 1147 1235 id
1164 1209 1236 1243 quod
1256 1209 1416 1243 apparebat,
1432 1209 1626 1237 elucescebat:
1649 1215 1677 1237 et
1695 1211 1719 1237 is

925 1254 973 1288 qui
986 1254 1134 1288 apparebat
1150 1254 1242 1287 homo,
1261 1255 1374 1290 dignum
1392 1256 1562 1283 domicilium
1585 1261 1644 1284 erat
1658 1257 1720 1292 ejus

925 1300 972 1335 qui
995 1301 1106 1332 latebat,
1131 1305 1158 1327 et
1181 1301 1271 1328 visum
1295 1301 1452 1336 effugiebat.
1471 1301 1556 1334 Quam
1575 1302 1720 1336 pulchrum

925 1347 1007 1380 igitur
1015 1350 1081 1373 tunc
1090 1347 1264 1375 intuentibus
1271 1352 1331 1375 erat
1338 1349 1526 1382 spectaculum
1538 1348 1549 1374 ?
1559 1348 1716 1383 pulchrum,

925 1393 1045 1428 inquam,
1061 1393 1096 1420 iis
1119 1394 1166 1428 qui
1183 1394 1295 1428 pulchra
1323 1399 1407 1428 atque
1432 1394 1565 1428 praeclara
1591 1395 1718 1422 contueri

925 1441 1032 1472 voluut,
1049 1440 1195 1474 pulchrum
1211 1440 1326 1474 angelis.
1353 1439 1497 1474 pulchrum
1517 1439 1719 1474 supramunda-

926 1485 970 1513 nis
986 1486 1150 1518 virtutibus;
1168 1486 1298 1513 acerbum
1315 1494 1379 1513 vero
1399 1486 1578 1518 diamonihus,
1598 1490 1624 1514 et
1635 1490 1718 1521 quot-

926 1535 992 1566 quot
1016 1532 1172 1558 daemonum
1196 1532 1299 1559 cultum
1315 1533 1564 1566 amplectebantur,
1592 1532 1717 1560 homines

926 1578 964 1613 (si
985 1578 1066 1605 modo
1090 1578 1216 1606 homines
1232 1578 1352 1609 dicendi.
1367 1578 1413 1612 qui
1428 1582 1504 1605 tanta
1527 1578 1718 1613 magnitudine

926 1624 1027 1651 indolis
1051 1624 1266 1656 excelluerunt),
1290 1624 1390 1651 milites
1408 1623 1523 1653 Christi.
1544 1624 1633 1652 sancti
1655 1624 1719 1659 Spi-

925 1670 994 1696 ritus
1022 1669 1161 1704 armigeri.
1194 1669 1254 1697 (idei
1281 1669 1465 1704 antesignani,
1501 1675 1590 1697 turres
1617 1670 1718 1697 divinae

924 1715 1056 1746 civitatis.
1079 1715 1124 1750 qui
1145 1723 1254 1742 omnem
1279 1719 1481 1742 tormentorum
1505 1723 1614 1750 poenam
1635 1719 1718 1750 atque

924 1761 1131 1794 contumeliam,
1155 1769 1252 1789 omnes
1274 1766 1394 1789 terrores
1419 1761 1589 1795 ingruentes,
1607 1769 1717 1789 omnem

924 1809 1059 1836 minarum
1078 1808 1142 1842 vim,
1157 1813 1286 1843 tanquam
1307 1808 1438 1842 puerilem
1459 1808 1603 1843 quamdam
1623 1815 1718 1834 amen-

924 1855 989 1882 tiam
1003 1854 1174 1882 deridebant.
1204 1854 1319 1881 Perinde
1333 1861 1367 1881 ac
1390 1854 1413 1882 si
1430 1861 1483 1881 non
1498 1861 1614 1888 corpora
1624 1853 1718 1881 verbe-

924 1901 1004 1929 ribus
1020 1901 1184 1937 praebcrent,
1200 1899 1247 1928 sed
1264 1907 1412 1935 corporum
1434 1900 1565 1927 umbras:
1590 1899 1638 1935 qui
1654 1906 1716 1927 cum

924 1955 1008 1975 carne
1022 1953 1133 1974 carnem
1156 1945 1335 1977 devicissent,
1359 1949 1386 1972 et
1400 1949 1587 1979 contemptum
1608 1945 1715 1977 mortis,

924 2001 1020 2021 omnes
1048 1997 1229 2028 tyrannorum
1263 1996 1384 2018 terrores
1414 1991 1603 2025 magnitudine
1632 1991 1715 2018 animi

923 2044 1112 2075 superassent,
1140 2039 1259 2066 humana
1294 2038 1452 2066 conditione
1479 2039 1637 2072 superiores
1662 2036 1715 2064 visi

923 2090 997 2113 sunt.
1013 2084 1036 2113 Ο
1050 2085 1096 2120 qui
1113 2085 1246 2120 praeclare
1263 2084 1404 2111 exercitati
1427 2088 1501 2116 sunt,
1524 2083 1571 2118 qui
1588 2083 1715 2117 peritiam

924 2131 1042 2159 bellandi
1072 2131 1100 2158 in
1121 2131 1207 2158 aciem
1234 2130 1367 2157 adversus
1388 2130 1527 2157 diabolum
1553 2130 1714 2156 instructam

77 2173 149 2200 Θεοῦ
163 2173 313 2200 πανοπλίαν
333 2174 512 2205 ἀναλαϐόντες
522 2195 529 2206 ,
548 2174 581 2209 ἢν
596 2174 740 2209 διαγράφει
757 2175 771 2200 ὸ
787 2183 869 2209 στρα-

927 2175 1140 2203 Lranstulerunt!
1166 2182 1219 2201 non
1235 2174 1325 2209 gladio
1340 2181 1438 2201 manus
1458 2179 1607 2206 armantes.
1626 2182 1716 2209 neque

77 2218 165 2254 τηγὸς
179 2219 229 2253 τῆς
255 2219 426 2254 Ἑκκλησίας,
450 2220 464 2245 ὁ
483 2219 554 2251 θεῖος
577 2220 748 2252 Ἀπόστολος,
762 2219 869 2254 θυρεὸν,

79 2264 131 2290 καλ.
141 2264 262 2300 θώρακα,
275 2266 321 2291 καὶ
333 2265 606 2301 περικεφαλαίαν,καὶ
622 2265 769 2300 μάχαιραιν
781 2265 868 2296 οὕτως

79 2309 203 2346 ἐχώρουν
222 2311 292 2337 κατὰ
312 2311 361 2346 τῆς
376 2311 500 2341 ἐναντίας
516 2311 667 2345 δυνάμεως.
692 2311 869 2347 Ἐστρατήγει

79 2356 109 2382 δὲ
126 2355 228 2382 τούτων
244 2357 291 2391 μὲν
306 2358 322 2392 ὴ
336 2357 448 2392 οὐρανία
463 2358 552 2392 χάρις·
572 2358 620 2392 τῆς
637 2357 666 2384 δὲ
682 2357 730 2384 τοῦ
746 2357 869 2384 διαϐόλου

81 2401 274 2437 παρατάξεως,
290 2401 303 2426 ό
314 2401 382 2436 ἔχων
393 2401 439 2427 τοῦ
453 2402 567 2428 θανάτου
577 2402 607 2428 τὸ
617 2402 726 2437 κράτος.
742 2402 829 2434 Τόπος
842 2402 870 2428 δὲ

79 2449 132 2483 τῆς
146 2448 324 2483 παρατάξεσος
338 2448 439 2480 αὐτοῖς,
454 2448 484 2474 τὺ
498 2448 551 2474 τῶν
574 2448 723 2482 μιαιψόνων
741 2448 870 2483 δικαστή-

81 2502 140 2528 ριον
154 2491 199 2528 ἦν·
218 2494 247 2519 ἐν
264 2493 360 2527 ἐκείνῳ
384 2493 529 2523 συστάντες
548 2493 738 2528 διηγωνίζοντο
751 2513 757 2523 ,
774 2494 798 2520 οἱ
821 2494 870 2528 μὲν

81 2539 208 2570 ἀπειλαῖς
226 2538 480 2575 ἀκροϐολιζόμενοι,
502 2540 526 2564 οἰ
543 2539 571 2565 δὲ
591 2539 636 2565 διὰ
658 2540 708 2575 τῆς
732 2539 871 2575 ὑπομονῆς

81 2586 259 2621 ἀμυνόμενοι.

925 2220 1052 2255 clypeum
1080 2220 1199 2254 ligneum
1215 2219 1388 2254 objicientes,
1414 2226 1505 2253 neque
1529 2226 1600 2246 terea
1626 2219 1713 2254 galea.

923 2265 1068 2300 ocreisque
1083 2265 1193 2295 muniti.
1213 2265 1260 2292 sed
1289 2269 1458 2292 armaturam
1484 2264 1530 2292 Dei
1556 2270 1714 2293 sumentes:

923 2319 1006 2346 quam
1021 2315 1122 2346 pra-tor
1137 2315 1164 2338 et
1179 2311 1234 2338 dux
1250 2310 1391 2345 Ecclesiae,
1407 2311 1517 2339 divinus
1534 2311 1578 2339 ille
1596 2312 1715 2346 Aposto~

923 2357 967 2385 lus
980 2357 1140 2389 describit’,
1153 2361 1260 2384 scutum
1269 2361 1298 2384 et
1310 2357 1435 2389 loricam,
1453 2362 1480 2384 et
1493 2357 1610 2392 galeam,
1621 2361 1648 2384 et
1657 2357 1715 2392 gla-

923 2403 1010 2436 dium,
1034 2402 1071 2429 ita
1094 2401 1244 2429 tendebant
1267 2402 1400 2429 advorsus
1424 2401 1518 2436 copias
1541 2401 1714 2428 adversario-

921 2456 993 2476 rum.
1023 2448 1083 2476 Dux
1111 2453 1210 2476 autem
1237 2452 1297 2475 erat
1323 2447 1420 2474 horum
1459 2447 1568 2482 quidem
1593 2446 1713 2474 co-lestis

923 2494 1022 2529 gratia,
1036 2494 1137 2521 diaboli
1153 2499 1244 2520 autem
1259 2493 1340 2523 aciei,
1359 2493 1382 2520 is
1393 2493 1438 2527 qui
1455 2493 1552 2520 mortis
1568 2491 1713 2525 imperium

923 2544 1008 2568 tonet.
1024 2539 1114 2567 Locus
1128 2540 1168 2567 eis
1192 2539 1272 2571 aciei,
1294 2539 1464 2567 nefariorum
1479 2542 1506 2565 et
1520 2537 1712 2572 sanguinaria-

924 2595 984 2614 rmn
1001 2587 1121 2614 tribunal
1137 2590 1216 2614 erat:
1243 2587 1299 2613 illic
1312 2581 1453 2620 congressi
1467 2584 1655 2614 decertabant,
1672 2583 1711 2610 illi

81 2631 191 2666 quidem
217 2631 298 2659 minis
321 2639 437 2666 pugnam
464 2635 652 2658 ncesseutes:
674 2631 701 2658 hi
727 2639 792 2659 vero
816 2640 863 2666 per
889 2633 1047 2668 patientiam
1076 2633 1268 2667 propulsantes
1295 2635 1323 2659 et
1348 2631 1516 2658 resistentes.

118 2679 254 2714 Πρότασις
275 2676 308 2713 ἦν
336 2677 410 2713 παρὰ
431 2677 485 2704 τῶν
509 2677 684 2709 ὑπεναντίων,
705 2678 869 2712 ἐξόμνυσθαι

82 2725 130 2761 τὴν
145 2725 186 2756 εἰς
208 2724 255 2750 τὸν
276 2723 377 2759 Κύριον
402 2723 502 2755 πίστιν,
524 2722 540 2758 ἤ
562 2722 725 2758 ζημιοῦσθαι
750 2723 868 2759 θανάτῳ.

119 2815 129 2831 ³
151 2813 250 2840 Ezcch.
271 2821 290 2846 ι,
316 2813 354 2840 25.

958 2679 1164 2714 Proponebatur
1188 2679 1223 2705 ab
1250 2677 1426 2708 adversariis,
1454 2681 1483 2703 ut
1510 2676 1550 2702 vel
1581 2675 1660 2702 tidem
1682 2674 1710 2702 in

923 2724 1070 2752 Dominum
1098 2724 1269 2759 abjurarent,
1294 2723 1337 2751 vel
1361 2727 1448 2750 morte
1463 2722 1665 2754 multarentur;
1680 2724 1709 2748 et

395 2813 404 2829 ⁶
424 2812 486 2847 Sip.
509 2821 567 2845 sm,
585 2812 610 2840 5.
648 2813 658 2828 ⁷
675 2812 772 2848 Ephcs.
790 2821 825 2845 γι,
843 2813 868 2840 ll
891 2822 951 2849 sm.
