1912 3082
165 139 220 168 767

779 134 808 163 S.
828 133 992 163 GIlEGORlI
1021 133 1064 160 ΝΥ
1071 132 1164 160 SSENI

1757 123 1810 154 76:}

165 201 249 231 leant,
269 197 500 234 quemadmodum
524 197 715 233 congelatione
728 196 833 224 ﬂumini
856 197 953 224 adver-

1024 196 1080 221 ιῐσα
1094 193 1138 221 διὰ
1155 193 1204 227 τῆς
1219 191 1338 226 πήξεως,
1355 189 1397 224 ἐφ’
1416 186 1450 225 ἧς
1469 187 1583 224 σύνηθές
1598 186 1656 234 ἐστι
1745 183 1810 234 βρυ-

164 248 253 275 sante.
268 248 295 271 et
309 243 388 279 quasi
403 244 431 270 iu
446 243 561 278 lapidem
574 243 665 270 undas
681 242 807 274 durante,
823 251 960 278 perennes

164 291 274 326 quidem
295 297 391 318 amnes
417 289 501 316 ﬂuere
531 289 729 324 supersedeant
759 293 842 324 atque
867 291 960 318 consi-

165 341 249 364 stant.
269 335 358 363 Lacus
374 342 440 362 vero
458 334 566 362 vicinus
591 334 678 370 signis
698 333 862 369 quibusdam
877 335 959 362 etiam

166 390 235 417 opus
256 382 348 409 habet.
375 381 474 417 quibus
496 381 574 408 lacus
598 388 658 408 esse
683 385 862 416 agnoscatur.
880 381 959 416 quasi

167 431 238 454 terra
263 427 367 454 inculta
389 433 436 461 per
459 426 676 460 congelationem
695 424 828 453 eﬂ‘ectus:
853 425 882 452 in
904 433 958 460 quo

159 474 213 506 'qui
241 473 338 499 volunt
369 479 451 506 super
466 471 555 498 undas
579 471 639 505 ejus
659 478 745 506 equos
774 471 819 497 alii
842 471 869 498 in
889 471 958 498 alios

167 518 333 546 concitando
352 518 503 546 certamina
521 517 625 544 ludicra
642 518 723 545 edere
741 522 954 545 consueverunt.

167 563 234 592 Novi
249 566 332 592 etlam
355 571 427 599 διξερε
449 564 570 591 locorum
593 563 699 591 incolas
720 571 752 590 ex
777 563 832 599 igni
857 571 954 598 aquam

1009 240 1133 276 λομένοις
1155 238 1211 265 ἄνω
1229 237 1284 263 τῶν
1308 236 1439 272 κυμάτων
1463 234 1549 268 αὐτῆς
1576 229 1809 276 καθιππάζεσθαι.

1009 273 1076 312 οἰδα
1090 284 1220 315 πολλάκις
1234 282 1282 309 καὶ
1293 282 1325 308 ὲκ
1340 280 1426 316 πυρὸς
1440 279 1510 314 ὕδωρ
1523 278 1579 309 τοῖς
1590 276 1735 312 ἐγχωρίοις
1749 273 1811 300 ἑπι-

1009 331 1164 367 νοούμενον,
1181 330 1245 356 ὅταν
1262 337 1288 354 τι
1303 326 1406 363 τρύφος
1422 324 1469 352 τοῦ
1489 324 1585 355 ὕδατος
1602 321 1811 352 ἀποκλάσαντες

1009 377 1102 412 ὥσπερ
1116 375 1177 402 τινὰ
1202 373 1301 409 χαλκὸν
1319 372 1336 407 ἢ
1354 370 1462 406 σίδηρον
1482 369 1522 405 τῷ
1538 368 1604 404 πυρὶ
1620 366 1808 401 διατήξαντες,

1010 411 1091 458 ὕδωρ
1106 421 1151 448 τὸν
1175 420 1247 447 λίθον
1275 419 1433 454 ποιήσωσιν.
1457 415 1584 447 Τοιοῦτος
1605 411 1640 450 ἦν
1668 414 1683 440 ό
1713 411 1810 458 καιρὸς

1008 456 1079 495 κατᾶ
1095 467 1140 494 τὸν
1156 466 1205 502 τῆς
1223 465 1362 500 ἀθλήσεως
1379 463 1486 498 χρόνον,
1503 461 1629 487 ἐπίτασιν
1649 459 1697 486 τοῦ
1723 456 1809 484 κακοῦ

1009 514 1084 551 παρὰ
1114 513 1194 548 φύσιν
1229 512 1262 538 ὲκ
1293 509 1407 546 βορείων
1434 507 1626 544 πνευματικῶν
1657 505 1808 535 λαϐόντος,

1011 560 1102 592 καθὼς
1117 560 1191 587 ἐστιν
1207 558 1316 585 ἀκούειν
1341 556 1395 584 τῶν
1417 555 1601 590 διηγουμένων
1616 553 1651 580 τὰ
1668 551 1807 586 θαύματα.

168 610 280 638 solertia
308 610 427 645 quadam
452 609 597 640 conﬁcere.
627 616 690 636 cum
718 596 806 637 frusto
836 596 953 644 quodam
974 615 1051 643 aquae
1066 607 1127 642 gelu
1145 608 1283 632 concretae
1296 607 1426 637 tanquam
1440 608 1494 628 aere
1514 599 1632 635 quodam
1661 597 1704 624 vel
1737 596 1810 623 ferro

168 658 290 686 tlefracto
303 661 330 685 et
354 657 408 693 igni
430 656 624 692 colliquefacto
657 664 758 691 aquam
783 657 911 692 redigunt
936 664 969 684 ex
989 664 1023 684 eo
1051 653 1126 690 quod
1149 653 1176 680 ill
1200 651 1318 687 lapidem
1339 649 1418 684 quasi
1433 648 1561 675 duratum
1589 650 1642 673 est.
1656 646 1685 693 Vls
1720 647 1809 672 status

168 706 299 741 temporis
315 711 383 738 erat,
399 713 454 740 quo
469 711 592 740 tempore
606 708 744 732 certamen
764 705 955 740 peragebatur.
976 704 1048 731 malo
1063 706 1161 738 praeter
1173 704 1301 728 naturam
1334 696 1443 724 ﬂatibus
1468 693 1624 723 borealibus
1654 692 1810 720 incremen-

169 756 225 778 tum
242 755 321 778 nacto
335 760 341 778 :
361 750 590 786 quemadmodum
607 751 702 778 audire
719 751 782 779 licet
796 751 876 779 exiis
894 751 939 786 qui
958 750 1093 778 miracula
1109 750 1259 783 exponunt.

203 795 385 831 Posteaquam
409 797 493 832 igitur
520 798 594 825 clare
614 805 713 825 nomen
729 797 830 825 Christi
848 797 955 832 publice

169 842 368 877 praedicasse"!
385 863 393 876 ,
418 848 445 870 et
469 851 517 878 per
537 843 671 878 ejusmodi
703 843 870 878 praeconium
898 851 959 870 sese

1024 841 1096 875 ιοσίᾳ
1108 839 1284 874 κηρύξαντες,
1305 835 1352 863 καὶ
1372 834 1421 870 ἤδη
1448 830 1608 866 στεφανίτας

169 888 226 923 jam
254 888 398 923 (victoria:
424 889 555 924 nomine)
571 894 717 917 coronatos
734 897 795 917 esse
822 888 959 916 declaras-

171 938 231 961 sent
245 955 251 964 .
268 938 295 961 et
320 933 464 962 tenderent
492 935 525 962 ad
545 936 643 963 mortis
668 936 935 963 consummationem
949 956 958 968 ,

171 979 216 1006 hic
235 980 332 1007 modus
349 980 509 1008 certaminis
531 981 571 1008 eis
586 982 759 1016 excogitatus
774 985 826 1008 est.
845 981 960 1016 Imperat

172 1030 305 1061 tyrannus
317 1032 345 1053 ut
357 1027 418 1061 gelu
430 1027 535 1054 athletze
547 1028 697 1054 exeruciati
708 1028 958 1062 exstinguereutur.

172 1071 195 1098 Ο
221 1071 407 1098 infirmitatem
431 1073 574 1099 verborum
587 1076 614 1100 et
635 1073 853 1100 sententiarum!
871 1080 959 1107 quan-

172 1122 230 1144 tum
244 1117 319 1144 abest
336 1125 349 1143 a
367 1117 499 1153 dignitate
510 1119 616 1146 oratio!
632 1118 773 1146 Sententia
789 1119 885 1146 mortis
902 1126 960 1154 po:-

172 1170 235 1188 nam
252 1162 376 1198 irrogans
395 1166 421 1189 et
434 1164 494 1198 gelu
508 1183 515 1195 ,
531 1167 558 1190 et
578 1165 752 1199 supplicium.
769 1169 795 1190 et
820 1170 962 1198 exspecta-

174 1209 212 1235 tio
229 1209 293 1236 talis
321 1216 429 1244 parum:
452 1214 478 1236 et
497 1210 576 1237 beata
601 1210 732 1245 juventus
753 1218 801 1245 per
827 1211 912 1237 risum
934 1213 962 1236 et

171 1253 266 1288 joeum
289 1257 316 1281 et
334 1254 497 1281 hilaritatem
521 1255 555 1282 ad
578 1255 668 1282 locum
698 1255 825 1290 supplicii
845 1259 961 1283 conten-

173 1299 275 1332 debat;
292 1307 390 1327 cursus
407 1305 466 1326 erat
483 1301 648 1327 athletarum
660 1301 692 1327 ad
709 1302 884 1335 passionem;
901 1308 964 1328 cur-

173 1353 221 1373 sus
236 1349 263 1372 et
277 1353 355 1373 sacer
379 1350 406 1373 et
427 1346 568 1378 incitatus,
584 1351 611 1373 ιιι
634 1348 773 1374 contentio
789 1346 963 1381 prmripiendi

174 1399 304 1419 coronam
323 1391 528 1420 confessionis:
558 1401 607 1427 par
622 1393 661 1419 eis
674 1392 796 1420 studium
819 1392 852 1418 ad
876 1392 962 1418 victo-

174 1437 242 1464 riam
259 1441 329 1470 erat,
353 1445 434 1464 nemo
463 1437 546 1464 animi
583 1437 798 1472 proiuplitudiue
828 1438 963 1472 posterior

174 1483 252 1511 visus
271 1486 327 1515 est;
354 1483 400 1510 sed
419 1483 588 1509 unanimiter
616 1484 735 1510 universi
759 1483 810 1510 hoc
829 1489 963 1518 occupato

176 1529 253 1561 loco,
281 1529 398 1564 publicis
427 1529 542 1564 perinde
556 1529 634 1564 quasi
665 1529 770 1556 balneis
795 1534 965 1560 vaearet.et

176 1575 255 1610 quasi
275 1579 331 1602 tum
347 1575 397 1610 ipsi
421 1575 532 1602 lavacro
558 1583 672 1610 corpora
698 1576 822 1602 curaturi
837 1581 863 1602 et
885 1576 961 1602 ahlu-

176 1621 230 1649 turi
247 1625 339 1648 essent
351 1642 358 1653 ,
380 1620 452 1648 haud
470 1624 632 1648 cunctanter
651 1621 806 1647 tunicarum
835 1621 965 1646 amictum

175 1666 362 1702 deponebant,
383 1666 488 1694 dictum
509 1666 576 1693 illud
593 1665 655 1692 Jobi
672 1673 768 1693 omnes
784 1666 943 1699 adjicieutes
958 1675 964 1693 :

178 1712 249 1740 Nudi
267 1712 442 1740 introivimus
460 1712 488 1738 in
504 1711 655 1742 mundum,
679 1711 744 1738 nudi
764 1711 797 1737 ad
817 1719 878 1738 eum
892 1731 899 1741 .
919 1711 966 1746 qui

178 1761 188 1794 ί
204 1760 258 1786 huc
277 1758 348 1793 nos)
363 1758 519 1785 introduxit
532 1778 538 1790 ,
557 1757 746 1790 abibitnus“;
765 1758 833 1784 nihil
864 1757 966 1792 impor-

179 1809 298 1835 tavimus
331 1807 359 1833 in
375 1805 519 1837 mumlum,
537 1812 571 1832 ne
587 1809 733 1839 exportare
753 1804 864 1838 quidem
886 1804 967 1839 quid—

179 1861 260 1890 quam
273 1852 404 1880 debemus
418 1852 439 1866 "
452 1861 458 1878 :
471 1850 527 1878 imo
542 1858 606 1878 vero
627 1849 692 1877 nudi
711 1849 839 1884 ingressi,
857 1849 968 1876 thesau-

180 1907 274 1928 rorum
289 1906 323 1926 ex
336 1898 408 1925 bona
426 1896 600 1924 confessione
618 1897 797 1923 collectorum
825 1896 897 1930 pleni
917 1896 968 1922 ah-

181 1946 292 1974 ihimus.
312 1943 374 1971 Haec
385 1943 519 1976 dicentes,
535 1947 562 1970 et
578 1941 713 1976 ejusmodi
731 1941 823 1968 verbis
836 1949 895 1968 sese
911 1942 970 1968 ani-

182 1995 288 2020 mantes
303 1996 327 2018 et
342 1989 537 2017 eonfirmautes
550 2008 558 2021 ,
584 1995 684 2022 corpus
717 1986 811 2022 frigori
830 1987 969 2014 constrin-

182 2037 298 2073 gendam
321 2036 444 2066 dabant,
461 2042 492 2061 ac
509 2034 706 2061 elementorum
727 2033 836 2068 quidem
872 2039 970 2060 natura

186 2083 369 2118 consolationi
385 2080 581 2109 succumbebat
597 2087 603 2105 :
618 2084 767 2115 martyrum
782 2087 845 2106 vero
860 2083 970 2111 natura,

184 2130 262 2164 quasi
275 2129 407 2156 indomita
418 2132 500 2162 atque
516 2127 617 2153 invicta
634 2130 703 2157 erat;
721 2125 776 2152 imo
790 2133 856 2153 vero
867 2129 971 2152 naturae

979 1513 1000 1542 C

1015 795 1125 830 Ἐπειδὴ
1144 781 1238 820 τοίνυν
1263 788 1398 826 λαμπρῶς
1417 787 1446 814 τὸ
1469 787 1554 822 ὄνομα
1572 784 1619 811 τοῦ
1641 783 1747 830 Κυρίου

1632 827 1749 858 ἑαυτοὺς
1768 826 1811 852 διὰ

1012 872 1061 921 τῆς
1074 872 1201 919 τοιαύτης
1213 883 1389 918 ἀναρρήσεως
1403 879 1549 912 δείξαντες,
1564 875 1686 911 ἐχώρουν
1701 873 1750 900 ἐπὶ

1012 932 1056 959 διὰ
1075 930 1121 958 τοῦ
1145 930 1259 957 θανάτου
1279 927 1430 956 τελείωσιν,
1452 921 1530 955 οὗτος
1556 922 1649 952 αὐτοῖς
1675 917 1810 952 ἐπενοήθη

1012 978 1062 1013 τῆς
1077 976 1216 1011 ἀθλήσεως
1233 975 1246 1000 ὁ
1262 973 1375 1009 τρόπος”
1395 970 1561 1006 Πρόσταγμα
1575 967 1679 1013 γίνεται
1698 963 1748 1013 τού
1763 971 1812 1013 τιθ-

1015 1010 1120 1060 ρόιννου,
1135 1010 1233 1056 κρυμῷ
1251 1020 1314 1050 τοὺς
1334 1017 1453 1052 ἀθλητὰς
1475 1012 1693 1050 τιμωρήσασθαι.
1711 1010 1811 1060 ξίξᾴτῆς

1013 1057 1152 1100 ἀσθενείας
1167 1066 1277 1094 καὶτῶν
1291 1065 1420 1102 ῥημάτων
1432 1063 1478 1089 καὶ
1492 1061 1546 1088 τῶν
1557 1060 1701 1094 νοημάτων
1711 1058 1717 1083 ι
1729 1057 1812 1083 Ὅσον

1013 1116 1188 1142 ἀπολείπεται
1204 1113 1252 1147 τῆς
1267 1112 1344 1145 ἀξίας
1355 1111 1369 1137 ὁ
1383 1111 1460 1144 λόγος
1473 1110 1479 1136 !
1497 1108 1617 1135 Θανάτου
1634 1106 1810 1141 πρόσταγμα,

1014 1163 1061 1189 καὶ
1080 1160 1194 1196 κρυμὸς,
1209 1159 1257 1186 καὶ
1276 1157 1406 1193 τιμωρία,
1426 1156 1473 1182 καὶ
1487 1153 1632 1189 προσδοκία
1654 1151 1705 1185 τῆς
1719 1149 1812 1177 τοιαύ-

1014 1217 1062 1242 της
1080 1207 1215 1237 κολάσεως
1226 1214 1232 1220 ·
1255 1205 1327 1239 καὶὴ
1345 1202 1468 1238 μακαρία
1483 1200 1576 1235 νεάτης
1597 1200 1626 1225 ἐν
1643 1197 1743 1232 γέλωτι
1766 1196 1813 1223 καὶ

1015 1255 1108 1289 ’παιδιᾷ
1126 1253 1173 1279 καὶ
1190 1251 1349 1286 φαιδρότήτι
1372 1251 1418 1276 τδν
1439 1249 1487 1282 τῆς
1511 1246 1645 1282 τιμωρίας
1674 1243 1813 1289 κατελάμ-

1016 1301 1079 1326 ϐανε
1093 1300 1188 1325 τόπον·
1201 1298 1300 1333 δρόμος
1324 1294 1358 1331 ἦν
1380 1293 1503 1329 ἀθλητῶν
1520 1293 1566 1318 ἐπὶ
1582 1291 1612 1317 τὸ
1629 1289 1730 1320 πάθος,
1749 1288 1809 1323 δρό-

1022 1355 1069 1381 μος
1085 1346 1155 1380 ίερὸς
1178 1353 1206 1370 τε
1232 1344 1279 1370 καὶ
1297 1342 1438 1372 σύντονος·
1453 1341 1500 1366 καὶ
1519 1337 1666 1373 φιλονεικία
1681 1335 1727 1362 τοῦ
1744 1342 1814 1370 προ-

1017 1380 1138 1426 αρπάσαι
1153 1390 1201 1424 τῆς
1217 1388 1360 1424 ὁμολογίας
1383 1387 1428 1413 τὸν
1450 1386 1596 1418 στέφανον·
1614 1383 1658 1417 ἴση
1680 1381 1748 1415 πρὸς
1764 1380 1814 1414 τὴν

1017 1438 1094 1472 νίκην
1111 1436 1144 1472 ἦν
1161 1437 1252 1467 αὐτοῖς
1271 1437 1287 1469 ὴ
1313 1433 1428 1468 σπουδή·
1448 1431 1536 1462 οὐδεὶς
1553 1426 1759 1464 ὕστεροςιῶιρθη

1018 1484 1166 1519 προοαμίξκ
1191 1482 1247 1508 ἀλλ’
1266 1479 1436 1516 ὁμοθυμαδὸν
1459 1477 1578 1506 ἅπαντες
1601 1474 1706 1501 τουτονὶ
1724 1480 1812 1498 κατα-

1016 1518 1142 1561 λαεὶύντες
1165 1529 1210 1554 τον
1236 1528 1328 1558 τόπον,
1357 1525 1422 1551 ὡσεὶ
1451 1522 1590 1558 δημοσίοις
1610 1521 1670 1547 τότε
1691 1518 1815 1553 λουτροῖς

1017 1576 1190 1611 σχολάζοντα,
1201 1573 1238 1605 ὡς
1252 1574 1298 1599 καὶ
1312 1571 1388 1598 αὐτοὶ
1404 1570 1544 1606 μέλλοντες
1558 1567 1596 1602 τῷ
1610 1565 1715 1601 λουτρῷ
1727 1572 1815 1591 κατα-

1018 1622 1170 1658 φαιδρύνειν
1192 1620 1226 1647 τὰ
1250 1619 1379 1654 σώματα,
1402 1616 1518 1650 ετοίμως
1541 1614 1590 1649 τὴν
1613 1613 1666 1640 τῶν
1693 1611 1815 1658 χιτώνων

1018 1668 1162 1704 περιΰολὴν
1176 1665 1344 1694 ἀπετίθεντο,
1355 1663 1384 1689 τὸ
1398 1662 1444 1689 τοῦ
1464 1661 1523 1688 Ὶὼῧ
1535 1660 1634 1690 πάντες
1648 1655 1816 1691 ἐπιφθεγγό-

1020 1702 1108 1749 μενοι,
1120 1713 1161 1738 ὃτι
1178 1711 1275 1746 Γυμνοὶ
1291 1708 1449 1744 εἰσήλθομεν
1466 1708 1505 1738 είς
1517 1705 1565 1732 τὸν
1587 1704 1699 1738 κόσμον,
1714 1702 1816 1736 γυμνοὶ

1020 1748 1086 1794 ιτρὸς
1116 1758 1161 1784 τὸν
1195 1756 1375 1790 εἰσαγαγόντα
1408 1751 1632 1786 ἀπελευσόμεθα·
1657 1748 1736 1776 οὐδὲν
1760 1749 1816 1794 etq-

1019 1791 1172 1840 ήνέγκαμεν
1190 1803 1229 1833 εἰς
1244 1801 1288 1827 τον
1308 1800 1419 1834 κόσμον,
1436 1797 1512 1824 οὐδὲν
1528 1795 1680 1829 ἐξενεγκεῖν
1697 1802 1724 1819 τι
1740 1791 1816 1827 ὀφεί-

1019 1838 1100 1885 λομεν
1111 1857 1117 1863 ·
1132 1848 1230 1882 μᾶλλον
1244 1847 1272 1873 δὲ
1286 1845 1384 1880 γυμνοὶ
1398 1842 1573 1873 εἰσελθόντες,
1588 1841 1702 1875 πλήρεις
1717 1838 1816 1874 θησαυ-

1022 1883 1075 1931 ρϋᾷν
1098 1895 1151 1920 τῶν
1174 1894 1206 1920 ὲκ
1229 1892 1279 1927 τῆς
1303 1890 1406 1924 ἀγαθῆς
1428 1887 1571 1923 ὁμολογίας
1596 1883 1815 1931 ἀπελευσόμεθα.

1020 1930 1112 1968 Ταῦτα
1125 1940 1258 1974 λέγοντες,
1273 1938 1320 1963 καὶ
1337 1935 1466 1966 τοιούτοις
1488 1933 1601 1963 ἑαυτοὺς
1620 1930 1712 1965 λόγοις
1727 1938 1816 1964 παρα-

1021 1987 1208 2023 θαρσύνοντες,
1225 1985 1344 2010 ἐδίδοσαν
1359 1983 1392 2017 τῇ
1406 1980 1484 2016 πήξει
1505 1980 1535 2006 τὸ
1562 1978 1651 2013 σῶμα
1670 1977 1719 2004 καὶ
1733 1977 1750 2011 ἡ
1769 1976 1816 2011 μὲν

1021 2035 1075 2061 τῶν
1101 2032 1238 2068 στοιχείων
1263 2031 1342 2065 φύσις
1365 2028 1560 2062 κατεκριιτεῖτο
1581 2026 1615 2061 τῇ
1639 2024 1737 2060 πήξει·
1753 2024 1771 2057 ὴ
1789 2023 1816 2049 δὲ

1020 2079 1074 2105 τῶν
1089 2078 1234 2113 μαρτύρων
1254 2075 1343 2110 φύσις,
1357 2075 1394 2105 ὡς
1416 2072 1564 2103 ὰδούλωτος
1583 2069 1626 2106 ἦν·
1642 2069 1743 2104 μᾶλλον
1756 2068 1785 2094 δὲ
1801 2070 1817 2103 ἡ

1024 2125 1074 2160 μὲν
1093 2124 1174 2158 φύσις
1196 2123 1228 2148 τὸ
1248 2122 1348 2148 οἰκεῖον
1368 2120 1482 2153 ἔπασχε,
1505 2117 1552 2144 καὶ
1569 2117 1602 2143 τὰ
1617 2114 1727 2150 ἀλγεινὰ
1747 2122 1817 2148 παρ·

183 2175 292 2211 quidem
313 2175 350 2204 id,
378 2173 449 2210 quod
472 2181 520 2208 par
536 2176 564 2200 et
578 2175 792 2200 consentaneum
806 2176 864 2198 erat
877 2193 884 2203 ,
897 2173 965 2199 acci-

1024 2172 1146 2207 εδέχετο·
1170 2172 1186 2206 ἡ
1212 2170 1240 2196 δὲ
1261 2169 1429 2204 μεγαλοφυῐα
1448 2167 1500 2193 τῶν
1521 2165 1655 2200 ἀθλητῶν,
1680 2164 1727 2190 καὶ
1749 2162 1816 2198 πρὸς

183 2221 289 2248 debat:
316 2219 417 2254 quippe
447 2218 586 2244 cruciatus
631 2217 755 2251 capiebat
776 2226 782 2243 :
806 2217 969 2243 athletarum

184 2274 250 2294 vero
263 2263 423 2300 magnitudo
446 2263 529 2290 animi
548 2263 630 2290 etiam
659 2261 790 2289 adversus
812 2262 898 2297 ipsam
922 2269 971 2288 na-

184 2317 275 2340 turam
303 2309 472 2338 decertabat.
501 2307 569 2334 Nam
598 2307 671 2335 vires
706 2307 815 2341 quidem
847 2308 971 2342 curporis

186 2355 393 2391 constringente
413 2354 474 2390 gelu
492 2353 718 2380 curitabescentes
739 2353 868 2387 paulatim
883 2354 971 2380 solve—

185 2404 286 2431 bantur
296 2406 323 2430 et
339 2400 590 2430 consumebantur;
607 2398 690 2425 animi
712 2407 778 2426 vero
797 2399 874 2433 vigor
886 2398 974 2434 major

187 2449 337 2482 evadebat;
359 2446 534 2482 nigrescebat
553 2445 663 2480 quidem
683 2445 768 2472 decor
788 2446 922 2479 corporis,
941 2452 973 2472 ac

187 2493 365 2531 pulchritudo
389 2490 594 2522 deﬂoreseebat,
612 2495 638 2518 et
662 2490 754 2517 carnis
782 2489 871 2516 bonus
898 2489 974 2516 color

188 2539 386 2572 cvanescebat;
402 2537 558 2565 deﬂuebant
570 2536 645 2572 digiti
663 2536 724 2571 gelu
740 2535 872 2570 paulatim
885 2535 974 2570 carpti

189 2591 270 2622 atque
291 2584 374 2612 aceisi
390 2603 397 2616 ,
422 2583 598 2617 membraque
615 2581 707 2609 omnia
728 2588 759 2608 ac
784 2589 916 2608 sensuum
930 2581 974 2608 in-

190 2637 342 2661 strumenta
358 2630 461 2658 satvitia
477 2629 588 2665 frigoris
605 2627 707 2664 passim
719 2627 926 2662 frangebantur,
943 2635 975 2655 ac

190 2678 392 2705 dilabebantur.
416 2676 565 2703 Livescens
597 2673 670 2701 enim
704 2680 768 2700 caro
795 2673 924 2707 paulatim
948 2677 976 2701 et

192 2726 377 2752 intumescens
395 2730 457 2750 cum
481 2722 556 2748 circa
584 2719 706 2747 membra
737 2718 918 2752 scinderetur,
942 2720 976 2747 ab

192 2770 302 2799 ossibus
314 2769 460 2799 deﬂuebat,
479 2774 511 2794 ac
536 2764 672 2792 mortiferi
704 2764 843 2793 cruciatus
873 2765 975 2794 sentie-

233 2862 251 2876 ”
267 2860 316 2888 Job
337 2867 357 2890 ι,
372 2857 416 2884 2|.
457 2857 497 2884 "l
515 2855 635 2884 Timotlt.
651 2863 688 2888 \‘l,
704 2855 730 2882 7.

1024 2218 1107 2252 αὐτὴν
1126 2217 1174 2251 τὴν
1195 2216 1275 2250 φύσιν
1297 2214 1480 2249 διηγωνίζετο.
1504 2212 1536 2238 Ἠ
1561 2212 1609 2246 μὲν
1630 2210 1684 2245 γὰρ
1703 2210 1817 2243 δύναμις

1024 2263 1095 2290 κατὰ
1112 2261 1208 2297 μικρὸν
1222 2260 1350 2292 διελύετο,
1367 2257 1551 2294 μαραινομένη
1571 2257 1618 2283 καὶ
1634 2255 1817 2290 δαπανωμένη

1024 2309 1067 2335 διὰ
1083 2309 1132 2343 τῆς
1146 2307 1270 2343 πήξεως·
1293 2308 1308 2333 ὁ
1325 2306 1353 2332 δὲ
1370 2306 1420 2340 τῆς
1438 2305 1526 2339 ψυχῆς
1535 2304 1622 2334 τόνος,
1642 2301 1744 2337 μείζων
1762 2300 1816 2334 ὲγί-

1025 2363 1085 2381 νετο
1095 2363 1101 2369 ·
1117 2354 1274 2389 ἐμελαίνετο
1291 2353 1339 2388 μὲν
1354 2353 1370 2387 ὴ
1387 2352 1446 2387 ὥρα
1461 2351 1508 2377 τοῦ
1522 2350 1656 2384 σώματος,
1668 2348 1715 2374 καὶ.
1729 2348 1814 2382 ἀπήν.

1025 2401 1065 2428 est
1080 2401 1110 2427 τὸ
1122 2400 1230 2432 κάλλος,
1242 2400 1290 2426 καὶ
1306 2398 1335 2425 τὺ
1346 2398 1396 2432 τῆς
1410 2396 1511 2432 σαρκὸς
1523 2395 1638 2430 εὔχρουν
1649 2393 1810 2428 κατεμαραίι

1024 2455 1099 2473 νετο·
1124 2446 1258 2482 ἀπέρρεον
1288 2444 1424 2474 δάκτυλοι,
1453 2442 1492 2478 τῷ
1518 2440 1616 2477 κρυμῷ
1642 2440 1704 2467 κατ’
1730 2440 1818 2473 ὀλίγον

1024 2492 1260 2527 περικοπτόμενοι,
1276 2490 1343 2526 μέλη
1365 2498 1394 2515 τε
1419 2488 1507 2515 πάντα
1529 2487 1576 2514 καὶ
1599 2486 1767 2521 αἰσθητήρια
1789 2485 1817 2519 τῇ

1025 2538 1122 2573 πικρίᾳ
1136 2537 1183 2563 τοῦ
1205 2536 1304 2572 κρύους
1321 2534 1526 2570 περιεθρύφετο.
1545 2531 1745 2566 Πελιδνουμὲνη
1766 2530 1818 2564 γὰρ

1028 2583 1089 2609 κατ’
1102 2582 1191 2616 ὀλίγον
1205 2582 1222 2617 ἡ
1245 2580 1322 2617 σὰρξ,
1339 2580 1385 2606 καὶ
1407 2579 1540 2606 διοιδοῦσα
1562 2578 1608 2605 καὶ
1628 2575 1817 2612 περιλακιζου-

1030 2628 1098 2663 μένη
1112 2629 1169 2659 τοῖς
1204 2628 1307 2662 μέλεσι,
1326 2626 1381 2652 τῶν
1404 2625 1504 2652 ὀστέων
1516 2624 1646 2660 ἁπέρῤεε,
1663 2623 1711 2649 καὶ
1725 2622 1759 2648 τὰ
1774 2621 1818 2655 τῆς

1028 2674 1188 2709 νεκρότητος
1202 2673 1275 2709 πάθη
1290 2674 1319 2700 ὲν
1331 2674 1455 2710 αἰσθήσει
1471 2672 1587 2706 ἐδέχετο.
1600 2669 1655 2696 Καὶ
1668 2668 1756 2699 οὓτως
1771 2667 1817 2693 αὺ-

1028 2722 1084 2752 τοῖς
1097 2721 1168 2748 κατὰ
1184 2721 1280 2756 μικρὸν
1291 2721 1305 2747 ὁ
1319 2720 1432 2752 θάνατος
1444 2718 1545 2755 προϊὼν
1562 2715 1716 2751 ὲμηκύνετο
1731 2713 1819 2749 τρισὶν

1028 2766 1144 2802 ἡμέραις
1169 2767 1407 2804 παρατεινὸμενος,
1431 2766 1520 2801 Μέχρι
1541 2764 1594 2799 γὰρ
1623 2770 1752 2789 τοσουτου
1772 2760 1818 2796 τῆς
