1912 3082
88 137 148 165 769

651 135 683 163 IN
712 134 963 168 QUADRAGINTA
983 134 1188 163 MARTYRES.
1286 151 1299 164 ο

1680 137 1730 166 770

88 194 249 229 αἰσθήσεως
273 194 364 226 αὐτοῖς
393 194 574 230 διαρκοὺσης,
601 193 711 229 ἔμειναν
739 194 780 228 ἐφ’
807 190 840 228 ἦς
863 192 893 224 ἐξ

947 195 1053 220 bantur.
1081 194 1167 228 Atque
1189 193 1225 220 ita
1244 201 1318 220 mors
1342 194 1382 221 eis
1413 193 1543 228 paulatim
1563 200 1596 220 ac
1628 194 1732 221 sensim

89 240 182 275 ἀρχῆς
203 239 354 274 ἐτάχθησαν
374 239 485 271 τάξεως,
506 239 549 265 διὰ
574 239 680 265 πάντων
696 238 804 273 νικηταὶ
822 238 893 264 κατά

90 284 142 310 τοῦ
163 284 284 310 ἐναντίου
299 284 446 319 γινόμενοι.
468 284 548 310 ’Λλλά
561 284 602 315 τίς
618 284 651 310 ἄν
669 292 713 318 μοι
726 283 758 309 τὰ
772 283 817 309 ἐπὶ
831 283 894 309 τού-

90 338 152 362 τοις
167 330 235 365 πρὸς
251 330 329 363 ἀξίαν
344 330 552 365 ὲκδιηγήσαιτο;
569 329 617 361 Τίς
642 330 795 365 ὑπογράψει
815 329 893 362 λόγος

90 377 143 412 τὴν
162 377 236 404 θείαν
261 377 367 411 ἐκείνην
387 376 509 411 πομπὴν,
527 376 571 402 ὅτε
595 376 629 402 τὰ
647 375 711 410 ἆγια
734 375 845 410 σώματα
859 375 892 401 δι’

94 424 211 458 ἁμαξῶν
229 423 274 450 ἐπὶ
291 423 322 449 τὸ
339 423 395 459 πῦρ
407 422 594 458 ὲπομπεύετο;
614 421 675 453 Πῶς
691 421 753 447 ἀντὶ
766 421 813 447 τοῦ
828 421 893 448 κλα-

91 469 193 501 πέντος
218 469 269 495 ὑπὸ
296 468 342 495 τοῦ
363 468 486 494 διαϐόλου
509 467 672 502 ἀντεισὴχθη
691 466 730 501 τῷ
750 466 858 501 ἀριθμῷ
879 468 893 493 6

89 514 266 551 δεσμοφύλαξ
279 514 332 541 ὑπὸ
345 515 393 550 τῆς
408 514 535 550 χάριτος
551 513 598 545 Τίς
615 522 658 548 μοι
672 513 828 548 διηγήσεται
843 512 892 548 τὴν

93 561 204 596 μητέρα
218 560 325 595 ἐκείνην
351 560 400 595 τὴν
422 559 501 592 ἀξίαν
529 559 576 585 τοῦ
606 558 742 593 μάρτυρος
767 558 858 592 ῥίζαν,
874 558 892 592 ἥ

91 606 312 640 καταλειφθέντα
332 606 384 632 ὑπὸ
407 605 454 631 τοῦ
473 604 570 640 δημίου
594 604 639 630 τὸν
659 604 689 636 ἐξ
708 604 802 639 αὐτῆς,
826 603 892 630 διότι

91 653 216 688 ἔμπνους
228 651 271 687 ἦν,
286 653 332 678 καὶ
347 651 390 678 διὰ
405 651 482 677 τοῦτο
499 651 535 686 μὴ
551 650 738 685 ἀναληφθέντα
756 650 824 685 μετὰ
838 650 892 677 τῶν

93 699 187 726 ἄλλων
203 699 250 726 ἐπὶ
264 699 313 734 τὴν
341 698 459 734 ἅμαξαν,
485 696 579 732 ἐπειδὴ
600 694 652 723 εἶδε
672 697 720 732 τὴν
741 697 892 733 φιλανθρω-

91 745 162 771 πίαν
186 743 232 770 τοῦ
262 743 358 777 δημίου
383 743 429 769 ἐπὶ
456 742 501 768 τὸν
529 742 653 777 ἀριστέα,
671 741 719 776 τὴν
747 740 823 776 ὒόριν
842 741 892 767 οὐκ

91 791 227 826 ἧνεγκεν’
248 789 304 816 ἀλλ’
322 791 424 816 ἐκεῖνον
447 789 496 824 μὲν
522 788 660 823 ἐλοιδόρει,
684 788 725 814 ὃτι
747 788 799 814 τῶν
828 796 891 814 συν-

91 836 254 870 αγωνιστῶν
270 835 314 862 τὸν
334 835 453 871 ἀθλητὴν
464 835 666 870 ἀπεσχοίνισεν”
682 833 749 868 αὕτη
761 833 790 860 δὲ
804 841 892 868 παρα-

948 239 1128 274 progrediens
1156 239 1378 274 protrahebatur.
1397 241 1486 267 tribus
1505 240 1603 267 diebus
1617 240 1732 268 durans.

946 285 1013 311 Nam
1031 286 1063 312 ad
1081 286 1106 312 id
1122 294 1209 320 usque
1231 286 1350 320 spatium
1382 293 1463 313 sensu
1482 293 1575 313 cormn
1596 286 1710 313 durante
1724 307 1731 319 ,

947 337 1108 359 manserunt
1135 333 1162 359 in
1182 340 1214 359 eo
1239 332 1298 359 loco
1321 331 1348 359 in
1368 339 1421 366 quo
1449 332 1483 359 ab
1510 332 1588 359 initio
1606 332 1731 359 collocati

946 383 1035 410 erant,
1066 386 1115 414 per
1131 379 1221 405 omnia
1258 378 1406 405 adversarii
1432 378 1552 405 victores
1568 378 1728 405 evadentes.
1758 380 1762 387 '

948 423 1000 451 Sed
1024 425 1085 460 quis
1103 425 1169 451 mihi
1185 431 1227 456 ea,
1248 431 1308 459 qua:
1333 427 1483 449 consecuta
1513 427 1577 450 sunt
1597 443 1604 455 ,
1629 431 1678 457 pro
1693 424 1734 449 di-

947 469 1049 504 gnitate
1070 476 1205 503 exponere
1227 468 1336 504 possit?
1355 467 1482 500 Quamam
1506 468 1595 495 oratio
1613 468 1732 495 divinam

947 515 1020 541 illam
1048 523 1174 550 pompam
1190 515 1326 542 describet
1344 521 1406 540 cum
1432 518 1526 540 sancta
1551 514 1597 540 illa
1617 521 1733 548 corpora

946 561 1078 595 plaustris
1099 560 1131 587 ad
1149 561 1238 595 ignem
1255 559 1446 587 veherentur?
1472 558 1530 592 Qua
1556 558 1665 586 ratione
1684 567 1733 593 pro

946 612 979 632 eo
994 605 1040 640 qui
1055 605 1089 631 ab
1112 605 1220 632 diabolo
1237 605 1389 631 subductus
1404 608 1474 636 erat,
1502 603 1534 630 ad
1550 604 1733 638 supplendum

948 659 1093 678 numerum
1126 657 1222 678 custos
1258 652 1378 678 careeris
1407 658 1421 676 a
1445 649 1532 684 gratia
1559 650 1734 678 introductus

945 703 970 725 ct
986 697 1096 732 reliquis
1125 698 1270 732 adjunctus
1295 698 1354 724 sit?
1375 697 1440 730 Quis
1469 697 1534 724 mihi
1566 702 1682 730 exponet
1702 698 1735 723 de

946 747 1034 771 matre
1060 743 1107 770 illa
1123 764 1129 774 .
1149 743 1229 777 digna
1256 751 1317 777 quae
1334 749 1481 778 martyrem
1510 742 1668 777 produxerit
1692 750 1736 767 ra-

946 791 1018 822 dice,
1044 797 1105 824 qua:
1118 797 1151 816 ex
1166 797 1226 816 sese
1243 793 1309 815 nato
1333 797 1346 815 a
1376 790 1504 816 carnifice
1528 789 1622 815 relicto
1640 808 1647 819 ,
1665 796 1726 822 pro-

946 841 1039 871 pterea
1053 835 1124 870 quod
1136 835 1218 862 etiam
1232 843 1306 862 nunc
1318 835 1444 870 spiraret.
1458 840 1484 862 et
1497 835 1601 862 idcirco
1612 842 1672 861 cum
1683 842 1736 861 cm-

92 882 184 909 στᾶσα
201 881 240 916 τῷ
262 881 393 916 μάρτυρι,
412 881 462 916 ἤδη
486 880 665 916 νεναρκηκὸτι
689 879 736 906 καὶ
759 880 894 914 ἀκινήτως

946 882 1011 909 teris
1026 882 1053 908 in
1073 881 1227 916 plaustrum
1240 880 1366 907 sublatus
1385 888 1440 907 non
1455 884 1538 912 esset,
1560 884 1589 907 ut
1600 879 1667 906 vidit
1685 879 1734 906 lm-

92 927 149 955 ὑπὸ
162 927 212 962 τῆς
228 926 334 962 πήξεως
350 927 446 962 ἔχοντι,
463 926 508 953 καὶ
526 926 616 952 ἰδοῦσα
637 925 733 961 ψυχρῷ
753 926 800 952 καὶ
812 925 893 952 ἀσθε-

91 974 136 1000 νεῖ
149 973 189 1007 τῷ
205 972 325 1009 ἄσθματι
344 972 531 1008 συνεχόμενον,
551 971 676 999 τοσοῦτον
696 971 784 1004 ζῶντα
803 971 892 1007 μόνον,

92 1019 157 1046 ὅσον
169 1019 223 1046 τῶν
237 1018 369 1054 ἀλγεινῶν
382 1017 602 1051 ὲπαισθάνεσθαι,
616 1017 730 1053 ἀμυδρῷ
744 1018 790 1044 καὶ
807 1025 895 1052 μεμα-

94 1065 226 1101 ρασμένῳ
248 1064 287 1100 τῷ
301 1064 437 1100 βλέμματι
463 1064 510 1099 τὴν
538 1064 642 1100 μητέρα
664 1063 761 1090 ἑαυτοῦ
778 1063 894 1090 ὑπτοόλέ-

93 1119 193 1142 ποντα,
211 1110 295 1146 νεκρᾷ
313 1109 360 1136 καὶ
381 1108 513 1145 ἀτονοὺσῃ
538 1109 571 1144 τῇ
598 1108 670 1144 χειρὶ
691 1107 847 1134 διανεύοντά
864 1115 894 1133 τε

93 1158 145 1185 καὶ
172 1155 428 1193 παραμυθούμενον,
458 1155 605 1190 ὑποφέρειν
634 1154 764 1189 γενναίως
791 1161 895 1189 παρεγυ

93 1203 223 1237 γυῶντα;
246 1201 355 1236 Ἐπειδὴ
389 1200 475 1227 ταῦτα
503 1197 572 1226 εῐδεν
605 1200 622 1235 ή
654 1199 762 1235 μήτηρ,
789 1196 845 1234 ἆρά
867 1207 894 1224 τι

93 1247 183 1274 ἔπαθε
211 1246 360 1282 μητρικόν;
377 1243 450 1282 ’Ἆρα
467 1245 628 1281 συνεκινήθη
651 1244 686 1272 τά
710 1244 893 1280 σπλάγχνα,ἢ

92 1293 143 1320 τὸν
169 1292 269 1328 χιτῶνα
294 1291 504 1328 περιερρήξατο,
528 1291 544 1327 ἢ
570 1290 717 1327 περιεχύθη
741 1290 779 1326 τῷ
796 1292 894 1326 τέκνῳ,

95 1338 214 1374 θερμαῖς
236 1339 295 1370 ταῖς
318 1338 432 1368 ὠλέναις
452 1338 498 1365 τὸν
521 1338 664 1374 μαρασμὸν
691 1337 895 1371 ὲπιθάλπουσας

97 1385 219 1418 Ἄπαγε.
233 1385 288 1411 Καὶ
301 1384 333 1410 τὺ
343 1384 428 1410 εἰπεῖν
440 1392 466 1410 τι
478 1379 607 1413 τοιοῦτον,
619 1382 672 1409 τῶν
686 1383 795 1410 ἀτόπων
811 1383 895 1410 ἐστίν.

98 1430 207 1462 Ὄντως
228 1431 260 1457 ἐκ
277 1430 322 1457 τοῦ
349 1429 456 1465 καρποῦ
480 1430 510 1456 τὺ
536 1429 643 1465 δένδρον
661 1429 896 1465 ὲπιγινὼσκομεν”

96 1476 129 1503 οὗ
162 1475 274 1502 δύναται
295 1475 402 1511 δένδρον
426 1475 528 1510 σαπρὸν
552 1475 674 1510 καρποὺς
696 1475 794 1506 καλοὺς
819 1475 898 1510 ποιῆ-

98 1529 157 1548 σαι.

945 928 1104 955 manitatcm
1128 926 1268 954 carniﬁcis
1283 934 1347 961 erga
1364 927 1449 953 virum
1467 925 1574 957 fortem,
1592 929 1735 952 contume-

945 974 1008 1001 liam
1022 981 1075 1000 non
1095 973 1174 1000 tulit:
1194 973 1241 1000 sed
1258 972 1334 999 illmn
1351 972 1460 1008 quidem
1477 973 1646 1007 increpabat,
1662 971 1734 1006 quod

944 1027 959 1046 a
975 1019 1210 1047 commilitonibus
1225 1022 1252 1046 et
1270 1019 1383 1053 collegis
1397 1019 1525 1046 athletam
1541 1021 1733 1053 segregasset;

945 1065 1004 1100 ipsa
1022 1072 1084 1092 vero
1108 1064 1221 1100 martyri
1249 1064 1383 1092 assistens
1403 1064 1522 1099 torpenti
1540 1064 1596 1098 jam
1625 1067 1652 1090 et
1679 1070 1735 1098 prae

945 1110 1136 1145 congelatione
1149 1109 1296 1140 immobili,
1317 1117 1350 1137 ac
1363 1110 1522 1145 conspicata
1547 1117 1610 1137 eum
1636 1109 1736 1145 frigido

945 1159 1026 1190 atquc
1047 1155 1156 1181 infirmo
1172 1154 1292 1181 anhelitu
1303 1154 1452 1186 eoarctari,
1483 1158 1588 1181 tantum
1603 1154 1735 1180 duntaxat

945 1201 1091 1231 viventem,
1106 1204 1136 1227 ut
1150 1201 1291 1228 cruciatus
1301 1200 1423 1232 sentiret,
1435 1200 1553 1227 obscuro
1577 1207 1609 1226 ac
1630 1200 1734 1235 langui~

945 1247 981 1273 do
999 1247 1096 1273 obtutu
1115 1251 1229 1273 matrem
1254 1254 1331 1274 suam
1350 1247 1549 1282 aspicientem,
1566 1250 1691 1274 emortua
1704 1254 1737 1274 ac

946 1291 1077 1326 languida
1101 1300 1183 1319 manu
1215 1292 1372 1320 innuentem
1387 1297 1414 1320 et
1442 1293 1640 1324 consolantem,
1655 1297 1683 1320 et
1707 1297 1737 1320 ut

948 1338 1055 1366 fortiter
1069 1337 1152 1366 ferret
1166 1339 1342 1366 hortantem?
1359 1338 1392 1366 Ut
1405 1339 1463 1366 “320
1479 1343 1565 1365 mater
1574 1338 1651 1372 vidit,
1667 1347 1737 1366 nun-

948 1383 1014 1419 quid
1035 1384 1170 1419 ejusmodi
1192 1384 1314 1419 aliquid.
1341 1385 1422 1419 quale
1446 1385 1582 1412 matribus
1608 1385 1732 1412 accidere

948 1430 1040 1462 solet,
1066 1429 1343 1465 admisit'ZNunquid
1374 1431 1479 1458 viscera
1504 1433 1564 1466 ejus
1599 1438 1736 1461 commota

949 1479 1014 1502 sunt
1029 1495 1036 1506 ,
1053 1479 1101 1501 aut
1118 1475 1238 1502 tunicam
1259 1476 1460 1509 eireumscidit,
1476 1483 1523 1505 aut
1538 1479 1594 1506 filio
1618 1480 1737 1507 circum-

949 1521 1011 1548 fusa
1022 1524 1079 1551 est.
1094 1522 1191 1548 calidis
1207 1522 1280 1549 ulnis
1297 1527 1434 1557 torporem
1448 1532 1481 1552 ac
1496 1525 1676 1553 del'ec:ionem
1693 1535 1737 1554 rc-

98 1572 200 1598 fovens
216 1572 242 1595 et
257 1567 414 1596 refocillans
427 1567 438 1594 ?
453 1568 573 1595 ltemovc
591 1567 698 1595 isthaac.
713 1567 800 1594 Etiam
815 1568 907 1596 dicere
928 1568 1031 1604 aliquid
1055 1567 1191 1603 ejusmodi
1217 1569 1368 1596 absurdum
1407 1575 1460 1598 est.
1495 1570 1533 1598 Et:
1571 1573 1661 1600 fructu
1697 1582 1738 1602 rc-

100 1621 168 1642 vcra
185 1613 311 1641 arborem
330 1613 526 1648 cognoscimus
543 1620 549 1638 :
572 1620 626 1639 non
645 1616 738 1647 potest
756 1612 839 1639 arbor
850 1612 943 1647 putris
957 1617 985 1641 et
1003 1613 1104 1640 vitiosa
1122 1613 1210 1641 bonos
1230 1614 1338 1642 fructus
1353 1615 1517 1650 producere.

144 1660 221 1686 Ἐπεὶ
235 1657 281 1686 οὖν
295 1659 310 1684 ὁ
326 1659 432 1695 καρπὸς
444 1659 493 1694 τῆς
510 1659 659 1694 μαρτυρίας
676 1658 768 1690 καλὸς,
784 1660 894 1686 ἐπαίνε‹

982 1659 1118 1692 Quoniam
1132 1659 1215 1695 igitur
1231 1660 1338 1688 fructus
1355 1663 1478 1697 martyrii
1490 1663 1578 1692 bonus
1589 1669 1642 1698 est,
1656 1666 1737 1694 lauda

99 1714 148 1734 σον
161 1706 212 1741 τὴν
221 1705 396 1742 ἀριστοτόκον
413 1705 528 1741 μητέρα,
545 1706 594 1740 τὴν
608 1705 652 1732 διὰ
659 1705 708 1740 τῆς
720 1706 893 1739 τεκνογονίας

98 1752 270 1788 σωζομένην,
289 1751 380 1783 καθώς
395 1760 476 1786 φησιν
490 1752 504 1777 ὁ
524 1751 692 1782 Ἀπόστολος.
717 1750 825 1787 Ἐπειδὴ
838 1752 892 1788 γὰρ

97 1799 222 1826 τοιοῦτον
244 1797 399 1834 παρέστησε
419 1796 458 1832 τῷ
478 1796 538 1832 Θεῷ
559 1796 604 1824 τὸν
620 1797 735 1833 καρπὸν,
757 1797 827 1833 ὑπὲρ
843 1798 893 1833 τῆς

97 1846 194 1881 κοινῆς
204 1844 258 1872 τῶν
271 1843 407 1879 γυναικῶν
419 1843 607 1879 ἀπελογήσατο
618 1843 735 1878 φύσεως.
748 1843 805 1870 Οὐκ
816 1843 892 1879 ἐμὸν.

99 1891 181 1927 φησὶ,
195 1890 288 1918 τέκνον
305 1890 336 1917 σύ
348 1899 355 1906 ν
367 1890 398 1916 οὺ
411 1890 460 1925 τῆς
474 1889 544 1925 ἐμῆς
558 1890 651 1921 ὠδῖνος
665 1889 810 1925 βλάστημα
826 1898 832 1905 ·
847 1890 893 1916 τὸν

99 1938 170 1965 Θεὸν
182 1935 337 1972 δεξάμενος,
352 1936 422 1962 κατὰ
432 1935 498 1962 Θεὸν
512 1935 669 1971 ἐγεννήθης.
689 1936 803 1968 ”Ελα6ες
815 1935 893 1968 eam»

101 1976 165 2009 σίαν
183 1982 278 2009 τέκνον
301 1981 368 2008 Θεοῦ
400 1981 537 2015 γενέσθαι.
563 1981 657 2017 Δράμε
689 1982 756 2017 πρὸς
777 1981 823 2008 τὸν
848 1982 893 2008 σὺν

100 2028 215 2064 Πατέρα
228 2048 235 2060 ,
260 2027 298 2063 μὴ
314 2026 498 2062 καταλειφθῇς
515 2027 591 2062 παρὰ
612 2027 666 2053 τῶν
681 2027 829 2062 ὁμηλίκων,
856 2027 894 2063 μὴ

99 2074 229 2109 δεύτερος
246 2074 292 2100 ἐπὶ
306 2073 351 2099 τὸν
367 2072 498 2106 στέφανον
515 2072 609 2109 ἔλθῃς,
625 2073 663 2109 μὴ
676 2073 758 2108 ἀτελῆ
776 2075 894 2109 ποιήσῃς

102 2119 237 2156 μητρῴαν
260 2119 343 2154 εὐχήν
356 2126 363 2133 ο
379 2118 410 2144 οὑ
428 2118 560 2153 λυπήσεις
585 2118 707 2154 μητέρα,
732 2118 894 2153 στεφανίτης

100 2164 151 2190 καὶ
163 2162 276 2198 νικητὴς
296 2162 343 2188 καὶ
361 2162 560 2197 τροπαιοφόρος
573 2163 729 2198 γενόμενος.
745 2163 838 2190 Ταῦτα
853 2163 894 2191 λι-

101 2217 190 2244 γουσα
199 2229 206 2241 ,
223 2209 272 2235 καὶ
281 2209 351 2244 ὑπὲρ
363 2208 412 2242 τὴν
425 2209 506 2243 φύσιν
518 2209 617 2244 ἑαυτὴν
627 2209 779 2241 τονώσασα,
795 2210 894 2245 μᾶλλον

101 2257 131 2284 δὲ
147 2255 296 2283 τονωθεῖσα
308 2254 361 2281 ὑπὸ
375 2254 422 2281 τοῦ
438 2254 607 2289 Πνεὺματος,
625 2255 693 2291 αὐτὴ
707 2255 753 2282 τὸν
768 2255 798 2288 ἐξ
809 2257 894 2291 αὐτῆς

104 2301 176 2338 μετὰ
190 2300 243 2328 τῶν
263 2300 364 2327 λοιπῶν
381 2301 428 2328 ἐπὶ
446 2303 495 2336 τὴν
515 2301 623 2336 ἀπήνην
641 2301 769 2334 ἀπέθετο,
790 2302 895 2338 φαιδρῷ

944 1705 1056 1740 optima:
1068 1705 1154 1741 prolis
1173 1709 1300 1738 matrem,
1313 1715 1375 1742 quae
1389 1715 1436 1742 per
1453 1708 1499 1735 lilii
1520 1713 1736 1744 procreationem

944 1754 1085 1782 servatur,
1113 1757 1142 1778 ut
1174 1751 1264 1787 inquit
1291 1753 1484 1787 Apostolus".
1502 1755 1637 1787 Quoniam
1663 1758 1736 1785 enim

943 1797 1024 1823 talem
1046 1796 1100 1824 Deo
1121 1797 1239 1824 fructum
1258 1798 1406 1833 produxit,
1433 1807 1604 1828 communem
1629 1801 1737 1830 feminei

944 1847 1027 1867 sexus
1044 1848 1156 1868 causam
1173 1841 1305 1870 defendit.
1328 1842 1387 1869 Non
1418 1852 1513 1877 meus,
1539 1845 1645 1880 inquit,
1666 1848 1737 1875 filius
1764 1865 1767 1869 -

943 1892 974 1912 es
999 1889 1028 1912 tu
1052 1894 1127 1914 :non
1158 1887 1208 1914 mei
1229 1892 1325 1922 partus
1341 1896 1472 1923 germen:
1496 1892 1624 1926 quoniam
1651 1892 1736 1920 Deum

944 1932 1089 1966 recepisti,
1105 1932 1257 1961 secundum
1276 1933 1359 1962 Deum
1376 1939 1458 1964 natus
1475 1944 1515 1964 es.
1533 1937 1671 1973 Accepisti
1687 1947 1737 1975 pc-

944 1982 1070 2005 testatcm
1087 1983 1117 2006 ut
1131 1978 1204 2007 ﬁlius
1218 1979 1264 2006 Dei
1281 1981 1341 2007 tias.
1362 1980 1447 2009 Curre
1461 1983 1494 2010 ad
1516 1983 1623 2011 Patrem
1647 1990 1737 2020 tuum,

944 2030 980 2049 ne
1002 2024 1168 2059 relinqueris
1182 2024 1216 2051 ab
1230 2024 1286 2052 tuis
1302 2026 1416 2058 cowvis,
1432 2035 1466 2054 ne
1485 2029 1623 2057 secundus
1643 2031 1676 2058 ad
1692 2039 1737 2058 co—

944 2075 1038 2095 ronam
1055 2069 1158 2101 venias.
1174 2077 1210 2097 ne
1226 2069 1334 2096 irritmn
1355 2071 1439 2099 facias
1456 2076 1549 2100 votum
1565 2079 1736 2109 maternum;

945 2121 999 2141 non
1017 2114 1147 2147 oﬁendes,
1167 2123 1222 2143 non
1236 2115 1360 2143 molestia
1381 2117 1482 2145 adicies
1500 2124 1628 2152 matrem,
1656 2121 1678 2148 si
1696 2124 1737 2149 vi-

944 2163 1005 2187 ctor
1022 2166 1182 2192 coronatus,
1201 2162 1224 2189 si
1250 2163 1340 2190 victor
1357 2167 1384 2190 et
1405 2163 1587 2200 triumphator
1605 2169 1737 2196 evaseris.

945 2205 1008 2234 llaec
1028 2206 1123 2235 dicens
1146 2212 1173 2235 et
1195 2208 1267 2236 ultra
1282 2209 1402 2246 (sexus)
1421 2215 1546 2238 naturam
1570 2219 1631 2240 sese
1651 2213 1737 2241 obﬁr-

945 2259 1035 2286 mans,
1058 2253 1114 2281 imo
1133 2261 1199 2282 vero
1224 2255 1355 2283 roborata
1376 2263 1392 2283 a
1415 2255 1541 2292 Spiritu,
1565 2257 1624 2294 ipsa
1646 2267 1680 2287 ex
1707 2268 1738 2288 se

946 2303 1040 2326 natum
1059 2299 1094 2327 ad
1112 2300 1233 2336 reliquos
1256 2302 1284 2329 in
1314 2302 1466 2330 vehiculum
1487 2303 1623 2338 imponit,
1652 2305 1737 2333 alacri

102 2347 144 2383 τῷ
157 2346 297 2383 προσώπῳ
308 2346 355 2373 τοῦ
367 2346 484 2382 ἀθλητοῦ
494 2347 738 2383 προπομπεύουσα.
752 2348 792 2374 Τὰ
805 2348 833 2375 δὲ
848 2348 896 2375 επὶ

949 2346 1025 2372 νυΙιυ
1042 2353 1213 2382 prosequens
1224 2355 1256 2375 ac
1273 2347 1412 2376 deducens
1436 2336 1577 2377 athletam.
1590 2336 1656 2383 Quae
1671 2359 1738 2378 con-

102 2394 212 2425 τούτοις
227 2391 291 2426 cia;
313 2393 480 2429 Ἐνήολησαν
493 2393 531 2429 τῷ
548 2393 609 2429 ἀέρι
628 2394 654 2420 οἱ
671 2394 744 2428 ἆγιοι
756 2414 764 2428 ,
778 2395 896 2429 ἡγιασαν

104 2441 155 2468 καὶ
167 2440 197 2467 τὸ
211 2439 267 2476 πῦρ
278 2440 311 2476 τῇ
329 2439 432 2466 ἑαυτῶν
444 2439 598 2475 προσθήκῃ,
615 2439 664 2476 ὕλη
678 2441 711 2475 τῇ
728 2440 807 2474 φλογὶ
821 2443 898 2474 γενό-

107 2495 196 2522 μενοι.
216 2486 356 2519 Ἦνεγκαν
372 2485 419 2511 καὶ
435 2485 480 2511 ἐπὶ
496 2485 526 2512 τὺ
543 2485 615 2521 ὕδωρ
632 2485 682 2521 τὴν
699 2485 834 2519 εὐλογίαν,
849 2486 898 2513 Διά

105 2532 218 2559 πάντων
235 2530 386 2566 ἐπληροῦτο
412 2530 447 2558 τά
468 2530 527 2557 θεῖα
551 2530 639 2566 λόγια.
657 2531 689 2558 0i
708 2533 781 2566 τρεῖς
804 2532 898 2563 παῖδες

107 2575 428 2613 συμπαραλαμϐάνουσιν
445 2576 484 2608 είς
497 2576 546 2612 τὴν
560 2576 653 2612 κοινὴν
671 2576 834 2612 ὑμνολογίαν
845 2577 897 2612 ψύ-

106 2630 155 2659 χος
169 2622 216 2648 καὶ
227 2620 321 2656 καῦμα
331 2628 338 2635 ’
350 2620 380 2647 τὸ
390 2620 485 2656 ψύχος.
498 2621 540 2647 διὰ
555 2621 604 2656 τῆς
614 2620 723 2656 πήξεως
731 2630 737 2636 ·
751 2622 782 2647 τὸ
792 2621 898 2656 καῦμα,

107 2667 154 2694 διὰ
167 2667 217 2702 τῆς
230 2666 353 2698 καύσεως
363 2674 370 2681 ·
385 2663 451 2692 Εἶτα
464 2665 570 2701 διῆλθον
582 2666 626 2692 διὰ
636 2666 720 2701 πυρὸς
731 2667 778 2692 καὶ
792 2666 897 2698 ὓδατος.

115 2710 186 2738 Ἀλλ’
208 2710 336 2744 ἐπιθυμεῖ
351 2710 437 2737 ταῦτα
451 2710 488 2741 ὡς
503 2711 663 2746 ἐγνωσμένα
678 2711 867 2747 παραδραμεῖν
884 2712 899 2738 ὁ

108 2757 198 2791 λόγος,
210 2756 257 2782 καὶ
267 2755 330 2790 περί
340 2763 411 2787 τινος
419 2755 472 2782 τῶν
484 2755 578 2792 πρώην
586 2755 758 2791 ζητουμένων
771 2757 800 2783 ἐν
811 2754 899 2791 καιρῷ

148 2847 170 2862 ’³
186 2845 375 2879 l'l‘itn.u,15.

944 2396 1038 2420 secuta
1055 2397 1121 2421 sunt
1139 2394 1252 2429 qualia?
1278 2395 1460 2423 Certaverunt
1485 2396 1511 2423 in
1541 2403 1605 2424 aere
1632 2398 1735 2429 sancti.

945 2439 1192 2468 sanctificaverunt
1212 2441 1294 2468 etiam
1317 2441 1406 2476 ignem
1427 2442 1470 2469 sui
1495 2441 1658 2477 adjectione,
1678 2451 1737 2470 ma-

946 2484 1016 2511 teria
1036 2483 1152 2512 ﬂammat
1174 2484 1250 2512 facti.
1269 2484 1404 2513 Tulerunt
1417 2486 1499 2513 etiam
1527 2486 1560 2513 ad
1575 2494 1674 2521 aquam
1688 2488 1736 2515 be-

946 2529 1151 2562 nedictionem;
1169 2537 1217 2565 per
1235 2530 1327 2557 omnia
1348 2529 1535 2565 implebantur
1555 2530 1648 2557 divina
1675 2539 1737 2558 ora-

949 2575 1021 2602 cula.
1043 2574 1111 2602 Tres
1132 2575 1170 2602 illi
1188 2576 1264 2610 pueri
1286 2575 1320 2602 ad
1348 2582 1521 2603 communem
1549 2575 1658 2603 laudum
1689 2576 1736 2603 de-

949 2621 1133 2648 cantationem
1149 2628 1202 2649 una
1216 2627 1361 2649 assumunt
1374 2620 1460 2656 frigus
1475 2627 1503 2649 et
1518 2627 1615 2649 a’stum
1630 2631 1636 2648 :
1651 2621 1736 2656 frigus

950 2673 999 2700 per
1016 2666 1246 2699 congelationem,
1261 2671 1359 2694 mstum
1380 2667 1657 2701 per,combustionem
1670 2677 1675 2694 :
1688 2668 1736 2694 dc-

950 2711 1014 2738 inde
1029 2712 1197 2739 transierunt
1214 2719 1262 2747 per
1275 2712 1363 2747 ignem
1384 2716 1411 2738 ct
1428 2720 1536 2747 aquam.
1554 2712 1652 2740 Verum
1680 2713 1736 2739 lucc

950 2760 1082 2792 tanquam
1094 2759 1157 2785 nota
1171 2757 1330 2792 praatervehi
1345 2757 1421 2793 cupit
1438 2758 1537 2792 oratio,
1550 2766 1583 2786 ac
1596 2758 1630 2786 de
1645 2759 1736 2794 aliqua
