1912 3082
206 110 255 136 771

866 107 895 137 S.
911 105 1075 136 GREGORII
1095 105 1242 134 NYSSENI

1777 108 1828 136 773

204 175 298 196 earum
316 167 497 202 quaestionum
510 175 570 202 quae
592 175 677 202 nuper
693 173 772 194 mota:
786 171 860 200 sunt,
872 175 944 194 nunc
960 167 987 193 in

1040 166 1087 193 νῦν
1102 166 1238 199 ἐξετάσαιο
1259 166 1322 193 Ὅτε
1342 165 1475 202 ἐξωρίσθη
1497 165 1543 193 τοῦ
1563 165 1727 202 παραδείσου
1751 167 1765 193 6
1783 166 1829 193 ἇν-

204 219 326 248 tempore
346 213 484 241 disserere
504 218 586 248 atque
599 217 726 240 tractare.
746 213 926 248 Posteaquam
943 214 991 240 1ιο-

204 267 250 287 mo
264 259 369 294 ejectus
387 264 460 287 esset
478 267 493 286 a
508 259 646 294 paradiso,
659 259 765 294 gladius
779 259 931 292 ﬂammeus.
942 261 990 295 qui

204 309 358 334 verteretur
372 325 379 338 ,
392 305 548 333 destinatus
564 310 592 332 et
611 305 762 332 collocatus
783 310 825 333 est
843 306 876 332 ad
896 309 990 332 custo-

204 351 333 379 diendum
354 350 467 378 aditum.
490 351 522 378 Et
543 359 626 378 causa
650 352 711 378 talis
745 351 922 385 providentia:
944 350 989 378 Dei

204 400 258 428 est,
281 403 315 423 ne
328 396 410 423 homo
433 396 595 431 irrumperet
616 396 650 423 ad
673 397 774 431 lignum
798 398 922 430 vit:e,ac
940 397 989 424 de-

205 445 347 475 gustaret,
370 444 398 468 et
428 444 597 475 permaneret
624 441 797 469 immortalis.
829 439 990 469 Meministis

206 493 321 520 prorsus
342 493 436 512 eorum
448 493 510 520 qua:
527 485 642 520 quaesita
660 485 770 514 fuerunt
784 496 791 514 :
806 487 990 515 recordamini

206 532 282 563 item.
309 535 338 558 ut
359 538 409 566 par
428 535 491 564 est,
513 531 594 559 etiam
617 539 710 559 eorum
733 540 794 567 qua'.
813 540 828 559 a
849 533 928 561 nobis
955 533 990 560 ad

207 576 234 604 id
256 577 328 611 quod
351 577 526 611 quaerebatur
543 577 652 604 inventa
671 581 736 605 sunt
761 598 768 605 .
789 578 836 606 sed
852 579 875 606 si
898 579 989 606 omnia

207 621 242 648 ab
261 621 340 648 initio
361 620 451 648 denuo
481 620 628 656 persequi,
650 625 789 657 totamque
819 621 853 650 de
883 622 990 658 integro

206 667 383 702 quastionem
409 671 527 694 tractare
543 672 570 694 et
601 667 738 702 explicare
757 668 873 695 velimus
890 688 898 699 ,
919 667 988 696 ultra

207 720 287 747 qnam
309 719 428 747 praesens
448 713 518 739 ratio
539 712 670 747 temporis
696 713 838 747 patiatur.
860 721 904 741 res
925 721 988 748 pro-

206 757 340 783 trahetm'.
364 756 403 783 Ac
422 757 537 791 quaestio
556 756 666 792 quidem
690 757 748 784 haec
772 761 894 784 eratzan
906 758 988 784 etiam

207 802 310 829 sanctis
333 806 444 837 propter
465 801 600 837 gladium.
621 802 668 836 qui
689 802 823 836 vertitur,
843 803 989 838 paradisus

207 847 367 874 inaccessus
390 847 493 874 sitYEt
506 855 539 874 an
560 847 669 874 athleta:
689 847 817 882 paradiso
840 849 990 876 excludan-

208 893 272 920 tur?
286 892 415 926 Qmenam
429 893 576 927 promissio
589 893 716 927 deinceps
730 894 776 926 sit,
793 894 873 929 cujus
901 902 991 930 respe-

205 943 250 965 rtu
263 946 312 973 pro
326 939 423 974 pietate
435 940 584 966 certamina
596 940 767 974 suscipiunt?
778 940 854 972 item,
866 949 900 968 an
915 941 991 969 dete-

205 985 278 1012 riore
290 985 444 1013 conditione
455 985 539 1012 futuri
550 986 700 1020 sint,quam
714 987 793 1016 latro,
806 986 838 1013 ad
850 994 930 1021 quem
942 986 992 1014 Do-

206 1031 297 1058 minus
308 1031 385 1061 dixit,
402 1030 485 1058 Hodie
496 1039 594 1057 mecum
605 1032 656 1058 eris
667 1032 693 1057 in
709 1031 835 1066 paradiso
847 1031 886 1058 “1i
899 1031 991 1065 Quan-

205 1083 287 1111 quam
305 1084 358 1103 non
389 1082 484 1111 sponte
503 1085 553 1104 sua
578 1077 647 1104 latro
667 1078 700 1104 ad
724 1086 833 1105 crucem
853 1080 989 1115 accessit;

206 1121 253 1148 sed
270 1128 444 1157 posteaquam
471 1130 554 1158 prope
582 1124 697 1151 salutem
716 1124 777 1157 fuit,
797 1126 991 1155 animadvertit

205 1172 302 1195 acutus
325 1173 352 1195 et
369 1169 527 1204 ingeniosus
543 1168 586 1196 l'ur
599 1169 770 1202 thesaurum.
785 1175 813 1198 ct
828 1176 924 1199 nactus
943 1180 991 1200 oc-

205 1214 342 1241 casionem
355 1215 437 1240 vitam
457 1215 547 1249 rapuit
561 1219 619 1242 arto
641 1214 750 1242 furandi
779 1215 892 1250 pulchre
909 1221 992 1252 atque

205 1259 320 1287 solerter
338 1260 452 1287 abusus.
470 1259 590 1291 Domine.
607 1266 735 1288 memento
751 1262 811 1293 mei.
836 1262 935 1298 inquit,
962 1264 991 1291 in

205 1313 282 1339 regno
305 1310 349 1332 tuo
360 1304 391 1332 “’.
403 1305 480 1332 Tunc
495 1306 539 1334 ille
555 1306 664 1342 quidem
677 1307 832 1342 paradisum
848 1309 992 1344 consequi-

205 1354 268 1376 tur:
286 1349 358 1384 quod
371 1354 461 1377 autem
480 1350 513 1377 ad
528 1355 639 1378 sanctos
654 1352 760 1383 attinet.
787 1351 929 1381 ﬂammeus
942 1361 991 1381 en-

205 1395 244 1422 sis
256 1395 357 1422 adilum
379 1395 538 1430 impeditum
553 1395 663 1422 reddit!
682 1395 754 1424 Sane
776 1405 791 1424 a
811 1397 900 1432 seipsa
918 1406 991 1433 qua!-

204 1439 258 1467 stio
268 1439 429 1467 solutionem
444 1439 601 1468 habet.Nam
611 1446 750 1476 propterea
767 1450 820 1470 non
833 1451 940 1480 semper
949 1445 988 1472 in-

205 1484 390 1518 gredientibus
402 1492 433 1512 ex
448 1484 564 1513 adverso
577 1491 692 1513 stantem
707 1487 825 1522 gladium
848 1486 989 1525 Scriptura
1002 1509 1024 1538 ο

204 1529 385 1562 demonstrat,
399 1538 493 1558 verum
510 1532 592 1559 etiam
609 1532 676 1559 verti
703 1533 779 1569 tingit
794 1543 802 1566 ς
819 1538 850 1562 ιιι
870 1535 990 1572 indignis

205 1575 316 1610 quidem
349 1575 482 1603 adversus
511 1582 660 1612 appareat:
676 1579 766 1614 dignis
781 1587 845 1607 vero
860 1589 956 1610 versus
973 1590 989 1610 a

205 1624 282 1655 tergo
294 1622 418 1654 exsistat,
432 1623 586 1658 expeditum
603 1624 644 1651 eis
659 1624 762 1652 aditum
779 1626 945 1660 patefaciens
955 1628 989 1655 ad

205 1665 307 1696 vitam,
324 1666 394 1693 intra
411 1674 492 1701 quam
518 1667 555 1694 illi
586 1667 684 1695 liducia
703 1670 882 1698 certaminum
912 1672 988 1700 illaesi

205 1708 341 1737 ﬂammam
356 1712 520 1746 transgressi
538 1717 733 1748 penetrarunt:
763 1723 816 1750 qua
843 1717 924 1744 etiam
938 1726 989 1746 nos

205 1754 339 1789 intrepide
355 1761 482 1791 superata
493 1777 499 1788 ,
521 1758 591 1784 intra
607 1759 764 1793 paradisum
785 1762 987 1796 perveniamus,

1042 212 1161 248 ορωπος,
1178 211 1278 246 ἐτάχθη
1302 211 1430 248 φρουρεῖν
1448 211 1496 247 τὴν
1514 211 1615 238 εἴσοδον
1627 211 1742 246 φλογίνη
1763 213 1829 248 ῥομ-

1041 257 1108 292 φαία
1127 258 1145 293 ἡ
1163 257 1345 293 στρεφομένη.
1363 257 1418 284 Καὶ
1440 257 1457 292 ὴ
1475 257 1550 283 αἰτία
1565 257 1614 291 τῆς
1630 256 1759 292 τοιαύτης
1782 257 1829 284 τοῦ

1041 303 1109 330 Θεοῦ
1125 303 1304 339 προμηθείας,
1321 303 1353 329 τὸ
1366 304 1403 338 μὴ
1419 301 1565 337 παρελθεῖν
1583 303 1630 329 ἐπὶ
1646 303 1676 329 τὸ
1694 303 1745 337 τῆς
1756 302 1829 337 ζωῆς

1041 349 1119 382 ξύλον
1137 350 1183 376 τὸν
1206 349 1360 385 ἄνθρωπον,
1380 349 1428 376 καὶ
1454 349 1590 383 ἅψασθαι.
1617 349 1664 375 καὶ
1691 348 1829 384 διαμεῖναι

1041 395 1186 423 ἀθάνατον.
1203 395 1350 430 Μέμνησοε
1368 395 1475 427 πάντως
1487 393 1540 421 τῶν
1551 394 1743 430 ὲζητημένων·
1760 395 1829 430 μέμ-

1040 441 1122 476 νησθε
1135 441 1172 474 δὲ,
1188 441 1226 473 ὡς
1241 441 1313 473 εἰκὸς
1329 441 1375 468 καὶ
1388 441 1441 468 τῶν
1456 440 1524 477 πρὸς
1540 439 1571 467 τὸ
1582 440 1749 476 ζητούμενον
1764 442 1829 476 ἡμῖν

1041 487 1218 522 εὑρημένων·
1235 487 1292 514 ἀλλ’
1309 487 1332 513 εί
1353 487 1496 522 μέλλοιμεν
1521 487 1601 514 πάλιν
1617 487 1665 513 ἀπ’
1679 487 1770 522 ἀρχῆς
1783 488 1830 513 ἑπ-

1040 533 1150 567 εξιέναι,
1174 533 1221 560 καὶ
1235 533 1294 560 ὅλον
1307 532 1499 568 διαλαμϐάνειν
1522 533 1568 559 τὸν
1591 532 1678 567 λόγον,
1692 533 1765 566 ὑπὲρ
1785 533 1829 558 cev

1040 578 1160 614 παρόντα
1180 578 1256 606 ἔσται
1290 579 1385 614 καιρὸν
1416 580 1433 614 ἡ
1455 579 1619 614 παράτασις.
1643 578 1681 605 Τὸ
1711 578 1762 614 μὲν
1783 576 1829 605 οὖν

1040 625 1204 660 ζητούμενον
1217 623 1295 652 τοῦτο
1303 623 1347 660 ἦν·
1365 625 1396 652 Ei
1409 626 1456 652 xui.
1468 625 1525 657 τοῖς
1539 624 1627 659 ἁγίοις
1641 624 1743 656 ἀϐατός
1756 625 1830 651 ἐστιν

1039 671 1054 697 ό
1070 671 1234 707 παράδεισος
1244 671 1289 697 διὰ
1302 671 1353 706 τῆς
1364 671 1552 706 στρεφομένης
1574 671 1712 706 ῥομφαίας
1723 678 1730 685 ·
1746 671 1793 697 καὶ
1805 671 1829 696 εί

1039 715 1086 743 τοῦ
1100 717 1264 751 παραδείσου
1276 717 1301 743 οἱ
1316 716 1432 751 ἀθληταὶ
1442 716 1630 743 ἀποκλείονται
1642 725 1648 731 ·
1659 716 1701 748 τίς
1712 716 1729 751 ἡ
1741 716 1827 749 ὲπαγ-

1039 761 1116 795 γελία
1129 761 1220 788 λοιπὸν
1232 761 1301 796 ὑπὲρ
1315 759 1350 798 ἦς
1371 760 1540 796 ἀναδέχονται
1551 761 1613 792 τοὺς
1623 762 1673 796 τῆς
1687 761 1829 792 εὐσεϐείας

1041 806 1159 842 ἀγῶνας,
1174 807 1222 834 καὶ
1240 808 1264 834 εί
1279 807 1325 834 τοῦ
1343 807 1441 844 λῃστοῦ
1458 806 1568 834 ἔλαττον
1591 807 1693 840 ἕξουσι,
1716 806 1787 841 πρὸς
1800 807 1828 832 ἢν

1041 849 1116 877 εἶπεν
1130 851 1145 877 ὁ
1155 850 1256 885 Κύριος
1270 870 1278 882 ,
1296 851 1336 877 ὅτι
1351 851 1485 885 Σήμερον
1499 852 1562 885 μετ’
1575 850 1648 885 ἐμοῦ
1665 851 1726 884 ἔσῃ
1739 850 1776 877 ἐν·
1790 849 1829 882 τῷ

1040 895 1232 929 παραδείσφ;
1249 895 1346 922 Καίτοι
1374 903 1406 929 γε
1427 895 1475 930 οὐχ
1496 895 1626 926 ἑκουσίως
1643 896 1657 922 ὁ
1672 895 1776 931 λῃστὴς
1791 894 1830 930 τῷ

1042 939 1149 975 σταυρῷ
1165 939 1334 974 προσῆλθεν·
1351 939 1408 966 ἀλλ’
1420 940 1512 975 ἐπειδὴ
1528 941 1611 974 ἐγγὺς
1625 941 1676 975 τῆς
1690 939 1829 975 σωτηρίας

1040 985 1157 1020 ἐγένετο,
1173 983 1241 1012 εἶδεν
1256 986 1269 1012 ὁ
1281 985 1344 1019 ὀξὺς
1358 986 1405 1013 καὶ
1416 986 1520 1021 εὐφυὴς
1535 986 1652 1020 κλέπτης
1665 985 1711 1012 τὸν
1729 985 1829 1021 θησαυ-

1043 1031 1097 1066 ρδν,
1113 1031 1160 1058 καὶ
1173 1031 1308 1066 ἐπιτυχὼν
1326 1030 1422 1067 καιροῦ
1439 1031 1488 1066 τὴν
1506 1031 1578 1066 ζωὴν
1590 1031 1726 1066 ὲληῖσατο,
1739 1031 1830 1062 καλῶς

1039 1079 1073 1112 τῇ
1094 1077 1226 1112 κλεπτικῇ
1245 1077 1292 1104 καὶ
1316 1077 1452 1112 εὐστόχως
1474 1077 1714 1113 ἀποχρησάμενος,
1739 1078 1830 1111 Κύριε

1037 1121 1192 1157 μνήσθητί
1198 1131 1267 1157 μου,
1275 1122 1405 1154 είπὼν,ὲν
1411 1121 1448 1156 τῇ
1453 1123 1598 1156 βασιλείᾳ
1605 1131 1674 1149 σου.
1682 1121 1749 1149 Εἶτα
1758 1123 1830 1149 ἐκεῖ·

1040 1177 1085 1198 νος
1097 1168 1145 1203 μὲν
1153 1167 1274 1200 ἀξιοῦται
1286 1168 1333 1194 τοῦ
1351 1168 1514 1203 παραδείσου
1526 1175 1533 1183 ⁴
1550 1168 1596 1194 ἐπὶ
1605 1168 1634 1195 δὲ
1644 1168 1698 1194 τῶν
1709 1168 1794 1201 ἁγίων
1811 1170 1829 1204 ἡ

1041 1213 1152 1247 φλογίνη
1171 1213 1292 1248 ῥομφαία
1305 1213 1449 1240 διακωλύει
1467 1214 1516 1248 τὴν
1531 1213 1649 1246 εἴσοδονς
1662 1210 1701 1240 Ἦ
1712 1212 1826 1240 αὐτόθεν

1041 1257 1098 1293 ἔχει
1120 1258 1170 1294 τὴν
1189 1257 1267 1284 λύσιν
1292 1258 1323 1284 τὸ
1348 1256 1468 1293 ζήτημα.
1485 1257 1535 1284 Διὰ
1550 1257 1629 1284 τοῦτο
1647 1257 1702 1293 γὰρ
1716 1258 1768 1284 οὐκ
1784 1258 1830 1283 ἀεὶ

1041 1303 1162 1330 ἑστῶσαν
1179 1303 1386 1339 ἀντιπρόσωπον
1400 1305 1456 1335 τοῖς
1471 1303 1583 1330 εἰσιοῦσι
1597 1303 1646 1338 τὴν
1663 1302 1801 1339 ῥομφαίαν
1815 1302 1829 1328 6

1040 1349 1118 1384 λόγος
1141 1349 1252 1382 ἔδειξεν,
1269 1349 1338 1376 ἀλλὰ
1355 1350 1403 1376 καὶ
1421 1349 1607 1385 στρεφομένην
1623 1349 1762 1384 ἐποίησεν,
1784 1349 1830 1376 ἵνα

1041 1397 1095 1428 τοῖς
1114 1396 1162 1431 μὲν
1181 1395 1299 1428 ἀναξίοις
1316 1395 1385 1422 κατὰ
1408 1396 1494 1430 στόμα
1510 1396 1690 1431 προφαίνηται
1705 1417 1712 1426 ,
1729 1397 1787 1427 τοῖς
1800 1395 1830 1421 δὲ

1041 1442 1127 1475 ἀξίοις
1153 1442 1322 1478 στρεφομένη
1348 1442 1418 1469 κατὰ
1435 1442 1519 1468 νώτου
1541 1436 1665 1476 γίνηται,
1689 1441 1830 1468 ἀκώλυτον

1041 1488 1132 1520 αὐτοῖς
1154 1487 1202 1524 τὴν
1223 1487 1325 1514 εῑσοδον
1349 1488 1395 1514 ἐπὶ
1409 1487 1459 1524 τὴν
1480 1487 1552 1522 ζωὴν
1576 1487 1779 1522 ὐπανοίγουσα·
1796 1484 1831 1523 ἧς

1041 1534 1116 1566 ἐντὸς
1136 1534 1236 1560 ἐκεῖνοι
1252 1533 1394 1568 γεγόνασι,
1411 1535 1445 1569 τῇ
1469 1533 1613 1569 παρρησίᾳ
1639 1533 1694 1560 τῶν
1715 1533 1831 1567 ἀγώνων

1041 1579 1155 1611 ἀπαθῶς
1166 1579 1215 1615 τὴν
1231 1578 1317 1614 φλόγα
1331 1579 1516 1614 περάσαντες·
1532 1580 1565 1615 ἢν
1580 1579 1626 1606 καὶ
1645 1579 1726 1614 ἡμεῖς
1742 1579 1830 1610 ἀδεῶς

1041 1625 1211 1661 περάσαντες
1223 1647 1231 1660 ,
1251 1626 1298 1653 τοῦ
1320 1625 1484 1662 παραδείσου
1503 1625 1579 1658 ἐντὸς
1608 1625 1766 1661 γενοίμεθα,
1785 1625 1829 1652 διὰ

1041 1674 1091 1708 τῆς
1100 1673 1246 1709 πρεσὸείας
1260 1673 1350 1700 αὐτῶν
1363 1673 1566 1708 δυναμωθέντες
1580 1671 1647 1708 πρὸς
1659 1671 1708 1708 τὴν
1723 1672 1830 1708 ἀγαθὴν

1041 1719 1185 1754 ὁμολογίαν
1197 1719 1245 1746 τοῦ
1259 1719 1362 1755 Κυρίου
1375 1719 1455 1755 ἡμῶν
1468 1718 1555 1755 Ἰησοῦ
1566 1715 1727 1755 Χριστοῦ,ᾧ
1741 1719 1829 1755 ήδόξα

1041 1766 1081 1797 εἰς
1094 1766 1156 1797 τοὺς
1169 1765 1270 1798 αἰῶνας
1282 1766 1336 1793 τῶν
1347 1765 1462 1794 αἰώνων.
1484 1766 1580 1802 Ἀμήν.

206 1808 254 1835 per
267 1801 375 1828 illorum
404 1802 627 1832 intercessionem
646 1805 800 1834 conﬂrmali
827 1807 860 1835 ad
887 1808 988 1837 bonam
1008 1811 1207 1840 confessionem
1226 1811 1332 1840 Domini
1345 1813 1434 1841 nostri
1457 1812 1521 1841 Jesu
1538 1811 1657 1843 Christi,
1673 1811 1719 1840 cui
1740 1811 1829 1846 gloria

208 1848 234 1874 in
248 1847 346 1874 saecula
362 1848 533 1876 seculorum.
551 1849 645 1878 Amen.

244 1934 267 1950 ’δ
280 1934 347 1964 Luc.
367 1944 445 1969 um,
462 1937 505 1965 45.
545 1938 567 1954 ”
581 1938 646 1966 ibid.
663 1938 707 1967 42.
