1912 3082
57 120 75 148 7
84 121 121 150 «’5

627 121 660 148 IN
681 120 933 154 QUADRAGINTA
957 120 1159 148 MARTYBES.

1655 120 1706 150 7⁵η

711 274 824 318 ΤΟΥ⁹
884 274 1072 318 ΑΥΤΟΥ

168 374 290 430 ΕΙΣ
317 373 513 432 ΤΟΥΣ
549 375 1155 433 ΤΕΣΣΑΡΑΚΟΝΤΑ
1208 376 1602 435 ΜΑΡΤΥΡΑΣ

690 479 801 507 ΛΟΓΟΣ
812 480 1092 508 ΕΓΚΩΜΙΑΣἸἹΚΟΣ

624 558 862 586 ΡΗΘΕῙΣΕΝ
880 560 926 595 Τῼ
942 559 1177 594 ΜᾹΡΤΥΡΙῼ.

759 727 1032 773 EJUSDEM

349 833 426 891 1N
472 833 985 900 QUADRAGINTA
1036 833 1428 890 MARTYRES

703 943 835 972 ORATIO
857 941 1083 972 LAUDATORIA

615 1021 728 1050 DICTA
746 1022 791 1050 IN
808 1021 940 1051 EORUM
954 1021 1155 1049 MARTYRIO.

572 1101 664 1126 Jacobo
674 1101 791 1127 Gretsero
803 1101 858 1127 Soc.
880 1101 942 1127 Jesu
952 1101 1040 1127 Theol.
1052 1103 1202 1134 interprete.

860 1193 895 1200 η-

102 1255 136 1282 οι
152 1254 204 1290 μὲν
212 1254 321 1282 ὁπλῖται
340 1254 484 1290 Ῥωμαίων
493 1256 564 1284 κατὰ
577 1256 660 1292 νόμον
671 1256 793 1293 πάτριον,
809 1256 855 1284 καὶ

944 1256 1131 1284 Romanorum
1146 1256 1248 1284 milites
1265 1263 1341 1283 more
1358 1255 1458 1291 patrio,
1469 1259 1495 1283 et
1511 1257 1624 1292 antiqua
1642 1262 1695 1284 con

67 1300 217 1336 συνήθειαν
229 1301 359 1333 παλαιὰν,
376 1301 410 1336 ἢν
422 1301 516 1333 παῖδες
527 1301 602 1337 παρὰ
617 1302 757 1337 προγόνων
771 1303 857 1330 διαδε-

66 1346 183 1382 ξάμενοι
192 1366 199 1377 ,
218 1347 265 1373 καὶ
279 1346 359 1382 μέχρι
373 1346 420 1372 τοῦ
434 1347 568 1382 παρόντος
579 1347 767 1381 φυλάττουσιν,
781 1348 810 1374 ὲν
823 1349 856 1383 τῇ

67 1393 140 1428 ἀρχῇ
157 1392 204 1419 τοῦ
217 1392 362 1423 ἐνεστῶτος
377 1392 461 1427 μηνὸς
472 1392 521 1427 τὴν
536 1392 686 1419 πανοπλίαν
696 1392 858 1425 ἐνσκευαζό-

67 1446 146 1473 μενοι
161 1459 168 1470 ,
188 1439 234 1465 καὶ
247 1437 399 1474 χωροῦντες
412 1438 457 1465 ἐπί
473 1446 499 1464 τι
517 1438 609 1465 πεδίον
624 1439 783 1474 ήπλωμένον
798 1440 858 1465 lxa-

66 1485 123 1515 νῶς
143 1484 191 1510 καὶ
225 1484 330 1517 ὕπτιον,
350 1484 467 1520 ἔνθαπερ
483 1486 570 1518 ἔξεστι
586 1487 633 1512 καὶ
655 1486 752 1521 δρόμον
768 1486 858 1513 ἵππων

66 1530 200 1561 ἐκτεῖναι,
223 1530 270 1556 καὶ
286 1529 431 1565 μελετῆσαι
443 1531 478 1557 τὰ
492 1532 620 1565 τακτικὰ,
634 1532 682 1559 καὶ
705 1533 796 1559 πᾶσαν
813 1540 860 1566 γυ-

68 1575 226 1611 μνασθῆναι
246 1576 296 1612 τὴν
312 1576 434 1603 ἐνόπλιον
448 1577 563 1612 ἄσκησιν
573 1597 581 1609 ,
601 1578 753 1614 ἀνάμνησίν
765 1587 795 1604 τε
810 1578 857 1605 τοῦ

65 1621 146 1654 ἔτους
161 1622 314 1655 ποιοῦνται,
331 1623 379 1650 καὶ
394 1623 443 1658 τὴν
457 1624 564 1659 ἡμέραν
580 1624 715 1660 ἐπίσημον
734 1625 856 1659 ἄγουσιν.

72 1668 147 1702 Ἐγὼ
161 1668 190 1695 δὲ
210 1669 320 1704 μνήμην
342 1669 488 1704 μαρτύρων
507 1670 611 1702 τελῶν,
627 1671 676 1696 καὶ
699 1670 802 1706 ταύτην
824 1672 857 1707 τῇ

66 1713 221 1749 προτεραίᾳ
236 1714 357 1749 κηρύξας
371 1715 445 1749 ὑμῖν.
459 1715 522 1747 τοὺς
536 1715 582 1742 τοῦ
597 1716 714 1751 Χριστοῦ
728 1717 860 1752 στρατιῶ-

66 1767 118 1791 τας
132 1760 197 1791 τοὺς
209 1763 245 1795 μ’,
255 1760 319 1791 τοὺς
336 1761 426 1788 πᾶσαν
438 1760 593 1796 προθυμίαν
609 1761 858 1797 ὑπερϐαλομένους,

66 1807 97 1832 ἐν
113 1807 171 1837 τοῖς
192 1805 294 1840 ἀγῶσιν
314 1806 428 1838 ὁπλίσας
457 1807 502 1833 διὰ
523 1807 571 1842 τῆς
596 1808 706 1842 μνήμης
739 1807 858 1843 σήμερον

67 1852 245 1887 θαυμαστοὺς
261 1853 318 1884 τοῖς
333 1852 492 1888 δυναμένοις
506 1853 615 1888 βλέπειν
630 1853 779 1888 προϊστημι
790 1862 796 1868 ·
813 1853 859 1880 κό-

66 1898 139 1933 σμὸν
152 1898 201 1933 τῆς
218 1897 390 1934 Ἐκκλησίας,
404 1900 450 1926 καὶ
463 1899 536 1926 λαῶν
548 1899 776 1935 εὐφροσύνην,καὶ
790 1899 857 1926 Θεοῦ

908 1302 1067 1334 suetudine,
1088 1309 1171 1337 quam
1199 1309 1214 1328 a
1231 1301 1384 1336 majoribus
1396 1307 1571 1336 acceperunt,
1581 1306 1608 1329 et
1623 1311 1705 1337 usan

908 1348 941 1375 ad
955 1348 1006 1375 hoc
1020 1352 1127 1382 tempus
1141 1352 1320 1380 conservant,
1340 1347 1418 1375 initio
1444 1347 1574 1375 instantis
1592 1349 1705 1379 mensis.

909 1396 995 1422 armis
1009 1395 1096 1422 induti
1111 1395 1145 1421 ad
1161 1402 1287 1429 campum
1304 1394 1372 1422 satis
1386 1395 1496 1437 plan'um
1508 1397 1536 1421 et
1546 1394 1705 1429 aequabilem

909 1449 938 1468 se
949 1439 1105 1473 conferunt,
1127 1440 1173 1467 ubi
1187 1443 1214 1467 et
1229 1447 1363 1474 equorum
1377 1447 1489 1467 cursum
1505 1440 1662 1472 extendere,
1680 1445 1705 1468 et

909 1495 954 1514 res
983 1487 1116 1514 militares
1148 1486 1297 1518 instruere,
1312 1490 1340 1514 et
1366 1486 1458 1513 omnia
1486 1494 1583 1521 pugnae
1606 1494 1705 1522 genera

909 1532 986 1560 obire
1012 1532 1066 1559 illis
1085 1532 1150 1559 licet
1167 1540 1173 1558 :
1190 1532 1270 1559 simul
1286 1532 1367 1559 etiam
1385 1533 1449 1558 anni
1471 1533 1702 1560 commemoratio-

910 1584 971 1603 nem
993 1575 1107 1608 faciunt,
1124 1579 1266 1610 totumque
1282 1575 1357 1602 illum
1374 1575 1445 1603 diem
1458 1576 1601 1610 splendide
1611 1581 1697 1612 agunt

909 1621 966 1657 Ego
976 1629 1042 1649 vero
1053 1622 1212 1649 memoriam
1226 1625 1377 1656 martyrum
1393 1621 1547 1655 celebrans,
1559 1630 1639 1657 quam
1655 1623 1698 1658 pri

910 1667 954 1694 die
966 1667 1048 1694 etiarn
1063 1667 1142 1694 vobis
1159 1666 1256 1697 indixi,
1280 1667 1462 1702 quadraginta
1477 1667 1578 1696 Christi
1593 1669 1705 1700 milites.

910 1712 984 1739 omni
1011 1713 1095 1739 animi
1129 1713 1272 1740 alacritate
1297 1713 1473 1748 superiores,
1501 1713 1535 1741 ad
1566 1719 1705 1743 certamen

911 1765 1031 1791 armare,
1054 1761 1082 1786 et
1112 1766 1194 1793 quam
1224 1759 1401 1787 admirabiles
1429 1760 1496 1791 sint,
1527 1768 1575 1795 per
1600 1768 1704 1788 memo-

910 1803 980 1830 riam
998 1804 1032 1831 iis
1048 1805 1095 1839 qui
1118 1812 1233 1832 cernere
1255 1809 1360 1840 queunt
1377 1811 1578 1841 repraeswtare
1601 1808 1703 1835 consti-

911 1850 962 1882 tui,
985 1850 1031 1884 qui
1049 1858 1113 1878 vere
1131 1855 1197 1878 sunt
1224 1856 1416 1879 ornamentum
1444 1852 1585 1884 Ecclesiae.
1611 1853 1704 1881 lmtilia

911 1896 1087 1930 populorum,
1101 1901 1127 1923 ct
1142 1897 1227 1932 gloria
1252 1897 1309 1930 Dei,
1325 1898 1372 1932 qui
1396 1898 1451 1926 illis
1470 1899 1557 1926 robur
1574 1900 1703 1935 suppedi-

64 1943 148 1977 δόξαν
170 1943 216 1971 τοῦ
233 1944 435 1980 ὲνισχὺσαντος.
462 1946 591 1981 Ἀριστον
612 1945 640 1971 δὲ
663 1945 770 1977 πάντως
783 1964 791 1977 ,
812 1945 855 1972 καὶ

911 1941 989 1969 tavit.
1018 1941 1156 1976 Optimum
1192 1946 1283 1970 autem
1320 1947 1362 1970 est
1394 1947 1422 1971 et
1450 1944 1704 1973 fructuosissimum

63 1990 138 2024 ἄγαν
154 1990 290 2022 λυσιτελὲς
306 1992 363 2022 τοῖς
379 1991 428 2026 τῆς
447 1992 549 2026 ἀρετῆς
567 1992 734 2028 διηγήμασι,
752 1991 815 2023 τούς
827 2000 857 2018 τε

63 2037 146 2068 νέους
169 2036 363 2072 ἐντρέφεσθαι,
389 2037 436 2064 καὶ
459 2037 642 2073 συνακμάζειν
663 2038 726 2070 τοὺς
746 2038 855 2074 ἄνδρας.

68 2083 105 2108 'll
125 2082 212 2118 ἀκοὴ,
233 2083 314 2119 μέρος
337 2083 519 2118 καιριώτατόν
540 2085 597 2110 ἐστι
613 2083 667 2111 τῶν
692 2084 856 2120 αἰσθήσεων,

63 2128 179 2163 καὶτῆς
195 2129 282 2163 ὅψεως
303 2130 352 2165 οὐχ
366 2127 447 2165 ἦττον
470 2130 633 2158 διδακτικόν.
651 2130 701 2156 Διὰ
725 2130 779 2166 γὰρ
802 2130 857 2157 τῶν

63 2173 145 2199 ὢτων
158 2174 281 2209 ἐναργῶς
299 2175 440 2209 ἐπεισάγει
461 2175 510 2210 τὴν
529 2175 646 2210 μάθησιν
663 2177 722 2207 ταῖς
736 2175 836 2210 ψυχαῖς
847 2182 856 2191 ο

65 2217 114 2244 καὶ
128 2218 249 2251 κίνδυνος
262 2220 292 2246 οὐ
315 2220 412 2256 μικρὸς
431 2221 501 2247 καλὰ
514 2222 666 2256 τυγχάνειν.
683 2220 699 2256 ἢ
718 2221 808 2256 φαῦλα
821 2221 857 2248 τὰ

64 2263 147 2299 διηγή
153 2273 235 2299 ματα.
248 2264 298 2292 οἷα
305 2265 358 2301 γὰρ
370 2267 460 2293 ἐκεῖνα
469 2265 585 2301 λέγεται,
599 2267 725 2303 τοιαύτην
736 2267 857 2302 ἐπάναγ-

63 2318 114 2342 κες
132 2312 188 2342 τοῖς
203 2311 344 2346 λογισμοῖς
360 2313 510 2347 φαντασίαν
524 2313 680 2347 ἐγγίνεσθαι
693 2321 700 2327 ·
713 2313 803 2340 ἔννοια
815 2313 855 2345 δὲ.

64 2357 112 2383 καὶ
129 2356 232 2392 θεωρία
251 2358 298 2384 τοῦ
312 2357 358 2384 νοῦ
373 2358 502 2394 συνεχὴς,
525 2360 565 2391 εἰς
577 2359 724 2394 ἐπιθυμίαν
737 2360 798 2394 ἄγει
810 2359 855 2386 τὸν

64 2402 210 2437 ἄνθρωπον
226 2402 272 2428 τοῦ
292 2404 380 2430 ποιεῖν
394 2403 412 2430 ἃ
425 2404 571 2439 λογίζεται.
584 2405 629 2431 Διό
642 2414 687 2440 μοι
696 2406 746 2442 τὴν
754 2405 856 2441 ἀκρόα-

65 2456 107 2474 σιν
117 2448 286 2491 ιγαληνῶσαν
311 2450 358 2475 καὶ
374 2450 574 2486 ἁμετεώριστον
591 2451 769 2486 εὐτρεπίσατε
780 2461 786 2467 ·
811 2452 855 2479 ἵνα

64 2494 111 2519 καὶ
127 2494 151 2519 οἱ
169 2494 300 2530 μακάριοι
329 2495 468 2531 μάρτυρες
482 2497 619 2532 τιμηθῶσι
642 2498 677 2524 τὰ
698 2498 853 2533 πρέποντα,

63 2538 111 2564 καὶ
125 2538 205 2573 ὑμεῖς
218 2539 262 2566 διὰ
274 2540 323 2574 τῆς
340 2540 451 2575 μνήμης
462 2540 624 2576 παιδευθῆτε
636 2542 665 2568 τὸ
677 2542 788 2573 εὐσεϐὲς
806 2541 854 2569 καὶ

64 2584 200 2618 φιλόθεον.

104 2722 181 2758 Ἐμοὶ
193 2723 222 2750 δὲ
235 2723 376 2758 πρόκειται
390 2723 500 2756 διπλοῦς
517 2725 602 2759 ἀγὼν,
611 2727 658 2752 καὶ
667 2726 726 2759 δέος
737 2727 774 2763 μὴ
787 2727 854 2754 καθ-

62 2768 167 2804 υϐρίσω
191 2769 241 2804 μὲν
256 2770 305 2804 τὴν
328 2769 458 2796 ὑπόθεσιν
481 2772 514 2806 τῇ
529 2771 655 2808 ἀσθενείᾳ
680 2773 731 2807 τῆς
752 2774 852 2809 ἐξηγή-

62 2822 141 2846 σεως.
168 2815 230 2841 Εἴτε
253 2815 308 2851 γὰρ
330 2816 466 2851 ἐννοήσειέ
493 2826 533 2849 τις
553 2818 635 2844 αὐτοῦ
659 2818 706 2845 τοῦ
731 2820 759 2845 ὲν
776 2821 852 2855 χερσὶ

63 2862 225 2897 πράγματος
243 2861 290 2897 τὴν
306 2862 552 2898 μεγαλοπρέπειαν,
566 2865 638 2892 κατὰ
659 2866 755 2898 παντὸς
772 2866 852 2900 λόγου

912 1987 1118 2015 narrationibus
1134 1987 1243 2015 virtutis
1257 1993 1285 2016 et
1308 1996 1399 2016 rerum
1416 1990 1548 2024 praeclare
1562 1996 1704 2026 gestarum

909 2032 1024 2067 juvenes
1048 2033 1190 2065 innutriri,
1214 2037 1242 2061 et
1264 2034 1298 2061 ad
1323 2035 1430 2062 virilem
1457 2040 1565 2063 aetatem
1579 2037 1703 2065 educari.

911 2077 978 2105 Nam
995 2079 1106 2106 auditus
1126 2081 1359 2114 opportunissima
1373 2089 1437 2115 pars
1450 2085 1493 2109 est
1509 2083 1581 2109 inter
1593 2090 1702 2116 sensus,

911 2131 962 2150 nec
987 2124 1078 2152 minus
1103 2125 1135 2151 ad
1157 2125 1321 2152 discendum
1351 2134 1432 2161 quant
1460 2127 1539 2154 visus
1571 2127 1702 2155 confert:

911 2168 1022 2196 auditus
1039 2169 1112 2196 enim
1128 2169 1280 2197 doctrinam
1302 2170 1331 2198 in
1349 2171 1458 2199 animos
1476 2179 1524 2206 per
1539 2181 1621 2201 aures
1642 2181 1703 2208 per-

910 2215 1007 2249 spicue
1040 2215 1212 2248 introduxit,
1247 2225 1298 2244 nec
1330 2225 1427 2253 parum
1463 2219 1578 2247 interest
1608 2221 1703 2255 quales

910 2261 967 2288 sint
993 2262 1180 2294 narrationes,
1197 2263 1276 2290 bonae
1299 2270 1333 2290 an
1361 2264 1449 2296 malae,
1472 2265 1566 2299 proba:
1590 2274 1624 2293 an
1652 2266 1703 2293 im-

909 2307 1004 2342 proha:
1023 2314 1029 2334 :
1046 2314 1110 2334 nam
1134 2309 1230 2343 quales
1250 2309 1304 2336 illm
1327 2314 1402 2341 sunt,
1427 2310 1496 2338 tales
1514 2311 1540 2338 in
1557 2311 1702 2346 phantasia

909 2361 1019 2389 quoque
1042 2354 1177 2390 imagines
1200 2356 1316 2391 produci
1332 2358 1519 2385 necessarium
1546 2363 1588 2386 est
1606 2369 1612 2386 :
1628 2361 1702 2395 cogi-

909 2399 976 2427 tatio
992 2405 1082 2429 autem
1098 2405 1125 2429 et
1148 2404 1281 2429 continua
1298 2403 1399 2431 mentis
1423 2405 1634 2440 contemplatio,
1654 2407 1701 2433 ho.

908 2447 1010 2474 minem
1033 2447 1172 2475 desiderio
1195 2448 1346 2476 incendunt
1366 2450 1400 2477 ad
1426 2451 1563 2486 agendum
1592 2460 1623 2480 ea
1641 2460 1701 2488 qua:

908 2493 1076 2528 cogitatione
1098 2494 1292 2528 apprehendit.
1307 2495 1444 2528 Quocirca
1462 2498 1543 2532 cupio
1562 2501 1592 2525 ut
1609 2499 1702 2533 quiete

908 2543 936 2565 et.
960 2539 1065 2573 absque
1092 2539 1209 2574 strepitu
1241 2548 1284 2568 me
1310 2541 1446 2570 dicentem
1471 2544 1599 2577 audiatis,
1624 2549 1653 2571 ut
1675 2549 1701 2572 et

907 2583 981 2611 beati
1006 2589 1152 2620 martyres.
1178 2590 1258 2620 prout
1281 2586 1370 2618 decet,
1391 2587 1572 2620 honorentur,
1598 2597 1701 2624 vosque

867 2636 888 2665 ο
904 2637 954 2664 per
969 2635 1121 2665 martyrum
1144 2631 1366 2660 recordationem
1392 2633 1426 2660 ad
1449 2634 1578 2669 pietatem
1599 2635 1700 2671 Deique

906 2676 1011 2703 cultum
1031 2676 1229 2705 informemini.

942 2730 983 2758 Me
999 2739 1064 2758 vero
1088 2731 1190 2766 duplex
1210 2733 1284 2761 lucta
1307 2738 1334 2761 et
1357 2739 1448 2763 metus
1473 2741 1583 2769 manet,
1607 2745 1643 2766 ne
1657 2732 1706 2766 di-1

905 2776 985 2803 cendi
1008 2777 1142 2805 tenuitate
1159 2784 1351 2814 argumentum
1378 2782 1501 2810 deteram
1520 2784 1599 2811 :sive
1625 2786 1699 2813 cuitu

904 2823 967 2858 quis
989 2824 1039 2854 rei,
1057 2831 1118 2858 qua:
1137 2833 1193 2860 pra:
1214 2827 1343 2854 manibus
1367 2833 1506 2862 versatur,
1532 2832 1699 2866 magnitudi-

903 2877 964 2897 nem
985 2874 1012 2897 ct
1036 2870 1206 2905 maiestatem
1228 2875 1396 2908 perpendat,
1423 2883 1455 2903 ea
1479 2880 1555 2905 tanta
1579 2882 1644 2913 est,
1668 2883 1699 2907 ut
