1912 3082
229 110 280 138 773

845 107 874 135 S.
900 106 1064 136 GREGORH
1083 107 1233 136 NYSSENI
1820 109 1863 135 776

1853 120 1865 135 D

227 171 350 198 onmium
372 170 550 199 sermonibus
567 169 752 204 pr:cdicelur;
768 169 826 197 sive
850 170 913 204 quis
933 170 1013 196 virun

1075 169 1154 205 φέρει
1172 169 1207 196 τὰ
1231 170 1395 205 νικητήρια·
1422 169 1477 196 εἴτε
1497 169 1542 195 τὸν
1567 169 1622 204 πρὸ
1645 169 1728 203 ἡμῶν
1752 168 1798 194 διὰ
1823 170 1863 203 τῆς

231 219 309 246 illum
327 219 477 249 intueatur,
493 217 538 251 qui
552 219 615 243 ante
627 224 677 243 nos
694 216 788 243 beatos
801 216 877 251 ipsos
894 216 1022 242 laudibus

225 265 334 297 extulit,
356 268 383 291 et
405 264 487 299 quasi
511 263 655 289 coronavit
671 271 677 289 :
693 261 735 288 vir
749 262 772 288 is
788 269 935 289 commune
959 261 1022 288 uni-

227 310 366 338 versitatis
390 308 553 336 miraculum
577 312 630 339 est,
649 307 815 335 eruditionis
839 306 1020 338 Christianae,

227 361 254 384 et
275 364 336 391 quae
352 356 386 383 ab
413 357 538 382 externis
565 353 665 380 tradita
692 357 745 383 est,
760 356 887 380 accurata
913 359 1020 383 norma,

227 401 410 438 philosophia:
439 401 540 436 imago.
563 401 756 434 episcoporum
784 399 871 425 forma
894 403 920 424 rt
940 397 1021 430 libra,

227 453 319 475 rector
347 455 489 475 consonus
515 454 628 481 operum
652 445 734 473 simul
761 449 787 471 et
803 444 949 471 verborum
970 443 1020 478 ta),

227 494 272 521 cui
291 493 362 530 apud
386 501 482 521 omnes
508 493 637 519 mortales
662 491 751 527 gloria
778 490 934 517 indelebilis
955 498 1022 517 con-

228 544 299 572 stat,
325 541 450 575 exceptis
477 544 569 567 tamen
598 539 654 566 illis
686 538 733 573 qui
763 545 852 572 neque
878 536 1019 564 Christum

227 586 407 618 hlasphemiis
449 586 590 612 incessere
627 586 752 612 horrent.
785 583 1019 616 Quemadmodum

226 631 300 658 enim
327 632 419 659 nullus
454 632 592 666 reperitur
623 630 669 666 qui
700 631 784 658 solem
812 629 969 657 illuminare
994 633 1020 655 et

227 677 381 705 calefacere
404 678 508 703 abnuat
524 687 531 704 :
548 677 588 703 sic
606 683 687 703 nemo
705 675 872 702 inticiabitur
890 682 1018 708 magnum

227 722 360 750 Basilium
386 724 508 749 otnniutn
525 722 657 748 virtutttm
678 721 883 756 pulchritudine
905 719 1020 746 decora-

228 774 286 796 tum
310 776 371 796 esse
388 778 394 796 :
411 769 539 796 sublimis
561 768 644 802 igitur
670 767 716 794 ille
741 766 900 794 sublimium
926 766 1021 792 lauda-

227 820 282 847 tor,
306 819 474 850 sanctusque
502 819 660 842 sanctorum
685 814 786 845 cultor,
811 820 861 847 pro
889 813 1020 840 facultate

1074 215 1171 242 ἑαυτοῦ
1187 216 1283 250 σοφίας
1301 215 1511 249 στεφανώσαντα
1527 215 1590 247 τοὺς
1608 215 1706 248 ἁγίους
1716 223 1723 229 ·
1750 214 1824 250 ἀνὴρ
1839 213 1863 241 οἶ

1071 262 1102 288 τὺ
1127 261 1219 296 θαῦμα
1240 262 1290 296 τῆς
1314 262 1477 297 οἰκουμένης
1494 262 1600 288 κοινόν·
1616 262 1745 293 παιδείας
1767 261 1819 294 τῆς
1839 270 1863 287 τε

1073 308 1148 344 παρὰ
1161 309 1332 344 Χριστιανοϊς
1342 329 1350 341 ,
1371 311 1417 335 καὶ
1432 309 1483 343 τῆς
1499 308 1608 341 ἔξωθεν,
1624 308 1718 336 κανὼν
1736 308 1862 343 ἀκριῦὴς,

1073 355 1231 389 φιλοσοφίας
1249 355 1370 390 ἄγαλμα,
1385 356 1542 382 ἐπισκόπων
1560 355 1645 386 τύπος
1662 355 1710 381 καὶ
1732 354 1862 385 κίνδυνος,

1071 400 1230 432 διδάσκαλος
1247 401 1335 436 ἔργων
1349 401 1395 427 καὶ
1411 401 1497 435 λόγων
1512 401 1656 436 σύμφωνος
1666 408 1673 415 ·
1691 400 1772 436 παρὰ
1788 401 1863 426 πᾶσιν

1072 446 1226 481 ἀνθρώποις
1252 447 1487 481 ἀνανταγώνιστον
1506 448 1574 482 ἔχων
1600 447 1649 482 τὴν
1674 447 1860 481 εὐδοκίμησιν,

1072 492 1141 527 πλὴν
1161 493 1184 519 εἰ
1202 492 1239 528 μὴ
1255 493 1319 528 παρ’
1331 490 1371 524 οἷς
1384 493 1444 520 οὐδὲ
1460 493 1577 528 Χριστός
1593 493 1666 519 ἐστιν
1679 493 1861 527 ἁϐλασφῆμη-

1071 547 1126 569 τος.
1148 539 1191 570 Ὠς
1206 539 1261 574 γὰρ
1275 539 1362 570 οὐδεὶς
1381 538 1521 572 ἀντιλέγει
1538 539 1665 573 φωτίζειν
1689 539 1737 565 καὶ
1752 538 1861 573 Gemui-

1071 594 1126 611 νειν
1146 585 1190 611 τὸν
1210 585 1295 620 ἥλιον,
1312 584 1398 616 οὕτως
1411 585 1472 611 οὐδὲ
1495 585 1540 611 τὸν
1555 586 1641 620 μέγαν
1657 584 1802 611 Βασίλειον
1820 585 1861 610 ἀν-

1071 630 1145 664 τερεῖ
1161 639 1201 661 τις
1213 650 1219 660 ,
1242 629 1279 665 μὴ
1293 631 1374 656 παντὶ
1388 630 1427 665 τῷ
1439 630 1532 658 κάλλει
1542 632 1590 665 τῆς
1604 631 1706 665 ἀρετῆς
1723 630 1860 664 κεκοσμῆ-

1072 676 1143 702 σθαι.
1163 676 1280 711 ’Υψηλος
1293 676 1342 711 μὲν
1356 675 1402 703 οὖν
1415 677 1468 703 τῶν
1484 677 1594 712 ὑψηλῶν
1608 678 1758 711 ἐπαινέτης
1770 697 1777 708 ,
1790 677 1861 709 ἅγιος

1071 722 1125 747 τῶν
1142 722 1227 756 ἁγίων
1247 723 1417 758 θεραπευτής
1428 731 1434 738 ·
1453 723 1524 749 κατὰ
1541 723 1590 758 τὴν
1613 722 1772 759 προσοῦσαν
1786 723 1861 749 δύνα-

1073 777 1117 803 μιν
1133 768 1336 803 ἀποπληρώσας
1352 770 1407 801 τοῖς
1422 769 1564 804 ἀριστεῦσι
1576 769 1606 796 τὸ
1619 769 1716 804 γέρας.
1737 769 1815 803 Ἐμοὶ
1836 769 1860 794 ἰὲ

1070 817 1100 842 οὐ
1122 815 1166 841 διὰ
1190 815 1269 842 τοῦτο
1292 816 1459 850 σιωπητέον·
1483 816 1633 851 ἐπειδήπερ
1656 816 1691 842 τὰ
1716 815 1861 850 Θαυμαστὰ

225 870 280 897 qua
302 849 437 898 pollebat;
456 862 568 897 inclytis
593 861 746 888 victoribus
771 860 893 887 debitum
917 866 1013 885 animus

1073 861 1198 896 μεγάλως
1219 862 1234 888 6
1253 849 1396 896 προλαεῶν
1415 849 1582 897 διεκήρυξενι
1602 849 1639 888 σύ
1656 862 1712 896 γάρ
1735 849 1795 887 ἐστι
1818 861 1860 887 νῦν

225 908 364 944 dependit.
391 908 526 936 Caeterum
547 915 592 936 me
617 915 670 934 non
695 907 756 934 ideo
782 911 875 933 tacere
898 909 1017 941 oportet,

225 955 292 990 quia.
309 955 354 982 ille
374 955 451 990 prius
468 954 615 990 magniﬁce
631 958 781 988 martyrum
800 952 959 979 admiranda
977 951 1018 977 [ιι-

225 1007 271 1029 cta
292 1001 497 1036 deprmdicavit,
519 1009 574 1028 non
596 1001 669 1027 enim
692 1001 717 1026 in
737 1001 865 1033 prtesenti
885 1007 947 1026 cum
973 999 1019 1025 illo

225 1053 334 1075 certare
366 1048 559 1081 instituimus,
580 1048 627 1074 sed
652 1047 678 1074 iu
704 1046 730 1073 id
755 1046 960 1075 incumbimus.
991 1048 1019 1071 ut

225 1096 306 1124 vobis
325 1095 499 1123 auditoribus
514 1096 616 1131 aliquid
634 1095 760 1122 utilitatis
776 1093 924 1120 aﬂ‘eramns
946 1102 952 1120 :

1069 908 1084 934 6
1103 908 1203 940 σκοπὸς
1225 907 1326 943 ἅμιλλα
1341 908 1406 942 πρὸς
1424 908 1469 934 τὸν
1486 908 1626 943 εἰρηκότα,
1641 908 1699 934 ἀλλ’
1723 907 1803 941 ὑμῶν
1815 907 1860 941 τῆς

1069 953 1123 981 τῶν
1136 955 1289 981 ἀκουόντων
1305 954 1439 988 ὡφελείας
1453 954 1598 989 ἐπιμέλεια
1608 963 1614 969 ·
1630 954 1733 988 ὼ-ρελεῖ
1751 954 1780 980 δὲ
1800 954 1861 979 ἕκα-

1071 1007 1132 1030 στος
1146 999 1255 1031 πάντως
1272 999 1310 1031 ὡς
1323 999 1444 1032 δύναται,
1463 1000 1513 1034 τῆς
1532 1000 1709 1031 ἀπολαύσεως
1731 999 1787 1025 τῶν
1804 1008 1860 1034 μει-

1072 1045 1154 1078 ζόνων
1168 1046 1243 1081 παρὰ
1256 1045 1312 1072 τῶν
1327 1046 1533 1081 πλουσιωτέρων
1548 1046 1768 1082 χορηγουμένης.

981 1093 1056 1127 capit
1075 1099 1167 1121 autern
1193 1095 1316 1128 qualibet
1347 1094 1460 1121 otnnino
1479 1099 1560 1129 prout
1584 1099 1686 1130 potest,
1713 1102 1747 1121 ex
1781 1093 1859 1120 rebus

226 1145 389 1172 melioribus
409 1144 572 1176 utilitatem,
599 1144 709 1178 quando
736 1143 770 1170 ab
795 1142 1013 1178 opulentioribus
1033 1142 1268 1169 subministratur.

261 1190 348 1226 Igitur
367 1190 548 1226 quadraginta
574 1190 619 1216 isti
637 1189 728 1215 cilicio
752 1189 869 1224 vitaeque
884 1187 1014 1215 instituto

224 1237 326 1264 milites
350 1242 441 1267 erant,
466 1235 589 1262 ltoutauo
614 1234 770 1268 imperatori
790 1234 935 1265 auetoruli,
963 1233 1015 1260 llde

224 1279 377 1308 Christiani
392 1300 400 1313 ,
413 1285 440 1308 et
462 1281 596 1315 religione
614 1279 663 1314 pii.
683 1279 832 1314 Postquam
849 1286 914 1305 vero
930 1279 953 1305 is
967 1277 1015 1312 qui

223 1327 461 1362 illistemporibus
477 1327 624 1362 imperium
640 1326 762 1358 tenebat,
778 1333 850 1353 unus
865 1333 897 1352 ex
915 1332 1012 1352 eorum

224 1381 342 1401 nurnero
365 1373 412 1408 qui
443 1373 536 1408 plures
569 1373 636 1400 deos
664 1372 809 1405 colebant,
843 1370 1014 1398 dmmonibus

222 1421 351 1448 acerbum
373 1420 398 1447 ci
411 1419 557 1447 consilium
580 1424 608 1446 et
629 1418 770 1446 decretum
793 1417 1011 1453 suggerentibus.

222 1474 294 1493 nova
314 1467 371 1501 lege
396 1469 423 1492 et
443 1472 515 1492 novo
536 1465 629 1492 edicto
645 1464 818 1491 Christianos
843 1462 1012 1498 exagitabat,

225 1511 362 1538 mandans
377 1515 408 1537 ut
423 1518 521 1538 omnes
542 1510 657 1540 subditi,
680 1515 726 1536 aut
740 1509 913 1536 daemonibus
930 1508 1012 1535 thura

222 1556 375 1588 adolerent,
399 1559 446 1581 aut
477 1555 529 1582 hoc
550 1554 639 1582 facere
661 1554 859 1586 drtrectantes,
888 1553 948 1580 neci
971 1552 1015 1580 de-

221 1598 361 1630 derentur,
377 1603 403 1625 et
421 1603 484 1626 ante
502 1603 618 1625 mortem
640 1602 698 1624 toto
720 1605 838 1633 corpore
858 1598 935 1624 omni
953 1605 1015 1625 cru-

222 1644 313 1672 ciatus
327 1653 426 1680 genere
449 1645 735 1678 eicaruilicarentur;
756 1649 822 1672 ttmc
842 1643 1014 1680 tyrannieatn

222 1690 416 1716 truculentiam
442 1689 550 1724 Deoque
567 1689 683 1716 invisam
705 1689 790 1724 legem
808 1696 857 1724 pro
874 1688 1014 1715 fortitudi-

222 1735 265 1763 nis
296 1736 474 1763 ostendendte
503 1743 570 1762 ansa
603 1735 673 1762 beati
698 1736 744 1762 isti
777 1735 960 1769 arripientes,
987 1738 1015 1762 et

222 1783 339 1810 seorsim
358 1782 392 1810 ab
408 1782 471 1809 aliis
487 1782 620 1809 militibus
638 1782 768 1808 eximiam
785 1786 814 1808 et
829 1781 943 1808 Christo
966 1781 1014 1808 de-

222 1829 307 1855 ditam
325 1827 465 1867 cohortem
489 1828 705 1856 constituentes.
727 1833 788 1861 qua!
811 1825 912 1853 virtute
932 1826 1014 1860 spiri-

223 1879 268 1902 tus
285 1875 427 1906 militaret,
455 1880 549 1910 aperte
565 1882 626 1902 sese
649 1874 822 1902 detestandis
843 1873 944 1901 litteris
966 1881 1014 1908 op-

223 1925 389 1956 posuerunt,
421 1925 448 1948 et
477 1920 651 1947 concorditer
672 1927 779 1949 omnes,
802 1919 876 1946 velut
901 1927 934 1946 ex
959 1927 1014 1946 uno

221 1975 281 1998 ore,
298 1967 378 1995 [idem
397 1971 519 1994 nostram
533 1966 650 2001 professi
668 1970 742 1997 sunt.
759 1966 894 1996 dicentes,
911 1969 1014 1992 morta~

222 2015 275 2042 lem
293 2014 363 2041 hanc
377 2017 404 2041 et
423 2013 556 2041 caducam
570 2013 653 2040 vitam
668 2020 764 2048 parum
785 2012 838 2040 sibi
853 2019 926 2039 cura:
941 2019 1012 2044 esse.

222 2068 309 2095 seque
323 2059 441 2087 libenter
457 2066 573 2094 corpora
589 2065 639 2085 sua
651 2058 735 2085 variis
752 2061 949 2085 tormentorum
965 2065 1013 2092 ge-

222 2106 337 2133 neribus
369 2104 558 2140 exposituros.
594 2104 770 2140 Quapropter
800 2103 920 2130 crudelis
947 2103 1013 2138 legis

221 2151 363 2178 crudelior
378 2154 526 2178 exsecutor
545 2155 572 2178 et
594 2151 769 2181 administer,
789 2149 929 2177 intellecta
949 2157 1013 2177 san-
1027 2163 1051 2193 ε)

222 2202 330 2224 ctorum
342 2203 443 2229 mente,
455 2196 522 2224 illud
533 2196 687 2227 contendit,
698 2200 728 2222 ut
739 2195 875 2223 alacritati
886 2201 912 2222 et
920 2203 1012 2230 prom-

223 2243 353 2278 ptitudini
375 2243 450 2278 paria
472 2243 607 2278 supplicia
623 2243 777 2274 adhiberet,
795 2246 821 2270 et
842 2243 948 2269 animos
967 2243 1011 2269 in-

223 2289 346 2325 trepidos
363 2294 391 2316 et
406 2290 607 2324 imperterritOs
630 2296 700 2315 novo
718 2293 746 2316 et
766 2289 898 2316 inusitato
914 2288 1010 2315 fortui-

223 2335 296 2362 dinis
324 2335 492 2362 incntienda:
512 2334 593 2361 modo
616 2334 808 2362 terrelaceret.
831 2334 860 2361 Si
879 2334 1012 2369 gladium,

223 2381 331 2416 inquit,
355 2381 410 2408 illis
431 2381 598 2411 comminer,
631 2387 726 2414 parum
753 2381 1013 2412 commovebuntur,

223 2434 315 2462 neque
332 2434 432 2453 manus
457 2424 572 2457 dabunt.
602 2429 667 2452 sunt
690 2425 762 2452 enim
778 2425 829 2452 viri
851 2425 887 2453 ab
904 2425 1014 2453 ineunte

222 2477 302 2500 atate
319 2473 346 2499 in
369 2471 455 2498 armis
476 2471 584 2498 educati
607 2475 633 2498 et
653 2478 728 2497 urina
751 2471 822 2498 ferre
846 2472 959 2498 assueti.
985 2470 1014 2497 Si

223 2520 276 2546 alia
301 2523 500 2549 tormentorum
526 2524 625 2552 genera
655 2517 709 2544 illis
731 2517 860 2550 inferant,
880 2525 1013 2552 generose

224 2566 393 2597 tolerabunt,
416 2568 510 2599 utpote
531 2564 577 2598 qui
602 2563 742 2598 plagarum
754 2567 781 2590 et
792 2563 935 2590 vulnerum
952 2564 1013 2590 diu-

224 2617 335 2639 turnam
363 2610 561 2646 experientiam
586 2610 716 2637 habeant.
739 2608 833 2644 Neque
861 2609 932 2644 ignis
956 2610 1012 2637 l’or—

225 2658 321 2685 tuidini
346 2661 388 2684 est
416 2657 482 2686 illis,
511 2656 558 2690 qui
584 2656 632 2687 ita,
661 2660 689 2682 ut
707 2656 763 2688 isti,
792 2656 928 2682 obdurato
948 2659 1013 2682 sunt

225 2710 345 2739 pectore.
365 2703 430 2730 Eam
449 2703 485 2730 ob
506 2710 618 2730 causam
645 2702 858 2737 excogitandum
882 2706 924 2729 est
944 2710 1011 2736 sup-

224 2751 347 2788 plicium,
363 2751 436 2786 quod
451 2755 479 2778 et
495 2750 722 2777 molestissimum
741 2750 893 2776 cruciatum
910 2750 1008 2784 pariat,

1099 1188 1268 1223 Στρατιῶται
1282 1189 1331 1224 μὲν
1344 1186 1391 1215 οὖν
1404 1189 1429 1215 οἱ
1449 1188 1666 1224 τεσσαράκοντα,
1680 1189 1728 1215 τοῦ
1742 1189 1803 1224 βίου
1814 1199 1859 1225 την

1063 1233 1140 1265 τάξιν
1161 1233 1265 1268 βασιλΞῖ
1286 1234 1339 1260 τῶν
1362 1235 1505 1270 Ῥωμαίων
1527 1235 1681 1261 ὁπλιτεύειν
1707 1236 1857 1270 λαχόντες,

1064 1278 1221 1314 Χριστιανοὶ
1229 1280 1257 1306 δὲ
1268 1280 1316 1316 τὴν
1328 1281 1432 1313 πίστιν,
1446 1282 1492 1307 καὶ
1503 1281 1625 1312 εὐσεὸεῐς
1633 1281 1682 1317 τὴν
1693 1282 1856 1318 θρησκείαν.

1070 1325 1178 1358 Ἐπειδὴ
1197 1326 1226 1352 δὲ
1244 1327 1258 1352 6
1278 1327 1428 1361 τηνικαῦτα
1452 1327 1576 1362 κρατῶν,
1592 1326 1631 1358 εἷς
1653 1327 1690 1354 ῶν
1705 1328 1762 1354 τῶν
1779 1329 1858 1355 πολυ-

1067 1370 1146 1401 θέων.
1164 1372 1298 1407 δαιμόνων
1321 1372 1395 1407 αὐτῷ
1416 1373 1445 1399 τὸ
1460 1373 1556 1408 πικρὸν
1579 1373 1756 1408 ὑποθεμένων
1774 1375 1858 1401 ἐκεί-,ιο

1068 1417 1221 1452 βούλευμα,
1236 1417 1321 1453 καινῷ
1345 1418 1421 1453 νόμῳ
1440 1419 1487 1445 καὶ
1515 1419 1659 1454 γράμματι
1677 1420 1858 1454 Χριστιανοὺς

1067 1463 1165 1498 ἤλαυνε
1176 1483 1182 1492 ,
1200 1464 1328 1495 κελεύσας
1343 1463 1447 1495 πάντας
1461 1465 1522 1494 τοὺς
1539 1465 1676 1498 ὑπηκόους
1688 1483 1694 1494 ,
1707 1464 1724 1500 ἢ
1741 1465 1774 1491 τὸ
1789 1466 1858 1491 λιῦαι

1065 1509 1149 1535 νωτὸν
1162 1509 1297 1543 ἐναγίζειν
1309 1511 1366 1541 τοῖς
1381 1509 1516 1544 δαίμοσιν,
1537 1510 1554 1545 ἢ
1567 1509 1646 1536 τοῦτο
1660 1511 1697 1546 μὴ
1714 1512 1859 1542 ποιοίντας

1066 1554 1174 1589 θανάτῳ
1189 1555 1427 1587 καταδικάζεσθαι.
1451 1556 1497 1582 καὶ
1513 1556 1566 1591 πρό
1584 1564 1615 1590 γε
1632 1556 1683 1591 τῆς
1708 1557 1840 1591 τελευτῆς
1852 1578 1858 1589 ,

1066 1601 1147 1627 παντὶ
1161 1601 1199 1636 τῷ
1216 1601 1322 1637 σώματι
1335 1602 1435 1633 πολλὰς
1454 1602 1599 1636 ὑπομένειν
1612 1603 1660 1634 τὰς
1673 1603 1766 1635 λώϐας
1781 1613 1788 1617 ·
1799 1605 1859 1630 τότε

1065 1647 1096 1682 δὴ
1111 1648 1183 1680 τότε,
1201 1647 1250 1682 τὴν
1261 1648 1426 1682 τυραννικὴν
1441 1648 1582 1683 ὠμότητα,
1597 1649 1643 1674 καὶ
1661 1649 1708 1675 τὸν
1731 1650 1858 1684 μισόθεον

1065 1694 1156 1728 νόμον.
1169 1693 1351 1728 ἀνδραγαθίας
1364 1694 1468 1720 ἑαυτῶν
1479 1695 1502 1720 οἱ
1515 1695 1645 1730 μακάριοι
1657 1696 1856 1730 ποιησάμενοι,

1065 1739 1112 1765 καὶ
1131 1738 1184 1765 τῶν
1201 1738 1288 1765 ἄλλων
1313 1738 1362 1773 μὲν
1380 1739 1583 1774 ἀπορραγέντες
1599 1740 1792 1774 στρατιωτῶν,
1809 1743 1858 1776 φά-

1065 1784 1154 1819 λαγγα
1168 1785 1305 1820 ἐξαίρετον
1320 1785 1367 1812 καὶ
1382 1786 1554 1821 φιλόχριστον
1571 1787 1816 1824 συγκροτήσαντες
1827 1790 1856 1822 τῇ

1063 1831 1176 1867 δυνάμει
1200 1841 1353 1868 στρατηγου
1358 1833 1441 1868 μένην
1463 1833 1510 1860 τοῦ
1530 1833 1691 1868 Πνεύματος
1702 1854 1709 1866 ,
1732 1835 1858 1870 φανερῶς

1064 1879 1178 1911 ἑαυτοὺς
1190 1881 1245 1910 τοῖς
1261 1880 1369 1915 μιαροῖς
1382 1879 1615 1914 ἁντικατέστησαν
1627 1880 1780 1915 γράμμασι
1790 1889 1797 1896 ·
1813 1882 1857 1907 καὶ

1065 1924 1209 1959 σύμφωνον
1225 1924 1339 1956 πάντες,
1352 1924 1391 1955 ὡς
1412 1925 1443 1951 ἐκ
1460 1925 1524 1960 μιᾶς
1539 1924 1663 1960 γλώττης
1675 1945 1683 1957 ,
1697 1925 1750 1962 τὴν
1767 1926 1856 1952 πίστιν

1064 1968 1142 2003 ἡμῶν
1171 1968 1329 2004 ὲξεὸόησαν,
1357 1969 1454 2004 μικρδν
1477 1970 1631 2005 φροντίζειν
1656 1970 1789 2005 λέγοντες
1808 1971 1855 2005 τῆς

1064 2014 1233 2050 προσκαίρου
1249 2014 1351 2049 ταύτης
1371 2016 1460 2050 ζωῆς,
1477 2017 1524 2042 καὶ
1548 2016 1681 2052 παρέχειν
1705 2016 1804 2044 ἑκδοτα
1824 2017 1854 2043 τὰ

1064 2059 1178 2095 σώματα
1199 2060 1335 2092 ποικίλαις
1356 2061 1491 2087 κολάσεων
1518 2061 1611 2093 ἰδέαις.
1640 2062 1670 2089 'O
1690 2063 1785 2089 τοίνυν
1809 2062 1853 2090 τοῦ

1065 2105 1152 2140 βιαίου
1168 2106 1250 2141 νόμου
1268 2106 1501 2142 τυραννικώτερος
1516 2107 1655 2142 ὑπηρέτης
1665 2128 1673 2139 ,
1686 2109 1854 2144 καταμαθὼν

1065 2151 1119 2178 τῶν
1135 2152 1221 2186 ἁγίων
1244 2152 1293 2187 τὴν
1312 2152 1448 2184 ἔνστασιν,
1468 2153 1612 2188 ἰσορροπον
1633 2153 1756 2187 ἔσπευσε
1771 2164 1853 2190 μηχα-

1064 2197 1197 2233 νήσασθαι
1213 2198 1261 2232 τῆς
1283 2197 1436 2233 προθυμίας
1455 2198 1505 2233 τὴν
1520 2199 1669 2234 τιμωρίαν,
1689 2200 1737 2226 καὶ
1759 2200 1853 2235 ψυχαῖς

1064 2245 1215 2276 ἁνενδότοις
1229 2245 1325 2280 καινὴν
1340 2245 1388 2271 καὶ
1404 2245 1554 2281 παράδοξον
1578 2247 1730 2282 ἐπινοήσας
1744 2248 1851 2274 δειλίαν.

1065 2290 1114 2317 Ἂν
1132 2291 1161 2316 τὸ
1176 2291 1252 2325 ξίφος
1265 2291 1356 2322 αὐτοῖς
1369 2292 1519 2327 ἀπειλήσω,
1538 2293 1616 2326 φησὶ,
1639 2293 1742 2328 μικρὸς
1756 2295 1796 2324 εἰς
1812 2302 1852 2319 κα-

1061 2335 1194 2370 τάπληξιν
1206 2336 1220 2362 6
1235 2335 1325 2371 φόϐος,
1340 2337 1386 2363 καὶ
1399 2337 1523 2372 οὐδαμῶς
1539 2338 1744 2372 ὑποκύψουσινα
1762 2340 1851 2374 ἄνδρες

1061 2381 1117 2414 γάρ
1133 2383 1202 2408 εἰσιν
1214 2383 1242 2408 ὲν
1259 2382 1351 2413 ὀπλοις
1362 2384 1393 2408 ὲκ
1406 2382 1508 2408 παίδων
1522 2383 1665 2418 ζήσαντες,
1682 2385 1732 2410 καὶ
1750 2385 1851 2419 σίδηρον

1063 2426 1156 2460 φέρειν
1184 2425 1342 2461 εἰθισμένοι.
1376 2426 1440 2454 Ἐὰν
1464 2427 1547 2460 ἄλλας
1568 2428 1659 2460 αὐτοῖς
1685 2431 1851 2465 προσαγάγω

1063 2471 1196 2503 κολάσεις,
1216 2473 1348 2506 γενναίως
1378 2472 1638 2509 ὲγκαρτερήσουσιν,
1663 2475 1716 2500 οὐκ
1736 2475 1852 2510 ἀπείρως

1063 2517 1171 2553 ἔχοντες
1190 2518 1312 2553 πληγῶν,
1331 2519 1378 2545 καὶ
1393 2520 1566 2554 τραυμάτων·
1591 2520 1652 2546 οὐδὲ
1672 2520 1706 2546 τὸ
1724 2521 1782 2556 πῦρ
1799 2522 1851 2547 ἐστι

1064 2565 1179 2601 φοὸερὸν
1193 2567 1248 2597 τοῖς
1263 2565 1437 2597 ἑνστατικῶς,
1452 2565 1489 2597 ὡς
1506 2564 1587 2598 οὗτοι⁷
1603 2566 1802 2602 διακειμένοις.
1814 2567 1852 2592 Διὸ

1064 2612 1202 2647 προσῆκεν
1213 2611 1387 2647 ἐξευρεθῆναι
1398 2612 1543 2647 τιμωρίαν,
1559 2612 1575 2647 ἢ
1593 2612 1640 2639 καί
1654 2612 1706 2649 τὴν
1716 2613 1851 2647 ἐνέργειαν

1063 2657 1118 2690 ἕξει
1134 2658 1182 2693 τῆς
1193 2657 1337 2692 ἀλγηδόνος
1348 2657 1489 2693 ὀδυνηρὰν,
1506 2658 1554 2684 καὶ
1567 2657 1612 2683 τὸν
1624 2659 1724 2693 χρόνον
1742 2658 1851 2693 μακρδν.

1064 2705 1112 2730 καὶ
1131 2703 1313 2740 παρὲλκοντα.
1330 2703 1363 2730 Τί
1378 2701 1426 2730 οὗν
1440 2703 1579 2739 ἐπιμελῶς
1591 2703 1777 2731 ἐϐουλεύσατο
1790 2705 1851 2731 κατὰ

1063 2750 1118 2776 τῶν
1132 2750 1218 2784 ἁγίων
1230 2751 1244 2776 6
1253 2750 1308 2776 τῶν
1319 2749 1413 2776 κακῶν
1426 2750 1570 2785 σοφιστήςς
1588 2750 1643 2777 Καὶ
1659 2752 1850 2786 μεριμνήσας.

260 2842 298 2879 (α)
320 2843 454 2879 Loquitur
473 2845 506 2873 de
525 2844 552 2872 S.
572 2843 684 2880 Basilio,
701 2845 780 2880 cujus
799 2846 888 2884 etiam.
903 2850 991 2874 exstat
1010 2844 1105 2882 Oratio
1119 2846 1146 2873 in
1163 2853 1197 2873 si.
1217 2844 1365 2881 Martyres.
