1912 3082
90 131 146 159 777

642 134 676 160 IN
694 131 946 167 QUADRAGINTA
976 130 1180 165 MARTYRES.

1677 139 1729 169 778

89 187 173 226 εὗρεν
194 189 314 224 ἐναέριον
327 189 459 220 κίνδυνον,
471 189 500 216 ὃν
513 190 656 227 πρόχειρον
669 191 743 226 αὐτῷ
755 193 872 227 παρεῖχε·

936 195 964 219 et
982 196 1105 228 tempore
1130 194 1199 221 satis
1220 194 1302 231 longo
1318 195 1408 224 duret.
1429 196 1502 230 Quid
1520 197 1604 233 igitur
1618 200 1729 227 consilii

89 237 106 263 ὁ
117 235 226 271 καιρὸς,
242 235 290 262 καὶ
301 235 317 270 ἡ
328 235 414 271 χώρα.
432 235 463 262 Ὀ
475 236 525 270 μὲν
536 237 590 272 γὰρ
605 236 710 272 καιρὸς,
723 235 756 272 ἦν
768 237 870 272 χειμιῖιν
879 246 885 253 ·

88 281 105 307 ὖ
117 281 148 308 δὲ
165 281 248 312 τόπος
258 300 265 312 ,
288 280 418 316 ’Λρμενία
428 301 436 313 ,
451 282 468 315 ἡ
484 282 630 317 πρόσοικος
650 281 743 318 χώρα,
759 283 797 314 ὼς
811 283 866 309 ἴστε
877 305 885 316 ,

88 325 281 361 δυσχείμερος·
295 326 355 352 οὐδὲ
368 326 416 362 τὴν
431 326 479 353 τοῦ
492 327 588 363 θέρους
603 327 678 363 ὥραν
693 327 817 364 ἀλεεινὴν
830 329 886 360 τοῖς

89 371 229 398 ἐνοικοῦσι
246 372 404 407 παρέχουσα
417 392 423 404 ,
439 371 506 399 ἀλλὰ
520 373 646 400 τοσοῦτον
662 373 811 409 ἀγαπητῶς
825 373 885 400 Θαλ-

89 418 200 452 πομένη
211 437 218 449 .
235 418 298 444 ὅσον
311 417 442 453 ἐκθρέψαι
453 418 499 446 τὸν
516 419 652 454 ἄσταχυν·
671 419 795 455 ἀμπέλου
812 420 840 446 δὲ
855 420 884 446 τὸ

88 461 176 496 φυτὸν
195 462 258 497 παρ’
274 462 366 493 αὐτοῖς
389 461 437 488 καὶ
453 463 584 498 ἠγνόηται
595 471 601 478 ·
623 463 696 490 καὶὸ
713 463 750 498 μὴ
776 464 884 499 μακρὰν

87 506 263 543 ἐκδημήσας,
279 506 376 543 βότρυν
388 507 438 534 οὐκ
451 505 521 534 οἶδεν
531 515 538 522 ·
552 509 644 545 ἐρωτᾷ
653 509 682 535 δὲ
700 510 765 544 περὶ
785 518 884 544 σταφυ-

86 552 141 588 λῆς
157 549 235 585 οὗτος
247 574 254 586 ,
270 552 308 584 ὡς
322 554 403 589 ἡμεῖς
418 553 482 589 περὶ
499 553 554 580 τῶν
569 555 634 590 παρ’
663 555 754 586 Ἰνδοῖς
773 556 883 591 γινομέ-

85 607 156 626 νων.
166 599 239 625 Ἑκεῖ
251 599 339 634 χιόνος
350 598 434 634 οὔσης
447 599 593 635 άνατέμνει
604 600 653 635 τὴν
664 600 715 635 γῆν
726 601 739 627 ό
752 601 881 637 σπείρων,

86 645 140 671 καὶ
154 644 199 670 τὸν
214 644 321 680 ἄμητον
339 644 546 680 καταλαμϐάνει
562 645 660 680 νιφάς·
680 647 728 672 καὶ
749 646 795 673 τὸν
813 647 883 682 θερι-

87 691 159 726 στὴν
182 690 344 717 ἀποδύουσιν
367 690 482 726 ἄνεμοι,
499 690 532 717 ἂν
549 691 588 726 μὴ
604 691 707 726 σφόδρα
727 692 882 728 καταδήσας

85 737 187 762 ἑαυτὸν
208 737 264 767 τοῖς
282 736 399 771 ἱματίοις
409 756 416 768 ,
432 736 500 772 πρὸς
514 737 562 772 τὴν
576 736 637 772 βίαν
651 737 705 764 τῶν
719 738 881 773 πνευμάτων

82 782 295 818 διαγωνίσηται.
312 782 480 817 Μετόπωρον
496 782 524 808 δὲ
539 782 586 809 καὶ
602 782 653 818 ἔαρ
673 783 766 818 σχεδὸν
781 784 831 810 οὐκ
846 785 881 810 εἰ-

85 830 144 861 σὶν,
160 829 198 860 ὼς
208 829 284 864 παρὰ
295 828 381 855 κακοῦ
397 828 516 862 γείτονος
530 828 578 855 τοῦ
601 829 734 864 χειμῶνος
753 829 820 864 πρὸς
831 828 880 864 τὴν

84 874 194 902 ἐκείνου
209 874 370 902 δυναστείαν
388 874 615 910 παρασυρόμενα.

939 239 1036 263 contra
1061 242 1174 264 sanctos
1205 239 1278 273 cepit
1302 240 1438 268 malorum
1464 241 1517 269 iste
1544 246 1669 277 repertor
1698 248 1726 272 et

938 280 1057 309 artifex?
1071 281 1196 310 Sollicite
1220 284 1447 319 circumspiciens
1463 287 1568 314 invenit
1583 288 1662 323 quasi
1687 297 1729 317 ae-

938 327 1010 353 rium
1025 327 1204 362 supplirium.
1223 329 1295 364 quod
1319 331 1343 357 ei
1365 331 1558 366 sappeditahut
1571 338 1681 369 tempus
1700 340 1728 362 et

937 372 1022 407 regio.
1036 373 1167 408 Tempus,
1187 374 1276 402 hiems
1300 379 1378 409 eral;
1397 376 1484 409 locus,
1500 378 1642 411 Armenia,
1665 379 1727 406 fini-

916 418 1003 445 ‘tima
1027 419 1109 447 nobis
1123 421 1278 455 provincia,
1300 430 1360 458 qua:
1375 431 1465 458 neque
1487 428 1609 452 aestatem
1628 425 1726 453 incolis

935 464 996 491 sine
1015 463 1127 500 frigoris
1149 466 1295 494 aﬂlictione
1319 469 1421 503 praebet
1434 488 1440 499 ,
1458 468 1506 496 sed
1530 478 1562 497 co
1577 470 1670 498 calore
1685 471 1726 498 fo—

934 515 1023 544 vetur,
1042 512 1088 546 qui
1105 512 1139 539 ad
1155 513 1322 541 frumentum
1346 516 1584 550 progenerandum
1598 517 1700 544 sufficit
1715 527 1723 544 :

933 560 962 582 at
974 556 1036 584 vitis
1051 560 1123 592 apud
1140 558 1202 586 illos
1216 559 1355 595 incognita
1372 565 1424 593 est,
1441 565 1467 588 et
1483 562 1528 597 qui
1545 569 1599 589 non
1614 560 1723 597 loti-gius

933 602 1125 637 peregrinatus
1140 608 1193 635 est,
1218 604 1329 632 botrum
1351 613 1399 633 seu
1417 614 1497 633 uvam
1516 614 1656 641 nunquam
1682 608 1724 634 vi-

933 647 974 674 dit
990 657 996 675 :
1011 648 1046 676 de
1061 657 1113 676 uva
1131 654 1223 677 autem
1238 651 1303 678 talis
1325 658 1379 678 non
1398 652 1478 679 aliter
1500 653 1609 686 qu:crit,
1626 660 1658 679 ac
1672 660 1724 680 nos

932 693 966 720 de
983 693 1038 721 illis
1055 703 1117 729 quae
1142 701 1297 723 nascuntur
1310 698 1381 732 apud
1404 697 1497 725 Indos.
1516 698 1557 725 lbi
1576 698 1640 726 nive
1655 706 1724 726 non-

931 737 996 765 dum
1031 739 1179 774 liquefacta
1209 746 1310 768 terram
1334 742 1489 776 proscindit
1519 744 1638 778 agricola
1664 753 1670 770 :
1695 749 1724 771 et

931 791 1051 811 messem
1083 785 1179 813 bruma
1212 787 1330 822 excipit,
1364 792 1564 824 ventorumque
1593 788 1722 816 violentia

931 837 1083 858 messorem
1107 833 1231 860 vestibus
1264 834 1351 865 exuit.
1377 834 1430 862 nisi
1451 839 1548 862 contra
1577 839 1721 862 ventorum

897 872 916 900 li
933 875 1132 904 vehementiam
1157 879 1266 906 fortiter
1291 880 1456 908 vestimenta
1477 881 1633 916 colligando
1661 888 1722 909 sese

84 921 206 948 muniat.
233 921 389 948 Autumnus
409 927 436 948 et
455 928 503 948 ver
521 921 720 956 propemodum
743 920 781 948 ibi
804 920 880 948 nulla
897 927 972 956 sunt,
993 927 1086 957 utpote
1104 931 1118 951 a
1137 925 1208 952 malo
1233 926 1335 958 vicino,
1369 927 1467 954 hiemis
1505 927 1611 955 scilicet
1634 928 1722 955 incle-

84 967 204 998 mentia.
219 966 374 1001 profligata.

129 1012 186 1039 Ἐπ’
199 1012 307 1047 ἐκείνης
325 1012 412 1039 τοίνυν
435 1012 485 1047 τῆς
501 1011 592 1047 χώρας
607 1013 653 1038 καὶ
670 1011 717 1038 τοῦ
733 1011 879 1043 ἐνεστῶτος

84 1060 173 1094 μηνὸς
185 1058 322 1090 ἀποδύσας
338 1058 403 1090 τοὺς
417 1058 522 1092 ἁγίους,
547 1057 707 1094 ὑπαιθρίους
722 1057 835 1093 ἔστησεν
850 1058 879 1084 ὲν

82 1104 245 1139 ὀλογύμνοις
260 1104 316 1135 τοῖς
348 1103 470 1138 σώμασιν
490 1102 519 1134 ἐξ
539 1102 663 1134 ἐναντίας
680 1102 728 1129 τοῦ
748 1102 880 1138 βασιλέως

81 1149 140 1176 τῶν
164 1149 315 1185 Ἀσσυρίων
336 1149 446 1184 καὶτῆς
473 1147 648 1180 Βαϐυλωνίας
668 1149 800 1184 καμίνου,
816 1149 879 1180 τοὺς

80 1195 134 1230 τῆς
145 1194 285 1225 εὐσεϐείας
300 1194 422 1230 μαθητὰς
440 1193 621 1229 ἀμυνόμενος.
643 1193 726 1221 Οὐδὲν
742 1193 770 1219 δὲ
788 1202 878 1229 παρα-

81 1241 198 1276 πλήσιον
216 1241 255 1272 είς
269 1239 412 1275 ἀλγηδόνα,
425 1239 482 1275 πῦρ
494 1239 603 1274 φλέγον,
622 1240 668 1266 καὶ
689 1240 793 1274 κρυμὸς
807 1249 877 1275 συμ-

83 1287 192 1322 πηγνὺς
220 1286 266 1312 καὶ
285 1285 424 1321 μαραίνων
434 1293 441 1301 ·
453 1285 483 1311 τὸ
499 1285 548 1320 μὲν
560 1285 613 1322 γὰρ
624 1284 663 1320 τῷ
678 1285 779 1320 σιδήρῳ
792 1293 878 1321 προσ-

79 1333 161 1368 ῆκεν,
176 1332 259 1365 ὀξέως
279 1331 344 1365 ἄγον
358 1331 403 1357 ἐπὶ
413 1332 457 1358 τὸν
477 1331 591 1358 θάνατον
601 1340 607 1347 ·
623 1331 653 1358 τὸ
670 1330 699 1357 δὲ
712 1331 762 1366 τὴν
776 1331 872 1366 ὀδύνην

79 1379 145 1413 ἕχον
161 1377 315 1413 ἰσόρροπον,
331 1377 485 1412 παρατείνει
500 1377 549 1413 τὴν
568 1376 706 1412 τελευτήν.
725 1377 874 1413 Ἀργότερα

79 1423 138 1460 γὰρ
154 1423 269 1450 καθόλου
283 1422 317 1448 τὰ
337 1422 389 1449 ὑπὸ
405 1422 509 1458 ψυχροῦ
521 1423 651 1457 γινόμενα
668 1422 753 1457 πάθη,
766 1421 821 1448 οἷον
831 1431 875 1449 τε-

79 1469 217 1503 ταρταῖοι,
235 1468 282 1494 καὶ
298 1468 430 1502 καρκίνοι,
448 1468 495 1494 καὶ
509 1468 654 1503 ἄνθρακες,
669 1468 715 1494 καὶ
735 1469 786 1495 ὃσα
800 1468 874 1502 φιλο-

969 1011 998 1038 ln
1021 1011 1074 1039 hac
1097 1011 1181 1046 igitur
1201 1013 1323 1048 regione.
1345 1014 1466 1042 instante
1485 1022 1589 1046 mense.
1609 1022 1721 1044 sanctos

931 1055 1061 1083 omnibus
1078 1056 1247 1084 indumentis
1268 1056 1401 1091 spolians,
1413 1057 1465 1084 sub
1485 1058 1530 1085 dio
1552 1059 1641 1086 nudos
1664 1063 1721 1086 toto

932 1107 1047 1134 corpore
1062 1100 1220 1133 constituit,
1233 1101 1375 1128 contrario
1388 1101 1534 1136 supplicio,
1563 1109 1645 1137 quam
1673 1111 1721 1130 rex

931 1145 1108 1181 Assyriorum
1127 1153 1190 1172 cum
1201 1153 1251 1173 sua
1271 1145 1438 1181 Babylonica
1465 1147 1576 1175 fornace
1599 1148 1722 1181 discipu-

931 1192 973 1218 los
984 1191 1096 1226 pietatis
1111 1190 1241 1219 adiciens.
1267 1190 1341 1218 Nihil
1361 1199 1427 1219 vero
1447 1193 1537 1220 simile
1560 1193 1595 1220 ad
1615 1194 1721 1221 crucia-

930 1241 986 1263 tum
1020 1235 1194 1264 inferendum
1221 1236 1314 1268 habet,
1340 1237 1412 1272 ignis
1433 1237 1553 1270 ardens,
1578 1238 1721 1274 frigusque

930 1282 1109 1317 compingens
1122 1286 1148 1310 et
1161 1282 1344 1316 tabefaciens;
1364 1291 1426 1310 nam
1454 1284 1525 1318 ignis
1545 1283 1618 1312 ferro
1642 1292 1719 1312 com-

931 1327 1009 1362 petit,
1027 1328 1197 1364 celeremque
1217 1333 1333 1356 mortem
1359 1330 1440 1364 parit,
1465 1329 1551 1365 frigus
1574 1338 1637 1358 vero
1655 1338 1718 1358 cum

931 1373 1021 1401 dolori
1035 1374 1206 1409 procreando
1228 1383 1322 1409 parem
1343 1375 1397 1401 vim
1411 1375 1520 1409 habeat,
1545 1381 1660 1403 mortem
1677 1381 1719 1404 ta-

931 1427 993 1447 men
1018 1420 1145 1455 protelat.
1169 1420 1240 1447 Nam
1270 1420 1452 1448 durabiliores
1475 1425 1540 1449 sunt
1569 1423 1718 1457 generatim

930 1472 1028 1492 omnes
1051 1465 1103 1492 illm
1125 1465 1296 1498 affectiones,
1321 1473 1382 1500 qua:
1400 1474 1415 1493 a
1435 1467 1536 1502 frigore
1549 1466 1718 1500 efﬁciuntur.

81 1513 231 1548 σοφοῦντες
248 1513 366 1548 ὶατρικοὶ
378 1513 427 1548 τὴν
440 1513 545 1549 ψυχρὰν
558 1513 623 1548 ὓλην
638 1514 812 1548 ἀπεφήναντο
822 1514 872 1545 τοῖς

932 1514 961 1537 ut
973 1511 1136 1539 suntfcbres
1154 1516 1304 1546 quartanae,
1323 1519 1433 1543 cancer,
1451 1513 1623 1546 carbunculi,
1644 1518 1672 1541 et
1692 1514 1719 1541 id

82 1557 210 1592 σώμασιν
228 1558 362 1592 ἐμποιεῖν.
383 1556 476 1589 Οὕτως
499 1559 524 1584 οἱ
546 1557 708 1594 ψυχρότεροι
732 1559 779 1585 καὶ
797 1567 877 1593 πιμε-

80 1602 189 1635 λώδεις,
205 1602 367 1638 νωθρότεροι
383 1603 430 1629 καὶ
443 1603 611 1639 δύσχρηστον
622 1604 727 1639 ἔχοντες
739 1604 769 1630 τὸ
782 1604 876 1639 σωμά-

82 1658 142 1676 τιον
151 1657 157 1663 '
170 1650 217 1677 καὶ
226 1650 260 1676 τὰ
276 1649 360 1683 ἄλογα
373 1649 400 1675 δὲ
411 1649 466 1676 τῶν
480 1649 557 1681 ζώων
568 1650 678 1685 ὁμοίως.
697 1650 738 1677 Τὰ
750 1650 800 1685 μὲν
816 1650 878 1686 θερ-

82 1695 189 1730 μότερα
204 1715 212 1728 ,
226 1695 311 1729 ταχέα
328 1695 376 1721 καὶ
399 1695 467 1730 πρὸς
487 1695 536 1731 τὴν
549 1695 709 1729 ἐπείγουσαν
722 1695 815 1731 χρείαν
829 1696 876 1721 εὑ-

81 1740 200 1775 κίνητα·
214 1741 248 1767 τὰ
270 1741 299 1768 δὲ
320 1741 449 1773 ἐναντίως
467 1741 572 1777 ἔχοντα,
597 1741 705 1777 βραδέα,
725 1741 771 1768 καὶ
788 1742 877 1777 νάρκῃ

81 1785 270 1820 πεπιδημένα.
289 1785 383 1817 Οὕτως
405 1786 487 1818 ἵππος
508 1787 604 1822 ταχὺς,
622 1786 747 1822 συριγμῷ
765 1786 875 1822 πρὸτῆς

83 1823 217 1866 μάσέιγος
241 1831 439 1866 διεγειρόμενος
463 1831 531 1866 πρὸς
554 1831 599 1857 τὸν
613 1831 730 1867 δρόμονο
749 1830 847 1866 βραδὺς
861 1831 876 1858 ὁ

79 1877 155 1909 ὄνος,
180 1877 226 1903 καὶ
258 1877 332 1912 μόλις
357 1877 402 1904 διὰ
422 1877 476 1904 τῶν
503 1876 628 1913 ῥοπάλων
652 1876 700 1912 τὴν
720 1877 875 1913 ὁδοιπορίαν

80 1923 184 1952 ἀνύων.
204 1923 292 1956 Ὀξεῖα
310 1924 326 1959 ἡ
348 1923 491 1959 πάρδαλις,
508 1922 583 1958 ξηρῴ
597 1922 644 1949 καὶ
660 1922 753 1957 ϐερμῷ
767 1921 806 1957 τῷ
821 1921 874 1948 σώ-

81 1979 153 2006 ματι
168 1970 328 2006 διιπταμένη
340 1970 389 2001 τὰς
413 1969 501 2001 νάπας
511 1977 518 1984 ⁸
534 1970 551 2003 ὴ
568 1969 677 2004 ἄρκτος,
694 1968 723 1994 τὺ
741 1967 874 1994 ἀνάπαλιν

81 2016 248 2051 παχυτέροις
258 2016 314 2047 τοῖς
324 2015 432 2051 μέλεσιν
443 2013 658 2050 ὲμϐραδὺνουσα.
670 2013 762 2040 Ταῦτα
772 2014 800 2040 δὲ
810 2014 874 2049 ὑμῖν

79 2063 134 2090 οὐκ
152 2062 206 2088 άπὸ
231 2061 327 2097 καιροῦ
347 2061 560 2096 ἑςρυσιολόγησα,
577 2060 633 2087 ἀλλ’
653 2060 696 2086 ἵνα
711 2060 760 2095 τὴν
775 2067 874 2094 καρτε-

81 2109 147 2145 ρίαν
160 2108 214 2135 τῶν
228 2108 333 2144 ἀνδρῶν
347 2107 534 2143 καταμάθητε,
549 2106 595 2134 τὸν
613 2106 712 2141 τρόπον
727 2104 777 2140 τῆς
787 2113 873 2140 τιμω-

80 2156 146 2191 ρίας
164 2153 387 2189 ἐπισκεψάμενοι.
406 2153 516 2188 Χειμὼν
530 2153 601 2179 ποιεῖ
622 2151 762 2187 ποταμοὺς
781 2158 873 2177 ναυσι-

929 1564 1016 1592 genus
1044 1557 1108 1589 alia,
1139 1565 1200 1592 quae
1224 1565 1240 1584 a
1265 1557 1364 1592 frigida
1383 1559 1498 1585 materia
1512 1558 1539 1586 in
1553 1560 1719 1594 corporibus

928 1603 1005 1630 nasci
1021 1603 1190 1630 tuodicorum
1204 1603 1252 1631 filii
1268 1603 1390 1631 tradunt.
1408 1603 1469 1637 Quo
1486 1604 1514 1631 fit
1530 1610 1560 1632 ut
1578 1606 1624 1640 qui
1647 1606 1720 1641 frigi-

928 1647 1005 1675 diore
1030 1651 1057 1675 ct
1078 1649 1206 1676 obesiore
1237 1649 1436 1677 constitutione
1458 1654 1540 1682 sunt,
1567 1651 1623 1678 sint
1649 1659 1720 1686 quo-

927 1701 981 1729 que
1016 1694 1152 1722 tardiores
1184 1698 1212 1722 et
1243 1695 1396 1730 pigriores.
1428 1703 1544 1731 corpore
1574 1696 1607 1724 ad
1638 1705 1718 1724 usum

928 1747 983 1766 non
998 1746 1084 1774 usque
1097 1739 1166 1766 adeo
1179 1740 1273 1767 habili.
1293 1740 1372 1773 Quod
1394 1741 1477 1768 etiam
1500 1741 1528 1768 in
1554 1742 1718 1770 animalibus

927 1785 1047 1812 rationis
1069 1784 1229 1820 expertibus
1248 1793 1362 1813 cernere
1379 1785 1441 1813 licet
1458 1795 1466 1813 :
1493 1794 1556 1814 nam
1575 1788 1717 1820 calidiora,

927 1831 1058 1858 celeriora
1078 1835 1106 1858 et
1134 1831 1168 1858 ad
1181 1834 1322 1866 urgentem
1335 1831 1528 1859 necessitatem
1545 1833 1717 1868 expeditiora

927 1882 1011 1912 sunt;
1038 1884 1098 1912 quae
1112 1885 1177 1904 vero
1207 1878 1345 1904 contraria
1365 1877 1554 1912 complexione
1571 1883 1716 1912 constant.

926 1923 1005 1950 tarda
1017 1925 1082 1950 sunt
1099 1926 1126 1949 et
1153 1923 1354 1958 torporequasi
1366 1923 1468 1950 vincta.
1498 1922 1537 1950 Ita
1565 1932 1653 1959 equus
1676 1933 1718 1953 ce-

926 1969 967 1996 ler
985 1972 1027 1997 est
1046 1969 1108 1997 solo
1124 1968 1222 2003 ﬂagelli
1239 1969 1330 1999 sonitu
1347 1968 1381 1996 ad
1401 1976 1512 1996 cursum
1539 1969 1646 1998 incitari
1670 1978 1717 1998 so-

925 2014 1012 2048 litus;
1033 2014 1129 2042 tardus
1154 2019 1244 2041 autem
1277 2019 1321 2042 est
1343 2014 1450 2046 asinus,
1473 2020 1499 2042 et
1523 2016 1567 2042 vix
1597 2016 1717 2044 fustibus

926 2060 998 2097 adigi
1027 2064 1124 2096 potest,
1140 2063 1170 2087 ut
1194 2065 1315 2095 emptum
1346 2061 1398 2088 iter
1421 2065 1531 2088 teneat:
1555 2062 1651 2097 pernix
1674 2068 1716 2090 est

926 2107 1055 2141 pardalis,
1071 2106 1144 2134 sicco
1161 2110 1188 2133 ct
1196 2106 1284 2133 calido
1300 2113 1416 2141 corpore
1435 2106 1521 2134 saltus
1532 2108 1714 2142 pcrvolitans;

926 2159 1008 2179 Irsus
1024 2159 1040 2179 e
1057 2151 1198 2179 contrario
1218 2151 1394 2179 densioribus
1418 2152 1549 2180 membris
1573 2157 1714 2185 constans,

80 2201 185 2235 πόρους
199 2199 370 2232 πεζεύεσθαι,
385 2199 432 2226 καὶ
447 2198 518 2234 ὓδωρ
533 2197 563 2224 τὸ
575 2197 636 2233 ῥέον
646 2197 685 2228 είς
702 2196 752 2232 τὴν
764 2196 818 2222 τῶν
833 2195 872 2222 λί-

929 2197 1021 2224 tardus
1031 2200 1084 2224 est.
1103 2195 1166 2224 Haec
1177 2201 1269 2224 autem
1287 2205 1320 2224 ex
1337 2199 1442 2224 natura:
1456 2198 1545 2232 adytis
1561 2199 1644 2234 petita
1660 2208 1715 2227 non

79 2246 138 2273 θων
157 2245 318 2280 μεταϐάλλει
345 2244 515 2279 σκληρότητα
528 2250 536 2260 ν
552 2243 598 2269 καὶ
625 2241 727 2276 πέτρας
752 2239 872 2272 διαλύει,

79 2291 146 2318 ὅταν
161 2290 208 2317 τοῦ
225 2290 322 2325 βάθους
337 2289 484 2324 καθίκηται
496 2298 501 2303 -
513 2288 625 2319 καὶτοῖς
641 2286 771 2318 ἐναντίοις
784 2285 875 2321 σώμα-

81 2345 125 2363 σιν
138 2336 230 2372 ἑξίσης
260 2335 418 2371 λυμαίνεται
430 2354 437 2366 ,
452 2335 487 2362 τὰ
499 2335 548 2370 μὲν
565 2333 656 2361 ἁπαλὰ
667 2333 811 2360 λιθοποιῶν
821 2352 829 2364 ,
840 2333 874 2360 τὰ

79 2382 110 2409 δὲ
128 2381 235 2418 σκληρὰ
248 2382 374 2408 διαλύων.
399 2380 492 2411 Οὕτως
510 2381 524 2407 ό
546 2377 617 2411 οἶνος
632 2379 695 2406 όταν
711 2380 787 2414 παγῇ
806 2387 873 2414 μορ-

80 2427 180 2462 φοῦται
202 2427 272 2463 πρὸς
287 2428 333 2454 τὸν
362 2426 522 2462 περιέχοντα
545 2425 634 2457 πίθον,
655 2427 703 2452 καὶ
721 2425 751 2451 τὺ
769 2424 874 2451 ἁπαλὸν

79 2474 170 2501 ἔλαιον
181 2473 288 2500 ἵσταται
322 2473 430 2508 στερεὸν
447 2473 515 2508 πρὸς
528 2472 574 2499 τὸν
589 2472 672 2498 τόπον
691 2471 738 2498 τοῦ
758 2470 871 2505 ἀγγείου

81 2519 286 2555 σχηματισθέν-
318 2520 335 2554 ἠ
361 2518 437 2551 ὖελος
462 2519 489 2545 δὲ
522 2517 568 2544 καὶ
588 2516 719 2551 ὄστρακον
737 2517 872 2552 περιρρα-

78 2565 164 2597 γέντα
190 2565 247 2595 τοῖς
265 2564 358 2599 ὑγροῖς
384 2562 587 2598 διαθρύπτεται.
623 2561 684 2588 Ζὼα
712 2561 739 2587 δὲ
764 2561 799 2587 τὰ
824 2560 874 2596 τὴν

77 2610 168 2644 ὄρειον
186 2609 258 2643 ζωὴν
284 2609 401 2643 λαχόντα
427 2609 474 2634 καὶ
507 2607 654 2642 ὕπαιθρον,
678 2607 712 2633 τὰ
737 2607 784 2642 μὲν
804 2606 872 2633 διὸλ-

77 2655 169 2686 λυται,
185 2654 220 2680 τὰ
233 2655 261 2680 δὲ
282 2655 314 2689 τῇ
339 2654 475 2690 ὑπερϐολῇ
490 2653 536 2679 τοῦ
559 2653 643 2679 κακοῦ
666 2652 872 2679 ἐπιλανθάνεται

78 2700 127 2726 καί
154 2700 204 2734 τῆς
229 2699 400 2734 ἀγριότητος.
426 2699 540 2732 Ἔλαφον.
572 2698 626 2734 γὰρ
657 2699 703 2724 καὶ
739 2697 867 2732 δορκάδες

78 2744 108 2771 ὲν
126 2744 257 2780 μάνδραις
271 2744 424 2776 αὐλίζονται
437 2753 443 2759 ·
465 2743 525 2770 οὔτε
546 2743 629 2774 κύνας
649 2743 709 2769 τότε
724 2742 871 2773 δειλιῶσαι,

78 2790 141 2818 οὕτε
163 2791 226 2822 τοὺς
243 2791 400 2824 ἐγγίζοντας
421 2789 635 2824 ἀποφεύγουσαι.
655 2789 691 2815 Τὸ
708 2789 762 2823 γὰρ
780 2787 872 2823 μεῖζον

78 2837 123 2864 ἀεὶ
149 2836 236 2864 δεινὸν
261 2837 315 2863 τῶν
348 2835 550 2870 ὑποδεεστέρων
580 2835 669 2870 φόϐων
697 2834 745 2869 τὴν
770 2833 871 2860 δειλίαν

245 2884 380 2913 Ριιτιιοι..
410 2883 469 2913 Gn.
484 2882 593 2913 XLVL

925 2242 974 2269 abs
989 2249 1018 2269 re
1031 2241 1109 2269 vobis
1127 2241 1266 2277 proposui,
1286 2241 1333 2269 sed
1349 2247 1378 2268 ut
1397 2241 1566 2277 intelligatis,
1578 2244 1715 2278 quodnam

925 2288 1052 2323 supplicii
1083 2296 1170 2323 genus
1205 2288 1332 2323 generosi
1359 2288 1404 2315 isti
1436 2289 1544 2323 pugiles
1568 2289 1714 2318 subierint.

924 2333 1018 2362 Hiems
1044 2333 1121 2366 facit,
1146 2339 1176 2360 ut
1192 2333 1305 2361 flumina
1325 2333 1493 2367 navigabilia
1518 2334 1634 2369 pedibus
1655 2344 1717 2370 per.

924 2385 1112 2412 transeantur,
1128 2384 1212 2416 utque
1228 2387 1298 2415 aqua
1315 2380 1417 2415 alioqui
1434 2380 1519 2408 fluere
1534 2381 1614 2408 solita
1630 2382 1656 2408 in
1675 2382 1715 2408 la-

924 2426 1018 2461 pidum
1030 2425 1157 2453 duritiem
1173 2430 1352 2454 eonercseat:
1372 2426 1440 2461 quin
1458 2429 1486 2454 et
1506 2431 1599 2462 petras
1616 2428 1716 2455 dissol-

923 2471 973 2502 vit.
994 2470 1105 2505 quando
1123 2471 1157 2498 ad
1177 2470 1343 2506 profundum
1361 2479 1447 2507 usque
1462 2473 1646 2507 penetraverit
1663 2481 1669 2497 :
1688 2477 1716 2498 et

924 2516 1071 2543 contrariis
1086 2516 1250 2551 corporibus
1263 2515 1390 2543 similiter
1405 2517 1508 2550 officit;
1534 2525 1595 2544 nam
1622 2522 1714 2544 tenera

926 2561 954 2588 in
971 2560 1076 2596 lapides
1090 2562 1183 2593 vertit,
1198 2561 1268 2588 dura
1285 2565 1376 2588 autem
1392 2562 1529 2589 dissolvit.
1547 2562 1592 2588 Sic
1609 2562 1711 2594 vimun,

924 2607 1034 2642 quando
1056 2607 1233 2641 congelascit,
1253 2607 1367 2633 formam
1385 2607 1450 2634 dolii
1470 2608 1497 2634 in
1517 2615 1571 2642 quo
1588 2607 1713 2634 contine-

924 2659 978 2685 tur.
993 2653 1093 2686 induit,
1109 2653 1255 2687 oleumque
1269 2652 1402 2686 liquidum
1419 2653 1533 2679 firmiter
1541 2654 1668 2680 consistit
1678 2654 1712 2680 ad

923 2698 1037 2733 ﬁgurata
1051 2699 1124 2726 vasis
1141 2698 1362 2731 conformatum;
1379 2698 1479 2725 vitrum
1496 2707 1580 2733 porro
1599 2703 1627 2726 el.
1641 2703 1711 2726 testa

925 2745 1037 2771 Immore
1052 2743 1276 2778 confringuntur.
1289 2743 1436 2776 Animalia,
1446 2751 1507 2778 qua:
1524 2745 1551 2770 in
1573 2745 1713 2772 montibus

923 2793 949 2816 ct
960 2789 1011 2816 sub
1022 2788 1068 2815 dio
1083 2788 1195 2823 degunt,
1210 2788 1309 2823 partim
1323 2788 1432 2822 quidem
1449 2789 1598 2820 intereunt,
1613 2792 1710 2825 partim

924 2833 1113 2870 magnitudine
1139 2833 1215 2867 mali,
1240 2833 1357 2861 feritatis
1380 2836 1515 2863 naturalis
1541 2836 1709 2864 obliviscun-

1505 2882 1544 2912 25
