1912 3082
225 125 276 152 779

836 117 865 144 S.
882 116 1046 145 GREGORII
1059 117 1206 144 NYSSEM

1803 117 1853 145 780

223 187 278 209 tur.
293 180 371 209 Cervi
387 180 459 207 enim
470 182 498 206 et
510 186 617 213 capreae
633 178 659 205 in
677 177 801 204 mandris
826 185 873 204 seu
897 177 999 203 ovilibu

1068 176 1201 202 ἐκεάλλει.
1221 175 1344 210 Ὀρνιοες
1365 175 1393 201 δὲ
1422 175 1486 210 παρ’
1513 175 1668 210 ἀνθρώποις
1694 174 1851 205 Ξίσθικίζονδ

225 227 408 258 stabulantur,
421 232 510 259 neque
524 231 607 251 canes
620 227 686 250 tunc
705 227 849 256 metuunt;
868 230 956 256 neque
973 231 1015 249 ac-

224 275 378 302 eedentium
395 272 540 300 formidine
556 270 717 305 anfugiunt:
738 277 846 305 semper
864 270 936 296 enim
955 277 1015 304 gra-

225 321 285 346 vius
309 319 410 345 malum
432 317 570 344 minorum
588 316 723 342 malorum
748 315 787 341 lin
799 322 874 340 orem
892 315 1012 348 expellit.

225 365 297 390 Aves
315 367 405 390 autem
430 369 492 389 cum
516 360 674 387 hominibus
695 360 828 391 habitant.
849 363 876 386 et
896 360 947 386 sub
966 367 1012 386 eo-

226 409 287 436 dem
313 412 385 435 tecto
406 411 529 434 manent.
551 406 585 432 At
610 405 734 433 homines
753 412 829 432 mare
848 404 966 438 fodiunt,
985 409 1012 432 et

226 453 414 481 instrumentis
429 452 530 487 quibus
543 451 643 486 alioqui
657 450 761 485 lapides
776 450 894 481 caedunt,
912 458 1009 485 aquam

226 499 401 533 percutiunt:
424 502 450 525 et
472 497 571 525 vicinis
592 505 702 531 quoqtle
727 497 839 524 sedilms
857 497 958 528 dissiti,
981 504 1011 523 se

227 549 322 572 nuituo
344 545 421 572 adire
439 546 588 578 nequeunt.
610 542 749 577 Ejusmodi
771 547 879 577 tempus
894 545 1010 577 tyranno

227 598 302 618 arma
327 590 458 617 adverSus
482 593 616 623 martyres
637 588 829 623 suppeditavit.
862 587 1009 622 Oportebat

226 635 312 667 enim,
330 639 360 662 ut
375 638 497 670 apparet,
509 634 613 661 beatam
626 634 703 661 istam
721 633 859 661 cohortem
872 641 1009 660 cumnovo

227 680 353 715 supplicii
376 687 474 714 genere
494 679 660 713 depugnare,
693 682 722 705 ut
756 686 810 712 prae
835 678 929 705 multis
947 678 1007 705 aliis

225 726 391 761 martyribus
412 725 577 759 singularem
592 728 619 751 et
642 724 768 751 eximiam
785 723 900 758 gloriam
919 724 1006 759 adipi-

224 774 377 798 seerentur.
399 769 516 796 Stabant
544 768 627 803 igitur
654 771 813 799 trementes,
838 773 865 795 et
886 769 1006 796 membra

224 815 447 850 congelabantur,
462 819 490 840 at
510 817 600 842 mente
623 813 732 840 immota
757 818 784 840 et
811 813 1005 848 imperturbata

224 861 347 895 angelis,
378 859 533 887 hominibus
568 863 594 886 et
621 858 791 885 daemonibus
819 858 1004 893 spectaculum

223 905 397 932 exhibebant.
428 905 522 939 Angeli
537 903 608 931 enim
632 903 829 938 separationem
855 903 1006 930 animarum

224 950 414 984 acorporibus
441 949 651 984 exspectabant,
676 952 706 975 ut
729 948 789 976 illas
815 949 842 975 in
869 949 1005 984 propriam

223 997 324 1021 sortem
346 997 373 1020 et
396 994 541 1020 stationem
564 993 739 1020 deducerent.
765 991 894 1020 Homines
916 996 1006 1020 autem

223 1039 449 1074 praestolabantur
466 1038 545 1065 linem
557 1057 566 1069 .
589 1038 741 1065 communis
754 1043 858 1064 natura:
879 1038 961 1064 robur
979 1041 1006 1065 et

223 1085 371 1119 potentiam
391 1083 557 1118 probantes;
581 1090 642 1117 qua:
677 1086 788 1117 propter
821 1082 946 1109 timorem
977 1086 1005 1109 et

223 1136 299 1164 spem
316 1128 399 1155 futuri
416 1132 456 1155 tot
471 1136 502 1155 ac
516 1128 598 1155 tantis
611 1127 779 1154 cruciatibus
805 1127 930 1162 superior
944 1135 1005 1154 esse

222 1180 324 1210 posset.
337 1175 372 1201 At
386 1175 533 1205 daemones,
546 1173 655 1200 curiose
665 1172 698 1199 ad
709 1179 751 1204 ea,
759 1179 819 1207 quae
827 1172 1002 1207 gerebantur,

221 1219 411 1252 intendebant,
423 1227 484 1246 cum
499 1226 597 1254 magno
617 1218 753 1246 desiderio
768 1218 876 1245 videndi
894 1218 1001 1244 ruinam

221 1265 384 1292 athletarum
417 1268 444 1292 et
482 1264 665 1299 periculorum
689 1263 922 1290 detrectationem.
949 1263 1002 1290 Sed

220 1318 283 1344 spes
297 1310 404 1338 illorum
422 1310 534 1337 confusa
548 1313 599 1341 est,
618 1313 729 1344 propter
746 1308 833 1339 illum,
860 1309 905 1342 qui
927 1315 1002 1334 mar-

220 1359 293 1390 tyres
310 1355 384 1381 intus
404 1354 595 1381 continuabat.
620 1353 778 1380 [intuebatur
800 1352 872 1379 enim
891 1353 1000 1380 mutila-

219 1401 307 1427 tiones
323 1400 436 1435 quilibet
450 1399 586 1434 proprias,
602 1403 629 1425 et
643 1399 768 1430 aliorum,
780 1406 884 1426 omnes.
908 1398 940 1425 Et
957 1399 1001 1426 hic

218 1444 327 1479 quidem
340 1444 445 1479 iacebat
460 1443 528 1478 pede
537 1448 583 1470 aut
603 1444 695 1478 digitis
712 1444 914 1476 diﬂluentibus;
930 1444 1000 1471 alius

216 1488 324 1522 jacebat
345 1489 428 1516 insito
450 1487 541 1515 calore
566 1487 622 1521 jam
649 1488 758 1523 penitus
785 1488 946 1524 refrigerato
972 1492 1000 1516 et

217 1534 362 1561 exstincto.
377 1533 610 1567 Quemadmodum
621 1539 712 1561 autem
722 1535 911 1562 violentissimi
927 1535 998 1562 venti

217 1587 279 1606 cum
301 1580 388 1606 locum
414 1579 466 1606 sibi
488 1579 614 1606 idoneum
638 1578 764 1614 perﬂant,
797 1584 892 1615 postea
918 1581 999 1608 arbo-

218 1633 278 1652 rum
293 1625 412 1652 culmina
429 1625 627 1657 concutientes,
642 1621 774 1653 radicitus
791 1626 942 1661 exstirpant
972 1631 999 1654 et

217 1670 244 1696 in
258 1674 357 1697 terram
371 1674 548 1703 prosternunt
565 1679 571 1698 :
596 1671 635 1698 sie
661 1670 695 1697 ab
716 1671 766 1698 hac
792 1671 879 1698 hieme
900 1672 999 1700 nobilis

216 1715 268 1743 ista
287 1715 426 1743 beatorum
438 1716 560 1751 pugilum
578 1716 678 1744 cohors
694 1715 801 1751 dejecta
814 1721 856 1744 est
868 1736 876 1748 ,
892 1717 998 1745 nobiles

216 1762 341 1789 videlicet
357 1761 475 1796 paradisi
485 1762 592 1796 plantat,
609 1761 748 1789 societatis
767 1761 892 1789 humana:
904 1762 998 1796 decus,

1065 230 1123 252 ται,
1145 221 1190 247 καὶ
1213 221 1339 256 μένουσιν
1358 221 1518 256 ὑπωρόφιοι.
1538 219 1691 254 ’Λνορωποι
1709 219 1739 245 δὲ
1757 219 1851 245 πόντον

1062 265 1213 301 ὀρύττουσι,
1225 266 1270 292 καὶ
1281 265 1431 300 λιθουργοῖς
1442 266 1567 300 ὀργάνοις
1589 265 1619 290 τὸ
1627 264 1697 300 ὕδωρ
1709 264 1812 290 κόπτον
1818 271 1849 289 σι·

1062 312 1108 337 καὶ
1118 311 1142 337 οἱ
1156 311 1268 345 πλησίον
1278 310 1402 344 ἀλλήλοις
1417 311 1468 336 οὐκ
1481 311 1680 344 ἐπιμίγνυνται.
1694 309 1724 335 '0
1732 307 1850 339 τοιοῦτος

1061 357 1156 391 καιρὸς
1185 356 1265 382 ὅπλον
1280 355 1318 390 τῷ
1332 356 1456 390 τυράννῳ
1477 355 1547 382 κατά
1559 354 1610 381 τῶν
1628 354 1776 390 μαρτύρων
1793 353 1850 386 ὲγὲι

1060 410 1131 429 νετο.
1145 402 1217 429 Ἔδει
1233 402 1298 437 γὰρ,
1312 402 1350 433 ῶς
1366 402 1448 431 ἔοικε,
1460 402 1510 436 τὴν
1528 401 1648 436 μεγάλην
1675 401 1723 427 καὶ
1739 399 1850 434 σύμφω-

1061 456 1104 474 νον
1114 447 1167 474 τῶν
1189 448 1331 483 μακαρίων
1355 447 1481 482 φάλαγγα
1499 446 1584 481 καινῷ
1597 448 1690 481 τρῆπῳ
1712 445 1848 480 τιμωρίας

1059 493 1284 527 ἐναγωνίσασθαι,
1295 493 1336 519 ἵνα
1350 492 1417 528 πρὺς
1425 492 1487 523 τοὺς
1502 492 1614 523 πολλοὺς
1624 491 1678 518 τῶν
1701 491 1848 526 μαρτύρων

1059 537 1222 573 ἀσύγκριτον
1231 538 1383 573 κτήσωνται
1391 538 1583 572 τῆςεὺσεϐεἱας
1594 537 1642 572 τὴν
1655 536 1848 570 δόξαν.Ἔστη-

1059 592 1108 609 σαν
1122 581 1178 614 οὖν,
1197 583 1244 610 καὶ
1267 584 1420 618 ἐπήγνυντο
1436 583 1469 610 τὰ
1485 583 1553 618 μέλη
1566 583 1723 618 τρέμοντες,
1736 581 1785 608 καὶ
1800 581 1849 616 τὴν

1058 629 1169 665 γνώμην
1182 629 1328 664 ἀκλόνητον
1345 629 1461 664 ἔχοντες,
1483 629 1546 655 θέαν
1563 628 1728 663 παρέχοντες
1745 627 1848 660 ἐναγώ-

1058 683 1123 705 νιον.
1153 675 1290 709 ἀγγέλοις,
1311 674 1464 710 ἀνθρώποις
1487 674 1534 701 καὶ
1557 674 1700 709 δαίμοσι...
1720 672 1848 706 Ἄγγελοι

1058 721 1108 756 μὲν
1123 721 1169 747 τὸν
1184 720 1322 756 χωρισμὸν
1333 721 1387 746 τῶν
1399 720 1491 755 ψυχῶν
1506 719 1634 755 ἀνέμενον
1644 739 1652 751 ,
1665 720 1707 745 ἵνα
1724 718 1848 754 παραλαφ

1056 765 1147 796 εόντες
1162 765 1246 796 αὑτὰς
1259 764 1328 800 πρὸς
1343 765 1387 790 τὶιν
1402 764 1465 790 ἴδιον
1485 763 1641 797 ἀναγάγωσι
1659 762 1771 797 κλῆρον.
1786 762 1849 786 Ἀν-

1057 809 1160 845 Optimo:
1171 809 1198 835 δὲ
1212 809 1242 835 τὺ
1257 809 1333 840 τέλος
1355 809 1549 844 ἐκαραδόκουν,
1564 808 1614 842 τῆς
1629 807 1723 842 κοινῆς
1739 806 1848 841 φύσεως

1021 853 1042 880 Β
1055 856 1104 891 τὴν
1121 855 1234 890 δύναμιν
1247 854 1455 889 δοκιμάζοντες·
1475 855 1500 880 εἰ
1511 853 1555 880 διὰ
1571 853 1651 887 φόϐον
1676 853 1723 879 καὶ
1751 851 1847 878 ἐλπίδα

1056 902 1102 928 τοῦ
1120 901 1261 936 μέλλοντος
1279 900 1444 936 τηλικούτων
1468 898 1677 934 κατευμεγεθεῖν
1691 898 1849 934 ἀλγηδόνων

1058 948 1206 983 ἰσχύοιμεν.
1222 947 1353 982 Δαίμονες
1369 946 1397 972 δὲ
1420 945 1521 980 σφόδρα
1540 946 1683 981 προσεῖχον
1699 945 1756 975 τοῖς
1772 953 1847 978 γινο-

1059 993 1161 1028 μένοις,
1173 991 1368 1026 ὲπιουμοῦντες
1383 990 1446 1017 ἰδεῖν
1459 991 1508 1025 τὴν
1527 990 1629 1016 πτῶσιν
1641 990 1694 1016 τῶν
1709 989 1846 1024 atoma»,

1055 1039 1102 1065 καὶ
1118 1039 1168 1073 τὴν
1182 1037 1250 1073 πρὸς
1263 1037 1326 1068 τοὺς
1343 1036 1480 1068 κινδύνους
1496 1035 1625 1071 ἄνανδρον
1648 1036 1845 1070 ἀπαγόρευσιν.

1059 1083 1091 1110 Ἦ
1103 1084 1131 1110 δὲ
1143 1083 1218 1115 ὲλπὶς
1231 1083 1320 1110 αὒτῶν
1333 1082 1516 1118 κατῃσχύνθη,
1526 1081 1569 1108 διὰ
1584 1083 1629 1107 τὸν
1643 1081 1847 1115 ὲνδυναμοῦντα

1053 1129 1130 1156 Θεάν.
1151 1129 1283 1155 Ἐὄλεπον
1299 1128 1353 1163 γὰρ
1363 1128 1426 1160 τοὺς
1443 1127 1698 1162 ἀκριιιτηριασμοὺς,
1714 1126 1763 1152 καὶ
1781 1127 1846 1157 τοὺς

1056 1175 1136 1206 ἰδίους
1147 1175 1270 1207 ἕκαστος,
1294 1175 1418 1206 καὶτοὺς
1439 1173 1560 1208 ἀλλήλων
1581 1174 1605 1199 οἱ
1619 1173 1730 1204 πάντες.
1751 1174 1780 1199 Ὁ
1797 1173 1845 1212 μὲν

1052 1219 1141 1245 ἔκειτο
1155 1219 1232 1251 ποδὸς
1253 1219 1270 1255 ἢ
1284 1219 1421 1246 δακτύλων
1432 1219 1634 1254 περιρρυέντων
1644 1226 1650 1232 ·
1662 1217 1744 1248 ἀλλος
1756 1218 1846 1244 ἔκειτο

1051 1265 1100 1300 τῆς
1129 1264 1249 1300 ἐμφύτου
1276 1264 1441 1300 θερμότητος
1458 1263 1679 1298 καταψυχθείσης
1693 1263 1733 1295 εἰς
1753 1264 1843 1294 τέλος.

1052 1310 1157 1346 Ὠσπερ
1167 1310 1227 1346 δὲΙοῑ
1242 1311 1414 1346 σφοδρότατοι
1422 1310 1475 1336 τῶν
1488 1310 1606 1344 ἀνέμων,
1617 1310 1698 1336 τόπον
1712 1310 1844 1336 ἐπιπνεύ-

1051 1366 1148 1389 σαντες
1164 1357 1303 1393 σύμφυτον
1315 1377 1323 1389 ,
1340 1354 1399 1383 εἶτα
1410 1357 1444 1382 τὰ
1455 1355 1545 1391 ὑψηλά
1560 1355 1613 1381 τῶν
1627 1355 1742 1390 δένδρων
1758 1364 1845 1382 κατα-

1052 1403 1199 1435 σείσαντες,
1226 1404 1266 1435 είς
1284 1402 1335 1437 γῆν
1369 1402 1553 1436 καταφέρουσι
1573 1401 1726 1436 πρόρριζα·
1756 1401 1844 1431 οὕτως

1051 1448 1221 1484 ἐστορέ[σ]οη
1231 1449 1305 1484 παρὰ
1313 1448 1359 1475 τοῦ
1368 1448 1499 1483 χειμῶνος
1511 1448 1527 1482 ὴ
1540 1447 1592 1473 τῶν
1602 1446 1746 1482 μακαρίων
1754 1446 1845 1481 παρα-

1049 1494 1125 1527 ταξις
1136 1502 1142 1508 ·
1158 1494 1193 1520 τὰ
1207 1494 1303 1529 εὐγενῆ
1324 1493 1395 1527 φυτὰ
1413 1492 1460 1519 τοῦ
1484 1492 1660 1528 παραδείσου,
1677 1490 1724 1517 τοῦ
1747 1491 1845 1525 γένους

1050 1538 1080 1566 τδ
1093 1538 1316 1574 ὲγκαλλὼπισμα,
1328 1537 1436 1573 αῐρίζαι
1444 1538 1492 1573 τῆς
1504 1537 1639 1573 ἡμετέρας
1648 1536 1825 1571 βλαστήσεως
1836 1557 1843 1567 ,

1049 1584 1075 1611 οἱ
1103 1584 1208 1611 Παύλου
1234 1584 1352 1614 ὁπλῖται,
1379 1584 1403 1610 ot
1429 1582 1549 1618 Χριστοῦ
1570 1582 1734 1618 δορυφόροι,
1749 1582 1775 1607 οἱ
1791 1580 1845 1606 τῶν

1052 1629 1151 1665 βωμῶν
1166 1629 1315 1657 καταλυταὶ
1326 1649 1333 1661 ,
1348 1630 1373 1656 οἱ
1394 1628 1448 1655 τῶν
1470 1627 1636 1662 Ἐκκλησιῶν
1646 1627 1786 1661 οἰκοδόμοι
1799 1647 1806 1658 ,
1820 1627 1845 1650 οξ

1052 1676 1122 1702 κατὰ
1135 1675 1280 1711 βαρϐάρων
1294 1675 1445 1702 ὁπλιτεύειν
1456 1674 1692 1710 ἀπογραψάμενοι,
1709 1673 1760 1699 καὶ
1774 1672 1844 1706 1:95;

1051 1721 1097 1747 τὸν
1112 1721 1198 1747 κοινὸν
1212 1721 1308 1756 ἐχθρὸν
1323 1721 1373 1755 τῆς
1384 1720 1591 1756 ἀνθρωπᾶτητος
1605 1719 1654 1745 τὸν
1666 1718 1760 1753 ἀγῶνα
1769 1718 1845 1743 τελέ-

1054 1773 1158 1796 σαντες.

217 1806 323 1833 radices
337 1810 437 1833 nostra}
452 1807 659 1841 germinationis
672 1826 680 1839 ,
697 1806 775 1833 Pauli
788 1807 889 1835 milites
904 1827 911 1839 ,
924 1807 1026 1836 Christi
1038 1810 1179 1843 satellites,
1213 1817 1358 1838 eversores
1390 1810 1516 1837 altarium
1547 1810 1745 1846 (etlinicorum)
1760 1829 1768 1841 ,
1793 1809 1837 1835 Er-

217 1853 361 1880 clesiarum
384 1853 573 1885 aediﬁcatores,
608 1854 655 1888 qui
676 1854 837 1888 conscripti,
871 1858 899 1881 ut
923 1861 1018 1883 contra
1050 1857 1184 1885 barbaros
1205 1857 1363 1891 militarent,
1393 1862 1530 1885 certamen
1555 1858 1686 1885 adversus
1715 1865 1841 1884 cominu-

216 1906 278 1925 nem
293 1898 404 1925 humani
418 1899 526 1934 generis
536 1899 642 1926 hostem
659 1900 846 1928 confecerunt.

251 1942 427 1978 Nequaquam
444 1951 526 1978 porro
545 1943 695 1971 inevitabili
719 1945 816 1972 mortis
834 1945 1000 1973 necessitate

215 1989 484 2024 constringebantnr,
526 1989 577 2017 sed
594 1989 622 2017 in
649 1996 743 2016 eorum
762 1994 898 2025 potestate
925 1990 999 2020 salus

215 2037 285 2066 erat,
301 2035 324 2062 si
351 2042 380 2062 se
402 2035 516 2062 emolliri
543 2035 743 2070 permisissent.
770 2035 901 2063 Balneum
923 2036 997 2064 enim

215 2086 270 2106 non
289 2080 382 2113 procul
399 2078 528 2112 distabat,
545 2080 618 2115 quod
635 2080 726 2108 dedita
751 2088 832 2116 opera
847 2081 907 2108 loco
933 2089 998 2116 sup-

214 2125 288 2159 plicii
306 2125 424 2152 vicinum
440 2131 515 2159 erat;
530 2126 614 2160 janua
632 2127 752 2162 patebat,
768 2131 795 2153 et
815 2127 997 2154 circumstan-

214 2175 255 2197 tes
267 2170 431 2197 invitabant:
449 2179 511 2198 nam
527 2176 671 2206 tyrannus,
689 2173 891 2207 persecutionis
909 2176 935 2199 et
947 2180 995 2198 va—

214 2215 261 2242 riae
275 2215 453 2249 improbitatis
466 2221 540 2243 sator
555 2223 582 2244 et
595 2222 702 2249 auctor,
727 2225 811 2253 prope
840 2222 996 2252 transgres-

214 2260 300 2287 sionis
314 2268 403 2287 escam
430 2260 533 2296 frigore
554 2261 611 2296 jam
643 2263 795 2297 compactis
819 2267 995 2298 apposmrat,

214 2304 344 2336 suadens,
361 2309 390 2330 ut
407 2310 504 2339 sponte
517 2313 566 2332 sua
588 2306 619 2332 ad
635 2307 807 2333 curationem
821 2311 846 2333 et
863 2307 994 2334 medelam

212 2352 400 2382 properarent,
417 2349 540 2376 imitatus
555 2350 683 2376 nimirum
707 2356 809 2384 patrem
831 2359 922 2382 suum,
948 2351 993 2385 qui

213 2393 246 2419 ad
261 2393 326 2428 ligni
343 2393 416 2420 vetiti
433 2398 543 2428 gustum
562 2395 666 2428 primos
681 2401 808 2429 parentes
837 2396 995 2422 fraudulen—

213 2441 254 2464 ter
272 2437 377 2465 induxit
397 2438 416 2465 ι,
434 2431 532 2465 Verum
550 2439 587 2465 illi
612 2439 798 2467 fortitudinem
820 2441 905 2475 magis
931 2449 995 2468 exau

208 2486 338 2514 cucrunt,
352 2491 406 2510 non
427 2484 512 2518 ignari
526 2485 696 2512 tolerantiam
723 2491 787 2513 tunc
807 2487 993 2521 probationem

211 2527 329 2562 operari,
346 2528 455 2562 quando
483 2529 545 2563 quis
568 2529 688 2556 abstinet
705 2530 737 2556 ab
751 2531 812 2564 ejus
829 2530 868 2557 rei
899 2538 950 2557 usu
967 2535 994 2557 et

211 2572 364 2604 eonuuodo,
382 2581 442 2607 qua:
457 2573 483 2600 in
499 2582 547 2601 sua
564 2580 699 2609 potestate
713 2576 764 2602 sita
779 2579 839 2602 est:
856 2576 928 2610 quod
946 2584 994 2602 su-

210 2618 363 2651 perioribus
372 2619 451 2646 annis
466 2619 587 2646 divinum
597 2620 735 2647 Dauielcm
754 2622 842 2655 egisse
855 2621 993 2655 proditum

209 2665 261 2689 est.
274 2662 340 2690 Nam
357 2672 418 2691 eum
435 2669 592 2692 moneretur
607 2669 637 2691 ut
652 2667 762 2700 opipara
778 2667 906 2701 lautaque
914 2674 992 2694 escu-

209 2708 282 2736 lenta
298 2715 325 2736 et
347 2711 494 2737 noculcnta
519 2714 649 2743 sumeret,
669 2711 731 2738 odio
757 2718 784 2739 Ct
812 2712 992 2742 detestatione

245 2797 255 2813 ¹
270 2797 336 2826 Gen.
358 2806 398 2830 nr,
415 2799 426 2824 1
441 2805 499 2832 sqq.

1093 1943 1212 1978 Ἐγίνετο
1229 1943 1256 1970 δὲ
1268 1944 1359 1975 αὐτοῖς
1375 1944 1404 1970 οὐ
1419 1943 1486 1978 πρὸς
1499 1943 1559 1979 βίαν
1585 1945 1631 1971 καὶ
1650 1945 1841 1982 ἀπαραίτητον

1051 1989 1175 2025 ἀνάγκην
1201 1990 1215 2016 ὁ
1243 1989 1367 2022 θάνατος,
1387 1989 1455 2016 ἀλλὰ
1478 1991 1524 2017 καὶ
1550 1991 1623 2025 μάλα
1642 1993 1791 2028 πρόχειρος
1805 1991 1840 2030 ἦν

1050 2035 1099 2062 καὶ
1122 2035 1165 2062 ἐπ’
1182 2035 1338 2071 ἐξουσία.ςή
1363 2037 1494 2071 σωτηρία,
1516 2038 1540 2063 εἰ
1569 2038 1614 2063 καὶ
1634 2039 1839 2076 μαλακισθῆναι

1051 2081 1176 2116 πρὸςτὴν
1189 2081 1312 2107 ἔνστασιν
1331 2081 1527 2116 ἠϐουλήθησαν.
1545 2083 1662 2118 Λουτρὸν
1675 2084 1732 2119 γὰρ
1751 2083 1786 2120 ἦν
1807 2087 1838 2112 ἐκ

1048 2125 1095 2152 τοῦ
1109 2125 1252 2159 σύνεγγυς,
1268 2125 1335 2160 ὅπερ
1358 2125 1475 2158 ἐγειτνία
1495 2126 1555 2151 κατ’
1571 2126 1691 2152 ἐπίνοιαν
1707 2127 1747 2162 τῷ
1763 2128 1840 2164 τόπῳ

1049 2171 1097 2204 τῆς
1111 2169 1262 2205 τιμωρίας¹
1281 2169 1328 2196 καὶ
1341 2169 1434 2205 ήθύρα
1450 2170 1580 2204 ὴνέῳκτο,
1594 2171 1642 2197 καὶ
1659 2173 1838 2206 παρεστῶτες

1044 2216 1166 2242 ἐκάλουν.
1183 2215 1315 2250 Σοφιστὴς
1329 2216 1383 2251 γὰρ
1399 2215 1436 2241 ὢν
1449 2215 1568 2250 διωγμοῦ
1585 2217 1631 2242 καὶ
1645 2219 1775 2253 ποικίλης
1788 2220 1837 2253 ρᾳ-

1043 2261 1179 2296 διουργίας
1193 2261 1207 2286 ὁ
1222 2261 1361 2295 τύραννος,
1383 2261 1466 2295 ἐγγὺς
1483 2261 1512 2287 τὸ
1531 2261 1625 2296 δέλεαρ
1640 2263 1691 2296 τῆς
1707 2264 1835 2299 παραϐα-

1045 2315 1112 2337 σεως
1126 2307 1181 2337 τοῖς
1213 2306 1395 2341 πηγνυμένοις
1415 2306 1565 2341 παρέθηκε,
1589 2307 1634 2333 καὶ
1659 2309 1834 2337 συνεϐούλευε

1045 2351 1112 2386 πρὸς
1125 2350 1174 2386 τὴν
1186 2350 1332 2386 θεραπείαν
1348 2351 1540 2385 αὐτομολῆσαι,
1559 2352 1596 2383 ὡς
1613 2354 1626 2379 ὁ
1646 2355 1739 2390 πατὴρ
1754 2357 1835 2382 αὑτοῦ

1046 2396 1108 2426 τοὺς
1123 2396 1350 2429 πρωτοπλάστονς
1365 2396 1404 2427 είς
1415 2396 1463 2431 τὴν
1478 2396 1571 2430 γεῦσιν
1592 2397 1638 2424 τοῦ
1655 2398 1747 2431 ξύλου,
1768 2402 1798 2426 0i
1809 2402 1835 2427 δὲ

1046 2441 1105 2467 τότε
1122 2441 1168 2466 καὶ
1181 2441 1279 2476 μᾶλλον
1291 2441 1338 2476 τὴν
1362 2441 1486 2476 ἀνδρείαν
1501 2443 1635 2469 ἐπέτεινον
1646 2464 1653 2475 ,
1679 2445 1782 2477 εἰδότες
1799 2447 1836 2477 ὡς

1046 2487 1177 2522 καρτερία
1207 2486 1354 2521 τηνικαῦτα
1375 2487 1489 2522 παρέχει
1501 2487 1549 2523 τὴν
1566 2488 1691 2522 βάσανον,
1708 2492 1789 2526 ἡνίκα
1804 2493 1834 2518 Ξιν

1044 2533 1226 2567 προκειμένης
1245 2533 1273 2558 ὲν
1297 2532 1406 2568 ἐξουσίᾳ
1424 2534 1472 2568 τῆς
1491 2534 1666 2567 ἀπολαύσεως
1686 2537 1814 2571 φείσηται
1826 2547 1832 2553 ·

1043 2578 1111 2612 ὅπερ
1137 2578 1166 2603 ἐν
1182 2579 1239 2608 τοῖς
1261 2578 1405 2613 ὰνωτέροις
1419 2580 1524 2613 χρόνοις
1537 2581 1637 2616 Δανιὴλ
1659 2583 1673 2608 ὁ
1691 2582 1834 2615 θεσπέσιπ

1043 2622 1199 2657 πεποιηκὼς
1205 2623 1395 2650 ἐπιδέδεικται.
1406 2624 1651 2660 Παρακαλούμενος
1664 2628 1720 2663 γὰρ
1731 2629 1831 2663 ἇξῡονα

1042 2669 1166 2703 καὶήδέα
1179 2670 1240 2695 σῖτα
1269 2669 1315 2695 καὶ
1343 2670 1411 2696 ποτὰ
1430 2671 1653 2706 προσφέρεσθαι,
1678 2674 1753 2708 μίσει
1787 2676 1831 2701 λαὶ

1044 2714 1201 2749 ἀποστροφῇ
1216 2714 1269 2740 τῶν
1282 2715 1528 2752 εξδωλοούτιι›ν,τὴν
1539 2720 1752 2754 σπερμοεραγίαν
1765 2721 1831 2756 ἠγά-
