1912 3082
200 133 251 159 785

199 187 332 224 git-utinm
345 189 435 212 vestes
455 186 575 216 abiectas
591 180 724 208 lacerant,
739 175 784 203 isti
794 181 859 202 vero
867 172 988 224 hostium
1005 173 1026 201 Α

200 218 385 263 recedentium
407 231 504 256 domos
521 225 672 254 incendunt
689 228 716 251 ct
731 224 870 249 evertunt.
894 218 990 263 merito

201 261 351 314 martyrum
368 273 507 310 quispiam
533 278 596 299 eum
622 269 664 297 sic
691 264 913 316 compellaverit:
929 261 991 289 Non

201 325 329 359 amplius,
345 330 362 348 ο
379 321 463 352 fatue,
486 317 676 346 crudelitatem
704 318 779 340 tuam
792 315 990 359 pertimesco?

202 354 331 396 tinniebant
346 366 432 397 enim.
448 362 580 399 quamdiu
596 360 695 388 anima:
704 356 856 392 eongelatis
875 354 992 399 aderant

201 420 230 442 et
246 415 364 445 inenut,
380 419 414 439 ne
432 396 590 443 magnitudo
599 405 772 432 cruciatuum
783 402 926 445 superaret
941 396 998 423 for-

206 443 484 492 titudinempiorntn.
505 452 561 480 llac
590 454 680 478 autem
713 445 860 475 formidine
878 443 996 477 dilapsa,

207 511 283 533 utere
295 505 353 531 luto
369 503 465 530 relicto
482 502 564 536 prout
581 497 673 524 voles:
700 493 809 521 etiamsi
826 495 997 536 carnemvo—

206 551 322 581 raveris,
338 557 442 584 susque
453 535 540 581 deque
556 544 661 572 habebo
673 551 678 569 2
693 544 798 576 quanto
809 537 883 584 enim
894 535 996 562 rabiem

208 597 338 631 majorem
353 582 470 623 exs-ris.
489 600 521 618 eo
537 591 600 626 plus
613 587 772 616 abeuntium
789 582 930 632 victoriam
943 588 993 607 co-

208 650 307 668 ronas:
329 648 391 668 nam
421 637 642 666 adversariorum
672 631 769 660 valida:
800 631 996 664 impressrones

209 688 342 714 \‘ictorum
358 683 546 712 fortitudinem
567 680 712 716 perspicuo
724 679 854 712 arguunt.

833 115 862 142 ὃ.
884 110 1049 142 GREGORII
1068 108 1216 138 NYSSENI

1791 99 1842 127 τες

1041 169 1095 205 γὰρ
1110 168 1164 196 τῶν
1172 165 1344 202 διωκομένων
1354 163 1403 192 ἀνθ
1407 163 1506 198 ρώπων
1515 161 1658 197 φυγόντων
1665 157 1718 194 τὴν
1732 155 1842 205 προσῇ]

1045 202 1187 250 ριῷοεῖσαν
1217 213 1309 243 αὐτοῖς
1324 211 1426 246 ἐσθῆτα
1447 208 1610 244 σπαράττει·
1626 206 1651 232 oi.
1665 205 1695 231 δὲ
1709 203 1767 250 ¹τῶν
1781 202 1843 250 δυσῗ

1046 248 1136 296 μείνῶν
1160 257 1397 294 ἀναχωρησάντων
1415 255 1465 287 τάς
1488 253 1577 284 οἰκίας
1599 249 1766 296 ὲμπιπρῶσι
1778 294 1784 296 μ

1045 292 1229 332 καταλύουσιί
1248 292 1303 328 Καί
1321 310 1363 333 τις
1380 301 1414 328 ἂν
1433 299 1488 326 τῶν
1503 297 1650 334 μαρτύρων
1666 293 1747 321 εἷπεν
1775 292 1846 319 ὲνδί-

1045 359 1100 381 κως
1110 349 1178 384 πρὸς
1191 348 1274 376 αὐτόν
1283 355 1289 362 ·
1300 348 1398 374 Οὐκέτι
1407 355 1466 380 σου,
1482 346 1591 380 μάταιε,
1603 342 1696 370 δειλιῶ
1707 341 1759 376 τὴν
1773 339 1847 375 ὠμό-

1045 404 1124 431 τητα.
1139 393 1309 430 Ἐςροὸούμην
1325 393 1380 429 γάρ
1394 392 1492 428 μέχρις
1505 391 1534 418 αἱ
1549 390 1634 426 ψυχαὶ
1657 386 1846 423 συμπαρῆσαν

1045 442 1102 472 τοῖς
1116 439 1311 475 πηγνυμένοις,
1322 439 1360 474 μὴ
1374 438 1405 464 τὸ
1425 435 1593 472 ὑπερϐάλλον
1609 435 1659 470 τῆς
1672 432 1794 468 βασάνου
1810 440 1847 456 νι-

1047 488 1118 523 κήσῃ
1136 487 1186 522 τὴν
1201 485 1326 521 ἀνδρείαν
1345 485 1399 512 τῶν
1414 482 1533 510 εὐσεϐῶν
1551 490 1558 498 ·
1577 480 1673 508 τούτου
1688 479 1717 506 δὲ
1745 477 1848 512 παρελο

1048 533 1139 564 υόντος
1153 532 1200 559 τοῦ
1213 531 1300 564 δέους,
1312 531 1413 566 χρῆσαι
1432 528 1471 564 τῷ
1487 527 1666 563 ἀπομείναντι
1687 523 1782 558 πηλῷ,
1797 530 1849 548 κα-

1047 579 1100 610 θὼς
1111 579 1201 614 βούλει
1213 587 1220 593 ·
1234 577 1286 605 κᾶν
1296 577 1438 612 ἀπογεύσῃ
1450 575 1504 601 τῶν
1518 573 1638 609 σαρκῶν,
1651 571 1681 598 οὒ
1698 569 1848 606 φροντίζω.

1049 625 1124 660 Ὅσῳ
1141 624 1196 660 γὰρ
1222 622 1366 650 λυσσῶσαν
1384 619 1517 650 δεικνύεις
1540 618 1590 653 τὴν
1616 615 1766 652 ὠμότητα,
1779 620 1849 660 ’τοσ-

1050 658 1121 705 οὑτω
1140 658 1222 697 πλέον
1246 668 1388 703 στεφανοῖς
1409 666 1463 693 τῶν
1487 663 1659 692 ἀπελθόντων
1679 660 1731 695 τὴν
1758 658 1849 705 νίκην.

1049 716 1083 742 Δί
1107 703 1164 751 γὰρ
1195 714 1318 749 γενναῖαι
1345 710 1494 747 προσῦολαὶ
1519 707 1575 734 τῶν
1599 703 1850 751 ἀντιτεταγμένων,

1051 749 1203 794 ἀποδείξεις
1219 760 1342 796 ἀκριϐεῖς
1361 758 1410 793 τῆς
1431 755 1555 791 ἀνδρείας
1570 753 1625 780 τῶν
1651 749 1852 787 κρατησάντων

1015 814 1035 841 Β
1049 809 1183 843 γίνονται.

247 859 282 884 At
310 857 375 891 quid
413 856 501 891 longis
519 855 664 882 verborum
680 852 843 887 ambagibus
873 850 998 878 utimur?

213 901 362 932 Comlutsta
400 905 464 928 sunt
492 908 620 935 corpora,
634 907 720 934 caque
752 898 860 926 Ilanuna
880 898 996 931 excepit.

212 946 325 974 Cineres
354 955 419 973 vero
448 946 487 973 illi
515 951 541 974 et
559 946 678 973 incendii
708 944 873 980 reliquimin
906 943 999 969 orbem

215 997 349 1019 terrarum
366 993 401 1018 ita
419 992 514 1019 divisae
535 996 610 1024 sunt,
628 996 655 1019 ut
675 991 762 1019 ferme
780 990 907 1026 quazlibct
936 996 1000 1022 pro-

214 1038 304 1064 vincia
320 1037 541 1064 benedictionem
558 1037 622 1064 inde
636 1037 791 1072 participet.
811 1035 903 1062 llabeo
919 1038 1003 1069 etego

216 1083 377 1118 partieulam
394 1081 481 1116 hujus
492 1083 564 1110 sacri
584 1083 721 1110 numeris:
736 1086 887 1116 eteorpora
903 1087 1003 1116 paren-

216 1133 272 1155 tum
291 1136 412 1155 meorum
425 1128 504 1162 juxta
519 1128 616 1155 borum
633 1128 749 1154 militum
765 1127 896 1162 reliquias
913 1125 1003 1161 posui,

216 1178 245 1200 ut
265 1178 388 1207 tempore
399 1172 612 1199 resurrectionis
626 1179 688 1199 cum
705 1171 918 1207 opilulatoribus
947 1171 1005 1206 spei

216 1226 244 1247 et
265 1219 369 1246 liduciae
385 1219 470 1254 plenis
487 1224 644 1254 resurgant.
663 1217 726 1246 Scio
741 1218 814 1245 enim
827 1218 890 1245 illos
913 1225 1004 1252 posse,

217 1269 244 1292 et
258 1272 311 1299 qua
333 1265 457 1290 libertate
473 1270 497 1290 et
516 1264 614 1291 fiducia
624 1263 694 1299 apud
707 1263 790 1291 Deum
805 1263 923 1294 valeant,
933 1262 1007 1289 dilu-

219 1311 281 1338 cida
300 1315 463 1346 argumenta
480 1310 533 1338 ridi
556 1320 562 1338 :
579 1319 611 1338 ex
633 1309 733 1345 quibus
745 1317 827 1336 unum
842 1316 1009 1337 commemo-

219 1365 282 1384 rare
312 1357 398 1385 lubet.
431 1357 535 1383 clarum
561 1357 688 1384 videlicet
710 1355 912 1388 testitnoniurn,
942 1355 1009 1391 quid

220 1403 325 1430 elllccre
345 1408 456 1437 queant.
479 1402 527 1430 Est
546 1402 580 1430 ad
593 1410 635 1430 me
651 1402 794 1438 pertinens
809 1402 898 1435 vicus,
915 1403 942 1429 in
956 1410 1010 1437 quo

220 1449 444 1476 beatissimorum
480 1452 630 1483 martyrum
666 1447 789 1483 reliquiae
824 1448 1009 1482 requiescunt.

222 1493 279 1520 Non
297 1495 390 1529 procul
405 1494 480 1521 abest
495 1501 579 1529 parva
597 1493 705 1526 civitas,
720 1501 802 1528 quam
819 1494 926 1521 lboram
942 1494 1012 1521 voci-
1025 1484 1046 1512 (ἶ

223 1544 292 1567 tant.
309 1541 338 1567 lu
356 1540 408 1567 liae
426 1547 488 1567 cum
508 1547 542 1566 ex
565 1543 672 1573 recepta
690 1539 876 1567 [tertianorum
896 1547 1013 1567 consue-

223 1586 317 1614 tudine
333 1593 433 1613 census
447 1585 562 1613 militum
577 1586 776 1618 institueretur,
788 1585 898 1620 quidam
915 1593 946 1612 ex
963 1585 1014 1612 Ini-

223 1633 317 1660 litibus
331 1632 364 1658 ad
380 1631 538 1664 prazdietum
555 1632 645 1659 vicum
663 1633 747 1664 venit,
763 1639 778 1658 a
796 1631 904 1658 tribuno
916 1631 948 1658 ad
967 1638 1014 1658 cu-

223 1678 340 1705 stodiant
357 1678 408 1704 vici
426 1678 592 1709 destinatus,
608 1682 637 1704 nt
655 1677 874 1704 commilitonum
900 1683 1014 1703 suorum

224 1724 381 1751 invasiones
393 1728 420 1751 et
434 1723 549 1758 injurias
562 1724 746 1758 propulsaret,
763 1730 834 1757 quas
849 1722 949 1750 milites
969 1730 1015 1748 ru-

225 1766 340 1792 sticanis
351 1765 479 1792 audacter
503 1765 605 1792 inferre
624 1765 724 1793 solent.
739 1763 902 1800 (Egrotabat
924 1768 1014 1791 autem

226 1812 277 1838 iste
294 1812 379 1838 altero
403 1810 480 1846 pede.
497 1815 524 1838 et
538 1811 726 1838 claudicabat:
774 1815 887 1846 eratque
909 1810 1016 1838 aﬂ‘cctio

226 1858 355 1884 diuturna
371 1861 397 1884 et
413 1856 631 1884 immedicabilis.
648 1856 733 1884 Porro
748 1861 893 1892 postquam
907 1857 937 1884 in
945 1864 1018 1884 mar-

228 1903 297 1938 tyrio
311 1906 337 1930 et
349 1903 375 1930 in
389 1903 450 1930 loco
464 1902 642 1936 requietionis
651 1903 815 1930 Sanctorum
832 1902 893 1936 fuit,
909 1910 1018 1937 preces—

227 1956 279 1984 que
294 1948 327 1975 ad
352 1948 436 1976 Deum
451 1948 537 1981 fudit,
554 1948 718 1976 Sanctorum
745 1955 854 1983 quoque
888 1948 1018 1975 interces-

227 1996 332 2023 sionem
358 1994 525 2029 imploravit,
556 1997 582 2021 et
598 2001 662 2022 ecce
693 1998 774 2021 noctu
795 1998 909 2029 apparet
932 1993 955 2021 ei
977 1994 1018 2021 vir

227 2040 382 2071 veneranda
399 2039 499 2075 specie,
515 2045 541 2067 et
556 2045 618 2075 post
631 2039 1016 2075 alia,quaedixit,(2landicas.

227 2087 276 2118 ait,
290 2094 307 2113 ο
319 2086 408 2119 utiles,
430 2091 457 2112 et
471 2086 613 2114 curatione
635 2086 718 2121 eges?
736 2085 782 2113 sed
799 2085 844 2118 da,
863 2090 893 2113 ut
909 2091 1017 2120 tangam

228 2131 336 2165 pedem.
355 2130 387 2157 Et
401 2131 600 2166 apprehensum
619 2131 647 2158 in
668 2132 772 2159 somnis
799 2131 891 2166 pedem
910 2131 1018 2158 fortiter

229 2176 351 2204 attraxit.
370 2175 403 2203 Et
420 2184 481 2204 cum
509 2180 642 2203 nocturna
658 2176 725 2203 visio
742 2176 793 2204 hoc
821 2176 931 2207 faceret,
950 2176 1017 2211 rigi-

230 2220 349 2247 lantibus
365 2220 426 2247 talis
441 2220 578 2248 excitatus
589 2227 629 2248 esr
645 2221 764 2253 sonitus,
781 2221 872 2256 qualis
885 2220 1019 2248 exsistere

229 2267 308 2298 solet,
336 2274 399 2294 osse
412 2274 443 2293 ex
474 2267 592 2294 naturali
609 2275 658 2294 sua
687 2268 752 2295 sede
770 2267 887 2300 revulso,
922 2267 1020 2294 deinde

228 2313 364 2339 violenter
376 2313 502 2340 restituto
518 2321 526 2346 ;
542 2317 571 2339 ιιι
587 2317 613 2340 et
625 2313 674 2344 illi,
701 2313 746 2348 qui
763 2321 816 2339 una
833 2313 1016 2344 dormiebant,

229 2358 453 2392 expergefierent,
473 2361 500 2384 et
521 2357 579 2392 ipse
598 2360 679 2384 etiam
704 2358 782 2385 miles
805 2358 950 2386 confestim
973 2366 1018 2385 so-

231 2411 295 2429 mno
312 2403 477 2435 solveretur,
493 2410 630 2438 sanusque
646 2411 721 2430 more
736 2404 850 2431 aliorum
869 2403 1018 2431 incederet.

231 2449 288 2475 Hoc
307 2449 468 2476 miraculum
485 2457 535 2484 ego
554 2450 613 2484 ipse
629 2450 693 2481 vidi,
707 2457 769 2476 cum
784 2450 844 2484 ipso
862 2449 946 2477 milite
957 2458 1017 2477 vcr-

230 2499 318 2527 satus,
339 2494 385 2529 qui
403 2494 503 2529 ubique
515 2498 542 2521 et
571 2495 642 2530 apud
655 2502 750 2522 omnes
775 2494 827 2522 hoc
855 2494 1016 2522 beneﬁcium

230 2547 245 2566 a
264 2539 432 2575 martyribus
452 2544 593 2575 acceptum
617 2539 783 2574 divulgabat,
799 2543 826 2566 et
841 2540 1017 2574 prmdicabat,

230 2590 257 2613 et
279 2586 494 2614 commilitonum
509 2593 622 2614 suorum
640 2586 835 2621 benignitatem
851 2585 1018 2614 celebrabat.

268 2676 297 2703 Si
312 2684 376 2703 vero
391 2677 466 2712 quid,
486 2676 558 2711 quod
575 2683 618 2703 me
642 2675 773 2711 peculiari
793 2676 873 2703 modo
890 2676 1017 2713 attingat,

232 2729 366 2756 apponere
397 2726 520 2756 oportet,
551 2721 623 2748 baud
649 2721 783 2748 ouiittam.
800 2721 915 2754 Quando
944 2723 1017 2750 enim

232 2767 350 2802 prirnum
366 2766 464 2794 festum
479 2767 551 2794 diem
564 2767 599 2794 ob
615 2766 743 2801 reliquias
758 2768 845 2794 acturi
860 2775 980 2800 eramus.
991 2774 1017 2796 et

232 2820 328 2839 urnatn
347 2812 374 2839 in
390 2815 513 2839 sanetam
531 2812 676 2840 ecclesiam
691 2812 811 2846 illaturi,
837 2817 924 2842 mater
945 2822 1014 2849 mea,

1091 853 1171 880 ’Λλλά
1195 852 1221 880 τί
1237 851 1332 889 μακρά
1357 848 1550 884 διατρίϐομενς
1575 843 1709 880 Ἐξελέχθη
1735 842 1773 869 τὰ
1805 840 1855 867 σώ-

1051 909 1134 937 ματα,
1150 899 1197 927 καὶ
1209 899 1241 925 τὸ
1254 897 1310 933 πῦρ
1320 896 1389 924 αύτά
1403 894 1548 927 διεδέξατο.
1559 892 1615 928 Τὴν
1629 891 1658 919 δι
1676 891 1752 917 κόνιν

1050 935 1110 982 νην,
1124 946 1172 973 καὶ
1184 946 1234 980 τῆς
1246 943 1361 980 καμίνου
1372 942 1406 969 τά
1421 941 1536 976 λείψανα
1549 940 1563 966 ὁ
1589 939 1692 973 κόσμος
1703 935 1852 982 ἐμερίσθη·

1052 980 1101 1018 καὶ
1117 991 1193 1018 πᾶσα
1223 990 1259 1025 γῆ
1278 988 1370 1024 σχεδὸν
1394 987 1452 1018 τοῖς
1478 985 1630 1020 ἀγιάσμασι
1654 982 1761 1013 τούτοις
1779 980 1857 1006 εὐλο-

1053 1038 1154 1072 γεῖται.
1172 1035 1246 1071 Ἐχω
1260 1034 1338 1069 κάγὼ
1358 1033 1454 1069 μερίδα
1472 1031 1519 1059 τοῦ
1538 1031 1637 1067 δώρου,
1649 1030 1697 1057 καὶ
1709 1028 1767 1055 τῶν
1780 1027 1859 1062 ἐμῶν

1055 1083 1182 1118 πατέρων
1200 1081 1235 1109 τά
1256 1080 1370 1116 σώματα
1382 1081 1439 1112 τοῖς
1460 1078 1514 1105 τῶν
1535 1075 1709 1112 στρατιωτῶν
1738 1073 1859 1109 παρεθέ-

1058 1137 1111 1164 μην
1121 1126 1258 1162 λειψάνοις
1267 1134 1274 1141 ·
1286 1126 1330 1152 ἵνα
1340 1126 1369 1152 ὲν
1379 1124 1417 1160 τῷ
1429 1123 1518 1159 καιρῷ
1530 1123 1579 1158 τῆς
1593 1120 1772 1151 ἀναστάσεως
1785 1119 1860 1154 μετὰ

1056 1175 1111 1202 τῶν
1137 1172 1382 1209 εὐπαρρησιαστῶν
1402 1170 1507 1208 βοηθῶν
1522 1169 1683 1205 ὲγερθῶσιν.
1703 1165 1773 1194 Οἶδα
1791 1165 1857 1201 γὰρ,

1057 1222 1095 1254 ὡς
1119 1221 1253 1257 ἰσχύουσι,
1278 1219 1394 1254 καὶτῆς
1420 1216 1576 1254 παρρησίας
1596 1215 1686 1243 αὐτῶν
1712 1214 1766 1249 τῆς
1790 1214 1858 1249 πρὸς

1058 1267 1124 1294 Θεὸν
1149 1267 1274 1302 ἐναργεῖς
1296 1265 1452 1299 ἐθεασάμην
1475 1263 1525 1295 τὰς
1553 1261 1704 1293 ἀποδείξεις
1721 1268 1729 1275 ι
1750 1259 1803 1286 καὶ
1825 1259 1858 1294 δὴ

1060 1311 1189 1348 βούλομαι
1204 1311 1234 1338 ἓν
1248 1319 1275 1337 τι
1291 1311 1346 1336 τῶν
1357 1309 1396 1340 εἰς
1408 1307 1500 1343 Θαῦμα
1515 1305 1664 1333 τελούντων
1678 1305 1729 1340 τῆς
1745 1304 1861 1331 ἐκείνων

1060 1358 1199 1394 ἐνεργείας
1215 1357 1302 1383 εἰπεῖν
1313 1363 1320 1370 ·
1336 1354 1438 1391 Κώμης
1450 1354 1501 1389 τῆς
1515 1352 1578 1388 ἐμοὶ
1600 1350 1812 1388 προσηκούσης,
1833 1350 1860 1374 ὲν

1061 1402 1121 1441 ᾖτά
1134 1403 1187 1431 τῶν
1197 1402 1404 1439 τρισμακαρίων
1414 1401 1515 1428 τούτων
1528 1399 1722 1427 ἀναπέπαυται
1732 1397 1860 1431 λείψανα,

1062 1450 1120 1476 ἐστι
1140 1457 1182 1481 τις
1202 1448 1315 1484 πολίχνη
1335 1448 1352 1483 ή
1371 1447 1480 1482 γείτων,
1499 1445 1600 1481 Ἷσωρα
1615 1444 1746 1471 καλοῦσιν
1762 1442 1860 1476 αὑτήν.

1069 1495 1113 1522 Ἐν
1126 1494 1158 1530 δὴ
1176 1494 1274 1530 ταύτῃ,
1300 1493 1371 1520 κατά
1395 1493 1441 1519 τὸν
1458 1491 1560 1527 συνήθη
1587 1489 1736 1525 Ῥωμαίοις
1760 1489 1861 1522 νόμον,

1064 1540 1215 1574 καταλόγου
1232 1538 1406 1575 στρατιωτῶν
1418 1538 1567 1572 διάγοντος,
1593 1534 1632 1568 εἷς
1650 1544 1693 1568 τις
1715 1535 1773 1561 τῶν
1787 1534 1863 1561 ὁπλι-

1064 1585 1118 1611 τῶν
1130 1585 1175 1611 ὲπὶ
1195 1584 1243 1619 τὴν
1260 1583 1356 1619 κώμην
1366 1583 1415 1618 τὴν
1426 1582 1620 1618 προλεχθεῖσαν
1635 1581 1752 1615 ἀφίκετο
1766 1601 1774 1613 ,
1794 1580 1864 1616 πρίις

1065 1630 1189 1665 φυλακὴν
1215 1628 1262 1656 τοῦ
1286 1628 1385 1664 χωρίου
1410 1627 1486 1663 παρά
1509 1626 1554 1653 τοῦ
1582 1625 1728 1660 ταξιάρχου
1751 1624 1863 1655 δοθείς-

1065 1676 1110 1703 ἶνα
1131 1676 1186 1703 τῶν
1211 1673 1419 1710 συστρατιωτῶν
1441 1673 1538 1700 ἑαυτοῦ
1555 1671 1605 1704 τὰς
1632 1672 1723 1707 ὁρμὰς
1744 1671 1795 1697 καὶ
1815 1670 1864 1701 τὰς

1067 1722 1159 1758 ὓῦρεις
1175 1721 1307 1757 ἀνειργῃ,
1319 1719 1352 1752 ἃς
1369 1719 1498 1746 εἰώθασιν
1513 1718 1626 1753 ἑπάγειν
1641 1719 1698 1748 τοῖς
1719 1716 1864 1752 ἀγροίκοις

1067 1769 1120 1795 ὑπὸ
1133 1768 1250 1803 θράσους
1272 1768 1296 1794 οἱ
1319 1766 1516 1797 ὁπλιτεύοντες.
1543 1764 1645 1792 Ἐνόσει
1668 1763 1696 1790 δὲ
1716 1760 1799 1795 οὗτος
1819 1763 1864 1789 τὸν

1066 1815 1160 1850 ἕτερον
1175 1815 1231 1840 τοῖν
1253 1813 1354 1845 ποδοῖν,
1371 1813 1418 1840 καὶ
1429 1811 1561 1848 ὲχώλευε·
1579 1809 1667 1838 καὶτὸ
1681 1809 1771 1841 πάθος
1789 1809 1864 1843 αύτῷ

1066 1860 1173 1895 χρόνιον
1188 1859 1235 1886 καὶ
1253 1858 1380 1885 δυσίατον
1391 1856 1436 1894 ἦν.
1460 1858 1536 1884 Ἐπεὶ
1558 1856 1586 1883 δὲ
1602 1856 1677 1888 ἐντὸς
1690 1855 1806 1890 ἐγένετο
1817 1854 1864 1880 τοῦ

1069 1905 1219 1942 μαρτυρίου
1231 1905 1278 1932 καί
1292 1905 1341 1940 τῆς
1353 1903 1533 1935 ἀναπαύσεως
1548 1903 1601 1930 τῶν
1616 1902 1716 1936 ἀγὶων,
1736 1901 1785 1929 καὶ
1803 1900 1866 1935 Θεῷ

1069 1951 1301 1987 προσευξάμενος,
1322 1951 1371 1986 τὴν
1389 1950 1444 1977 τῶν
1460 1950 1546 1984 ἀγίων
1560 1949 1709 1985 πρεσϐείαν
1727 1948 1863 1975 ἐπεκαλέ-

1069 2006 1135 2024 σατο
1147 2005 1153 2012 ·
1174 1997 1282 2032 νύκτωρ
1297 1996 1370 2032 αύτῷ
1392 1995 1517 2030 φαίνεταί
1532 2004 1574 2026 τις
1589 1995 1660 2030 ἀνὴρ
1677 1994 1863 2031 ἀξιοπρεπὴς,

1069 2042 1115 2069 καί
1139 2051 1200 2070 τινα
1217 2042 1284 2070 ἀλλα
1308 2041 1470 2076 διαλεχθεὶς,
1491 2040 1666 2072 «Χωλεύεις,
1691 2049 1700 2065 ι
1717 2040 1783 2075 ἔφη,
1803 2049 1813 2065 ι
1842 2037 1864 2066 ὦ

1069 2087 1232 2124 στρατιῶτα,
1258 2087 1308 2115 καὶ
1333 2087 1374 2114 δεῖ
1395 2096 1435 2114 σοι
1463 2087 1630 2123 θεραπείαςς
1652 2085 1724 2114 ἀλλὰ
1748 2086 1794 2117 δός
1819 2094 1865 2120 μοι

1034 2151 1055 2178 D
1068 2134 1226 2169 ψηλαφῆσαι
1248 2134 1293 2160 τὸν
1321 2133 1398 2160 πόδα.
1417 2142 1427 2158 ι
1450 2133 1605 2178 Ααὸόμενος
1625 2132 1655 2159 δὲ
1669 2132 1737 2178 δναρ
1761 2131 1864 2178 αὐτοῦ,

1070 2179 1190 2214 σφοδρῶς
1203 2178 1456 2214 ἐφειλκύσατο-Τῆς
1467 2177 1495 2204 δὲ
1508 2177 1666 2214 νυκτερινῆς
1679 2177 1770 2212 ὅψεως
1786 2177 1865 2204 τοῦτο

1067 2225 1198 2260 ποιούσης
1214 2244 1222 2257 ,
1236 2224 1309 2260 ῦπαρ
1331 2223 1489 2260 τηλικοῦτος
1515 2223 1625 2258 ἐγένετο
1643 2222 1742 2258 ψόφος,
1760 2221 1818 2254 οἷος
1833 2223 1865 2250 ἃν

1067 2271 1282 2306 γένοιτο,ὀστέου
1294 2271 1343 2306 τῆς
1355 2269 1474 2305 φυσικῆς
1485 2270 1617 2305 ἁρμονίας
1627 2269 1864 2305 ὲξολισθήσαντος,

1068 2314 1128 2343 εἷτα
1149 2316 1243 2351 βιαίως
1258 2315 1484 2352 ὲναρμοσθέντος”
1495 2315 1565 2342 ὥστε
1581 2314 1735 2349 ἀφυπνίσαι
1745 2315 1794 2341 καὶ
1802 2315 1864 2346 τοὺς

1071 2362 1303 2397 συγκαθεύδοντας
1323 2362 1370 2388 καὶ¹
1396 2361 1477 2389 αὑτὸν
1491 2361 1537 2388 τὸν
1559 2360 1729 2396 στρατιώτην
1740 2379 1748 2392 ,
1762 2360 1864 2396 διεγερ-

1069 2407 1148 2443 θῆναι
1173 2407 1200 2434 δὲ
1222 2407 1268 2433 τὸν
1294 2407 1436 2442 ἄνθρωπον
1464 2405 1616 2439 εύθὺς,καὶ
1643 2405 1766 2441 βαδίζειν
1783 2405 1864 2440 ὑγιῶς

1069 2453 1139 2479 κατά
1154 2452 1245 2487 φύσιν,
1258 2452 1295 2484 ὡς
1307 2454 1316 2464 ⁶
1329 2452 1434 2479 εἴωθεν.
1446 2452 1554 2487 Ταύτην
1575 2453 1622 2488 τὴν
1639 2452 1867 2488 θαυματουργίαν

1069 2496 1139 2525 εἶδον
1153 2497 1311 2533 ἐγὼ,αύτῷ
1334 2498 1374 2534 τῷ
1397 2498 1534 2534 ἀνθρώπῳ
1550 2497 1706 2534 περιτυχὼν
1735 2498 1864 2534 ὲξαγγέλ·

1069 2543 1141 2570 λοντι
1167 2544 1234 2580 πρὸς
1257 2544 1371 2577 πάντας.
1395 2544 1443 2570 καὶ
1471 2543 1632 2580 κηρύττοντι
1648 2544 1699 2580 τὴν
1716 2545 1865 2581 μαρτύρων

1068 2590 1239 2626 εὐεργεσίαν,
1250 2591 1297 2618 καὶ
1319 2591 1369 2626 τὴν
1384 2591 1439 2617 τῶν
1455 2591 1631 2627 στρατιωτῶν
1654 2591 1864 2627 φιλανθρωπίαν

1067 2643 1242 2670 ανυμνουντι.

1104 2682 1136 2708 Εἰ
1155 2681 1183 2709 δέ
1205 2690 1232 2709 τι
1248 2681 1301 2717 χρὴ
1327 2682 1484 2718 προσθεῖναι
1512 2682 1559 2709 καὶ
1575 2682 1630 2710 τῶν
1651 2683 1714 2709 κατ’
1728 2682 1866 2719 ἐξαίρετόν

1073 2735 1118 2762 μοι
1132 2727 1334 2762 προσηκόντων,
1347 2727 1414 2762 ἐρῶ.
1435 2727 1531 2754 Ἡνίκα
1550 2727 1604 2762 γὰρ
1618 2727 1667 2764 τὴν
1684 2728 1732 2755 ἐπὶ
1744 2730 1801 2760 τοῖς
1815 2729 1865 2755 λει-

1070 2772 1166 2807 ψάνοις
1182 2773 1336 2809 πανήγυριν
1349 2773 1397 2808 τὴν
1409 2773 1520 2808 πρώτην
1538 2773 1624 2800 τελεῖν
1637 2774 1804 2810 ἐμέλλομεν,
1820 2775 1865 2801 κάν

1071 2818 1110 2854 τῷ
1125 2818 1194 2856 ἁγίῳ
1215 2819 1292 2856 σηκῷ
1313 2819 1462 2847 ἀναπαύειν
1479 2820 1529 2855 τὴν
1553 2820 1688 2855 λάρνακα,
1704 2822 1722 2857 ἡ
1741 2822 1834 2858 μήτηρ
1850 2821 1864 2856 ἠ
