1912 3082
213 92 263 121 787

842 92 871 120 ὃ.
891 91 1054 121 GREGORII
1072 91 1216 122 NYSSENI

1788 88 1841 117 783

213 151 344 185 diligant:
363 151 416 179 nisi
435 150 507 178 enim
523 150 562 178 illi
572 150 690 178 stadium
704 151 887 186 aperuissent.
908 152 997 180 haud—

1052 152 1111 184 τοὺς
1121 151 1267 182 διώκοντας
1275 159 1281 166 ’
1290 151 1315 177 εί
1329 150 1366 186 μὴ
1379 150 1433 186 γὰρ
1449 150 1547 177 ἐκεῖνοι
1560 149 1591 176 τὸ
1601 149 1707 177 στάδιον
1717 147 1841 184 ἤνοιξαν,

213 203 350 230 quaquam
367 196 477 224 athleta:
493 196 682 224 fortitudinem
696 204 773 223 suam
785 196 872 232 palam
885 197 998 225 demon-

214 246 362 269 strassenl.
384 241 454 275 Quid
471 249 536 269 vero
559 242 622 277 quis
641 242 674 269 ad
693 242 800 271 laudem
824 250 930 275 eorum,
951 243 997 276 qui

215 287 295 314 nobis
311 294 362 322 pro
379 291 540 322 argumento
557 287 690 322 propositi
706 291 787 319 sunt,
806 287 892 322 magis
912 287 999 314 adrni-

215 337 302 366 retur,
316 340 352 360 an
367 332 581 365 multitudinem,
592 340 626 360 an
640 332 839 364 fortitudinem,
853 341 888 360 an
910 333 1000 360 since-

215 385 274 404 ram
294 382 321 405 et
335 385 390 404 non
406 376 525 405 fucatam
543 377 737 406 concordiam?
755 377 794 405 Ne
809 386 873 405 vero
889 383 999 412 praetcr-

216 431 312 450 eamus
327 423 432 458 ingrate
448 423 566 458 primum
586 430 739 450 numerum.
754 421 822 449 Nam
838 423 885 458 qui
909 427 1000 450 tantos

218 469 416 496 intercessores
434 468 528 500 habet,
546 468 569 496 is
581 476 721 503 nunquam
738 468 828 496 inanis
844 475 859 495 a
874 469 1000 504 precibus

217 517 244 540 et
255 513 379 540 oratione
397 513 492 545 abibit,
511 513 575 541 licet
590 513 710 548 peccatis
724 512 870 540 admodum
885 519 1000 541 onustus

218 559 265 586 sit.
287 558 373 592 Cujus
391 566 490 586 sensus
510 563 537 586 et
555 559 613 594 spei
636 559 715 587 testis
740 562 782 586 est
801 559 859 594 ipse
887 558 957 587 Deus
973 559 1000 587 in

217 604 354 639 colloquio
368 611 430 631 cum
460 603 626 636 Abrahamo,
653 605 763 639 quando
787 612 836 639 pro
852 603 1000 633 Sodomitis

218 650 400 684 supplicabat,
416 657 478 677 cum
499 657 555 678 non
573 649 764 686 quadraginta,
780 651 826 678 sed
844 650 938 678 decem
953 658 1000 679 so-

218 694 356 722 lummodo
367 694 458 729 justos
474 695 508 722 ad
527 695 648 722 civitatis
663 695 775 730 jamjam
791 695 919 730 peritura:
934 703 1001 723 con-

218 739 400 767 servationem
410 740 562 775 requisivit.
573 740 628 768 Nos
642 749 716 774 vero,
725 741 803 776 juxta
812 741 1000 776 Apostoium',

218 789 321 811 tantam
341 786 450 812 testium
470 786 570 813 nubem
581 786 777 813 circumfusam
795 786 935 820 habentes,
951 794 1002 814 nos

1048 198 1098 224 οὐκ
1122 197 1156 224 ἂν
1176 197 1201 223 oi
1228 196 1342 231 ἀθληταὶ
1365 195 1414 230 τὴν
1434 195 1559 230 ἀνδρείαν
1576 194 1787 229 ὲδημοσίευσαν.
1809 193 1842 219 Ti

1048 242 1070 269 δ’
1080 243 1112 270 ἄν
1126 251 1169 274 τις
1187 241 1267 268 πλέον
1290 240 1423 276 ἀγασθείη
1437 240 1491 268 τῶν
1505 240 1692 275 προκειμένων
1713 240 1781 274 ἡμῖν
1802 240 1842 270 εἰς

1049 287 1185 323 εὐφημίαν
1201 286 1320 322 ἁνδρῶν;
1336 287 1367 313 τὸ
1384 285 1495 322 πλῆθος,
1513 285 1529 321 ἢ
1543 286 1592 321 τὴν
1606 285 1744 320 ἀνδρείαν,
1758 285 1774 319 ἢ
1792 284 1842 318 τὴν

1049 333 1151 368 ἀψευδῆ
1162 332 1337 368 συμφωνίαν;
1348 332 1404 358 Καὶ
1416 331 1454 367 μὴ
1465 331 1644 367 παρέλθωμεν
1655 330 1841 365 ἀναισθήτως,

1052 379 1118 414 μηδὲ
1135 378 1290 414 ἀχαρίστως
1311 377 1420 414 πρῶτον
1440 377 1486 404 τὸν
1506 376 1632 412 ἀριθμόν.
1654 377 1683 403 '0
1701 376 1758 411 γὰρ
1778 383 1842 403 τοσ-

1049 424 1143 455 ούτους
1155 423 1224 459 ἔχων
1241 422 1518 459 πρεσσευτὰς,οὖποτ’
1529 422 1562 449 ἂν
1575 422 1714 457 ἄπρακτος
1725 420 1842 448 ἀπέλθοι

1051 469 1203 505 προσευχῆς
1231 469 1279 496 καὶ
1302 468 1419 504 δεήσεως
1432 488 1440 500 ,
1452 467 1504 494 κᾶν
1523 467 1625 503 σφόδρα
1651 466 1842 503 βεὸαρημένος

1051 514 1161 550 ὑπάρχῃ
1178 514 1233 546 τοῖς
1247 513 1440 549 ἁμαρτήμασι,
1456 512 1512 539 Καὶ
1526 512 1627 548 ταύτης
1650 512 1701 547 τῆς
1719 511 1842 544 διανοίας

1051 560 1098 587 καὶ
1113 559 1228 590 ἐλπίδος,
1236 559 1339 594 μάρτυς
1349 558 1423 585 ἐστὶν
1438 559 1452 585 ὁ
1465 558 1540 590 Θεὸς,
1550 559 1579 584 ἐν
1589 559 1623 593 τῇ
1631 557 1699 593 πρὸς
1713 556 1842 592 ’Δὸραὰμ

1050 605 1166 638 διαλέξει
1180 624 1188 638 ,
1201 604 1281 640 ήνίκα
1303 604 1353 639 τὴν
1371 604 1440 639 ὑπὲρ
1468 603 1618 638 Σοδομιτῶν
1644 602 1764 630 ἱκετείαν
1784 602 1842 629 ἑδέ-

1051 659 1113 686 χεττ
1122 670 1129 683 ,
1143 651 1174 677 οὺ
1190 649 1393 686 τεσσαράκοντα
1411 649 1542 682 δικαίους,
1556 649 1623 677 ἀλλὰ
1640 649 1706 677 δέκα
1718 649 1844 684 ζητήσας

1051 697 1092 728 είς
1117 695 1281 730 παραίτησιν
1313 693 1417 725 πόλεως
1443 694 1594 730 μελλούσης
1615 693 1842 729 ὲξαφανίζισῦαι.

1056 742 1152 776 Ἡμεῖς
1177 741 1216 774 δὲ,
1233 741 1304 768 κατὰ
1316 740 1361 767 τὸν
1391 740 1560 772 ’Δτοὸστολον,
1583 740 1709 767 τοσοῦτον
1732 739 1844 774 ἔχοντες

1053 784 1243 821 περικείμενον
1262 786 1329 820 ἡμῖν
1359 784 1439 819 νέφος
1462 784 1620 820 μαρτύρων,
1641 784 1843 820 μακαρίσωμεν

218 830 293 866 ipsos
308 831 487 865 praadicemus
514 831 620 864 beatos,
637 839 683 866 spe
699 831 864 866 gaudentes.
881 832 998 860 orationi

1052 831 1163 862 ἑαυτοὺς
1180 832 1214 866 τῇ
1231 829 1318 857 ἐλπίδι
1329 830 1481 866 χαίροντες,
1492 831 1525 865 τῇ
1544 831 1683 865 προσευχῇ
1698 837 1844 865 προσκαρ-

218 874 368 907 instanles,
401 876 540 904 memoriis
565 881 723 904 sanctorum
748 877 998 905 communicantes:

217 927 280 950 nam
299 921 478 956 quadraginta
501 925 634 958 martyres
654 921 734 949 validi
755 926 821 950 sunt
837 926 933 950 contra
953 923 1002 950 ad-

219 966 358 993 sersarios
373 971 590 1001 propugnatores
601 986 608 999 ,
623 971 650 994 et
667 967 719 994 ﬁde
737 967 813 1002 digni
827 967 1002 996 intercessio-

217 1010 262 1037 nis
279 1010 350 1045 apud
365 1017 537 1039 communem
560 1011 703 1040 hominum
737 1012 881 1046 advocati;
904 1013 1001 1040 horum

218 1056 344 1091 praesidio
357 1061 444 1083 tectus
455 1056 631 1085 Christianus
644 1057 778 1090 conﬁdat,
797 1058 860 1085 licet
875 1058 1001 1086 diabolus

217 1102 382 1129 tentationes
392 1107 494 1134 nectat,
503 1105 530 1129 et.
544 1102 669 1130 homines
680 1103 796 1141 improbi
805 1103 959 1139 insurgant,
974 1107 1002 1131 et

217 1146 326 1180 tyranni
350 1146 444 1174 furore
465 1147 681 1181 excandescant,
702 1151 729 1175 et
748 1155 823 1176 mare
851 1149 958 1180 saeviat.
974 1153 1002 1176 et

216 1195 290 1218 terra
314 1199 368 1220 non
394 1193 473 1225 ferat,
496 1201 556 1230 quae
572 1194 731 1222 hominibus
747 1194 819 1222 ferre
837 1194 917 1227 solet,
940 1198 1001 1221 lan-

216 1238 334 1274 dcmque
352 1239 451 1272 cmlum
468 1232 556 1267 minas
582 1240 714 1267 intentet:
742 1240 775 1267 ad
800 1247 908 1268 omnem
927 1241 999 1268 enim

217 1284 408 1311 necvssitatem
421 1289 447 1311 et
458 1288 586 1312 eventum
602 1285 698 1312 horum
711 1285 825 1313 facultas
836 1291 864 1313 et
880 1286 1000 1320 potentia

217 1329 323 1361 sutlicit,
341 1333 368 1356 et
381 1329 490 1357 uberem
511 1337 526 1357 a
542 1329 656 1358 Christo
669 1331 784 1366 gratiam
793 1331 902 1369 accipit,
918 1339 998 1367 quem

216 1373 389 1402 dccctomnis
403 1375 488 1410 gloria
502 1376 531 1402 in
546 1375 656 1403 saecula.
671 1376 769 1409 Amen.

251 1487 261 1502 ⁵
285 1486 367 1515 Hebr.
389 1495 439 1519 xu,
459 1488 484 1515 ί.

1052 876 1192 911 τεροῦντες
1206 896 1214 908 ,
1227 877 1288 907 ταῖς
1315 876 1434 911 μνήμαις
1457 875 1511 902 τῶν
1530 875 1614 909 ἁγίων
1638 874 1843 906 κοινωνοῦντες.

1055 921 1263 957 Τεσσαράκοντα
1276 921 1330 958 γὰρ
1345 922 1491 957 μάρτυρες,
1508 921 1612 957 ἰσχυροὶ
1633 921 1684 956 μὲν
1702 921 1776 948 κατὰ
1791 921 1844 948 τῶν

1055 966 1159 1002 ἐχθρῶν
1176 967 1356 999 ὑπασπισταὶ⁹
1371 966 1520 999 ἀξιόπιστοι
1537 967 1565 994 δὲ
1580 966 1628 1002 τῆς
1646 966 1716 1002 πρὸς
1730 966 1778 993 τὸν
1797 967 1846 992 Δε-

1055 1012 1156 1047 σπότην
1171 1011 1276 1044 ἱκεσίας
1290 1011 1459 1047 παράκλητοι
1471 1020 1478 1027 ·
1496 1012 1566 1047 μετὰ
1581 1011 1630 1047 τῆς
1646 1011 1751 1038 τούτων
1764 1011 1844 1037 ἐλπί-

1053 1058 1097 1089 δος
1110 1057 1315 1094 ωταοαρρείτω
1329 1058 1500 1093 Χριστιανὸς,
1516 1057 1563 1084 καὶ
1579 1056 1626 1084 τοῦ
1641 1056 1766 1083 διαὸῶου
1784 1064 1846 1083 πει-

1055 1105 1176 1140 ρασμοὺς
1190 1104 1347 1139 ράπτοντος,
1363 1104 1409 1130 καὶ
1424 1103 1575 1139 ἀνθρώπων
1598 1103 1725 1138 πονηρῶν
1759 1103 1845 1128 ὲπαν-

1055 1148 1208 1184 ισταμένων
1227 1169 1234 1182 ,
1255 1149 1302 1175 καὶ
1323 1149 1462 1185 τυράννων
1475 1148 1513 1184 τῷ
1536 1148 1614 1184 θυμῷ
1633 1147 1751 1180 ζεόντων
1773 1167 1782 1180 ,
1800 1148 1845 1174 καὶ

1054 1193 1191 1228 θαλάσσης
1217 1192 1411 1229 ἀγριαινούσης
1425 1212 1432 1225 ,
1447 1193 1494 1220 καὶ
1518 1193 1569 1227 γῆς
1593 1192 1630 1228 μὴ
1656 1191 1814 1229 φερούσης,
1828 1192 1845 1220 ἃ

1053 1239 1150 1274 γεννᾷν
1164 1237 1316 1273 ἀνθρώποις
1331 1237 1475 1271 τέτακται,
1500 1237 1548 1264 καὶ
1560 1236 1675 1272 οὐρανοῦ
1699 1236 1845 1272 συμφορὰς

1053 1284 1237 1317 ἀπειλοῦντος.
1258 1283 1330 1319 Πρὸς
1346 1284 1436 1310 πᾶσαν
1459 1283 1512 1320 γὰρ
1530 1283 1633 1320 χρείαν,
1648 1283 1696 1310 καὶ
1711 1283 1845 1318 περίστα-

1054 1338 1096 1356 σιν
1142 1329 1243 1356 τούτων
1263 1328 1377 1363 δύναμις
1399 1327 1524 1363 ἐξαρκεῖ,
1550 1328 1598 1354 καὶ
1614 1327 1746 1354 πλουσίαν
1767 1326 1844 1362 παρὰ

1052 1375 1170 1410 Χριστοῦ
1190 1374 1322 1408 λαμϐάνει
1340 1373 1388 1408 τὴν
1403 1374 1482 1409 χάριν
1558 1374 1661 1409 πρέπει
1685 1374 1763 1400 πᾶσα
1781 1372 1846 1406 δόξει

1054 1421 1095 1451 είς
1105 1420 1168 1452 τοὺς
1179 1419 1290 1452 αἰῶνας,
1307 1418 1402 1457 Ἀμήν.

220 1559 1831 1582 ww

792 1618 819 1650 ‘
843 1645 958 1689 ΤΟΥ
1018 1645 1207 1690 ΑΥΤΟΥ

665 1753 1084 1812 ΕΠΙΤΑΦΙΟΣ
1135 1749 1400 1811 ΛΟΓΟΣ

499 1856 675 1901 ΔΕΙΣΤΟΝ
696 1874 806 1901 ΙΛΙΟΝ
822 1874 1020 1902 ΑΔΕΔΦΟΝ
1042 1874 1124 1902 TON
1147 1872 1291 1903 ΜΕΓΔΝ
1312 1872 1556 1903 ΒΔΣΙΔΕΙΟΝ.

891 2050 955 2098 EJ
967 2049 1162 2097 USDEM

695 2169 960 2228 ORATIO
1009 2164 1359 2229 FUNEBRIS

373 2291 445 2326 QUA
465 2292 615 2321 FRATRIS
634 2291 691 2324 SUI
720 2292 842 2321 BASILIl
861 2291 969 2319 MAGNI
989 2292 1127 2321 LAUDES
1146 2293 1190 2320 ET
1214 2291 1398 2320 MEMORIA)!
1417 2290 1670 2320 CONCELEBRA'I'

841 2381 973 2412 Laurentio
985 2381 1068 2406 Sifauo
1080 2381 1227 2413 interprete.

250 2541 352 2559 nonum
375 2532 505 2566 imposuit
517 2532 587 2559 Deus
599 2531 723 2559 ordinem
744 2531 939 2560 anniversariis
956 2533 998 2561 his
1012 2547 1013 2555 ι

1085 2532 1176 2567 Καλὴν
1200 2533 1332 2567 ἐπέθηκεν
1349 2533 1362 2559 ὁ
1378 2531 1443 2563 Θεὸς
1461 2531 1510 2566 τὴν
1531 2531 1607 2563 τάξιν
1632 2532 1692 2562 ταῖς
1721 2531 1838 2567 ἐτησίοις

214 2579 317 2604 nostris
351 2578 444 2608 feriis.
480 2584 548 2611 quas
582 2585 630 2611 per
666 2576 819 2603 ordinatam
851 2577 995 2611 quamdam

1052 2579 1161 2610 ταύταις
1176 2578 1253 2613 ἡμῶν
1268 2579 1382 2614 ἑορταῖς.
1400 2578 1432 2609 ἂς
1446 2577 1489 2604 διά
1502 2585 1572 2608 τινος
1587 2577 1758 2612 τεταγμένης
1776 2578 1837 2604 ἀκο‹

214 2623 430 2651 vicissitudinem
446 2627 473 2650 et
489 2623 587 2650 seriem
601 2623 643 2649 his
654 2623 748 2650 dielms
761 2626 788 2649 ct
803 2623 858 2656 jam
874 2623 997 2651 celebra-

1052 2623 1158 2654 λουοίας
1177 2624 1247 2650 κατὰ
1261 2625 1310 2656 τὰς
1333 2623 1437 2659 ἡμέρας
1449 2623 1549 2654 ταύτας
1564 2623 1613 2658 ἤδη
1633 2631 1663 2649 τε
1684 2623 1835 2659 ἠγάγομεν,

214 2669 257 2694 ιὲιε
274 2678 315 2697 us.
331 2673 358 2695 et
384 2677 478 2696 rursus
502 2669 683 2696 celebramus.
706 2668 780 2695 Ordo
800 2673 889 2696 autem
918 2669 997 2696 nobis

1052 2670 1098 2695 καὶ
1118 2669 1197 2696 πάλιν
1210 2670 1321 2704 ἄγομεν.
1351 2671 1380 2696 Ἡ
1396 2670 1423 2696 δὲ
1438 2669 1513 2701 τάξις
1527 2671 1592 2704 ἡμῖν
1609 2671 1667 2696 ἐστι
1684 2670 1739 2696 τῶν
1757 2679 1837 2696 πνευ-

214 2714 396 2748 spiritualium
412 2714 600 2741 celebritaan
619 2719 699 2747 atque
708 2718 892 2740 convcntuum
904 2713 926 2740 is
942 2717 995 2746 est,

1053 2714 1173 2749 ματικῶν
1197 2715 1386 2750 πανηγύρεων,
1407 2715 1439 2750 ἢν
1455 2715 1500 2741 καὶ
1520 2717 1533 2741 ὁ
1552 2715 1637 2750 μέγας
1653 2716 1760 2747 Παῦλος
1786 2716 1836 2742 tbi-

213 2766 293 2793 qucm
308 2766 422 2793 magnus
437 2759 518 2786 etiam
532 2758 633 2785 Paulus
655 2759 757 2789 docuit,
781 2767 898 2794 superne
915 2763 996 2794 atque

1052 2759 1136 2792 ὖαξεν,
1156 2760 1256 2787 ἄνωθεν
1270 2761 1325 2787 τῶν
1344 2761 1470 2787 τοιούτων
1488 2760 1537 2795 τὴν
1552 2761 1652 2793 γνῶσιν
1669 2761 1750 2795 ἔχων.
1769 2761 1836 2795 φησι

214 2803 323 2833 caelitus
341 2804 474 2839 ejusmodi
491 2813 581 2836 rerum
603 2805 784 2839 cognitionem
801 2805 925 2838 adeptus.
951 2805 995 2832 Ait

1051 2807 1103 2841 γὰρ
1117 2807 1228 2840 ἐκεῖνος,
1249 2808 1277 2836 ὲν
1296 2808 1410 2843 πρώτοις
1426 2807 1474 2844 μὲν
1489 2807 1550 2838 τοὺς
1566 2807 1731 2838 ἀποστόλους
1746 2815 1775 2833 τε
1792 2806 1836 2834 καὶ
