1912 3082
116 95 172 123 780

670 91 702 118 IN
723 90 866 119 LAUDEM
890 89 1042 119 FRATRIS
1061 77 1195 119 BASiiJl.

1700 93 1752 120 790

114 150 180 182 τοὺς
210 148 352 185 προφήτας
381 147 520 183 τετάχθαι,
554 149 611 183 μετ’
641 148 761 179 ἐκείνους
791 147 820 174 δὲ
846 148 909 179 τοὺς

964 147 1032 174 enim
1048 147 1102 180 ille,
1120 148 1146 175 in
1162 148 1256 182 primis
1271 147 1381 183 quidem
1399 147 1538 183 apostolos
1554 153 1580 175 ct
1601 149 1751 184 prophetas

115 194 250 231 ποιμένας
266 194 312 221 καὶ
327 194 513 225 διδασκάλους.
529 193 676 229 Συμϐαίνει
688 193 778 220 τοίνυν
790 194 823 228 τῇ
841 193 909 219 ἀπο-

117 242 229 277 στολικῇ
245 240 331 276 ταύτῃ
353 240 504 275 ἀκολουθίαξ
520 241 536 275 ἡ
559 240 635 272 τάξις
650 240 705 266 τῶν
725 239 773 266 τοῦ
787 238 910 266 ἐνιαυτοῦ

117 287 309 322 πανηγύρεων.
332 285 412 312 am
428 286 477 321 τὴν
500 287 611 321 πρώτην
626 286 656 312 οὐ
675 285 833 321 συναριθμῶ
851 287 911 317 ταῖς

116 332 222 364 ἄλλαις.
251 332 285 358 Ἣ
311 331 364 367 γὰρ
384 331 430 357 ἐπὶ
455 332 488 366 τῇ
512 331 656 367 θεοφανείᾳ.
679 331 726 358 τοῦ
751 331 911 367 μονογενοῦς

117 378 185 405 Υίοῦ
200 379 290 414 χάρις,
311 379 328 414 ἢ
343 378 386 405 διὰ
400 378 448 414 τῆς
465 379 497 404 ἐκ
516 377 657 413 Παρθένου
673 378 826 413 γεννήσεως
845 378 911 404 ἀνα-

116 424 255 459 δειχθείσα
270 422 309 458 τῷ
324 423 429 458 κόσμῳ,
446 423 495 458 οὐχ
507 423 599 455 ἁπλῶς
613 424 686 450 ἐστιν
707 422 771 457 ἁγία
790 423 911 457 πανήγυ-

118 478 174 505 ρις,
199 469 256 495 ἀλλ’
277 468 343 503 ἁγία
360 468 455 502 ἁγίων,
478 469 524 495 καὶ
545 470 700 505 πανήγυρις
719 469 909 504 πανηγύρεων.

118 514 226 542 Οὐκοῦν
245 515 294 546 τὰς
309 515 366 550 μετ’
384 515 469 549 αὐτὴν
485 515 682 551 ἀριθμήσωμεν
694 523 702 529 ⁸
723 515 833 550 Πρῶτον
847 516 911 550 ἡμῖν

117 560 264 586 ἀπόστολοι
289 568 319 586 τε
336 560 383 586 καλ¹
403 561 541 595 προφῆται
556 559 605 595 τῆς
627 561 812 595 πνευματικῆς
835 569 912 596 χορο-

119 605 236 636 στασὶας
249 604 427 640 κατήρξαντο.
445 604 486 631 Τὰ
508 604 554 631 δύο
571 604 625 640 γὰρ
640 605 747 636 πάντως
770 605 834 640 περὶ
848 606 911 636 τοὺς

119 651 219 682 αὐτούς
233 652 292 677 ἐστι
311 651 478 686 χαρίσματα,
498 650 527 676 τό
549 659 578 677 τε
599 650 777 678 ἀποστολικὸν
792 650 911 686 πνεῦμα,

118 699 168 723 καὶ
191 697 221 723 τὸ
246 697 296 732 τῆς
321 697 499 732 προφητείας.
526 697 587 723 Εἰσὶ
605 696 633 723 δὲ
655 693 744 723 οὗτοι·
767 697 910 730 Στέφανος,

117 743 234 777 Πέτρος,
252 742 387 774 Ἰάκωϐος.
409 742 544 777 Ἰωάννης,
555 742 676 773 Παῦλος’
693 740 753 769 εἶτα
770 742 838 777 μετὰ
849 742 912 770 τού-

117 794 184 817 τους
198 786 318 820 φυλάξας
337 787 387 821 τὴν
403 786 499 813 ἑαυτοῦ
516 787 602 819 τάξιν,
621 786 730 823 ἐξάρχει
744 788 794 822 τῆς
808 787 911 824 παρού-

120 839 172 866 σης
187 833 254 867 ἡμῖν
270 832 449 868 πανηγύρεως
469 833 483 859 ὁ
497 833 598 868 ποιμὴν
612 833 659 860 καὶ
679 832 848 865 διδάσκαλος.
864 832 912 864 Τίς

118 874 216 911 οὗτος
239 878 316 905 Εἴπω
339 878 370 905 τὸ
394 878 489 914 ὄνομα,
507 879 523 914 ἢ
547 879 661 916 ἀρκεῖή
683 879 762 915 χάρις
781 878 842 906 ἀντὶ
864 877 911 905 τοῦ

116 923 253 958 ὀνόματος
270 924 355 957 δείξαι
370 925 416 950 τὸν
430 924 530 959 ἄνδρα;
542 924 706 952 Διδάσκαλον
721 925 774 960 γὰρ
791 924 837 951 καὶ
853 933 912 951 ποι-

123 969 191 1005 μένα
218 970 287 1005 μετὰ
310 971 373 1002 τοὺς
386 971 550 1002 ἀποστόλους
569 971 696 1002 ἀκούσας,
716 970 829 1006 ἐνόησας
845 970 913 998 πάν.

117 1024 176 1046 τως
191 1016 237 1042 τὸν
254 1015 323 1052 μετὰ
339 1016 402 1048 τοὺς
425 1016 590 1048 ἀποστόλους
616 1016 732 1052 ποιμένα
755 1025 785 1042 τε
802 1017 849 1043 καὶ
872 1017 912 1043 δι-

118 1061 253 1088 δάσκαλον
265 1069 273 1076 ·
290 1061 384 1088 τοῦτον
398 1061 469 1096 λέγω
479 1082 487 1094 ,
504 1062 535 1088 τὸ
551 1062 646 1094 σκεῦος
661 1062 710 1097 τῆς
727 1062 852 1097 ἐκλογῆς,
867 1061 913 1088 τὸν

116 1107 225 1142 ὑψηλὸν
240 1107 290 1144 βίῳ
312 1116 342 1134 τε
361 1108 408 1135 καὶ
431 1108 501 1142 λόγῳ
518 1108 667 1140 Βασίλειον,
691 1108 736 1134 τὸν
755 1108 861 1134 ἀστεῖον
873 1106 913 1142 τῷ

120 1152 183 1187 Θεῷ
194 1153 226 1178 έκ
235 1153 398 1188 γεννήσεως,
411 1152 456 1180 τὸν
467 1154 523 1185 τοῖς
537 1153 614 1188 ἤθεσι
631 1152 721 1180 πολιὸν
734 1153 766 1179 ὲκ
778 1153 911 1185 νεότητος,

120 1199 168 1225 τὸν
181 1198 359 1226 παιδευθέντα
377 1200 425 1234 μὲν
442 1199 512 1226 κατὰ
525 1199 644 1225 Μωῡσέα
668 1199 742 1235 πάσῃ
765 1199 845 1234 σοφίᾳ
858 1198 912 1225 τῶν

121 1244 221 1277 ἔξωθεν
237 1244 324 1279 λόγων
334 1266 342 1278 ,
357 1246 413 1276 τοῖς
426 1245 454 1271 δὲ
469 1246 549 1280 ίεροῖς
566 1244 727 1280 γράμμασιν
744 1245 776 1271 ὲκ
797 1244 913 1280 βρέφους

121 1289 170 1316 καὶ
187 1290 267 1325 μέχρι
282 1290 330 1325 τῆς
343 1289 506 1322 τελειώσεως
522 1291 706 1326 συντραφέντα
721 1292 768 1318 καὶ
783 1291 913 1327 συναυξη-

121 1335 204 1362 θὲντα
229 1336 275 1362 καὶ
292 1336 520 1371 συνακμάσαντα’
537 1337 597 1364 ὅθεν
613 1337 744 1364 διδάσκων
757 1339 845 1365 πάντα
865 1338 912 1365 ἄν·-

119 1382 232 1416 ορωπον
256 1382 285 1408 ὲν
302 1381 377 1418 πάσῃ
393 1378 473 1418 σοφίᾳ
489 1384 521 1418 τῇ
548 1383 608 1419 θείᾳ
623 1392 652 1410 τε
675 1384 722 1410 καὶ
744 1385 776 1419 τῇ
803 1384 912 1417 ἔξωθεν,

120 1424 178 1453 οἷόν
193 1435 234 1458 τις
246 1427 374 1462 ἀριστεὺς
386 1428 536 1463 περιδέξιος
549 1429 584 1455 δι’
599 1429 732 1464 ἑκατέρας
746 1429 912 1462 παιδεύσεως

119 1471 180 1502 τοῖς
202 1471 438 1507 ἀντιτεταγμένοις
459 1473 555 1499 ἑαυτὸν
576 1473 753 1507 ἀνθοπλίζων,
770 1474 910 1510 ὑπεραίρει

118 1516 157 1542 δι’
182 1516 343 1552 ἀμφοτέρων
363 1517 426 1549 τοὺς
450 1519 692 1553 προσπαλαίοντας,
721 1520 861 1556 ὑπερέχων
883 1522 912 1548 ὲν

121 1562 248 1597 ἑκατέρῳ
270 1563 333 1594 τοὺς
352 1563 380 1590 ὲν
407 1563 512 1600 θατέρῳ
534 1565 594 1591 τινὰ
622 1566 693 1592 κατά
715 1566 764 1601 τῆς
786 1567 914 1602 ἀληθείας

124 1609 203 1643 ἰσχὺν
225 1608 297 1644 ἔχειν
321 1609 490 1645 νομίζοντας,
507 1612 570 1643 τοὺς
592 1611 642 1647 μὲν
665 1613 697 1639 ἐκ
712 1613 760 1648 τῆς
783 1613 914 1647 αἱρέσεως

119 1654 174 1686 τὶς
188 1654 299 1690 Γραφὰς
315 1655 558 1691 προϐαλλομένους,
582 1658 641 1689 ταῖς
662 1658 782 1694 Γραφαϊς
798 1659 915 1695 ἀνατρέ-

123 1708 183 1726 πων
194 1720 202 1732 ,
218 1701 352 1736 ’Έλληνας
365 1701 393 1728 δὲ
414 1701 458 1728 διὰ
480 1702 528 1738 τῆς
553 1702 619 1734 ίδίας
636 1703 725 1730 αὐτῶν
740 1704 912 1739 συμποδίζων

123 1744 301 1777 παιδεύσεως.
334 1746 366 1773 Ἡ
389 1747 418 1773 δὲ
441 1747 512 1775 κατά
547 1748 601 1775 τῶν
622 1749 775 1777 ἀντιπάλων
790 1750 852 1786 νίκη
880 1752 910 1778 οὐ

122 1791 230 1817 πτῶσιν
252 1792 338 1818 ἐποίει
358 1792 412 1819 τῶν
428 1794 597 1829 ἡττημένων,
622 1795 678 1822 ἀλλ’
695 1796 852 1825 ἀνάστασιν.
879 1799 911 1824 Οί

121 1838 180 1873 γὰρ
196 1838 346 1873 ἡττώμενοι
360 1839 408 1874 τῆς
421 1839 560 1875 ἀληθείας,
573 1841 681 1876 νικηταὶ
693 1842 740 1868 καὶ
756 1843 912 1877 στεφανίται

123 1883 196 1909 κατὰ
210 1884 259 1918 τῆς
275 1884 377 1918 πλάνης
390 1885 437 1912 καὶ
454 1884 501 1911 τοῦ
519 1885 632 1920 ψεύδους
641 1887 769 1920 ἐγίνοντο.

961 194 1126 221 constittttos
1142 198 1168 221 et
1180 193 1321 220 ordinatos
1330 201 1402 225 esse,
1417 199 1478 228 post
1494 195 1555 221 illos
1572 202 1638 222 vero
1656 201 1751 230 pasto~

962 247 1006 266 res
1016 243 1043 266 et
1060 240 1187 267 doctores
1202 240 1221 266 ‘.
1247 239 1380 266 Convenit
1402 239 1485 274 igitur
1502 240 1570 266 ordo
1585 241 1749 268 soletnnium

962 289 1146 312 convcntuum
1158 291 1184 312 ct
1198 285 1385 313 celebritatum
1401 292 1463 312 eum
1476 286 1626 320 apostolica
1640 286 1691 314 hac
1706 295 1751 314 or-

961 332 1111 359 dinatione.
1126 331 1177 358 Sed
1197 332 1310 366 primam
1332 331 1520 358 celebritatem
1540 340 1592 359 una
1608 340 1669 360 cum
1688 333 1750 359 aliis

962 385 1015 404 non
1031 385 1154 405 numero.
1170 376 1235 403 Nam
1256 385 1317 412 quae
1339 382 1451 412 propter
1473 377 1592 405 divinattt
1619 378 1750 413 ttnigeniti

962 421 1024 449 Filii
1039 423 1256 457 apparitionem,
1279 430 1326 457 per
1349 426 1456 457 partum
1476 422 1593 456 Virginis
1609 430 1624 449 a
1648 423 1750 450 mundo

963 468 1099 495 festivitas
1126 468 1252 495 institttta
1275 471 1328 498 cst,
1344 475 1375 494 ea
1400 475 1455 494 non
1475 468 1637 503 simpliciter
1655 473 1749 495 sancta

962 513 1106 539 celebritas
1122 517 1173 544 cst,
1192 512 1238 539 sed
1255 516 1351 540 sancta
1367 516 1537 543 sanctarum,
1558 517 1584 539 et
1606 511 1749 539 celebritas

963 559 1161 586 ceicbl'italzlltl.
1185 559 1269 593 igitur
1288 566 1335 585 eas
1358 566 1418 593 qum
1440 559 1509 585 hanc
1529 561 1748 592 consequuntur,

963 613 1149 632 nutnercmt's.
1172 604 1293 631 Primum
1323 604 1404 632 nobis
1424 604 1540 639 apostoli
1563 609 1590 631 et
1611 604 1750 638 propheta:

963 652 1114 687 spiritualis
1135 656 1222 680 curtus
1242 651 1350 678 initiutn
1370 651 1506 678 fecerunt.
1538 649 1658 685 Utraque
1676 649 1749 676 enim

963 705 1076 733 prorsus
1096 698 1168 724 circa
1193 697 1303 725 eosdem
1333 701 1397 724 sunt
1425 696 1506 728 dona,
1531 700 1558 722 et
1583 695 1750 730 apostolicus

963 743 1087 778 spiritus,
1110 748 1137 770 et
1162 742 1277 777 spiritus
1307 741 1465 776 prophetiae.
1486 741 1556 767 Sunt
1581 746 1671 767 autem
1701 740 1748 766 hi:

964 789 1128 823 Stephanus.
1158 788 1265 820 Petrus,
1291 788 1425 818 Jacobus.
1461 787 1597 819 Joannes,
1625 785 1748 819 Paulus;

961 834 1060 862 deinde
1080 838 1141 869 post
1158 835 1208 862 hos
1223 839 1387 862 conservato
1404 834 1500 860 ordine
1517 841 1568 861 suo
1580 853 1587 864 .
1608 836 1701 868 pastor
1721 835 1750 859 et

962 879 1092 915 magister
1105 884 1265 915 prmsentem
1283 879 1363 906 nobis
1376 879 1562 906 celebritatem
1579 877 1747 911 auspicatur.

962 925 1030 958 Quis
1053 929 1095 953 est
1118 924 1185 952 hic?
1206 924 1299 951 Dicant
1323 931 1432 955 nomen.
1462 931 1495 950 an
1525 922 1643 950 nominis
1662 921 1748 949 vieem

963 970 1050 1006 gratia
1069 974 1150 1005 atque
1167 969 1302 997 festivitas
1324 969 1434 1004 supplet
1448 968 1480 995 ad
1497 968 1586 994 virum
1600 965 1749 993 ostenden-

962 1016 1124 1043 dum?Cutn
1141 1015 1213 1042 enim
1234 1015 1267 1042 de
1293 1015 1422 1049 magistro
1447 1017 1529 1048 atque
1550 1015 1659 1047 pastore
1687 1014 1750 1046 post

962 1061 1101 1096 apostolos
1122 1060 1279 1091 audiveris.
1293 1059 1451 1086 intellexisti
1473 1065 1586 1093 prorsus
1612 1065 1674 1084 eum
1703 1057 1749 1091 qui

962 1107 1102 1142 apostolos
1112 1106 1291 1141 consequitur
1306 1109 1399 1140 pastor
1415 1109 1441 1132 et
1457 1103 1562 1131 doctor.
1578 1104 1656 1130 Hune
1675 1103 1748 1135 dico,

962 1152 1008 1187 qui
1024 1160 1072 1180 vas
1094 1156 1137 1179 est.
1163 1151 1316 1182 electionis,
1346 1150 1489 1177 sublimem
1509 1149 1585 1176 illum
1610 1153 1636 1176 et
1653 1148 1708 1174 vita
1723 1152 1750 1173 et

963 1205 1091 1225 sertnonc
1116 1197 1258 1229 Basilitttn,
1283 1202 1390 1231 gratum
1417 1200 1443 1223 et
1468 1199 1607 1230 acceptum
1642 1193 1696 1220 Deo
1735 1200 1749 1218 a

963 1245 1117 1275 nativitate.
1144 1243 1191 1278 qni
1208 1243 1331 1270 moribus
1351 1250 1438 1268 cauus
1463 1241 1496 1268 ah
1515 1241 1680 1276 juventttte,
1704 1239 1750 1273 qtti

963 1290 1035 1317 sicut
1048 1289 1152 1325 Moyses
1170 1294 1190 1322 τ,
1204 1289 1328 1315 eruditus
1350 1287 1401 1314 fuit
1417 1286 1491 1313 omni
1510 1285 1645 1320 sapientia
1669 1288 1751 1318 atque

964 1335 1078 1363 Scientia
1090 1339 1266 1362 externarum
1285 1332 1503 1366 disriplinarum,
1517 1331 1605 1358 sacris
1623 1336 1688 1357 vero
1701 1329 1747 1356 lit-

963 1383 1030 1409 teris
1045 1381 1078 1407 ah
1093 1381 1206 1407 infantia
1222 1388 1309 1414 usque
1324 1379 1356 1405 ad
1374 1377 1568 1413 perfectionem
1582 1381 1608 1404 et
1624 1383 1751 1404 consum-

964 1427 1113 1454 mationem
1129 1426 1291 1455 innutritus,
1306 1432 1358 1451 una
1380 1423 1483 1455 Cretit,
1509 1423 1536 1450 in
1555 1422 1647 1449 adulta
1670 1425 1752 1456 atque

963 1473 1125 1500 conﬁrmata
1140 1476 1220 1498 mtate
1244 1478 1298 1497 una
1323 1475 1448 1497 versatus
1471 1473 1523 1500 est,
1555 1468 1627 1495 unde
1647 1467 1751 1494 docens

963 1525 1071 1545 omnem
1087 1517 1224 1544 hominem
1248 1516 1274 1543 itt
1299 1515 1373 1541 omni
1399 1514 1532 1549 sapientia
1557 1518 1611 1540 tam
1639 1517 1750 1540 externa

963 1572 1044 1600 quant
1062 1564 1166 1594 divina,
1182 1562 1262 1590 rcluti
1281 1561 1322 1588 vir
1342 1561 1453 1596 quidam
1479 1560 1557 1587 fortis
1574 1565 1600 1586 et
1618 1563 1748 1586 strenuus

961 1611 1079 1639 bellator
1095 1605 1277 1640 atnbideﬂ',
1293 1615 1341 1643 per
1358 1612 1503 1641 utramque
1515 1605 1697 1634 eruditionem
1723 1605 1749 1631 iu

962 1656 1135 1684 adversarios
1151 1663 1211 1683 sese
1223 1661 1346 1686 artnans,
1358 1660 1407 1688 per
1421 1656 1565 1688 utramque
1577 1651 1750 1686 disciplinam

964 1703 1051 1730 vincit
1065 1702 1243 1732 reluctantes,
1255 1704 1372 1735 utraque
1393 1703 1532 1726 armatura
1547 1698 1705 1733 prmccdens
1726 1701 1753 1724 et

965 1756 1100 1784 superans
1110 1755 1168 1780 eos,
1179 1747 1225 1782 qui
1239 1754 1287 1782 per
1297 1746 1457 1774 alterutram
1467 1746 1599 1773 adversus
1612 1744 1752 1771 veritatem

966 1795 1073 1830 aliquas
1088 1795 1160 1821 vires
1170 1793 1272 1820 habere
1287 1799 1316 1820 se
1334 1791 1484 1827 putabant,
1507 1797 1556 1818 e05
1573 1790 1682 1825 quidem
1704 1789 1752 1824 qui

966 1842 1000 1869 de
1024 1841 1214 1868 haereticorum
1238 1839 1374 1867 sententia
1402 1837 1554 1873 scripturas
1579 1837 1751 1872 proterrent,

968 1887 1120 1921 Scriptttris
1139 1889 1263 1913 evertens
1292 1888 1374 1919 atque
1391 1883 1556 1916 conl'utans,
1576 1882 1687 1910 Graecos
1703 1889 1752 1907 au-

125 1934 181 1955 tem
194 1937 226 1956 ac
240 1929 354 1964 gentiles
381 1938 428 1965 per
445 1939 522 1958 suant
543 1932 663 1966 ipsorum
681 1933 807 1963 irretiens
823 1940 904 1971 atque
920 1937 1073 1971 illaqueans
1097 1932 1292 1960 eruditionem.
1319 1929 1373 1958 Sed
1399 1929 1514 1957 victoria
1534 1929 1567 1956 de
1588 1928 1752 1956 adversariis

126 1982 181 2001 non
206 1975 312 2001 mittant
332 1975 376 2006 iis,
395 1976 442 2010 qui
465 1977 530 2004 victi
554 1982 657 2010 essent,
686 1979 835 2015 aﬂ’erebat,
867 1982 915 2010 sed
936 1979 1174 2009 resurrectionem.
1212 1977 1264 2010 Qui
1291 1977 1364 2004 cttim
1397 1975 1505 2003 veritati
1540 1975 1754 2004 succmnbebant

118 2021 267 2047 'virtoriam
296 2026 323 2048 et
340 2029 470 2049 coronam
490 2023 524 2051 de
546 2031 640 2051 errore
659 2028 740 2060 atque
761 2027 904 2056 mendacio
924 2026 1091 2055 referebant.

161 2063 260 2091 Τοῦτον
278 2062 325 2091 οὖν
348 2065 446 2100 ἔχομεν
463 2066 509 2093 καὶ
533 2067 613 2102 ἡμεῖς
627 2067 675 2094 νῦν
696 2068 742 2095 τὸν
762 2069 915 2098 διατιθέντα

122 2112 193 2146 ἡμῖν
205 2111 254 2146 τὴν
268 2111 408 2146 παροῦσαν
421 2112 583 2148 πανήγυριν,
594 2113 640 2140 τὸν
652 2115 762 2150 γνήσιον
773 2116 915 2152 ὑποφήτην

1003 2068 1080 2096 liunc
1096 2066 1322 2102 igiturhabemus
1338 2073 1412 2093 nutte
1424 2065 1506 2093 etiam
1528 2073 1590 2097 nos,
1613 2065 1661 2100 qui
1684 2073 1753 2093 eon-

967 2115 1063 2141 stituat
1079 2112 1159 2140 nobis
1170 2114 1332 2146 praesentem
1349 2111 1549 2144 celebritatem,
1560 2112 1708 2146 genuinum
1726 2116 1754 2139 et

124 2157 172 2182 τοῦ
183 2155 251 2183 Πνεύ
256 2165 348 2191 ματος,
358 2156 405 2184 τὸν
414 2158 536 2192 γενναῖον
546 2158 593 2185 τοῦ
605 2158 625 2185 Χ
632 2159 722 2194 ριστοῦ
736 2161 912 2196 στρατιώτην,

967 2167 1061 2187 verum
1074 2158 1229 2186 ministrum
1243 2161 1269 2184 et
1285 2157 1462 2192 interpretem
1473 2156 1598 2191 spirittts,
1610 2161 1752 2184 strenuum

123 2201 171 2228 τον
187 2201 376 2236 μεγαλόφωνον
390 2203 498 2238 κήρυκα
513 2203 559 2229 τοῦ
578 2204 711 2240 σωτηρίου
726 2205 911 2241 κηρύγματος.

124 2247 171 2273 τὸν
186 2247 338 2292 ἅγωνιστῂν
356 2256 386 2274 τε
409 2248 457 2274 καὶ
474 2249 615 2284 πρόμαχον
638 2250 689 2285 τῆς
710 2251 779 2286 ὑπὲρ
795 2252 913 2287 Χριστοῦ

126 2289 338 2328 παρρησίας-Ἴῷ
355 2292 388 2319 τὰ
404 2292 516 2328 δεύτερα
534 2294 603 2328 μετά
627 2295 689 2326 τοὺς
713 2296 877 2328 ἀποστόλους
900 2297 914 2323 ό

125 2337 220 2372 γρόνος
243 2336 333 2363 δίδωσι
360 2337 448 2372 μόνον.
473 2337 505 2364 Εί
535 2338 589 2373 γὰρ
608 2338 678 2365 κατά
697 2339 743 2365 τὸν
769 2340 849 2366 αὑτὸν
875 2340 914 2375 τῷ

125 2382 224 2417 Παύλῳ
236 2382 330 2417 χρόνον
355 2383 485 2418 μετέσχεν
500 2382 547 2409 τοῦ
558 2383 727 2419 ἀνθρωπίνου
753 2385 810 2420 βίου
833 2386 913 2412 Βασίο

122 2426 205 2458 λειος,
225 2426 312 2458 οὕτως
334 2427 366 2453 ἂν
386 2428 497 2460 ,πάντως
520 2430 676 2464 συνεγράφη
694 2429 733 2465 τῷ
757 2430 856 2466 Παύλῳ
878 2430 917 2462 ὡς

123 2472 267 2503 Σιλουανὸς
278 2473 325 2498 καὶ
335 2473 466 2508 Τιμόθεος
475 2481 482 2488 ·
494 2474 540 2500 καὶ
551 2474 592 2500 ὅτι
602 2475 651 2501 οὐκ
667 2474 718 2507 ἔξω
728 2475 778 2510 τῆς
789 2475 916 2510 ἀληθείας

124 2517 302 2553 στοχάζομαι,
320 2518 419 2544 οὑτωσὶ
430 2519 476 2545 τὸν
492 2519 570 2553 λόγον
593 2521 804 2556 κατανοήσωμεν
817 2530 824 2537 ν
843 2522 916 2557 Παρ-

122 2564 207 2590 εξσθω
235 2563 266 2590 τὸ
292 2564 466 2599 προτερεύειν
487 2565 551 2596 τοὺς
574 2564 667 2598 ἁγίους
690 2565 729 2600 τῷ
751 2567 848 2601 χρόνῳ.
881 2567 913 2593 Ἡ

122 2610 178 2644 γὰρ
202 2609 249 2636 τοῦ
276 2609 371 2644 χρόνου
399 2610 479 2644 φύσις
497 2611 526 2636 ὲν
550 2610 588 2645 τῷ
609 2611 784 2645 παρῳχηκότι
803 2612 849 2638 καὶ
874 2612 912 2647 τῷ

124 2655 259 2689 μέλλοντι,
286 2655 353 2690 πρὸς
369 2656 469 2690 ἀρετήν
488 2664 516 2682 τε
540 2657 586 2682 καὶ
611 2656 708 2682 κακίαν
731 2657 829 2691 ὸμοῖως
846 2658 911 2692 ἔχει,

121 2701 186 2727 οὕτε
199 2700 278 2727 τοῦτο
291 2699 367 2732 οὖσα,
383 2700 445 2727 οὔτε
458 2702 488 2728 τὸ
500 2702 592 2737 ἕτερον
604 2710 612 2718 ο
632 2703 661 2728 ὲν
682 2703 735 2737 γὰρ
756 2705 912 2739 προαιρέσει

163 2788 197 2815 ‘i
217 2789 281 2815 Cur.
301 2797 348 2818 ‘.tl,
364 2788 407 2814 ‘28.
448 2790 456 2804 τ
471 2789 529 2815 .\rt.
549 2797 596 2821 \‘ll,
613 2790 657 2816 ‘22.

966 2205 1068 2233 Christi
1101 2204 1231 2234 militem,
1262 2210 1394 2230 sonorutn
1420 2206 1448 2230 et
1474 2203 1595 2230 vocalem
1624 2203 1753 2230 salutaris

967 2249 1096 2285 prmconii
1109 2253 1190 2283 atque
1205 2247 1412 2282 pra-dictationis
1425 2254 1590 2281 princonem.
1601 2246 1686 2274 libere
1705 2254 1753 2281 pro

965 2295 1078 2323 Christo
1097 2294 1234 2330 loquendo
1249 2294 1449 2325 decertantem,
1461 2297 1488 2319 ct
1504 2293 1530 2319 in
1545 2293 1690 2327 principiis
1706 2301 1753 2327 pu-

966 2348 1046 2374 gnam
1058 2341 1192 2367 cientem:
1208 2338 1251 2365 cui
1266 2338 1403 2366 secundas
1422 2341 1484 2372 post
1503 2337 1643 2371 apostolos
1660 2341 1751 2371 partes

967 2390 1075 2421 tempus
1104 2385 1259 2413 solttmdat.
1285 2384 1352 2411 Nam
1379 2385 1402 2411 si
1430 2383 1525 2410 eodem
1543 2387 1676 2418 tempore.
1699 2392 1753 2417 quo

965 2431 1084 2462 Paulus,
1107 2433 1169 2458 vitte
1189 2430 1328 2465 particeps
1352 2429 1477 2455 lttttname
1505 2427 1601 2454 (uisset
1624 2428 1752 2459 Basilius,

966 2478 1046 2505 sicuti
1068 2476 1203 2511 Sylvanns
1220 2481 1247 2503 et
1258 2476 1417 2502 Timotheus
1428 2483 1434 2500 :
1445 2475 1481 2501 ila
1494 2481 1608 2508 prorsus
1624 2481 1676 2500 una
1690 2481 1751 2499 cum

966 2523 1052 2549 Paulo
1087 2522 1240 2549 litterartttn
1265 2520 1450 2548 monumentis
1483 2519 1639 2546 celebratus
1668 2523 1752 2545 esset.

966 2568 1055 2602 Atque
1067 2572 1097 2595 ut
1112 2568 1291 2602 intelligatur,
1305 2565 1377 2601 quod
1394 2566 1581 2599 conjecturam
1598 2564 1722 2590 faciendo
1737 2573 1752 2590 ιι

966 2615 1081 2640 Veritate
1097 2621 1150 2640 non
1169 2614 1276 2644 aberro,
1300 2613 1351 2639 hoe
1370 2612 1449 2639 modo
1467 2612 1599 2637 rationetn
1617 2610 1751 2637 ineamus.

966 2660 1195 2688 Franci-mittatur
1212 2666 1242 2686 ea
1261 2659 1359 2689 oratio,
1376 2664 1428 2692 qua
1447 2656 1608 2691 explicetur.
1627 2655 1673 2689 qui
1689 2663 1753 2681 san-

966 2707 1013 2739 cti,
1030 2714 1098 2741 quos
1117 2709 1227 2733 sanctos
1251 2709 1371 2738 tempore
1394 2702 1589 2730 antecesserint
1609 2701 1753 2738 (temporis
