1912 3082
189 99 236 128 791

810 93 840 122 S.
853 92 1018 121 GREGORII
1037 91 1182 120 NYSSEM

1775 91 1831 120 793

185 157 259 184 cuitu
269 159 369 183 natura
378 154 405 184 in
416 154 554 190 pnetcrito
565 157 592 182 et
605 154 710 186 futuro,
720 153 792 189 quod
805 153 838 181 ad
852 153 980 181 virtutem

1032 153 1063 180 τὸ
1085 152 1198 187 ἀγαθὸν,
1224 152 1274 179 οὒκ
1298 152 1328 178 ὲν
1351 151 1448 188 χρὸνῳ.
1473 151 1544 178 Ἀλλ’
1562 132 1735 184 ἐξεταζέσθω
1759 150 1831 185 πρὸς

186 207 213 229 et
240 201 337 228 vitium
367 201 476 233 attinet,
493 201 590 227 eodem
609 199 690 226 modo
718 207 780 228 sese
805 199 898 231 habet,
917 207 980 226 cum

187 255 278 283 neque
303 247 368 279 hoc,
385 255 475 282 neque
494 245 664 274 contrarium
681 245 734 274 sit:
760 245 788 273 in
805 245 891 273 libero
908 245 980 273 enim

188 293 305 322 arbitrio
320 297 404 329 atque
421 294 563 328 proposito
577 292 738 322 voluntatis,
749 299 802 318 non
818 291 845 318 in
859 296 982 326 tempore

189 339 291 366 bonum
307 338 459 372 consistit),
475 342 503 364 at
522 337 590 365 ﬁdes
611 345 672 364 cum
692 337 760 370 fide,
774 344 836 364 cum
858 337 982 364 oratione

190 383 280 410 oratio
292 382 462 411 conferatur.
483 382 550 409 Nam
572 383 595 410 si
621 382 684 417 quis
706 382 799 417 justus
829 381 982 409 aestimator

191 428 273 458 fuerit
288 428 315 457 in
331 427 507 456 conferendis
535 428 606 455 inter
634 436 663 455 se
685 427 835 460 miraculis,
864 427 982 462 reperiet

191 481 273 502 uuam
292 474 319 500 in
336 473 472 502 ambobus
482 474 610 510 gratiam.
628 481 689 509 quae
704 481 738 500 cx
759 473 855 501 eodem
882 473 981 508 spiritu

189 519 266 553 juxta
293 519 513 547 convenientiam
533 524 615 554 atque
633 519 836 554 proportionem
856 518 916 546 fidei
934 527 982 546 ex-

191 565 301 592 sisteret
315 566 343 592 in
367 570 493 601 utroque.
513 564 592 599 Quod
612 565 634 593 si
654 569 777 601 tempore
793 564 894 592 Paulus
913 572 982 600 pra:-

192 610 277 643 ccdit,
293 615 320 638 et
337 611 429 638 multis
444 611 574 640 aetatibus
586 616 649 648 post
661 611 780 639 Basilius
792 611 931 639 exhibitus
951 619 983 639 ac

192 656 350 690 designatus
370 661 431 684 est:
451 657 550 685 divina:
568 658 818 686 administrationis
833 665 914 693 quam
933 657 984 684 ho-

192 702 296 728 minum
312 703 398 737 gratia
415 703 548 738 suscepit,
570 711 639 738 opus
655 703 736 735 dicis,
755 711 807 730 non
828 702 908 730 aﬂ‘ers
921 711 984 737 pro—

193 747 332 774 hationem
348 748 422 774 circa
436 748 564 775 virtutem
576 747 780 775 diminutionis.
790 747 857 774 Nam
867 752 895 774 et
908 747 984 784 Moy-

193 800 236 820 ses
252 792 348 820 multis
361 793 529 828 temporibus
541 793 676 829 posterior
687 793 859 821 Abrahamo:
873 793 983 821 Samuel

1031 198 1079 234 τὴν
1103 198 1223 234 πίστινή
1242 197 1344 230 πίστις,
1370 198 1418 224 καὶ
1438 197 1507 233 πρὸς
1524 197 1569 223 τὸν
1592 196 1671 231 λόγον
1692 196 1707 222 ὁ
1729 195 1829 230 λόγος’

1031 243 1141 279 εὑρήσει
1149 241 1203 279 γὰρ
1213 243 1227 270 ὅ
1235 251 1267 277 γε
1281 242 1393 275 δικαίως
1404 243 1436 269 ὲκ
1452 241 1626 278 παραλλήλου
1641 241 1832 274 ἀντεξετάζων

1031 286 1065 314 τὰ
1080 287 1216 323 Θαύματα,
1243 287 1307 323 μίαν
1328 288 1372 314 ἐπ’
1387 287 1550 323 ἀμφοτέρων
1573 286 1622 322 τὴν
1637 287 1717 323 χάριν
1732 287 1766 312 ὲκ
1781 286 1831 312 τοῦ

1031 334 1112 360 αὑτοῦ
1129 334 1286 368 ΙΙνεύματος
1299 334 1476 369 ὲγγινομένην
1491 334 1520 360 ὲν
1540 333 1662 369 ἑκατέρῳ
1676 332 1749 360 κατὰ
1779 332 1832 368 τὴν

1032 380 1176 413 ἀναλογίαν
1200 380 1249 415 τῆς
1273 379 1402 412 πίστεως.
1430 380 1462 406 Εἰ
1484 379 1514 406 δὲ
1533 379 1650 414 προήκει
1672 379 1712 414 τῷ
1738 378 1831 414 χρόνῳ

1033 425 1148 459 Παῦλος,
1163 425 1210 452 καὶ
1232 425 1342 457 πολλαῖς
1366 425 1479 461 ὕστερον
1494 426 1600 460 γενεαῖς
1617 424 1759 460 ἀνεδείχθη
1776 424 1831 451 Βα-

1033 472 1141 504 σίλειος.
1166 471 1216 507 τῆς
1234 471 1309 504 θείας
1334 471 1403 507 ὑπὲρ
1424 471 1479 498 τῶν
1502 471 1653 506 ἀνθρώπων
1671 470 1830 506 οίκονομίας

1032 515 1121 551 λέγεις
1148 516 1179 543 τὸ
1206 516 1296 552 ἔργον,
1323 517 1373 543 οὐκ
1397 516 1533 549 ἀπόδειξιν
1558 515 1608 552 τῆς
1633 515 1696 543 κατ’
1725 515 1830 551 ἀρετήν

1033 562 1205 595 ἐλαττώσεως
1217 571 1224 578 ·
1250 563 1311 589 ἐπεὶ
1326 562 1373 590 καὶ
1389 562 1505 598 Μωῦσῆς
1517 561 1563 588 τοῦ
1584 561 1710 598 Ἀϐραὰμ
1720 561 1831 592 πολλοῖς

1033 608 1138 644 χρόνοις
1168 609 1418 644 μεταγενέστερος,
1445 609 1492 635 καὶ
1514 607 1641 644 Σαμουὴλ
1674 607 1831 641 Μωῢσέως,

1034 654 1080 680 καὶ
1100 654 1195 681 τούτου
1229 654 1337 686 Ἦλίας’
1369 654 1496 681 κάκείνου
1516 655 1530 680 ὁ
1560 653 1647 689 μέγας
1682 653 1831 688 Ἰωάννης,

1034 701 1081 727 καὶ
1108 701 1177 736 μετά
1210 700 1337 736 Ἰωάννην
1380 698 1503 732 Παῦλος·
1542 701 1590 727 καὶ
1625 699 1695 736 μετὰ
1733 699 1833 726 τοῦτον

1035 746 1183 778 Βασίλειος.
1217 746 1323 781 Ὥσπερ
1353 744 1400 773 οὖν
1426 747 1455 773 ὲν
1479 747 1535 778 τοῖς
1560 746 1729 782 προάγουσιν
1753 745 1832 773 οὐδὲν

1034 793 1049 819 ὁ
1070 791 1165 829 χρόνος
1188 791 1374 827 δευτερεύων,
1404 792 1445 824 εἰς
1471 792 1520 828 τὴν
1541 793 1611 819 κατά
1645 792 1712 819 Θεὸν
1749 791 1832 824 δόξαν

193 838 296 874 Moyse,
311 843 338 867 et
364 839 415 866 hoc
436 839 528 867 Elias:
545 843 572 867 et
591 839 638 867 illo
659 847 776 875 magnus
802 839 938 872 Joannes.
954 844 980 867 et

1032 839 1095 870 τοὺς
1119 838 1213 872 ἁγίους
1233 839 1403 874 ἠλάττωσεν·
1428 838 1499 865 οὕτω
1524 839 1572 866 καὶ
1590 839 1638 866 νῦν
1659 839 1690 865 ὲν
1717 838 1757 873 τῷ
1779 838 1832 873 τῆς

192 889 254 918 post
265 884 398 912 Joannem
412 884 526 918 Paulus,
538 890 565 913 et
578 892 640 922 post
655 886 727 913 hunc
736 886 867 915 Basilius.
883 886 984 920 Quem-

193 930 340 957 admodum
367 930 450 966 igitur
475 932 501 958 iu
528 932 747 967 pracedentibus
776 933 845 960 nihil
875 937 983 968 tempus

194 976 342 1010 posterius,
359 976 433 1012 quod
453 977 552 1004 attinet
575 978 608 1006 ad
628 978 742 1013 gloriam
757 986 818 1014 qua:
838 986 901 1006 cum
928 978 984 1006 Deo

192 1021 340 1055 conjuncta
364 1026 418 1054 cst,
455 1023 560 1050 sanctis
584 1024 814 1052 incommodavit:
843 1025 880 1052 ita
900 1026 983 1052 etiam

193 1075 266 1094 nunc
285 1067 311 1094 in
324 1067 523 1103 disceptatione
543 1069 671 1101 virtutis,
698 1070 786 1098 aetatis
809 1069 983 1097 Commodum

194 1113 305 1140 silentio
318 1114 553 1148 prmtermittatur.
575 1114 644 1142 Nam
667 1115 704 1148 id,
726 1120 756 1143 ut
776 1116 858 1143 modo
872 1116 984 1144 diccba-

193 1165 265 1190 mus,
283 1158 463 1193 providentia:
479 1159 589 1192 divinm,
615 1168 668 1196 qua
693 1161 848 1189 consulitur
865 1162 984 1189 homini-

192 1203 255 1232 bus.
269 1204 394 1232 continet
410 1205 686 1237 demonstrationem.
703 1207 749 1234 Ille
767 1208 850 1240 enim,
867 1207 924 1243 qui,
954 1211 984 1234 ut

192 1249 281 1284 inquit
291 1250 423 1285 propheta
435 1271 442 1281 .
456 1258 500 1278 res
519 1259 616 1279 omnes
631 1252 708 1279 novit
737 1259 883 1288 antequam
908 1254 983 1281 exsi-

191 1294 295 1328 stant',
324 1300 352 1322 et
371 1296 502 1322 malitiam
525 1296 627 1324 diaboli
656 1298 739 1325 simul
766 1306 829 1325 cum
855 1299 983 1326 aztatibus

190 1340 331 1367 hominum
346 1342 456 1369 extendi
473 1347 555 1377 atque
571 1343 679 1370 traduci
691 1347 719 1371 et
729 1343 764 1371 ad
777 1344 857 1372 tinent
870 1352 984 1380 pergere

190 1386 398 1419 animadvertit,
414 1389 625 1416 convenientem
646 1393 673 1416 et
689 1391 924 1417 accommodatam
948 1390 983 1417 ad

190 1433 326 1468 cujusque
351 1435 441 1462 astatis
469 1435 594 1462 morbum
624 1436 788 1464 medicinam
819 1441 915 1472 parat,
949 1444 984 1464 ne

190 1480 345 1508 curationis
359 1484 498 1515 expertem
516 1482 590 1511 sinat
606 1489 667 1510 esse
683 1483 809 1510 morbum
827 1483 981 1515 hominum,

1034 883 1134 919 ἀρετῆς
1163 883 1234 918 λόγῳ
1258 883 1406 910 σιωπάσθω
1431 883 1465 910 τά
1488 884 1620 920 πρεσϐεῖα
1645 884 1692 911 τοῦ
1718 884 1829 919 χρόνου.

1035 930 1071 956 Τὸ
1084 930 1138 965 γὰρ
1159 929 1289 962 τοιοῦτον,
1312 929 1403 961 καθὼς
1418 930 1533 965 ἔφαμεν,
1554 930 1603 966 τῆς
1624 930 1695 966 ὑπὲρ
1711 930 1767 956 τῶν
1782 930 1831 955 ἁν-

1035 976 1151 1012 θρώπων
1166 976 1214 1003 τοῦ
1227 976 1293 1003 Θεοῦ
1307 976 1477 1012 προμηθείας
1492 976 1541 1012 τὴν
1556 976 1694 1010 ἀπόδειξιν
1710 975 1779 1011 ἔχει.
1804 976 1834 1002 '0

1034 1023 1089 1058 γὰρ
1113 1022 1190 1055 εἰδὼς
1213 1023 1246 1049 τὰ
1271 1023 1359 1050 πάντα
1386 1023 1447 1058 πρὶν
1461 1023 1595 1057 γενέσεως
1617 1022 1718 1053 αὐτῶν,
1738 1022 1833 1053 καθώς

1035 1077 1117 1103 φησιν
1132 1068 1147 1094 ὁ
1163 1069 1305 1104 προφήτης
1318 1088 1325 1100 ,
1346 1068 1393 1095 καὶ.
1412 1068 1462 1104 τὴν
1487 1068 1686 1102 συνδιεξιοῦσαν
1705 1069 1767 1100 ταῖς
1783 1068 1832 1094 ἀν-

1035 1115 1185 1149 θρωπίναις
1210 1116 1318 1149 γενεαῖς
1338 1115 1384 1141 τοῦ
1406 1114 1529 1142 διαϐόλου
1552 1114 1650 1142 κακίαν
1676 1114 1832 1146 κατανοῶν,

1034 1160 1188 1196 πρόσφορον
1212 1169 1242 1186 τε
1267 1161 1313 1186 καὶ
1328 1160 1494 1196 κατάλληλον
1510 1160 1549 1196 τῷ
1565 1161 1626 1187 καθ’
1644 1159 1767 1194 ἑκάστην
1784 1168 1832 1193 γε-

1034 1206 1098 1232 νεὰν
1114 1206 1311 1242 ἀῤῥωστήματι
1328 1206 1373 1233 τὸν
1391 1207 1482 1242 ἰατρὸν
1498 1205 1648 1241 ὲτοιμάζει,
1668 1205 1707 1237 ὼς
1731 1205 1766 1232 ἆν
1795 1205 1833 1240 μὴ

1033 1251 1220 1286 ἀθεράπευτον
1237 1252 1353 1287 περιίδοι
1369 1251 1423 1277 τῶν
1444 1250 1596 1286 ἀνθρώπων
1616 1250 1666 1286 τὴν
1690 1249 1782 1282 νόσον,
1800 1249 1834 1276 δι’

1034 1297 1152 1333 ἐρημίαν
1175 1297 1230 1324 τῶν
1249 1296 1447 1332 διορθουμένων
1464 1296 1690 1332 κατακρατοῦσαν
1717 1295 1766 1322 τοῦ
1784 1295 1832 1330 γέ-

1034 1351 1104 1374 νους.
1121 1342 1222 1370 Τούτου
1234 1343 1314 1378 χάριν
1326 1342 1527 1379 ἐπικρατούσης
1537 1341 1601 1369 ποτὲ
1610 1341 1659 1377 τῆς
1672 1340 1832 1375 Χαλδαῐκῆς

1034 1389 1204 1424 φιλοσοφίας,
1230 1389 1254 1416 οἳ
1277 1389 1326 1424 τήν
1354 1389 1409 1415 τῶν
1429 1388 1514 1416 ὄντων
1538 1387 1627 1415 αίτίαν
1655 1388 1684 1413 ὲν
1703 1388 1739 1422 τῇ
1766 1387 1833 1422 ποιᾷ

1034 1435 1140 1469 κινήσει
1161 1434 1215 1461 τῶν
1236 1434 1344 1471 ἄστρων
1365 1433 1512 1470 ώρίζοντο,
1531 1433 1709 1468 ὑπερκεῖσθαι
1725 1432 1754 1459 δέ
1769 1441 1832 1459 τινα

1034 1480 1088 1507 τῶν
1111 1481 1280 1515 φαινομένων
1296 1479 1411 1515 δύναμιν
1426 1479 1571 1515 ποιητικὴν
1594 1478 1648 1505 τῶν
1667 1478 1754 1504 ὄντων
1779 1478 1832 1505 οὐκ

190 1528 237 1560 qui
253 1527 276 1554 si
296 1527 378 1559 desit,
398 1535 413 1554 a
428 1535 483 1562 quo
507 1532 632 1561 sanetur,
654 1529 780 1564 subigere
807 1529 876 1557 solet
896 1533 922 1556 et
953 1529 980 1556 in

1035 1526 1119 1561 ᾣοντο
1129 1535 1135 1541 ·
1152 1527 1212 1554 τότε
1228 1527 1273 1553 τὸν
1293 1525 1418 1562 Ἀϐραὰμ
1432 1525 1630 1555 ἀναδείκνυσιν,
1643 1525 1671 1557 ὃς
1689 1523 1833 1559 ἐπιϐάθρα

190 1576 355 1606 potestatem
373 1580 452 1600 suam
464 1573 587 1608 redigere
602 1582 690 1609 genus
711 1575 873 1602 humanum.
893 1574 982 1610 Hujus

191 1617 228 1644 rei
253 1618 353 1653 gratia,
379 1625 441 1645 cum
462 1618 568 1653 vigeret
593 1627 625 1646 ac
651 1620 814 1654 puevaleret
834 1620 984 1655 aliquando

191 1663 366 1699 philosophia
380 1664 581 1697 Chaldteorum,
597 1665 644 1700 qui
662 1673 753 1693 rerum
765 1673 865 1694 causas
877 1674 892 1693 a
907 1670 983 1694 certo

194 1709 314 1743 quodam
323 1714 397 1737 motu
406 1710 524 1738 siderum
532 1711 651 1746 pendere
657 1712 815 1740 statuebant
823 1734 831 1745 ,
838 1720 889 1740 nec
896 1713 982 1740 virtu-

192 1760 246 1782 tem
272 1754 418 1789 quamdam
435 1756 574 1784 sideribus
585 1757 781 1792 apparentibus
792 1758 938 1792 praesidere
950 1766 982 1785 ac

191 1807 308 1834 przeesse
320 1800 463 1834 putabant,
475 1809 536 1836 qua:
551 1809 643 1829 rerum
659 1802 845 1837 quarumlibet
856 1802 981 1831 cﬁ‘ectrix

189 1849 348 1872 essetztum
368 1845 556 1875 Abrahamum
583 1846 706 1879 exhibet,
728 1848 775 1882 qui
796 1849 875 1883 quasi
906 1849 981 1876 scala

190 1898 256 1918 usus
280 1890 416 1925 ejusmodi
439 1891 598 1927 disciplina,
626 1893 801 1928 iuvestigavit
823 1894 911 1926 illum,
933 1895 981 1929 qui

189 1942 238 1969 per
256 1943 311 1967 res,
327 1943 389 1971 qua:
404 1936 542 1969 videntur,
571 1937 743 1973 intelligitur,
764 1946 796 1965 ac
819 1938 920 1973 (quasi)
939 1939 980 1965 via

191 1980 262 2013 tidei,
278 1989 338 2016 qua:
352 1982 434 2009 estin
450 1990 512 2010 eum
526 1983 572 2018 qui
587 1990 683 2010 revera
704 1982 775 2010 Deus
790 1988 842 2016 est,
864 1984 980 2018 posteris

189 2028 306 2060 exstitit,
323 2035 385 2055 cum
399 2029 458 2064 ipse
479 2029 576 2056 relicto
599 2029 689 2064 patrio
709 2037 811 2062 errore,
839 2034 920 2065 atque
936 2038 979 2062 ea,

188 2079 392 2107 qumseusuum
415 2072 609 2100 instrumentis
632 2081 694 2101 esse
719 2073 821 2101 dicitur
848 2082 908 2101 cum
936 2081 979 2105 ea,

185 2126 250 2153 quas
262 2122 375 2153 apparet
389 2118 415 2145 in
432 2118 515 2146 astris
530 2125 670 2151 creatura,
687 2119 862 2154 cognatione,
879 2119 932 2146 dux
945 2120 980 2147 ad

187 2171 248 2191 eam
265 2163 345 2191 tidem
362 2164 468 2192 fuisset.
486 2164 587 2193 Deinde
605 2173 666 2192 eum
683 2165 804 2200 (Egyptii
823 2173 855 2193 ex
879 2174 978 2201 sugge-

188 2210 289 2241 stione,
302 2210 410 2244 opinor,
425 2210 496 2245 ejus.
512 2211 558 2246 qui
574 2219 620 2246 per
635 2212 726 2238 varias
741 2212 850 2240 fraudes
866 2212 874 2246 (
890 2212 976 2238 homi-

187 2255 259 2291 nes)
278 2256 422 2291 demergit,
440 2257 593 2284 mirabilem
612 2258 757 2292 quamdam
776 2262 802 2284 et
819 2257 974 2292 prmstigia-

187 2302 283 2328 tricem
305 2302 480 2329 calliditatem
503 2302 683 2335 invenissent,
707 2303 832 2330 exhibuit
852 2303 974 2338 Moysen,

192 2346 234 2374 Hi
262 2347 403 2381 sapientiae
429 2348 589 2375 excellentia
629 2348 820 2384 [Egyptiorum
850 2348 973 2376 fraudum

188 2391 336 2425 expelleret
353 2396 380 2418 et
388 2391 520 2418 aboleret.
530 2392 661 2427 Agnoscit
677 2396 767 2419 autem
787 2399 902 2426 prorsus
916 2399 973 2418 rem

187 2441 303 2470 gestam,
330 2437 363 2464 de
389 2444 442 2471 qua
471 2437 578 2471 loquor,
607 2438 654 2472 qui
684 2436 854 2472 Scripturaut
882 2438 973 2468 novit,

187 2482 324 2517 quomodo
344 2490 406 2510 cum
431 2483 645 2518 praestigiatorcs
662 2483 700 2510 illi
716 2483 816 2510 divinis
840 2483 926 2518 signis
941 2492 974 2510 ex

187 2528 303 2555 adverso
333 2536 444 2556 suarum
474 2527 599 2555 fraudum
639 2528 778 2563 specimen
811 2529 973 2562 prtehereut,

187 2573 294 2608 Moyses
316 2573 446 2600 erunibus
461 2574 548 2601 modis
563 2574 687 2608 superior
705 2573 800 2605 fuerit,
814 2577 840 2600 et
859 2581 976 2607 superne

186 2621 288 2647 auxilio
319 2621 403 2647 misso
435 2628 530 2647 omnes
563 2619 709 2655 Egyptias
739 2620 811 2646 vires
836 2620 974 2646 delc-verit.

1035 1573 1068 1607 τῇ
1081 1572 1192 1608 τοιαύτῃ
1207 1571 1346 1599 παιδεύσει
1359 1571 1540 1607 χρησάμενος,
1555 1571 1706 1607 ἀνεζήτησε
1727 1571 1774 1597 τὸν
1787 1570 1833 1596 διὰ

1034 1617 1088 1644 τῶν
1118 1618 1263 1653 ὁρωμένων
1292 1617 1445 1652 νοούμενον.
1478 1617 1533 1644 Καὶ
1555 1616 1614 1648 ὁδὸς
1645 1618 1702 1648 τοῖς
1729 1616 1831 1650 ὲςςεξῆς

1033 1663 1142 1698 ἐγένετο
1158 1663 1275 1695 πίστεως
1290 1664 1339 1699 τῆς
1358 1663 1398 1694 είς
1421 1663 1466 1690 τὸν
1478 1664 1561 1695 ὅντως
1576 1662 1640 1689 ὅντα
1654 1662 1732 1694 Θεὸν,
1748 1663 1831 1694 αὐτὸς

1034 1709 1102 1744 πρὸς
1118 1708 1219 1745 ταύτην
1233 1709 1470 1744 καθηγησάμενος,
1486 1709 1530 1736 διά
1544 1708 1591 1735 τοῦ
1608 1708 1768 1735 καταλιπεῖν
1780 1708 1831 1742 τὴν

1034 1754 1161 1790 πατρῴαν
1175 1755 1294 1790 ἀπάτην,
1308 1755 1355 1781 καὶ
1366 1754 1414 1789 τὴν
1428 1754 1483 1780 τῶν
1494 1753 1678 1789 αίσθητηρίων
1697 1753 1767 1789 πρὸς
1779 1755 1830 1789 τὴν

1033 1799 1198 1835 φαινομένην
1214 1799 1301 1826 κτίσιν
1325 1799 1496 1833 συγγένειαν.
1516 1797 1582 1825 Εἶτα
1597 1798 1651 1825 τῶν
1669 1799 1828 1832 Αἰγυπτίων

1031 1845 1171 1881 δαιμονίαν
1186 1845 1247 1872 τινὰ
1262 1847 1309 1872 καὶ
1327 1847 1459 1882 γοητικὴν
1473 1847 1569 1880 σοφίαν
1582 1845 1782 1881 ὲξευρηκὸτων,
1797 1845 1827 1877 ἐξ

1032 1890 1182 1926 ὑποθήκης,
1204 1888 1292 1926 οἶμαι,
1310 1891 1357 1918 τοῦ
1381 1892 1510 1924 ποικίλως
1525 1891 1558 1918 δι’
1574 1891 1682 1926 ἀπάτης
1707 1891 1828 1918 καταϐυ-

1032 1937 1160 1969 οίςοντος,
1179 1937 1298 1970 ἀνέδειξε
1312 1938 1359 1964 τὸν
1373 1938 1493 1965 Μωῦσέα
1510 1938 1548 1973 τῷ
1564 1937 1760 1973 ὑπερϐάλλοντι
1777 1938 1826 1973 τῆς

1032 1981 1127 2017 σοφίας
1147 1981 1196 2017 τὴν
1213 1982 1363 2016 Αίγυπτίαν
1387 1982 1496 2018 ἀπάτην
1517 1982 1722 2016 ὲξαφανίσοντα.
1750 1983 1826 2009 Ἐπι-

1030 2027 1158 2061 γινὼτκει
1173 2027 1201 2054 δὲ
1217 2028 1325 2060 πάντως
1339 2028 1385 2055 τὸν
1396 2028 1475 2063 λόγον
1488 2030 1502 2055 ὁ
1516 2029 1564 2063 τήν
1583 2029 1695 2064 Γραφὴν
1711 2029 1826 2055 ἐπιστά-

1032 2081 1121 2108 μενος,
1143 2073 1500 2109 πῶς,ἀντεπιδεικνυμένων
1521 2075 1576 2106 τοῖς
1597 2074 1680 2105 θείοις
1700 2075 1825 2109 σημείοις

1029 2118 1083 2145 τῶν
1100 2120 1206 2155 γοήτων
1219 2120 1268 2152 τὰς
1280 2119 1346 2152 ἰδίας
1360 2120 1477 2152 ἀπάτας,
1490 2121 1625 2156 ὑπερέσχε
1640 2120 1710 2147 κατά
1723 2120 1826 2156 κράτος

1030 2164 1163 2199 Μωῢσῆς,
1182 2165 1227 2192 διὰ
1245 2166 1294 2200 τῆς
1313 2165 1415 2192 ἀνωθεν
1432 2166 1588 2201 συμμαχίας
1601 2166 1650 2200 τὴν
1671 2166 1825 2200 Αἰγυπτίαν

1032 2210 1108 2244 ἰσχὺν
1123 2210 1214 2236 πᾶσαν
1234 2210 1408 2244 ἐξαφανίσας.
1425 2211 1506 2242 Neci;
1526 2211 1554 2237 δὲ
1568 2210 1647 2237 τοῦτο
1660 2210 1705 2237 διά
1727 2219 1756 2237 τε
1771 2211 1824 2238 τῶν

1029 2254 1129 2286 ἀλλων,
1146 2256 1192 2281 και
1208 2255 1248 2290 τῷ
1268 2256 1321 2283 τῶν
1336 2256 1442 2291 ῥάϐδων
1457 2256 1609 2291 αἰνίγματι.
1634 2256 1782 2292 Προϊόντος
1795 2257 1823 2284 δὲ

1028 2299 1076 2326 τοῦ
1102 2301 1208 2335 χρόνου.
1235 2301 1283 2327 καὶ
1312 2301 1366 2327 τῶν
1396 2301 1570 2336 Ἰσραηλιτῶν
1592 2302 1626 2328 δι’
1642 2302 1778 2338 ἀναρχίας
1795 2304 1823 2329 ὲν

1028 2345 1248 2382 δημοκρατορικῇ
1265 2346 1395 2382 συγχύσει
1417 2347 1585 2382 πλημμελῶς
1598 2347 1789 2383 διακειμένων,
1808 2349 1824 2374 ὁ

1031 2390 1157 2426 Σαμουὴλ
1170 2391 1357 2425 ἀναφαίνεται,
1371 2391 1479 2427 κρατῶν
1492 2392 1525 2418 δι’
1538 2392 1634 2419 ἑαυτοῦ
1644 2391 1675 2418 τὸ
1689 2392 1820 2426 ὑπήκοον,

1030 2437 1077 2463 καὶ
1093 2437 1141 2472 τῆς
1162 2437 1231 2472 πρὸς
1246 2437 1309 2468 τοὺς
1323 2437 1489 2472 ἀλλοφύλους
1509 2437 1649 2472 ἐπιμιξίας
1663 2437 1820 2473 ἀπείργων-

1029 2481 1088 2509 εἴτα
1111 2482 1179 2518 πρὸς
1203 2482 1340 2518 βασιλείας
1364 2484 1531 2511 κατάστασιν
1554 2484 1603 2518 τὴν
1622 2483 1757 2519 ἀναρχίαν
1774 2491 1821 2518 με-

1029 2529 1210 2559 τασκευάσας,
1229 2529 1403 2564 συνήθροισεν
1418 2529 1484 2556 αὐτὸ
1504 2529 1568 2564 περὶ
1592 2529 1673 2556 ἑαυτὸ
1692 2529 1724 2556 τὸ
1744 2529 1822 2556 ἀλλό-

1029 2576 1129 2608 φυλον,
1151 2575 1200 2610 τῆς
1223 2575 1365 2611 βασιλικῆς
1387 2576 1546 2608 δυναστείας
1569 2575 1718 2611 νομοθέτης
1745 2576 1822 2610 γενό-

1031 2629 1121 2656 μενος.

187 2665 317 2700 lntelligis
333 2671 423 2694 autem
440 2666 492 2692 hoc
509 2674 569 2693 cum
585 2674 632 2701 per
651 2666 719 2694 alias
737 2674 789 2698 res,
806 2671 860 2692 tum
879 2674 926 2700 per
940 2666 1077 2700 virgarum
1090 2666 1214 2702 :cnigma.
1231 2667 1364 2695 Processu
1379 2667 1477 2695 deinde
1492 2668 1631 2703 temporis,
1653 2675 1718 2695 cum
1739 2668 1820 2694 etiam

185 2709 370 2741 lsraclitarum
394 2719 437 2738 res
458 2719 506 2746 per
522 2718 583 2738 eum
608 2714 720 2743 statum,
740 2719 794 2745 quo
813 2710 913 2737 nullius
935 2709 1002 2736 certi
1028 2711 1203 2745 magistratus
1228 2711 1342 2746 imperio
1368 2712 1588 2746 continebantur,
1614 2712 1639 2738 in
1660 2713 1819 2747 promiscua

221 2802 230 2817 ⁸
242 2802 306 2832 Itan.
322 2812 380 2836 xui,
400 2804 442 2831 42..
