1912 3082
77 94 134 123 7S5

639 101 674 130 IN
693 102 835 133 LAUDEM
853 105 1005 136 FRATRIS
1028 108 1158 138 BASlLll.

1665 114 1718 144 πει

81 155 174 190 populi
196 159 278 191 atque
303 156 418 184 eonl'usa
445 161 580 193 potestate
602 159 671 188 male
693 167 754 188 sese
773 161 922 196 haberem,
943 164 1055 193 Samuel
1079 166 1196 198 exsistit.
1215 166 1261 202 qui
1286 175 1334 203 per
1360 176 1420 197 sese
1438 169 1563 199 subditos
1581 170 1607 198 in
1628 172 1716 200 ollicio

80 202 245 233 Contineret,
261 208 286 229 et
307 210 321 229 a
340 205 538 232 consuetudine
561 209 643 240 atque
658 208 824 235 commercio
843 209 1056 246 alienigenarum
1080 213 1252 248 prohiberet,
1270 202 1368 243 deinde
1389 223 1450 243 cum
1470 217 1545 244 illum
1569 219 1714 247 confusum

80 253 194 282 statum,
210 256 266 284 quo
280 250 372 277 nullus
392 254 485 278 certus
507 251 682 286 magistratus
703 258 773 287 erat,
793 254 827 282 ad
846 257 1070 286 constitutionem
1095 260 1170 295 regni
1193 261 1370 293 traduxisset,
1390 262 1533 290 duodecim
1545 264 1632 292 tribus
1647 273 1715 293 con-

80 297 204 331 gregavit
223 297 251 324 in
273 304 368 329 untim,
389 302 416 325 et
433 299 537 334 regium
559 300 702 335 imperium
718 302 776 336 lege
795 303 849 329 lata
864 306 966 332 sanxit.

117 343 195 370 Μετὰ
205 343 290 371 ταῦτα
299 344 328 371 δὲ
339 344 449 377 πολλαῖς
459 345 521 373 ὕστε
526 355 571 382 ρον
582 349 698 381 γενεαῖς,
709 349 754 375 ὅτε
768 349 871 385 Ἀχαὰὸ

958 353 1115 380 Secundum
1149 354 1206 382 hzec
1237 355 1332 383 multis
1377 360 1439 390 post
1473 361 1622 389 aetatlnus,
1651 367 1713 386 cum

82 388 196 423 ἐκεῖνος,
215 391 246 418 τὺ
274 393 428 425 γυναικεῖον
454 393 630 429 ἀνδράποδον,
661 395 741 427 αὐτός
765 402 796 422 τε
819 396 874 423 τῶν

84 437 219 473 πατρῴων
232 438 336 475 ἀπέστη
353 438 470 474 θεσμῶν,
486 441 597 474 γυναικὶ
609 440 727 478 χλιδώσῃ
748 441 875 470 δεδουλω-

86 482 178 518 μένος,
191 484 238 510 καὶ
252 483 302 519 τὴν
321 484 376 511 τῶν
392 485 508 512 εἰδώλων
523 485 627 521 πλάνην
641 487 675 514 δι’
690 487 797 523 ἐκείνης
813 489 875 515 ἐπι-

85 530 269 565 σπασάμενος,
294 531 497 567 συναπέστησεν
523 532 612 568 ἑαυτῷ
636 533 681 560 τὸν
704 534 875 570 Ἰσραηλίτην

83 575 149 602 λαόν
158 583 165 590 ·
177 575 237 602 τότε
247 576 435 604 ἀναδείκνυσιν
444 578 458 603 ό
469 576 534 609 Θεὸς
543 579 588 604 τὸν
605 578 698 605 Ἠλίαν
712 579 875 616 ἀντίρροπον

84 620 181 655 ἔχοντα
206 620 244 655 τῷ
271 621 380 656 μεγέθει
403 622 453 658 τῆς
474 623 552 649 νόσου
576 622 629 649 τῶν
652 623 802 659 ἀνθρώπων
826 624 875 660 τὴν

83 665 289 700 θεραπεύουσαν
307 665 432 701 δύναμιν,
446 667 541 703 ἄνδρα,
566 668 594 694 ἐν
610 667 745 705 ὑπεροψίᾳ
765 669 814 705 τῆς
830 670 875 697 θε-

86 711 203 743 ραπείας
223 711 270 737 τοῦ
288 711 423 747 σώματος,
447 713 594 748 αὐχμῶντα
610 713 639 740 τὸ
654 713 809 749 πρόσωπον,
828 715 876 742 καὶ

84 755 124 790 τῷ
140 754 238 791 πλήθει
253 754 307 782 τῶν
322 755 393 783 ίδίων
417 757 517 792 τριχῶν
540 758 729 793 σκιαζόμενον,
756 759 876 795 ἰδιαστήν

84 802 126 837 τῷ
145 801 206 837 βίῳ,
228 802 324 837 σεμνὸν
341 802 479 838 προσιδεῖν
491 804 520 830 ὲν
539 803 643 839 ἀμειδεί
667 804 706 840 τῷ
726 804 875 840 προσώπῳ,

85 847 134 874 καὶ
153 848 363 884 συννενευμένον
376 848 415 884 τῷ
430 849 575 885 βλέμματι,
590 849 705 886 δέρματι
726 851 820 887 αἰγείῳ
832 860 876 878 το-

86 893 182 921 σοῦτον
189 892 236 921 τοῦ
250 894 374 930 σώματος
388 895 435 922 σκέ
441 894 574 931 π[τιοντα,
584 896 645 923 ὅσον
658 896 875 933 εὖπρεπέστερόν

85 941 145 967 ἐστι
158 941 371 976 καλυπτόμενον,
384 942 422 977 τῷ
433 942 461 968 δὲ
470 942 556 978 λοιπῷ
566 941 797 979 διακαρτεροῠντα
810 943 877 979 πρὸς

84 990 132 1016 τὸν
143 989 223 1025 ἀέρα,
242 989 287 1015 καὶ
301 987 378 1014 οὐδὲν
393 987 461 1022 πρὸς
472 987 521 1022 τὴν
533 988 565 1014 ὲκ
586 987 632 1014 τοῦ
649 987 766 1019 θάλπους
785 997 814 1014 τε
830 989 876 1015 καὶ

926 399 1047 430 Achaab,
1062 400 1186 427 mulieris
1202 399 1269 427 illud
1287 401 1466 436 mancipium,
1485 405 1512 429 et
1527 402 1586 437 ipse
1608 404 1714 439 patrios

927 444 997 472 ritus
1024 452 1166 473 sacrorum
1197 445 1376 480 deseruisset,
1396 447 1504 475 mulieri
1533 448 1655 476 delicata:
1682 458 1713 476 ac

926 491 1001 517 molli
1019 491 1156 519 obnoxius
1176 491 1275 525 factus,
1291 497 1317 519 ct
1339 500 1387 527 per
1404 493 1478 520 illam
1499 495 1586 521 ascito
1599 495 1713 522 simula-

926 543 1035 563 crorum
1063 545 1166 570 errore,
1202 537 1236 564 ad
1263 538 1385 565 eamdem
1415 546 1506 566 secum
1533 540 1712 567 defectionem

926 582 1107 609 lsraeliticum
1124 584 1255 618 populum
1277 584 1417 616 traxisset,
1439 589 1503 612 tunc
1519 585 1590 612 Deus
1605 586 1714 612 exhibet

926 624 1024 659 Eliam,
1043 628 1089 663 qui
1116 629 1299 663 magnitudini
1325 629 1464 656 hominum
1483 631 1569 658 morbi
1586 638 1665 665 pares
1680 631 1714 658 ad

926 673 1079 699 sanandum
1097 673 1170 700 vires
1187 674 1309 706 haberet,
1324 677 1426 706 virum,
1438 675 1483 710 qui
1498 676 1667 703 curationem
1687 680 1714 703 et

926 717 1030 745 cultum
1053 719 1178 753 corporis
1204 719 1367 754 despiceret,
1396 719 1467 748 faeie
1496 721 1643 755 squalenti.
1666 721 1712 756 qui

927 763 1103 792 multitudine
1123 773 1237 792 suorum
1260 766 1378 792 erinium
1408 766 1635 799 obumbraretur,
1665 767 1712 802 qui

927 810 1058 844 peculiari
1073 811 1153 838 modo
1174 811 1282 838 vivendi
1300 815 1433 845 uteretur,
1449 817 1562 847 aspectu
1578 820 1713 840 verteran-

927 856 1003 888 dum,
1021 857 1097 883 vultu
1115 856 1187 884 tristi
1211 864 1243 884 ac
1273 857 1345 884 risus
1374 859 1489 892 experti,
1507 858 1602 886 obtutu
1619 858 1715 885 oculo-

927 909 988 928 rum
1005 907 1081 929 reeto
1097 907 1125 929 et
1137 903 1232 930 eodem
1248 911 1302 938 quo
1318 903 1480 931 intendisset
1492 904 1624 938 vergenti,
1647 903 1715 937 pelle

927 947 1041 982 caprina
1057 952 1162 975 tantum
1174 948 1206 976 de
1215 957 1332 984 corpore
1346 953 1492 984 tegentem,
1504 953 1637 984 quantum
1651 949 1716 976 abs-

928 993 1008 1021 condi
1026 995 1113 1029 magis
1136 995 1266 1022 decorum
1289 999 1342 1027 est.
1366 996 1470 1030 reliqua
1492 1000 1568 1030 parte
1591 996 1716 1030 corporis

85 1036 188 1072 κρύους
202 1033 358 1070 ἀνωμαλίαν
372 1033 610 1070 ἐπιστρεφόμενον.
628 1033 676 1064 ὐς
684 1033 830 1068 ἀναφανεὶς
840 1032 878 1067 τῷ

933 1039 962 1066 ad
975 1047 1038 1066 aera
1056 1040 1259 1074 perdurantem,
1276 1045 1303 1068 ct
1321 1041 1388 1068 nihil
1411 1041 1583 1076 iniquitatem
1599 1045 1626 1068 et
1645 1041 1717 1073 inju-

84 1081 152 1116 λαῷ,
169 1081 201 1116 τῇ
216 1087 244 1106 τε
267 1079 310 1106 διὰ
337 1078 383 1105 τοῦ
406 1078 486 1114 λιμοῦ
511 1078 622 1114 μάστιγι
649 1078 809 1114 σωφρονίζει
832 1077 877 1104 τὸν

91 1126 212 1163 Ἰσραὴλ,
238 1125 364 1161 καθάπερ
383 1125 437 1151 τινὶ
466 1124 585 1160 σκυτάλῃ
608 1124 640 1160 τῇ
657 1124 770 1161 τοιαύτῃ
785 1123 875 1160 πληγῇ

84 1173 137 1208 τῆς
152 1171 263 1204 ἀταξίας
282 1171 328 1198 τοῦ
347 1170 410 1197 λαοῦ
426 1169 630 1205 καθαπτόμενος
641 1177 648 1184 '
666 1170 735 1204 μετὰ
749 1170 835 1197 ταῦτα
849 1170 877 1196 δὲ

85 1217 187 1252 καὶτῷ
202 1216 265 1252 θείῳ
288 1215 356 1251 πυρὶ
377 1214 417 1250 τῷ
438 1214 502 1250 περὶ
525 1214 574 1250 τὴν
596 1215 750 1250 ἱερουργίαν
765 1223 878 1250 γεγενη-

87 1263 162 1298 μένῳ
172 1261 318 1297 θεραπεύει
333 1260 381 1295 τὴν
395 1259 460 1294 περὶ
473 1260 508 1286 τὰ
523 1259 620 1286 εἴδωλα
631 1260 716 1287 νόσον.
738 1257 806 1286 Εἶτα
818 1260 877 1295 μετ’

86 1310 191 1335 ἐκεῖνον
209 1307 286 1337 ἄλλος
302 1307 406 1337 ἐκεῖνος
427 1305 533 1340 χρόνοις
552 1305 664 1339 ὕστερον
680 1304 799 1332 πλείοσιν
813 1306 879 1332 ἁνα-

85 1356 224 1392 φαίνεται,
249 1354 263 1381 ὸ
287 1354 315 1380 ὲν
339 1353 473 1388 πνεύματι
500 1352 546 1378 καὶ
572 1351 684 1386 δυνάμει
716 1351 806 1378 Ἠλίου
835 1351 879 1379 διὰ

85 1402 223 1438 Ζαχαρίου
249 1400 297 1427 καὶ
330 1399 469 1426 Ἐλισάσετ
494 1397 665 1433 ἐπιδημήσας
688 1397 727 1433 τῷ
744 1396 804 1433 βίῳ,
832 1398 879 1424 καὶ

87 1449 163 1476 ἆπαν
189 1447 219 1473 τὸ
247 1446 323 1478 ἔθνος
351 1444 571 1480 ὲξεκκλησιάζων
598 1445 628 1471 ὲν
653 1444 685 1479 τῇ
712 1444 807 1479 ἐρήμῳ
835 1443 880 1469 διὰ

87 1493 278 1530 κηρύγματος,
304 1493 350 1519 καὶ
371 1491 402 1518 τὸ
416 1490 463 1517 ἐπὶ
484 1489 522 1525 τῷ
542 1490 637 1525 αἵματι
655 1488 709 1516 τῶν
732 1489 880 1525 προφητῶν

87 1539 199 1575 λύθρον,
215 1539 262 1566 καὶ
276 1538 310 1565 τὰ
323 1535 482 1565 παντοδαπὰ
494 1535 646 1572 μιάσματα,
662 1535 708 1562 καὶ
721 1534 756 1561 τὰ
771 1535 880 1561 ποικίλα

87 1587 138 1622 τῆς
152 1586 287 1621 ἁμαρτίας
298 1584 385 1619 δεσμά
394 1592 401 1597 ·
415 1581 455 1615 οἷς
468 1582 649 1618 ὑποδημάτων
662 1582 739 1617 δίκην
755 1581 825 1608 κατὰ
835 1582 881 1608 τὸν

87 1632 186 1669 χρόνον
205 1632 306 1658 ἐκεῖνον
325 1630 397 1661 ἄπας
425 1629 439 1655 ό
461 1628 524 1660 ut;
551 1628 701 1655 ὲνεδέδετο-
732 1629 821 1655 πάντα
847 1628 882 1655 τὰ

88 1677 202 1705 τοιαῦτα
221 1674 257 1711 τῷ
274 1685 304 1702 τε
317 1675 473 1711 κηρύγματι
488 1674 537 1709 τῆς
553 1673 696 1709 μετανοίας
707 1673 819 1706 ἐκλύων,
835 1674 882 1700 καὶ

89 1724 130 1760 τῷ
146 1722 366 1759 περιρραντηρίῳ
390 1721 465 1748 ὕδατι
481 1721 552 1747 κατά
570 1719 616 1746 τὸν
629 1719 765 1755 Ἰορδάνην
780 1719 881 1746 ἐκπλύ-

90 1780 157 1803 νων,
166 1772 195 1797 ὲν
203 1768 290 1796 οὐδενὶ
303 1768 333 1795 τὸ
343 1766 452 1794 ἔλαττον
466 1765 520 1793 τῶν
531 1767 560 1792 ὲν
574 1766 658 1801 ἀρετῇ
670 1765 881 1801 προωδευκότων

91 1819 121 1845 ὲν
137 1818 193 1848 τοῖς
209 1815 280 1843 κατά
296 1814 361 1841 Θεὸν
384 1813 547 1845 ἐπεδείξατο.
569 1812 602 1839 Τί
623 1811 651 1838 δὲ
674 1812 742 1847 μετά
760 1811 853 1838 τοῦτον
868 1813 883 1838 ὁ

91 1862 199 1893 Παῦλος
214 1861 282 1897 πρὸς
298 1860 328 1887 τὺ
343 1859 493 1895 ἀκρότατον
507 1858 558 1893 τῆς
574 1857 645 1884 κατὰ
661 1858 728 1884 Θεὸν
741 1857 882 1893 προκοπῆς

91 1909 262 1944 ἀναδραμεῖν
282 1904 404 1941 ἐκωλύθη
418 1904 584 1940 δευτερεύων
597 1903 636 1939 τῷ
654 1904 759 1940 χρόνῳ;
775 1903 825 1930 οὐκ
840 1904 885 1929 af:-

92 1955 144 1986 θὺς
168 1952 285 1989 ἐραστὴς
310 1950 358 1978 τοῦ
380 1950 453 1977 θείου
482 1948 596 1979 κάλλους
616 1948 733 1982 ἐγένετο,
759 1947 805 1974 τοῦ
828 1948 885 1979 τοῖς

91 1999 245 2035 ὀφθαλμοῖς
274 1995 508 2032 ὲναστράψαντος,
537 1993 604 2030 ὁμοῦ
633 1993 672 2029 τῷ
697 1994 747 2025 τὰς
774 1993 886 2025 λεπίδας

92 2045 241 2074 ἀποϐαλεῖν
266 2043 320 2070 τῶν
350 2041 491 2077 ὀμμάτων,
522 2041 550 2067 αἳ
582 2039 715 2075 σύμϐολον
742 2037 813 2075 ἦσαν
838 2037 885 2065 τοῦ

93 2089 274 2127 περικαρδίου
287 2087 482 2123 καλύμματος,
500 2085 514 2112 ὃ
538 2084 727 2120 περικείμενον
743 2084 782 2120 τῷ
797 2083 887 2120 διορα-

92 2136 164 2172 τικῷ
177 2135 232 2162 τῶν
248 2133 381 2161 Ἰουδαίων
392 2131 496 2167 ψυχῶν,
507 2130 670 2165 τυφλώττειν
681 2129 778 2162 αὐτοὺς
797 2138 887 2165 παρα-

93 2181 224 2213 σκευάζει
235 2179 302 2215 πρδς
317 2178 366 2213 τὴν
377 2177 521 2213 ἀλήθειαν;
536 2176 593 2202 Οὐκ
602 2175 695 2211 ἐπειδὴ
706 2175 745 2211 τῷ
761 2175 886 2211 μυστικῷ

92 2226 202 2263 λουτρῷ
214 2225 259 2252 τὸν
271 2225 319 2260 τῆς
336 2223 446 2258 ἀγνοίας
465 2231 494 2249 τε
512 2222 559 2248 καὶ
573 2221 681 2256 ἀπάτης
697 2220 782 2257 ῥύπον
794 2222 888 2248 ,ἐναπ-

94 2273 183 2303 έθετο,
206 2270 286 2302 εὐθὺς
303 2268 371 2305 πρὸς
395 2268 425 2294 τὸ
450 2267 584 2302 θειότερον
609 2266 811 2302 μετεσκευάσοη
838 2267 888 2302 τὴν

94 2319 189 2354 φύσιν,
207 2317 254 2343 καὶ
269 2311 324 2342 οἷον
342 2314 420 2346 ἐκδὺς
441 2313 491 2349 τὴν
508 2313 625 2347 παχεῖαν
642 2311 744 2347 ταύτην
760 2312 807 2339 καὶ
824 2321 890 2349 σαρ-

95 2365 171 2398 κώδη
195 2362 350 2399 περιϐολὴν,
371 2361 462 2392 αὐτοῖς
485 2361 540 2392 τοῖς
559 2359 693 2395 οὐρανίοις
711 2358 818 2391 ἀδύτοις
840 2359 890 2386 ὲπ-
904 2377 927 2406 D

96 2410 257 2447 εχοιρίαζεν,
270 2408 345 2435 οὐδὲν
353 2406 435 2442 βαρού
440 2415 517 2442 μενος
527 2405 565 2441 τῷ
571 2405 687 2440 ὲφολκίῳ
695 2405 742 2432 τοῦ
753 2404 887 2441 σώματος,

97 2459 145 2486 καὶ
156 2457 234 2488 ὲντὺς
247 2455 356 2489 ἐγένετο
372 2454 422 2489 τῆς
436 2453 511 2484 θείας
524 2452 571 2478 τοῦ
589 2451 753 2487 παραδείσου
764 2452 887 2486 φυτείας,

97 2504 157 2531 ἐκεῖ
177 2501 226 2537 τὴν
246 2501 366 2536 ἄρρητον
383 2497 576 2534 μυσταγωγίαν
593 2495 667 2531 παρὰ
688 2496 737 2530 τῆς
761 2495 888 2531 ἀληθείας

101 2548 297 2583 τελειούμενος,
317 2545 443 2572 κάκεῖθεν
457 2543 603 2579 λαμϐάνων
618 2543 663 2569 τοῦ
677 2542 756 2576 λόγου
772 2543 821 2578 τὴν
845 2542 889 2569 δύ-

99 2602 182 2630 ναμιν
195 2594 234 2625 είς
247 2592 370 2627 ὑπακοὴν
380 2591 429 2625 τῆς
444 2589 561 2621 πίστεως
575 2589 603 2615 ἐν
618 2589 685 2616 πᾶσι
698 2590 753 2619 τοῖς
766 2588 869 2615 ἔθνεσιν
880 2597 887 2622 ;

98 2641 183 2668 Ὅθεν
196 2638 296 2676 μικροῦ
309 2638 364 2665 δεῖν
376 2638 424 2672 τῆς
439 2635 600 2671 οἰκουμένης
618 2635 709 2670 πάσης
721 2634 810 2671 πατὴρ
821 2634 894 2668 γίνε-

103 2699 156 2721 ται,
181 2688 226 2715 διὰ
248 2687 303 2713 τῶν
325 2684 518 2721 πνευματικῶν
540 2684 642 2710 ὠδίνων
655 2684 694 2716 εἰς
713 2683 770 2717 φῶς
788 2683 903 2716 ὲνάγων

99 2736 164 2766 τοὺς
176 2735 210 2761 δι’
227 2732 310 2760 αὐτοῦ
324 2731 528 2767 μορφουμένους
544 2729 614 2756 κατὰ
627 2730 743 2765 Χριστὸν
756 2730 795 2761 είς
814 2729 893 2755 εύσέ-

100 2782 188 2808 ϐειαν.
205 2780 237 2807 Et
259 2778 350 2806 τοίνυν
365 2777 411 2803 ἐπὶ
426 2776 480 2803 τῶν
496 2776 583 2803 ἄλλων
604 2775 699 2809 ἁγίων,
716 2776 732 2810 ἡ
755 2775 826 2802 κατὰ
847 2775 893 2801 τὸν

102 2827 199 2863 χρόνον
215 2825 292 2859 τάξις
307 2825 383 2851 οὐδὲν
398 2825 446 2859 τῆς
462 2822 531 2849 κατὰ
544 2821 610 2848 θεὸν
623 2821 763 2857 προκοπῆς
777 2823 898 2857 ἠλάττω-

929 1085 996 1112 riam
1011 1085 1052 1112 vel
1066 1089 1150 1113 aestus
1167 1086 1208 1113 vel
1223 1086 1334 1120 [rigoris
1348 1092 1501 1120 curantem,
1519 1087 1565 1121 qui
1580 1094 1642 1113 cum
1666 1093 1716 1120 po-

927 1131 992 1165 pulo
1006 1131 1148 1159 exhibitus
1162 1135 1246 1163 esset,
1271 1132 1388 1165 primum
1413 1132 1520 1167 llagello
1534 1132 1615 1160 {amis
1631 1131 1717 1159 lsrae-

928 1177 980 1203 lem
997 1177 1029 1203 ad
1056 1176 1201 1204 sanitatem
1222 1177 1339 1209 reducit,
1361 1177 1445 1204 veluti
1467 1178 1574 1205 scutica
1598 1177 1716 1211 quadam

927 1221 1064 1256 ejusmodi
1078 1223 1156 1258 plaga
1175 1227 1255 1258 atque
1276 1230 1356 1258 prona
1374 1223 1551 1251 insolentiam
1571 1223 1663 1259 populi
1685 1230 1718 1250 ac

929 1269 1110 1303 petulantiam
1120 1269 1281 1302 incessens;
1298 1269 1396 1297 deinde
1411 1270 1614 1301 etiam,'divino
1630 1271 1656 1296 in
1671 1277 1718 1297 sa-

928 1314 1034 1342 criﬁcio
1060 1313 1116 1349 igni
1144 1315 1264 1342 excitato
1283 1333 1290 1345 .
1314 1318 1394 1342 curat
1411 1314 1536 1342 morbum
1556 1315 1718 1342 simulacro-

929 1367 989 1387 rum
1005 1359 1106 1387 enltus.
1125 1359 1226 1387 Deinde
1240 1359 1391 1388 secundum
1405 1359 1480 1386 illum
1494 1359 1564 1386 alius
1584 1359 1629 1386 ille
1643 1366 1719 1385 com—

931 1405 1056 1440 pluribus
1072 1404 1244 1439 temporibus
1257 1408 1319 1440 post
1333 1404 1453 1435 exsistit,
1469 1404 1516 1438 qui
1533 1404 1559 1430 in
1576 1404 1674 1438 spiritu
1691 1407 1719 1429 ct

929 1451 1032 1478 virtute
1049 1449 1113 1476 Elite
1129 1457 1176 1484 per
1193 1449 1355 1476 Zachariam
1384 1453 1411 1476 et
1437 1448 1602 1476 Elisabetam
1619 1448 1720 1483 produ-

930 1499 1004 1528 ctus,
1023 1499 1050 1523 et
1063 1495 1090 1522 in
1106 1495 1160 1522 vita
1174 1499 1299 1523 versatus
1311 1498 1364 1526 est,
1381 1499 1463 1529 atque
1486 1495 1640 1521 universam
1655 1502 1720 1529 gru-

931 1545 985 1568 tem
1004 1541 1031 1568 in
1051 1541 1199 1569 solitudine
1226 1548 1274 1575 per
1299 1539 1519 1575 praedicationem
1538 1540 1583 1574 (ad
1603 1539 1642 1574 se)
1657 1548 1721 1566 evo-

931 1594 997 1615 cans
1014 1595 1021 1614 :
1045 1590 1073 1614 et
1087 1586 1183 1614 sordes
1198 1586 1233 1613 ob
1249 1585 1410 1621 sanguinem
1425 1586 1621 1620 prophetarum
1643 1584 1721 1619 (et'l‘n-

933 1633 1006 1668 sum)
1028 1635 1197 1664 contractas,
1212 1634 1240 1659 et
1259 1630 1424 1666 multiplicia
1439 1630 1558 1666 piacula,
1577 1630 1721 1664 variosque

933 1679 1038 1715 peccati
1056 1678 1154 1711 nodos,
1174 1677 1276 1713 quibus
1292 1676 1541 1704 calceamentorum
1565 1675 1592 1702 in
1611 1674 1721 1701 modum

934 1726 962 1752 in
993 1721 1041 1751 illo
1064 1728 1188 1758 tempore
1219 1722 1365 1749 universus
1389 1721 1508 1756 populus
1530 1720 1679 1755 implicitus
1695 1722 1723 1746 ct

932 1770 1053 1805 illigatus
1067 1774 1125 1796 erat
1141 1777 1146 1794 :
1165 1767 1256 1795 omnia
1271 1765 1405 1801 ejusmodi
1421 1765 1502 1797 mala,
1516 1773 1577 1792 eum
1591 1764 1723 1799 praalica-

933 1816 1008 1842 tione
1025 1813 1193 1849 pmnitentize
1209 1813 1381 1844 dissolveret,
1400 1816 1427 1839 et
1446 1819 1523 1846 aqua:
1537 1811 1723 1845 circumspcr-

933 1861 1011 1889 sione
1027 1860 1059 1887 ad
1075 1859 1222 1887 Iordanem
1245 1860 1358 1890 elucret,
1377 1859 1404 1885 in
1427 1858 1502 1885 nulla
1522 1865 1551 1884 re
1568 1858 1659 1884 divina
1674 1856 1726 1883 mi-

934 1914 986 1934 nus
1002 1906 1140 1941 praestitit,
1167 1912 1249 1940 quam
1274 1904 1312 1931 illi
1333 1904 1379 1938 qui
1408 1904 1434 1931 in
1461 1903 1591 1931 exercitio
1615 1902 1724 1929 virtutis

936 1957 1001 1980 ante
1015 1960 1079 1980 eum
1093 1951 1212 1978 fuerunt.
1231 1949 1302 1982 Quid
1318 1950 1383 1976 item
1401 1954 1463 1984 post
1478 1949 1551 1976 hunc
1562 1947 1674 1981 Paulus,
1692 1955 1725 1974 eo

935 1999 1007 2035 quod
1028 2003 1149 2032 tempore
1166 1995 1301 2031 posterior
1314 2000 1396 2027 esset,
1413 1995 1446 2021 ad
1459 2002 1596 2022 summum
1610 1993 1724 2028 gradum

936 2043 1023 2072 divini
1040 2049 1204 2078 progressus
1217 2044 1245 2068 et
1260 2039 1423 2067 incrementi
1442 2038 1558 2066 evadere
1570 2038 1726 2073 prohibitus

937 2089 995 2117 est?
1011 2096 1103 2116 annon
1129 2087 1255 2122 protinus
1269 2086 1369 2114 divina-
1380 2085 1606 2120 pulchritmlinis,
1621 2091 1680 2118 qua
1697 2084 1726 2110 in

938 2135 1026 2163 oculis
1041 2134 1102 2169 ejus
1125 2132 1281 2165 refulscrat,
1306 2135 1412 2159 amator
1423 2131 1538 2164 exstitit,
1562 2130 1728 2165 simulatque

939 2182 974 2210 ab
991 2181 1079 2208 oculis
1099 2187 1230 2215 squamas
1252 2178 1366 2213 rejecit?
1380 2186 1441 2213 quae
1470 2183 1592 2212 squama:
1617 2176 1725 2210 signum

939 2230 1021 2255 erant
1038 2224 1200 2261 tegumenti,
1219 2231 1273 2259 quo
1292 2231 1341 2250 cor
1357 2222 1439 2259 (ejus)
1452 2222 1601 2250 obductum
1617 2220 1704 2248 fuerat
1719 2228 1727 2247 :

941 2280 996 2308 quo
1013 2275 1173 2307 legumento
1202 2269 1359 2296 Judazorum
1384 2269 1537 2296 animarum
1565 2267 1638 2294 acies
1666 2273 1728 2301 per-

940 2318 1062 2354 spectiva
1078 2317 1197 2344 obducta
1218 2319 1300 2351 atque
1319 2314 1449 2350 obligata,
1466 2321 1554 2341 caecos
1574 2320 1622 2341 eos
1638 2311 1730 2339 ell‘erit

941 2364 975 2391 ad
989 2361 1153 2391 veritatem?
1168 2368 1259 2389 nonne
1286 2364 1464 2396 posteaquam
1494 2359 1589 2387 sordes
1609 2365 1678 2394 quas
1694 2365 1727 2384 ex

943 2409 1097 2446 ignorantia
1126 2412 1208 2442 atque
1230 2414 1325 2434 errore
1348 2409 1539 2437 contraxerat,
1557 2406 1584 2432 in
1611 2405 1732 2440 mystico

944 2456 1053 2483 lavacro
1066 2454 1204 2489 deposuit,
1228 2453 1356 2487 protinus
1376 2452 1409 2479 ad
1429 2451 1614 2486 augustiorem
1634 2450 1731 2477 coudia

943 2502 1045 2530 tionem
1066 2503 1164 2527 natura
1188 2498 1401 2526 transformatus
1423 2503 1474 2530 est,
1504 2501 1530 2524 et
1558 2496 1631 2523 velut
1648 2499 1733 2522 exuto

943 2548 995 2575 hoc
1012 2553 1106 2574 crasso
1126 2549 1207 2580 atque
1224 2551 1325 2571 carneo
1340 2544 1441 2570 amictu
1463 2543 1490 2569 in
1512 2542 1580 2577 ipsis
1596 2542 1729 2569 omlorum

945 2594 1036 2629 adytis
1051 2590 1231 2620 versabatur?
1254 2588 1287 2616 Et
1311 2589 1378 2617 nihil
1401 2587 1524 2623 corporei
1544 2585 1730 2621 impedimenti

945 2640 1067 2676 pondere
1093 2637 1226 2670 tardatus,
1251 2637 1335 2664 etiam
1364 2637 1436 2663 intra
1466 2634 1585 2661 divinam
1609 2632 1731 2667 paradisi

944 2687 1126 2715 consitionem
1153 2684 1337 2720 perveniebat,
1353 2688 1380 2711 et.
1394 2682 1450 2709 illic
1471 2687 1570 2707 arcana
1588 2685 1730 2706 sacrorum

944 2733 1090 2767 disciplina
1121 2739 1136 2758 a
1166 2730 1280 2758 veritate
1302 2728 1471 2758 iuitiabatur,
1498 2731 1581 2762 atque
1607 2724 1682 2752 illinc
1697 2722 1731 2749 ad

944 2778 1126 2807 obcdiendum
1145 2776 1205 2804 ﬁdei
1227 2777 1253 2803 in
1268 2775 1396 2803 omnibus
1409 2773 1538 2808 gentibus
1552 2772 1608 2799 vim
1624 2777 1730 2797 serum-

952 2825 996 2852 nis
1009 2822 1176 2858 accipiebat?
1189 2821 1265 2849 Unde
1277 2820 1361 2849 totius
1377 2818 1574 2854 propemodum
1589 2815 1665 2845 orbis
1678 2819 1731 2841 trr-
