1912 3082
179 154 182 155 ν
207 131 260 161 795

829 128 858 155 S.
876 125 1038 155 GBEGORII
1054 123 1197 153 NYSSENI

1793 119 1848 148 703

206 199 298 218 rarum
313 193 390 225 pater
402 188 521 222 exsistit,
538 196 586 224 per
600 188 759 223 spiritualcs
772 187 881 215 labores
894 192 921 215 et
934 195 996 223 par-

1070 194 1104 217 εν,
1125 183 1264 219 ὁμοτίμοις
1281 182 1389 216 ἑκάστῳ
1402 181 1451 216 τῆς
1473 179 1583 216 χάριτος
1600 178 1667 214 προς
1689 177 1851 213 «cm—.515;-

208 242 253 263 Ius
270 243 317 262 eos
336 235 381 270 qui
406 242 455 270 per
481 235 570 269 ipsum
593 234 628 260 ad
655 233 841 261 Christianam
867 234 994 268 pietatem

208 281 376 312 formantur,
405 280 433 307 iu
459 280 547 307 lucem
578 279 741 314 producens.
770 278 799 305 Si
821 279 904 314 igitur
926 278 997 305 ratio

210 326 344 361 temporis
361 327 388 352 iu
403 325 511 351 caeteris
523 324 626 351 sanctis
639 324 706 350 nihil
721 323 794 358 quod
815 323 948 358 pertineat
963 322 997 349 ad

209 372 331 399 divinum
364 372 562 398 incrementum
598 373 680 404 atque
710 377 884 404 progressum
909 369 998 395 immi-

211 418 281 448 nuit,
297 425 329 445 eo
346 417 419 452 quod
435 416 539 451 pariter
567 419 594 442 et
623 423 656 442 ex
685 423 763 449 aequo
792 415 878 450 gratia
900 422 1000 442 unum-

211 470 347 498 quemque
367 462 508 496 adjuvaret
539 461 572 487 ad
598 460 793 496 perfectionem
810 469 816 487 :
835 467 888 486 non
907 460 1002 487 imme-

212 509 265 535 rito
277 507 411 534 audemus
424 507 506 534 etiam
537 513 611 536 eum.
635 505 682 540 qui
712 509 808 532 nostra
835 509 915 532 aetate
941 504 1000 535 luit,

215 554 355 581 hominem
369 553 503 583 divinum,
520 558 648 585 magnum
663 550 730 578 illud
744 550 869 578 veritatis
883 558 936 579 das
948 549 999 576 Ba-

214 599 319 631 silinm,
348 598 458 633 inclytis
485 597 540 624 illis
557 597 662 625 sanctis
679 595 914 623 annumerandum
938 603 1000 623 esse

213 643 317 676 dicere,
336 644 438 678 quippe
457 651 519 670 cttm
542 642 674 677 temporis
694 641 853 669 vicissitudo
867 641 934 668 nihil
949 641 1000 668 im-

214 689 306 723 pediat
318 688 359 715 vel
374 688 491 715 sublime
502 687 575 714 illius
590 695 654 722 erga
672 686 755 714 Deum
779 686 899 713 studium
919 690 1002 720 atque

215 733 392 766 desiderium,
413 734 454 760 vel
477 733 598 760 divinam
616 732 733 767 gratiam
755 732 789 759 ad
807 731 928 758 animam
942 739 1004 766 per-

1049 232 1133 267 ότητα
1157 229 1355 265 συνεργούσης·
1381 227 1493 258 εἰκότως
1515 225 1659 260 τολμῶμεν
1683 225 1731 252 καὶ
1747 223 1796 250 τὸν
1820 224 1849 250 ἐν

1048 277 1083 311 τῇ
1102 274 1162 302 καθ’
1181 274 1253 309 ἡμᾶς
1278 273 1358 308 γενεᾷ
1383 272 1430 298 τοῦ
1452 272 1520 298 Θεοῦ
1541 271 1694 306 ἄνθρωπον,
1719 269 1751 295 τὸ
1777 270 1850 304 μέγα

1052 320 1147 350 σκεῦος
1155 319 1203 354 τῆς
1214 318 1351 355 ἀληθείας,
1368 318 1518 349 Βασίλειον,
1532 318 1587 348 τοῖς
1600 316 1762 350 ὀνομαστοῖς
1777 315 1850 341 ἐκεί-

1053 374 1109 398 νοις
1124 365 1210 399 ἁγίοις
1223 364 1378 399 ἐναρίθμιον
1395 361 1465 390 εἶναι
1484 362 1584 396 λέγειν,
1599 360 1673 387 οὐδὲν
1690 360 1741 394 τῆς
1756 368 1850 395 χρονι-

1054 413 1105 448 κῆς
1126 411 1286 442 ἀκολουθίας
1307 409 1368 436 οὔτε
1392 410 1442 445 τὴν
1464 409 1570 444 ὑψηλὴν
1591 407 1695 434 ἐκείνου
1713 407 1784 442 πρὸς
1803 407 1849 432 τὸν

1053 458 1119 484 Θεὸν
1133 456 1290 492 ἐπιθυμίαν,
1312 455 1374 482 οὗτε
1390 455 1439 490 τὴν
1462 454 1537 481 θείαν
1548 453 1628 490 χάριν
1644 453 1713 489 πρὸς
1729 452 1779 487 τὴν
1800 452 1849 486 τῆς

1054 503 1143 538 ψυχῆς
1160 502 1297 529 τελείωσιν
1316 501 1514 536 ἐμποδιζούσης
1527 506 1534 514 '
1553 499 1590 531 ὡς
1606 498 1638 526 ἂν
1651 498 1688 534 μὴ
1709 498 1759 532 τῆς
1775 497 1849 527 θείας

1052 549 1206 583 οἰκονομίας
1219 548 1232 573 ὁ
1248 547 1348 578 σκοπός
1370 555 1396 572 τι
1417 545 1618 582 παραϐλαὸείη,
1636 545 1653 579 ἥ
1667 553 1694 571 τι
1707 543 1787 579 παρὰ
1800 543 1849 577 τὴν

1051 593 1099 620 τοῦ
1109 593 1203 629 χρόνου
1216 592 1306 619 αἰτίαν
1321 591 1484 626 ἐλαττωθείη
1500 591 1549 625 τῆς
1563 589 1628 625 παρ’
1641 588 1724 616 αὑτοῦ
1740 596 1849 614 συνεισ-

1054 640 1205 675 φερομένης
1228 637 1387 673 συμμαχίας
1410 636 1478 672 πρὸς
1498 636 1528 662 τὺ
1547 636 1705 671 μυστήριον.
1735 634 1850 664 Πάντως

1055 686 1083 714 δὲ
1105 687 1193 717 οὐδεὶς
1218 686 1310 720 ἀγνοεῖ
1333 684 1378 711 τὸν
1402 683 1502 710 σκοπὸν
1518 683 1568 718 τῆς
1590 682 1660 709 κατὰ
1681 682 1728 708 τὸν
1753 679 1849 715 χρόνον

1055 732 1149 759 τοῦτον
1165 731 1211 758 τοῦ
1229 730 1389 758 διδασκάλω
1402 729 1482 765 ἡμῶν
1497 727 1670 760 ἀναδείξεως.

215 776 285 804 tecte
305 781 333 805 et
347 777 471 805 absolute
492 776 669 804 excolendam
695 780 723 802 et
750 774 949 808 exornandam,
985 783 1019 803 ne
1035 783 1089 811 quo
1109 777 1190 803 modo
1216 776 1258 803 vel
1285 774 1372 803 divini
1401 774 1509 802 consilii
1542 771 1791 808 dispositionisque
1810 770 1853 796 in-

215 823 302 849 tentio
316 826 398 858 atque
422 823 592 858 propositmn
615 821 771 856 sugilletur,
785 821 827 848 vel
847 821 949 856 aliquid
963 821 998 849 de
1027 822 1102 850 illius
1119 822 1221 849 auxilio
1249 825 1331 857 atque
1356 821 1494 857 praesidio,
1517 819 1591 855 quod
1622 818 1657 845 ad
1690 816 1852 853 mysterium

217 867 458 899 considerabatur,
492 871 604 902 propter
630 866 761 901 temporis
786 873 899 893 causam
919 870 1093 900 extenuetur.
1115 871 1142 895 et
1160 867 1255 894 leviori
1276 874 1358 902 quatn
1382 873 1432 900 par
1459 870 1512 897 est,
1530 869 1669 893 momento
1688 864 1853 892 aestimetur.

217 910 302 938 Nemo
315 915 406 938 autem
424 919 537 947 prorsus
553 911 670 947 ignorat,
680 918 734 945 quo
748 910 866 938 consilio
881 911 907 938 in
926 911 977 939 hoc
991 915 1112 948 tempore
1127 917 1277 947 praeceptor
1290 915 1384 939 noster
1398 904 1557 947 designatus
1566 915 1593 938 et
1608 910 1748 938 exhibitus
1765 909 1814 937 sit.

253 955 434 992 Posteaquam
445 957 517 984 enitn
529 957 669 984 hominum
684 957 792 984 insania
805 957 879 984 circa
890 957 1004 984 simula-

1096 959 1205 994 Ἐπειδὴ
1220 959 1300 995 γὰρὴ
1318 959 1382 995 περὶ
1399 959 1433 986 τὰ
1456 958 1552 985 εἴδωλα
1561 958 1615 985 τῶν
1628 957 1782 993 ἀνθρώπων
1799 965 1853 992 μα-

219 1010 328 1029 crorurn
345 1003 448 1030 cultum
470 1002 662 1037 praedicatione
677 1002 780 1030 Christi
800 1002 936 1030 exstincta
954 1007 1007 1033 est.

220 1051 248 1074 et
271 1048 361 1075 omnia
381 1047 437 1083 jam
459 1047 573 1075 delubra
597 1053 757 1083 ezetermquc
778 1056 832 1079 res.
855 1056 916 1084 qure
939 1056 1009 1075 vano

221 1093 388 1120 tlementium
415 1093 491 1120 cultu
516 1093 650 1120 celebrari
681 1101 713 1120 ac
741 1092 908 1127 frequentari
938 1094 1009 1120 sole-

225 1139 307 1172 bant,
332 1138 430 1165 diruta
449 1142 530 1172 atque
553 1146 568 1166 e
591 1138 681 1165 medio
699 1138 814 1165 sublatae
836 1142 926 1170 erant,
946 1146 1008 1165 cum

225 1193 273 1220 per
295 1185 451 1212 universum
472 1192 540 1219 pene
564 1188 700 1212 terrarum
734 1185 827 1212 orbem
860 1185 1009 1212 habitatum

224 1232 379 1267 praedicatio
392 1232 501 1267 pietatis
517 1235 544 1258 et
556 1231 612 1258 veri
629 1231 675 1258 Dei
695 1231 786 1257 cultus
801 1235 881 1265 atque
899 1230 1009 1266 religio-

223 1280 268 1306 nis
281 1278 456 1313 pervasisset.
470 1277 540 1305 adeo
552 1282 581 1304 ut
593 1277 615 1304 is
627 1277 673 1312 qui
688 1276 792 1304 fraudis
804 1277 928 1304 humanm
940 1277 1011 1312 prin-

224 1325 344 1359 cipatum
360 1328 387 1352 et
408 1323 552 1358 imperium
579 1327 670 1355 tenet,
688 1331 719 1349 ex
741 1323 868 1350 omnibus
888 1323 1011 1357 partibus

224 1371 300 1398 orbis
317 1374 453 1398 terrarum
472 1368 576 1396 Christi
593 1368 703 1395 nomine
719 1368 900 1403 expelleretur
921 1372 950 1396 et
964 1377 1012 1396 ex-

224 1416 402 1443 turbaretur:
424 1414 520 1442 solerti
533 1419 560 1441 et
575 1413 674 1441 callido
692 1413 820 1441 nimirum
833 1414 866 1441 ad
882 1414 1011 1441 malitiam

227 1461 361 1489 inventori
393 1459 505 1487 malitia:
538 1463 620 1494 atque
651 1459 780 1494 nequitia:
804 1459 950 1487 scelestum
985 1463 1012 1487 et

227 1505 378 1540 improbttm
396 1504 541 1531 consilium
559 1511 613 1530 non
631 1503 732 1535 defuit,
750 1511 805 1539 quo
822 1511 870 1538 per
889 1503 1011 1531 fraudem

227 1551 315 1578 denuo
337 1550 484 1577 obnoxium
510 1548 562 1575 sibi
587 1548 712 1576 redderet
736 1556 822 1584 genus
847 1549 1011 1581 lunt-anum;

227 1594 275 1622 seti
295 1595 346 1622 sub
371 1599 503 1629 praetextu
523 1601 556 1621 ac
572 1593 663 1628 specie
679 1593 884 1620 Citristianismi
901 1593 1014 1622 simula-

1061 1004 1104 1030 νία
1129 1004 1168 1039 τῷ
1193 1003 1351 1039 κηρύγματι
1375 1003 1421 1030 τοῦ
1446 1003 1563 1039 Χριστοῦ
1590 1002 1782 1038 κατεσϐέσθη.
1809 1003 1854 1028 καὶ

1061 1050 1150 1076 πάντα
1162 1047 1195 1085 ἦν
1207 1051 1235 1077 ἐν
1250 1049 1381 1085 ἐρειπίοις
1395 1050 1446 1085 ἢδη
1459 1049 1506 1076 καί
1522 1047 1668 1083 ἀφανισμῷ
1681 1047 1716 1074 τὰ
1730 1048 1785 1075 τῶν
1803 1056 1854 1082 tu.

1060 1095 1144 1122 ταίων
1162 1095 1332 1131 σεϐάσματα,
1352 1095 1396 1122 διὰ
1411 1095 1500 1129 πάσης
1516 1095 1608 1130 σχεδὸν
1626 1095 1676 1130 τῆς
1689 1094 1855 1129 οἰκουμένης

1061 1140 1108 1167 τοῦ
1133 1141 1308 1176 κηρύγματος
1333 1140 1384 1175 τῆς
1402 1140 1543 1172 εὐσεϐείας
1561 1140 1755 1174 φοιτήσαντος.
1783 1139 1854 1165 ὥστε

1063 1186 1107 1212 τὸν
1122 1186 1319 1222 ἐπικρατοῦντα
1339 1185 1388 1221 τῆς
1403 1186 1576 1221 ἀνθρωπίνης
1587 1185 1696 1220 ἀπάτης
1716 1185 1854 1219 πανταχό-

1063 1232 1109 1258 θεν
1123 1231 1306 1268 ἐξείργεσθαι,
1325 1231 1362 1266 τῷ
1375 1231 1421 1258 τοῦ
1435 1230 1554 1266 Χριστοῦ
1572 1230 1685 1266 ὀνόματι
1699 1231 1751 1265 τῆς
1765 1230 1855 1256 οἰκου-

1065 1277 1149 1312 μένης
1162 1276 1369 1311 ἐξελαυνόμενον
1380 1284 1387 1292 ·
1405 1277 1485 1312 σοφὸς
1501 1277 1529 1303 δὲ
1544 1277 1584 1308 είς
1599 1275 1698 1303 κακίαν
1718 1275 1758 1302 ὢν
1771 1276 1786 1302 ὁ
1808 1276 1855 1310 τῆς

1064 1323 1162 1354 κακίας
1187 1322 1318 1358 εὑρετὴς,
1341 1322 1391 1349 οὒκ
1409 1322 1549 1357 ἠπόρησεν
1577 1322 1699 1357 πονηρᾶς
1722 1321 1854 1353 ἐπινοίας,

1065 1366 1136 1393 ὥστε
1159 1367 1238 1394 πάλιν
1267 1367 1420 1402 ὑποχείριον
1445 1367 1556 1402 ποιῆσαι
1579 1366 1612 1393 δι’
1636 1367 1747 1400 ἀπάτης
1768 1366 1856 1400 ἐαυτῷ

1064 1412 1095 1438 τὸ
1118 1405 1287 1447 ἀνθρώπινον
1299 1421 1306 1428 ·
1323 1412 1380 1439 ἀλλ’
1397 1413 1426 1439 ἐν
1448 1413 1622 1448 προσχήματι
1637 1412 1854 1448 Χριστιανισμοῦ

1065 1458 1113 1494 τὴν
1130 1459 1353 1494 είδωλολατρείαν
1378 1458 1449 1485 κατὰ
1476 1458 1506 1485 τὸ
1529 1458 1640 1494 λεληθὸς
1666 1458 1856 1494 ἐπανήγαγεν,

1065 1505 1162 1537 πείσας
1179 1506 1235 1536 τοῖς
1250 1505 1325 1538 ίδίοις
1344 1505 1491 1541 σοςρίσμασι
1512 1505 1576 1537 τοὺς
1591 1504 1658 1540 πρὸς
1672 1505 1757 1532 αὑτὸν
1769 1505 1858 1541 ὀρῶνο

1065 1559 1112 1582 τας
1130 1551 1166 1586 μὴ
1180 1550 1331 1586 ἀποστῆναι
1345 1553 1394 1586 τῆς
1408 1551 1522 1583 κτίσεως
1531 1571 1539 1583 ,
1563 1551 1631 1578 ἀλλὰ
1644 1551 1750 1586 ταύτην
1771 1559 1844 1586 προσ
1856 1567 1860 1570 -

1067 1597 1157 1623 κυνεῖν
1189 1596 1236 1623 καὶ
1252 1596 1353 1631 ταύτην
1379 1596 1523 1628 σέϐεσθαι,
1545 1597 1592 1623 καὶ
1610 1596 1676 1623 Θεὸν
1696 1596 1728 1623 τὸ
1754 1597 1861 1632 ποίημα

228 1648 338 1670 orarum
351 1640 454 1668 cultutn
470 1640 586 1667 latenter
598 1639 715 1671 reduxit,
730 1647 793 1667 cum
807 1639 866 1667 suis
880 1647 1012 1667 commen-

1070 1641 1178 1673 οἴεσθαι,
1192 1641 1225 1676 τῇ
1241 1641 1287 1667 τοῦ
1299 1640 1366 1667 Υίοῦ
1381 1642 1475 1677 κλήσει
1492 1641 1704 1676 ὀνομαζόμενον.
1719 1642 1752 1668 Ei
1777 1641 1806 1668 δὲ
1829 1642 1862 1668 Ex

228 1689 265 1717 tis
289 1692 314 1716 et
337 1687 508 1723 imposturis‘
525 1687 706 1721 persuasisset
729 1687 772 1720 iis,
791 1687 838 1722 qui
861 1687 894 1715 ad
925 1688 1014 1722 ipsum

230 1732 408 1769 spectabant.
440 1741 475 1761 ne
500 1732 650 1760 deﬁcerent
674 1740 688 1759 a
714 1737 852 1764 creatura,
880 1734 927 1760 sed
955 1741 1015 1761 eam

229 1782 375 1809 adorarent
385 1784 412 1808 et
423 1784 629 1811 venerarentur,
642 1779 783 1814 Deumque
791 1784 944 1807 creaturam
955 1787 1017 1808 esse

230 1831 370 1863 putarent,
384 1833 445 1861 quae
468 1825 530 1863 Filii
545 1825 656 1853 nomine
679 1828 832 1853 vocaretur.
853 1824 930 1858 Quod
946 1825 969 1853 si
983 1833 1017 1853 ex

231 1874 313 1901 rebus
327 1881 388 1909 qua:
404 1880 459 1900 non
475 1876 579 1904 essent,
595 1875 720 1900 creatura
737 1871 869 1907 producta
883 1876 935 1905 est,
955 1875 983 1899 et
1001 1878 1017 1898 a

231 1921 322 1947 divina
341 1919 471 1953 essentia,
486 1923 619 1954 quantum
643 1918 677 1946 ad
701 1917 838 1954 propriam
863 1917 952 1953 ipsius
974 1922 1018 1945 at-

232 1967 301 1993 tinet
314 1969 459 1997 naturam,
481 1964 569 1992 aliena
590 1964 636 1996 sit,
661 1963 797 1992 neminem
819 1971 879 1990 eam
897 1971 953 1990 rem
968 1963 1017 1990 de-

233 2014 297 2041 bere
313 2019 421 2044 curare.
440 2011 488 2038 sed
507 2010 611 2038 Christi
635 2010 745 2038 nomine
772 2013 904 2037 creaturae
931 2009 1018 2044 impo-

233 2060 298 2087 sito.
318 2058 388 2085 hanc
403 2057 530 2088 adorare.
550 2056 622 2083 hanc
645 2055 747 2085 colere.
765 2055 792 2082 in
812 2055 867 2082 hac
882 2062 957 2089 spem
975 2061 1020 2082 sa-

233 2105 300 2131 lutis
317 2103 398 2130 lixam
416 2102 525 2134 habere,
539 2101 574 2130 ab
588 2101 641 2128 hac
653 2100 786 2136 judicium
801 2105 970 2136 exspectare.
988 2100 1020 2126 Et

234 2154 264 2176 ut
279 2157 336 2176 rem
350 2148 506 2176 summatim
519 2146 696 2182 complectar,
713 2153 775 2173 cum
799 2146 945 2173 invasisset
955 2152 1021 2180 apo-

235 2200 305 2222 stata
318 2195 444 2221 homines
463 2193 548 2221 totius
575 2192 684 2220 malitiae
710 2200 766 2220 sua:
787 2199 911 2226 capaces,
926 2191 1019 2218 Arium

236 2242 346 2275 inquam
361 2243 388 2266 et
403 2238 523 2269 Aetium,
539 2237 713 2269 Eunomium,
729 2237 892 2268 Eudoxium.
908 2243 939 2263 ac
951 2244 1020 2272 prae-

235 2292 277 2314 ter
299 2288 349 2314 hos
370 2286 473 2313 multos
493 2285 575 2312 etiam
601 2284 681 2316 alios,
701 2291 750 2318 per
777 2290 825 2310 eos
848 2282 1018 2310 deiicientem

233 2333 289 2368 jam
305 2331 516 2360 simulacrorum
538 2330 653 2361 cultum,
681 2329 753 2356 sicut
773 2329 876 2355 dictum
894 2332 946 2360 est,
969 2335 1019 2355 no-

237 2379 310 2405 mine
324 2376 526 2404 Christianismi
550 2376 640 2403 denuo
661 2373 788 2406 reduxit,
813 2377 894 2408 atque
920 2374 1022 2401 invale-

239 2423 331 2450 scebat
351 2422 482 2449 adversus
501 2421 626 2448 homines
644 2419 766 2449 morbus,
790 2419 837 2452 qui
865 2422 1020 2445 creaturam

237 2469 323 2504 magis
335 2475 415 2502 quam
428 2471 581 2494 creatorem
608 2465 745 2495 colebant,
762 2463 830 2491 adeo
850 2468 880 2490 ιιι
893 2464 974 2490 etiam
989 2464 1021 2490 il-

238 2516 291 2542 lius
313 2513 445 2548 temporis
457 2513 653 2546 imperatorum
670 2510 770 2536 auxilio
788 2509 863 2536 fraus
877 2509 1021 2536 confirma-

238 2565 324 2590 retur,
342 2564 367 2586 et
385 2566 479 2585 omnes
504 2556 669 2584 excellentes
692 2554 869 2588 nmgistratus
883 2558 908 2581 et
922 2554 1023 2588 princi-

237 2611 316 2640 patus
331 2612 380 2640 pro
396 2604 448 2631 hoc
463 2602 557 2630 morbo
571 2604 783 2636 propugnarent.
796 2599 917 2633 Cumque
928 2607 1022 2626 omnes

239 2649 433 2685 ptopemodttm
457 2648 581 2674 homines
608 2646 639 2672 ad
665 2645 691 2672 id
709 2645 781 2679 quod
809 2645 915 2679 vigebat
939 2649 966 2671 et
981 2644 1022 2671 in»

239 2696 394 2723 valescebat
414 2694 515 2720 malum
536 2692 652 2718 traducti
681 2694 772 2718 essent
791 2698 798 2716 :
819 2694 882 2716 tunc
909 2697 1023 2723 magnus

239 2751 253 2768 a
278 2743 331 2768 ilco
347 2740 475 2771 Basilius,
503 2737 731 2773 quemadnmdum
759 2740 880 2769 tempore
904 2735 1023 2761 Achaabi

241 2784 481 2816 lilias,e¥hil,letur
504 2804 510 2814 ,
539 2790 570 2809 ac
597 2782 760 2811 sacerdotio,
786 2781 856 2815 quod
883 2780 938 2814 jam
953 2787 1022 2814 quo-

241 2830 385 2858 dammodo
399 2829 547 2864 collapsum
569 2833 649 2862 atque
667 2827 817 2862 neglectum
839 2831 907 2858 erat,
928 2833 1023 2852 susce—

1067 1686 1105 1722 μὴ
1118 1686 1203 1713 ὄντων
1216 1687 1290 1714 ἐστὶν
1305 1688 1322 1722 ἡ
1343 1687 1446 1720 κτίσις,
1462 1688 1509 1714 καὶ
1521 1688 1570 1723 τῆς
1584 1687 1658 1720 θείας
1671 1688 1769 1720 οὐσίας
1790 1688 1862 1715 κατὰ

1066 1731 1116 1767 τὴν
1132 1731 1198 1758 ἰδίαν
1222 1731 1400 1767 ἠλλοτρίωται
1414 1732 1505 1767 φύσιν,
1522 1733 1625 1769 μηδένα
1641 1733 1779 1760 ποιεῖσθαι
1800 1732 1863 1760 τού-

1066 1785 1112 1803 του
1136 1777 1232 1810 λόγον,
1249 1776 1318 1804 ἀλλὰ
1343 1777 1374 1804 τὸ
1390 1777 1437 1804 τοῦ
1459 1778 1578 1813 Χριστοῦ
1603 1778 1689 1814 ὖνομα
1713 1779 1863 1812 ἐπιθέντας

1067 1823 1099 1857 τῇ
1122 1823 1208 1849 κτίσει
1222 1822 1325 1858 ταύτην
1344 1825 1507 1858 προσκυνεῖν
1520 1844 1527 1855 .
1544 1823 1630 1860 ταύτῃ
1645 1823 1789 1859 λατρεύειν
1801 1844 1809 1854 ,
1835 1825 1864 1850 ὲν

1066 1867 1153 1904 ταύτῃ
1168 1868 1216 1900 τὰς
1229 1868 1338 1900 ἐλπίδας
1355 1869 1405 1903 τῆς
1420 1869 1556 1904 σωτηρίας
1570 1869 1654 1904 ἔχειν,
1668 1869 1743 1905 παρὰ
1758 1869 1864 1904 ταύτης

1067 1912 1210 1948 ἀναμένειν
1230 1912 1278 1948 τὴν
1299 1912 1400 1948 κρίσιν.
1421 1912 1475 1940 Καὶ
1491 1913 1551 1945 ὅλος
1568 1913 1696 1949 ἐμπεσὼν
1711 1914 1726 1939 ὁ
1741 1914 1865 1940 ἀποστα-

1067 1966 1117 1993 της
1133 1957 1287 1992 ἀνθρώποις
1303 1958 1392 1984 πᾶσαν
1406 1958 1488 1985 αὑτοῦ
1510 1958 1558 1993 τὴν
1569 1959 1668 1985 κακίαν
1683 1959 1787 1990 ἱκανοῖς
1809 1969 1866 1994 χω-

1071 2003 1161 2038 ρῆσαι,
1183 2003 1279 2038 ’Λρείῳ
1292 2011 1322 2029 τε
1341 2002 1412 2037 λέγω
1425 2003 1472 2030 καὶ
1495 2004 1588 2039 Ἀετίῳ
1600 2026 1606 2037 ,
1620 2005 1747 2039 Εὐνομίῳ
1761 2025 1770 2037 ,
1782 2005 1866 2036 esse.

1069 2048 1118 2084 ξίῳ
1131 2069 1138 2081 ,
1164 2049 1211 2075 καὶ
1234 2048 1302 2084 πρὸς
1316 2048 1420 2080 τούτοις
1439 2048 1487 2076 καὶ
1515 2049 1623 2082 πολλοῖς
1643 2050 1735 2081 ἄλλοις
1747 2070 1755 2081 ,
1778 2050 1812 2076 δι’
1829 2049 1866 2077 ὧν

1069 2094 1248 2121 ἐκλείπουσαν
1265 2094 1316 2129 ἤδη
1332 2094 1382 2129 τὴν
1403 2093 1624 2129 εἰδωλολατρείαν
1641 2094 1722 2121 πάλιν
1736 2114 1744 2126 ,
1771 2095 1866 2126 καθὼς

1070 2140 1195 2176 εἴρηται,
1215 2140 1261 2166 τοῦ
1282 2139 1496 2176 Χριστιανισμοῦ
1519 2140 1692 2175 ἐπανήγαγεν
1705 2160 1713 2172 ,
1733 2141 1782 2167 καὶ
1799 2150 1867 2167 κατ⁴

1070 2187 1180 2221 εκράτει
1196 2185 1250 2212 τῶν
1263 2185 1414 2222 ἀνθρώπων
1428 2186 1444 2221 ἡ
1460 2185 1546 2217 νόσος,
1555 2185 1610 2212 τῶν
1620 2186 1707 2212 κτίσει
1720 2186 1867 2221 λατρευόν-

1071 2241 1125 2259 των
1140 2231 1215 2267 παρὰ
1238 2231 1284 2258 τὸν
1300 2231 1430 2258 κτίσαντα
1443 2252 1449 2262 ,
1469 2231 1506 2264 ὡς
1527 2231 1573 2258 καὶ
1597 2233 1631 2267 τῇ
1646 2232 1791 2267 συμμαχία
1811 2232 1866 2258 τῶν

1071 2279 1131 2304 τότε
1153 2277 1284 2313 βασιλέων
1303 2277 1353 2312 τὴν
1370 2277 1478 2312 ἀπάτην
1492 2276 1674 2312 κρατύνεσθαι
1686 2297 1694 2310 ,
1711 2278 1759 2303 καὶ
1774 2278 1865 2308 πάσας

1073 2323 1121 2354 τὰς
1135 2323 1318 2358 ὑπερεχούσας
1337 2322 1424 2358 ἀρχὰς
1438 2322 1488 2356 τῆς
1504 2322 1631 2357 τοιαύτης
1655 2322 1866 2357 ὑπερμάχεσθαι

1074 2369 1162 2395 νόσου.
1186 2369 1242 2394 Καὶ
1265 2369 1373 2394 πάντων
1397 2368 1495 2404 μικροῦ
1510 2368 1564 2394 δεῖν
1581 2367 1732 2403 ἀνθρώπιον
1750 2369 1821 2404 πρὸς
1839 2370 1866 2395 τὴ

1075 2414 1237 2449 ἐπικρατοῦν
1274 2413 1496 2447 μετατεθέντων,
1528 2414 1587 2440 τότε
1618 2413 1694 2449 παρὰ
1720 2414 1769 2440 τοῦ
1798 2408 1865 2440 Θεοῦ

1074 2459 1259 2485 ἀναδείκνυται
1274 2459 1288 2484 ὸ
1311 2458 1397 2493 μέγας
1414 2458 1570 2489 Βασίλειος,
1596 2457 1721 2493 καθάπερ
1746 2458 1793 2484 ἐπὶ
1821 2458 1866 2484 τοῦ

1082 2504 1183 2538 Ἀχαὰε
1204 2505 1218 2529 ὁ
1241 2503 1349 2534 ῚΙλίας’
1368 2504 1414 2530 καὶ
1440 2503 1491 2538 τῆς
1515 2503 1665 2538 ἱερωσύνης
1692 2503 1743 2538 ἥδη
1766 2504 1867 2539 τρόπον]

1075 2551 1136 2578 τινὰ
1165 2551 1339 2581 πεπτωκυίας
1369 2548 1652 2583 ἀντιλαμϐανόμενος,
1679 2548 1775 2584 ὥσπερ
1808 2551 1866 2576 τινὰ

1075 2595 1170 2630 λύχνον
1186 2595 1358 2622 ἐκλελοιπότα
1383 2594 1428 2620 τὴν
1448 2594 1496 2628 τῆς
1515 2593 1632 2624 πίστεως
1657 2593 1735 2627 λόγον
1759 2593 1805 2619 διὰ
1820 2593 1866 2627 τῆς

1077 2641 1232 2675 ἐνοικούσης
1252 2639 1326 2674 αὐτῷ
1340 2639 1450 2674 χάριτος
1465 2638 1621 2671 ἀναλάμψαι
1633 2638 1714 2664 πάλιν
1726 2639 1865 2672 ἐποίησεν.

1077 2688 1131 2713 Καὶ
1155 2684 1208 2712 οἶόν
1232 2694 1273 2717 τις
1297 2685 1398 2720 πυρσὸς
1423 2685 1478 2715 τοῖς
1507 2683 1614 2718 νύκτωρ
1633 2683 1866 2718 διαπλανωμένοις

1077 2731 1148 2757 κατὰ
1164 2731 1194 2757 τὸ
1209 2731 1324 2763 πέλαγος
1339 2729 1505 2764 ὑπερφανεὶς
1518 2729 1750 2764 τῆςἙκκλησίας,
1764 2730 1865 2759 πάντας

1078 2777 1145 2811 πρὸς
1167 2777 1215 2810 τὴν
1233 2776 1338 2802 εὐθεῖαν
1354 2775 1411 2802 ὁδὸν
1433 2776 1598 2810 hiems-law
1612 2795 1618 2804 .
1638 2774 1775 2809 ὑπάρχοις
1802 2783 1866 2808 συμ-

1079 2824 1243 2858 πλεκόμενος
1260 2843 1266 2854 ,
1294 2822 1490 2857 στρατηλάταις
1516 2819 1699 2856 συμμίσγων,
1730 2820 1865 2855 βασιλεῦσι
