1912 3082
89 107 143 136 797

650 107 683 135 IN
708 107 850 135 LAUDEM
879 108 1031 136 FRATRIS
1050 109 1181 137 BASlLll.

1674 115 1725 144 798

90 163 361 200 παρρησιαζόμενος,
376 164 419 190 ἐπ’
431 163 590 199 ἐκκλησίαις
602 163 682 199 βοῶν,
696 165 760 197 τοὺς
774 165 883 201 πόρρωο

940 169 993 199 pto.
1011 169 1143 201 tanquam
1159 166 1310 198 lucernam,
1329 174 1391 202 qua:
1412 166 1569 199 defecisset.
1588 167 1722 196 rationem

90 210 135 236 θεν
148 209 346 246 ἀφεστηκότας,
361 209 420 236 καθ’
434 210 580 245 ὁμοιότητα
594 209 712 243 Παύλου,
726 210 759 236 δι’
775 210 881 236 ἐπιστο-

88 255 143 282 λῶν
157 255 362 291 προσαγόμενος
374 274 382 288 ,
396 255 538 290 ἐκφεύγων
550 255 599 288 τὰς
617 255 671 282 τῶν
688 256 879 291 συμπλεκομέ-

88 310 141 328 νων
155 301 257 334 λαϐὰς,
275 301 324 328 οὐκ
337 301 406 336 ἔχων
419 301 486 328 ὅπου
503 301 627 337 κρατηθῇ
650 301 724 337 παρὰ
736 301 790 328 τῶν
803 302 879 329 ἀντι-

88 345 192 373 πάλων.
207 345 348 381 Κρείττων
365 345 414 381 μὲν
434 345 488 382 γὰρ
502 343 537 381 ἦν
552 346 606 373 τῶν
620 346 809 382 δημευόντων,
828 347 878 374 αὺ-

88 391 134 423 τὺς
150 391 244 418 ἑαυτὸν
257 392 300 418 διὰ
319 392 369 427 τὴν
389 391 484 418 ἐλπίδα
501 391 553 427 τῆς
575 392 713 427 βασιλείας
728 392 877 428 δημεύσας.

86 437 141 463 Τοῦ
156 437 226 464 κατὰ
247 436 297 472 τὴν
319 436 426 473 ὲξορίαν
449 437 531 472 φόϐου
546 437 703 473 ἀπήλλακτο
715 457 723 469 ,
747 438 813 474 μίαν
827 446 880 466 πα-

85 482 167 518 τρίδα
181 481 342 518 ἀνθρώπιον,
355 482 401 509 τὸν
415 483 580 519 παράδεισον
593 481 662 511 εἶναι
678 483 774 518 λέγων,
787 485 881 511 πᾶσαν

86 527 115 554 δὲ
142 527 192 563 τὴν
212 528 264 562 γῆν
287 529 325 560 ὼς
340 528 434 564 κοινὴν
452 529 502 564 τῆς
519 528 626 564 φύσεως
641 528 747 565 ὲξορίαν
761 529 876 565 βλέπων.

93 574 124 601 Ὀ
142 575 170 601 δὲ
193 575 254 602 καθ’
271 575 378 610 ἡμέραν
404 574 585 610 ἀποθνήσκων
597 595 605 607 ,
624 575 671 602 καὶ
695 575 810 603 πάντοτε
833 575 879 603 διὰ

87 621 249 656 νεκρώσεως
259 619 330 648 ἑκὼν
345 620 539 657 δαπανώμενος
549 641 557 653 ,
574 623 639 649 πότε
650 622 684 649 ἂν
699 622 818 658 ἐφοϐήθη
832 623 878 650 τὸν

87 667 203 694 θάνατον
225 667 272 693 τὸν
286 668 362 702 παρὰ
375 667 429 694 τῶν
453 667 557 704 ἐχθρῶν
582 667 793 704 ἀπειλούμενονς
810 665 832 702 ᾧ
846 677 878 703 γε

87 713 217 749 συμφορὰ
228 711 263 749 ἦν
278 713 309 740 τδ
323 713 361 749 μὴ
380 713 509 746 πολλάκις
522 713 651 741 δύνασθαι
663 714 725 746 τοὺς
737 714 791 741 τῶν
806 723 879 750 μαρς

86 760 178 796 τύρων
201 759 312 792 ἀγῶνας
335 759 405 794 ὑπὲρ
419 759 469 795 τῆς
489 759 616 795 ἀληθείας
632 759 820 795 μιμήσασθαι,
838 760 879 786 ἐνὶ

87 805 197 840 θανάτῳ
220 804 425 840 ὑπεζευγμένης
450 806 500 840 τῆς
525 804 652 840 φύσεωςο
679 805 709 838 ὃς
725 814 799 840 ποτε,
825 806 879 833 τῶν

88 851 219 887 ὑπάρχων
235 851 288 878 τινὶ
300 851 330 878 τὸ
344 849 420 887 ἧπαρ
433 851 546 883 ἐξοίσειν
558 851 639 879 αὐτοῦ
650 852 704 879 τῶν
720 852 880 888 σπλάγχνων

89 896 320 932 καταπληκτικῶς
334 897 510 932 ἀπειλήσαντι
522 917 530 930 ,
558 897 716 933 μειδιάματι
730 897 780 933 τὴν
798 898 877 925 ἀπαί-

88 943 183 971 δευτον
195 943 309 979 ἀπειλὴν
324 943 534 979 καταχλευάζων
560 944 626 980 φησί
638 953 646 960 ·
665 944 752 980 Χάριν
771 945 880 981 εἴσομαι

90 999 131 1016 σοι
154 990 203 1025 τῆς
228 989 423 1025 προαιρέσεως,
445 990 501 1016 Καὶ
517 989 571 1026 γὰρ
592 990 623 1016 οὐ
640 991 757 1026 μετρίως
773 991 835 1027 ἀνιᾷ
850 992 881 1018 τὸ

88 1032 167 1070 ⁴ἧπαρ
202 1036 259 1066 τοῖς
284 1035 447 1070 σπλάγχνοις
473 1035 640 1070 ἐγκείμενον.
671 1036 808 1064 Ἐκϐαλὼν
833 1035 881 1064 οὖν

90 1082 168 1114 αὐτὸ,
183 1080 274 1113 καθὼς
287 1081 438 1116 ἠπείλησας
449 1101 457 1114 ,
471 1080 517 1108 τοῦ
531 1081 678 1114 λυποῦντος
691 1081 880 1119 ἐλευθερώσεις

89 1127 123 1153 τὺ
139 1127 230 1163 σῶμα.

91 1167 183 1198 tyrnm
210 1170 259 1198 pro
282 1166 396 1190 veritate
421 1162 572 1190 certamina
599 1162 712 1196 imitari,
737 1170 801 1191 cum
829 1165 876 1192 uni
897 1168 978 1194 morti
1002 1168 1135 1196 duntaxat
1161 1173 1258 1195 natura
1279 1167 1399 1195 obnoxia
1421 1167 1458 1194 sit
1482 1174 1490 1192 :

931 210 993 238 ﬁdei
1011 219 1059 247 per
1069 212 1267 239 inhabitantem
1281 213 1308 239 in
1321 220 1351 239 se
1364 213 1479 247 gratiam
1494 213 1617 241 relucere
1631 214 1723 242 denuo

931 255 1008 283 fecit.
1024 255 1056 283 Et
1070 263 1133 283 cum
1145 257 1227 284 veluti
1240 256 1282 283 fax
1298 260 1381 284 noctu
1394 257 1552 285 errantibus
1572 265 1618 292 per
1635 266 1721 288 mare.

929 301 1060 330 Ecclesia:
1075 302 1148 330 bono
1167 302 1351 337 apparuisset,
1368 310 1465 330 omnes
1482 303 1515 330 ad
1532 307 1635 331 rectam
1650 305 1721 331 viain

929 348 1076 380 convertit,
1091 355 1154 375 cum
1174 347 1311 383 prtel‘ectis
1333 352 1360 375 et
1381 348 1543 383 praesidibus
1560 348 1722 385 conﬂigens,

929 401 992 429 cum
1017 393 1179 420 ductoribus
1198 393 1339 428 copiarum
1354 393 1547 428 congrediens,
1574 394 1645 429 apud
1670 395 1722 421 itu-

929 445 1070 475 peratores
1087 439 1173 467 libere
1197 439 1323 475 loquens,
1345 439 1373 466 in
1395 439 1576 467 concionibus
1589 444 1617 467 et
1633 439 1720 466 eccle-

928 486 979 514 siis
1003 486 1138 518 clamans.
1164 493 1224 518 eos.
1255 487 1303 521 qui
1317 485 1411 520 procul
1436 485 1574 516 abessent,
1597 486 1722 520 exemplo

928 532 1007 560 Pauli
1032 539 1080 567 per
1105 531 1236 567 epistolas
1268 531 1420 559 concilians
1448 535 1531 567 atque
1557 531 1721 566 adjungcns,

928 577 1063 613 effugiens
1090 581 1117 605 ct
1142 577 1249 605 evitans
1279 576 1484 612 conﬂigentium
1513 577 1720 611 prehensiOnes.

928 630 991 650 eum
1010 623 1078 650 nihil
1095 624 1123 650 in
1143 630 1173 651 se
1188 623 1310 654 haberet,
1328 630 1383 658 quo
1400 627 1539 650 teneretur
1558 627 1585 650 et
1598 623 1722 649 vincere-

928 673 975 697 tur
998 669 1033 696 ab
1052 668 1231 696 adversariis.
1248 668 1357 695 Fortior
1382 667 1455 695 enim
1477 672 1505 695 et
1530 667 1634 694 ﬁrmior
1650 670 1721 696 erat.

928 722 1011 750 quam
1040 719 1069 742 ut
1093 715 1129 742 ab
1154 715 1200 747 iis,
1218 715 1265 750 qui
1280 716 1350 742 bona
1364 714 1424 749 ejus
1438 714 1623 748 publicarant,
1649 712 1721 739 vinci

929 768 962 788 ac
976 760 1068 796 subigi
1082 764 1186 796 posset,
1208 768 1270 788 cum
1299 761 1357 795 ipse
1376 768 1407 788 se
1425 760 1505 787 bonis
1519 763 1630 794 propter
1644 766 1720 793 spem

931 806 1014 834 futuri
1042 807 1117 842 regni
1135 807 1306 834 mulctasset.
1319 806 1362 833 Ab
1375 807 1464 834 exsilii
1480 810 1553 833 metu
1566 805 1634 832 liber
1651 807 1721 835 erat,

931 854 1004 889 quod
1021 860 1104 880 unam
1120 853 1235 888 patriam
1251 851 1391 880 hominum
1412 855 1536 879 censeret
1558 857 1620 878 esse
1643 856 1723 884 para-

932 898 1022 925 disum
1034 917 1042 929 ,
1060 901 1142 933 atque
1159 905 1267 924 omnem
1284 901 1384 924 terram
1407 896 1484 930 quasi
1513 902 1659 922 commune
1675 901 1724 920 na-

932 947 1001 969 turae
1013 941 1139 969 exsilium
1156 945 1303 977 spectaret.
1321 941 1372 974 Qui
1387 945 1478 968 autent
1495 939 1618 976 quotidie
1633 945 1724 966 more-

932 992 1020 1019 rclur,
1038 994 1070 1014 ac
1083 994 1131 1022 per
1147 986 1385 1014 mortiﬁcationem
1401 994 1512 1021 semper
1528 985 1627 1012 lubens
1641 984 1724 1011 absu-

933 1037 1063 1064 meretur,
1090 1032 1201 1068 quando
1229 1032 1338 1059 tandem
1364 1036 1491 1063 mortem,
1510 1038 1591 1066 quant
1618 1030 1723 1058 inimici

933 1078 1119 1110 minabantur,
1136 1082 1258 1105 metuere
1270 1076 1423 1112 potuisset?
1438 1076 1484 1103 cui
1504 1075 1616 1110 quidem
1632 1075 1724 1102 clades

935 1129 1018 1158 atque
1034 1124 1178 1150 calamitas
1194 1127 1263 1156 erat,
1291 1122 1363 1157 quod
1378 1129 1432 1149 non
1453 1129 1525 1156 sape
1542 1125 1636 1156 posset
1652 1127 1725 1147 mar-

1519 1167 1566 1202 qui
1596 1166 1724 1201 praelecto

91 1207 203 1235 cuidam
233 1207 381 1243 aliquando
409 1215 440 1235 se
465 1208 544 1250 jecur
574 1208 635 1243 cjns
676 1208 711 1236 de
743 1210 897 1239 visceribus
929 1217 1089 1250 erepturum
1112 1213 1233 1244 terrendi
1259 1221 1342 1241 causa
1366 1213 1480 1240 minanti
1496 1211 1664 1240 subridendo
1680 1211 1723 1238 in-

93 1255 187 1282 snlsas
210 1258 292 1289 atque
319 1259 461 1290 protervas
489 1254 577 1282 minas
600 1254 728 1282 diludens
746 1275 754 1288 ,
778 1255 899 1285 Gratiam
917 1258 977 1293 tibi,
993 1259 1092 1294 inquit,
1103 1258 1186 1294 hujus
1196 1258 1345 1287 voluntatis
1357 1262 1439 1293 atque
1459 1257 1592 1293 propositi
1613 1256 1725 1284 nomine

93 1301 211 1329 habebo.
239 1300 343 1328 Etenim
372 1300 445 1328 haud
471 1301 646 1328 mediocriter
668 1302 813 1330 molestum
841 1308 883 1332 est
899 1304 978 1339 jecur
991 1305 1142 1334 visceribus
1155 1306 1328 1334 incumbens.
1344 1305 1372 1332 Si
1388 1304 1501 1340 ejeceris
1534 1311 1599 1338 ergo
1643 1303 1720 1335 illud,

92 1352 123 1375 ut
146 1347 272 1380 minaris,
300 1355 330 1375 re
347 1347 459 1374 molesta
486 1351 568 1382 atque
590 1347 685 1375 odiosa
697 1355 798 1383 corpus
814 1350 986 1379 liberaveris.

128 1396 163 1422 Τί
175 1394 263 1422 τοίνυν
277 1393 360 1421 αὐτοῦ
370 1394 402 1421 τὸ
418 1393 477 1430 μεθ’
488 1393 598 1429 ἑτέρους
609 1394 704 1429 ἁγίους
718 1395 885 1431 ἐπιδημῆσαι

974 1397 1044 1431 Quid
1061 1398 1144 1434 igitur
1161 1397 1271 1424 illiusin
1282 1397 1365 1424 rebus
1378 1395 1480 1424 divinis
1492 1394 1666 1431 splendorem
1683 1398 1725 1422 at-

91 1441 133 1476 τῴ
154 1440 204 1476 βίῳ
227 1439 442 1475 κατασμικρύνει
466 1439 515 1473 τὴν
536 1439 606 1465 κατὰ
619 1439 686 1465 Θεὸν
698 1439 884 1476 εὐδοκίμησιν,

940 1451 991 1478 que
1011 1443 1202 1470 claritudinem
1222 1441 1361 1469 imminuit
1374 1461 1382 1473 ,
1398 1441 1471 1476 quod
1488 1445 1551 1475 post
1573 1439 1643 1467 alios
1660 1447 1727 1467 san-

92 1485 131 1517 ὡς
151 1485 195 1512 διὰ
209 1483 287 1512 τοῦτο
302 1484 356 1511 τῶν
369 1486 415 1512 ἐπὶ
430 1487 486 1518 τοῖς
503 1486 589 1520 ἁγίοις
604 1487 704 1522 ἑορτῶν
726 1487 830 1515 ἐλάττω
843 1488 886 1515 δο-

93 1532 155 1557 κεῖν
167 1527 237 1557 εῐναι
252 1530 301 1564 τὴν
315 1530 362 1556 ἐπὶ
380 1530 467 1566 τούτῳ
481 1532 648 1567 πανήγυρινς
665 1532 805 1568 Σκόπησον
818 1533 884 1569 γὰρ,

93 1575 119 1601 εί
138 1575 222 1607 δοκεῖ,
239 1575 307 1610 πρὸς
325 1575 374 1602 ἕνα
389 1576 450 1603 τινὰ
461 1576 514 1603 τῶν
529 1577 719 1612 προλαϐόντων
739 1577 824 1613 ἁγίων
840 1579 887 1606 τὸν

93 1621 193 1648 τούτου
207 1621 264 1656 βίον
276 1621 469 1655 ἀντεξετάζων.
490 1623 633 1658 Ἦγάπησε
649 1623 695 1650 τὸν
707 1623 773 1651 Θεὸν
787 1625 801 1651 ό
815 1623 888 1651 [10.6-

93 1668 154 1700 λος·
167 1667 245 1694 τοῦτο
259 1667 313 1703 γὰρ
331 1667 363 1703 δὴ
377 1668 432 1695 τῶν
445 1668 554 1703 ἀγαθῶν
566 1669 596 1695 sb
611 1669 757 1703 κεφάλαιον
769 1688 776 1702 ,
790 1670 822 1697 τὸ
839 1670 889 1705 τῆς

94 1713 209 1749 ἀγάπης
233 1713 304 1747 λέγω
319 1722 325 1728 ”
358 1714 404 1748 ἀφ’
431 1711 465 1749 ἧς
494 1715 569 1741 πᾶσα
600 1715 712 1747 πίστις,
740 1715 787 1742 καὶ
812 1715 888 1747 ἐλπὶς

95 1760 185 1791 πᾶσα,
203 1760 249 1786 καὶ
271 1760 301 1786 τὸ
315 1759 345 1792 ἐξ
356 1760 496 1795 ὑπομονῆς
509 1761 743 1796 προσδοκώμενον,
761 1761 806 1788 καὶ
821 1761 851 1788 τὸ
860 1762 889 1788 ὲν

96 1804 181 1831 παντὶ
196 1804 271 1840 καλῷ
281 1805 476 1840 ἀμετάπτωτον
488 1824 496 1836 ,
508 1806 555 1832 καὶ
568 1806 598 1833 τὸ
613 1806 681 1841 μετὰ
695 1807 795 1838 παντὸς
809 1815 888 1833 πνευ-

98 1849 218 1885 ματικοῦ
239 1851 407 1886 χαρίσματος
426 1850 457 1877 τὸ
472 1851 552 1878 πλέον
567 1851 650 1886 ἔχειν.
675 1851 744 1878 Ἀλλ’
758 1851 891 1883 ἐξετάσω-

98 1905 154 1931 μεν
168 1896 250 1923 πόσον
268 1894 302 1931 ἦν
318 1897 348 1923 ὲν
371 1896 471 1932 Παύλῳ
493 1897 544 1932 τῆς
567 1898 636 1933 πρὸς
650 1897 716 1924 Θεὸν
737 1897 847 1932 ἀγάπης
861 1897 891 1924 τὸ

99 1942 213 1977 μέτρον.
233 1941 320 1977 Ἐρεῖς
336 1941 456 1973 πάντως,
472 1943 514 1969 ὅτι
541 1941 570 1974 ὲξ
585 1942 648 1977 ὅλης
666 1942 780 1977 καρδίας
801 1943 848 1969 καὶ
862 1943 892 1975 ἐξ

98 1989 168 2022 ὅλης
179 1988 268 2023 ψυχῆς
278 2008 286 2021 ς
297 1990 344 2016 καὶ
357 1989 387 2021 ἐξ
398 1988 462 2024 ὅλης
475 1988 524 2023 τῆς
537 1988 655 2019 διανοίας
669 1988 752 2015 αὑτοῦ
765 1988 893 2023 ἠγάπησε

98 2033 180 2060 Θεόν.
195 2033 295 2061 Τοῦτον
324 2034 378 2069 γὰρ
405 2034 489 2060 ἔδωκε
516 2033 561 2060 τὸν
586 2033 735 2068 ἀκρότατον
756 2034 806 2068 τῆς
825 2032 894 2068 πρὸς

100 2079 172 2107 Θεὸν
187 2080 296 2115 ἀγάπης
311 2081 374 2115 ὅρον
398 2080 412 2106 ὁ
427 2079 519 2114 νόμος.
535 2079 639 2105 Οὐκοῦν
653 2079 667 2105 ὁ
692 2080 782 2106 πᾶσαν
797 2077 893 2105 ἑαυτοῦ

937 1492 997 1515 ctos
1014 1487 1041 1515 in
1064 1488 1119 1514 vita
1144 1486 1215 1514 fuit?
1231 1490 1260 1513 ut
1275 1486 1380 1513 idcirco
1396 1485 1546 1513 celebritas
1560 1487 1642 1519 atque
1659 1491 1726 1510 con-

939 1538 1054 1566 ventus,
1072 1532 1117 1568 qni
1140 1532 1213 1559 illius
1231 1531 1343 1559 nomine
1355 1531 1464 1566 agitur,
1483 1530 1575 1557 minor
1595 1529 1728 1558 habeatur

938 1579 1016 1607 feriis
1028 1599 1036 1612 ,
1057 1586 1117 1614 qua:
1132 1582 1292 1606 sanctorum
1306 1577 1424 1605 aliorttm
1439 1575 1556 1605 honoris
1575 1578 1659 1611 atque
1670 1582 1728 1602 Ite-

939 1626 1033 1653 morize
1047 1626 1134 1660 gratia
1148 1623 1346 1652 celebrantur?
1360 1622 1514 1651 Considera
1527 1622 1602 1650 ertim
1613 1641 1621 1654 ,
1649 1621 1673 1649 si
1687 1621 1729 1648 vi-

939 1670 1019 1698 detur
1032 1691 1039 1702 ,
1058 1674 1140 1705 atque
1162 1669 1302 1705 perpende
1315 1676 1388 1700 rem,
1415 1675 1478 1696 cum
1498 1675 1554 1695 uno
1571 1667 1665 1702 aliquo
1681 1673 1731 1694 sn-

939 1716 1058 1751 perioris
1084 1717 1173 1743 anatis
1203 1719 1301 1743 sancto
1331 1714 1414 1748 hujus
1444 1714 1527 1741 vitam
1553 1719 1729 1748 comparans.

941 1760 1041 1788 Dilexit
1055 1760 1140 1788 Deum
1171 1759 1286 1788 Paulus.
1312 1759 1342 1787 ld
1361 1759 1434 1786 enim
1449 1758 1579 1786 nimirum
1593 1758 1730 1792 bonorum

940 1811 1024 1841 caput
1040 1809 1082 1834 est
1098 1815 1105 1833 :
1123 1805 1301 1838 dilectionis,
1329 1805 1461 1839 inquam,
1487 1804 1590 1832 bonum
1608 1812 1616 1831 :
1642 1810 1657 1830 a
1677 1809 1732 1838 qua

941 1852 1088 1879 dilectione
1105 1851 1294 1886 proﬁciscitur
1308 1852 1398 1878 onmis
1412 1849 1480 1877 ﬁdes
1495 1853 1522 1877 et
1539 1849 1630 1876 omnis
1649 1855 1731 1883 spes,

942 1902 970 1926 et
992 1897 1018 1926 id
1034 1897 1107 1933 quod
1122 1905 1170 1933 per
1183 1897 1344 1932 patientiam
1362 1899 1540 1931 exspectatur
1555 1895 1657 1922 bonum
1668 1914 1677 1927 ,
1704 1898 1732 1922 et

944 1945 971 1973 in
1000 1945 1074 1972 omni
1093 1945 1166 1972 bono
1182 1944 1320 1972 stabilitas
1340 1947 1424 1977 atque
1447 1941 1624 1973 constantia,
1649 1943 1678 1968 et
1703 1939 1732 1968 in

943 1990 1016 2018 omni
1032 1989 1167 2025 spirituali
1184 1988 1258 2016 dono
1270 1988 1445 2016 commodum
1461 1991 1543 2022 atque
1562 1985 1730 2021 praestantia.

945 2035 998 2063 Sed
1013 2040 1170 2063 scrutemur
1181 2053 1190 2066 ,
1215 2038 1335 2070 quantus
1356 2033 1383 2061 in
1397 2032 1481 2060 Paulo
1494 2031 1651 2060 dilectionis
1666 2038 1732 2065 erga

946 2081 1031 2108 Deum
1050 2079 1157 2107 modus.
1179 2079 1259 2107 Dices
1271 2079 1402 2110 omnino,
1419 2078 1492 2113 quod
1507 2085 1541 2104 ex
1558 2081 1615 2104 toto
1632 2075 1732 2108 corde,

100 2126 154 2162 τὴν
169 2126 283 2162 καρδίαν
298 2135 328 2153 τε
349 2127 396 2153 καὶ
410 2126 460 2161 τὴν
473 2125 561 2160 ψυχὴν
575 2126 621 2152 καὶ
634 2125 682 2160 τὴν
696 2125 814 2151 διάνοιαν
827 2125 888 2151 ἀνα-

945 2131 974 2154 et
987 2134 1018 2154 ex
1046 2130 1103 2152 tota
1117 2125 1208 2152 anima
1222 2144 1229 2157 ,
1247 2128 1274 2153 et
1288 2132 1320 2152 ex
1348 2128 1405 2151 tota
1423 2127 1514 2151 tuente
1541 2130 1590 2150 sua
1608 2121 1734 2156 diligeret

102 2174 162 2204 θεὶς
179 2172 216 2207 τῷ
237 2173 311 2208 Θεῷ,
335 2172 466 2208 καὶπρὸς
491 2172 554 2199 ἄλλο
577 2172 659 2207 μηδὲν
685 2171 739 2198 τῶν
756 2170 826 2197 κατὰ
849 2169 894 2196 τὸν

103 2219 164 2254 βίον
176 2218 271 2244 τοῦτον
293 2218 517 2253 σπουδαζομέικον
538 2217 693 2253 ἐπιῤῥεπώς
714 2216 894 2250 διακείμενος,

102 2266 135 2290 ὲν
150 2263 188 2299 τῷ
203 2263 346 2298 ἀκροτάτῳ
363 2263 466 2297 γίνεται
479 2263 528 2298 τῆς
543 2262 653 2298 ἀγάπης
667 2262 731 2297 ὅρῳ.
745 2261 775 2287 El
788 2260 836 2296 μὲν
849 2258 896 2286 οὖν

103 2310 164 2345 ἔχει
176 2319 219 2342 τις
240 2309 323 2343 δεῖξαι
337 2309 382 2336 τὸν
398 2309 445 2335 τοῦ
463 2308 623 2336 διδασκάλου
644 2308 700 2343 βίον
720 2307 783 2342 περί
797 2315 823 2333 τι
843 2307 896 2332 τῶν

104 2356 179 2383 κατὰ
201 2356 246 2382 τὸν
261 2356 362 2391 κόσμον
377 2356 470 2382 τοῦτον
494 2354 718 2389 σπουδαζομένων
737 2354 832 2389 ἔχοντα
848 2352 897 2387 τὴν

106 2403 213 2438 ῥοπὴν,
231 2400 286 2428 οἷον
312 2402 375 2437 περὶ
391 2402 521 2434 πλοῦτον,
548 2402 564 2436 ἤ
581 2400 738 2428 δυναστείαν
753 2420 760 2431 ,
777 2400 793 2434 ἢ
817 2399 898 2434 κενῆς

106 2448 189 2482 δόξης
216 2447 363 2482 ἐπιθυμίαν
383 2446 448 2482 (τὰς
462 2447 515 2481 γὰρ
541 2445 828 2480 ἀνδραποδωδεστέρας
855 2444 898 2470 ἐπ’

107 2491 185 2526 αὑτῷ
199 2491 253 2518 τῶν
268 2491 379 2526 ἡδονῶν,
392 2491 454 2518 οὐδὲ
466 2491 554 2525 λέγειν
565 2491 638 2523 ἄξιον
649 2490 721 2520 εἰκός
737 2489 831 2523 ἐστιν).
846 2489 860 2515 ὅ
874 2497 899 2514 τι

108 2539 143 2565 ἂν
163 2538 267 2564 τούτων
295 2537 392 2572 εὑρεθῇ
409 2536 624 2571 σπουδαζόμενον
636 2556 643 2567 ,
668 2534 843 2561 ἐλαττοῦσθαι
857 2534 900 2560 λέ‹

109 2593 170 2618 γειν
185 2584 226 2609 δεῖ
248 2583 307 2609 κατ’
322 2583 409 2608 ἐκεῖνο
431 2583 481 2617 τῆς
506 2582 573 2617 πρὸς
592 2581 637 2608 τὸν
656 2580 722 2607 Θεὸν
747 2581 856 2614 ἀγάπης
871 2578 901 2604 τὸ

112 2630 215 2664 μέτρον
227 2649 235 2661 ,
250 2629 298 2663 τῆς
312 2627 510 2663 ἐπιθυμητικῆς
527 2627 608 2654 αὑτοῦ
626 2627 771 2658 διαθέσεως
788 2627 842 2653 duro
854 2626 900 2652 τοῦ

110 2674 182 2700 Θεοῦ
206 2673 273 2708 πρὸς
294 2672 328 2699 τὰ
352 2673 438 2708 ὑλώδη
457 2672 663 2707 μεταρῤυείσης.
683 2672 714 2698 Εἰ
740 2671 768 2697 δὲ
793 2671 901 2697 πάντων

110 2722 218 2749 τούτων
228 2721 276 2746 καὶ
288 2719 340 2745 τῶν
355 2719 482 2745 τοιούτων
496 2718 591 2753 ἐχθρός
607 2727 648 2749 τις
664 2716 696 2753 ἦν
708 2718 752 2744 καὶ
763 2717 901 2751 πολέμιος,

113 2768 249 2802 πρότερον
271 2765 318 2801 μὲν
334 2765 379 2791 τοῦ
394 2765 458 2790 ἰδίου
475 2764 530 2798 βίου
543 2766 632 2790 πᾶσαν
650 2763 777 2798 εξορίζων
792 2763 840 2797 τὴν
858 2763 904 2797 ἐμ-

115 2814 190 2848 ςιςιὲῆ
210 2813 270 2848 περὶ
286 2811 370 2838 ταῦτα
385 2811 518 2842 διάθεσιν,
536 2810 628 2837 ἕπῑιτα
644 2810 671 2836 6':
689 2810 732 2835 καὶ
749 2810 798 2843 τὴν
815 2808 905 2843 κοινὴν

948 2171 1043 2200 Deum.
1060 2170 1138 2198 llunc
1153 2170 1226 2198 enim
1250 2177 1388 2197 summum
1417 2168 1574 2196 dilectionis
1600 2166 1733 2194 adversus

946 2217 1030 2245 Deum
1046 2216 1192 2244 terminum
1209 2216 1255 2243 dat
1273 2216 1325 2243 lex.
1343 2215 1413 2250 Ergo
1433 2215 1479 2250 qui
1493 2222 1574 2242 omne
1587 2221 1637 2241 cor
1651 2221 1736 2241 suum

946 2269 973 2291 et
994 2262 1112 2289 animam
1129 2266 1155 2289 et
1170 2266 1288 2289 mentem
1307 2261 1360 2289 Deo
1384 2261 1498 2292 dicavit,
1521 2263 1548 2287 et
1565 2259 1599 2287 ad
1630 2259 1735 2286 trullam

948 2317 1004 2336 rem
1022 2309 1102 2335 aliam
1118 2316 1212 2335 earum
1230 2316 1290 2343 qua:
1303 2315 1351 2342 per
1369 2307 1440 2334 hanc
1454 2307 1537 2333 vitam
1553 2311 1735 2340 expetuntur,

949 2354 1064 2380 allectus
1086 2357 1168 2388 atque
1193 2360 1348 2388 propensus
1378 2357 1437 2385 est,
1467 2352 1494 2378 in
1519 2358 1648 2386 supremo
1666 2350 1737 2379 dile-

948 2400 1048 2426 ctionis
1064 2399 1150 2434 gradu
1168 2400 1303 2426 consistit.
1327 2398 1473 2425 Enimvero
1493 2397 1516 2425 si
1541 2399 1603 2432 quis
1622 2397 1737 2424 demou-

950 2451 1040 2473 strare
1065 2450 1175 2480 potest,
1206 2445 1278 2480 quod
1309 2449 1463 2480 praeceptor
1484 2443 1600 2477 (noster)
1626 2442 1654 2469 in
1682 2443 1737 2469 vita

951 2491 984 2518 ad
1005 2499 1062 2518 rem
1089 2491 1209 2526 aliquant
1226 2498 1320 2518 earum
1342 2498 1403 2525 qua:
1425 2497 1472 2524 per
1503 2489 1577 2516 hunc
1605 2487 1738 2514 mundum

950 2540 1132 2570 expetuntur,
1158 2543 1308 2570 propensus
1330 2538 1357 2562 et
1373 2535 1525 2562 inclinatus
1547 2537 1638 2564 esset,
1657 2537 1686 2558 ut
1704 2531 1738 2558 ad

952 2581 1061 2608 divitias
1089 2584 1116 2608 ct
1133 2581 1301 2615 potentiam,
1325 2584 1373 2607 aut
1394 2587 1472 2606 vana:
1497 2578 1591 2613 gloria:
1615 2577 1738 2604 studium

954 2627 1052 2662 (magis
1072 2627 1144 2653 enim
1164 2626 1280 2654 serviles
1298 2626 1324 2653 in
1350 2634 1383 2653 eo
1399 2625 1553 2660 voluptates
1570 2631 1604 2651 ne
1618 2630 1740 2650 comme-

954 2679 1061 2699 morare
1078 2671 1187 2706 quidcnt
1211 2679 1319 2706 :equum
1337 2679 1410 2702 esse,
1435 2673 1653 2698 consentaneum
1674 2669 1738 2700 est).

954 2725 1149 2752 qmnncuuqne
1165 2717 1261 2744 harum
1284 2724 1374 2742 rerum
1390 2716 1529 2750 expetisse
1553 2712 1739 2749 deprehende-

955 2769 999 2790 tur
1011 2784 1017 2795 ,
1034 2771 1065 2789 ea
1083 2763 1174 2790 dicere
1196 2770 1224 2789 re
1240 2761 1369 2788 convunit
1389 2760 1513 2787 imminui
1537 2759 1646 2786 modqu
1674 2765 1739 2791 erga

961 2809 1043 2834 llrum
1065 2808 1219 2835 dilectionis
1232 2826 1239 2838 ,
1257 2806 1328 2840 quod
1348 2805 1407 2838 ejus
1423 2804 1529 2832 allec-tio
1553 2803 1741 2839 cupiditatisa
