1912 3082
206 110 262 140 799

834 110 864 138 S.
876 109 1040 139 GREGORII
1056 110 1204 140 NYSSENl

1790 110 1846 139 800

208 166 266 192 Deo
288 164 321 193 ad
341 172 385 193 res
398 164 556 193 materiales
572 163 698 192 traducta
721 167 806 192 esset.
824 165 874 192 Sin
902 169 992 194 autem

1051 167 1123 203 ζωὴν
1149 166 1322 203 ἐκκαθαίρων
1347 167 1386 203 τῷ
1409 176 1438 194 τε
1461 167 1608 203 διδακτικῷ
1627 167 1700 202 λόγῳ
1731 166 1781 193 καὶ
1805 166 1845 201 τῷ

209 212 306 238 harum
323 215 350 239 et
365 210 503 246 ejusmodi
518 217 610 237 rerum
625 210 756 237 inimicus
771 214 800 237 et
816 210 904 238 hostis
916 216 975 238 erat
986 231 995 245 ,

206 257 283 292 quod
300 257 378 293 prius
391 256 538 292 quideme
558 255 612 282 vita
628 262 678 282 sua
696 261 804 282 omnem
828 255 956 283 vitiosum
970 259 997 283 et

208 301 319 330 mollem
348 301 421 329 circa
442 301 493 329 bas
521 308 567 328 res
585 299 711 328 allectum
737 300 849 335 ejiceret
865 320 872 332 ,
899 301 997 328 deinde

206 354 382 376 communem
394 355 504 383 quoque
518 347 601 375 vitam
613 367 620 379 ,
637 351 695 374 tum
708 353 835 374 sermone
850 347 995 380 doctrina.

211 400 267 421 tum
280 401 331 422 suo
342 393 467 430 exemplo
481 397 665 429 expurgaret:
686 393 861 428 perspicuum
890 392 975 421 fuerit
987 412 995 425 ,

210 439 283 473 quod
300 439 375 466 illum
391 446 455 475 erga
475 439 728 467 Deumdilectiouis
755 438 867 465 modum
883 439 909 466 in
935 446 996 467 sese

211 485 343 517 habebat,
360 492 416 520 quo
442 486 560 520 amplius
589 489 687 512 natura
718 492 772 512 non
790 485 926 520 capiebat.
944 484 996 518 Qui

206 530 283 557 enim
314 539 348 557 ex
379 535 438 557 toto
464 531 567 563 corde,
588 534 615 558 et
645 539 678 558 ex
709 534 765 558 tota
795 531 886 558 anima
915 535 997 566 atque

211 579 301 602 mente
316 574 401 603 Deum
419 576 526 612 diligit,
547 577 594 612 qui
615 576 702 612 possit
723 575 756 604 ad
780 576 913 611 majorem
928 576 995 603 dile‘

208 621 310 649 ctionis
326 623 448 653 modum,
463 623 508 657 qui
529 623 618 650 locum
631 630 686 650 non
702 622 813 654 habeat,
826 622 996 650 contendere

209 671 292 701 atque
308 667 398 694 eniti?
412 667 530 695 Proinde
546 668 568 696 si
585 675 670 696 unum
695 667 825 703 perfectae
851 667 994 695 charitatis

209 716 292 746 atque
303 712 457 740 dilectionis
472 713 620 741 terminum
635 721 697 741 esse
712 713 860 740 didicimus
873 732 881 745 ,
897 719 995 748 nempe

209 764 271 783 cum
282 777 289 789 ,
306 757 352 792 qui
376 766 410 785 ex
430 762 488 785 toto
505 759 586 786 corde
604 758 658 786 Deo
674 758 782 786 dicatus
798 762 825 785 et
848 765 995 785 consecra-

206 804 254 827 tus
281 801 340 828 sit:
370 809 402 828 ac
420 802 571 837 diligebant
601 801 701 830 Paulus
731 806 759 829 et
791 802 909 831 Basilius
936 806 994 830 toto

1049 212 1109 238 καθ’
1124 211 1221 239 ἐαυτὸν
1242 212 1436 247 ὑποδείγματι·
1452 213 1532 248 δῆλον
1556 212 1589 239 ἀν
1614 213 1656 248 εἴη
1668 234 1675 244 ,
1688 212 1728 238 ὅτι
1755 212 1845 237 ἐκεῖνο

1048 258 1097 292 τῆς
1109 257 1176 293 πρὸς
1188 257 1233 285 τὸν
1248 258 1314 286 Θεὸν
1327 259 1437 294 ἀγάπης
1452 258 1481 285 τδ
1497 258 1595 295 μέτρον
1609 257 1682 294 εἶχεν
1699 259 1727 284 ἐν
1740 257 1842 291 ἐαυτῷ,

1047 300 1078 330 οὗ
1088 302 1118 329 τὸ
1132 302 1212 338 πλέον
1225 303 1274 330 οὐκ
1291 304 1388 340 ἐχώρει
1405 305 1421 339 ὴ
1434 303 1524 339 φύσις.
1539 304 1569 331 '0
1584 304 1638 340 γὰρ
1653 304 1683 336 ἐξ
1696 303 1763 338 ὅλης
1778 311 1844 338 καρ-

1047 348 1106 380 δίας
1125 357 1156 375 τε
1175 349 1221 376 καὶ
1245 349 1333 384 ψυχῆς
1353 348 1400 376 καὶ
1416 348 1533 380 διανοίας
1553 349 1599 376 τὸν
1620 349 1687 375 Θεὺν
1712 348 1842 382 ἀγαπιῖιν,

1048 393 1107 425 πῶς
1123 393 1156 421 ἀν
1170 394 1327 431 ὑπερτιθείη
1344 395 1413 429 πρὸς
1433 395 1462 422 τὸ
1485 395 1565 422 πλέον
1590 395 1639 430 τῆς
1655 394 1770 429 ἀγάπης
1792 393 1842 430 μέ-

1046 445 1119 472 τρον,
1137 438 1151 464 δ
1165 438 1256 474 χώραν
1269 438 1319 465 οὐκ
1335 438 1392 474 ἔχει
1405 447 1412 471 ς
1430 439 1534 466 οὐκοῦν
1556 440 1581 465 εί
1597 439 1644 465 ἕνα
1666 439 1718 473 τῆς
1734 438 1842 469 τελείας

1046 482 1156 517 ἀγάπης
1168 483 1231 518 ὅρον
1245 482 1393 518 ἐμάθομεν,
1409 482 1454 509 τὸν
1479 482 1509 515 ἐξ
1522 483 1586 517 ὅλης
1604 482 1719 517 καρδίας
1733 481 1842 517 τῷθεῷ

1047 527 1242 563 ἀνακείμενον,
1263 529 1379 563 ηγάπων
1397 527 1426 554 δὲ
1445 528 1551 560 Παῦλος
1580 528 1626 554 καὶ
1647 527 1791 558 Βασίλειος
1814 527 1843 552 etv

1046 572 1094 608 ὅλῃ
1110 572 1206 608 καρδίᾳ
1217 573 1256 608 τῷ
1267 573 1328 608 Θεῷ
1342 573 1515 609 ἀνακείμενοι
1527 594 1535 605 ,
1550 573 1579 600 ἒν
1593 573 1692 607 μέτρον
1706 570 1778 598 εἶναι
1792 572 1842 606 τῆς

1046 617 1156 653 ἀγάπης
1173 617 1202 644 ἐν
1219 616 1384 653 ἀμφοτέροις
1400 619 1487 644 εἰπεῖν
1502 626 1543 650 τις
1566 617 1704 652 τολμήσας
1718 637 1726 648 ,
1743 617 1794 643 οὐκ
1810 618 1842 642 ἂν

1047 662 1164 698 ἁμάρτοι
1183 663 1233 698 τῆς
1244 661 1384 698 ἀληθείας.
1408 663 1487 689 Ἀλλά
1505 663 1558 698 μὴν
1572 663 1682 689 πάντων
1699 662 1756 688 τῶν
1772 663 1842 696 ἀτα-

1047 706 1100 733 θῶν
1111 707 1221 742 μείζονα
1235 707 1283 742 τὴν
1298 707 1408 742 ἀγάπην
1430 707 1445 733 ὅ
1459 715 1490 733 τε
1509 707 1670 738 ’Δπὸστολος
1684 706 1760 740 λέγει
1772 726 1779 737 ,
1796 707 1842 732 καὶ

1045 752 1206 788 ἐπιψηφίζει
1223 753 1253 779 τὸ
1266 753 1368 788 ὑψηλὸν
1382 752 1557 787 Εὑαγγέλιον.
1576 753 1606 779 '0
1622 753 1672 788 μὲν
1691 750 1739 779 οὖν
1760 753 1842 778 Ἀπὸ-

1046 798 1139 830 στολος
1156 798 1324 834 προφητείας
1336 799 1422 834 αὐτὴν
1438 799 1485 825 καὶ
1497 798 1623 832 γνώσεως
1638 798 1841 832 προτιμοτέραν

206 845 290 872 corde
307 845 363 873 Deo
376 846 458 874 dicati
477 852 559 882 atque
575 847 677 875 addicti
696 847 740 874 :si
760 848 824 883 quis
848 847 922 875 ausit
952 847 992 874 di-

1044 843 1141 877 λέγων,
1161 844 1278 875 πίστεως
1293 843 1321 870 δὲ
1337 843 1513 879 παγιωτέραν
1525 863 1532 877 ,
1545 843 1592 869 καὶ
1605 843 1712 874 ἐλπίδος
1728 842 1841 878 διαρπα-

206 898 288 922 cere,
314 892 386 926 quod
416 899 488 919 unus
519 895 593 921 esset
621 893 649 920 in
669 893 804 921 ambobus
836 893 993 921 dilectionis

207 936 305 964 modus
323 941 405 972 atque
419 945 560 971 mensura,
582 945 597 965 a
622 939 739 967 veritate
768 947 823 966 non
842 939 992 967 aberrabit.

208 979 353 1008 Enimvero
370 981 445 1016 quod
470 982 593 1010 cbarilas
611 988 692 1018 atque
708 982 821 1010 dilectio
848 984 937 1018 major
958 984 994 1012 sit

203 1026 332 1053 omnibus
344 1027 424 1054 bonis
435 1047 444 1059 ,
459 1033 521 1054 eum
536 1027 683 1062 Apostolus
695 1028 764 1055 dicit
775 1028 786 1044 δ
797 1048 804 1060 ,
827 1032 886 1055 tum
905 1029 994 1056 subli-~

206 1071 260 1098 mis
285 1071 423 1107 Evangelii
453 1072 580 1100 doctrina
610 1073 770 1108 comprobat
785 1078 869 1108 atque
893 1074 993 1101 contir-

207 1121 273 1143 mat.
289 1116 322 1143 Et
335 1117 485 1151 Apostolus
513 1118 625 1153 quidem
641 1119 784 1154 prophetia
801 1124 884 1154 atque
902 1120 992 1148 scien-

207 1162 246 1188 tia
263 1163 484 1197 przestantiorem
501 1171 532 1191 ac
548 1164 744 1196 praferendam
765 1172 825 1193 eam
839 1173 901 1193 esse
915 1165 991 1198 dicit,

208 1207 343 1236 Iideivero
368 1209 525 1237 solidiorem
543 1210 765 1246 ﬁrmioremque.
782 1214 809 1238 et
834 1219 881 1246 spe
911 1211 994 1239 dura-

205 1253 330 1281 biliorem
343 1255 486 1290 magisque
502 1255 681 1284 suﬁicientem
699 1276 707 1290 ,
722 1260 750 1284 et
771 1265 880 1292 semper
895 1257 922 1285 in
943 1265 992 1286 eo-

205 1299 267 1327 dem
283 1304 356 1328 statu
374 1306 578 1336 permanentem
591 1322 598 1335 ,
629 1302 689 1330 sine
701 1310 756 1338 qua
780 1303 913 1339 quidquid
943 1311 993 1339 pro

205 1346 278 1374 bono
289 1351 464 1382 exspectatur
480 1368 488 1381 ,
509 1348 608 1376 inutile
623 1349 694 1376 sit”:
720 1349 853 1377 Dominus
879 1355 970 1377 autent
983 1370 991 1382 ,

203 1399 313 1420 omnem
337 1393 421 1428 legem
448 1398 475 1421 et
492 1394 584 1421 omnia
616 1395 745 1430 mysteria
770 1394 929 1430 prophetica
959 1403 992 1422 ex

206 1437 259 1464 hoc
273 1437 347 1464 dono
364 1438 484 1473 pendere
510 1439 606 1467 dicens
617 1440 628 1456 '
640 1460 648 1472 ,
678 1440 840 1468 eharitatem
869 1440 992 1468 omnium

205 1481 340 1509 bonorum
357 1483 461 1518 primas
487 1488 583 1512 tenere
610 1485 693 1512 etiam
722 1486 781 1520 ipse
803 1486 936 1512 censet".
963 1485 991 1513 Si

204 1527 288 1562 igitur
302 1528 375 1556 ineo
391 1529 463 1564 quod
495 1530 567 1558 inter
581 1538 625 1559 res
649 1531 797 1566 praeclaras
822 1534 850 1558 et
874 1531 991 1559 eximias

202 1572 307 1600 eminet
332 1577 416 1609 atque
444 1575 555 1603 excellit
571 1595 579 1608 .
609 1583 641 1603 ac
660 1576 782 1610 reliquas
808 1576 992 1612 comprehen-

204 1617 286 1645 dendi
301 1619 355 1646 vim
375 1619 473 1652 habet,
493 1619 578 1647 Paulo
601 1629 656 1648 non
681 1620 795 1648 inferior
821 1626 887 1649 est:
911 1622 993 1649 nimi-

204 1670 265 1690 rum
279 1665 362 1692 etiam
377 1665 405 1692 in
417 1665 479 1694 aliis
495 1667 624 1694 omnibus
654 1667 734 1694 bonis
745 1688 752 1698 ,
784 1675 901 1702 quorum
928 1667 994 1695 cha-

203 1708 272 1737 ritas
284 1710 387 1744 primas
404 1715 494 1742 tenet,
509 1719 540 1738 ac
553 1719 733 1748 quascumque
748 1719 782 1740 ex
807 1713 860 1739 hac
874 1712 993 1747 pendent

204 1758 232 1781 et
245 1754 395 1787 exsistunt,
411 1756 524 1784 omnino
538 1757 706 1791 posteriores
718 1761 811 1792 partes
820 1756 892 1784 ferre
904 1761 932 1785 et
948 1758 992 1784 in-

206 1798 290 1826 ferior
303 1807 365 1827 esse
392 1807 446 1827 non
462 1801 611 1829 videbitur.
624 1802 859 1835 Quemadmodum
875 1802 948 1829 enim
967 1803 992 1831 is

205 1843 251 1876 qui
270 1843 395 1871 humana:
409 1849 512 1872 natura;
527 1846 664 1881 particeps
679 1851 732 1878 est,
747 1854 842 1874 omnes
861 1847 990 1875 humanm

206 1893 311 1917 natura:
325 1890 508 1925 proprietates
525 1891 629 1920 habet:
648 1892 687 1919 ita
711 1892 796 1919 etiam
820 1893 844 1920 is
864 1893 910 1928 qui
928 1901 991 1928 per-

1044 890 1142 925 στὲραν
1153 909 1160 921 ,
1177 890 1226 917 καὶ
1248 889 1362 916 πάντοτε
1379 891 1407 916 ἐν
1419 889 1458 924 τῷ
1486 888 1560 924 αὐτῷ
1581 888 1762 923 διαμένουσαν
1777 907 1786 918 ,
1807 885 1840 923 ἧς

1043 936 1109 963 ἄνευ
1132 935 1262 971 ἀνόνητον
1278 934 1347 962 εἶναι
1373 936 1427 962 πᾶν
1451 935 1482 962 τὺ
1498 935 1541 961 ἐπ’
1558 934 1660 968 ἀγαθοῦ
1686 933 1839 964 σπουδαξὸ-

1045 989 1142 1014 μενον”
1157 982 1172 1007 ό
1187 981 1216 1007 δὲ
1232 981 1335 1016 Κύριος
1356 981 1445 1008 πάντα
1459 981 1558 1016 νόμον,
1574 980 1623 1006 καὶ
1637 979 1729 1006 πάντα
1741 979 1776 1005 τὰ
1791 987 1841 1014 μυ-

1037 1026 1143 1061 στήρια
1163 1025 1197 1052 τὰ
1223 1025 1380 1061 προφητικά
1405 1025 1452 1052 τοῦ
1484 1025 1605 1052 τοιούτου
1638 1025 1764 1057 ἐξάπτων
1792 1033 1841 1058 χα-

1045 1072 1177 1107 ρίσματος
1188 1092 1195 1103 ,
1211 1072 1320 1099 πάντων
1336 1071 1487 1107 πρωτεύειν
1499 1072 1549 1107 τὴν
1566 1071 1676 1106 ἀγάπην
1694 1071 1743 1097 καὶ
1755 1071 1839 1102 αὐτὸς

1043 1118 1231 1152 ἀποφαίνεται.
1242 1118 1273 1144 El
1287 1115 1333 1144 οὖν
1348 1118 1377 1144 ἐν
1388 1117 1427 1152 τῷ
1439 1118 1598 1152 ὑπερέχοντι
1612 1117 1658 1143 καὶ
1677 1116 1840 1151 περιληπτι-

1044 1163 1084 1198 κῷ
1097 1163 1152 1190 τῶν
1169 1163 1392 1199 κατορθωμάτων
1413 1163 1462 1190 οὐκ
1487 1162 1663 1190 ἀπολείπεται
1679 1162 1728 1188 τοῦ
1755 1163 1839 1197 μεγά-

1043 1209 1089 1236 λου
1107 1209 1213 1236 Παύλου
1227 1219 1233 1224 ·
1248 1210 1302 1244 ἀρα
1329 1209 1376 1236 καὶ
1400 1209 1429 1235 ὲν
1455 1210 1512 1241 τοῖς
1532 1208 1621 1240 ἀλλοις
1648 1209 1752 1240 πᾶσιν,
1769 1205 1809 1234 ὧν
1823 1209 1839 1242 ἡ

1043 1255 1137 1290 ἀγάπη
1162 1254 1340 1290 καθηγεῖται,
1364 1255 1411 1281 καὶ
1430 1255 1480 1281 ὅσα
1506 1255 1538 1281 ἐκ
1565 1254 1667 1290 ταύτης
1692 1254 1838 1288 ὲκφύεται,

1043 1302 1151 1333 πάντως
1162 1302 1212 1328 οὐκ
1227 1301 1337 1328 ἔλαττον
1349 1301 1418 1336 ἔχων
1431 1301 1643 1336 ἀναφανήσεται.
1668 1300 1778 1335 Ὠσπερ
1787 1300 1840 1335 γὰρ

1042 1348 1057 1373 ὁ
1070 1347 1119 1382 τῆς
1133 1347 1306 1382 ἀνθρωπίνης
1321 1346 1428 1380 φύσεως
1445 1347 1565 1381 μετέχων
1579 1365 1586 1378 ,
1613 1347 1641 1372 ἐν
1666 1345 1752 1372 πᾶσίν
1779 1347 1838 1372 ἐστι

1041 1395 1098 1425 τοῖς
1121 1393 1172 1428 τῆς
1188 1393 1296 1428 φύσεως
1312 1393 1453 1428 ίδιὼμασιν
1465 1400 1472 1407 ’
1489 1392 1576 1424 οὕτως
1596 1392 1643 1419 καὶ
1658 1392 1673 1418 ὁ
1690 1391 1720 1418 τὸ
1735 1391 1839 1418 τέλειον

1041 1440 1091 1474 τῆς
1104 1439 1214 1475 ἀγάπης
1233 1440 1262 1466 ἐν
1277 1438 1366 1474 ἐαυτῷ
1385 1437 1560 1474 κατορθώσας
1572 1459 1579 1470 ,
1602 1438 1691 1465 πάντα
1707 1438 1758 1464 ὅσα
1778 1445 1836 1463 συν-

1043 1483 1184 1519 θεωρεῖται
1197 1484 1284 1520 ταύτῃ
1299 1483 1354 1510 τῶν
1374 1483 1483 1517 ἀγαθῶν
1496 1483 1563 1518 ετδη,
1583 1483 1652 1518 μετά
1663 1482 1711 1509 τού
1730 1491 1839 1518 πρωτο-

1041 1528 1127 1556 τύπου
1149 1529 1203 1555 τῶν
1231 1528 1451 1564 κατορθωμάτων
1474 1528 1540 1564 ἔχει.
1572 1529 1633 1555 Εἴτε
1657 1528 1712 1564 γὰρ
1746 1528 1839 1558 πίστις

1042 1575 1116 1602 ἐστὶν
1139 1576 1155 1610 ἡ
1181 1574 1318 1607 σώζουσα,
1335 1575 1389 1600 εἴτε
1418 1574 1463 1601 διὰ
1483 1575 1533 1609 τῆς
1554 1574 1661 1606 ἐλπίδος
1681 1573 1838 1609 σωζόμεθα,

1042 1621 1097 1651 εἴτε
1113 1620 1147 1647 δι’
1161 1620 1300 1655 ὑπομονῆς
1316 1620 1365 1655 τὴν
1380 1619 1459 1655 χάριν
1476 1619 1693 1655 ἀπεκδεχόμεθα,
1711 1620 1728 1654 ἡ
1742 1619 1838 1653 ἀγάπη

1040 1666 1131 1692 πάντα
1145 1666 1275 1698 πιστεύει,
1289 1665 1336 1692 καὶ
1352 1665 1440 1692 πάντα
1459 1665 1563 1697 ἐλπίζει
1575 1685 1582 1697 ,
1598 1665 1646 1691 καὶ
1659 1665 1750 1691 πάντα
1770 1665 1839 1691 ὑπο-

1044 1711 1131 1743 μένει,
1140 1710 1232 1743 καθώς
1243 1719 1324 1746 φησιν
1337 1711 1351 1737 ό
1363 1710 1533 1742 ’Δπόστολος.
1542 1711 1597 1737 Καὶ
1608 1710 1644 1736 τὰ
1656 1710 1725 1737 ἄλλα
1736 1710 1838 1740 πάντα,

1042 1757 1086 1783 ἵνα
1105 1757 1141 1792 μὴ
1155 1757 1190 1784 τά
1213 1756 1275 1783 καθ’
1289 1757 1403 1783 ἕκαστον
1423 1756 1548 1791 λέγοντες
1567 1756 1751 1791 διατρίϐωμεν
1764 1775 1772 1787 ,
1789 1755 1839 1790 τῆς

1041 1801 1112 1835 κατά
1135 1801 1183 1836 τὴν
1201 1801 1311 1836 ἀγάπην
1329 1800 1407 1836 ῥίζης
1425 1800 1569 1836 βλάστημα
1582 1800 1704 1834 γίνεται,
1723 1801 1776 1826 ὅσα
1800 1799 1839 1833 τῷ

1042 1848 1091 1882 τῆς
1115 1846 1215 1882 ἀρετῆς
1243 1847 1314 1880 λόγῳ
1340 1846 1542 1878 σπουδάζεται·
1570 1845 1640 1873 ὥστε
1663 1845 1710 1872 τὸν
1733 1845 1838 1880 ταύτην

1040 1892 1135 1928 ἔχοντα
1146 1912 1153 1924 ,
1170 1891 1281 1926 μηδενὸς
1297 1891 1392 1923 ὲνδεῶς
1411 1891 1484 1927 ἔχειν
1501 1891 1555 1918 τῶν
1567 1891 1665 1920 ἄλλων.

204 1933 305 1961 fectam
326 1935 486 1963 charitatem
511 1936 539 1963 in
558 1943 618 1964 sese
649 1936 768 1964 confecit
791 1941 818 1964 et
839 1941 983 1965 assecutus
1014 1941 1057 1965 est
1072 1956 1080 1968 ,
1109 1943 1204 1964 omnes
1231 1943 1402 1971 qumcuuque
1421 1945 1476 1964 una
1506 1944 1569 1964 cum
1590 1937 1641 1964 hac
1674 1941 1838 1972 spectantur

201 1982 232 2006 ct
265 1979 559 2014 comprehenduntur,
585 1981 721 2009 bonorum
745 1981 848 2009 formas
870 1990 934 2010 eum
964 1983 1096 2018 primario
1135 1982 1334 2017 principalique
1362 1983 1433 2010 bono
1457 1986 1542 2010 tenet.
1568 1981 1632 2010 Sive
1665 1983 1740 2009 enim
1769 1982 1836 2008 ﬁdes

203 2027 246 2052 est
258 2032 318 2060 qua:
328 2030 435 2060 servat,
446 2026 504 2055 sive
514 2033 564 2062 per
580 2035 656 2063 spem
670 2035 812 2056 servamur
825 2048 833 2060 ,
855 2029 912 2056 sive
927 2036 977 2063 per
1003 2028 1163 2063 patientiam
1190 2029 1307 2063 gratiam
1341 2033 1550 2063 exspectamus,
1587 2028 1711 2057 charitas
1742 2029 1834 2056 omnia

201 2072 307 2104 credit,
324 2075 351 2100 et
365 2072 457 2100 omnia
470 2078 578 2108 sperat,
603 2077 631 2101 et
669 2074 761 2101 omnia
788 2074 905 2108 suﬂ‘ert,
931 2079 962 2103 ut
975 2075 1062 2109 inquit
1087 2074 1236 2109 Apostolus
1249 2074 1270 2101 ⁸.
1302 2074 1392 2110 Atque
1423 2075 1526 2109 reliqua
1563 2074 1655 2101 omnia
1678 2082 1713 2101 ne
1739 2075 1834 2109 singu-

204 2117 280 2145 latim
295 2118 388 2145 omnia
402 2119 590 2147 enumerando
621 2124 730 2155 tempus
761 2124 902 2154 teramus,
924 2121 1070 2148 eharitatis
1096 2120 1200 2147 radicis
1221 2127 1332 2155 germen
1361 2125 1388 2148 ct
1420 2121 1550 2148 surculus
1587 2121 1738 2152 exsistunt,
1761 2129 1835 2155 qun--

201 2171 314 2199 cunque
331 2164 436 2193 ratione
452 2166 564 2194 virtutis
583 2171 749 2202 expetuntur
763 2176 770 2194 :
791 2167 860 2195 adeo
880 2171 911 2195 ut
923 2167 970 2203 qui
989 2167 1060 2194 hanc
1073 2167 1182 2198 habeat,
1203 2166 1280 2194 nullo
1294 2167 1348 2193 alio
1364 2167 1438 2194 bono
1449 2170 1552 2194 careat.

240 2209 316 2238 lianc
333 2210 416 2246 igitur
437 2219 500 2239 cum
517 2220 633 2249 magnus
650 2213 768 2243 Basilius
790 2214 922 2247 haberet,
947 2222 992 2250 per

1081 2214 1187 2248 Ταύτην
1205 2213 1273 2249 ἔχων
1288 2215 1303 2240 ὁ
1319 2213 1405 2248 μέγας
1424 2213 1577 2244 Βασίλειος,
1594 2211 1700 2243 οὐδενὸς
1715 2212 1770 2248 ἀρα
1782 2212 1834 2239 τῶν

201 2263 263 2285 eam
278 2256 383 2285 nullius
399 2258 462 2285 boni
476 2266 576 2294 expers
586 2265 654 2288 erat.
674 2260 752 2294 Quod
769 2261 794 2290 si
809 2261 900 2289 omnia
909 2261 990 2289 habe-

203 2302 268 2335 bat,
294 2301 322 2330 in
340 2303 414 2331 nulla
438 2311 467 2332 re
497 2313 610 2340 prorsus
626 2306 738 2335 inferior
751 2311 820 2335 erat.
838 2306 893 2335 Sed
916 2306 990 2334 dicet

202 2348 302 2384 aliquis
319 2357 444 2384 prorsus,
462 2351 536 2385 quod
552 2352 660 2379 tertium
676 2353 776 2381 ccelum
798 2353 895 2381 viderit
919 2353 964 2379 ille
979 2372 987 2385 ,

201 2397 230 2422 et
246 2397 341 2429 raptus
355 2395 392 2422 sit
405 2395 432 2422 in
446 2397 616 2431 paradisum.
627 2402 653 2426 ct
667 2399 802 2426 audiverit
818 2405 917 2426 arcana
932 2405 989 2425 ver-

204 2439 249 2471 ba.
267 2447 327 2475 quas
341 2440 444 2468 homini
459 2449 514 2468 non
531 2441 614 2470 liceat
638 2443 787 2478 proferre”.
812 2444 847 2470 At
875 2451 924 2471 nec
943 2443 989 2471 ille

203 2485 312 2520 quidem
323 2505 330 2518 ,
345 2486 418 2520 quod
436 2491 552 2521 constet,
568 2496 616 2523 per
631 2496 741 2516 carnem
772 2489 843 2517 hanc
854 2489 990 2524 ejusmodi

202 2530 320 2565 gratiam
344 2532 467 2566 accepit:
497 2540 551 2559 non
574 2534 646 2560 enim
673 2534 744 2562 celat
762 2535 989 2569 ambiguitatem,

201 2576 266 2602 dum
287 2575 353 2603 dicit
367 2585 373 2604 :
389 2577 449 2604 Sive
464 2580 489 2604 in
504 2587 622 2612 corpore,
641 2581 739 2611 nescio,
766 2581 819 2607 sive
832 2586 908 2607 extra
929 2589 988 2607 cor-

199 2627 260 2653 pus.
282 2621 396 2656 ignoro;
418 2622 488 2650 Deus
503 2626 583 2652 novit.
612 2625 699 2652 Etiam
720 2625 754 2653 de
781 2627 833 2653 hoc
857 2626 988 2653 audacter

201 2666 302 2701 aliquis
319 2667 409 2696 dicere
424 2671 511 2705 possit
521 2672 608 2706 ,quod
626 2672 652 2699 in
670 2680 783 2708 corpore
797 2674 906 2708 quidem
920 2674 987 2701 nihil

202 2712 336 2745 eiusmodi
352 2714 461 2748 viderit,
477 2717 524 2745 sed
539 2717 700 2753 incorporea
727 2723 753 2747 et
769 2727 800 2747 ea
817 2727 877 2754 ("2:2
897 2723 988 2747 mente

1042 2259 1152 2293 ἀγαθῶν
1165 2259 1198 2286 δι’
1215 2259 1299 2295 αὐτῆς
1318 2259 1490 2286 ἀπελείπετο.
1507 2259 1537 2285 ΕΙ
1552 2259 1580 2285 δέ
1594 2258 1684 2284 πάντα
1699 2256 1791 2293 εἶχεν,
1806 2260 1834 2284 ὲν

1041 2305 1129 2332 οὐδενὶ
1145 2306 1253 2336 πάντως
1273 2305 1423 2339 ἠλάττωτο.
1443 2302 1513 2331 Ἀλλ’
1530 2304 1589 2339 ἐρεῖ
1599 2311 1642 2335 τις
1652 2303 1780 2335 πάντως,
1793 2304 1832 2330 ὅτι

1041 2350 1131 2385 τρίτον
1151 2349 1265 2385 οὐρανὸν
1281 2347 1350 2375 εἶδεν
1373 2349 1495 2381 ἐκεῖνος,
1516 2348 1564 2375 καὶ
1581 2348 1694 2383 ἡρπάγη
1723 2348 1764 2379 εἰς
1787 2348 1833 2374 τὸν

1042 2396 1216 2431 παράδεισον,
1231 2396 1278 2422 καὶ
1291 2395 1406 2430 ἡκουσεν
1419 2394 1526 2431 ἀρῤητα
1538 2395 1659 2430 ῥήματα,
1675 2393 1694 2420 ἃ
1708 2394 1760 2420 οὐκ
1775 2393 1832 2425 ἐξὸν

1039 2441 1174 2477 ἀνθρώπῳ
1196 2440 1321 2475 λαλῆσαι.
1347 2440 1417 2466 Ἀλλ’
1445 2439 1505 2466 οὐδὲ
1531 2440 1633 2470 ἐκεῖνος
1647 2439 1775 2474 φανερῶς
1790 2438 1832 2465 διὰ

1039 2489 1089 2522 τῆς
1112 2487 1213 2522 σαρκὸς
1231 2486 1332 2520 ταύτης
1346 2486 1396 2521 τὴν
1410 2484 1544 2521 τοιαύτην,
1554 2484 1634 2520 χάριν
1657 2484 1779 2517 ἐδέξατο.
1794 2485 1829 2510 υὺ

1040 2535 1093 2570 γὰρ
1118 2534 1315 2568 ἐπικρύπτεται
1339 2532 1389 2568 τὴν
1412 2532 1576 2568 ἀμφιϐολίαν
1592 2532 1678 2566 λέγων
1691 2541 1698 2547 ·
1717 2533 1786 2560 Ehe
1799 2533 1832 2558 ἐν

1039 2579 1152 2613 σώματι
1171 2579 1226 2606 οὐκ
1252 2577 1337 2610 οἴδα,
1363 2578 1423 2604 εἶτε
1437 2578 1524 2611 ἐκτὸς
1547 2578 1757 2614 τοῦσώματος
1778 2580 1830 2606 οὐκ

1041 2624 1115 2653 οἶδα·
1129 2626 1145 2651 ό
1158 2625 1230 2658 Θεὸς
1242 2625 1333 2652 οἶδεν.
1350 2625 1404 2651 Καὶ
1420 2625 1484 2660 περὶ
1496 2624 1591 2651 τούτου
1609 2624 1751 2660 τολμήσας
1762 2625 1829 2651 εἴποι

1040 2680 1082 2702 τις
1101 2670 1151 2703 ἂν,
1170 2670 1209 2696 ὅτι
1224 2671 1253 2696 ἐν
1269 2669 1374 2705 σώματι
1396 2669 1516 2696 τοιοῦτον
1532 2671 1581 2705 μὲν
1605 2670 1682 2696 οὐδὲν
1700 2668 1785 2700 εἶδεν,

1040 2717 1070 2743 δέ
1084 2715 1222 2750 ἀσωμάτῳ
1242 2715 1290 2742 καὶ
1304 2716 1386 2750 νοητῇ
1404 2714 1506 2749 θεωρίᾳ
1526 2714 1576 2740 οὑκ
1595 2712 1669 2740 ἐστιν
1693 2715 1708 2740 ὃ
1722 2722 1750 2741 τι
1771 2712 1828 2740 τού-

238 2766 248 2781 ‘
262 2766 348 2808 l‘Cor.
364 2777 422 2803 xui,
442 2771 484 2799 i3.
523 2773 534 2788 '
548 2772 613 2800 ibid.
629 2773 639 2800 l
656 2780 716 2808 sqq.
755 2774 764 2790 ⁸
783 2773 880 2801 Matth.
897 2781 964 2807 χιιι,
981 2773 1024 2801 40.
1063 2773 1072 2789 ¹
1095 2771 1189 2799 Matth.
1207 2771 1314 2803 xxv,55
1330 2779 1390 2806 sqq.
1429 2770 1459 2796 'l
1478 2771 1539 2798 Cor.
1559 2778 1619 2803 xm,
1637 2771 1664 2797 7.
1705 2771 1716 2786 ’
1732 2769 1752 2797 il
1767 2770 1824 2797 Cor.

203 2809 252 2833 su,
265 2803 282 2828 2
296 2811 357 2838 sqq.
