1912 3082
95 115 148 145 ειη

664 120 695 147 ΙΝ
714 119 857 148 LAUDEM
878 117 1031 148 FRATRIS
1050 122 1185 151 BASILII.

1686 126 1742 159 801

96 183 153 201 των
167 174 275 210 ἀφῆκεν
291 175 414 203 ἀθέατον.
428 176 543 211 Μάρτυς
558 176 586 204 δὲ
608 177 711 204 τούτων
737 178 752 204 ὀ
766 178 831 213 παρ’
846 177 892 204 αὺ-

945 180 1096 214 peragitur,
1113 182 1343 217 contemplatione
1359 183 1427 212 nihil
1451 184 1547 213 harum
1565 192 1656 214 rerum
1682 187 1739 222 sit,

95 221 146 248 τοῦ
161 221 254 257 λόγος,
267 222 296 249 ὃν
307 230 336 248 τε
352 222 395 256 ἐφ’
411 221 506 250 ἑαυτοῦ
521 223 631 259 διεξῄει,
643 224 690 250 καὶ
701 223 731 250 ὃν
746 223 893 250 κατέλιπεν

95 268 126 295 ἐν
143 268 366 304 συγγράμμασιν.
392 268 510 300 Ἐκεῖνος
523 269 578 296 ἀπὸ
599 268 791 305 Ἰεροσολύμων
805 269 852 297 ἐπὶ
863 269 894 297 τὸ

103 313 253 348 Ἰλλυρικὸν
270 314 300 341 ὲν
316 314 409 350 κύκλῳ
429 314 590 350 περιελθὼν,
606 316 673 342 πᾶσι
685 316 742 347 τοῖς
753 315 797 342 διὰ
811 315 893 351 μέσου

96 359 144 386 τδν
159 358 335 393 εὐαγγελικδν
356 359 474 395 ἐκήρυξε
496 359 575 394 λόγον
587 369 594 376 ·
611 361 658 388 καὶ
672 362 687 388 ὁ
704 361 800 390 τούτου
815 361 894 396 λόγος

96 405 147 432 καὶ
161 405 191 432 τὸ
206 406 336 441 κήρυγμα
356 407 447 433 πᾶσαν
475 407 575 442 μικροῦ
589 407 646 434 δεῖν
666 407 716 443 τὴν
730 408 893 444 οἰκουμένην

95 450 237 484 διέλαϐεν,
261 451 304 478 ἐπ’
323 451 384 486 ἴσης
397 453 453 484 τοῖς
469 451 577 480 Παύλου
590 452 680 487 λόγοις
693 453 769 490 παρά
784 454 893 482 πάντων

96 497 146 524 καὶ
159 498 225 524 αὐτὸ
243 497 471 534 σπουδαζόμενον.
490 499 636 535 Παρείσθω
652 499 681 526 δὲ
705 499 741 527 τὰ
753 499 835 528 λοιπὰ
858 500 893 527 δι’

96 540 136 570 ὧν
155 545 169 570 ὁ
184 544 241 579 βίος
256 543 351 571 τούτου
370 544 439 579 προς
451 543 497 570 τὸν
519 544 624 575 ἐκείνου
640 545 822 581 συμφέρεται,
837 541 893 572 οἷον

95 589 259 626 ἐσταυρώθη
275 589 314 625 τῷ
329 590 425 625 κόσμῳ
445 590 548 622 ἐκεῖνος
559 611 567 623 ,
590 590 638 617 καὶ
650 590 738 626 τούτῳ
752 591 767 618 ὁ
779 591 891 626 κόσμος.

104 635 255 670 Ἐνέκρωσε
278 636 308 662 τὸ
323 635 402 671 σῶμα
416 636 536 668 ἐκεῖνος,
553 635 694 663 ἐτελείωσε
708 636 756 663 καὶ
769 634 846 669 οὗτος
863 637 892 663 ὲν

94 681 226 718 ἀσθενείᾳ
236 682 285 718 τὴν
298 682 422 717 δύναμιν.
434 682 552 718 Χριστὸς
562 680 596 718 ἦν
611 683 642 709 τὸ
655 683 704 718 ζῇν
715 683 892 719 ἀμφοτέροις,

95 729 147 754 καὶ
170 727 270 763 ὁμοίως
285 728 409 763 ἐκατέρῳ
433 728 528 764 κέρδος
542 730 557 755 ὸ
577 728 708 762 θάνατος,
724 729 772 756 καὶ
796 737 891 765 προτιη

97 772 202 808 μοτέρα
218 772 265 799 τοῦ
278 772 487 808 πεπλανημένου
503 772 562 808 βίου
576 774 592 809 ή
610 773 679 809 πρὸς
695 773 740 800 τδν
753 774 891 809 Δεσπότην

95 818 237 850 ἀνάλυσις.
263 818 299 844 Ἦ
318 818 364 845 καὶ
386 817 432 845 τὸν
457 818 584 854 Ἰωάννην
606 819 829 854 ἀπιπαραδεῖξαι
852 819 892 855 τῷ

944 225 1016 259 quod
1042 227 1222 262 contemplari
1235 233 1317 264 atque
1334 230 1510 258 considerare
1522 233 1740 266 pmtermiserih

944 270 1035 302 Testis
1054 272 1150 301 harum
1178 281 1270 302 rerum
1288 280 1331 303 est
1356 275 1444 311 ipsius
1464 279 1573 312 oratio,
1596 284 1653 307 tum
1678 288 1710 308 ea
1728 299 1738 313 .

944 325 1027 352 quam
1058 318 1116 353 ipse
1140 319 1308 354 proferebat,
1328 325 1386 350 tum
1411 329 1444 349 ea
1466 331 1550 358 quam
1566 324 1677 360 reliquit
1709 326 1740 353 in

944 361 1069 398 scriptis.
1088 362 1135 391 ille
1149 364 1186 392 ab
1204 363 1383 401 Jerosolymis
1396 375 1485 403 usque
1507 368 1540 396 ad
1562 368 1699 405 Illyricum
1709 370 1737 398 in

945 407 1040 435 orbem
1055 407 1222 437 circumiens
1239 411 1366 440 omnibus
1392 411 1418 439 in
1434 412 1526 440 medio
1549 412 1742 443 habitantibus

944 452 1137 489 Evangelicum
1149 463 1301 484 sermonem
1318 457 1488 492 praedicavit,
1509 463 1538 487 et
1553 459 1635 494 hujus
1648 461 1738 488 oratio

944 503 1026 534 atque
1040 499 1199 534 praedicatio
1211 508 1320 530 omnem
1337 503 1532 538 propemodum
1545 508 1680 532 terrarum
1690 512 1742 532 οτι

943 545 1006 573 hem
1023 546 1148 581 amplexa
1163 550 1216 579 est,
1236 555 1299 575 cum
1314 549 1398 576 etiam
1422 548 1480 584 ipsa
1503 557 1581 585 :eque
1603 557 1636 578 ac
1660 549 1737 578 Pauli

943 597 1085 619 sermones
1108 591 1143 619 ab
1159 592 1287 620 omnibus
1313 593 1477 628 probaretur
1499 599 1527 623 et
1552 599 1739 630 expeteretur.

943 635 1112 664 Omittantur
1138 638 1244 673 reliqua
1259 658 1268 671 ,
1285 639 1385 674 quibus
1400 639 1484 675 hujus
1499 640 1554 668 vita
1581 648 1644 670 cum
1663 640 1741 668 illius

943 681 999 708 vita
1022 683 1150 710 convenit
1172 688 1254 719 atque
1276 685 1444 717 concordat,
1472 685 1602 714 videlicet
1635 685 1740 713 mundo

944 726 1091 755 cruciﬁxus
1107 732 1148 755 est
1171 727 1235 762 ille,
1260 733 1285 756 et
1304 729 1368 756 huic
1390 729 1521 757 mundus.
1550 730 1658 765 Corpus
1691 731 1740 758 ille

944 771 1131 803 mortiﬁcavit,
1147 773 1352 800 consummavit
1372 778 1454 808 atque
1466 774 1582 809 perfecit
1594 775 1675 802 etiam
1693 775 1738 802 hic

943 816 1016 844 vires
1031 825 1080 852 per
1097 817 1295 846 inﬁrmitatem.
1316 819 1444 847 Christus
1462 820 1572 855 utrique
1583 820 1639 847 vita
1656 825 1735 848 erat:

94 864 249 900 διδασκάλῳ
266 864 357 896 δοκεῖς
378 863 459 890 Ἀλλὰ
478 864 507 891 τὸ
525 865 574 900 μὲν
585 864 762 901 προτερεύειν
773 865 890 897 ἐκεῖνον,

943 867 970 890 et
991 863 1100 899 utrique
1117 864 1242 892 similiter
1258 873 1307 897 pro
1332 865 1411 893 lucro
1448 874 1535 900 mors,
1549 871 1576 894 et
1589 866 1624 894 ad
1641 866 1736 894 Domi-

94 911 136 947 τῷ
161 911 189 938 ὲν
214 911 352 946 γεννητοῖς
377 911 515 944 γυναικῶν
539 911 586 938 καὶ
613 911 804 947 περισσότερον
821 911 892 947 ἔχειν

94 957 144 984 τοῦ
163 958 301 994 προφήτου
317 956 366 992 τῆς
390 956 465 988 θείας
491 956 583 992 φωνῆς
602 957 813 993 μαρτυρούσης,
841 966 893 992 μα-

94 1003 156 1034 νίας
172 1002 205 1029 ἃν
221 1003 264 1038 εἴη
281 1002 328 1029 καί
344 1001 471 1034 ἀσεϐείας
493 1001 552 1038 ἅμα
568 1002 647 1029 ἄλλον
670 1003 889 1039 ἀντιπαρεξαγα-

94 1049 155 1082 γεῖν
172 1047 210 1083 τῷ
229 1047 342 1082 τοιούτῳ
366 1047 416 1084 βίῳ
431 1048 474 1075 διὰ
489 1048 659 1084 συγκρίσεως
673 1057 680 1064 ·
704 1049 771 1076 ἀλλὰ
786 1050 834 1076 τοῦ
847 1059 893 1077 το-

95 1095 196 1122 σούτου
210 1096 257 1123 καὶ
269 1095 390 1122 τοιούτου
403 1096 451 1122 καὶ
466 1095 496 1122 τὸ
510 1096 626 1123 κατόπιν
644 1096 731 1123 ἐλθεῖν
740 1117 747 1129 ,
760 1097 808 1132 τῆς
823 1097 893 1124 ἀνω-

92 1143 170 1169 τάτω
188 1142 388 1178 μακαριότητος
411 1143 461 1177 τὴν
487 1142 625 1175 ἀπόδειξιν
650 1142 718 1178 ἔχει.
733 1143 841 1170 Οὐτωσὶ
864 1143 893 1171 δὲ

93 1188 141 1215 τὸν
157 1188 236 1223 λόγον
251 1189 465 1223 κατανοήσωμεν
478 1197 484 1203 ·
499 1188 556 1214 Οὐκ
583 1185 617 1223 ἦν
633 1188 696 1215 οὗτε
716 1188 745 1214 ἐν
761 1188 893 1224 μαλακοῖς

96 1234 216 1269 ἱματίοις
231 1236 246 1261 ὁ
265 1233 392 1268 Ἰωάννης
403 1253 409 1264 ,
436 1233 498 1260 οὔτε
527 1233 650 1269 κάλαμος
670 1231 705 1269 ἦν
721 1234 831 1269 ἀνέμοις
847 1235 892 1262 ὲν-

96 1280 287 1315 σαλευόμενος.
314 1279 467 1312 Ἦσπάζετο
481 1279 508 1306 δὲ
525 1279 578 1315 πρὸ
593 1279 647 1306 τῶν
664 1281 831 1316 οἰκουμένων
843 1281 892 1316 τὴν

95 1325 211 1361 ἔρημον,
225 1326 273 1352 καὶ
288 1325 368 1353 πάλιν
390 1326 445 1358 τοῖς
456 1326 625 1361 οίκουμένοις
638 1326 833 1362 ὲπεχωρίαζεν.
847 1327 892 1363 Μή

95 1381 138 1404 τις
155 1372 208 1407 ἄρα
224 1372 371 1407 ἐπισκήψει
384 1371 422 1407 τῷ
434 1372 505 1408 λόγῳ
517 1393 524 1404 ,
542 1373 566 1398 εί
581 1371 660 1398 τοῦτο
674 1373 891 1408 προσμαρτυρή-

96 1427 140 1445 σει
158 1418 205 1445 καὶ
218 1418 256 1453 τῷ
271 1418 423 1453 διδασκάλῳ
440 1418 546 1454 ἡμῶνὴ
560 1418 684 1453 ἀλήθεια,
697 1418 735 1451 ὡς
749 1420 779 1447 ὲν
787 1419 893 1451 τούτοις

94 1465 178 1492 αὑτὸν
191 1465 237 1491 τοῦ
263 1464 380 1500 μεγάλου
400 1465 523 1492 Ἰωάννου
547 1465 585 1501 μὴ
614 1465 825 1498 ἀπολείπεσθαι;
845 1465 893 1497 Τίς

95 1512 148 1538 οὐκ
165 1508 233 1538 οἶδεν
256 1511 330 1542 ὅπως
355 1511 481 1546 μαλακήν
503 1520 533 1537 τε
555 1511 603 1538 καὶ
629 1510 821 1547 τεθρυμμένην
845 1511 892 1538 τοῦ

97 1557 157 1593 βίου
173 1557 274 1583 δίαιταν
290 1556 422 1592 πολεμίαν
438 1557 560 1592 ἡγήσατο
570 1577 578 1589 ,
601 1558 629 1583 ἐν
645 1557 727 1583 παντὶ
744 1557 775 1583 τὸ
794 1565 891 1593 καρτε-

98 1603 175 1639 ρικὸν
190 1603 236 1631 καὶ
251 1603 384 1639 ἀνδρῶδες
400 1603 453 1639 πρὸ
469 1603 523 1630 τῶν
535 1603 621 1638 ἡδέων
636 1602 793 1638 θηρώμενος
803 1623 810 1634 ,
823 1603 892 1638 ἡλίῳ

96 1648 267 1684 θαλπόμενος
281 1667 289 1680 ,
307 1647 386 1683 κρύει
406 1648 646 1683 παραὸαλλόμενος
657 1667 664 1679 ,
688 1647 826 1683 νηστείαις
844 1649 891 1674 καὶ

97 1693 274 1730 ἐγκρατείαις
296 1693 514 1729 καταγυμνάζων
539 1694 570 1720 τὸ
588 1693 684 1728 σῶμα,
700 1694 760 1726 ταῖς
783 1694 892 1722 πόλεσιν

96 1740 136 1772 ὡς
151 1740 180 1766 ἐν
195 1739 311 1775 ἐρήμοις
323 1739 500 1774 ἐνδιατρίϐων
515 1738 600 1773 (οὐδὲν
619 1739 660 1770 είς
675 1738 777 1775 ἀρετὴν
797 1740 830 1766 ἐκ
842 1739 892 1774 τῆς

97 1785 243 1820 συντυχίας
262 1784 564 1820 παραϐλαπτόμενος),
585 1785 633 1810 καὶ
649 1784 742 1816 πόλεις
756 1784 804 1816 τὰς
827 1784 892 1819 {pq-

98 1832 165 1866 μίας
179 1831 402 1867 ἀπεργαζόμενος
415 1839 422 1863 ;
438 1829 506 1857 Οὔτε
521 1829 576 1865 γὰρ
592 1831 609 1865 ή
636 1830 705 1865 μετᾶ
720 1830 774 1857 τῶν
786 1830 891 1858 πολλῶν

97 1876 222 1915 διαγωγὴ
250 1876 301 1912 τῆς
320 1875 453 1912 ἀκριϐοῦς
476 1885 503 1902 τι
529 1876 576 1902 καὶ
600 1875 740 1910 ἀσφαλοῦς
754 1876 892 1908 πολιτείας

96 1915 269 1958 παρέτρεψεν
281 1930 288 1938 ·
306 1921 379 1955 οὕτε,
396 1922 421 1947 εί
435 1920 504 1956 πρὸς
522 1921 617 1948 ἑαυτὸν
634 1921 680 1948 ἐπὶ
696 1921 745 1956 τὴν
762 1922 892 1957 ἐσχατιὰν

95 1967 236 2005 ἐχώρησεν
250 1987 258 2000 ,
287 1967 463 2003 γυμνωθῆναι
487 1966 542 1993 τῶν
559 1966 604 1993 ἐπ’
624 1967 742 2003 ὠφελείᾳ
759 1967 892 1995 συνόντων

95 2012 152 2046 οἷός
165 2022 195 2040 τε
209 2011 242 2049 ἦν
252 2022 259 2029 ·
276 2013 346 2040 ὥστε
356 2013 404 2040 καὶ
421 2013 468 2040 ἐπὶ
485 2012 592 2045 τούτου,
607 2013 668 2039 καθ’
685 2013 831 2049 ὁμοιότητα
845 2013 891 2041 τοῦ

95 2059 252 2087 Βαπτιστοῦ
279 2059 357 2086 πόλιν
376 2059 426 2094 τὴν
441 2059 545 2094 ἔρημον
558 2059 685 2093 γενέσθαι
706 2067 891 2095 στενοχωρου-

97 2106 184 2141 μένην
204 2108 260 2138 τοῑς
279 2105 464 2142 ἐπιρρέουσιν.
486 2105 524 2132 Τὸ
549 2104 578 2132 δὲ
603 2104 641 2140 μὴ
666 2104 788 2138 κάλαμον
809 2105 892 2133 αὑτὸν

95 2151 165 2180 εἶναι
198 2153 232 2179 δι’
261 2152 387 2184 εὐκολίας
414 2151 482 2187 πρὸς
515 2150 565 2182 τὰς
596 2151 720 2182 ἐναντίας
744 2151 891 2186 ὑπολήψεις

906 1527 927 1555 C

945 918 1009 937 num
1028 911 1162 938 resolutio
1185 911 1260 940 falsae
1280 912 1343 939 vita:
1355 912 1561 947 praeferebatur.
1594 913 1636 940 An
1652 914 1736 941 etiam

943 954 1076 984 Joannem
1093 964 1156 985 cum
1179 958 1311 993 magistro
1322 958 1450 986 conferre
1469 962 1552 994 atque
1576 966 1738 994 comparare

943 1002 1100 1037 placetiAt
1116 1011 1179 1030 cum
1191 1003 1284 1031 divina
1300 1012 1350 1032 vox
1372 1008 1499 1037 testetur,
1516 1004 1590 1039 quod
1603 1004 1648 1032 ille
1659 1005 1737 1039 prin-

944 1048 1062 1083 cipatum
1080 1053 1192 1081 teneat,
1217 1053 1362 1084 propterea
1385 1050 1458 1085 quod
1483 1050 1555 1076 inter
1578 1055 1659 1078 natos
1678 1058 1737 1078 mu-

943 1093 1041 1122 lierum
1061 1094 1143 1122 etiam
1158 1095 1276 1130 amplius
1291 1099 1319 1122 et
1346 1095 1526 1126 excellentius
1550 1095 1616 1131 quid
1638 1096 1738 1124 habeat

944 1147 1026 1175 quam
1046 1139 1190 1175 propheta,
1207 1139 1316 1168 insania
1337 1140 1418 1168 simul
1442 1145 1470 1168 et
1497 1140 1623 1176 impietas
1655 1140 1738 1169 fuerit

945 1186 1029 1212 alium
1047 1194 1080 1212 ex
1095 1186 1212 1213 adverso
1228 1186 1416 1221 comparando
1443 1193 1583 1221 opponere
1599 1187 1737 1222 ejusmodi

943 1232 1016 1260 vita).
1031 1231 1085 1260 Sed
1102 1232 1170 1259 tanti
1187 1239 1219 1259 ac
1234 1232 1295 1260 talis
1310 1232 1362 1260 viri
1377 1232 1420 1260 vel
1434 1240 1449 1259 a
1465 1237 1541 1268 tergo
1552 1233 1671 1265 venisse.
1691 1240 1737 1261 su-

945 1285 1047 1313 premae
1062 1277 1241 1306 beatitudinis
1260 1279 1385 1306 continet
1402 1278 1677 1307 demonstrationem.
1688 1279 1737 1307 At-

943 1331 996 1359 que
1011 1323 1064 1352 hoc
1088 1323 1171 1351 modo
1191 1323 1326 1352 rationem
1348 1324 1467 1352 ineundo
1481 1344 1489 1356 ,
1506 1332 1563 1352 rem
1575 1325 1735 1353 considere-

943 1377 1004 1397 mus
1020 1374 1103 1405 atque
1123 1370 1337 1406 perpendamus.
1355 1369 1450 1405 Neque
1463 1370 1592 1398 mollibus
1613 1370 1738 1398 vestibus

942 1415 1062 1444 Joannes
1075 1420 1133 1444 erat
1145 1416 1275 1448 amictus,
1292 1423 1380 1451 neque
1391 1416 1497 1444 arundo
1511 1420 1580 1449 erat,
1594 1423 1655 1451 qua;
1670 1424 1738 1443 vcn-

944 1463 980 1491 tis
1003 1462 1163 1498 agitaretur.
1180 1462 1348 1490 Prasferebat
1376 1463 1440 1490 item
1465 1463 1641 1491 solitudinem
1669 1462 1737 1491 locis

945 1509 1028 1536 cultis
1049 1513 1077 1537 et
1092 1508 1223 1536 habitatis
1237 1528 1245 1541 ,
1259 1513 1287 1536 et
1297 1513 1393 1536 contra
1411 1508 1437 1535 in
1458 1508 1589 1536 habitatis
1607 1513 1635 1535 et
1655 1508 1738 1536 cultis

944 1555 1012 1583 locis
1023 1555 1194 1582 versabatur.
1204 1553 1274 1582 Num
1285 1554 1347 1589 quis
1360 1553 1444 1589 igitur
1454 1554 1559 1582 refellet
1573 1553 1736 1588 orationem,

943 1600 965 1627 si
986 1600 1086 1628 veritas
1099 1600 1183 1627 etiam
1201 1600 1253 1627 hoc
1266 1599 1397 1634 magistro
1413 1604 1511 1626 nostro
1535 1603 1692 1633 attestetur,
1705 1602 1738 1628 ut

943 1647 972 1673 in
992 1645 1035 1672 his
1058 1652 1158 1680 magno
1171 1643 1277 1672 Joanne
1293 1651 1347 1671 non
1363 1643 1477 1671 inferior
1494 1643 1553 1671 sit?
1567 1643 1636 1677 Quis
1662 1644 1736 1671 enim

942 1693 1061 1730 ignorat,
1078 1690 1309 1726 quemadmodum
1328 1690 1435 1718 mollem
1458 1695 1484 1718 et
1503 1689 1650 1718 delicatum
1674 1689 1737 1716 vita)

942 1738 1046 1766 cultum
1062 1737 1173 1764 noxium
1192 1740 1219 1764 et
1235 1736 1365 1764 infestum
1382 1735 1545 1772 iudicaret}
1564 1735 1590 1763 in
1617 1735 1691 1763 omni
1707 1743 1737 1763 ro

944 1782 1134 1811 fortitudinem
1155 1787 1238 1817 atque
1257 1782 1380 1810 laborum
1409 1787 1437 1809 et
1452 1781 1640 1810 molestiarum
1669 1781 1738 1809 tole-

943 1829 1062 1858 rantiam
1078 1828 1165 1864 magis
1182 1835 1264 1864 quam
1282 1836 1327 1856 res
1338 1828 1476 1863 iucundas
1488 1832 1606 1859 sectans,
1621 1827 1655 1855 ad
1670 1827 1737 1856 solis

942 1881 1038 1905 aestum
1053 1876 1180 1908 duratus,
1191 1875 1284 1911 frigori
1297 1883 1327 1903 se
1338 1882 1491 1911 exponens,
1501 1874 1615 1909 jejuniit
1628 1877 1655 1901 et
1668 1878 1738 1901 tem-

942 1924 1066 1956 perantia
1094 1931 1195 1959 corpus
1219 1922 1374 1952 exercendo
1397 1921 1544 1958 subigens,
1568 1922 1596 1949 in
1621 1921 1736 1950 urbibus

943 1969 1022 2006 quasi
1056 1969 1084 1998 in
1113 1968 1309 1997 solitudinibus
1328 1975 1442 1996 versans
1466 1966 1562 2002 (quod
1592 1966 1736 1994 hominum

942 2022 1109 2052 congressus
1125 2015 1200 2042 illius
1216 2015 1344 2043 virtutem
1359 2014 1428 2042 nihil
1446 2013 1576 2048 laederet)
1594 2017 1619 2041 et
1637 2021 1669 2040 ex
1690 2020 1736 2040 so-

942 2059 1106 2088 litudinibus
1134 2059 1217 2087 urbes
1237 2059 1367 2086 eiliciens.
1392 2058 1486 2094 Neque
1502 2058 1575 2086 enim
1606 2057 1709 2085 idcirco
1725 2078 1735 2091 ,

943 2105 1014 2140 quod
1030 2112 1091 2134 cum
1103 2104 1278 2132 multitudine
1298 2108 1520 2136 conversaretur,
1535 2103 1686 2140 quidquam
1700 2104 1736 2132 de

943 2154 1040 2177 exacto
1055 2153 1083 2177 et
1098 2153 1180 2177 cauto
1200 2150 1263 2177 vitta
1286 2149 1414 2177 instituto
1435 2148 1622 2183 immutabat;
1646 2156 1736 2184 neque

96 2199 341 2236 μετακλινόμενον,
360 2198 479 2225 δείκνυσι
499 2197 530 2224 τὸ
548 2198 577 2225 ὲν
595 2197 663 2224 πᾶσι
680 2198 734 2228 τοῖς
751 2197 827 2232 παρὰ
845 2197 892 2224 τὸν

945 2195 968 2222 si
988 2202 1113 2224 seorsum
1134 2193 1162 2222 in
1193 2194 1368 2222 solitudinem
1390 2194 1565 2227 secessisset,
1590 2194 1687 2222 nudari
1704 2201 1737 2222 ac

95 2246 154 2282 βίον
168 2244 341 2281 κεκριμένοις
356 2244 431 2280 αὑτῷ
445 2243 650 2280 ἀμετάπτωτον.
671 2243 788 2278 Ἤρεσεν
803 2244 832 2277 ἐξ
842 2244 894 2281 ἀρ..

95 2292 147 2327 χῆς
159 2292 176 2326 ἡ
193 2289 385 2326 ἀκτημοσύνη·
400 2289 486 2324 πέτρα
499 2297 542 2319 τις
557 2289 682 2320 ἄσειστος
696 2289 712 2324 ἡ
727 2288 815 2324 κρίσις
832 2289 893 2324 ἐγέ-

94 2345 164 2363 νετο.
193 2335 340 2371 Ἐπεθύμει
369 2334 413 2362 διὰ
432 2334 617 2369 καθαρότητος
636 2334 830 2370 προσεγγίζειν
852 2335 892 2370 τῷ

94 2382 155 2418 Θεῷ
167 2391 174 2398 ·
195 2382 257 2417 ὅρος
274 2379 309 2417 ἦν
323 2382 340 2416 ὴ
361 2380 493 2416 ἐπιθυμία
510 2379 579 2415 αὓτη
592 2398 599 2411 ,
613 2379 644 2405 οὺ
661 2379 792 2414 κάλαμος.
809 2380 892 2407 Οὐδέ-

96 2436 161 2455 ποτε
177 2427 230 2463 γὰρ
246 2427 315 2463 πρὸς
335 2426 385 2458 τάς
402 2425 558 2457 ἀντιπνοίαις
576 2425 631 2452 τῶν
654 2425 816 2461 πειρασμῶν
840 2427 892 2453 ὐπ-

94 2473 227 2501 εκλίνετο.
246 2473 303 2508 Τῆς
325 2472 353 2499 δὲ
372 2472 440 2508 πρὸς
458 2472 503 2499 τὸν
521 2471 588 2498 Θεὸν
610 2471 720 2507 ἀγάπης
747 2473 776 2499 τὺ
797 2473 894 2507 πάγιον

96 2520 177 2554 μόνου
196 2516 231 2554 ἦν
251 2518 298 2545 τοῦ
318 2517 480 2545 ’Δποστόλου
498 2517 541 2544 διὰ
552 2517 605 2544 τῶν
620 2517 694 2544 ἰδίων
709 2517 796 2552 λόγων
810 2518 893 2546 ἐνδεί-

94 2564 192 2596 ξασθαι
207 2583 214 2594 ,
231 2563 270 2598 τῷ
287 2564 356 2599 μήτε
374 2564 424 2599 τὴν
443 2563 529 2599 ζωὴν,
553 2563 621 2598 μήτε
637 2563 682 2590 τὸν
694 2563 809 2591 θάνατον
823 2584 831 2596 ,
853 2564 891 2600 μὴ

93 2609 250 2641 ἐνεστῶτα,
276 2609 314 2645 μὴ
332 2609 480 2645 μέλλοντα,
506 2610 576 2645 μήτε
595 2608 656 2636 τινὰ
680 2610 768 2636 κτίσιν
793 2610 890 2645 ἑτέραν

93 2655 225 2682 δύνασθαι
244 2655 327 2682 αὑτοῦ
343 2655 392 2690 τὴν
407 2654 522 2691 καρδίαν
533 2654 588 2681 ἀπὸ
607 2654 655 2689 τῆς
675 2654 744 2689 πρδς
759 2655 804 2682 τδν
822 2655 890 2682 Θεδν

93 2699 208 2736 ἀγάπης
225 2699 416 2735 παρώσασθαι.
441 2700 520 2727 Οὕτω
536 2700 582 2726 καὶ
609 2700 639 2727 ὲν
663 2700 730 2726 πᾶσι
754 2701 811 2732 τοῖς
828 2701 887 2727 κατ’

93 2745 196 2781 ἀρετὴν
212 2745 287 2781 αὺτῷ
309 2745 500 2781 κεκριμένοις,
514 2745 640 2781 οὐδαμῶς
664 2744 828 2781 καλαμώδης
848 2754 891 2777 τις

91 2790 128 2827 ἦν
152 2791 202 2819 καὶ
218 2791 345 2824 ἀϐέϐαιος
368 2791 417 2827 τὴν
438 2792 578 2825 διάνοιαν,
604 2790 673 2818 ἀλλά
695 2790 738 2817 διὰ
754 2791 862 2818 πάντων
875 2793 890 2819 ὁ

93 2838 153 2874 βίος
169 2836 227 2874 εἶχε
249 2837 281 2865 τὸ
308 2839 337 2865 ὲν
359 2839 415 2870 τοῖς
437 2838 530 2871 καλοῖς
549 2836 754 2874 ἀμετάπτωτον.
776 2837 889 2874 ιιαρρη-

944 2241 1035 2268 deseri
1051 2245 1159 2276 poterat
1178 2241 1213 2268 ab
1227 2240 1261 2268 iis
1283 2240 1329 2276 qui
1343 2240 1477 2278 utilitatis
1492 2240 1578 2276 gratia
1590 2260 1599 2274 ,
1619 2248 1737 2269 consue-

944 2284 1039 2312 tudine
1063 2289 1144 2319 atque
1171 2285 1299 2312 convictu
1335 2285 1397 2320 ejus
1416 2286 1582 2320 utebantur,
1607 2286 1677 2313 adeo
1707 2290 1738 2314 ut

942 2330 1024 2358 etiam
1042 2330 1125 2366 hujus
1145 2335 1279 2365 tempore,
1301 2330 1534 2366 quemadmodum
1556 2331 1583 2359 in
1607 2331 1662 2359 vita
1685 2330 1738 2358 Ba-

942 2378 1085 2413 ptistae,“
1101 2377 1248 2405 solitudine
1257 2378 1325 2406 urbs
1336 2379 1497 2410 efﬁceretur,
1509 2386 1569 2413 quae
1583 2377 1737 2406 conﬂuente

944 2423 1121 2459 muttitudine
1134 2428 1334 2452 coarctaretur.
1351 2424 1430 2458 Quod
1445 2428 1536 2452 autem
1554 2424 1661 2452 arundo
1679 2432 1735 2453 non

943 2473 1028 2502 esset,
1043 2477 1104 2505 quae
1118 2469 1198 2498 facile
1220 2471 1253 2498 ad
1270 2471 1425 2499 contrarias
1448 2472 1591 2507 opiniones
1614 2471 1736 2506 impelle-

942 2519 1030 2549 retur,
1047 2520 1209 2552 argumento
1230 2521 1273 2545 est
1285 2525 1328 2548 ea.
1343 2525 1426 2552 quam
1439 2518 1535 2545 habuit
1553 2517 1581 2545 in
1606 2517 1735 2544 omnibus

942 2563 1040 2595 rebus,
1055 2570 1124 2598 quas
1140 2570 1189 2598 per
1217 2563 1301 2591 vitam
1320 2570 1381 2590 cum
1395 2563 1499 2598 judicio
1522 2563 1692 2597 suscepisset
1708 2566 1736 2589 et
1790 2558 1794 2560 ί

941 2609 1119 2640 instituisset,
1137 2610 1293 2638 constantia
1323 2613 1406 2644 atque
1425 2609 1575 2637 ﬁrmitudo.
1592 2608 1736 2635 Placuerat

942 2654 977 2681 ab
990 2654 1069 2682 initio
1092 2654 1162 2682 nihil
1172 2655 1325 2690 quidquam
1351 2654 1493 2690 possidere
1509 2675 1517 2687 ,
1534 2658 1560 2682 et
1587 2662 1733 2689 pauperem

942 2708 1028 2729 esse:
1058 2705 1188 2736 tanquam
1221 2705 1298 2736 petra
1325 2701 1436 2728 immota
1457 2705 1540 2735 atque
1569 2700 1734 2727 inconcussa

943 2745 1043 2774 stabile
1063 2753 1094 2773 ac
1110 2745 1218 2773 ﬁrmum
1236 2745 1262 2772 id
1284 2745 1418 2781 judicium
1433 2745 1494 2772 fuit.
1512 2744 1735 2780 Concupiscebat

942 2799 991 2826 per
1012 2791 1158 2825 puritatem
1183 2791 1406 2826 appropinquare
1425 2791 1480 2819 Deo
1496 2800 1503 2818 :
1522 2798 1602 2819 mons
1619 2793 1678 2818 erat
1700 2796 1733 2816 ea

945 2836 1092 2874 cupiditas,
1117 2844 1172 2865 non
1185 2836 1302 2865 arundo.
1319 2836 1465 2873 Nunquam
1483 2836 1558 2866 enim
1585 2836 1621 2865 ad
1644 2839 1733 2864 tenta-
