1912 3082
198 123 252 153 εοδ

836 117 864 144 S.
881 114 1044 144 GllEGOllll
1065 114 1213 143 NYSSENI

1792 122 1844 148 Su:

199 183 304 209 tionum
322 180 438 216 spiritus
464 179 595 207 adversos
616 179 788 206 ﬂectebatur.
814 177 901 204 Porro
922 176 990 204 dile-

1046 175 1166 208 σιάζεται
1182 176 1247 211 πρὸς
1262 176 1304 203 τὸν
1323 177 1446 214 Ἡρώδην
1463 179 1605 215 Ἰωάννης,
1619 181 1666 207 καὶ
1681 176 1760 213 οὗτος
1774 182 1844 216 πρὸς

200 228 300 255 ctionis
317 235 381 262 ergo
404 227 488 254 Deum
506 228 577 262 (qua:
594 226 621 252 in
646 225 746 253 Basilio
768 225 831 259 fuit)
860 229 990 252 constan~

201 274 266 301 tiam
281 276 308 300 et
326 272 522 304 ﬁrmitudinem
549 272 625 299 solus
649 271 798 306 Apostolus
816 270 875 298 suis
898 269 990 296 verbis

201 319 356 355 exprimere
385 323 412 346 et
446 318 569 345 indicare
599 321 701 353 posset,
737 320 881 351 propterea
918 315 991 350 quod

203 372 291 400 neque
306 365 371 396 vita,
387 372 475 399 neque
495 371 569 391 mors
582 383 589 396 ,
615 370 704 397 neque
725 361 880 398 prtesentia,
902 368 991 395 neque

203 410 306 442 futura,
327 418 415 445 neque
432 410 484 436 alia
504 409 595 444 aliqua
609 414 735 436 creatura
748 415 763 434 a
781 407 930 434 dilectione
945 406 992 435 Dei

203 464 253 484 cor
266 458 327 491 ejus
339 457 478 484 dimovere
495 460 576 490 atque
593 454 740 482 deturbare
758 457 851 489 posset
867 454 899 480 “.
914 453 991 480 Adeo

203 502 284 530 etiam
303 503 330 529 in
342 501 469 529 omnibus
484 521 492 532 .
507 509 568 536 qua:
582 507 644 527 cum
671 500 772 526 virtute
803 498 969 526 instituisset
984 519 992 532 ,

204 554 237 574 ac
257 547 310 574 sibi
323 546 453 574 sectanda
468 553 529 573 esse
540 545 702 580 judicasset,
717 550 890 579 nequaquam
908 550 992 570 arun-

205 593 304 620 dineus
315 592 439 627 quidam,
461 597 489 619 et
507 591 599 618 animo
621 590 714 617 mobili
735 597 767 616 ac
786 594 878 617 mente
897 589 994 616 incon-

205 639 290 666 stanti
309 643 369 666 erat
385 648 392 666 ε
409 638 456 666 sed
483 645 530 673 per
554 637 644 664 omnia
670 638 725 664 vita
741 635 824 671 (ejus)
852 635 880 662 in
911 634 994 662 rebus

204 685 344 719 praelaris
355 684 538 712 constantiam
552 683 579 711 in
592 691 621 711 se
632 682 751 710 habebat
764 685 790 708 et
805 681 993 709 stabilitatem.

205 730 302 757 Libero
315 734 342 757 et
361 730 477 765 ingenue
498 729 618 764 loquitur
633 728 703 763 apud
716 727 850 754 Herodem
861 726 993 758 Joannes,

205 775 270 802 item
296 775 340 802 hic
355 775 425 810 apud
449 774 599 802 Valentem.
621 774 819 808 Comparemus
835 776 927 800 autent
945 771 994 799 ad-

205 821 321 848 iuvicem
344 821 441 848 horum
467 820 587 846 virorum
622 819 782 854 dignitates.
812 818 861 846 Ille
881 818 992 853 quidem

204 867 291 902 partis
319 866 462 901 cujusdam
479 865 631 894 Palaestina:
661 865 774 892 decreto
802 864 988 892 Romanorum

204 913 368 947 permissum
392 913 445 940 sibi
464 912 646 948 principatum
670 911 786 947 adeptus
816 915 888 943 erat,
908 911 990 946 hujus

204 966 268 985 vero
285 958 389 993 imperii
406 959 538 987 terminus
552 964 611 986 erat
630 963 704 986 totus
719 957 918 994 propemodum
928 965 992 986 cur-

204 1011 252 1031 sus
276 1004 344 1032 solis
362 1011 378 1031 a
403 1003 502 1032 ﬁnibus
526 1003 648 1032 Persidis
670 1003 705 1031 ad
730 1003 877 1031 Britannos
906 1011 993 1039 usque

204 1050 345 1085 pertinens
367 1055 394 1078 et
421 1055 571 1078 extremam
587 1049 688 1078 Oceani
715 1058 803 1077 oram.
825 1051 874 1080 .Ac
893 1050 992 1085 linguae

204 1096 312 1130 quidem
327 1097 439 1124 libertas
453 1097 584 1124 adversus
599 1096 732 1124 Herodem
749 1096 775 1123 id
791 1097 887 1131 agebat
908 1100 992 1132 atque

203 1149 236 1169 eo
244 1142 397 1177 spectabat,
409 1149 443 1169 ne
452 1146 548 1169 contra
562 1141 635 1177 leges
645 1141 690 1168 ille
703 1145 828 1177 peccaret
842 1141 869 1169 in
881 1141 993 1170 mulier-

203 1188 264 1214 cula
270 1186 400 1222 quadam,
407 1187 453 1214 sed
462 1186 648 1222 cupiditatem,
656 1190 748 1222 utpote
757 1187 862 1222 legibus
872 1187 992 1220 vetitam,

205 1233 233 1259 in
251 1241 281 1260 se
299 1237 450 1260 coerceret.
462 1232 496 1259 At
512 1231 644 1260 adversus
659 1231 800 1260 Valentem
818 1232 993 1268 praeceptoris

204 1279 302 1314 lingua:
328 1279 438 1306 libertas
461 1285 585 1313 qrmnam
602 1279 687 1306 erat?
711 1278 747 1306 Ut
771 1278 895 1310 illaesam,
920 1279 994 1306 inta-

201 1329 274 1352 ctam
291 1329 318 1352 et
329 1325 500 1359 impollutam
517 1325 620 1353 sineret
633 1333 694 1353 esse
712 1324 802 1356 Iidem,
815 1325 860 1352 cui
877 1325 900 1352 si
916 1325 992 1352 ﬁeret

203 1371 306 1406 injuria
319 1391 327 1403 ,
344 1372 429 1399 totius
444 1372 520 1399 orbis
543 1377 679 1400 terrarum
694 1372 786 1400 scelus
800 1376 882 1407 atque
895 1373 992 1408 piacu-

203 1418 259 1444 lum
273 1418 428 1445 exsisteret.
449 1418 579 1445 Conferat
599 1418 684 1453 igitur
701 1426 797 1453 aequus
812 1425 904 1445 rerum
920 1417 993 1445 aesti-

202 1467 292 1491 mator
312 1468 338 1491 et
363 1464 548 1499 principatum
567 1471 630 1491 cum
646 1464 801 1499 principatu:
818 1483 826 1496 ,
848 1468 877 1491 et
893 1464 992 1499 linguae

1042 221 1190 249 Οὐάλεντα.
1210 222 1445 259 Ἀντεξετάσωμεν
1460 224 1489 251 δὲ
1509 225 1578 261 πρὸς
1596 225 1698 261 ἄλληλα
1720 226 1778 253 τῶν
1798 227 1844 253 ἀν-

1041 267 1112 302 δρῶν
1125 267 1227 295 τούτων
1241 268 1274 295 τὰ
1290 269 1442 304 ἀξιώματα.
1461 270 1490 296 '0
1511 271 1560 306 μὲν
1585 271 1685 307 μέρους
1697 272 1773 304 τινὸς
1791 272 1843 306 τῆς

1043 313 1224 349 Παλαιστίνης
1243 314 1326 350 ψήφῳ
1345 315 1486 350 Ῥωμαίων
1499 317 1550 352 τὴν
1563 317 1722 344 δυναστείαν
1739 318 1843 353 κεκλή-

1044 367 1123 394 ρωτο·
1137 358 1232 385 τούτου
1248 359 1276 386 δὲ
1300 360 1349 394 τῆς
1364 361 1451 396 ἀρχῆς
1468 362 1530 397 ὄρος
1544 359 1578 398 ἦν
1590 362 1649 394 ὅλος
1665 363 1768 398 μικροῦ
1786 364 1842 390 δεῖν

1041 404 1056 430 ὁ
1069 403 1116 430 τοῦ
1130 403 1206 438 ἡλίου
1226 404 1326 440 δρόμος
1336 427 1343 438 ,
1368 407 1400 433 ἐκ
1419 406 1472 433 τῶν
1494 408 1543 442 τῆς
1556 407 1686 443 Περσίδος
1699 409 1784 444 ὅρων,
1802 410 1841 440 είς

1042 448 1210 484 Βρεττανούς
1226 457 1255 476 τε
1279 450 1326 476 καὶ
1351 450 1385 476 τὰ
1408 450 1510 485 ἔσχατα
1528 450 1576 477 τοῦ
1597 451 1726 478 Ὠκεανοῦ
1747 460 1841 486 παρα-

1042 493 1148 520 τείνων.
1170 494 1224 521 Καὶ
1238 494 1288 529 τῆς
1313 495 1362 530 μὲν
1382 495 1450 531 πρὸς
1472 495 1518 523 τὸν
1536 496 1659 532 Ἡρώδην
1679 497 1842 533 παρρησίας

1042 537 1077 574 ἦν
1101 540 1115 566 ό
1142 540 1260 572 σκοπὸς,
1287 540 1324 576 μὴ
1350 543 1519 577 παρανομεῖν
1537 543 1607 569 κατὰ
1624 543 1737 578 γυναίου
1753 543 1839 575 τινὸς,

1044 585 1112 612 ἀλλά
1129 584 1253 618 κολάζειν
1266 586 1309 621 ἐφ’
1327 586 1424 613 ἑαυτοῦ
1435 587 1484 623 τὴν
1495 588 1654 623 ἐπιθυμίαν,
1667 589 1706 621 ὡς
1720 590 1841 625 ἀπειρηο

1045 631 1130 666 μένην
1147 632 1186 667 τῷ
1209 632 1294 668 νόμῳ.
1311 633 1344 659 Ἰι
1358 632 1388 659 δὲ
1406 633 1474 670 πρὸς
1492 634 1629 661 Οὐάλεντα
1645 634 1692 662 τοῦ
1709 635 1841 662 διδασκά-

1043 677 1090 704 λου
1105 677 1246 713 παρρησία
1269 678 1310 709 τίς
1324 675 1358 714 ἧν
1371 687 1379 710 ς
1396 678 1512 705 ’Λσυλόν
1535 688 1565 706 τε
1579 680 1626 706 καὶ
1640 680 1778 714 ἀμίαντον
1792 680 1843 714 τὴν

1044 723 1137 749 πίστιν
1155 724 1212 758 ὲᾷν,
1232 721 1266 759 ἧς
1288 724 1305 759 ἡ
1321 724 1477 759 παρανομία
1497 725 1587 760 πάσης
1604 725 1654 760 τῆς
1673 726 1841 760 οἰκουμένης

1043 770 1110 805 ἄγος
1133 771 1247 806 ἐγίνετο.
1271 772 1414 799 Ἀντιθέτω
1426 773 1515 799 τοίνυν
1529 774 1544 799 ό
1562 774 1666 806 δίκαιος
1683 774 1740 801 τῶν
1767 784 1839 810 πρα-

1044 817 1157 852 γμάτων
1172 817 1317 854 ἐξεταστὴς
1339 820 1388 854 τήν
1409 827 1439 846 τε
1453 820 1612 848 δυναστείαν
1626 821 1661 856 τῇ
1676 821 1837 857 δυναστείᾳ,

1045 864 1092 891 καὶ
1116 863 1162 890 τὸν
1189 864 1289 891 σκοπὸν
1311 865 1360 900 τῆς
1384 866 1540 901 παρρησίας
1565 866 1668 903 ταύτης
1690 868 1763 904 πρὸς
1790 869 1839 903 τὴν

1042 910 1197 946 παρρησίαν
1215 910 1332 946 ἐκείνην.
1355 911 1427 938 Ἐκεῖ
1437 911 1550 948 μὲνγὰρ
1567 913 1596 939 ἐν
1614 913 1653 948 τῷ
1668 913 1780 949 σώματι
1792 914 1838 941 τοῦ

1048 954 1167 991 Ἡρώδου
1189 956 1220 982 τὸ
1241 956 1307 990 ἄγος
1332 957 1530 992 περιωρίζετοθ
1555 958 1674 986 ἐνταῦθα
1690 959 1721 986 δὲ
1746 959 1839 995 πάσης

1041 997 1076 1036 ἦν
1091 1001 1183 1028 ἀδικία
1194 1000 1245 1036 τῆς
1258 1001 1430 1036 ἀνθρωπίνης
1444 1002 1550 1036 φύσεως
1559 1024 1567 1035 ,
1580 1004 1597 1038 ή
1612 1004 1774 1039 παρανομία
1789 1004 1839 1039 τῆς

1043 1047 1170 1079 πίστεως.
1187 1047 1304 1079 Ἐκεῖνος
1322 1047 1401 1083 μέχρι
1417 1047 1531 1075 θανάτου
1548 1048 1661 1084 ἐμμένει
1676 1050 1711 1084 τῇ
1729 1051 1840 1086 παρρη-

1044 1093 1090 1129 σίᾳ
1101 1102 1108 1109 ·
1126 1094 1174 1121 καὶ
1191 1093 1279 1129 τούτῳ
1306 1094 1392 1130 πέρας
1415 1094 1464 1130 τῆς
1480 1095 1636 1130 παρρησίας
1653 1095 1748 1131 ὲξορία
1764 1096 1838 1130 γίνε-

1042 1147 1087 1166 ται
1098 1159 1106 1171 ,
1120 1139 1197 1167 τοῦτο
1211 1139 1258 1166 τοῦ
1275 1139 1404 1175 βασιλέως
1417 1140 1478 1167 ἀντὶ
1491 1140 1540 1175 τῆς
1555 1140 1731 1168 ὲπιθανατίου
1744 1141 1837 1176 ψήφου

1043 1185 1283 1217 καταδικάσαντος.
1309 1186 1390 1213 Ἀλλὰ
1407 1187 1454 1213 καὶ
1477 1186 1603 1222 Ἰωάννης
1619 1186 1767 1214 ἀποθανὼν
1787 1187 1839 1222 ζῇν

1043 1231 1217 1259 ἑπιστεύετο·
1232 1233 1277 1258 καὶ
1290 1232 1422 1268 Βασιλεὶῳ
1437 1233 1502 1268 παρ’
1519 1232 1608 1259 αὐτῶν
1629 1233 1684 1260 τῶν
1697 1233 1804 1269 ἐχθρῶν
1819 1235 1835 1268 ἡ

1043 1278 1093 1313 τῆς
1106 1273 1214 1313 ἔξορίας
1233 1278 1377 1305 ἀναλύεται
1392 1278 1482 1313 ψῆφος
1491 1298 1499 1310 ,
1513 1278 1589 1304 οὐδὲν
1602 1278 1646 1305 διὰ
1655 1279 1705 1313 τῆς
1718 1278 1838 1313 ἀπειλῆς

1045 1324 1237 1360 μαλακισθέντι
1256 1325 1320 1360 περὶ
1345 1324 1394 1360 τὴν
1410 1324 1543 1352 ἔνστασιν.
1560 1322 1633 1360 Ἆρα
1645 1324 1839 1360 τολμήσαιμεν

1043 1371 1090 1397 καὶ
1105 1370 1151 1396 ἐπὶ
1168 1370 1213 1397 τὸν
1227 1370 1328 1406 ὑψηλὸν
1350 1369 1442 1396 Ὴλίαν
1465 1369 1599 1405 ἀναϐῆναι
1615 1369 1654 1404 τῷ
1678 1370 1751 1404 λόγῳ
1765 1391 1773 1402 ,
1789 1371 1836 1396 καὶ

1042 1415 1127 1447 δεῖξαι
1141 1415 1187 1442 τὸν
1209 1414 1269 1442 καθ’
1286 1415 1361 1450 ἡμᾶς
1384 1414 1544 1441 διδάσκαλον
1569 1415 1637 1450 πρὸς
1652 1416 1702 1450 τὴν
1726 1416 1835 1442 ἐκείνου

1043 1461 1123 1497 χάριν
1137 1460 1176 1496 τῷ
1200 1461 1250 1496 βίῳ
1273 1460 1313 1495 τῷ
1331 1459 1391 1487 καθ’
1412 1460 1507 1487 ἑαυτὸν
1530 1460 1727 1496 όμοιοὺμενον;
1754 1461 1836 1489 Ἀλλὰ

202 1510 335 1538 libertatis
351 1510 433 1544 hujus
459 1511 628 1545 propositum
644 1517 707 1538 cum
731 1511 776 1537 illa
797 1515 938 1544 comparet
955 1511 987 1538 li-

1041 1508 1092 1543 τὴν
1121 1507 1170 1543 μὶν
1194 1507 1241 1533 ὲπὶ
1265 1506 1312 1533 τοῦ
1332 1506 1458 1541 φλογίνον
1481 1506 1603 1542 ἀρματος
1620 1507 1766 1542 διφρείαν,
1787 1508 1836 1534 καὶ

201 1555 317 1582 bertate.
341 1553 408 1582 Nam
425 1555 480 1582 illic
499 1554 609 1589 quidem
635 1562 752 1590 corpore
773 1554 890 1583 Herodis
901 1555 992 1583 scelus

201 1600 482 1628 circumscribcbatur
493 1609 500 1627 :
511 1600 556 1627 hic
571 1607 636 1627 vero
651 1599 764 1627 violatio
779 1599 841 1628 ﬁdei
855 1599 889 1627 ad
904 1600 992 1628 totius

201 1646 327 1674 humana:
342 1650 446 1673 natura:
463 1645 592 1680 injuriam
612 1644 792 1672 redundabat.
805 1645 853 1673 Ille
867 1645 900 1672 ad
914 1652 991 1672 mor-

201 1695 257 1719 tem
282 1698 371 1726 usque
400 1693 557 1726 perseverat
580 1690 607 1717 in
628 1690 752 1718 libertate
778 1691 936 1723 sermonis,
964 1695 992 1718 et

202 1737 267 1765 huic
283 1737 346 1764 ﬁnis
361 1736 459 1770 lingua:
473 1735 607 1762 libertatis
631 1736 758 1763 exsilium
774 1736 884 1764 exsistit
899 1756 907 1768 ,
927 1743 990 1763 eum

201 1783 351 1818 imperator
367 1782 438 1809 hanc
465 1788 572 1816 pmnatn
612 1781 639 1808 in
665 1789 727 1808 cum
756 1782 817 1809 loco
845 1782 993 1809 mortiferae

203 1829 348 1856 sententia:
362 1827 513 1855 statuisset.
528 1826 563 1852 At
576 1827 648 1854 enim
659 1825 781 1855 Joannes
797 1831 860 1862 post
875 1833 991 1856 mortem

202 1874 294 1902 vivere
321 1866 616 1900 credobaturEBasilio
642 1872 707 1899 item
729 1872 763 1900 ab
783 1872 904 1900 inimicis
922 1873 990 1908 ipsis

202 1919 339 1947 sententia
367 1918 456 1946 exsilii
486 1917 654 1944 rescinditur
668 1937 676 1950 ,
690 1925 752 1945 cum
767 1922 880 1954 propter
900 1919 990 1947 minas

202 1965 290 1992 nihilo
304 1963 448 1991 remissior
460 1967 488 1991 et
498 1963 609 1998 segnior
620 1962 710 1990 factus
725 1967 799 1991 esset
811 1964 844 1990 ad
860 1965 992 1993 resisten-

202 2010 278 2037 dum.
297 2009 338 2036 Au
352 2009 435 2036 etiam
448 2007 610 2035 audebimus
627 2007 660 2036 ad
674 2008 818 2035 sublimem
835 2008 921 2037 Etiam
933 2018 991 2038 ser-

202 2063 282 2082 mone
298 2053 446 2082 ascendere
458 2073 466 2086 ,
486 2057 513 2080 et
527 2052 674 2080 ostendere
699 2057 824 2080 nostrum
851 2054 990 2082 doctorem

201 2108 258 2128 sua:
275 2101 337 2127 vitae
363 2100 489 2127 instituto
511 2099 586 2126 illius
607 2098 701 2134 gratiae
718 2099 884 2127 assimilari!
899 2100 992 2128 Enim-

202 2154 268 2174 vero
282 2150 312 2172 ut
331 2146 359 2173 in
381 2145 506 2173 tlalnmeo
529 2152 612 2172 curru
637 2144 730 2172 sedeat
747 2149 830 2180 atque
854 2147 988 2179 vehatur,

201 2196 229 2219 et
245 2192 338 2227 igneos
355 2199 440 2227 equos
461 2192 616 2219 moderetur
626 2211 635 2225 ,
651 2195 678 2219 et
691 2192 794 2219 adeam
815 2197 987 2226 potestatem.

201 2246 263 2274 qua:
279 2245 383 2273 supera:
402 2238 530 2273 praesidet
545 2246 636 2265 rerum
652 2244 768 2272 naturae,
790 2241 966 2275 transmigret
979 2261 988 2274 ,

202 2290 283 2310 nemo
309 2283 426 2318 postulet
451 2282 486 2309 ab
511 2282 630 2310 humana
654 2287 751 2310 natura
783 2284 856 2319 (nam
875 2292 926 2313 nec
945 2286 990 2313 ille

201 2329 312 2364 quidem
330 2329 400 2355 intra
415 2328 546 2356 terminos
569 2333 596 2356 et
619 2330 718 2357 limites
744 2335 849 2358 naturae
872 2339 988 2360 manens

203 2376 305 2402 “laesus
329 2375 356 2401 in
374 2374 428 2410 igni
448 2375 685 2406 conservabatur.
707 2384 768 2404 eum
797 2383 915 2406 terreum
935 2379 988 2406 hoc

203 2420 310 2456 pondus
321 2419 413 2447 divina
428 2420 451 2446 vi
466 2420 499 2446 ad
513 2427 572 2447 eam
590 2421 738 2453 levitatem,
755 2431 815 2456 qua:
828 2423 854 2450 in
871 2424 988 2452 sublime

203 2466 329 2497 ferretur,
340 2464 555 2498 traul‘ormarct),
568 2473 654 2499 neque
665 2467 749 2501 (vero)
761 2469 832 2502 quod
844 2477 894 2496 suo
905 2471 989 2497 verbo

201 2509 285 2535 veluti
303 2508 372 2535 clavi
390 2511 512 2535 uteretur
523 2509 583 2543 ejus
610 2509 747 2538 facultatis
759 2531 766 2542 ,
782 2520 842 2546 qua:
861 2514 894 2541 de
917 2516 988 2542 caelo

202 2555 436 2589 suppeditabatur,
457 2558 484 2581 et
499 2555 626 2589 aperiens
641 2557 752 2592 quando
768 2560 866 2590 vellet.
886 2566 912 2588 et
929 2569 990 2589 rur-

201 2608 249 2628 sus
262 2600 403 2631 claudens.
418 2607 480 2627 cum
495 2600 520 2627 id
547 2601 637 2629 facere
654 2603 824 2632 commodius
837 2613 898 2633 esse
913 2608 986 2635 vide<

1042 1553 1092 1588 τήν
1108 1553 1161 1580 τῶν
1184 1551 1302 1588 πυρίνων
1319 1552 1460 1587 ἡνιόχησιν
1484 1552 1592 1586 ἵππων,
1624 1553 1672 1579 καὶ
1686 1553 1736 1588 τὴν
1765 1554 1836 1588 πρὸς

1041 1599 1072 1625 ἰδ
1089 1598 1285 1634 ὑπερκείμενον
1300 1598 1350 1633 τῆς
1365 1598 1422 1625 ἀνω
1436 1597 1540 1633 λήξεως
1553 1599 1745 1634 μεταχώρησιν
1756 1619 1764 1631 ,
1782 1608 1837 1635 μη-

1041 1645 1098 1676 δεὶς
1121 1644 1271 1671 ἀπαιτεῖ-τω
1292 1644 1342 1680 τὴν
1364 1644 1537 1680 ἀνθρωπίνην
1564 1644 1655 1679 φύσιν.
1679 1645 1749 1672 οὐδὲ
1779 1646 1838 1680 γὰρ

1043 1691 1145 1722 ἐκεῖνος
1169 1691 1198 1717 ὲν
1221 1691 1278 1721 τοῖς
1301 1690 1376 1726 ὅροις
1396 1690 1484 1726 μένων
1505 1690 1557 1725 τῆς
1581 1691 1705 1725 φύσεως,
1723 1691 1837 1727 ἀπαθὴς

1041 1737 1072 1763 ὲν
1087 1736 1126 1772 τῷ
1143 1737 1210 1772 πυρὶ
1231 1736 1391 1769 διεσώζετο,
1418 1736 1485 1772 πρὸς
1507 1736 1538 1763 τὸ
1559 1737 1700 1772 ἀνωςρερές
1727 1745 1760 1763 τε
1786 1739 1836 1764 καὶ

1042 1783 1142 1817 κοῦφον
1158 1782 1219 1818 θείᾳ
1235 1781 1348 1816 δυνάμει
1367 1781 1577 1817 μεταηενάξων
1602 1781 1632 1808 τὸ
1652 1781 1784 1817 ἐμϐριθές
1804 1791 1835 1809 τε

1042 1829 1089 1856 καὶ
1103 1829 1206 1864 γήϊνον,
1225 1827 1287 1864 μήθ’
1297 1828 1339 1854 ὅτι
1355 1827 1399 1854 τὸν
1411 1827 1506 1854 ἑαυτοῦ
1525 1827 1603 1861 λόγον
1617 1824 1672 1853 οἷόν
1683 1835 1744 1855 τινα
1760 1827 1836 1854 κλεῖν

1041 1875 1160 1902 ἐποιεῖτο
1181 1873 1230 1909 τῆς
1258 1873 1287 1906 ἐξ
1311 1873 1426 1908 οὐρανοῦ
1454 1872 1606 1908 χορηγίας,
1631 1872 1716 1904 ἀνιείς
1739 1881 1771 1899 τε
1788 1874 1834 1900 ὅτε

1042 1920 1163 1956 βούλοιτο
1175 1939 1183 1951 .
1200 1919 1248 1947 καὶ
1270 1919 1423 1947 ἀποκλείων
1439 1919 1520 1947 πάλιν
1545 1920 1605 1946 κατ’
1627 1918 1770 1952 ἐξουσίαν,
1786 1919 1834 1946 ὅτε

1041 1966 1120 1993 τοῦτο
1133 1966 1265 2001 πράττειν
1284 1966 1396 2000 ἄμεινον
1408 1965 1487 2000 ῷετο.
1513 1965 1593 1992 Ἀλλὰ
1608 1965 1655 1992 καὶ
1669 1964 1700 1991 τὸ
1722 1966 1764 1997 είς
1780 1972 1835 1992 πο-

1041 2013 1088 2040 λὺν
1107 2012 1187 2039 αὑτὸν
1206 2011 1346 2047 διαρκέσαι
1371 2011 1468 2046 χρόνον
1496 2011 1644 2042 ἀπόσιτον,
1665 2012 1716 2046 μιᾷ
1743 2013 1832 2047 τροφῇ

1040 2057 1087 2084 τοῦ
1106 2057 1253 2092 ὲγκρυφίου
1271 2055 1374 2083 ἐκείνου
1390 2055 1514 2091 όλυρίτου
1535 2056 1564 2081 ὲν
1579 2055 1664 2090 ὁμοίῳ
1681 2056 1732 2090 τὴν
1751 2055 1833 2082 δύνα-

1043 2113 1088 2139 μιν
1101 2103 1183 2130 αὐτοῦ
1195 2102 1360 2134 διασώζοντα
1372 2102 1468 2136 μέχρις
1481 2101 1592 2136 ήμερῶν
1606 2100 1814 2136 τεσσαράκοντα
1825 2110 1832 2117 ·

1043 2148 1181 2185 παρείσθω
1205 2148 1252 2175 καὶ
1274 2148 1352 2174 τοῦτο
1365 2167 1372 2177 ,
1389 2148 1427 2179 ὡς
1443 2147 1534 2182 μεῖζον
1550 2147 1566 2182 ἢ
1583 2147 1654 2174 κατὰ
1675 2147 1831 2182 ἄνθρωπον.

1045 2196 1162 2230 ’Δπορος
1175 2195 1230 2229 γὰρ
1244 2195 1276 2229 τῇ
1290 2193 1449 2230 ἀνθρωπίνῃ
1467 2193 1546 2226 φύσει
1559 2193 1614 2219 τῶν
1629 2193 1699 2228 ὑπὲρ
1715 2193 1798 2228 φύσιν
1815 2195 1832 2228 ή

1039 2242 1165 2277 μίμησις.
1182 2239 1307 2274 Σιγάσθω
1318 2239 1348 2266 δὲ
1369 2239 1438 2275 μετά
1450 2239 1553 2266 τούτων
1564 2240 1578 2266 ὃ
1592 2247 1622 2265 τε
1643 2239 1748 2275 βραχὺς
1761 2242 1831 2267 ἐκεῖ·

1037 2296 1082 2319 νος
1095 2287 1142 2314 τοῦ
1161 2286 1276 2322 ἀλεύρου
1301 2285 1438 2321 κέραμος,
1455 2285 1503 2312 καὶ
1526 2285 1540 2311 ό
1553 2284 1600 2311 τοῦ
1613 2285 1704 2312 ἐλαίου
1720 2287 1831 2322 καμψά-

1038 2341 1104 2368 κης·
1118 2333 1237 2368 διαρκῶν
1261 2331 1391 2365 ἑκάτερος
1407 2330 1475 2365 πρὸς
1491 2330 1540 2363 τὴν
1565 2331 1660 2365 χρείαν
1682 2331 1711 2357 ὲν
1727 2333 1761 2367 τῇ
1782 2334 1831 2367 τῆς

1038 2379 1140 2414 speci}:
1154 2377 1280 2413 χορηγίᾳ..
1296 2377 1343 2403 καὶ
1360 2375 1442 2403 παντὶ
1454 2375 1501 2402 τοῦ
1516 2375 1595 2411 λιμοῦ
1611 2376 1650 2411 τῷ
1662 2376 1753 2412 χρόνῳ
1767 2386 1830 2411 συμ-

1040 2424 1208 2460 παρατείνων
1225 2423 1274 2458 τὴν
1287 2423 1376 2458 χάριν,
1393 2423 1432 2452 είς
1441 2421 1488 2456 ἔτη
1502 2421 1564 2456 τρία
1579 2422 1626 2448 καὶ
1640 2421 1727 2456 μῆνας
1738 2422 1778 2454 ἓξ.
1792 2423 1830 2450 Τὰ

1040 2472 1094 2506 γὰρ
1107 2470 1154 2504 τῆς
1171 2468 1272 2496 ἄνωθεν
1286 2468 1424 2503 ἐνεργείας
1446 2466 1582 2502 θαύματα,
1605 2466 1761 2498 ἰδιάζουσαν
1785 2469 1830 2496 ἐπὶ

1040 2517 1094 2544 τῶν
1108 2517 1195 2551 ἔργων
1209 2515 1264 2550 ἔχει
1277 2514 1326 2550 τὴν
1343 2513 1466 2548 δύναμιν.
1484 2514 1538 2539 Καὶ
1550 2514 1598 2540 οὐκ
1611 2514 1643 2540 ἄν
1655 2523 1696 2545 τις
1712 2515 1831 2548 εὐλόγως

1041 2563 1199 2599 ἀνθρωπίνῃ
1215 2561 1295 2596 φύσει
1313 2561 1363 2592 τὰς
1379 2559 1506 2592 τοιαύτας
1520 2560 1736 2596 θαυματοποιίας
1759 2561 1833 2595 λογί-

1042 2617 1126 2636 σαιτο.

202 2651 287 2672 retur.
309 2645 475 2679 Quinetiam,
492 2646 566 2679 quod
579 2647 611 2673 ad
629 2649 746 2675 multum
763 2650 808 2678 ille
825 2655 933 2687 tempus
953 2655 1073 2683 inediam
1109 2654 1256 2683 toleraret,
1283 2659 1337 2679 uno
1360 2651 1422 2678 cibo
1455 2651 1632 2685 subcinerieii
1661 2652 1738 2679 illius
1767 2652 1832 2679 hor-

201 2693 293 2720 ἀρειεοί
311 2695 390 2728 panis
411 2694 437 2721 in
453 2695 511 2729 pari
529 2695 689 2723 habitudine
706 2697 778 2726 vires
804 2707 870 2727 suas
896 2701 929 2728 ad
961 2702 1143 2738 quadraginta
1168 2707 1256 2735 usque
1280 2700 1339 2726 dies
1363 2706 1532 2727 conservans
1557 2719 1566 2731 .

1605 2701 1832 2734 praetermittzaur

200 2742 283 2769 “iam
303 2742 365 2774 110ον
392 2747 487 2778 utpote.
511 2745 620 2780 majus,
637 2753 719 2780 quam
744 2747 862 2776 humana
895 2750 987 2785 capiat
1019 2755 1129 2778 natura.
1152 2749 1251 2776 Earum
1269 2748 1342 2776 enim
1359 2755 1469 2781 rerum,
1495 2754 1562 2785 _t|u:e
1588 2752 1723 2783 superant
1753 2753 1830 2776 natu-

237 2832 262 2848 “
280 2832 360 2860 Rom.
373 2841 432 2864 vm.
448 2835 493 2862 53.
