1912 3082
106 104 161 132 €05

648 103 682 132 ΙΝ
700 103 842 132 LAUDEM
862 102 1013 132 FRATRIS
1034 104 1166 132 BASlLll.

1672 107 1724 134 806

97 170 168 195 ram,
184 162 301 189 imitatio
313 162 439 189 humanm
458 165 564 189 natura}
579 162 707 197 impedita
731 166 783 189 est.
798 161 913 188 Silentio
934 166 1111 196 praetereatur
1139 164 1203 191 item
1234 172 1295 192 cum
1313 164 1356 192 his
1388 169 1415 193 et
1440 165 1557 201 exiguus
1579 165 1625 193 ille
1656 165 1723 193 fari-

97 216 139 235 nze
159 217 270 241 urceus,
286 213 313 236 ct
327 216 386 240 vas,
409 215 464 243 quo
485 209 575 236 olcqu
592 208 932 241 continebatur:quorum
962 212 1108 243 utrumque
1132 215 1185 237 tam
1199 211 1260 242 hoc,
1277 218 1357 246 quam
1393 211 1449 243 ille,
1483 211 1556 246 quod
1590 211 1624 239 ad
1657 219 1723 245 sup-

97 254 292 288 pcditationcm
310 254 409 281 attinet
425 254 558 285 alimenti,
574 254 608 281 ad
632 255 823 282 necessitatem
857 253 1016 287 sullicicbat,
1040 263 1087 289 per
1112 264 1192 283 omne
1215 261 1322 291 tempus
1342 256 1421 283 famis
1452 257 1613 284 beneﬁcium
1641 257 1721 285 simul

96 308 251 335 prorogans
276 304 303 328 et
323 301 474 328 extendens
494 300 527 327 ad
547 308 633 328 annos
648 304 705 328 tres
724 304 751 327 et
777 307 885 327 menses
904 307 961 327 sex.
981 299 1046 327 Nam
1079 310 1185 337 superae
1208 302 1372 337 operationis
1387 302 1519 330 miracula
1554 303 1720 338 peculiarem

96 348 124 374 in
143 347 272 381 operibus
294 346 349 373 vim
371 347 481 374 habent.
503 346 558 374 Nec
583 351 656 374 recte
678 346 741 382 quis
762 346 899 381 ejusmodi
919 346 1049 374 miriﬁcas
1071 349 1245 382 operationes
1265 348 1446 384 assignaverit
1462 348 1587 376 humana:
1603 353 1719 376 naturae.

131 391 199 418 Τίνα
215 390 260 418 οὖν
277 392 350 419 ἐστιν
364 392 414 418 ὅσα
428 391 476 418 τοῦ
497 391 655 419 διδασκάλου
673 392 749 427 ἡμῶν
764 393 833 428 πρὸς
847 391 882 418 τὰ

968 392 1034 426 Quae
1054 398 1118 420 sunt
1144 394 1226 429 igitur
1240 395 1326 422 nostri
1352 394 1529 429 przeccptoris
1546 394 1627 428 bona,
1659 403 1720 429 quae

95 438 124 463 ἐν
147 437 186 472 τῷ
209 437 335 472 προφήτῃ
362 436 534 472 θεωρούμενα
562 437 611 472 τὴν
638 437 779 464 κοινωνίαν
808 436 884 472 ἐχει;

94 483 179 518 Ζῆλος
189 483 316 514 πίστεως,
328 483 473 518 δυσμένεια
485 482 555 510 κατὰ
563 482 616 509 τῶν
628 482 802 514 ἀθετούντων,
818 483 886 517 ἀγά-

95 537 134 562 πη
144 528 211 563 πρὸς
222 529 267 556 τὸν
278 528 354 559 Θεὸν,
366 529 495 564 ἐπιθυμία
503 528 549 555 τοῦ
559 528 634 560 ὄντος
644 529 726 560 ὅντως
734 529 802 564 πρὸς
810 529 885 556 οὐδὲν

93 575 149 600 τῶν
160 574 260 601 ὑλικῶν
272 574 454 610 ἀπορρέουσα,
466 574 521 609 ζωὴ
531 574 574 601 διὰ
584 575 691 602 πάντων
702 575 883 611 ἐξητασμένη,

95 619 153 654 βίος
170 619 375 655 κατεσκληκώς,
391 620 500 656 βλέμμα
514 622 552 656 τῷ
567 621 635 656 τόνῳ
650 622 698 657 τῆς
714 621 803 656 ψυχῆς
821 630 885 648 συν-

92 666 259 701 τεινόμενον,
281 665 413 701 σεμνότης
438 666 644 702 ἁνεπιτήδευτος
657 675 664 683 ·
691 667 789 703 ἡσυχία
805 666 883 701 λόγου

93 712 287 747 ἐνεργεστέρα,
313 712 423 747 φροντὶς
439 711 570 747 περὶτῶν
585 712 778 748 ἐλπιζομένων,
799 721 884 739 κατα-

93 756 226 791 φρόνησις
245 756 298 782 τῶν
314 756 468 792 ὁρωμένων,
481 757 611 793 ὁμοτιμία
626 758 695 794 πρὸς
710 758 764 785 πᾶν
779 757 810 785 τὸ
824 767 884 792 φαι-

91 801 216 836 νόμενον,
241 801 295 828 εἴτε
307 810 348 834 τις
363 801 416 828 τῶν
430 803 590 839 ὑπερόγκων
604 804 633 830 ἐν
648 803 783 839 ἀξιώματι
796 804 883 840 τύχοι,

92 847 149 874 εἴτε
158 847 212 874 τῶν
225 848 359 875 ταπεινῶν
369 856 399 875 τε
411 848 458 876 καὶ
470 849 684 886 ἀπερριμμένων
695 851 880 886 προφαίνοιτο.

92 893 188 921 Ταῦτά
209 893 267 920 ἐστι
290 893 387 921 καὶτὰ
408 894 536 928 τοιαῦτα,
560 895 589 922 ἐν
603 894 645 927 οἷς
659 897 783 931 μιμεῖται
799 897 814 923 6
834 897 882 924 τοῦ

92 938 253 965 διδασκάλου
272 938 327 974 βίος
343 939 377 965 τὰ
390 939 437 966 τοῦ
462 939 553 966 Ἠλίου
574 939 709 976 θαύματα.
737 941 769 968 El
790 941 819 968 δέ
840 950 883 974 τις

92 984 226 1020 προφέρει
237 983 291 1011 τῶν
306 984 508 1020 τεσσαράκοντα
522 985 632 1021 ἡμερῶν
643 985 692 1021 τὴν
704 986 821 1019 ἀσιτίαν,
835 987 882 1014 καὶ

92 1030 174 1064 ἡμεῖς
186 1030 232 1057 τοῦ
244 1030 402 1057 διδασκάλου
413 1030 463 1066 τὴν
476 1030 520 1058 διὰ
535 1031 636 1063 παντὸς
648 1031 695 1058 τοῦ
714 1031 770 1067 βίου
791 1033 880 1067 ὀλιγο-

93 1075 184 1102 σιτίαν
199 1075 450 1111 ἀντιπροσοίσομεν.
466 1076 615 1108 Γειτνιάζει
629 1076 683 1112 γάρ
700 1086 758 1108 πως
770 1077 808 1112 τῷ
823 1077 882 1104 ἀσί-

91 1130 133 1156 τῳ
147 1121 178 1147 τὸ
193 1121 350 1156 ὁλιγόσιτον,
373 1122 419 1148 καὶ
434 1121 549 1156 μάλιστα
568 1121 631 1149 ὅταν
644 1122 673 1148 τὸ
691 1122 740 1157 μὲν
757 1123 785 1149 ἐν
799 1122 881 1158 ὀλίγῳ

92 1167 208 1202 γένηται
224 1167 322 1203 χρόνῳ,
336 1167 367 1194 τὸ
385 1167 413 1193 δὲ
427 1167 495 1204 πρὸς
510 1167 597 1194 πάντα
608 1167 738 1204 διαρκέσῃ
750 1167 796 1194 τὸν
813 1167 878 1202 βίον.

95 1212 202 1244 Ἀλλως
223 1221 253 1239 τε
275 1213 354 1239 κάκεῖ
377 1213 426 1247 μὲν
445 1213 459 1239 6
474 1212 599 1248 ὀλυρίτης
614 1213 716 1244 ἐκεῖνος
729 1213 881 1248 ἐγκρυφίας

91 1258 230 1293 διεκράτει
257 1258 302 1284 τοῦ
320 1258 458 1293 προφήτου
483 1258 528 1284 τὸν
549 1258 636 1290 τόνον,
653 1258 721 1293 ἔχων
732 1266 759 1284 τι
773 1258 881 1290 πάντως

93 1305 123 1330 ἐν
140 1303 229 1338 ἑαυτῷ
251 1303 380 1334 τοιοῦτον,
400 1300 422 1337 ᾧ
437 1304 607 1338 ωνετηρεῖτο
629 1302 676 1329 τοῦ
698 1311 881 1338 προσενεγκα-

95 1348 179 1384 μένου
197 1349 246 1384 τήν
260 1349 362 1384 τροφὴν
384 1348 485 1384 ταύτην
500 1349 517 1384 ἡ
534 1348 656 1383 δύναμις.
673 1348 826 1384 Τεκμήριον
839 1348 878 1381 δέ,

93 1395 134 1420 ὃτι
158 1393 218 1429 οὖχὶ
240 1393 294 1420 τῶν
316 1394 457 1429 ὁμοφύλων
479 1403 519 1425 τις
544 1394 618 1429 αύτῷ
639 1394 812 1429 σιτοποιήσας
831 1393 880 1430 τὴν

92 1439 196 1476 τροφὴν
207 1439 388 1474 παρεθήκατο,
414 1439 469 1466 ἀλλ’
484 1439 631 1475 ἀγγελικῆς
645 1439 820 1475 παρασκευῆς
836 1440 880 1466 ἐν·

94 1485 227 1521 εφορήθη.
239 1485 319 1511 Ὅθεν
330 1484 402 1520 αὐτῷ
419 1485 524 1520 πλήρης
536 1494 565 1512 τε
582 1485 629 1512 καὶ
642 1485 833 1517 ἀδιάπνευστος
846 1483 881 1521 ῆν

93 1531 110 1565 ἡ
131 1531 176 1557 διὰ
196 1531 244 1566 τῆς
268 1530 371 1565 τροφῆς
397 1530 503 1566 ἐκείνης
524 1531 686 1566 ἐγγινομένη
708 1531 747 1567 τῷ
774 1531 879 1566 σώματι

92 1575 219 1610 δύναμις.
255 1575 387 1602 Ἐνταῦθα
411 1576 439 1602 δὲ
465 1577 540 1603 οὐδὲν
565 1577 805 1612 καινοτομηθείσης
830 1577 880 1611 τῆς

94 1620 251 1655 συνηθείας,
268 1622 365 1657 μέτρον
382 1622 431 1657 τῆς
446 1622 550 1657 τροφῆς
563 1623 577 1648 6
589 1622 716 1658 λογισμὸς
731 1620 775 1657 ἦν,
788 1621 880 1648 τοσοῦ-

94 1673 142 1691 τον
156 1665 283 1701 παρέχων
299 1665 338 1702 τῷ
354 1665 469 1701 σώματι,
485 1667 533 1702 οὐχ
548 1667 609 1694 ὅσον
621 1668 639 1702 ή
650 1667 729 1701 φύσις
744 1666 878 1699 ἐϐούλετο,

93 1711 153 1737 ἀλλ’
168 1711 230 1737 ὅσον
243 1712 257 1737 6
270 1711 318 1746 τῆς
334 1712 493 1747 ἐγκρατείας
508 1712 677 1739 ἐνεκελεύετο
694 1712 785 1747 νόμος.
807 1712 839 1738 Ἦ
851 1712 879 1738 δὲ

95 1755 230 1791 ἱερωσύνη
243 1756 289 1783 τοῦ
301 1756 471 1789 διδασκάλου,
488 1758 609 1792 μιμεῖται
623 1757 657 1785 τὰ
672 1757 721 1792 τῆς
735 1757 882 1793 ἱερωσύνης

94 1801 143 1828 τοῦ
160 1802 298 1837 προφήτου
314 1802 477 1837 αἰνίγματα,
501 1802 545 1829 διὰ
567 1802 614 1829 τοῦ
636 1803 786 1838 τρισσεύειν
801 1803 830 1829 ἐν
843 1802 883 1838 τῷ

93 1847 168 1882 λόγῳ
181 1848 231 1882 τῆς
245 1847 372 1879 πίστεως,
387 1848 417 1874 τὺ
432 1848 555 1883 οὐράνιον
567 1848 621 1884 πῦρ
634 1849 702 1885 πρὸς
714 1848 764 1879 τὰς
779 1849 883 1884 ἱερουρ-

94 1892 160 1926 γίας
178 1892 355 1927 ἐφελκομένη.
382 1892 441 1927 Πῦρ
454 1892 482 1918 δὲ.
498 1892 547 1928 τὴν
563 1892 610 1919 τοῦ
634 1893 710 1927 ἁγίου
727 1893 883 1929 Πνεύματος

94 1938 210 1973 δύναμιν
227 1937 365 1964 καλεῖσθαι
383 1937 501 1973 πολλαχῆ
518 1937 593 1973 παρὰ
611 1938 660 1973 τῆς
673 1938 785 1974 Γραφῆς
799 1938 884 1965 ἐδιδα-

95 1984 213 2019 χθημεν.
232 1983 339 2019 Αΰχμδν
362 1983 389 2010 δὲ
408 1985 458 2019 γῆς
480 1984 494 2010 6
514 1983 670 2016 διδάσκαλος
695 1983 756 2010 οὔτε
778 1983 883 2016 ἔλυσεν,

95 2029 160 2056 οὔτε
178 2030 324 2064 ἐπήγαγεν.
347 2029 420 2055 Ἐκεῖ
433 2028 460 2056 δὲ
480 2030 494 2055 6
515 2029 601 2064 μέγας
615 2030 767 2064 προφήτης,
781 2029 884 2064 πλήξας

96 2076 131 2110 τῇ
150 2074 260 2109 μάστιγι
278 2074 329 2109 τῆς
348 2074 497 2110 ἀνομϐρίας
512 2074 562 2109 τὴν
581 2074 642 2109 γῆν,
658 2075 672 2100 6
688 2074 768 2105 αὐτὸς
779 2074 826 2101 καὶ
843 2074 885 2100 ία-

95 2121 162 2156 τρὸς
177 2120 223 2147 τοῦ
237 2120 394 2156 τραύματος
408 2119 521 2154 γίνεται,
540 2120 688 2155 ἐφάμιλλον
709 2122 742 2156 τῇ
757 2119 884 2155 ἀλγηδόνι

96 2167 148 2201 τῆς
174 2165 303 2200 μάστιγος
327 2165 375 2200 τὴν
392 2166 423 2192 ἐκ
438 2165 487 2200 τῆς
511 2165 658 2200 θεραπείας
679 2165 769 2192 ἄνεσιν
793 2166 884 2197 αὐτοῖς

97 2211 288 2247 χαριζόμενος.
318 2211 347 2237 Εἰ
361 2211 389 2237 δὲ
411 2212 462 2246 χρή
481 2220 508 2236 τι
522 2211 569 2237 καὶ
585 2211 652 2246 πρὸς
667 2210 744 2237 τοῦτο
758 2210 804 2237 τοῦ
823 2210 883 2237 καθ’

97 2257 175 2292 ἡμᾶς
193 2255 283 2282 Ἡλίου
299 2255 389 2290 θαῦμα
402 2256 489 2281 εἰπεῖν
502 2263 509 2270 ’
525 2255 586 2290 θείᾳ
599 2255 722 2290 βουλήσει
734 2255 783 2290 τῆς
796 2255 885 2281 τοιαύ-

96 2311 150 2337 της
163 2301 228 2327 ποτέ
243 2302 383 2335 συμφορᾶς
402 2299 603 2335 ἁπειληθείσης,
626 2300 673 2326 καὶ
689 2299 770 2335 ξηροῦ
785 2299 885 2332 παντὸς

96 2346 146 2372 τοῦ
170 2345 308 2381 χειμερίου
325 2344 419 2381 καιροῦ
437 2345 669 2380 παραδραμόντος,
691 2345 736 2370 καὶ
751 2345 884 2380 μηδεμιᾶς

935 446 996 465 cum
1010 439 1054 471 iis,
1069 447 1130 474 quae
1144 440 1170 466 in
1182 440 1311 475 propheta
1326 444 1486 471 cernuntur,
1497 441 1717 468 communionem

935 489 963 511 et
979 485 1135 512 societatem
1150 485 1289 512 habeant?
1302 486 1385 512 Amor
1398 489 1424 513 et
1436 486 1556 513 studium
1571 485 1718 514 vehemens

934 537 998 565 erga
1013 530 1106 562 ﬁdem,
1120 531 1212 558 odium
1228 531 1359 559 adversus
1379 536 1557 565 aspernantes
1573 535 1600 558 et
1624 539 1719 566 repro-

935 577 1041 608 bantes,
1058 577 1168 605 dilectio
1181 584 1243 612 erga
1261 577 1354 608 Deum,
1373 577 1492 604 studium
1512 581 1539 604 et
1551 576 1718 604 desiderium

934 622 1004 657 ejus,
1020 623 1066 657 qui
1082 630 1144 650 vere
1154 626 1235 657 atque
1255 622 1343 657 reipsa
1359 627 1410 653 est,
1426 623 1459 649 ad
1474 623 1575 649 nullam
1590 629 1646 649 rem
1661 629 1719 648 ma-

934 668 1055 694 terialem
1071 667 1183 694 eﬂluens
1200 671 1280 702 atque
1301 667 1463 700 deﬂectens;
1481 667 1535 694 vita
1559 674 1607 701 per
1626 667 1717 694 omnia

933 717 1029 740 exacta
1044 717 1126 747 atque
1139 713 1285 747 exquisita,
1300 713 1390 740 victus
1407 712 1510 745 aridus,
1532 713 1605 740 acies
1621 712 1718 739 oculo-

934 766 993 785 rum
1012 763 1039 785 et
1066 758 1177 786 obtutus
1191 758 1288 786 anima:
1313 759 1398 793 vigori
1427 765 1485 793 par,
1512 758 1631 793 gravitas
1663 766 1717 784 non

933 804 1067 835 aﬂ'ectata,
1085 803 1221 831 silentium
1245 811 1370 830 sermone
1383 802 1528 834 eﬂieacius,
1545 810 1611 830 cura
1636 808 1718 837 atque

932 849 1123 883 contemplatio
1139 857 1230 876 rerum
1245 857 1337 876 earum
1351 857 1411 884 qua:
1424 854 1579 884 sperantur,
1596 853 1718 876 conteru-

932 897 995 928 ptus
1008 900 1102 920 earum
1126 901 1187 928 quae
1203 893 1339 924 videntur,
1368 901 1429 920 cum
1457 893 1584 928 quisquis
1609 893 1718 920 oblatus

932 942 1014 970 esset,
1029 937 1087 966 sive
1106 938 1132 965 in
1150 938 1291 966 excellenti
1306 938 1438 973 dignitate
1455 937 1523 965 forte
1536 938 1715 968 constitutus.

932 984 989 1012 sive
1001 992 1034 1012 ex
1050 984 1199 1012 humilibus
1210 991 1237 1012 et
1251 984 1365 1018 abjectis
1379 991 1439 1012 esse
1452 989 1605 1019 appareret,
1621 983 1716 1011 eadem

932 1030 1087 1064 dignatione
1101 1031 1248 1065 exciperet,
1272 1035 1300 1057 et
1317 1030 1343 1057 in
1358 1030 1452 1057 eodem
1476 1030 1579 1057 honore
1593 1030 1715 1057 haberet.

935 1075 997 1102 llaec
1012 1080 1038 1102 et
1057 1075 1192 1110 ejusmodi
1207 1079 1281 1108 sunt,
1306 1075 1333 1102 in
1353 1075 1453 1110 quibus
1474 1075 1647 1110 praeceptoris
1662 1075 1718 1102 vita

934 1121 1065 1148 miracula
1081 1121 1147 1148 Elim
1167 1121 1298 1148 imitatur.
1316 1119 1394 1153 Quod
1410 1120 1432 1148 si
1447 1120 1510 1155 quis
1532 1119 1635 1155 profert
1650 1127 1718 1155 qua-

933 1165 1057 1200 draginta
1070 1165 1174 1192 dierum
1188 1165 1318 1197 inediam,
1334 1169 1361 1192 et
1376 1173 1427 1193 nos
1443 1172 1490 1200 per
1507 1173 1615 1192 omnem
1632 1165 1716 1192 vitam

933 1210 1056 1244 magistri
1084 1210 1110 1237 in
1133 1210 1195 1238 cibo
1210 1209 1407 1245 pareimoniam
1425 1214 1522 1237 contra
1551 1210 1577 1237 iu
1598 1210 1718 1238 medium

933 1255 1087 1283 aﬂ’ercmus.
1105 1255 1201 1284 Vicina
1230 1256 1302 1284 enim
1329 1255 1530 1290 quodammodo
1552 1260 1594 1284 est
1621 1256 1717 1284 inedize

933 1301 986 1328 cibi
1012 1301 1146 1336 exiguitas
1168 1307 1197 1329 et
1219 1302 1388 1337 parcimonia
1405 1302 1504 1333 victus,
1537 1308 1569 1328 ac
1588 1301 1717 1332 maxime,

933 1355 994 1375 cum
1012 1347 1076 1374 illud
1091 1347 1199 1383 quidem
1220 1348 1317 1383 exiguo
1339 1353 1458 1383 tempore
1475 1347 1576 1374 factum
1591 1348 1637 1379 sit,
1665 1347 1718 1374 hoc

932 1401 997 1420 vero
1017 1401 1065 1428 per
1087 1401 1194 1421 omnem
1217 1394 1300 1421 vitam
1315 1393 1465 1421 duraverit.
1478 1393 1611 1421 Prmterea
1635 1394 1717 1420 ctiam

933 1439 989 1466 illic
1014 1438 1123 1473 quidem
1149 1438 1318 1466 hordeaceus
1335 1438 1380 1466 ille
1408 1439 1611 1467 subcinericius
1638 1439 1719 1474 panis

933 1484 1071 1519 propheta!
1087 1483 1206 1519 vigorem
1233 1488 1259 1512 et
1272 1484 1344 1512 vires
1369 1484 1559 1516 conservabat,
1583 1492 1617 1512 eo
1643 1485 1716 1520 quod

933 1537 1046 1565 prorsus
1061 1529 1163 1564 aliquid
1179 1529 1313 1564 ejusmodi
1329 1530 1356 1557 in
1371 1537 1431 1558 sese
1448 1529 1569 1561 haberet,
1586 1537 1640 1565 quo
1656 1531 1718 1565 qui-

932 1582 1040 1610 cunque
1055 1575 1146 1602 cibum
1163 1575 1236 1602 hunc
1253 1575 1424 1610 sumpsisset,
1438 1575 1511 1603 vires
1527 1574 1587 1610 ejus
1603 1583 1718 1603 conser-

932 1624 1071 1648 varentur.
1089 1621 1173 1654 Cujus
1196 1620 1235 1648 rei
1260 1624 1448 1656 argumentum
1474 1624 1529 1653 est,
1559 1621 1631 1656 quod
1662 1629 1718 1648 non

933 1667 1104 1700 popularium
1125 1666 1224 1700 aliquis
1246 1666 1270 1693 ei
1291 1673 1387 1701 panem
1413 1666 1566 1694 confectum
1591 1674 1639 1702 pro
1655 1667 1719 1695 cibo

933 1714 1105 1743 opposuerat,
1120 1709 1167 1737 sed
1182 1710 1217 1737 ab
1232 1710 1335 1745 angelis
1349 1715 1446 1745 parato
1461 1711 1524 1738 cibo
1537 1711 1651 1740 satiatus
1663 1717 1716 1741 est.

933 1755 1011 1783 Unde
1028 1755 1109 1782 etiam
1131 1755 1216 1790 plena;
1231 1759 1311 1790 atque
1326 1755 1436 1791 integrae
1447 1756 1601 1789 manebant,
1623 1761 1649 1784 et
1663 1766 1716 1785 non

931 1800 1076 1827 eﬂluebant
1096 1804 1176 1836 atque
1198 1800 1373 1835 exspirabant
1386 1808 1434 1833 em,
1451 1809 1511 1836 quae
1522 1809 1569 1837 per
1585 1803 1660 1830 illum
1676 1803 1718 1830 ci-

932 1847 996 1874 bum
1014 1849 1122 1881 corpori
1149 1846 1220 1874 vires
1246 1847 1479 1882 ingenerarentur.
1502 1847 1551 1875 llic
1565 1855 1630 1876 vero
1653 1856 1717 1876 cum

932 1891 999 1918 nihil
1013 1890 1047 1919 de
1059 1891 1198 1918 consuetis
1214 1891 1391 1919 innovaretur
1409 1896 1436 1919 et
1449 1893 1650 1924 immutaretur,
1671 1900 1713 1920 ης

932 1936 971 1962 tio
991 1936 1080 1963 cibum
1102 1937 1301 1970 moderabatur,
1328 1942 1432 1965 tantum
1449 1939 1556 1973 corpori
1582 1939 1716 1974 prmbcns,

932 1989 986 2008 non
1004 1985 1134 2016 quantum
1162 1987 1259 2009 natura
1275 1983 1365 2016 vellet,
1388 1983 1435 2011 sed
1459 1987 1592 2018 quantum
1614 1989 1718 2020 tempe-

934 2028 1029 2054 rantia:
1044 2028 1086 2054 lex
1099 2027 1216 2062 iuberet.
1234 2027 1319 2055 Porro
1343 2029 1524 2056 sacerdotium
1542 2031 1718 2065 praeceptoris

933 2072 1071 2108 propheta:
1095 2073 1240 2100 sacerdotii
1265 2074 1407 2108 aenigmata
1428 2075 1560 2107 imitatur,
1589 2083 1637 2110 per
1663 2075 1716 2103 hoc

933 2118 1004 2153 quod
1020 2122 1075 2146 tres
1090 2126 1219 2153 personas
1231 2119 1258 2145 in
1273 2119 1376 2146 ratione
1390 2119 1450 2146 lidci
1467 2119 1560 2152 tradit,
1573 2117 1717 2148 caelestem

934 2164 1023 2199 ignem
1041 2164 1074 2190 ad
1102 2164 1234 2192 sacriﬁcia
1261 2164 1382 2192 eiiciens.
1400 2164 1488 2200 Ignem
1515 2169 1604 2193 autem
1629 2166 1716 2194 sancti

935 2209 1052 2244 Spiritus
1068 2209 1194 2237 virtutem
1212 2210 1301 2236 vocari
1325 2209 1351 2236 iu
1375 2210 1467 2237 multis
1482 2209 1630 2245 Scriptura:
1649 2212 1718 2239 locis

934 2255 1091 2283 didicimus.
1111 2254 1255 2282 Urcdinem
1279 2263 1343 2282 vero
1359 2259 1440 2290 atque
1464 2255 1612 2284 siccitatem
1639 2263 1718 2284 terrm

934 2301 1063 2335 magister
1077 2308 1165 2335 neque
1181 2300 1301 2331 sustulit,
1318 2307 1404 2335 neque
1422 2300 1539 2327 induxit.
1552 2301 1609 2327 Illic
1627 2306 1717 2328 alitem

935 2354 1048 2380 magnus
1077 2345 1207 2381 propheta
1234 2353 1294 2372 cum
1321 2346 1448 2372 imbrium
1472 2347 1593 2380 penuriae
1614 2347 1719 2382 ﬂagello

97 2391 215 2427 καρπῶν
229 2390 446 2426 ὑποφαινομένης
461 2391 564 2422 ἐλπίδος
577 2399 584 2407 ·
601 2390 660 2416 τότε
676 2390 836 2425 προσπεσὼν
846 2390 883 2425 τῷ

937 2396 1037 2419 terram
1052 2392 1233 2422 verberasset,
1260 2392 1317 2426 ipse
1333 2399 1441 2426 quoque
1456 2393 1577 2420 medicus
1599 2393 1719 2421 vulneris

97 2436 160 2470 θεῷ
176 2437 190 2462 ὁ
211 2435 388 2467 διδάσκαλος,
415 2435 494 2470 μέχρι
518 2435 569 2470 τῆς
592 2435 708 2470 ἀπειλῆς
729 2435 776 2461 τὸν
804 2435 884 2469 φόϐον

98 2482 224 2516 ἔστησεν,
242 2481 329 2512 λιταῖς
348 2481 377 2507 τὺ
388 2480 463 2507 Θεῖον
479 2480 669 2515 ξλεωσάμενος,
685 2480 731 2507 καὶ
745 2481 827 2512 λύσας
842 2480 885 2507 διὰ

97 2526 260 2562 προσευχῶν
275 2525 324 2560 τὴν
340 2526 389 2560 τῆς
404 2526 555 2561 ἀνομῦρίας
568 2527 727 2561 κατήφειαν.
745 2526 825 2552 Ἀλλὰ
838 2526 886 2553 καὶ

97 2573 150 2608 τῆς
176 2573 223 2598 τοῦ
244 2571 323 2606 λιμοῦ
348 2571 534 2606 παραμυθίας,
551 2572 584 2606 ἣν
601 2572 646 2598 ἐπὶ
660 2572 724 2607 μιᾶς
738 2571 886 2604 ἐνεδείξατο

97 2619 188 2654 χήρας
203 2617 216 2643 6
235 2617 320 2651 μέγας
343 2616 444 2648 Ἠλίας,
460 2617 515 2650 ἔχει
532 2626 557 2643 τι
577 2618 625 2644 καὶ
640 2617 655 2644 ό
667 2617 728 2644 καθ’
740 2618 815 2653 ἡμᾶς
831 2617 886 2652 βίος

98 2663 147 2689 ἐπὶ
163 2661 209 2688 τοῦ
224 2660 383 2688 διδασκάλου
397 2661 532 2696 ὁμοίωμα.
550 2661 637 2697 Λιμοῦ
655 2662 708 2696 γάρ
725 2670 789 2687 ποτε
810 2661 889 2696 χαλε-

99 2707 154 2734 ποῦ
175 2705 389 2737 καταπονοῦντος
407 2706 492 2741 αὑτήν
504 2715 534 2732 τε
549 2707 599 2742 τὴν
615 2707 690 2733 πόλιν
705 2707 734 2732 ἐν
782 2705 889 2732 διαιτώ-

102 2761 183 2788 μενος
201 2751 364 2785 ἐτύγχανεν,
390 2752 437 2777 καὶ
459 2752 550 2778 πᾶσαν
572 2753 621 2786 τὴν
648 2752 828 2778 ύποτελοῦσαν
854 2752 888 2786 τῇ

101 2798 179 2825 πόλει
204 2796 306 2832 χώραν⁷
328 2796 376 2827 τὰς
398 2796 493 2823 ἑαυτοῦ
517 2797 626 2832 κτήσεις
647 2797 821 2832 ἀποδόμενος,
843 2797 889 2823 καὶ

935 2439 1052 2469 exsistit.
1073 2438 1205 2465 cruciatui
1231 2438 1325 2473 ﬂagelli
1347 2446 1396 2473 par
1419 2442 1445 2465 et
1467 2439 1644 2477 :cquipoilcns
1667 2440 1720 2465 lar-

936 2483 1011 2517 giens
1025 2483 1065 2509 eis
1085 2483 1237 2509 curationis
1261 2483 1381 2510 levamen
1409 2487 1490 2517 atque
1511 2484 1717 2518 mitigatioucm.

937 2528 1013 2561 Quod
1040 2529 1061 2555 si
1089 2529 1169 2555 etiam
1193 2527 1325 2555 adversus
1342 2528 1393 2555 hoc
1421 2529 1507 2555 nostri
1524 2528 1587 2555 Elia:
1611 2529 1719 2562 aliquod

937 2572 1098 2598 miraculum
1113 2571 1234 2606 proferre
1257 2576 1374 2606 oportet.
1398 2581 1458 2599 cum
1479 2573 1568 2599 divina
1582 2573 1720 2599 voluntate

937 2618 1069 2652 ejusmodi
1084 2618 1225 2644 calamitas
1240 2618 1386 2652 aliquando
1399 2619 1459 2644 caeli
1477 2619 1557 2645 minis
1570 2619 1720 2652 signiﬁcata

937 2664 1091 2690 immineret
1118 2663 1235 2698 (quippe
1259 2668 1344 2691 totum
1370 2667 1478 2698 tempus
1504 2664 1645 2690 hibernum
1673 2672 1721 2698 per

936 2707 1085 2734 siccitatem
1103 2708 1282 2741 prmtcrierat)
1299 2712 1325 2735 et
1349 2707 1422 2733 nulla
1441 2714 1503 2741 spes
1518 2707 1623 2742 frugum
1638 2715 1722 2742 appa~

937 2755 1018 2783 reret,
1036 2756 1100 2779 tunc
1124 2753 1253 2787 magister
1278 2753 1332 2780 Deo
1354 2752 1511 2786 supplicans
1535 2753 1605 2779 ultra
1633 2753 1721 2780 minas

937 2801 1067 2826 terrorem
1094 2798 1218 2833 progredi
1246 2805 1345 2832 passus
1360 2805 1414 2824 non
1438 2803 1490 2830 est,
1515 2805 1576 2825 cum
1595 2798 1722 2832 precibus
