1912 3082
195 121 248 150 807

847 119 877 149 S.
898 119 1062 149 GREGORII
1078 121 1227 150 NYSSENI

1778 119 1832 147 80$

195 179 318 209 divinum
337 185 435 205 numen
454 178 600 213 placasset,
625 181 652 205 et
667 184 716 212 per
729 177 869 205 orationes
884 185 983 206 mcero-

1038 180 1078 211 είς
1090 180 1193 215 τροφὰς
1213 178 1359 214 διαμείψας
1371 178 1407 206 τὰ
1422 179 1561 215 χρήματα.
1585 179 1630 206 ὅτε
1652 186 1768 205 σπανιον
1784 174 1821 212 ἦν

196 233 265 256 rem.
292 225 339 259 qui
371 229 481 259 propter
508 223 636 250 imbrium
666 223 808 258 penuriam
831 223 988 259 (homines)

197 271 347 302 invaserat,
375 269 540 296 sustulisset.
567 267 722 302 Quinetiam
747 268 944 298 consolationis
961 273 989 296 et

198 315 341 343 lcvamiuis
357 315 384 342 in
400 315 480 347 fame,
495 314 568 350 quod
585 316 610 341 in
626 322 679 341 una
692 313 773 341 vidua
790 322 904 350 magnus
918 322 988 350 prie-

198 360 268 387 stitit
283 359 366 391 Elias,
391 359 473 387 habet
489 359 571 386 etiam
589 362 684 386 nostra
696 362 762 386 aetas
776 359 895 395 aliquam
910 360 988 387 simi-

199 405 340 432 iitudinem
363 404 390 431 in
411 403 553 438 magistro.
569 402 635 430 Nam
651 411 713 430 cum
730 403 817 431 fames
838 404 987 439 aliquando

199 451 291 485 gravis
302 455 329 478 et
344 458 414 478 saeva
433 454 487 476 tam
503 450 588 485 ipsam
603 449 709 481 urbem.
727 449 754 476 in
769 457 821 484 qua
836 449 985 482 habitabat,

201 503 280 529 quam
297 503 405 522 omnem
423 495 523 530 ubique
538 495 674 522 subditam
691 495 826 530 regionem
846 494 984 531 amiserct,

199 542 316 570 ven-litis
335 543 392 570 suis
408 542 516 576 pmdiis
534 545 560 568 et
584 541 817 576 possessionibus,
843 547 923 576 atque
939 549 986 576 pe-

198 587 288 613 cuniis
316 587 343 613 in
365 587 492 613 alimenta
519 585 672 618 cenversis,
698 593 760 613 cum
788 586 870 614 etiam
891 594 984 613 rarum

201 636 284 664 esset,
299 636 329 658 ut
340 632 389 665 illi,
405 632 450 667 qui
466 632 543 659 valde
555 632 606 659 sibi
623 631 805 667 providissent
816 634 841 659 et
860 631 985 659 instructi

1037 222 1085 249 καὶ
1100 223 1165 254 τοὺς
1187 223 1289 258 σςεόδρα
1309 224 1585 259 παρεσκευασμένους
1605 222 1745 259 τράπεζαν
1764 221 1815 248 έαυ

1036 269 1092 299 τοῖς
1108 268 1346 303 παραστήσασθαι,
1362 269 1505 304 διήρκεσεν
1522 269 1625 300 ἐκεῖνος
1646 268 1675 294 ἐν
1691 267 1775 294 παντὶ
1791 266 1830 302 τῷ

1037 312 1124 347 χρόνῳ
1136 311 1182 338 τοῦ
1205 311 1285 347 λιμοῦ
1300 312 1419 348 τρέφων,
1443 312 1506 344 τούς
1518 321 1548 339 τε
1571 312 1740 347 πανταχόθεν
1761 312 1816 347 συῤ

1038 358 1159 393 ῥέοντας.
1178 357 1224 384 καὶ
1239 357 1289 393 τὴν
1307 357 1415 385 νεολέαν
1435 357 1534 390 παντὸς
1550 357 1596 384 τοῦ
1612 356 1700 392 δήμου
1714 356 1766 391 τῆς
1778 355 1830 383 πό-

1037 403 1116 435 λεως.
1138 403 1176 434 ὡς
1191 403 1238 430 καὶ
1252 404 1309 435 τοῖς
1322 403 1377 429 τῶν
1397 403 1531 430 Ἰουδαίων
1547 403 1640 429 παισὶν
1662 403 1694 429 ὲκ
1707 402 1754 429 τοῦ
1769 401 1829 428 ἴσον

1038 449 1195 484 προτιθέναι
1208 449 1257 484 τῆς
1273 449 1476 485 φιλανθρωπίας
1490 449 1593 484 ταύτης
1605 449 1654 484 τὴν
1670 449 1828 484 μετουσίαν.

1038 494 1165 529 Διαφέρει
1175 494 1203 520 δὲ
1219 495 1326 525 πάντως
1337 494 1423 526 οὐδὲν,
1436 493 1454 528 ἢ
1467 493 1511 520 διὰ
1527 493 1673 528 καμψάκου
1687 493 1737 528 τὴν
1752 491 1821 518 θείαι

1038 539 1158 574 ἐντολὴν,
1174 539 1191 574 ἢ
1205 539 1249 566 διά
1261 547 1333 571 τινος
1346 539 1428 574 ἄλλης
1442 538 1569 574 ἀφορμῆς
1582 538 1771 574 ἐκπληρῶσαι.
1796 538 1828 563 Ῥ

1038 584 1092 619 γὰρ
1104 584 1264 620 παραμυθία
1274 583 1328 611 τῶν
1339 584 1472 619 δεομένων
1484 584 1515 610 οὐ
1529 583 1604 619 ζητεῖ
1615 584 1646 610 τὸ
1655 583 1749 614 πόθεν,
1760 582 1829 611 an

1041 630 1108 666 πρὸς
1119 630 1150 656 τδ
1164 630 1303 666 γινόμενον
1317 630 1419 665 βλέπει,

199 684 303 711 essent,
318 687 349 707 ea
360 687 420 714 quas
435 678 469 706 ad
485 686 608 706 mensam
622 682 649 706 et
663 679 764 705 victum
792 679 938 713 pertinent.
961 677 1013 705 sibi
1044 677 1179 705 coniicere
1205 682 1232 705 et
1251 677 1425 712 suppeditare
1452 681 1574 712 possent.
1601 677 1647 705 ille
1671 684 1720 713 per
1748 682 1827 704 nmm

199 730 308 760 tempus
333 725 424 757 faunis,
451 732 513 752 cum
532 732 579 752 eos
597 725 643 759 qui
671 725 791 760 undique
806 723 985 757 conﬂuerent,
1005 728 1062 751 tum
1086 724 1257 758 juventutem
1273 724 1358 751 totius
1387 724 1499 751 urbana:
1518 725 1604 760 plebis
1628 725 1702 751 alere
1735 731 1830 758 perse-

199 773 315 804 veravit,
355 772 424 799 adeo
453 776 481 798 ut
511 773 592 799 etiam
616 770 773 798 Judworum
801 771 902 799 liberos
928 770 1010 806 hujus
1027 771 1203 807 benignitatis
1229 775 1256 799 et
1272 770 1444 798 liberalitatis
1463 778 1496 798 ex
1516 779 1594 806 aequo
1610 770 1759 805 participes
1790 770 1816 796 fa

199 823 284 846 ceret.
297 818 368 845 Nihil
385 823 475 845 autem
492 825 606 853 prorsus
617 818 742 850 interest,
764 821 856 844 utrum
876 824 924 852 per
939 823 986 843 vas
1005 816 1137 844 olearium
1151 817 1224 852 quis,
1251 824 1286 844 an
1307 824 1356 852 per
1379 816 1497 851 aliquam
1515 816 1596 843 aliam
1627 816 1772 843 materiam
1803 821 1828 843 et

199 866 371 893 Occasionem
394 865 514 892 divinum
531 864 687 892 mandatum
708 867 884 900 exsequatur.
897 863 1054 892 Consolatio
1086 864 1158 892 enitn
1181 864 1360 900 indigentium
1385 871 1439 890 non
1471 864 1567 898 qurerit
1596 863 1668 890 unde
1688 862 1830 898 (sumas).

201 912 248 939 sed
264 912 297 939 ad
315 912 353 943 id,
370 911 441 946 quod
460 912 498 943 iit,
514 915 631 947 spectat.

237 957 313 989 Quod
328 958 349 984 si
370 943 495 984 sublimis
511 943 607 991 raptus
626 960 668 984 est
683 955 767 988 Elias.
781 955 906 983 mirabile
925 954 983 991 qui-

1071 954 1102 980 Et
1118 953 1145 980 δὲ
1158 952 1302 989 ἀνωφερὴς
1320 954 1334 980 ὁ
1356 951 1445 984 Ἦλίας
1467 951 1584 986 ἐγένετο,
1603 943 1761 994 θαυμαστὸν
1781 952 1826 986 μὲν.

199 999 260 1026 dcm
277 1003 318 1024 est
332 998 412 1025 etiam
429 998 480 1025 hoc
494 1002 521 1025 et
536 998 624 1032 majus
643 998 815 1029 miraculum,
830 1005 911 1033 quam
924 997 985 1032 quis

200 1045 242 1071 vel
261 1044 384 1070 oratione
402 1044 549 1078 explicare.
574 1044 615 1071 vel
631 1044 736 1071 ratione
762 1044 870 1079 assequi
887 1043 983 1079 possit.

199 1089 391 1116 Verumtamen
405 1096 455 1116 nec
468 1089 552 1116 altera
567 1089 706 1124 (quidem)
722 1089 827 1124 species
841 1089 873 1116 ad
887 1095 985 1123 supera

199 1142 298 1162 cursus
325 1135 490 1168 repudianda
520 1138 601 1169 atque
623 1135 820 1162 contemnenda
835 1140 897 1162 est:
922 1141 983 1160 cum

199 1180 262 1214 quis
280 1188 327 1215 per
350 1180 477 1215 spiritum
495 1170 642 1208 virtuti-bus
666 1189 715 1215 pro
732 1189 815 1208 curru
831 1189 907 1211 usus.
937 1189 986 1216 per

200 1225 315 1252 sublime
327 1225 388 1252 vita:
403 1225 558 1252 institutum
572 1234 588 1253 e
600 1230 670 1253 terra
685 1226 826 1262 (sursum)
844 1227 872 1257 in
886 1228 984 1254 celum

201 1270 308 1304 migrat.
326 1269 404 1303 Quod
430 1271 523 1306 utique
550 1272 710 1306 magistrum
734 1279 891 1302 assecutum
913 1280 984 1305 csse,

198 1316 356 1351 quicunque
385 1324 475 1344 rerum
507 1318 540 1344 ab
566 1326 598 1345 co
620 1323 758 1353 gestarum
783 1327 878 1355 aequus
904 1319 986 1348 fuerit

198 1361 359 1394 mstimator,
379 1370 433 1389 non
447 1364 566 1398 negabit.
584 1364 624 1390 An
638 1365 718 1391 etiam
731 1365 862 1394 adversus
874 1366 986 1394 Samus»

200 1407 251 1433 lem
268 1407 390 1434 oratione
409 1407 564 1436 audendum
578 1409 642 1437 est?
657 1409 728 1438 Sane
744 1411 771 1438 in
787 1410 848 1438 aliis
859 1411 985 1440 omnibus

200 1451 303 1486 primas
325 1453 463 1487 prophetae
480 1458 571 1488 partes
585 1454 775 1488 concedentes,
799 1464 860 1483 Clllll
879 1456 985 1484 duobus

199 1496 374 1530 quihusdam,
399 1505 460 1532 qua:
482 1499 515 1525 de
541 1499 586 1525 illo
601 1499 740 1531 dicuntur,
759 1501 841 1528 etiam
867 1509 898 1528 ea
926 1509 986 1536 qme

199 1542 273 1570 ritca
285 1543 444 1577 magistrum
466 1548 590 1571 nostrum
616 1549 704 1577 erant,
727 1546 873 1574 convenire
889 1550 984 1573 osten-

199 1587 305 1614 demus.
325 1588 459 1616 Divinitus
483 1590 546 1616 data
577 1595 660 1625 atque
683 1598 815 1619 concessa
842 1592 985 1627 utriusque

200 1634 328 1661 nativitas
349 1639 417 1662 erat.
447 1635 484 1663 Ut
509 1636 582 1663 enim
615 1637 695 1664 illum'
713 1641 808 1669 mater,
839 1638 876 1664 ita
902 1639 985 1666 etiam

200 1679 272 1706 hunc
291 1683 368 1714 pater
387 1687 402 1707 a
419 1680 474 1708 Deo
486 1683 603 1716 petitum
632 1684 795 1717 procreavit.
811 1682 934 1718 Cumque
948 1684 985 1712 le-

199 1725 247 1752 tali
265 1726 361 1752 morbo
376 1727 514 1760 quondam
528 1732 671 1763 correptus
683 1733 756 1756 esset
771 1729 853 1756 etiam
869 1738 940 1757 nunc
957 1729 984 1757 iu

199 1774 279 1798 atate
294 1770 419 1805 Juvenili,
437 1779 485 1806 per
503 1773 635 1800 visionem
660 1774 686 1801 in
703 1774 807 1801 somnis
825 1779 901 1810 pater
917 1775 986 1802 vidit

200 1814 356 1848 Dominum,
371 1816 418 1851 qui
434 1817 460 1843 in
476 1817 624 1852 Evangelia
636 1819 731 1854 regqu
747 1819 785 1846 illi
799 1819 883 1846 [ilium
897 1820 984 1847 dona-

200 1861 250 1892 vit.
261 1862 312 1888 sibi
322 1869 465 1896 apparere,
479 1865 506 1890 'et
518 1864 562 1890 illa
575 1864 666 1891 dicere
677 1864 710 1890 ad
727 1873 765 1897 se,
785 1873 845 1901 qua:
861 1866 892 1892 ad
907 1865 983 1892 illum

200 1904 332 1933 Dominus
342 1907 457 1939 dixerat,
469 1915 577 1942 nempe,
592 1907 672 1942 Vade,
684 1910 755 1944 ﬁlius
770 1915 829 1937 tuus
841 1911 902 1937 vicit
915 1911 984 1939 ¹¹·¹⁹.

200 1953 283 1987 Cujus
302 1953 380 1980 iidem
402 1957 429 1981 et
454 1954 511 1989 ipse
534 1954 655 1983 imitatus
668 1975 676 1987 ,
700 1955 824 1983 eumdem
842 1965 921 1991 quem
939 1957 985 1985 ille

201 1998 260 2025 tidei
277 1998 396 2025 fructum
422 1999 553 2034 percepit,
577 1999 744 2035 benignitate
765 2000 872 2028 Domini
896 2002 985 2030 salute

199 2044 246 2070 lilii
264 2048 382 2079 recepta.

234 2090 322 2124 Atque
339 2090 391 2117 hoc
406 2090 516 2125 quidem
535 2098 619 2118 unum
634 2097 696 2118 cum
714 2091 854 2120 miraculis
870 2091 985 2120 Samue-

199 2134 232 2161 lis
247 2142 450 2169 comparamus.
463 2136 586 2163 Alterum
603 2144 677 2169 vero,
700 2137 773 2172 quod
798 2137 883 2165 forma
899 2139 985 2166 sacri-

199 2179 252 2206 iicii
267 2180 361 2207 eadem
373 2180 408 2207 ab
424 2181 557 2209 ambobus
573 2182 698 2209 instituta
714 2187 795 2218 atque
808 2188 917 2219 peracta
929 2189 981 2212 est.

198 2225 329 2252 Paciﬁcas
349 2226 420 2252 enim
439 2231 552 2260 uterque
573 2226 628 2255 Deo
643 2228 745 2257 hostias
765 2229 936 2262 obtulerunt,
953 2234 983 2257 ut

199 2271 292 2298 hostes
318 2271 540 2306 pruiligarcntur,
568 2277 594 2300 et
617 2273 761 2301 interirent
783 2275 981 2306 sacriﬁcantes.

1039 999 1084 1026 καὶ
1097 999 1185 1031 τοῦτο,
1200 999 1247 1026 καὶ
1260 999 1329 1034 ὑπὲρ
1344 999 1421 1033 λόγον
1437 1000 1468 1025 τδ
1487 997 1589 1032 θαῦμα.
1606 997 1679 1033 Πλὴν
1693 997 1746 1024 οὐκ
1760 997 1830 1024 ams.

1038 1043 1136 1080 ὄλητον
1158 1044 1205 1071 καὶ
1221 1044 1252 1071 τὸ
1267 1044 1359 1079 ἕτερον
1382 1043 1450 1076 εἶδος
1465 1043 1515 1079 τῆς
1530 1043 1576 1070 ἐπὶ
1591 1042 1621 1068 τὸ
1643 1043 1700 1069 ἄνω
1721 1044 1810 1078 φορᾶς
1820 1064 1828 1075 ,

1038 1090 1101 1117 ὅταν
1121 1099 1163 1122 τις
1186 1090 1231 1117 διὰ
1251 1091 1301 1126 τῆς
1323 1090 1426 1125 ὑψηλῆς
1441 1089 1576 1121 πολιτείας
1593 1089 1646 1116 ἀπὸ
1659 1089 1715 1124 γῆς
1730 1089 1772 1119 εἰς
1786 1089 1827 1115 0-3-

1040 1135 1118 1171 ρανὸν
1130 1134 1308 1170 ἀνοικίζηται,
1322 1135 1365 1162 διὰ
1380 1135 1426 1161 τοῦ
1441 1135 1598 1170 Πνεύματος
1611 1134 1688 1170 ἇρμα
1701 1134 1752 1166 τὰς
1765 1135 1829 1170 αρε-

1038 1181 1088 1212 τὰς
1111 1181 1301 1215 ποιησάμενος.
1320 1181 1407 1216 Ὅπερ
1423 1180 1454 1215 δὴ
1477 1179 1672 1214 κατωρθῶσθαι
1693 1179 1735 1214 τῷ
1758 1179 1830 1206 διδα-

1041 1226 1131 1261 σκᾶλῳ
1147 1227 1201 1257 πῶς
1216 1227 1230 1253 ὁ
1253 1226 1430 1262 εὐγνωμόνως
1451 1226 1486 1253 τὰ
1509 1227 1568 1253 κατ’
1591 1225 1672 1252 αὑτὸν
1692 1225 1829 1258 ἐξετάζων

1040 1272 1208 1308 σανθήσεται.
1219 1270 1293 1308 Ἀρα
1303 1272 1355 1308 χρὴ
1366 1273 1412 1299 καὶ
1426 1272 1471 1299 τοῦ
1484 1272 1610 1308 Σαμουὴλ
1622 1272 1828 1307 κατατολμῆσαι

1038 1316 1078 1352 τῷ
1099 1317 1186 1352 λόγῳς
1208 1317 1277 1344 Ἀλλ’
1292 1318 1320 1344 ὲν
1336 1319 1392 1349 τοῖς
1414 1317 1503 1349 ἄλλοις
1527 1318 1593 1344 πᾶσι
1615 1317 1669 1344 τῶν
1684 1317 1829 1352 πρωτείων

1038 1362 1077 1398 τῷ
1099 1363 1226 1401 προφήτῃ
1249 1364 1512 1399 παραχωρήσαντες,
1536 1363 1604 1399 πρὸς
1622 1363 1669 1390 δύο
1692 1363 1755 1390 τινὰ
1777 1363 1829 1390 τῶν

1038 1409 1102 1444 περὶ
1121 1408 1201 1436 αὑτοῦ
1223 1409 1389 1444 λεγομένων,
1415 1410 1460 1436 καὶ
1476 1409 1509 1436 τὰ
1527 1410 1590 1445 περὶ
1610 1409 1655 1436 τὸν
1667 1409 1829 1436 διδάσκαλον

1037 1457 1054 1491 ἡ
1059 1455 1116 1490 μῶν
1129 1455 1236 1486 οἰκείως
1249 1455 1344 1490 ἔχοντα
1359 1454 1477 1490 δείξομεν
1486 1464 1492 1470 ·
1506 1455 1650 1486 Θεὸσδοτος
1664 1455 1830 1490 ἀμφοτέρων

1038 1502 1054 1538 ὴ
1075 1502 1200 1536 γέννησις
1216 1499 1257 1536 ἦν.
1288 1501 1331 1532 Ὠς
1345 1501 1398 1537 γὰρ
1413 1502 1515 1527 ἐκεῖνον
1529 1501 1546 1536 ἡ
1565 1502 1670 1537 μήτηρ,
1690 1501 1766 1528 οὕτω
1783 1502 1829 1528 καὶ

1037 1547 1131 1573 τοῦτον
1145 1547 1175 1578 ἐξ
1198 1546 1330 1581 αἰτήσεως
1347 1546 1419 1577 θείας
1437 1547 1451 1572 ό
1471 1545 1561 1582 πατὴρ
1576 1545 1756 1574 ἐτεκνώσατο.
1773 1547 1830 1574 Καὶ

1037 1591 1177 1628 ἀρρωστίᾳ
1204 1591 1269 1618 ποτὲ
1296 1591 1470 1626 συσχεθέντος
1497 1591 1663 1627 ἐπιθανατίφ
1684 1592 1726 1619 ἔτι
1743 1593 1774 1618 ὲν
1791 1592 1828 1627 τῷ

1036 1638 1088 1673 νέῳ
1108 1638 1158 1673 τῆς
1176 1637 1282 1673 ἡλικίας
1295 1657 1302 1670 ,
1326 1635 1395 1664 εἶδεν
1414 1638 1429 1664 ὀ
1455 1637 1546 1673 πατὴρ
1567 1637 1734 1672 ἐπιφανέντα
1753 1637 1828 1674 αὐτῷ

1037 1683 1106 1710 κατὰ
1121 1684 1169 1718 τὴν
1184 1683 1309 1710 ἐνύπνιον
1320 1683 1380 1717 ὄψιν
1395 1683 1441 1709 τὸν
1454 1682 1565 1718 Κύριον,
1580 1683 1624 1709 τὸν
1641 1683 1670 1709 ὲν
1683 1683 1723 1718 τῷ
1738 1684 1828 1715 Εὐαγ-

1035 1727 1117 1764 γελίῳ
1131 1729 1176 1755 τὸν
1196 1729 1277 1755 παῖδα
1289 1728 1326 1764 τῷ
1342 1728 1472 1764 βασιλικῷ
1497 1728 1690 1763 χαρισάμενον,
1712 1730 1830 1756 κάκεῖνα

1035 1774 1144 1800 εἰπόντα
1157 1774 1224 1809 πρὸς
1234 1774 1336 1805 τοῦτον,
1350 1774 1368 1800 ἃ.
1385 1774 1451 1809 πρὸς
1470 1774 1572 1801 ἐκεῖνον
1594 1772 1670 1800 εἶπεν
1682 1775 1698 1800 ὁ
1712 1775 1825 1810 Κύριος,

1035 1819 1075 1846 ὅτι
1089 1820 1230 1854 Πορεύου,
1244 1821 1261 1847 ό
1276 1820 1341 1853 υΙός
1354 1827 1412 1846 σου
1427 1819 1469 1853 ζῇ.
1496 1815 1533 1845 οὗ
1547 1819 1596 1855 τὴν
1608 1820 1701 1846 πίστιν
1716 1821 1764 1847 καὶ
1778 1821 1826 1847 αύ-

1035 1863 1080 1896 et;
1105 1866 1308 1902 μιμησάμενος,
1333 1865 1378 1891 τὸν
1401 1865 1481 1892 αὐτὸν
1496 1866 1542 1892 ἐπὶ
1560 1867 1594 1901 τῇ
1613 1866 1704 1892 πίστει
1720 1867 1826 1901 καρπὸν

1034 1910 1189 1946 ἐκομίσατο,
1207 1911 1256 1946 τὴν
1272 1911 1317 1937 τοῦ
1336 1910 1394 1937 υίοῦ
1408 1911 1542 1947 σωτηρίαν
1557 1912 1588 1938 ἐκ
1604 1911 1654 1947 τῆς
1671 1912 1827 1947 φιλανθρω-

1035 1956 1102 1988 πίας
1116 1957 1162 1983 τοῡ
1177 1956 1279 1993 Κυρίου
1297 1956 1452 1992 δεξάμενος.
1466 1947 1469 1951 ’

1072 2090 1120 2116 Ἕν
1134 2090 1183 2124 μὲν
1197 2090 1228 2125 δὴ
1250 2089 1329 2116 τοῦτο
1341 2091 1396 2122 τοῖς
1412 2090 1533 2126 θαύμασι
1547 2090 1595 2117 τοῦ
1613 2090 1740 2127 Σαμουὴλ
1759 2091 1822 2118 ἀνα-

1034 2137 1153 2172 τίθεμεν,
1170 2136 1281 2172 Ἕτερον
1294 2136 1334 2169 δὲ,
1355 2137 1396 2162 ὅτι
1418 2136 1448 2163 τὸ
1472 2134 1540 2168 εἶδος
1559 2137 1608 2171 τῆς
1623 2137 1780 2172 ἱερουργίας
1792 2138 1824 2164 τὸ

1033 2183 1099 2210 αὐτὸ
1113 2185 1168 2215 τοῖς
1182 2182 1228 2209 δύο
1243 2181 1470 2216 συνεσπουδάσθη.
1484 2182 1630 2217 Είρηνικὰ;
1648 2183 1823 2219 προσήγαγον

1033 2230 1183 2265 ἀμφότεροι
1198 2228 1237 2264 τῷ
1254 2228 1312 2263 Θεῷ
1327 2228 1376 2260 τὰς
1392 2227 1496 2260 θυσίας,
1519 2228 1590 2263 ὑπὲρ
1605 2229 1655 2263 τῆς
1672 2228 1728 2255 τῶν
1745 2229 1821 2255 πολε-

1035 2276 1103 2311 μίων
1117 2275 1280 2311 ἀναιρέσεως
1296 2274 1498 2310 ἱερουργοῦντες
1511 2294 1518 2304 ,
1541 2275 1555 2300 ὁ
1571 2274 1620 2309 μὲν
1633 2275 1680 2301 ἐπὶ
1693 2276 1726 2310 τῇ
1740 2284 1821 2302 κατα-

198 2317 244 2344 hic
260 2317 370 2351 quidem
395 2325 443 2352 pro
459 2318 601 2346 eversione
619 2319 771 2352 hmreseon,
788 2320 833 2348 ille
855 2329 919 2348 vero
934 2321 982 2348 ad-

1036 2321 1107 2348 λύσει
1122 2321 1176 2347 τῶν
1187 2321 1329 2356 αἱρέσεων,
1346 2320 1360 2346 ὁ
1375 2319 1403 2346 δὲ
1419 2319 1490 2346 κατὰ
1505 2319 1558 2346 τῶν
1574 2320 1731 2354 ἀλλοφύλων
1742 2320 1821 2347 τοῦτο

197 2360 295 2401 versus
321 2362 487 2397 alienigenas
510 2363 536 2390 id
565 2372 659 2399 agens.
686 2364 771 2392 Porro
795 2374 909 2401 magnus
937 2367 982 2395 illc

197 2398 303 2442 Moysd’s
321 2404 465 2436 commune
482 2398 621 2442 omnibus,
650 2411 697 2445 qui
722 2411 756 2438 ad
777 2398 902 2440 virtutem
918 2421 981 2448 spe-

196 2454 466 2488 ctant,'pt'0positum
486 2458 527 2482 est
542 2456 706 2490 exemplum.
725 2454 779 2483 Nec
799 2456 943 2491 deliquerit
957 2457 980 2484 si

153 2533 156 2536 '
437 2500 601 2536 legislaloris
631 2506 760 2536 tanquam
789 2511 902 2538 seopum
927 2503 979 2531 sibi

195 2538 341 2588 pi-pﬁifa’l,
356 2546 389 2572 ad
407 2553 485 2580 quem
500 2546 561 2573 vita:
580 2555 637 2574 sua:
651 2547 749 2583 dirigat
762 2549 894 2576 actiones.
908 2548 977 2575 Pro-

195 2583 350 2618 ἰίιιῒὲῧῖξιιιο
369 2599 482 2626 prorsus
507 2592 646 2624 invidebit,
665 2595 687 2620 si
706 2594 876 2625 ostendatur.
905 2595 977 2629 quod

196 2637 326 2672 magister
340 2641 442 2669 noster,
467 2638 493 2664 in
506 2638 606 2672 quibus
622 2644 723 2674 posset.
746 2639 927 2674 lcgislatorem
951 2641 977 2667 in

195 2684 250 2709 vita
272 2683 435 2711 imitaretur.
459 2685 487 2710 lu
507 2684 606 2720 quibus
631 2686 711 2719 igitur
728 2685 841 2720 (rebus)
862 2686 978 2713 imitatio

193 2728 390 2755 consistebat?
419 2727 515 2756 Mulier
544 2729 667 2763 quaedam
697 2728 839 2765 Egyptios
869 2739 977 2767 regens,

231 2817 289 2832 “"‘
300 2816 377 2844 Joan.
399 2824 434 2848 Iv,
450 2816 495 2843 50.

1032 2366 1126 2393 ποιῶν.
1144 2365 1263 2400 Μωῡσῆς
1283 2365 1311 2392 δὲ
1325 2365 1339 2391 ὁ
1354 2364 1458 2400 μέγας,
1482 2365 1569 2391 κοινὸν
1591 2366 1734 2401 πρόκειται
1753 2367 1820 2393 πᾶσι

1030 2413 1086 2444 τοῖς
1103 2411 1170 2447 πρὸς
1187 2410 1285 2446 ἀρετὴν
1299 2410 1398 2446 ὁρῶσιν
1413 2410 1564 2445 ὑπόδειγμα
1577 2419 1583 2425 ·
1602 2411 1649 2437 καὶ
1663 2412 1714 2438 οὐκ
1732 2412 1766 2438 ἄν
1778 2421 1821 2444 τις

1032 2457 1216 2492 πλημμελοίη,
1242 2456 1289 2483 τοῦ
1309 2457 1374 2483 ἰδίου
1398 2456 1454 2492 βίου
1471 2456 1570 2483 σκοπὸν
1585 2457 1634 2492 τὴν
1656 2457 1759 2493 ἀρετὴν
1773 2457 1821 2485 τοῦ

1031 2503 1173 2538 νομοθέτου
1190 2502 1359 2537 ποιούμενος.
1387 2502 1492 2529 Οὐκοῦν
1516 2503 1694 2537 ἀνεπίφθονον
1711 2504 1821 2535 πάντως

1033 2549 1074 2584 εἴη
1091 2548 1174 2582 δεῖξαι
1187 2548 1232 2575 τὸν
1243 2548 1400 2575 διδάσκαλον
1409 2548 1499 2583 ἡμῶν,
1514 2549 1543 2576 ὲν
1555 2545 1595 2580 οἷς
1608 2546 1662 2580 οἷός
1674 2558 1704 2576 τε
1718 2547 1763 2585 ἦν,
1774 2550 1820 2576 τὸν

1033 2594 1180 2630 νομοθέτην
1193 2595 1238 2621 ἐπὶ
1253 2594 1299 2620 τοῦ
1312 2594 1370 2628 βίου
1388 2595 1564 2629 μιμούμενον.
1593 2595 1638 2622 Ἐν
1655 2595 1711 2622 τίσι
1732 2596 1820 2622 τοίνυν

1033 2642 1050 2676 ὴ
1067 2641 1179 2675 μίμησις
1197 2638 1230 2676 ἦν
1245 2649 1252 2672 ;
1273 2640 1409 2675 ’Λρχουσά
1432 2649 1473 2671 τις
1499 2641 1552 2667 τῶν
1569 2642 1743 2674 Αἰγυπτίων,
1766 2643 1820 2669 εἰσ-

1033 2686 1203 2721 ποιησαμένη
1236 2685 1280 2712 τὸν
1313 2686 1432 2712 Μωῦσέα
1462 2686 1584 2713 παιδεύει
1609 2687 1659 2722 τήν
1687 2687 1819 2723 ἐγχώριον

1034 2732 1182 2764 παίδευσιν,
1198 2732 1248 2758 οὐκ
1264 2731 1420 2760 ἀποστάντα
1434 2732 1479 2758 τοῦ
1502 2732 1628 2768 μητρῴου
1647 2732 1747 2769 μαζοῦ,
1767 2734 1820 2765 ξος
