1912 3082
102 137 154 165 815

658 138 691 166 IN
712 138 854 167 LAUDEM
874 137 1025 166 FRATRIS
1045 138 1179 167 BASILII.

1684 141 1739 172 Si!

102 198 209 233 θέτερος
225 197 313 225 αὐτῶν
333 198 372 234 τῷ
389 199 439 235 βίῳ
461 198 615 226 κατέλιπεν.
642 199 710 226 Οὔτε
734 199 788 234 γὰρ
811 200 890 226 Μωῠι

946 204 1150 226 monumcntttm
1169 204 1233 226 vt-ro
1255 196 1299 226 sui
1319 200 1393 228 eirea
1414 209 1524 230 carnem
1541 203 1650 231 habitus
1669 209 1739 232 non:

102 244 169 276 σέως
184 244 268 279 τάφος
295 245 468 280 εὑρίσκεται.
489 245 550 272 οὔτε
572 241 649 277 οὗτος
673 246 816 282 περιουσίᾳ
839 246 892 272 τινι

101 290 181 326 ὑλικῇ
195 289 339 325 ὑπεχώειθη
351 300 358 306 ·
372 291 430 317 ἀλλ’
443 292 509 326 ὁμοῦ
525 297 555 318 τε
571 292 693 327 παρῆλθε
707 292 753 318 τὸν
766 292 832 327 βίον,
846 293 893 319 καὶ

102 335 300 370 συμπαρῆλθεν
313 335 388 372 αὐτῷ
402 337 500 368 πάντα,
522 337 555 364 δι’
568 334 605 363 ὧν
618 339 631 364 ὁ
647 337 703 373 βίος
717 338 772 364 τῶν
788 337 893 373 ἀνθρὼ-

101 389 160 407 πων
174 381 231 416 ἔχει
246 381 296 416 τὴν
312 382 452 413 σύστασιν,
471 383 507 414 ὡς
533 383 614 418 μηδὲν
628 383 772 419 εὑρεθῆναι
784 384 830 410 τοῦ
845 385 892 411 ἀν-

100 425 162 461 δρὸς
188 425 281 453 ὑλικὸν
304 427 437 462 μνημεῖον
465 429 497 454 ἐκ
522 429 571 463 τῆς
595 429 649 455 τῶν
675 429 892 463 ὑπολειφθέντων

101 473 262 509 περιουσίας
275 474 464 509 καταχωννύον
480 475 562 502 αὑτοῦ
584 475 633 510 τὴν
645 475 713 511 πρὸς
725 476 756 503 τὸ
771 477 893 512 κρεῖττον

101 519 245 555 ὑπόληψιν.
260 520 366 555 Ὠσπερ
377 521 423 547 ἐπὶ
433 520 480 547 τοῦ
492 521 612 554 Μωσέως
627 523 643 557 ὴ
659 522 762 558 ἱστορία
776 522 892 556 λέγουσα

100 565 188 597 τοῦτο,
202 565 243 592 ὅτι
258 566 307 601 οὐχ
323 566 423 601 εὑρέθη
440 563 522 593 αὑτοῦ
538 567 623 602 τάφος
637 568 689 600 ἕως
703 568 752 603 τῆς
772 569 892 603 σήμερον

99 611 217 647 ἡμέρας.
235 611 265 638 Et
286 609 333 638 οὖν
347 611 467 644 τοιοῦτος
489 612 543 639 ἀπὸ
562 612 608 640 τοῦ
624 612 703 648 λόγου
719 614 785 648 ἡμῖν
799 614 893 640 ἀναδέ-

99 655 204 683 δεικται
230 656 244 682 ὁ
258 656 354 691 Μέγας
380 657 538 690 Βασίλειος,
564 657 634 685 ὥστε
659 658 696 694 μὴ
721 659 815 694 πόῥρω
838 659 892 686 τῶν

99 702 186 735 ἁγίων
209 698 280 728 εἶναι
302 702 383 729 αὑτὸν
406 703 451 731 διὰ
469 702 516 730 τοῦ
540 703 598 739 βίου
615 704 683 739 πρὸς
704 704 819 731 ἕκαστον
840 704 892 731 τῶν

100 747 227 781 μεγάλων
239 748 465 784 παρατιθέμενον,
478 749 568 781 καλῶς
578 750 644 785 ἡμῖν
656 750 672 785 ἠ
683 748 826 777 ἀκολουθία
838 749 893 777 τῶν

99 795 202 830 top:ti
226 795 273 822 ἐπὶ
299 795 393 822 τοῦτον
416 796 479 830 ἄγει
503 796 552 824 νῦν
574 797 624 833 τὴν
646 797 799 824 ἐνεστῶσαν
824 807 892 825 παν-

98 841 211 876 ήγυριν.
236 842 317 868 Ἀλλὰ
347 843 399 877 μὴν
414 842 457 869 διὰ
485 843 539 870 τῶν
561 843 765 879 κεχαρισμένων
796 844 892 879 ἐκείνῳ

99 889 286 922 προσαγαγεῖν
310 888 413 923 πρέπον
437 888 470 915 ἂν
498 889 539 924 εἴη
566 889 615 924 τὴν
642 890 763 925 μνήμην.
789 890 893 917 οὐκοῦν

99 933 233 959 σκεπτέον
255 934 330 965 ὅπως
344 933 479 966 διαθέντες
495 934 544 970 τὴν
557 934 664 970 ἑορτὴν,
689 936 892 971 κεχαρισμένως

97 978 139 1014 τῷ
153 978 222 1014 ἁγίῳ
246 980 477 1015 πανηγυρίσομεν.
504 977 577 1015 Ἃρά
598 989 639 1011 τις
661 981 819 1017 ἐπιζητήσει
847 982 892 1009 τὸν

98 1026 282 1053 ἐπιδεικτικὸν
304 1026 347 1053 ἐπ’
372 1026 455 1053 αὑτοῦ
472 1026 517 1053 καὶ
534 1026 665 1062 κομπώδη
679 1027 733 1054 τῶν
746 1028 892 1063 ἐγκωμίων

98 1071 200 1107 τρόπον
213 1080 219 1104 ;
240 1071 360 1107 Πατρίδα
374 1073 420 1098 καὶ
434 1072 522 1106 γένος,
541 1073 587 1099 καὶ
604 1070 652 1108 τὴν
666 1072 697 1099 ἐκ
712 1073 815 1107 γονέων
828 1073 892 1101 ἀνα-

99 1116 215 1151 τροφὴν,
232 1116 279 1143 καὶ
294 1116 329 1142 τὰ
343 1116 405 1143 καθ’
421 1117 534 1144 ἕκαστον
549 1117 596 1144 τοῦ
609 1116 666 1152 βίου
678 1118 890 1153 ἐπιτηδεύματα,

98 1158 141 1193 οἷς
160 1161 313 1197 συνηυξήθη
335 1170 365 1188 τε
389 1162 436 1188 καὶ
460 1162 616 1199 συνήκμασε
632 1184 639 1195 ,
668 1164 715 1190 καὶ
738 1163 771 1190 δι’
804 1160 841 1191 ὧν
863 1163 893 1191 τὸ

99 1208 252 1244 *περιφανές
274 1217 303 1235 τε
325 1209 373 1235 καὶ
388 1209 566 1244 περίϐλεπτον
581 1209 659 1245 ἔσχεν
678 1211 707 1236 ἐν
719 1210 831 1246 ἀνδράσι
847 1218 893 1244 γε-

99 1255 198 1290 γονώς.
219 1254 299 1282 Ἀλλά
314 1255 481 1291 παρωθεῖται
497 1256 586 1282 πᾶσαν
604 1256 653 1290 τὴν
675 1257 806 1292 κομπώδη
825 1257 891 1283 ταύ-

99 1303 152 1337 την
165 1301 316 1336 ὗῂγορίαν
331 1301 361 1327 τὸ
378 1300 492 1336 μέγεθος
506 1301 560 1327 τῶν
583 1302 646 1337 περὶ
671 1302 752 1329 αὑτὸν
776 1301 893 1337 θεωρου-

101 1346 193 1383 μένων
207 1345 307 1378 κα).ὥν,
327 1346 368 1373 ὅτι
384 1345 451 1381 πρὸς
465 1344 617 1373 τούναντίον
633 1346 751 1373 ἐκϐαίνει
766 1346 797 1373 τὸ
811 1355 893 1373 σπου-

99 1390 258 1428 δαζόμενον,
276 1392 314 1427 τῷ
331 1393 367 1427 μὴ
383 1390 451 1419 εἶναι
471 1391 583 1427 δύναμιν
606 1393 634 1418 ἐν
650 1392 738 1426 λόγοις
753 1392 890 1428 τοιαύτην,

99 1439 164 1474 ﬁn;
178 1438 224 1465 τοῦ
250 1438 381 1473 μεγέθους
403 1437 457 1464 τῶν
479 1437 625 1472 θαυμάτων
652 1438 720 1473 πρὸς
741 1437 819 1470 ἀξίαν
843 1439 892 1473 ἐφ-

100 1483 212 1518 άψεται.
233 1482 276 1515 Ὠς
289 1482 322 1509 ἂν
335 1480 381 1509 οὖν
406 1481 443 1517 μὴ
456 1482 488 1517 τῇ
504 1483 654 1518 μικροφυῖᾳ
669 1482 715 1509 τοῦ
732 1483 810 1517 λόγου
827 1491 892 1517 συγ-

99 1528 280 1564 καθαιρεθείη
301 1528 333 1555 τὺ
349 1528 453 1564 θαῦμα,
467 1529 575 1564 καὶτῆς
592 1530 620 1555 ὲν
634 1529 741 1564 ἑκάστῳ
760 1529 808 1556 νῦν
829 1530 891 1566 περὶ

100 1563 279 1608 αὑτοῦγδόξης
290 1572 393 1607 γένοιτό
405 1563 451 1605 τις
464 1573 508 1599 διὰ
520 1563 574 1600 τῶν
591 1574 711 1600 ἐπαινεῖν
727 1563 894 1610 ἐπιχειρούν-
907 1563 927 1590 C

99 1629 158 1647 των
174 1619 329 1650 ἐλάττωσις,
355 1620 477 1654 κρεῖττον
503 1618 536 1645 ἂν
558 1619 599 1654 εἴη
624 1621 655 1655 τῇ
680 1621 769 1655 σιωπῇ
794 1619 894 1655 μῶλον

100 1664 196 1697 αὔξειν
211 1665 240 1691 ἐν
254 1665 359 1695 ἑαυτοῖς
376 1664 405 1690 τὺ
420 1663 528 1699 θαῦμα,
550 1664 566 1700 ἢ
585 1664 629 1691 διὰ
652 1664 698 1691 τοῦ
715 1664 793 1698 λόγου
810 1673 894 1692 κατα-

101 1709 266 1746 σμικρύνειν
289 1710 335 1737 τὸν
350 1710 470 1738 ἔπαινον.
496 1709 529 1736 Τί
545 1711 599 1746 γὰρ
612 1711 644 1738 ἄν
667 1720 708 1742 τις
724 1711 844 1738 τοιοῦτον
859 1713 896 1738 εἰ-

100 1755 174 1786 πὼν,
189 1756 350 1791 σεμνότερον
364 1756 444 1783 αὐτὸν
465 1757 651 1792 ἀπεργάσαιτο
666 1765 673 1788 ;
697 1754 770 1792 ’Ἆρα
792 1757 897 1790 δέξαιτο

100 1801 138 1829 ἂν
152 1802 255 1834 ἐκεῖνος
268 1801 317 1837 τὴν
331 1802 375 1828 διὰ
391 1802 491 1837 σαρκός
507 1811 536 1829 τε
554 1802 599 1829 καὶ
616 1803 729 1838 αἵματος
747 1803 896 1839 λεγομένην

100 1849 263 1883 εὐγένειαν;
284 1849 336 1877 Καὶ
354 1850 395 1882 τίς
407 1851 457 1877 οὐκ
473 1849 543 1877 οἶδεν
557 1851 604 1877 τοῦ
620 1851 739 1885 μεγάλου
757 1851 807 1887 τὴν
832 1851 896 1887 περὶ

100 1895 154 1931 τὴν
170 1896 259 1931 σάρκα
272 1896 402 1926 διάθεσιν,
420 1897 457 1928 ὡς
479 1897 607 1930 ἐναντίως
628 1897 696 1932 πρὸς
710 1898 795 1933 αὐτὴν
813 1895 895 1934 εἶχεν.

100 1941 233 1976 καθάπερ
249 1940 415 1977 ἀνδράποδόν
431 1950 457 1968 τι
473 1941 636 1977 δραπετικὸν
660 1941 704 1969 ἀεὶ
719 1942 775 1974 τοῖς
798 1943 830 1969 ἐκ
842 1942 896 1969 τῶν

101 1985 244 2022 λογισμῶν
257 1986 366 2022 δεσμοῖς
380 1985 560 2022 περιόάὶλων,
583 1987 630 2013 καὶ
645 1987 689 2013 διὰ
711 1987 759 2022 τῆς
777 1987 896 2023 ἀκροτά-

99 2036 156 2066 ⁴τηις
170 2030 354 2062 κακοπαθείας
366 2038 395 2057 τε
406 2031 453 2057 καὶ
467 2031 639 2066 ἐγκρατείας.
658 2030 796 2067 μαστίζων
809 2041 838 2059 τε
850 2033 897 2059 καὶ

102 2076 244 2113 στρεὸλῶν
257 2076 303 2104 τδν
314 2076 459 2112 μαστιγίαν
474 2078 576 2104 ἐκεῖνον
589 2077 680 2104 δοῦλον
694 2078 725 2104 τὺ
738 2078 828 2113 σῶμα,
841 2075 897 2105 οἷόν

100 2130 148 2154 τις
165 2121 351 2158 ἀπαραίτητος
372 2121 516 2156 δεσπότης,
538 2122 664 2158 οὐδεμίαν
678 2122 769 2150 ἄνεσιν
781 2123 897 2155 ἐνδιδοὺς

101 2168 145 2203 ’τῷ
157 2167 301 2204 δεσμώτης
317 2168 370 2195 Τὺν
385 2165 432 2195 οὖν
446 2167 531 2200 οὕτως
548 2168 643 2204 ἔχοντα
657 2169 721 2205 περὶ
733 2169 782 2204 τὴν
797 2169 894 2205 σάρκα,

100 2214 150 2241 διὰ
172 2215 221 2249 τῆς
244 2214 405 2250 σωματικῆς
421 2214 580 2250 εὐεργεσίας
604 2214 819 2250 ἀποσεμνύνειν,
841 2215 896 2242 τῶν

102 2261 287 2295 ἁλογωτάτων
309 2260 341 2287 ἃν
357 2260 411 2295 εἴη.
427 2260 490 2292 Πῶς
502 2260 557 2296 γὰρ
577 2260 630 2287 ὑπὸ
645 2260 740 2287 τούτου
755 2260 802 2288 νῦν
815 2270 896 2296 τιμη-

102 2307 230 2342 θήσεται,
244 2303 266 2341 ᾦ
284 2307 358 2342 παρᾶ
375 2306 424 2342 τὴν
442 2306 514 2342 ζωὴν
529 2306 716 2343 ἐπῃσχύνετο;
741 2307 857 2343 Ὀμοίως
869 2307 897 2333 δέ

101 2353 154 2380 καὶ
169 2353 221 2388 τῆς
237 2353 366 2389 πατρίδος
380 2353 397 2389 ἡ
413 2354 516 2388 μνήμη,
530 2352 570 2388 τῷ
584 2353 649 2388 περὶ
664 2352 711 2380 τοῦ
727 2352 823 2387 γένους
836 2362 898 2380 συν·

100 2398 267 2426 ικόάλλεται
292 2398 372 2434 λόγῳ.
404 2398 433 2425 '0
453 2398 507 2434 γὰρ
524 2398 624 2430 παντὸς
647 2398 774 2435 ὑπερθεὶς
801 2399 897 2427 ἑαυτὸν

101 2445 153 2472 τοῦ
169 2444 284 2479 κόσμου,
311 2445 356 2471 καὶ
377 2443 432 2471 οἷον
455 2444 705 2480 στενοχωρούμενος
729 2445 757 2472 ἐν
774 2445 848 2481 πάσῃ
863 2446 896 2481 τῇ

101 2490 225 2526 αἰσθητῇ
240 2490 295 2517 τῶν
311 2490 450 2526 στοιχείων
467 2490 557 2525 φύσει,
581 2490 618 2521 ώς
634 2491 700 2526 μηδέ
718 2490 763 2516 τὸν
782 2490 897 2526 οὐρανὸν

102 2536 201 2572 φέρειν
227 2536 324 2563 ἐαυτοῦ
347 2536 543 2572 ὑπερκείμενον
562 2545 569 2551 ·
595 2536 652 2563 ἀλλ’
672 2536 712 2567 εἱς
727 2536 757 2562 τὸ
770 2536 896 2563 ἐπέκεινα

101 2583 195 2610 ἵεσθαι
207 2583 240 2618 τῇ
257 2582 342 2618 ψυχῇ.
359 2584 405 2609 καὶ
421 2583 630 2618 ὑπερκύπτοντα
644 2582 693 2617 τὴν
704 2581 834 2618 αἰσθητὴν
850 2582 896 2608 τοῦ

101 2629 211 2663 κόσμου
234 2628 365 2664 περιοχὴν
384 2628 428 2655 ἀεὶ
450 2629 506 2660 τοῖς
527 2629 633 2663 νοητοῖς
651 2628 829 2663 ἐμϐατεύειν,
850 2628 897 2654 καὶ

102 2675 382 2710 συμμετεωροπορεῖν
400 2675 461 2706 ταῖς
480 2674 565 2706 θείαις
586 2674 734 2709 δυνάμεσι,
756 2674 838 2709 μηδὲν
859 2674 898 2709 τῷ

102 2719 257 2755 σωματικῷ
273 2719 391 2754 ἐφολκίῳ
403 2719 471 2755 πρὸς
483 2719 532 2755 τὴν
542 2719 590 2746 τοῦ
602 2719 647 2747 νοῦ
660 2719 773 2755 πορείαν
789 2720 898 2755 ἐμποδι-

101 2767 219 2800 ζόμενος
232 2775 239 2783 ’
264 2766 329 2793 πότε
348 2765 381 2792 ἃν
401 2765 506 2798 δέξαιτο
523 2766 600 2802 μέρει
611 2766 664 2793 τινὶ
675 2766 725 2801 τῆς
736 2767 788 2802 γῆς
802 2767 897 2794 ἐαυτὸν

145 2855 167 2871 ³⁸
183 2855 258 2883 Deut.
290 2862 381 2888 xnlv,
396 2855 421 2884 6.

944 249 986 272 ter
1012 253 1107 273 eorum
1140 246 1243 273 saeculo
1270 247 1390 281 reliquit.
1417 247 1510 283 Neque
1536 250 1608 276 enim
1634 249 1735 287 Moysis

944 291 1099 326 sepulcrum
1117 294 1215 323 etstat,
1227 299 1316 327 neque
1328 293 1371 320 hic
1385 293 1462 328 copia
1476 295 1593 329 quadam
1603 298 1734 324 materiali

944 335 1073 363 lln‘ma‘tus
1089 340 1148 369 est;
1166 336 1212 364 sed
1227 337 1307 364 simul
1321 341 1349 364 et
1363 338 1445 364 vitam
1461 339 1578 372 transiit,
1590 345 1615 368 et
1632 343 1736 373 omnia,

943 382 1043 417 quibus
1056 382 1196 409 hominum
1211 383 1263 409 vita
1276 388 1464 415 coriscrvatur.
1477 393 1529 412 una
1541 386 1647 421 dilapsa
1654 393 1734 416 sinit:

944 427 1011 455 adeo
1028 432 1057 455 ut
1081 429 1185 455 nulluin
1200 434 1289 457 exstut
1307 430 1449 457 maiori-ale
1465 431 1514 458 viri
1531 436 1734 461 mnnumcntmn

943 483 975 502 ex
998 475 1077 510 copia
1104 475 1261 503 relictarum
1286 475 1446 503 facultatmn
1476 483 1655 511 exstructum,
1680 487 1736 515 quo

943 520 1111 548 existimatio
1134 521 1194 556 ejus
1221 521 1254 548 ad
1283 523 1400 557 spe'ciem
1424 524 1609 558 augustiorem
1638 526 1734 553 obruta

944 571 1070 595 teneatur
1089 577 1096 594 :
1118 569 1348 603 quemadmodum
1377 569 1491 597 historia
1516 570 1549 597 de
1571 570 1661 607 Moyse
1684 572 1735 599 hoc

944 614 1027 646 dicit,
1047 613 1119 649 quod
1133 622 1185 642 non
1201 614 1340 642 inventum
1353 615 1389 643 sit
1400 615 1460 651 ejus
1478 617 1633 651 sepulcrum
1650 625 1737 652 usque

944 659 971 686 in
995 659 1155 687 hodiernum
1178 660 1250 688 diem
1270 660 1301 688 ⁸⁸.
1330 660 1360 688 Si
1383 661 1465 696 igitur
1486 663 1549 689 talis
1572 663 1698 690 oratione
1721 671 1736 690 a

944 706 1023 734 nobis
1040 706 1244 735 demonstratus
1260 711 1303 734 est
1318 716 1380 735 esse
1396 707 1514 736 Basilius
1533 707 1656 744 Magnus,
1677 709 1735 744 qui,

943 753 966 779 si
982 760 1043 780 cum
1065 758 1229 788 unoquoque
1250 754 1418 788 magn-tium
1438 755 1508 782 inter
1530 755 1603 782 viros
1626 760 1737 782 sanctos

944 798 998 824 vita
1012 797 1072 832 ejus
1087 803 1273 833 comparetur,
1290 807 1343 826 non
1362 800 1455 834 procul
1473 800 1506 827 ab
1523 800 1576 827 illis
1591 799 1736 828 abfuturus

944 844 990 873 sit.
1018 847 1091 871 recte
1117 851 1131 870 a
1160 844 1239 871 nobis
1269 844 1399 871 feriarum
1422 845 1611 873 ricissitudine
1627 850 1737 881 propter

911 882 930 910 Β
945 891 1019 918 hunc
1033 898 1154 926 praesens
1168 898 1239 918 nunc
1255 891 1345 926 agitur
1362 895 1523 918 conventus.
1537 891 1655 919 Proinde
1671 899 1737 919 con-

945 936 1057 963 veniens
1084 940 1110 963 et
1135 935 1308 963 cemmodum
1333 935 1413 963 fuerit
1438 937 1595 963 memoriam
1615 936 1665 963 viri
1690 941 1738 971 per

946 990 990 1010 res
1010 981 1047 1009 illi
1067 985 1161 1017 gratas
1185 982 1388 1009 concelebrare.
1414 981 1506 1015 Itaque
1536 982 1737 1017 dispiciendum

945 1031 972 1054 et
998 1026 1227 1054 considerandum
1253 1030 1304 1058 est,
1329 1035 1381 1061 qua
1412 1027 1519 1054 ratione
1542 1026 1641 1054 festum
1665 1027 1738 1054 hunc

945 1072 1018 1099 diem
1035 1072 1237 1099 constituentes
1257 1072 1293 1098 ita
1313 1075 1478 1097 conventum
1494 1079 1619 1107 agamus,
1634 1076 1663 1098 ut
1678 1079 1739 1099 smi-

945 1123 990 1146 (διο
1016 1119 1093 1146 cordi
1114 1122 1166 1145 est.
1192 1118 1234 1144 An
1260 1117 1361 1152 aliquis
1386 1117 1630 1144 demonstrativmn
1654 1118 1681 1144 in
1705 1125 1738 1145 eo

944 1164 1052 1195 dicendi
1072 1171 1158 1199 genus
1179 1168 1261 1198 atque
1284 1162 1407 1190 inflatum
1431 1162 1618 1190 laudationum
1635 1170 1738 1190 mo-eui

945 1212 1087 1248 requiret?
1098 1211 1164 1245 Qua:
1175 1211 1262 1245 patria
1281 1210 1373 1242 fuerit,
1390 1217 1445 1245 quo
1457 1217 1555 1245 genere
1566 1213 1654 1241 ortus.
1669 1217 1739 1245 quo-

945 1257 1028 1285 modo
1047 1265 1062 1285 a
1079 1257 1238 1292 parentibus
1257 1256 1402 1287 educatus.
1423 1264 1484 1291 qua:
1504 1255 1659 1292 singulatim
1677 1256 1740 1284 vita:

944 1304 1034 1331 studia
1063 1303 1181 1335 fuerint.
1204 1303 1368 1338 quibuscum
1404 1303 1484 1330 simul
1520 1306 1547 1330 et
1572 1302 1689 1330 creverit
1704 1305 1740 1331 eet

946 1348 1072 1385 viguerit,
1092 1352 1119 1376 et
1145 1350 1216 1375 inter
1228 1348 1303 1376 viros
1327 1348 1430 1378 clarus,
1454 1346 1612 1381 spectabilis
1628 1351 1655 1374 et
1676 1346 1739 1374 illu-

945 1394 1012 1421 stris
1030 1393 1168 1421 evaserit?
1189 1393 1224 1419 At
1251 1392 1410 1427 magnitudo
1432 1392 1566 1419 bonorum
1586 1399 1646 1426 qum
1665 1391 1739 1418 circa

945 1447 1007 1467 eum
1022 1442 1192 1474 spectantur,
1208 1445 1290 1465 onine
1307 1438 1359 1464 hoc
1374 1436 1498 1464 inﬂatum
1517 1441 1543 1464 et
1564 1436 1681 1464 sublime
1694 1444 1740 1472 ge-

946 1493 998 1512 nus
1017 1484 1125 1511 dicendi
1147 1482 1270 1519 repudiat
1293 1486 1320 1510 et
1342 1485 1495 1514 :wcrsatnr,
1518 1481 1583 1518 quia
1600 1482 1739 1517 negotium

947 1532 973 1559 in
990 1530 1160 1559 contrarium
1176 1529 1318 1565 redigitur,
1335 1536 1368 1556 eo
1386 1528 1458 1563 quod
1479 1536 1534 1556 non
1556 1528 1591 1556 sit
1605 1528 1739 1563 ejusmodi

946 1578 987 1605 vis
1002 1576 1030 1604 in
1047 1576 1146 1606 verbis,
1161 1582 1222 1611 quze
1239 1574 1433 1602 miraculorum
1455 1574 1670 1609 magnitudinem
1692 1582 1740 1609 pro

946 1622 1078 1657 dignitate
1091 1625 1265 1656 assequatur.
1290 1619 1329 1648 Ne
1353 1620 1435 1656 igitur
1450 1627 1504 1647 una
1526 1628 1588 1646 cum
1606 1619 1741 1647 orationis

946 1669 1068 1695 exilitate
1081 1667 1243 1695 miraculum
1260 1667 1430 1702 deprimatur
1440 1670 1467 1694 ct
1481 1670 1653 1698 extenuetur,
1667 1666 1740 1701 ejus—

946 1720 1000 1748 que
1015 1719 1096 1748 quam
1113 1720 1186 1740 nunc
1206 1711 1395 1746 unusquisque
1415 1711 1448 1739 de
1468 1719 1501 1739 eo
1516 1715 1674 1747 conceptam
1691 1712 1740 1739 lia-

947 1760 992 1786 bet
1005 1758 1172 1794 opinionem,
1186 1765 1234 1793 per
1247 1765 1294 1785 eos
1307 1758 1352 1792 qui
1376 1757 1489 1784 laudare
1511 1757 1600 1784 conati
1627 1757 1739 1788 inierint.

947 1804 1037 1839 aliqua
1060 1803 1206 1831 diminutio
1227 1803 1273 1829 llat
1292 1811 1299 1830 :
1319 1802 1492 1830 commodius
1521 1802 1601 1829 fuor‘t
1632 1802 1742 1830 silentio

948 1850 1038 1885 potius
1061 1849 1089 1876 in
1108 1848 1189 1876 nobis
1209 1855 1309 1883 augere
1328 1848 1502 1878 miraculum,
1518 1855 1599 1882 quam
1619 1848 1742 1875 oratione

948 1896 1054 1923 laudem
1083 1895 1246 1922 imminuere
1273 1898 1355 1929 atque
1379 1898 1535 1920 extenuare.
1562 1893 1641 1927 Quali
1667 1894 1740 1921 enim

946 1943 1072 1971 oratione
1087 1942 1150 1977 quis
1171 1948 1234 1969 eum
1255 1940 1440 1976 augustiorem
1464 1939 1606 1966 i-tTt-cerit?
1629 1938 1670 1966 An
1695 1939 1742 1967 ille

946 1996 1018 2019 eam,
1041 1995 1102 2023 qua:
1127 1995 1176 2022 per
1198 1992 1308 2013 carnem
1331 1989 1358 2012 et
1377 1985 1536 2020 sanguinem
1558 1984 1740 2020 (contingere)

947 2033 1048 2061 dicitur
1061 2033 1229 2061 nobilitatem
1251 2039 1284 2059 ac
1303 2032 1413 2067 generis
1434 2031 1627 2058 claritudinem
1642 2038 1739 2065 appro-

947 2079 1072 2108 baverit?
1089 2079 1120 2105 Et
1134 2078 1195 2114 quis
1209 2078 1317 2113 ignorat
1339 2077 1429 2112 magni
1455 2076 1529 2104 illius
1548 2083 1612 2112 erga
1629 2084 1740 2104 carnem

946 2124 1126 2156 all'eetionem,
1148 2130 1229 2159 quam
1259 2122 1283 2149 ei
1310 2121 1483 2149 adversarius
1507 2125 1590 2152 esset.
1608 2124 1739 2156 tanquam

947 2171 1085 2205 mancipio
1100 2169 1208 2197 cuidam
1226 2168 1337 2203 fugitivo
1349 2175 1458 2202 semper
1478 2167 1587 2194 vincula
1602 2168 1740 2194 rationum

950 2216 1089 2252 injiciens,
1101 2223 1133 2242 ac
1150 2222 1198 2250 per
1214 2221 1348 2242 summam
1373 2213 1545 2240 :tﬂlictionem
1560 2217 1641 2248 atque
1652 2212 1742 2240 conli-

950 2263 1069 2291 nentiam
1092 2261 1234 2297 ﬂagellatis
1255 2264 1283 2288 et
1308 2264 1439 2294 torquens
1461 2259 1635 2287 rerberonem
1664 2259 1742 2286 illum

950 2316 1058 2337 servum
1074 2315 1185 2343 corpus,
1200 2307 1277 2342 quasi
1297 2306 1407 2341 quidam
1425 2305 1601 2333 inexorabilis
1612 2304 1741 2332 dominus

949 2355 1051 2382 nullam
1064 2354 1155 2381 \‘incto
1175 2353 1370 2381 relaxationem
1389 2351 1553 2387 indulgens?
1567 2350 1633 2377 Eum
1648 2350 1741 2386 igitur.

949 2401 996 2436 qui
1015 2400 1052 2427 ita
1076 2399 1190 2427 aﬂ‘eclus
1209 2403 1278 2426 esset
1302 2405 1367 2433 erga
1381 2404 1503 2429 carnem,
1523 2402 1634 2431 propter
1644 2404 1741 2431 corpo-

950 2446 1007 2472 rale
1030 2444 1192 2473 beneﬁcium
1207 2443 1347 2470 celebrare
1374 2447 1401 2469 et
1427 2441 1519 2469 verbis
1539 2441 1681 2472 extollere,
1698 2447 1743 2469 res

950 2490 1148 2518 absurdissima
1164 2489 1256 2516 fuerit.
1271 2488 1339 2515 Nam
1354 2489 1401 2524 qui
1425 2495 1497 2515 nunc
1514 2487 1549 2514 ab
1567 2495 1599 2513 ca
1614 2494 1642 2514 re
1657 2486 1743 2513 bonos

951 2538 1068 2568 rabitur.
1083 2537 1163 2571 cujus
1177 2544 1240 2563 eum
1255 2536 1281 2563 in
1298 2536 1351 2562 rita
1365 2534 1502 2569 pudebat?
1515 2533 1604 2568 Atque
1616 2533 1742 2560 similiter

952 2590 1005 2610 una
1022 2591 1085 2609 cum
1102 2582 1251 2616 quaestione
1265 2580 1383 2616 generis,
1400 2579 1496 2614 patriae
1516 2586 1624 2613 quoque
1640 2579 1744 2605 mentio

951 2627 1060 2662 ejicitur
1083 2631 1109 2653 et
1137 2625 1370 2661 repudiatur.Qui
1384 2624 1457 2652 enim
1481 2631 1510 2651 se
1536 2630 1619 2658 supra
1634 2630 1742 2650 omnem

952 2673 1084 2700 mundum
1107 2676 1246 2707 posuerat,
1270 2675 1298 2699 et
1316 2670 1394 2705 quasi
1416 2669 1609 2697 coarctabatur
1624 2668 1650 2695 in
1668 2668 1741 2694 omni

951 2718 1077 2747 sensibili
1098 2718 1292 2746 elementorum
1322 2720 1429 2747 natura.
1452 2715 1522 2742 adeo
1540 2718 1570 2742 ut
1591 2721 1625 2741 ne
1643 2713 1744 2740 cadum

951 2764 1059 2800 quidem
1081 2771 1165 2799 supra
1189 2770 1219 2790 se
1240 2762 1358 2798 positum
1376 2761 1469 2794 terret,
1488 2759 1535 2787 sed
1562 2762 1597 2788 ad
1613 2759 1742 2788 ulteriora
