1912 3082
108 141 164 169 817

672 144 706 172 ΙΝ
725 144 869 174 ιΑυυιελι
890 146 1042 177 FRATIHS
1062 146 1194 175 BASILII.

1695 147 1747 174 813

109 201 207 248 ηθείας
223 201 355 248 βελτίονα.
372 203 507 240 Καθάπερ
534 204 589 240 γὰρ
606 205 653 232 ἐπὶ
665 206 810 233 δακτυλίου
825 215 905 242 σφεν-

967 214 1038 241 luam
1060 214 1123 235 esse
1148 207 1228 240 solet,
1257 206 1399 235 efficiatur.
1420 183 1656 241 Quamdmodum
1674 209 1747 236 enim

109 245 202 281 δόνης,
214 247 359 283 καλλίστης
369 248 441 280 τινὸς
453 250 482 275 ὲν
492 248 600 284 γλυφίδι
611 250 832 286 προφαινομὲνης
843 259 905 286 μορ-

112 293 177 328 φῆς,
193 293 208 319 ὁ
221 292 386 326 ὲντυπωθεὶς
405 296 439 330 τῇ
457 295 585 330 σφραγῖδι
605 296 689 332 κηρὸς
705 296 745 328 είς
765 297 862 324 ἑαυτὸν
876 296 906 325 τὸ

113 338 274 374 ἐγκείμενον
293 341 325 375 τῇ
340 339 449 375 γλυφίδι
470 341 568 374 κάλλος
591 343 768 378 μετήνεγκεν.
784 342 845 370 ὅλον
860 342 907 370 τὸν

113 385 276 421 χαρακτῆρα
295 387 345 421 τῆς
361 387 509 422 σφραγῖδος
528 388 603 419 ἰδίοις
616 388 712 420 τύποις
727 389 907 424 ἀναμαξάμε-

114 440 175 462 νος’
193 432 240 458 καὶ
254 432 302 458 οὐκ
316 431 348 458 ἄν
362 441 405 464 τις
421 431 493 460 οὕτω
510 433 555 460 διὰ
571 433 617 461 τοῦ
630 434 710 469 λόγου
722 434 770 470 τὴν
787 434 909 462 εὑδιάθε-

115 484 162 503 τον
179 477 228 512 τῆς
243 476 348 513 γλυφῆς
365 477 439 512 ὥραν
455 479 495 510 είς
515 479 677 515 ὑπογραφὴν
690 479 800 514 ἀγάγοι,
814 480 852 512 ὼς
862 480 909 507 ἐπὶ

115 522 165 549 τοῦ
188 523 274 559 κηροῦ
290 523 419 551 δεικνύων
443 525 658 562 μεμορφωμένον
672 525 703 554 τὺ
726 525 824 558 κάλλος
836 534 842 542 ·
863 526 910 552 τὸν

116 569 199 596 αὑτὸν
211 569 320 605 τρόπον,
336 571 360 597 εί
372 572 386 597 ὁ
400 571 450 606 μὲν
461 571 532 607 λόγῳ
545 571 616 607 ψιλῷ
630 571 676 598 τοῦ
688 572 847 599 διδασκάλου
860 571 910 608 τὴν

115 616 218 652 ἀρετὴν
233 617 424 652 ἀποσεμνύνοι,
439 617 531 653 ἕτερος
548 618 577 645 δὲ
599 618 645 645 τὸν
657 617 755 645 ἑαυτοῦ
777 618 832 653 βίον
845 618 911 645 καλ-

116 661 241 695 λωπίςοι,
260 662 303 689 διὰ
316 663 366 698 τῆς
385 664 454 699 πρὸς
466 664 568 690 ἐκεῖνον
584 665 726 700 μιμήσεως
737 665 910 701 ὲνεργότερος

116 708 152 735 ἂν
167 709 209 743 εἴη
220 708 267 735 τοῦ
282 709 385 744 ὑψηλοῦ
400 709 490 745 λόγου,
507 711 521 737 ὁ
531 710 575 737 διὰ
593 710 638 737 τοῦ
653 710 712 746 βίου
725 710 911 747 πληρούμενος

116 755 239 787 ἔπαινος.
255 755 349 788 Οὓτως
368 754 424 788 οὖν,
444 756 563 791 ἁδελςροὶ,
585 757 631 783 καὶ
651 757 733 792 ἡμεῖς
751 757 913 792 μιμησάμε-

117 811 159 829 νοι
175 803 208 837 τῇ
236 803 397 839 σωφροσύνῃ
412 802 457 829 τὸν
473 802 611 839 σώφρονα.
633 800 674 834 οἷς
695 802 835 838 ποιοῦμεν,
852 803 912 829 κατ’

117 849 198 882 ἀξίαν
221 849 271 883 τὴν
290 849 392 885 ἀρετὴν
408 849 608 884 ἐπαινέσωμεν.
621 849 668 876 καὶ
684 849 718 876 τὰ
736 849 803 876 ἄλλα
824 849 912 876 πάντα

956 259 1021 280 cum
1051 252 1078 280 in
1109 252 1169 287 pala
1203 253 1297 280 annuli
1325 254 1428 289 optima
1457 254 1582 289 qumdam
1611 255 1748 290 inscuipta

959 298 1046 326 forma
1062 303 1189 334 apparet,
1207 299 1296 335 sigillo
1308 300 1442 335 impressa
1459 308 1522 328 cem
1545 301 1657 328 insitum
1675 301 1749 329 scul-

958 350 1046 381 pturse
1065 345 1193 373 decorem
1221 347 1248 373 in
1266 353 1327 374 sese
1345 346 1486 379 transfert,
1504 351 1588 374 totam
1612 347 1748 382 signaculi

959 391 1076 426 efﬁgiem
1092 391 1151 420 suis
1165 399 1324 427 expressam
1346 392 1469 420 referens
1493 392 1606 428 ﬁguris;
1622 401 1654 420 ac
1670 401 1721 420 neu
1733 400 1750 419 ο

959 437 1028 465 bene
1039 437 1205 473 dispositum
1219 441 1247 465 et
1262 437 1443 466 artiﬁciosum
1458 439 1606 473 sculptura;
1623 439 1749 465 decorem

960 483 1086 510 oratione
1105 483 1142 510 ita
1163 483 1333 518 descriptum
1357 483 1485 510 exhibere
1498 483 1596 518 possit,
1613 487 1642 510 ut
1662 483 1686 510 is
1703 483 1749 518 qui

959 529 987 556 in
1003 536 1067 556 cera
1084 528 1203 557 elﬁctam
1224 531 1307 564 atque
1329 528 1500 556 efformatam
1518 528 1750 563 pulchritudinem

961 573 1082 601 ostendit
1100 583 1106 601 :
1122 574 1218 602 eodem
1240 573 1324 601 modo
1341 574 1364 601 si
1380 573 1451 601 alius
1467 574 1577 609 quidem
1596 573 1669 600 nuda
1688 580 1750 600 ora-

962 620 1036 647 tione
1052 620 1172 648 celebret
1195 620 1325 648 virtutem
1348 620 1485 655 magistri,
1504 620 1576 647 alius
1591 627 1658 646 vero
1674 626 1751 646 suam

961 665 1050 701 ipsius
1070 666 1153 693 vitam
1177 666 1252 693 illius
1272 665 1428 693 imitatione
1453 668 1579 697 exornet,
1604 664 1751 695 efﬁcacior.

962 719 1045 747 quam
1059 711 1150 739 oratio
1169 711 1308 744 sublimis,
1334 712 1418 740 fuerit
1432 719 1463 739 ea
1482 713 1553 743 laus,
1573 718 1633 747 quae
1646 718 1694 746 per
1711 711 1752 737 vi-

963 763 1019 784 tam
1043 760 1266 792 reprzrsentetur.
1292 757 1338 785 Sic
1358 758 1453 793 igitur.
1471 757 1584 788 fratres,
1600 757 1682 784 etiam
1704 764 1752 784 nos

964 802 1112 830 sobrietate
1134 803 1257 830 sobrium
1277 802 1415 831 imitantes
1440 802 1521 830 faelis
1539 803 1653 835 nostris,
1667 802 1749 829 virtu-

964 852 1018 875 tem
1036 856 1086 883 pro
1109 848 1243 883 dignitate
1265 847 1420 880 laudemus,
1439 853 1466 876 et
1491 848 1584 876 itidem
1602 848 1629 875 in
1649 848 1752 876 caeteris

117 895 252 926 ὡσαύτως
269 895 300 922 τὸ
326 895 419 931 θαῦμα
440 895 487 922 τοῦ
509 895 592 930 σοφοῦ
610 896 638 922 ἐν
659 896 692 931 τῇ
720 895 848 931 μετουσίᾳ
863 894 913 929 τῆς

967 895 1094 922 omnibus
1122 895 1285 923 miraculum
1312 895 1444 931 sapientis
1473 895 1683 930 participatione
1711 902 1752 921 sa'

119 942 218 977 σοςρίας
239 941 418 978 πληρούσθω·
435 941 449 968 ὁ
469 941 520 976 τῆς
537 940 730 976 ἀκτημοσύνης
750 940 870 972 ἔπαινος,
884 941 912 967 ἐν

118 987 160 1023 τῷ
176 988 221 1014 καὶ
237 989 310 1023 ἡμᾶς
326 987 452 1022 γενέσθαι
471 987 519 1022 τῆς
536 987 632 1022 ὑλικῆς
649 986 807 1023 περιουσίας
826 986 914 1021 ἀκτή-

121 1042 224 1068 μονας·
247 1036 264 1069 ὴ
282 1033 415 1069 ὑπεροψία
436 1033 482 1060 τοῦ
500 1033 602 1068 κόσμου
618 1032 712 1059 τούτου
735 1032 772 1067 μὴ
794 1031 914 1066 λεγέσθω

121 1075 214 1111 μένον,
226 1076 266 1103 ὅτι
282 1077 340 1103 ἐστί
353 1085 394 1108 τις
406 1077 535 1112 ἐπαινετὴ
548 1077 596 1103 καὶ
609 1076 731 1110 ἐπίδοξος
742 1085 749 1092 ·
765 1075 833 1103 ἀλλὰ
849 1076 915 1112 μάρ-

119 1129 169 1152 τυς
184 1121 234 1157 τῆς
253 1122 401 1158 ὑπεροψίας
414 1122 469 1148 τῶν
490 1121 561 1149 κατὰ
574 1121 619 1149 τὸν
637 1121 739 1157 κόσμον
764 1119 914 1152 σπουδαζο-

122 1167 212 1203 μένων
229 1169 242 1194 ό
254 1168 310 1203 βίος
323 1168 401 1194 ἔστω.
414 1168 459 1204 Μὴ
470 1167 532 1202 λέγε
546 1167 626 1203 μόνον
637 1167 678 1194 ετι
689 1165 728 1202 τῷ
742 1165 801 1201 Θεῷ
813 1166 915 1198 ἐκεῖνος

121 1215 257 1246 ἀνέκειτο,
277 1214 345 1242 ἀλλὰ
361 1213 461 1245 ἅνάθες
474 1215 521 1241 καὶ
538 1214 569 1240 σὺ
584 1213 697 1241 σεαυτὸν
708 1212 747 1248 τῷ
760 1211 830 1247 Θεῷ·
851 1211 914 1247 μήθ’

120 1261 164 1288 ὅτι
179 1260 259 1296 μόνον
279 1258 313 1297 ἦν
333 1261 407 1296 αὐτῷ
424 1260 518 1296 κτῆμα
535 1261 552 1295 ἡ
566 1259 732 1295 ἐλπιζομένῃ
749 1259 914 1291 ἀνάπαυσις,

121 1307 192 1335 ἀλλὰ
206 1307 253 1334 καὶ
273 1308 304 1334 σὺ
320 1307 485 1343 θησαύρισον
502 1306 607 1341 σεαυτῷ
629 1305 723 1333 τοῦτον
738 1305 783 1334 τὸν
800 1304 916 1332 πλοῦτον

121 1354 219 1390 ὥσπερ
239 1354 342 1386 ἐκεῖνος
353 1362 360 1368 ·
376 1354 464 1386 ἔξεστι
477 1354 548 1388 γάρ’
571 1352 720 1389 μετέθηκεν
743 1353 846 1384 ἐκεῖνος
864 1351 917 1378 ἀπὸ

122 1402 175 1436 γῆς
190 1402 230 1433 εἰς
250 1400 364 1436 οὐρανὸν
382 1400 412 1427 τὸ
424 1400 585 1435 πολίτευμα,
603 1399 718 1435 μετάθες
729 1399 776 1426 καὶ
794 1399 836 1426 σύ.
855 1399 917 1430 Τοῖς

123 1448 234 1480 ἀσύλοις
244 1447 290 1474 τοῦ
303 1447 418 1483 οὐρανοῦ
434 1446 771 1483 θησαυροφυλακείοιςτὸν
789 1445 853 1472 ἴδιον
876 1446 918 1471 ὲν-

124 1493 242 1522 απέθετο
259 1493 372 1520 πλοῦτον
381 1501 388 1510 ’
408 1493 527 1528 μίμησαι
540 1492 585 1519 διὰ
599 1492 699 1519 τούτων
715 1491 761 1519 καὶ
774 1492 806 1518 σὺ
821 1491 866 1518 τὸν
877 1490 916 1517 δι-

123 1538 269 1566 δάσκαλον.
296 1537 520 1574 Κατηρτισμένος
538 1537 593 1574 γὰρ
609 1537 687 1564 ἔσται
714 1536 838 1572 μαθητὴς
852 1535 890 1567 ὡς
904 1537 918 1562 ό

124 1585 286 1617 διδάσκαλος
303 1584 396 1612 αὑτοῦ.
414 1584 470 1611 Καὶ
484 1584 539 1620 γὰρ
551 1585 579 1610 ὲν
594 1585 650 1616 τοῖς
663 1583 767 1614 λοιποῖς
780 1581 919 1617 ὲπιτηδεύ⁹

127 1639 221 1667 μασιν,
235 1631 250 1657 ὁ
267 1630 352 1666 ίατρῷ
374 1630 557 1666 μαθητεύσας,
575 1630 592 1665 ἢ
605 1629 759 1666 γεωμέτρῃ,
773 1628 791 1664 ἢ
813 1629 918 1664 ῥήτορι,

124 1677 316 1711 ἀναξιόπιστος
343 1677 489 1712 ἐπαινέτης
501 1676 552 1712 τῆς
573 1675 620 1703 τοῦ
642 1675 802 1703 διδασκάλου
823 1675 919 1710 τέχνης

127 1725 284 1760 γενήσεται,
300 1725 324 1751 εί
342 1723 381 1760 τῷ
396 1723 446 1760 μὲν
461 1723 532 1760 λόγῳ
548 1721 682 1758 θαυμάζοι
696 1722 743 1748 τοῦ
763 1720 920 1756 καθηγητοῦ

127 1771 177 1807 τὴν
200 1771 366 1806 ἐπιστήμην,
390 1771 431 1805 ἐφ’
449 1768 546 1797 ἑαυτοῦ
573 1769 603 1796 δὲ
619 1768 737 1795 δεικνύοι
766 1767 849 1802 μηδὲν
873 1765 921 1792 τοῦ

127 1818 267 1853 θαύματος
279 1817 362 1851 ἄξιον.
385 1817 458 1853 Ἐρεϊ
470 1817 524 1853 γάρ
539 1825 581 1847 τις
601 1816 670 1851 πρὸς
684 1815 764 1843 αὐτόν
776 1823 781 1828 ·
799 1813 862 1846 Πῶς
875 1812 919 1840 λέ-

134 1873 189 1899 ιιις
210 1864 300 1900 ἰατρὸν
312 1864 358 1890 τδν
374 1863 471 1891 ἑαυτοῦ
491 1863 660 1895 διδάσκαλον,
675 1861 756 1893 αὐτὸς
777 1860 922 1896 ἁνιάτρευ-

126 1918 175 1942 τος
190 1909 244 1942 ὥν;
258 1910 293 1936 Ἦ
310 1909 368 1941 πῶς
391 1909 514 1945 μαθητὴν
530 1908 645 1935 σεαυτὸν
660 1906 698 1943 τῷ
719 1906 866 1942 γεωμέτρῃ
880 1904 924 1932 λέο

128 1963 201 1989 γεις,
218 1954 339 1990 ἀπείρως
353 1954 401 1990 τῆς
418 1953 589 1989 γεωμετρίας
602 1952 688 1988 ἔχωνς
711 1951 781 1978 Ἀλλ’
798 1951 878 1982 εἴτις
895 1950 924 1976 ἐν

129 1999 220 2036 ἑαυτῴ
235 1999 354 2027 δείκνυσι
372 1999 421 2036 τὴν
439 1999 538 2035 τέχνην
589 1998 772 2034 ἐμαθήτευσε,
797 1996 925 2030 σεμνύνει

129 2046 165 2083 τῇ
183 2046 244 2074 καθ’
261 2047 355 2074 ἑαυτὴν
370 2047 510 2082 ἐπιστήμῃ
523 2045 568 2072 τὸν
587 2046 636 2080 τῆς
650 2045 747 2080 τέχνης
767 2041 926 2078 καθηγησάο

133 2101 224 2128 μενον.
250 2091 343 2124 Οὕτως
360 2092 408 2119 καὶ
427 2092 507 2127 ἡμεῖς
524 2091 550 2117 oi
565 2090 705 2118 Βασίλειον
720 2088 866 2124 αὐχοῦντες
886 2087 926 2114 δι-

131 2137 277 2170 “animi
301 2137 340 2173 τῷ
360 2137 410 2173 βίῳ
426 2136 558 2172 δείξωμεν
576 2136 626 2172 τὴν
651 2134 812 2171 μαθητείαν,
839 2133 927 2159 ἐκεῖνο

132 2184 282 2219 γινόμενοι,
297 2184 366 2219 ὕπερ
380 2183 461 2210 αὑτὸν
482 2182 632 2218 ὀνομαστόν
652 2189 682 2208 τε
703 2181 750 2208 καὶ
766 2180 853 2216 μέγαν
868 2178 928 2214 Θεῷ

965 939 1074 974 pientis:
1099 944 1311 974 repraesentetur
1325 950 1331 968 :
1348 941 1408 968 laus
1424 941 1604 976 paupertatis.
1632 947 1680 974 per
1693 939 1753 972 hoc,

964 991 993 1013 ut
1008 985 1090 1013 etiam
1105 993 1156 1013 nos
1171 986 1372 1022 superﬂuarum
1389 987 1552 1014 facultatum
1572 985 1756 1015 matcrialittm

964 1036 1089 1066 expertes
1115 1032 1202 1060 simus
1224 1041 1232 1064 ;
1258 1037 1432 1068 contemptus
1463 1032 1558 1060 nmndi
1591 1032 1674 1067 hujus
1701 1040 1759 1059 non.

966 1078 1047 1106 modo
1070 1078 1179 1106 dicatur
1198 1079 1270 1114 quod
1293 1080 1330 1107 sit
1357 1079 1505 1107 laudabilis
1532 1083 1614 1114 atque
1637 1077 1755 1113 gloriosa

966 1124 1090 1159 quaedam
1109 1132 1153 1152 res
1169 1133 1176 1151 :
1193 1124 1240 1152 sed
1256 1132 1350 1153 earnm
1367 1132 1472 1157 rerum.
1491 1131 1552 1159 quae
1563 1131 1611 1160 por
1625 1122 1756 1151 mundum

967 1171 1120 1206 probantur
1144 1174 1172 1198 et
1198 1175 1380 1206 expetuntur,
1409 1169 1626 1206 contemptionis
1651 1177 1684 1197 ac
1711 1169 1756 1197 dc-

967 1217 1119 1252 spicientia:
1142 1218 1220 1245 testis
1246 1218 1283 1246 sit
1311 1218 1376 1245 vita.
1393 1216 1433 1245 Ne
1455 1216 1533 1245 dicas
1561 1216 1663 1250 solum,
1685 1215 1761 1251 quod

968 1261 1013 1288 illc
1045 1260 1100 1289 Deo
1127 1261 1288 1293 dedicatus,
1313 1265 1341 1289 et
1366 1261 1494 1290 addictus
1517 1265 1608 1291 esset.
1636 1259 1701 1292 sed,
1729 1262 1760 1285 tu

967 1315 1086 1343 quoque,
1108 1313 1134 1336 te
1159 1309 1248 1344 ipsum
1274 1308 1329 1337 Deo
1356 1308 1453 1337 dedica
1481 1311 1564 1343 atque
1588 1306 1678 1338 addie,
1709 1313 1758 1334 nec

968 1354 1041 1389 quod
1065 1355 1155 1382 solum
1175 1355 1200 1382 ci
1222 1355 1324 1382 bonum
1351 1358 1434 1389 atque
1458 1352 1599 1388 possessio
1612 1355 1695 1384 esset,
1715 1358 1758 1384 ea,

969 1407 1031 1434 qua:
1050 1404 1189 1434 speratur,
1211 1399 1403 1435 requies:sed
1429 1399 1512 1426 etiam
1540 1399 1598 1433 ipse
1623 1404 1759 1433 congrega

970 1446 1019 1473 tibi
1044 1446 1094 1473 has
1112 1446 1235 1478 divitias,
1254 1445 1485 1482 «ltlemadmodum
1502 1444 1557 1472 ille.
1572 1443 1649 1470 Licet
1664 1443 1736 1470 enim
1752 1451 1758 1469 :

971 1491 1112 1518 transtulit
1138 1491 1183 1518 ille
1209 1491 1243 1519 de
1269 1495 1342 1518 terra
1367 1489 1430 1517 vita!
1461 1489 1620 1517 institutum
1652 1487 1679 1514 in
1703 1494 1760 1514 em-

971 1535 1042 1567 lum,
1058 1534 1178 1562 transfer
1197 1535 1259 1562 item
1279 1539 1318 1562 tu.
1336 1533 1365 1560 In
1388 1531 1574 1561 sacrosanctis
1594 1535 1621 1559 et
1637 1539 1652 1558 a
1669 1530 1760 1558 furum

970 1579 1074 1615 injuria
1096 1578 1162 1606 tutis
1181 1578 1243 1606 εωιί
1269 1576 1376 1605 aerariis
1401 1584 1466 1604 suas
1483 1576 1595 1604 divitias
1610 1575 1760 1610 deposuit:

971 1623 1080 1651 imitare
1100 1629 1149 1658 per
1176 1622 1233 1649 luec
1259 1621 1342 1649 etiam
1372 1624 1402 1647 tu
1426 1619 1602 1656 magistrum.
1621 1617 1764 1645 Perfectus

971 1671 1044 1698 enim
1071 1670 1126 1698 erit
1147 1668 1313 1704 discipulus,
1339 1667 1361 1694 si
1381 1667 1417 1695 sit
1435 1666 1509 1694 sicut
1537 1665 1669 1701 magister
1691 1662 1762 1699 ejus.

972 1716 1078 1744 Etenim
1101 1715 1128 1743 in
1147 1715 1262 1750 reliquis
1275 1720 1386 1749 quoque
1400 1712 1461 1740 vita:
1475 1711 1575 1739 studiis
1593 1713 1676 1746 atque
1689 1717 1764 1738 exrr-

973 1763 1046 1790 citiis
1061 1762 1107 1797 qui
1125 1761 1225 1789 medici
1239 1759 1394 1796 discipulus
1410 1758 1473 1791 fuit,
1488 1762 1537 1786 aut
1549 1761 1706 1793 genmetrm,
1718 1759 1765 1783 aut

973 1810 1104 1842 rhetoris,
1119 1808 1250 1844 indignus
1265 1807 1310 1835 cui
1328 1807 1397 1835 ﬁdes
1410 1806 1544 1834 habeatur
1559 1803 1683 1840 magistri
1698 1803 1765 1830 artis

973 1856 1102 1885 laudator
1123 1855 1186 1888 erit,
1212 1854 1236 1882 si
1259 1854 1386 1881 oratione
1405 1851 1514 1888 quidem
1536 1851 1679 1880 scientiam
1697 1857 1766 1885 prae-

974 1901 1097 1937 ceptoris
1113 1900 1286 1934 admiretur;
1305 1899 1332 1926 in
1356 1898 1450 1934 seipso
1465 1904 1531 1925 vero
1555 1896 1622 1924 nihil
1647 1895 1767 1926 admira-

975 1948 1050 1974 tione
1062 1946 1174 1981 dignum
1187 1944 1324 1972 ostendat.
1341 1943 1417 1971 Dicet
1432 1942 1505 1970 enim
1516 1941 1619 1976 aliquis
1635 1940 1669 1968 ad
1682 1947 1744 1967 eum
1760 1949 1766 1966 :

976 1993 1028 2026 Qui
1046 1992 1117 2020 dicis
1136 1991 1270 2019 medicum
1291 1995 1368 2017 tuum
1394 1989 1481 2017 fuisse
1506 1988 1681 2024 magistrum,
1704 1993 1768 2014 cum

977 2039 1036 2074 ipse
1051 2037 1196 2065 medicina:
1213 2037 1328 2072 ignarus
1349 2035 1404 2064 sis?
1427 2035 1480 2062 Aut
1495 2032 1633 2069 quomodo
1648 2036 1675 2060 te
1686 2031 1770 2059 disci-

977 2084 1070 2120 pulum
1091 2087 1238 2119 geometra:
1255 2081 1337 2114 dicis,
1358 2089 1421 2109 cum
1448 2080 1604 2116 geometriae
1626 2078 1769 2113 imperitus

977 2131 1036 2160 sis?
1052 2129 1152 2158 Verum
1168 2129 1191 2157 si
1208 2129 1270 2164 quis
1287 2128 1313 2156 in
1329 2127 1421 2163 seipso
1437 2125 1577 2162 specimen
1592 2125 1671 2157 artis,
1687 2131 1770 2159 quam

977 2176 1117 2208 didicerit,
1128 2175 1202 2207 edat,
1221 2182 1270 2202 sua
1290 2174 1406 2202 scientia
1424 2173 1492 2200 artis
1507 2176 1704 2209 praeceptorem
1723 2178 1770 2198 or-

133 2216 182 2258 καὶ
192 2216 495 2266 ἀνθρώποις-ἐποίησεν,
507 2216 536 2256 ἐν
545 2227 656 2265 Χριστῷ
674 2226 761 2264 Ἰησοῦ
778 2226 816 2262 τῷ
831 2225 917 2261 Κυρίη

979 2228 1026 2251 nat
1052 2227 1135 2257 atque
1159 2221 1307 2249 honestat..
1326 2219 1364 2247 Ita
1388 2219 1471 2247 etiam
1501 2226 1570 2251 nos,
1591 2217 1638 2254 qui
1670 2216 1772 2245 Basilio

133 2275 224 2311 ἡμῶν,
275 2275 292 2310 ή
306 2274 369 2307 δόξα
387 2262 436 2301 καί
447 2274 477 2304 τὺ
495 2262 608 2310 κράτος,
622 2262 662 2306 είς
675 2262 738 2306 τοῦς
757 2271 860 2303 αἰῶνας
872 2270 917 2298 τῶι

980 2268 1113 2304 magistro
1133 2275 1184 2295 nos
1194 2267 1332 2302 iactamus
1349 2270 1378 2294 et
1396 2265 1559 2301 gloriamur,
1576 2264 1633 2292 vita
1648 2262 1773 2298 discipli—

134 2308 253 2349 αίώνωνξ
275 2308 372 2356 ’Ᾰμήψ
516 2308 522 2310 -

981 2323 1043 2342 nam
1060 2313 1239 2342 ostendamus
1256 2322 1264 2341 :
1279 2312 1313 2340 ad
1332 2311 1399 2339 illud
1417 2311 1554 2339 enitentes
1571 2313 1599 2338 et
1613 2308 1772 2339 evadentes,

135 2366 211 2403 quod
232 2354 324 2402 ipsum
339 2354 451 2394 ielarum
476 2368 504 2393 et
526 2372 656 2401 magnum
689 2363 744 2392 Deo
768 2367 850 2398 atque
875 2360 1036 2389 hominibus
1063 2359 1137 2393 fecit,
1158 2366 1206 2394 per
1242 2357 1382 2386 Christum
1407 2355 1500 2384 Jcsum
1539 2354 1685 2385 Dominum
1723 2359 1774 2380 no-

136 2420 237 2450 strum,
254 2415 299 2444 cui
320 2414 406 2451 gloria
429 2419 455 2442 et
471 2413 616 2450 imperium
641 2414 670 2441 in
687 2411 787 2441 mula
806 2409 981 2439 saeculorum.
1004 2408 1099 2435 Amen.
