1912 3082
55 137 125 168 8‘25

587 140 630 168 DE
651 140 734 168 VITA
756 141 784 168 S.
805 140 932 169 PATRIS
952 138 1106 168 EPlllUEM
1127 141 1217 169 SYRI.

1662 141 1714 169 826

57 199 199 226 εὐσέεεια
214 200 254 232 είς
269 200 345 232 Θεὸν,
368 200 466 236 μελέτη
483 201 537 228 τῶν
552 201 630 229 θείων
648 202 775 237 Γραφῶν,
787 203 857 237 ἁγνι-

922 203 1052 229 virtntum
1065 209 1181 230 examen
1192 203 1383 239 consequitur,
1401 202 1478 236 fides,
1492 211 1565 238 spes,
1577 203 1711 236 Charitas,

60 246 142 281 σμὸς
157 246 247 282 ψυχῆς
260 247 307 273 καὶ
323 246 458 282 σώματος,
477 248 583 284 δάκρυα
603 248 726 284 διηνεκῆ,
747 248 868 284 ἐρημικὴ

57 292 222 325 διαὸίωσις,
245 294 262 328 ὴ
283 294 316 320 ἐκ
337 294 421 321 τόπου
436 295 475 326 είς
489 294 571 322 τόπον
594 293 779 330 ἀναχώρησις,
794 294 868 330 φυγὴ

60 338 127 365 τῶν
143 339 310 372 ὲπιὸλιιεῶν,
327 340 485 367 διδασκαλία
505 340 627 372 ἁένναος,
645 341 782 376 προσευχὴ
797 342 867 368 ἀκα-

60 384 239 417 τιὶπαυστος,
257 386 367 421 νηστεία
386 387 433 413 καὶ
453 387 592 422 ἀγρυπνία
612 387 709 422 μέτρον
725 387 775 413 οὐκ
791 387 869 422 ἔχου-

63 439 129 464 σαι,
151 433 285 468 χαμευνία
309 434 355 460 καὶ
375 434 571 469 σκληραγωγία
588 434 667 468 λόγον
688 434 868 468 ὑπερϐαίνου-

62 485 129 510 σαι,
143 478 321 514 ἀκτημοσύνη
332 480 379 506 καὶ
399 481 562 512 ταπείνωσις
575 481 613 510 εἰς
629 480 712 515 ἄκρον
726 479 866 509 ἐλάσασαι,

62 523 243 560 ἐλεημοσύνη
254 525 303 560 τῆς
319 526 426 560 φύσεως
445 526 526 553 αὑτὸν
539 526 589 561 τῆς
606 526 778 561 ἀνθρωπίνης
792 525 866 558 ἐξαί-

66 578 171 605 ρουσα,
195 571 275 606 ζῆλος
295 571 385 603 ἔνθεος
399 572 453 599 τῶν
477 573 548 599 κατὰ
571 573 620 607 τῆς
640 572 780 603 εὑσεὸείας
805 571 868 598 λυτ-

62 615 183 643 τώντων
195 625 201 631 ·
218 617 275 648 καὶ,
291 617 384 649 ἁπλῶς
397 619 495 651 εἰπεῖν,
510 619 564 645 πᾶν
582 619 595 644 ὅ
607 627 632 644 τι
648 618 718 645 κατὰ
734 618 800 644 Θεὸν
812 615 867 644 οἶδε

63 664 287 699 χαρακτηρίζειν
313 664 465 700 ἄνθρωπον.
483 665 546 696 Τοῖς
567 664 699 696 τοιούτοις
720 663 840 695 ἐπαίνοις
854 664 867 690 ὁ

62 711 209 745 ἡμέτερος
225 710 319 746 Πατὴρ
342 710 502 746 ὡραῖζεται,
519 711 566 737 καὶ
587 710 718 744 γινώσκει
739 709 774 736 τὰ
789 709 868 744 λεγό-

66 765 154 791 μενα.
180 758 227 783 καὶ
252 758 286 784 τὰ
309 759 396 784 οἰκεῖα
422 758 565 784 ἐπίσταται
592 758 799 793 προτερήματα,
819 758 867 784 καὶ

65 803 183 838 στέργει
206 804 269 835 τοὺς
290 803 395 838 λόγους,
413 804 451 835 ὡς
476 804 610 837 ὠφελείας
638 804 795 839 προξένους,
817 804 867 830 οὐκ

65 848 158 884 αὐτῷ,
178 849 235 876 ἀλλ’
251 851 333 885 ἡμῖν’
351 850 411 876 ἐπεὶ
429 850 475 876 καὶ
490 850 555 885 ψιλὴ
575 850 669 876 τούτου
684 851 864 886 προσηγορία,

66 896 201 927 ὑπόθεσις
219 897 318 931 ἀρετῆς
329 898 385 928 τοῖς
399 897 552 928 σπουδαίοις
571 896 741 923 καθίσταται.
758 898 795 924 Οὐ
811 897 866 932 γὰρ

65 942 184 968 ἄλλοθεν
204 942 383 978 δεδιδάγμεοα
398 943 493 975 ταῦτα,
508 943 523 978 ἢ
540 944 569 975 ἐξ
590 942 633 971 ὢν
648 943 730 973 αὐτδς
751 943 784 969 τὰ
803 943 866 978 περὶ

66 987 172 1013 ἑαυτοῦ
183 988 270 1022 λόγοις
283 989 471 1023 κατέσπειρεν.
495 989 553 1024 Ἆρ’
564 986 601 1017 ὧν
616 991 695 1024 ἡμεῖς
710 990 747 1020 ὡς
791 991 868 1017 ἐπαι-

66 1033 136 1068 νετὴ
155 1034 277 1068 μέλισσα,
308 1036 340 1061 ἐκ
367 1035 472 1061 πολλῶν
498 1035 600 1062 ἀνθέων
630 1036 806 1069 συλλέξαντες
832 1037 866 1063 τὰ

66 1081 208 1115 χρήσιμα,
227 1081 257 1107 τὸ
276 1081 459 1116 πνευματικὸν
472 1082 551 1108 τοῦτο
572 1083 668 1117 κηρίον
683 1084 866 1119 κατειργασά-

69 1125 154 1160 μεοα.
172 1127 225 1152 Καὶ
245 1128 275 1153 οὑ
291 1127 399 1163 χολανεῖ
413 1129 520 1160 πάντως
539 1129 604 1164 ἡμῖν
619 1129 664 1155 διὰ
677 1129 726 1165 τὴν
741 1130 867 1165 ἐγχείρη-

68 1181 126 1204 σιν,
148 1173 188 1199 ὅτι
204 1173 241 1208 μὴ
264 1173 347 1200 δέδιεν
370 1174 410 1201 ἔτι
426 1174 471 1201 τὸν
493 1175 610 1211 πονηρὸν
629 1175 754 1210 δαίμονα,
772 1175 816 1202 διὰ
836 1175 867 1202 τὸ

68 1219 120 1245 καὶ
140 1219 207 1255 πρὸς
221 1220 297 1255 αὐτῷ
313 1220 367 1248 τῶν
388 1221 501 1255 ἀγώνων
516 1222 556 1256 τῷ
576 1221 647 1249 τέλει
669 1222 783 1254 πολλοὺς
799 1222 866 1249 ὑετο-

69 1265 208 1297 σκελίσαι,
222 1266 295 1299 ἅπαξ
306 1267 352 1294 καὶ
367 1268 407 1300 εἰς
421 1267 485 1299 τοὺς
499 1268 671 1303 άκυμάντους
685 1268 738 1295 τῶν
755 1269 868 1303 ἀσωμά-

68 1321 128 1338 των
154 1312 259 1347 φθάσας
284 1313 406 1349 λιμένας,
426 1314 477 1346 ἔξω
498 1314 627 1350 τυγχάνει
653 1314 701 1341 καὶ
718 1314 802 1350 ζάλης
820 1314 868 1342 κει)⁸

69 1358 217 1390 κλύδωνος.
239 1359 323 1395 Δεῦρο
337 1359 368 1396 δὴ
386 1357 442 1391 οὖν,
460 1360 521 1387 καθ’
534 1360 582 1387 ἕνα
602 1360 656 1387 τῶν
669 1361 868 1397 ἀπηριθμημέ-

69 1413 127 1431 νων
146 1406 244 1441 μικρὺν
265 1407 485 1443 ἐνδιατρίψαντες
502 1407 540 1443 τῷ
557 1407 638 1443 λόγῳ,
655 1405 711 1440 οἷος
727 1407 840 1442 γέγονεν
855 1409 869 1434 ὀ

69 1450 236 1486 θαυμάσιος,
252 1453 299 1479 καὶ
311 1454 351 1485 εἰς
361 1454 422 1480 ὅσον
438 1454 537 1489 μέτρον
553 1456 738 1489 πνευματικῆς
751 1454 869 1489 ἔφθασεν

70 1495 245 1528 ἀναϐάσεως,
263 1498 319 1529 τοῖς
336 1498 552 1534 συνειλεγμένοις
566 1499 814 1535 καθυποδείξωμεν.

919 248 1006 283 pietas
1019 255 1084 282 erga
1100 248 1196 281 Deum,
1210 256 1355 277 sacrarum
1373 249 1585 285 Scripturarum
1600 250 1714 278 medita-

919 294 967 323 tio,
983 293 1066 319 animi
1083 296 1110 319 et
1123 293 1249 328 corporis
1259 294 1377 329 puritas,
1395 294 1577 329 Iacrymatum
1594 294 1712 321 assidui-

919 343 973 372 tas,
990 340 1051 366 vita:
1065 339 1197 369 solitudo.
1215 340 1304 367 eloco
1318 341 1344 368 in
1362 341 1451 367 locum
1478 342 1609 371 secessio.
1627 340 1713 367 malo-

919 394 980 412 rum
1001 384 1087 421 -fuga,
1113 386 1240 413 doctrina
1267 391 1410 422 perpetua,
1430 387 1551 421 precatio
1567 387 1711 418 continua,

916 432 1052 467 jejunium
1067 437 1094 460 et
1112 433 1211 468 vigilite
1240 433 1437 465 immoderatte,
1459 434 1535 461 humi
1550 433 1671 465 cubatio,
1686 437 1713 460 et

918 479 982 506 vitae
1001 479 1152 507 austeritas
1176 487 1246 514 pene
1272 480 1452 512 incredibilis,
1472 479 1626 507 voluntaria
1644 486 1713 514 pau-

919 530 1012 560 pertas
1041 534 1103 553 cum
1144 525 1299 553 humilitate
1335 526 1481 562 singulari,
1524 524 1712 552 misericordia

918 572 1066 599 lmmanam
1110 573 1296 601 conditionem
1334 581 1481 608 superans.
1526 572 1603 600 zelus
1643 571 1713 598 diri-

918 627 972 646 uus
990 619 1018 646 in
1032 627 1080 647 eos
1095 620 1141 655 qui
1160 620 1235 647 rabie
1258 620 1389 647 adversus
1404 620 1531 654 pietatem
1556 624 1638 654 atque
1670 625 1713 645 re-

918 665 1047 700 ligionem
1064 665 1279 699 inveherentur;
1296 671 1395 693 cuneta
1413 666 1542 701 denique,
1559 665 1660 700 quibus
1678 663 1712 690 ad

919 710 966 738 Dei
987 711 1133 746 imaginem
1151 711 1233 738 homo
1262 711 1421 746 insignitur.
1451 709 1516 737 Istis
1543 714 1636 737 noster
1668 708 1713 735 hic

919 757 1000 784 Pater
1026 757 1174 785 decoratur
1198 757 1341 790 laudibus;
1372 764 1432 791 qua:
1465 760 1712 783 commemoramus

918 803 1054 838 agnoscit,
1072 804 1268 838 pra‘rogativas
1284 803 1334 830 has
1350 810 1413 830 esse
1428 801 1565 837 proprias,
1581 808 1642 827 eum
1658 807 1711 826 nou

918 850 994 883 latet;
1009 857 1039 876 ac
1052 857 1193 877 sermones
1204 850 1296 881 hosce,
1314 854 1343 876 ut
1362 849 1451 881 nobis,
1468 856 1522 875 non
1540 847 1592 874 sibi
1618 846 1711 877 utiles,

920 904 975 923 non
991 897 1154 924 contemnit.
1167 895 1234 923 Nam
1253 897 1294 923 rel
1309 896 1407 931 exigua
1421 895 1454 923 de
1480 895 1540 929 ipso
1560 892 1711 923 enarratio,

919 942 1050 970 studiosis
1060 950 1143 970 causa
1154 942 1369 977 complectenda:
1378 941 1487 970 exsistit
1496 939 1614 967 virtutis.
1623 938 1712 972 Atque

919 990 972 1018 ista
989 998 1043 1017 non
1055 989 1177 1021 aliunde,
1196 989 1242 1016 sed
1255 996 1288 1015 ex
1305 988 1350 1021 iis,
1366 996 1427 1023 qua:
1443 988 1469 1014 in
1480 986 1565 1014 variis
1581 986 1639 1020 ipse
1653 983 1712 1012 suis

918 1034 1404 1070 disseminavitscriptis,didicimus.
1419 1034 1455 1060 Ex
1470 1032 1710 1068 quibus,inquam,

919 1084 1022 1111 sedula-2
1040 1083 1127 1110 instar
1142 1082 1212 1117 apis,
1229 1090 1262 1109 ex
1277 1081 1405 1116 plurimis
1422 1080 1535 1106 floribus
1554 1078 1630 1105 utilia
1655 1077 1713 1104 col—

917 1130 1046 1165 ligentes,
1063 1128 1154 1155 favum
1169 1128 1243 1155 hunc
1254 1127 1424 1163 spiritualem
1439 1123 1713 1153 confecimus.Nobis

918 1183 983 1203 vero
1000 1175 1057 1202 haec
1074 1175 1134 1209 ipse
1162 1174 1329 1201 conantibus
1352 1179 1528 1207 nequaquam
1552 1170 1711 1199 subirasce-

919 1221 1100 1256 tur.quando
1117 1220 1263 1249 scelestum
1290 1220 1453 1251 daemonem,
1482 1217 1529 1253 qui
1545 1216 1646 1244 multos
1671 1215 1714 1242 vel

919 1268 946 1295 in
962 1272 1086 1295 extremo
1100 1274 1187 1301 agone
1201 1266 1383 1301 supplantare
1398 1264 1478 1295 solet.
1502 1271 1557 1290 non
1585 1260 1715 1297 pertime-

920 1313 973 1342 scit
985 1313 1120 1348 amplius;
1133 1312 1190 1347 jam
1206 1312 1278 1339 enim
1295 1311 1328 1338 ad
1346 1309 1523 1344 tranquillum
1539 1306 1714 1343 pervenitin-

921 1366 1119 1394 corporeorum
1149 1360 1271 1392 portum,
1301 1357 1346 1383 ubi
1369 1355 1460 1383 nullas
1476 1354 1587 1381 otnuino
1613 1351 1716 1387 procel-

922 1407 962 1434 las
979 1405 1140 1433 reformidat
1165 1407 1248 1438 atque
1263 1406 1450 1437 tempestates.
1469 1399 1526 1435 Age
1547 1399 1641 1434 igitur,
1659 1397 1717 1425 sin-

922 1453 993 1488 gulis
1009 1460 1115 1483 corum,
1137 1458 1197 1485 qua:
1210 1453 1370 1477 enumerata
1390 1450 1465 1480 sunt,
1494 1445 1637 1481 paululum
1664 1443 1716 1470 im-

924 1503 1075 1531 morantes,
1090 1497 1181 1533 qualis
1215 1496 1334 1523 eximius
1354 1495 1406 1522 iste
1425 1493 1468 1520 vir
1485 1491 1613 1524 evaserit,
1630 1493 1658 1518 et
1687 1489 1716 1517 in

70 1551 156 1577 quem
172 1543 287 1578 gradum
307 1543 458 1579 spiritualis
470 1546 659 1573 sanctimoniae
676 1546 796 1580 seipsum
816 1546 973 1580 provexerit
984 1545 1027 1572 his
1041 1544 1086 1579 qui
1104 1545 1295 1571 convenerunt
1309 1540 1500 1568 ostendamus.

109 1590 233 1621 Πίστεως
257 1590 306 1625 μὲν
318 1590 373 1626 γὰρ
387 1589 442 1626 εἶχε
463 1590 523 1618 λίαν
539 1592 636 1626 ὀρθῶς,
656 1593 686 1619 οὐ
705 1592 800 1628 πόρρω
816 1601 857 1618 ποτ

956 1591 996 1618 Ad
1014 1591 1094 1618 fidem
1112 1597 1176 1625 ergo
1193 1588 1267 1624 quod
1283 1588 1390 1619 attinet,
1414 1586 1488 1613 nulla
1511 1593 1544 1612 ex
1560 1587 1637 1619 parte
1651 1589 1717 1617 pro.-

70 1634 161 1662 νεύων
176 1634 226 1670 τῆς
247 1635 388 1668 εὐσεϐείας
400 1644 407 1651 ο
427 1636 518 1668 καθὼς
531 1636 563 1664 ἔκ
586 1646 615 1664 τε
628 1638 682 1664 τῶν
702 1637 784 1665 αὑτοῦ
806 1646 870 1672 συγ-

71 1682 259 1717 γραμμάτων,
276 1681 308 1709 Ex
321 1691 350 1709 τε
365 1683 416 1717 τῆς
429 1684 492 1719 περὶ
508 1684 590 1711 αὑτὸν
611 1684 664 1711 ὑπὸ
680 1685 729 1718 τῆς
754 1685 870 1720 Ἐκκλη-

74 1729 137 1760 σίας
154 1728 364 1764 παρειλήφαμεν
382 1729 459 1765 δόξης
473 1738 480 1744 ·
496 1729 525 1762 ἐξ
548 1731 605 1757 ἴσου
630 1731 685 1766 γὰρ
702 1731 871 1766 ἐμυσάττετο

72 1776 125 1811 τὴν
150 1775 197 1802 τοῦ
225 1775 369 1802 Σαϐελλίου
396 1776 552 1811 παράλογον
579 1776 719 1811 σύγχυσιν,
745 1777 792 1803 καὶ
821 1776 870 1812 τὴν

80 1822 187 1857 Ἀρείου
210 1821 329 1856 μανιώδη
344 1821 486 1857 διαίρεσιν.
505 1822 612 1848 Ἵστατο
625 1821 653 1848 δὲ
664 1821 718 1848 τῶν
728 1823 779 1857 τῆς
793 1822 871 1848 εὐσε-

74 1869 153 1899 ϐείας
167 1869 238 1904 ὅρων
253 1867 328 1899 ἐντός
337 1876 344 1883 ·
360 1866 471 1903 διαιρῶν
483 1867 532 1902 μὲν
543 1867 582 1903 τῷ
594 1867 713 1903 ἀριθμῷ.
727 1867 870 1894 συνάπτων

74 1915 103 1941 δὲ
120 1916 152 1949 τῇ
174 1914 252 1949 οὐσίᾳ
270 1914 321 1950 τὴν
346 1914 410 1949 μίαν
424 1914 471 1941 καὶ
491 1913 642 1949 ἀσύγχυτον
662 1914 709 1940 καὶ
735 1915 872 1948 παναγίαν

76 1961 180 1996 Τριάδα
189 1968 195 1975 ’
208 1961 244 1993 ὼς
259 1960 293 1988 ἂν
309 1962 377 1996 μήτε
390 1961 484 1987 πενίαν
498 1961 623 1996 θεότητος
642 1960 793 1992 Ἰουδαϊκῶς
802 1962 871 1987 ὀνει-

76 2008 188 2040 δίζοιτο,
208 2009 276 2043 μήτε
292 2008 370 2043 δήμῳ
387 2006 462 2034 Θεῶν
483 2006 647 2042 Ἑλληνικῶς
663 2006 868 2041 ἐκϐακχεύοιτο·

77 2055 96 2082 ἃ,
113 2055 209 2081 παθεῖν
227 2055 251 2081 οἱ
267 2054 330 2089 περὶ
350 2054 398 2089 τὴν
418 2053 610 2088 ἀκατάληπτον
622 2052 726 2088 Τριάδα
738 2053 869 2087 παροινή-

78 2109 176 2132 σαντες
201 2100 397 2135 ἐξελέγχονται.
427 2098 616 2133 “Λπολιναρίου
641 2098 669 2124 δὲ
693 2097 820 2124 τοσοῦτον
840 2098 871 2124 τὸ

77 2148 175 2182 ἄλογον
191 2147 371 2181 ἀπεπέμπετο
389 2146 487 2181 δόγμα,
512 2146 549 2176 ὼς
570 2146 659 2171 πᾶσαν
677 2145 770 2171 θέσθαι
789 2153 872 2171 σπου-

76 2194 126 2230 δὴν
141 2195 173 2221 ἐκ
189 2194 278 2228 πάσης
294 2192 359 2219 αὐτὸ
373 2192 566 2228 Χριστιανικῆς
582 2191 696 2224 ἑξεῶσαι
709 2190 806 2226 ψυχῆς.

921 1639 965 1665 eul
982 1645 996 1664 a
1015 1638 1116 1672 pietate
1131 1635 1290 1666 deﬂectens,
1308 1633 1455 1660 admodum
1474 1635 1547 1659 recte
1563 1630 1716 1658 sentiebat:

920 1684 994 1720 quod
1009 1692 1071 1711 eum
1084 1683 1145 1717 ejus
1160 1690 1193 1709 ex
1209 1681 1331 1716 scriptis,
1349 1684 1406 1707 tum
1423 1686 1456 1706 ex
1469 1677 1598 1705 Ecclesia:
1613 1675 1647 1702 de
1659 1675 1718 1709 ipso

919 1729 1122 1758 existimatione
1136 1727 1220 1762 probe
1237 1726 1435 1761 cognovimus;
1453 1731 1515 1751 nam
1533 1730 1612 1758 atque.
1626 1726 1652 1749 et
1669 1721 1718 1747 I'al-

920 1784 978 1803 sam
997 1775 1109 1803 Sabellii
1126 1773 1329 1805 confusionem,
1343 1775 1370 1799 et
1387 1771 1511 1798 insanam
1526 1768 1582 1796 Arii
1605 1767 1718 1794 divisio-

923 1831 985 1850 nem
1003 1821 1226 1850 abominabatur.
1243 1817 1379 1846 Constitit
1394 1820 1484 1843 autem
1501 1815 1527 1841 in
1545 1813 1645 1840 finibus
1660 1812 1717 1846 pie-

922 1869 987 1896 tatis
1003 1873 1084 1902 atque
1101 1866 1241 1901 religionis
1258 1874 1264 1892 :
1287 1864 1327 1891 sic
1345 1863 1447 1898 quippe
1463 1867 1556 1891 unam,
1580 1867 1634 1886 non
1649 1865 1716 1884 eon-

922 1916 1031 1946 fusam,
1057 1916 1318 1945 sacrosanctamque
1341 1908 1523 1937 Trinitatem.
1552 1909 1578 1933 et
1604 1910 1718 1931 numero

924 1967 1105 1996 persnnarum
1131 1956 1283 1987 dividebat,
1306 1959 1333 1982 et
1352 1954 1456 1981 unitate
1473 1950 1636 1979 substantia:
1652 1956 1719 1976 con-

922 1995 1055 2042 iungebat
1076 2014 1082 2031 ι
1111 2008 1141 2031 ut
1167 2011 1256 2037 neque
1280 2000 1433 2029 divinitatis
1458 1998 1579 2033 inopiam
1605 1995 1719 2022 Jmlaice

924 2040 1090 2080 contumelia
1117 2048 1246 2080 alliceret,
1268 2054 1360 2081 neque
1387 2045 1501 2072 deorum
1529 2040 1718 2073 imiltitudiue,

925 2104 1001 2124 more
1020 2095 1162 2130 gentilium
1177 2100 1208 2119 ac
1221 2098 1389 2127 paganorum
1401 2088 1627 2116 debaccharetur.
1640 2084 1719 2118 Quod

925 2143 979 2170 illis
995 2142 1158 2175 contingere
1180 2136 1411 2173 deprehendimus
1424 2155 1431 2167 ,
1454 2134 1500 2170 qui
1518 2134 1545 2160 in
1562 2133 1719 2166 incompre-

925 2188 1088 2216 hensibilem
1097 2185 1259 2213 Trinitatem
1275 2183 1429 2219 petulanter
1441 2178 1632 2208 contumeliosi
1642 2181 1717 2205 sunt.

76 2242 314 2270 Absurdissimam
328 2226 409 2276 porro
421 2240 581 2275 Apollinarii
592 2239 750 2274 opinionem
766 2239 807 2265 sic
823 2237 1021 2268 detestabatur,
1032 2240 1061 2262 ut
1076 2234 1149 2260 onmi
1172 2235 1272 2260 conatu
1291 2235 1374 2266 atque
1393 2228 1580 2257 sollicitudine
1592 2226 1717 2254 eamdem

77 2297 111 2316 ex
130 2286 292 2322 querumvis
306 2285 527 2312 Christianorum
543 2284 644 2312 animis
659 2284 775 2310 evellere
790 2283 922 2310 studeret.

119 2333 201 2360 ’Λλλα
220 2331 272 2367 μὴν
296 2332 344 2358 καὶ
370 2330 424 2357 τῶν
450 2330 596 2366 Ἀνομοίων
620 2329 664 2356 διὰ
681 2329 785 2356 πολλῶν
802 2329 856 2354 ἀπο

959 2326 1031 2360 Quin
1049 2330 1076 2353 et
1096 2324 1206 2355 futiles.
1222 2323 1424 2357 etfrenatasque
1441 2321 1639 2348 Anomuaorum
1665 2318 1719 2346 lin-

75 2378 221 2406 δεικτικῶν
234 2385 264 2403 τε
280 2376 326 2404 καὶ
341 2376 488 2411 Γραφικῶν
507 2376 604 2410 λόγων,
623 2375 658 2401 τὰ
678 2374 808 2402 ἀπύλωτα
830 2375 873 2400 ὲν-

76 2425 183 2460 ἐιρραξε
202 2424 334 2459 στόματα,
348 2422 481 2458 μεγίστην
498 2421 646 2456 ἀσφάλειαν
661 2422 726 2456 ἡμῖν
741 2420 775 2447 τὰ
790 2419 873 2446 αὑτοῦ

76 2472 237 2500 θεοδίδακτα
255 2470 341 2497 λιπὼν
356 2470 444 2504 λόγια.
462 2469 584 2495 Νουὸιτου
604 2468 632 2494 δὲ
655 2469 679 2494 εἰ
696 2467 817 2502 βούλοιτό
831 2475 874 2498 τις

76 2518 126 2546 τοῦ
143 2518 311 2553 θρασυτάτου
331 2517 442 2552 ἥττημα
456 2515 586 2545 κατιδεῖν.
605 2516 633 2541 ὲν
650 2515 683 2550 τῇ
697 2514 740 2540 διὰ
761 2514 815 2540 τῶν
830 2513 875 2538 λό-

78 2575 136 2600 γων
148 2564 196 2591 τοῦ
218 2562 338 2599 Ἐφραίμ
354 2562 427 2598 πάλῃ
450 2561 481 2587 τὸ
493 2561 541 2588 τοῦ
564 2560 682 2587 ἐναντίου
699 2559 799 2594 πτῶμα
815 2559 875 2594 βλε-

78 2612 166 2644 πέτω,
194 2607 255 2647 ὲνῇ
275 2609 401 2636 τοσοῦτον
426 2609 537 2644 εὑρήσει
552 2608 583 2634 τὺ
605 2607 700 2643 περιὸν
720 2607 769 2642 τῆς
794 2605 874 2632 δυνά-

81 2666 155 2693 μεως
175 2656 223 2683 τοῦ
249 2655 383 2691 ἡμετέρου
411 2654 577 2681 Διδασκὰλου
604 2654 633 2679 ὲν
657 2654 690 2688 τῇ
718 2651 765 2679 τοῦ
794 2651 873 2685 λόγου

79 2703 265 2739 παραστάσει,
280 2701 346 2736 ὅσην
369 2699 465 2735 ἀνδρὸς
480 2696 701 2734 παγκρατιαστοῦ
717 2697 763 2724 καὶ
781 2696 875 2728 παιδὸς

79 2749 130 2776 οὐκ
155 2746 298 2778 εὐσθενοῦς
318 2747 352 2773 δι’
368 2746 535 2781 ἁπαλότητα.
553 2746 589 2772 Οὐ
612 2745 691 2780 μόνον
707 2744 735 2771 δὲ
751 2743 799 2775 τὰς
814 2743 875 2770 κατ’

81 2797 171 2823 ἐκεῖνο
186 2794 283 2831 καιροῦ
299 2794 321 2829 ἢ,
334 2794 380 2820 καὶ
395 2793 512 2828 πρόσθεν
524 2791 689 2826 ἀναφυείσας
703 2790 756 2817 ὑπὸ
767 2790 814 2817 τοῦ
826 2790 875 2824 τῆς

82 2841 182 2872 κακίας
208 2839 331 2874 σπορέως
346 2837 513 2871 ζιζανιώδεις
527 2837 657 2873 αἱρέσεις,
674 2835 713 2871 τῷ
727 2834 799 2871 ὀρθῷ
823 2834 873 2869 τῆς

82 2888 201 2917 πίστεως
225 2884 352 2921 ἐξήλεγξε
375 2884 464 2920 λόγῳ⁸
487 2883 554 2910 ἀλλὰ
574 2883 620 2910 καὶ
637 2881 686 2913 τὰς
702 2882 741 2913 εἰς
759 2880 872 2916 ὕστερον

925 2382 993 2410 guas
1011 2373 1095 2399 variis
1115 2370 1286 2406 argumentis
1299 2390 1306 2402 ,
1333 2368 1537 2403 Seriptul‘requc
1554 2366 1720 2394 testimoniis

926 2420 1036 2454 penitus
1052 2418 1195 2453 repressit.
1213 2423 1376 2450 summeque
1391 2414 1468 2441 utilia
1484 2421 1516 2441 ac
1532 2413 1623 2440 divina
1640 2412 1720 2440 nobis

925 2466 1072 2493 adversum
1096 2472 1143 2492 eos
1167 2467 1344 2490 montuucnta
1366 2460 1487 2496 reliquit.
1520 2459 1549 2487 Si
1575 2459 1639 2495 quis
1655 2466 1720 2486 vero

926 2514 953 2541 in
975 2512 1004 2539 S.
1024 2511 1151 2547 Ephraem
1175 2509 1396 2544 disputationum
1419 2515 1481 2535 cum
1506 2506 1629 2538 N0vato,
1648 2513 1718 2533 con-

926 2559 1012 2591 ﬂictu,
1040 2558 1133 2593 cupiat
1157 2555 1336 2583 audacissimi
1361 2554 1421 2589 ejus
1444 2551 1571 2580 contueri
1588 2556 1718 2586 stragem,

927 2605 1077 2633 adversarii
1094 2611 1189 2631 casum
1211 2601 1343 2636 respiciat
1359 2603 1476 2634 oportet.
1494 2598 1533 2625 lbi
1548 2596 1621 2624 enim
1632 2602 1720 2630 usque

926 2652 995 2678 adeo
1011 2649 1168 2685 superiores
1185 2647 1213 2674 in
1237 2647 1297 2682 ipso
1315 2644 1475 2673 certaminis
1500 2649 1649 2677 congressu
1668 2648 1719 2667 no-

926 2698 976 2725 stri
991 2696 1113 2724 doctoris
1128 2695 1200 2721 vires
1215 2692 1346 2723 inveniet.
1367 2694 1396 2717 ut
1419 2691 1491 2716 hunc
1506 2687 1719 2723 pancratiastem

929 2749 1011 2778 atque
1031 2746 1195 2769 certatorem
1214 2739 1364 2768 invictum,
1390 2737 1467 2763 illum
1492 2738 1582 2761 autem
1609 2733 1717 2759 mollem

929 2798 961 2817 ac
978 2794 1106 2823 tanquam
1122 2793 1235 2821 puerum
1252 2784 1373 2811 nomium
1394 2786 1472 2809 aetate
1493 2780 1630 2807 ﬁrmalum
1643 2779 1719 2805 dixe-

927 2835 972 2862 rit.
991 2832 1085 2868 Neque
1105 2838 1169 2858 vero
1191 2831 1252 2858 illas
1278 2831 1424 2859 duntaxat,
1448 2834 1508 2861 quae
1525 2825 1566 2853 vel
1581 2830 1657 2856 tunc,
1676 2823 1716 2850 vel

927 2885 1005 2907 antea
1024 2877 1191 2906 zizaniorum
1211 2876 1328 2903 haereses
1346 2882 1376 2901 ex
1397 2873 1506 2900 malitiae
1532 2871 1636 2899 semine
1659 2870 1719 2897 fue-
