1912 3082
37 129 118 159 8⁶ὶ9

575 136 620 164 DE
642 136 722 165 Vl'l'A
741 137 771 166 S.
791 138 920 169 PATRIS
938 141 1093 170 EPllRi‘EM
1115 143 1205 174 SYRI.

1646 142 1697 170 850

90 193 250 241 Εὐσέβειαν
265 194 294 241 δε
308 195 337 222 ὲν
363 196 396 231 τῇ
419 196 467 232 τῆς
481 198 565 229 ὄντως
580 198 676 234 κτήσει
692 199 789 234 σοφίας
810 201 856 237 ἐμ·

947 202 1079 234 Pietalem
1095 213 1160 234 vero
1180 209 1263 241 atque
1288 205 1448 241 religionem
1466 213 1493 232 ιιι
1509 212 1572 232 vera
1589 204 1698 239 sapien-

39 240 267 276 παρωσάμενος
281 240 363 276 (κατὰ
376 241 406 268 τὺ
421 242 450 269 ὲν
471 242 530 269 ’1ὼῦ
543 244 686 279 εἰρημένον
695 253 702 260 ·
723 245 795 273 Ἰδοὺ
808 254 859 273 ευ-

39 284 165 313 σέϐειά
187 287 252 313 ἐστι
268 288 371 322 σοφία)
396 287 429 315 δι’
445 288 549 324 αὐτῆς,
571 289 609 322 ὡς
632 291 730 327 μικρὸν
755 292 860 320 ἄνωθεν

39 331 247 369 ἐδηλώσαμεν.
261 334 310 369 τῆς
327 334 444 366 πίστεως
460 334 542 362 αὐτοῦ
562 335 591 362 is
607 336 727 372 καθαρὸν
742 337 859 374 διαγρά-

41 387 169 411 φοντες,
187 381 226 412 εἰς
244 380 357 416 οὐρανὸν
376 382 424 417 μὲν
440 382 540 417 τρίτον,
557 383 629 410 κατὰ
643 383 758 416 Παῦλον,
776 384 858 420 ἀνῆλ‹

41 423 125 459 Θεν,
147 426 279 454 ἀθάνατον
301 427 329 454 δὲ
345 427 394 463 τὴν
416 430 527 464 μνήμην
548 429 595 456 καὶ
620 429 719 466 διαρκῆ
740 431 790 466 τὴν
814 431 859 458 εὓ-

42 471 156 499 κλειαν
173 473 248 508 παρά
264 475 297 509 τῇ
319 474 465 511 Ἐκκλησία
488 475 695 512 πεπλούτηκεν·
716 477 733 513 ἠ
758 477 858 514 μελέτη

42 517 83 544 δὲ
102 518 193 554 τούτῳ
203 519 257 546 τῶν
272 519 350 546 θείων
361 520 475 557 Γραφῶν
491 521 522 548 ἐκ
541 521 589 557 τῆς
602 522 748 558 Δασιδικῆς
771 523 858 558 ἀνῆψε

41 561 214 598 λαμπάδος,
233 563 285 591 Ἐν
298 564 336 599 τῇ
345 565 459 600 μελέτῃ
479 575 549 601 μου,
573 567 732 601 φάσκοντος,
749 567 858 595 ἐκκαυ-

42 609 186 642 θήσεται
199 610 268 645 πῦρ.
288 610 376 647 Ἔρως
392 612 446 647 γὰρ
466 612 546 639 αύτῦν
569 612 688 649 πολήσας
709 621 858 649 πνευματι-

43 655 113 691 κῆς
127 657 254 692 Θεωρίας,
263 658 303 690 εἰς
314 657 399 692 φλόγα
411 659 547 694 μετέωρον
558 658 604 685 τὸν
619 659 701 686 πόθον
716 659 856 695 ἀνήγειρε.

45 702 157 729 Πᾶσαν
182 703 237 738 γὰρ
264 703 386 730 Παλαιὰν
410 711 440 730 τε
468 704 515 730 καὶ
540 704 645 740 Καινὴν
671 703 858 739 ἐκμελετήσας

45 749 184 786 Γραφὴν,
201 749 248 777 καὶ
259 749 296 782 ὼς
307 749 358 776 οὒκ
368 749 446 781 ἄλλος
461 758 503 782 τις
523 751 580 781 τοῖς
602 749 734 781 τοιούτοις
754 749 855 786 θεωρή-

47 803 146 828 μασιν
168 795 412 831 ὲμφιλοχωρήσας,
439 796 503 831 ὅλην
527 795 649 832 ἀκριϐῶς
681 796 749 832 πρὸς
783 795 857 829 λέξιν

44 841 244 876 ἡρμήνευσεν,
259 841 312 868 ἀπό
329 850 359 868 τε
373 842 422 877 τῆς
433 841 637 877 κοσμογενείας,
651 841 698 869 καὶ
712 841 792 877 μέχρι
805 841 857 876 τῆς

910 251 955 277 tiae
970 251 1145 285 possessione
1161 251 1343 286 comparavit,
1363 251 1514 279 secundum
1538 250 1604 277 illud
1618 250 1669 278 Job
1688 260 1696 280 :

909 295 978 323 Ecce
994 296 1080 324 cultus
1096 296 1145 325 Dei
1161 302 1200 325 est
1218 298 1347 333 sapientia
1356 298 1388 325 ι’.
1404 296 1456 325 Per
1470 297 1556 330 illam,
1573 302 1602 325 ut
1618 298 1698 332 paulo

909 345 984 374 ante,
1011 342 1084 370 illius
1107 343 1256 378 puritatem
1279 342 1341 370 ﬁdei
1364 343 1562 375 describentes,
1578 343 1699 371 ostendi-

908 395 980 417 mus.
995 388 1133 423 quomodo
1154 388 1184 418 S.
1199 388 1301 417 Paulus
1315 389 1343 416 in
1368 389 1477 416 tertium
1498 389 1621 416 ascendit
1641 396 1698 416 cce-

908 434 963 461 lum
975 434 1006 466 ",
1024 438 1210 469 a'ternamque
1225 435 1276 462 sibi
1290 435 1408 462 nominis
1423 435 1537 470 gloriam
1558 435 1586 462 in
1603 434 1710 462 Ecclec'

907 480 975 507 siam
988 481 1104 515 paravit.
1124 480 1270 508 Sacrarum
1292 488 1400 516 quoque
1417 480 1697 515 Scripturarumhuie

906 534 939 553 ex
958 525 1087 554 Davidica
1101 527 1211 555 lucerna
1234 535 1351 555 accensa
1370 531 1412 555 est
1428 527 1578 558 meditatio,
1596 534 1695 554 secun-

907 572 972 599 dum
990 572 1063 600 istud
1084 582 1090 601 :
1110 572 1143 601 In
1160 573 1331 602 meditatione
1346 582 1403 601 mea
1420 572 1571 600 exardescet
1586 573 1696 608 ignis".

907 616 1048 653 Siquidem
1059 626 1147 652 amor,
1156 619 1276 647 caelestis
1285 618 1522 653 contemplationis
1535 618 1596 654 igne
1607 619 1696 652 ipsum

906 665 1080 698 accendens,
1109 665 1268 693 sublimium
1284 672 1376 693 rerum
1403 665 1529 692 ardorem
1546 665 1696 692 excitabat.

905 709 973 737 Nam
987 718 1094 738 omnem
1108 716 1135 738 et
1148 711 1295 746 Antiquam
1306 715 1333 738 et
1344 710 1445 738 Novam
1462 709 1634 745 Scripturam
1648 717 1696 737 as-

906 756 987 784 siduo
1000 757 1102 789 studio,
1119 761 1148 783 ut
1166 756 1258 792 quivis
1271 757 1353 789 alius.
1370 756 1493 785 studiose
1511 755 1641 787 versavit,
1654 763 1697 782 ac-

906 807 1056 838 curateque
1080 802 1114 830 ad
1129 802 1242 830 verbum
1257 806 1298 830 est
1323 802 1530 837 interpretatus,
1543 807 1570 828 et
1585 800 1620 828 ab
1635 800 1695 835 ipsa

906 849 1097 885 procreatione
1123 849 1229 881 mundi,
1251 856 1339 883 usque
1362 848 1396 875 ad
1413 853 1583 883 postremum
1599 846 1695 881 gratia:

44 887 216 935 τελευταίας
227 888 276 923 τῆς
291 887 400 923 χάριτος
416 887 518 922 βίϐλου,
534 887 568 915 τὰ
584 887 654 923 βάθη
667 887 720 915 τῶν
737 896 855 922 κεκρυμ-

907 895 1017 927 librum,
1042 902 1102 931 qua:
1119 895 1221 929 abdita,
1242 903 1356 931 quaeque
1375 903 1475 922 arcana
1498 901 1531 922 ac
1553 893 1693 922 recondita

46 931 151 966 μένων
169 933 208 965 είς
227 932 381 970 τούμιρανὲς
403 932 515 968 ἀγαγὼν
541 932 727 969 θεωρημάτων
740 952 747 966 ,
766 932 855 969 λύχνῳ

49 977 233 1013 κεχρημένος
249 977 288 1014 τῷ
305 978 457 1014 Πνεύματι.

58 1061 70 1068 _
91 1025 133 1052 Οὐ
150 1025 231 1061 μόνον
245 1025 273 1052 δὲ
285 1024 387 1061 ταύτης
401 1025 451 1059 τῆς
465 1024 603 1060 ἡμετέρας
617 1024 663 1051 καὶ
676 1023 854 1051 θεοπνεύστου

46 1071 158 1106 σοφίας
183 1072 243 1098 ὅλον
269 1071 316 1098 τὸν
341 1071 525 1107 πνευματικὸν
548 1070 674 1106 κρατῆρα
698 1070 853 1102 ἐκπέπωκε,

46 1118 103 1144 καὶ
117 1119 174 1149 τοῖς
189 1117 278 1149 ἄλλοις
295 1117 446 1153 μετέδωκεν
458 1125 466 1132 ·
480 1117 547 1144 ἀλλὰ
568 1117 615 1144 καὶ
630 1116 681 1152 τῆς
695 1116 747 1150 ἔξω
759 1124 855 1152 κοσμι-

45 1165 122 1200 κῆς,
135 1165 185 1200 ὅση
199 1173 228 1192 τε
246 1164 311 1200 περὶ
323 1163 353 1191 τὸ
366 1163 633 1200 κατεγλωττισμένον
648 1163 695 1189 καὶ
714 1163 793 1198 ὀρθδν
807 1162 854 1189 τοῦ

45 1211 149 1245 λόγου,
164 1211 213 1246 ὅση
229 1219 258 1238 τε
273 1211 337 1247 περὶ
350 1210 381 1237 τὸ
392 1209 447 1237 τῶν
462 1210 605 1246 νοημάτων
619 1209 711 1245 βάθος,
725 1210 765 1236 ὅτι
781 1208 854 1244 μάλα

48 1257 223 1292 ὲξασκήσας,
245 1257 307 1284 ὅσον
333 1255 383 1292 μὲν
413 1254 549 1292 χρήσιμον
571 1253 772 1291 προσελάϐετο·
792 1253 854 1280 ὅσον

46 1304 74 1330 δ’
93 1304 237 1340 ἀνόνητον.
259 1301 421 1335 άπεῢάλετο,
436 1300 516 1338 ζυγῷ
531 1299 703 1336 δικαιοσύνης
715 1299 764 1327 καὶ
783 1300 854 1336 πρᾶ‹

49 1350 98 1382 ειν
123 1350 171 1377 καὶ
187 1349 304 1385 θεωρίαν
325 1349 576 1384 ἐμπορευσάμενος.
600 1347 724 1382 ’Δγνείαν
740 1346 768 1373 δὲ
788 1355 853 1373 κατ-

47 1397 170 1432 ώρθωσε
187 1396 276 1431 ψυχῆς
294 1404 323 1422 τε
349 1395 396 1422 καὶ
414 1394 548 1430 σώματος,
565 1394 631 1429 ὅσην
647 1394 664 1429 ἡ
684 1392 764 1428 φύσις
784 1391 853 1428 exo-

49 1451 116 1479 pst-
136 1442 236 1479 μᾶλλον
250 1442 278 1469 δὲ
295 1441 342 1468 καὶ
361 1441 430 1476 ὑπὲρ
448 1441 497 1476 τὴν
517 1440 608 1475 φύσιψ
624 1439 734 1475 χάριτος
751 1438 805 1474 γὰρ
822 1438 854 1464 τδ

48 1490 153 1526 δῶρον.
181 1489 249 1517 οὕτε
278 1488 332 1526 γὰρ
359 1488 407 1524 τὴν
426 1487 515 1524 ψυχὴν
537 1487 586 1522 τῆς
607 1486 678 1513 κατὰ
700 1486 745 1512 τὸν
773 1485 853 1520 ὀρθὴν

48 1536 136 1570 λόγον
150 1535 232 1569 ἕξεως
244 1534 358 1561 ἐνεδίδου
378 1532 600 1570 παρασφαλῆναι,
613 1531 669 1558 ἀλλ’
683 1529 717 1567 ἦν
732 1530 770 1563 ὡς
784 1530 852 1566 άλη-

905 946 994 974 erant,
1010 941 1124 979 spiritus
1140 941 1252 977 adjutus
1272 941 1384 974 lumine,
1404 939 1609 970 commentariis
1630 939 1693 966 illu-

896 987 1014 1027 stravit.

940 1032 1035 1069 Neque
1063 1042 1129 1063 Vero
1156 1034 1293 1063 duntaxat
1321 1033 1406 1068 hujus
1435 1037 1538 1060 nostrze
1560 1029 1694 1058 divinitus

905 1086 1044 1107 concessa:
1060 1080 1202 1114 sapientiae
1219 1079 1315 1106 latices
1340 1078 1442 1110 hausit,
1459 1077 1574 1112 aliiSque
1591 1076 1695 1111 imper-

905 1125 972 1153 titus
992 1131 1047 1156 est,
1073 1126 1121 1153 sed
1144 1125 1227 1152 etiam
1245 1131 1303 1155 cas.
1319 1131 1380 1159 quae
1394 1122 1429 1150 ad
1446 1129 1520 1150 recte
1544 1126 1695 1156 ornateque

904 1171 1015 1200 «licendi
1032 1173 1177 1202 rationem.
1195 1179 1226 1199 ac
1242 1171 1275 1198 ad
1293 1171 1425 1198 doctrina:
1436 1169 1615 1198 subtilitatem
1632 1175 1696 1203 per-

905 1219 1003 1253 tinent,
1029 1224 1103 1247 artes
1129 1221 1212 1254 atque
1234 1217 1395 1254 disciplinas
1420 1222 1557 1252 quatenus
1578 1214 1695 1242 ducebat

904 1265 1008 1298 utiles,
1030 1265 1139 1300 rejectis
1159 1264 1238 1293 vanis
1258 1264 1406 1298 stultisqne
1429 1263 1510 1290 rebus
1523 1281 1532 1294 ,
1554 1259 1696 1297 aequitatis

903 1311 982 1339 lance
1010 1311 1144 1339 actionem
1172 1310 1486 1347 contemplationemque
1517 1307 1693 1343 ponderans.

903 1356 1036 1384 exercuit.
1059 1356 1148 1383 Animi
1173 1363 1254 1392 porro
1274 1355 1451 1390 corporisque
1470 1353 1619 1385 mtmditia,
1643 1359 1693 1386 pro

904 1401 1024 1429 hominis
1045 1406 1154 1434 natura,
1181 1401 1236 1428 imo
1253 1404 1280 1429 et
1295 1407 1378 1436 supra
1403 1399 1589 1427 conditionem
1612 1397 1694 1432 quasi

905 1447 1051 1474 hunanam
1068 1445 1141 1482 (cum
1158 1446 1194 1474 sit
1209 1446 1304 1481 gratia:
1317 1445 1427 1480 donum)
1438 1443 1575 1471 excelluit.
1589 1442 1694 1470 Revera

903 1493 977 1519 enim
991 1491 1084 1519 animo
1098 1491 1209 1527 quidem
1226 1491 1388 1527 imperabat,
1403 1497 1519 1525 corpore
1541 1493 1632 1516 autem
1648 1497 1693 1516 re-

904 1538 1073 1574 splendeliat,
1089 1538 1380 1572 perturbationemque
1393 1537 1532 1564 dominam
1545 1534 1694 1563 circumfe-

50 1583 123 1615 θῶς,
136 1582 208 1618 ψυχῇ
232 1582 281 1618 μὲν
300 1581 464 1617 βασιλεύων,
492 1579 598 1616 σώματι
619 1578 648 1606 δὲ
674 1577 853 1613 άγλαοφανῶς

907 1586 992 1613 rebat.
1009 1584 1087 1618 Quod
1110 1592 1142 1612 et
1160 1583 1279 1616 insidiis,
1296 1591 1356 1618 qua:
1368 1583 1404 1614 ei,
1419 1582 1489 1610 sicut
1503 1581 1640 1608 memorize
1652 1583 1696 1608 est

51 1629 261 1664 ἐξαστράπτων.
280 1629 335 1655 Καὶ
361 1628 494 1664 μαρτυρεί
520 1627 576 1657 τοῖς
596 1624 752 1661 λεγομένοις
768 1625 785 1660 ἡ
803 1624 853 1658 τῆς

53 1676 253 1710 ἱστορουμένης
268 1674 370 1710 πόρνης
391 1673 538 1710 μεταῆολὴ,
553 1673 586 1708 ἠν
609 1671 676 1708 πρὸς
693 1671 792 1702 κακίας
809 1670 853 1697 δέ-

51 1721 124 1756 λεαρ
148 1722 162 1747 ὁ
178 1720 349 1756 βροτοκτόνος
373 1720 545 1756 χρησάμενος
563 1718 662 1754 Βελίαρ
685 1718 724 1749 εἰς
745 1716 853 1752 ἀπάτην

51 1766 104 1792 τοῦ
119 1767 325 1802 πεφωτισμένου
339 1767 444 1802 ἀνδρὸς,
461 1765 586 1793 τοσοῦτον
598 1765 701 1800 ἀπέσχε
716 1763 763 1791 τοῦ
779 1762 854 1790 ἐλπι-

53 1812 185 1845 σθέντος,
199 1813 237 1845 ὡς
263 1813 309 1840 καὶ
334 1812 418 1849 αὐτὴν
436 1813 486 1850 τὴν
510 1811 666 1848 μοιχαλιδὴν
687 1811 746 1837 κατ’
770 1808 853 1836 αὑτοῦ

51 1860 163 1888 ἑκείνου
187 1859 234 1886 τοῦ
258 1859 456 1898 ὑπερϐαλόντος
483 1857 690 1897 παρατάξασθαι
718 1855 851 1896 Πονηροῦ,

52 1908 106 1934 καὶ
131 1905 308 1942 παραινέσεσι
335 1904 382 1932 καὶ
404 1905 538 1940 τροπαῖς,
566 1904 626 1935 ταῖς
650 1911 681 1929 τε
701 1901 755 1929 τῶν
774 1900 854 1928 θείων

51 1953 146 1987 λόγοιν
157 1951 272 1987 ἐπῳδαῖς
289 1950 513 1986 μεταϐληθεῐσαν,
535 1949 582 1976 καὶ
604 1948 672 1984 πρὸς
684 1948 714 1975 τὸ
730 1949 855 1983 κρεῖττον

54 1996 306 2034 μεταπλασθεῖσαν,
326 1995 452 2033 σώφρονα
474 1995 524 2030 μὲν
544 1994 605 2020 ἀντὶ
627 1993 787 2028 ἀκολάστου,
808 2001 854 2019 σε-

55 2044 125 2079 μνὸν
139 2043 167 2069 δὲ
180 2042 238 2069 ἀντὶ
258 2042 386 2077 άρειέμνου⁷
400 2040 448 2068 καὶ
465 2039 588 2075 καθαράν
603 2039 665 2067 ἀντὶ
682 2037 854 2075 μεμολυσμέ-

52 2098 108 2125 vr);
127 2087 332 2123 ἀποδειχθῆναι.

93 2189 218 2224 Δάκρυον
228 2187 257 2220 δὲ
269 2187 299 2214 τὸ
315 2186 426 2216 άένναον
439 2186 526 2217 εἰπεῖν
543 2185 646 2214 ἐκείνου
663 2184 770 2220 ῥεῖθρον
787 2192 854 2219 προ-

55 2234 208 2270 Θυμηθέντι
232 2242 291 2273 μοι,
313 2232 440 2271 δακρύειν
462 2231 546 2263 ὅντως
565 2231 728 2269 ἐπέρχεται·
753 2230 794 2256 ὃτι
815 2229 852 2265 μὴ
870 2255 890 2282 D

54 2281 118 2316 δίχα
130 2279 238 2312 ναύτου,
255 2279 287 2306 τὺ
309 2279 358 2314 μὲν
370 2278 424 2307 τῶν
445 2277 570 2313 δακρύων
585 2276 666 2303 αὑτοῦ
685 2275 801 2310 πέλαγος
814 2275 852 2310 τῷ

55 2329 129 2362 λόγῳ
157 2335 198 2358 τις
223 2325 419 2353 διαπλεύσειεν.
445 2325 488 2356 Ὠς
514 2324 568 2360 γὰρ
597 2324 680 2351 πᾶσιν
699 2321 852 2360 ἀνθρώποις

57 2375 200 2409 σύμφυτον
215 2372 246 2399 τδ
260 2373 397 2404 ἀναπνεῖν,
417 2370 464 2398 καὶ
478 2371 521 2397 ἀεὶ
541 2369 751 2405 ἐνεργούμενον·
766 2367 852 2400 οὕτως

62 2419 186 2455 Ἐφρατμ
199 2418 229 2445 τδ
250 2418 436 2453 δακρυρῤοεῖν,
453 2417 490 2443 Οὐ
507 2417 561 2451 γάρ
576 2416 677 2452 ἡμέρα,
697 2415 728 2442 οὐ
748 2415 806 2447 νὺξ,
820 2414 851 2440 ού

57 2463 246 2500 μεσονύκτιον,
263 2463 312 2498 οὐχ
334 2462 403 2498 ὥρα,
428 2462 458 2489 οὐ
485 2461 602 2497 στιγμῆς
623 2461 654 2487 τὸ
678 2460 851 2492 λεπτότατον,

55 2511 101 2536 ὅτε
117 2509 199 2545 ξηρὸς
212 2510 227 2536 ό
242 2509 334 2536 τούτου
350 2508 518 2540 άνύστακτος
536 2507 674 2542 ὀφθαλμὸς
695 2506 852 2541 καθωρᾶτο’

56 2556 96 2589 πῆ
115 2555 165 2591 μὲν
181 2555 215 2582 τὰ
230 2556 316 2591 κοινῇ,
390 2554 416 2581 δὲ
438 2554 472 2580 τὰ
488 2554 560 2586 ἰδίως
578 2553 801 2587 ἀποκλαιόμενος,
816 2551 853 2584 ὡς

56 2602 161 2637 ἔλεγεν,
177 2601 355 2636 ἀτοπήματα·
374 2602 535 2635 στεναγμοῖς
549 2600 577 2626 δὲ
599 2600 634 2627 τὰ
653 2600 707 2630 τῶν
723 2598 854 2640 ὀμμάτων

58 2649 149 2683 σοειςῶς
163 2647 318 2683 ἐποχετεύει
328 2647 438 2683 ῥεῖθρα·
453 2647 553 2683 μᾶλλον
567 2646 595 2672 δὲ
610 2646 742 2681 χεύμασιν
752 2642 852 2678 ὀφθαλ-

58 2693 118 2728 μῶν
137 2693 200 2726 τοὺς
219 2693 386 2727 στεναγμοὺς
400 2692 562 2725 ἐξεκαλεῖτο.
585 2692 639 2718 Καὶ
655 2689 688 2726 ἦν
704 2689 854 2726 παράδοξος

57 2737 223 2773 ἀμφοτέρων
239 2738 255 2772 ἡ
270 2737 392 2773 πρόοδος,
416 2736 463 2763 τοῦ
485 2737 578 2771 ἐτέρου
600 2735 672 2762 uitia
691 2736 737 2761 τοῦ
759 2734 853 2770 ἑτέρου

58 2784 232 2820 φαινομένου·
243 2783 347 2811 ἔτικτον
359 2783 413 2818 γάρ
428 2782 470 2809 ἐπ’
486 2782 559 2817 αύτῷ
573 2782 676 2817 δάκρυα
692 2781 750 2816 μὲν,
761 2789 854 2807 στενα-

114 2873 199 2901 "Job
215 2879 251 2899 xii
265 2894 271 2904 ,
288 2873 333 2906 l5;
352 2881 445 2904 rxrnx,
466 2873 511 2900 9.8.
553 2873 571 2887 ""
589 2873 609 2900 ll
622 2872 684 2900 Cor.
705 2879 751 2904 xu,
768 2871 784 2898 Ξ
804 2879 864 2907 sqq.

905 1631 1054 1667 proditum.
1071 1631 1105 1658 ab
1126 1629 1263 1665 impudica
1278 1633 1390 1657 structa:
1405 1632 1469 1656 sunt
1486 1627 1610 1659 muliere,
1626 1625 1695 1654 satis

904 1679 1095 1707 conﬁrmatur.
1119 1677 1186 1704 Nam
1209 1685 1271 1705 cum
1290 1684 1323 1705 ea
1348 1681 1477 1711 tanquam
1497 1681 1560 1702 esca
1576 1673 1694 1709 quadam

906 1725 1028 1757 malitim,
1043 1725 1076 1751 ad
1095 1723 1240 1751 fallendum
1257 1722 1391 1758 insignem
1409 1731 1442 1749 ac
1455 1729 1546 1748 rarum
1566 1720 1639 1747 hunc
1654 1719 1696 1747 vi-

905 1779 965 1799 rum
979 1770 1116 1799 homicida
1130 1769 1214 1800 Belial
1230 1777 1298 1797 usus
1314 1773 1388 1796 essut
1405 1778 1411 1796 :
1428 1773 1532 1795 tantum
1546 1766 1643 1797 abfuit.
1666 1769 1696 1793 ut

904 1817 976 1852 quod
996 1820 1131 1853 sperarat,
1154 1819 1379 1854 consequeretur,
1396 1818 1425 1841 ιιι
1453 1814 1536 1841 etiam
1561 1812 1697 1840 adversus

907 1863 997 1897 ipsum
1020 1862 1222 1893 insidiatorem,
1235 1868 1293 1888 eam
1315 1860 1373 1895 ipse
1385 1860 1570 1887 decertantem
1588 1858 1615 1885 in
1628 1865 1697 1885 cott-

905 1908 978 1937 tlictu
1005 1908 1179 1935 constituerit
1197 1915 1204 1933 :
1227 1906 1363 1943 siquidem
1383 1904 1631 1936 cohortationibus,
1653 1907 1697 1930 at-

905 1962 957 1990 que
974 1953 1218 1986 admonitionibus,
1237 1951 1447 1989 divinarumque
1462 1950 1599 1977 rationum
1616 1948 1696 1984 quasi

906 1999 1153 2032 incantationibus,
1184 1998 1271 2033 ipsam
1297 2004 1460 2025 conversam
1490 1995 1524 2023 ad
1554 1995 1694 2022 meliorem

906 2045 1010 2083 frugem
1028 2043 1155 2079 perduxit
1172 2052 1179 2069 ι
1197 2047 1225 2069 et
1238 2050 1270 2070 ex
1298 2041 1435 2076 impudica
1453 2040 1591 2076 pudicam,
1609 2046 1641 2065 ex
1656 2038 1696 2065 la-

905 2092 979 2119 sciva
998 2098 1120 2126 gravem,
1136 2097 1171 2117 ex
1187 2089 1328 2124 inquinata
1346 2095 1441 2122 puram
1458 2090 1617 2120 castamque
1636 2084 1695 2112 red-

904 2136 984 2165 didit.

938 2183 1000 2210 Jam
1015 2190 1080 2210 vero
1094 2181 1247 2209 dimucntes
1263 2188 1296 2207 ac
1323 2184 1471 2217 perpetuas
1494 2177 1582 2213 ipsius
1609 2176 1696 2214 lacry-

906 2237 964 2257 mas
979 2228 1080 2256 referre
1097 2227 1209 2259 volenti,
1224 2234 1287 2254 vero
1299 2225 1463 2256 oboriuntur
1476 2223 1615 2266 lacrymas,
1631 2230 1694 2250 cum

906 2275 950 2302 vix
969 2275 1073 2310 absque
1091 2274 1218 2309 laerymis
1238 2273 1299 2305 ejus
1322 2272 1504 2308 lacrymarum
1530 2269 1643 2305 pelagus
1661 2269 1695 2298 li-

905 2325 966 2349 ceat
983 2322 1163 2349 transfretare
1186 2328 1192 2349 ;
1220 2327 1282 2346 nam
1308 2310 1386 2345 sicut.
1405 2316 1514 2344 cum-tis
1537 2315 1696 2344 hominibus

905 2367 975 2397 citra
989 2366 1221 2394 intermissionem
1235 2364 1361 2402 spiritum
1371 2363 1471 2390 ducere
1482 2365 1524 2389 est
1537 2361 1692 2399 proprium:

907 2415 943 2441 ita
975 2413 1054 2440 beato
1071 2412 1195 2447 Ephraem
1222 2411 1332 2438 assidue
1356 2410 1493 2445 lacrymas
1517 2407 1694 2447 profundere,

906 2463 1006 2486 natura
1032 2457 1235 2493 quodammodo
1272 2455 1416 2483 ridebatur
1453 2455 1575 2482 insitum.
1615 2452 1695 2479 Nulla

906 2506 1008 2541 quippe
1025 2504 1095 2535 dies,
1117 2504 1190 2531 nulla
1206 2511 1272 2534 nox,
1290 2502 1363 2529 nulla
1379 2501 1433 2529 diei
1458 2501 1601 2535 noctisque
1618 2507 1694 2534 pars,

907 2551 1069 2584 nullumque
1085 2549 1239 2577 brevissimi
1258 2547 1389 2584 temporis
1403 2550 1608 2574 monumentum
1632 2544 1693 2577 fuit,

906 2597 934 2629 in
948 2604 1003 2632 quo
1021 2603 1076 2624 non
1093 2594 1189 2630 vigiles
1205 2594 1292 2630 ipsius
1311 2592 1384 2623 oculi
1402 2592 1531 2627 lacrymis
1549 2591 1693 2625 conspice-

906 2633 1002 2673 rentur
1016 2640 1122 2676 profusi
1147 2649 1153 2666 :
1178 2647 1251 2667 nunc
1266 2639 1338 2667 enim
1354 2645 1525 2669 communes.
1547 2644 1620 2664 nunc
1637 2636 1693 2670 pri-

906 2693 995 2718 vatas.
1015 2691 1044 2714 ut
1060 2687 1160 2720 aiebat,
1172 2686 1340 2713 calamitates
1351 2683 1588 2718 absurditatesque
1600 2683 1694 2717 deplo-

906 2734 984 2761 rahat
1001 2741 1007 2759 ε
1028 2733 1155 2767 suspiriis
1168 2739 1250 2766 porro
1263 2730 1405 2758 oculorum
1418 2728 1529 2756 llunriua
1544 2728 1694 2764 Prudenter

907 2779 1056 2811 inhibebat,
1073 2781 1120 2804 aut
1134 2777 1223 2813 potius
1240 2776 1382 2804 oculorum
1396 2775 1556 2803 ﬂuminibus
1573 2774 1694 2810 suspiria

905 2871 926 2887 ”
946 2867 1020 2897 Psal.
1037 2875 1148 2900 xxxviii,
1166 2867 1192 2894 ι.
