1912 3082
234 84 283 112 851

870 85 900 113 S.
919 85 1084 114 CREGORII
1105 85 1250 114 NYSSENI
1851 81 1894 108 8-33

235 143 382 171 excitabat.
400 141 520 178 Eratque
544 143 582 171 rei
601 143 743 178 utriusque
759 151 923 178 progressus
939 144 1025 171 admi-

1098 144 1164 179 μηίις
1174 163 1182 175 ι
1194 145 1340 180 στεναγμοὶ
1348 145 1375 172 δὲ
1389 145 1468 172 πάλιν
1477 144 1592 181 δάκρυα·
1605 143 1655 170 καὶ
1670 143 1705 170 τὸ
1723 141 1825 168 αἴτιον
1848 142 1894 172 τειξ

236 188 342 220 rabilis,
359 188 422 215 licet
439 188 560 223 alioquin
586 193 733 224 utrumque
758 189 871 216 alterius
886 188 1025 216 videretur

236 241 332 261 causa.
350 233 524 262 Proﬂuebant
539 235 639 270 quippe
655 234 706 269 ipsi
722 235 859 270 lacrymm,
878 234 1026 269 multisque

238 281 377 316 incognita
404 284 462 308 erat
489 288 585 308 causa.
625 280 693 308 Cum
725 282 797 308 enim
826 285 935 316 tempus
965 281 1027 308 illas

240 335 293 354 non
318 326 449 357 auferret,
465 327 511 354 sed
527 331 621 353 mutua
636 327 754 361 quadam
782 327 983 358 vicissitudine,
1002 331 1029 354 et

239 374 366 409 larrymzc
381 373 512 409 suspiria,
528 378 555 401 et
569 375 687 408 suspiria
703 374 839 409 lacrymas
859 374 1027 408 exciperent,

239 421 398 448 alterutrius
425 428 508 448 causa
538 420 648 448 latebat.
682 419 750 447 Illud
776 428 841 448 vero
871 423 1028 455 cognoscet,

240 467 367 502 quisquis
382 467 470 502 ipsius
485 467 590 502 scripta
607 467 749 495 evolverit.
771 466 866 502 Neque
878 467 952 496 enim
969 471 1031 495 tan-

241 513 394 543 tummodo.
414 513 460 540 ubi
485 513 518 540 dc
539 513 709 548 pmnitentia,
727 513 762 540 de
785 514 917 545 moribus,
936 513 971 542 de
989 521 1032 542 re-

241 559 293 586 ctis
310 559 370 586 vita:
386 560 520 586 institutis
538 559 603 594 agit,
629 560 717 594 ipsttm
734 559 906 595 plangentem
929 567 962 588 ac
984 569 1032 588 su-

242 605 391 639 spiranlcm
408 605 541 638 inveniet;
554 613 647 633 verum
660 610 684 633 ct
698 606 725 632 in
739 605 805 641 ipsis
818 606 1031 639 laudationibus.

242 657 311 685 quas
329 651 489 686 plerumque
505 659 601 678 omnes
615 651 698 678 multa
720 659 867 686 aspergere
884 652 973 679 solent
990 651 1032 680 hi-

243 696 360 722 laritate.
377 695 426 723 llic
439 703 506 723 vero
520 696 646 723 eumdem
661 704 690 723 se
711 696 813 731 ttbique
825 696 951 732 praebuit,
967 697 1034 725 assi-

242 740 350 776 dueque
364 742 473 777 lugendi
488 750 598 775 tnnnus,
615 746 645 769 ut
661 741 773 770 divitias
788 742 929 777 cxpetivit.
956 743 1034 772 Unde

243 791 270 814 et
283 795 354 814 nunc
369 787 425 815 fere
441 792 556 815 cunctos
571 788 658 823 ipsius
673 796 830 816 sermonum
845 789 984 817 auditores
999 790 1032 818 ad

243 841 335 860 verum
351 833 566 868 amplectendam
581 834 664 861 vitam
683 838 792 861 revocat
808 843 814 861 :
830 838 933 862 tantam
945 835 1033 870 ipsius

244 879 325 906 mista
338 879 466 915 lacrymis
482 880 537 907 vim
559 879 681 907 continet
698 880 797 907 oratio.
824 880 892 913 Quis
906 881 978 908 enim
996 881 1033 909 ita

243 924 314 951 duro
329 928 356 952 et
382 925 557 952 adamantino
572 929 614 953 est
630 926 724 957 corde,
742 926 789 961 qui
808 927 868 961 ejus
883 927 965 954 verba
985 935 1034 954 au-

243 971 334 1002 diens,
358 978 412 998 non
428 971 600 1004 mansuetiat,
618 979 780 1007 morumque
799 973 948 1008 asperitate
961 973 1035 1008 abje-

244 1021 311 1048 cta,
340 1018 398 1045 suis
416 1017 503 1052 ipsius
526 1018 646 1052 peccatis
670 1025 703 1045 ex
727 1018 818 1045 animo
844 1026 898 1046 non
923 1018 1037 1047 doleat?

245 1061 311 1095 Qui:
327 1063 394 1090 adeo
410 1063 484 1091 l'erus
499 1069 541 1090 est
564 1067 591 1090 et
608 1063 732 1095 immitis.
750 1064 797 1098 qui
813 1065 961 1092 salutarem
975 1064 1037 1099 ejus

245 1110 398 1137 doctrinam
414 1109 527 1137 auribus
544 1110 698 1145 percipiens
715 1110 835 1145 (tempus
847 1118 902 1138 non
914 1111 1038 1146 deplorct

245 1156 318 1191 quod
335 1164 476 1191 perperam
501 1158 653 1192 transegit?
678 1157 745 1190 Quis
764 1157 832 1186 adeo
851 1157 979 1186 itumauis
995 1163 1036 1186 at-

245 1210 299 1237 que
313 1202 433 1230 crudelis
446 1211 453 1229 :
468 1203 513 1239 qtti
533 1204 615 1231 simul
629 1211 661 1231 ac
673 1204 755 1232 verba
770 1203 831 1238 ejus
845 1205 943 1240 quovis
957 1204 1037 1232 melle

246 1247 369 1275 dulciora
384 1241 556 1283 gustaverit),
572 1257 626 1277 non
643 1258 673 1277 se
686 1257 747 1276 ittux
766 1250 858 1277 mitem
877 1250 1037 1278 amabilem-

246 1301 298 1328 que
313 1294 426 1321 onmino
440 1295 585 1322 exhibeat?
605 1295 672 1328 Quis
686 1295 840 1323 abhorrens
856 1303 872 1323 a
893 1296 1034 1332 lacrymis,

245 1340 282 1368 ita
300 1348 329 1368 se
343 1341 454 1369 tradidit
470 1342 668 1376 voluptatibus,
684 1342 751 1376 quin
770 1341 811 1369 vel
826 1342 941 1370 modicis
962 1343 1035 1371 illius

1077 189 1184 220 πολλοῖς
1194 189 1385 225 ἀγνοούμενον.
1402 191 1505 226 Χρόνου
1519 191 1573 226 γὰρ
1585 189 1675 216 ταῦτα
1693 189 1736 224 μὴ
1755 187 1894 223 διαιρῶ.-

1077 243 1132 268 τος,
1142 234 1199 261 ἀλλ’
1209 234 1253 261 ἀεὶ
1262 235 1316 262 τῶν
1325 236 1484 271 στεναγμῶν
1491 236 1596 272 δάκρυα
1603 233 1832 271 διαδεχομένων,
1842 232 1894 260 εἶτα

1078 281 1159 308 πάλιν
1175 282 1277 310 τούτων
1293 284 1471 318 στεναγμοὺς.
1487 283 1534 309 καὶ
1551 282 1653 309 κύκλου
1671 281 1750 313 τινος
1765 281 1894 314 γιγνομὲ

1079 336 1136 359 νου,
1153 328 1250 364 ἄδηλος
1269 326 1304 365 ἦν
1321 329 1337 364 ὴ
1352 329 1433 364 ἁρχὴ.
1449 328 1496 355 καὶ
1512 327 1627 364 θατέρου
1654 327 1686 354 τὸ
1716 327 1826 353 αἴτιον.
1846 327 1894 352 Κτ“

1079 373 1158 400 τοῦτό
1180 384 1221 407 τις
1238 375 1383 410 κατόψεται
1404 376 1460 406 τοῖς
1482 374 1564 402 αὐτοῦ
1586 373 1808 409 προσομιλήσας
1835 381 1894 405 cur.

1081 424 1251 460 γράμμασιν.
1269 422 1307 449 Οὐ
1329 421 1409 457 μόνον
1431 421 1486 456 γὰρ
1507 421 1727 456 ἀποκλαιόμενον
1754 419 1846 445 αὐτὸν
1867 419 1894 444 ἐκ.

1081 472 1137 502 τοῖς
1159 470 1222 504 περὶ
1240 469 1384 504 μετανοίας
1406 469 1453 496 καὶ
1477 467 1559 504 ἤθους
1580 467 1628 494 καὶ
1654 465 1807 497 πολιτείας
1826 473 1894 500 χρη-

1083 516 1149 551 στῆς
1163 515 1273 552 εὑρήσει
1294 515 1399 549 λόγοις,
1420 514 1487 541 ἀλλὰ
1509 514 1557 540 καὶ
1578 515 1607 540 ὲν
1628 513 1723 543 αὐτοῖς
1743 513 1807 543 τοῖς
1830 520 1894 537 παν⁴

1083 563 1224 598 ηγυρικοίς
1247 560 1330 588 αὑτοῦ
1355 559 1454 595 λόγοις,
1480 560 1545 586 ἔνθα
1577 559 1678 594 πολλὴν
1705 557 1847 584 εἰώθασιν
1869 558 1894 583 ei

1084 608 1204 635 πλεῖστοι
1227 607 1403 643 περιχάρειαν
1425 607 1453 633 ὲν
1477 607 1533 638 τοῖς
1553 605 1644 640 λόγοις
1664 603 1845 631 δείκνυσθαι.
1867 604 1894 628 'U

1083 653 1112 680 δὲ
1130 651 1265 687 πανταχοῦ
1280 651 1378 683 ταὺτὺς
1400 649 1444 686 ἦν,
1466 650 1512 677 καὶ
1533 651 1582 685 τῆς
1603 647 1785 681 κατανύξεως
1804 646 1894 679 διηνε-

1085 698 1140 731 κῶς
1163 697 1288 725 ἐπλούτει
1310 698 1340 725 τὸ
1364 697 1496 733 χάρισμα.
1514 696 1610 723 Ἔνθεν
1636 695 1684 722 καὶ
1711 693 1765 720 νῦν
1802 692 1894 727 σχεδὸν

1085 745 1190 777 πάντας
1211 744 1294 772 αὑτοῦ
1312 744 1373 775 τοὺς
1395 744 1450 770 τῶν
1469 743 1556 777 λόγων
1579 741 1721 778 ἀκροατὰς
1750 739 1825 775 πρὸς
1847 739 1894 773 τὴν

1086 791 1170 822 ὅντως
1183 790 1360 818 ἀνακαλεῖται
1383 789 1465 825 ζωήν.
1487 788 1627 823 Τοσαύτην
1652 787 1732 821 ἰσχὺν
1757 786 1773 812 6
1799 784 1894 812 τούτου

1088 838 1217 872 κέκτηται
1231 836 1408 868 θεόπνευστος
1420 835 1497 870 λόγος
1516 835 1632 870 δάκρυσι
1649 831 1894 867 συγκεκραμένῠς.

1086 884 1165 916 Ποῖος
1181 883 1234 918 γὰρ
1261 882 1433 918 ἀμείλικτος.
1458 882 1475 917 η
1501 883 1533 917 τῇ
1556 880 1654 917 καρδίᾳ
1680 878 1816 913 λιθώδης,
1841 877 1894 920 τιτι

1086 928 1180 955 τούτου
1206 928 1336 963 ῥημάτων
1360 925 1525 956 ἐπακούσας,
1549 924 1578 951 οὐ
1606 921 1833 958 μαλαχθήσεται,
1849 923 1894 946 καί

1086 975 1117 1002 τὸ
1133 974 1250 1009 σκληρὸν
1264 972 1310 1000 τοῦ
1326 972 1407 1008 ἤθους
1422 970 1576 1000 ἀποϐαλὼν,
1587 970 1648 1000 ταῖς
1661 967 1766 995 ἑαυτοῦ
1786 967 1894 996 κακίαις

1087 1019 1301 1054 ἐπιστυγνάσεις
1330 1019 1408 1050 Ποίος
1432 1017 1527 1053 ἄγριος
1550 1016 1580 1042 τὸ
1601 1013 1678 1050 ἦθος,
1705 1013 1723 1048 ἢ
1756 1011 1894 1047 sup-sat;

1087 1066 1132 1093 τὸν
1149 1065 1248 1100 τρόπον
1263 1064 1312 1100 τὴν
1330 1063 1476 1099 ψυχωφελῆ
1495 1061 1670 1090 διδασκαλίαν
1693 1058 1784 1086 αὐτοῦ
1806 1059 1892 1083 ἑνωτι-

1088 1112 1171 1144 σθεὶς,
1187 1112 1236 1139 οὐκ
1252 1111 1333 1143 εὐθὺς
1347 1110 1462 1146 χρηστὸς
1484 1110 1530 1136 καὶ
1547 1107 1682 1142 ἐπιεικὴς,
1697 1105 1748 1132 καὶ
1765 1106 1823 1135 τοῖς
1836 1104 1892 1138 τρὸ-

1087 1167 1148 1190 ποις
1163 1158 1238 1185 ἔσται
1255 1157 1420 1193 φιλάγαθοςς
1440 1157 1518 1188 ιιοῖος
1534 1155 1639 1190 χαίρειν
1653 1151 1823 1188 ἐμμελετῶν
1839 1150 1893 1180 ταῖς

1087 1204 1134 1232 τοῦ
1148 1205 1205 1240 βίου
1220 1204 1409 1240 ἡδυπαθείαις,
1428 1203 1475 1230 καὶ
1489 1203 1519 1229 τὸ
1533 1200 1660 1237 δακρύειν
1675 1196 1890 1232 ἀποστρεᾳόμξ·

1088 1260 1143 1284 νος,
1157 1251 1260 1286 ὀλίγων
1273 1250 1393 1282 ἀκούσας
1415 1249 1519 1277 ἐκείνου
1541 1247 1682 1285 ῥημάτων,
1707 1245 1741 1271 οὖ
1767 1244 1889 1279 θρηήτει

1081 1297 1135 1330 ,καὶ
1157 1297 1314 1329 κλαύσεται,
1335 1297 1382 1324 καὶ
1401 1297 1440 1328 είς
1463 1295 1615 1330 ὑπόμνησιν
1634 1292 1702 1328 ἔλθῃ
1722 1291 1783 1324 τῶν
1804 1289 1887 1325 βεϐιω-

1090 1344 1180 1379 μένων
1198 1343 1348 1380 μελλούσης
1363 1342 1585 1373 (ivra-neaeram“

247 1388 338 1415 verbis
353 1387 464 1418 auditis.
483 1389 692 1417 retributionem
711 1389 796 1423 illam,
810 1397 893 1425 quam
916 1397 966 1425 pro
983 1390 1037 1417 vita
1056 1395 1183 1419 anteacta
1198 1391 1336 1426 aCCepturi
1360 1398 1467 1421 sumus,
1482 1389 1510 1416 in
1541 1386 1704 1415 memoriam
1747 1383 1886 1411 reducens

247 1441 302 1461 non
319 1435 484 1462 lamentetur
500 1442 532 1463 ac
546 1435 656 1471 lugeat?

282 1479 312 1508 lu
333 1481 417 1509 rebtts
437 1480 494 1508 ticri
509 1481 722 1517 nequeuntibus,
745 1481 811 1509 illud
836 1483 938 1518 passim
955 1491 1036 1510 usur-

1123 1482 1215 1510 Λίθον
1230 1480 1326 1515 ἐψεῖς,
1345 1480 1362 1516 ἡ
1378 1479 1431 1506 τῶν
1446 1479 1499 1512 ἔξω
1516 1477 1650 1513 παροιμία
1664 1477 1714 1503 ἐπὶ
1728 1477 1787 1504 τῶν
1800 1477 1882 1503 ἀδυνα-

248 1530 315 1562 pant
334 1527 489 1562 proverbii:
507 1527 635 1563 Lapidem
649 1536 769 1563 coquere
784 1528 892 1556 niteris.
914 1529 948 1556 At
965 1529 1036 1556 istud

250 1573 308 1600 tieri
325 1581 406 1608 posse
418 1581 468 1601 nos
486 1569 676 1610 cxperiinento
691 1575 781 1602 edocti
794 1575 954 1604 didicimus.
971 1577 1035 1603 San-

249 1622 312 1646 ctus
327 1619 428 1654 quippe
443 1620 487 1647 hic
503 1628 599 1654 senex,
613 1621 720 1649 animos
736 1629 806 1656 quos
821 1622 857 1649 ob
870 1623 969 1649 malam
991 1622 1039 1649 ob-

250 1665 436 1701 stinatamque
452 1666 579 1694 dttritiem
596 1667 701 1702 lapides
717 1667 821 1695 dixeris
850 1669 930 1703 plane
953 1669 1040 1695 emol-

250 1711 310 1738 livit
324 1718 357 1738 ac
376 1711 465 1747 fregit,
483 1711 612 1747 ﬂexitque
630 1717 660 1740 ιιι
676 1713 772 1740 voluit.
798 1713 866 1746 Quis
891 1715 963 1741 enitn
981 1715 1040 1749 ejus

250 1757 284 1784 de
299 1757 453 1786 humilitate
468 1759 621 1786 orationem
643 1759 746 1794 legens,
772 1768 827 1788 non
853 1769 961 1788 omnem
979 1769 1040 1789 mox

250 1802 285 1829 de
303 1810 333 1830 se
353 1804 594 1837 existimationem,
613 1809 640 1832 et
658 1806 772 1833 stultam
788 1807 973 1842 arrogantiam
994 1809 1042 1834 de-

251 1852 346 1882 ponat,
361 1856 393 1876 ac
417 1858 447 1877 se
472 1850 593 1877 omnium
620 1851 837 1886 abjectissimum
853 1853 1041 1881 coulitcatur?

252 1894 321 1927 Quis
337 1902 379 1927 ea,
395 1903 456 1930 quze
482 1895 515 1923 de
540 1896 676 1925 charitate
700 1898 877 1934 conscripsit,
903 1899 1041 1930 lectitatis,

254 1950 309 1970 non
326 1943 367 1971 sic
384 1943 563 1978 accendatur,
579 1949 608 1972 ut
631 1945 665 1972 ad
689 1945 806 1981 quodvis
821 1947 902 1973 etiam
923 1947 1043 1974 subeun-

252 1988 318 2016 dutn
345 1989 496 2024 periculum
525 1995 639 2029 paratus
666 1992 724 2020 sit?
744 1991 813 2025 Quis
837 1992 882 2020 illa
902 1993 1042 2026 evolvens,

252 2034 354 2069 quibus
379 2035 563 2071 virginitatem
588 2037 692 2070 laudat,
719 2045 775 2065 non
801 2046 831 2066 se
855 2038 910 2065 Deo
936 2043 1042 2066 castum

252 2087 370 2116 corpore
388 2082 534 2118 animoque
551 2083 650 2111 oﬂ'erre
664 2084 833 2112 contendat?
852 2085 918 2118 Quis
931 2086 1044 2113 audiens

253 2124 295 2153 vel
309 2126 402 2161 legens
417 2128 477 2162 ejus
497 2136 652 2160 sermones.
672 2130 774 2165 quibus
795 2130 929 2165 judicium
954 2135 1044 2158 extre-

1090 1537 1143 1555 των
1165 1527 1342 1563 παρείληφεν.
1369 1525 1448 1561 Ἡμῖν
1470 1524 1499 1551 δὲ
1520 1524 1599 1550 τοῦτο
1621 1523 1748 1558 ἐναργῶς
1771 1524 1788 1559 ἡ
1814 1525 1887 1556 πεῖρα

1091 1574 1255 1610 παρέστησε.
1283 1573 1339 1605 Τὰς
1365 1572 1418 1608 γὰρ
1454 1571 1602 1605 ἀτέγκτους
1633 1570 1680 1596 καὶ
1711 1569 1885 1599 ἀνυπείκτουε

1090 1619 1188 1655 ψυχὰς,
1208 1619 1256 1646 καὶ
1276 1617 1457 1653 φυλάττεσθαι
1481 1618 1528 1643 καὶ
1545 1617 1661 1651 ὑπήκειν
1682 1616 1698 1642 ὁ
1721 1615 1797 1647 θεῖος
1819 1613 1888 1646 tino;

1092 1665 1248 1701 πρεσϐύτης
1268 1663 1442 1699 παρέπειθεν.
1457 1663 1505 1694 Τίς
1524 1661 1643 1697 ἐντυχὼν
1661 1661 1748 1688 αὑτοῦ
1771 1662 1810 1697 τῷ
1830 1662 1886 1695 τερ)

1092 1710 1342 1746 ταπεινοφροσύνης
1360 1710 1443 1745 λόγῳ,
1464 1710 1493 1737 οὐ
1518 1710 1608 1736 πᾶσαν
1632 1708 1681 1743 μὲν
1705 1708 1790 1739 εὐθὺς
1807 1707 1886 1742 οἴης-ιιι

1092 1757 1255 1792 ἐχμισήσει,
1280 1756 1336 1783 ἀλλ’
1361 1756 1422 1783 οὐδὲ
1452 1755 1551 1786 παντὸς
1575 1754 1772 1788 ταπεινότερον
1797 1754 1886 1779 ἑαυτὸῖ

1093 1803 1256 1839 ὲκκηρύξει;
1284 1803 1332 1834 Τίς
1351 1804 1407 1835 τοῖς
1436 1802 1500 1837 περὶ
1525 1801 1634 1836 ἀγάπης
1658 1800 1820 1831 ἐπιϐαλὼν,
1845 1800 1886 1833 οἱ(

1093 1849 1163 1885 ὑπὲρ
1193 1850 1304 1885 ἀγάπης
1330 1849 1554 1885 προκινδυνεῦσαι
1577 1848 1740 1878 σπουδάσει;
1764 1847 1814 1878 Τίς
1838 1848 1887 1876 τοῖς

1094 1897 1158 1931 περὶ
1183 1896 1333 1932 παρθενίας
1359 1895 1581 1931 προσομιλήσας.
1608 1895 1656 1928 οὺχ
1687 1893 1774 1927 ἁγνὸν
1797 1893 1885 1918 ἑαυτὸν

1093 1944 1166 1979 ψυχῇ
1187 1951 1216 1969 τε
1236 1943 1283 1970 καὶ
1298 1941 1405 1977 σώματι
1425 1941 1485 1976 Θεῷ
1505 1940 1667 1975 ἀγωνίτεται
1696 1939 1884 1974 amputari-.512;

1094 1989 1142 2021 Τίς
1161 1990 1216 2020 τοῖς
1241 1989 1306 2024 περὶ
1322 1988 1449 2023 κρίσεως.
1464 1988 1522 2022 ἦτοι
1539 1986 1667 2021 δευτέρας
1681 1984 1802 2020 Χριστοῦ
1821 1984 1885 2010 ἐλεύι

1096 2043 1163 2066 σεως
1175 2034 1308 2070 ἐγκύψας,
1329 2034 1360 2060 οὐ
1378 2033 1561 2070 παρίστασθαι
1580 2032 1618 2068 τῷ
1632 2032 1738 2059 ἐκεῖθεν
1758 2031 1884 2067 κριτηρῂτ)

1093 2080 1213 2115 νομίσει,
1242 2081 1290 2106 καὶ
1308 2080 1456 2114 σύντρομος
1477 2079 1639 2114 γενόμενος,
1662 2080 1712 2115 τὴν
1733 2079 1882 2106 τελευταίαν

1095 2127 1145 2162 ἤδη
1167 2126 1305 2160 ἀπόφασιν
1325 2126 1385 2153 κατ’
1404 2125 1487 2152 αὐτοῦ
1514 2125 1737 2161 ἐξενεχθήσεσθαι
1760 2125 1880 2159 δοκήσεις

254 2177 339 2204 mtttn,
360 2172 417 2200 sive
433 2174 584 2202 sccuudmn
601 2175 676 2202 illurn
697 2175 798 2203 Christi
822 2176 970 2204 adventum
995 2177 1037 2204 de-

1098 2173 1188 2205 Οὖτως
1202 2173 1256 2208 γὰρ
1273 2172 1428 2208 παρέστησε
1445 2172 1476 2199 τὸ
1495 2171 1590 2207 μέλλον
1611 2171 1658 2199 τοῦ
1682 2171 1750 2198 Θεοῦ
1763 2171 1882 2205 δικαστή-

253 2217 369 2252 scribit,
383 2226 437 2246 non
452 2220 488 2246 ita
502 2220 584 2248 corde
601 2225 628 2248 et
643 2221 735 2249 animo
749 2221 893 2255 aﬂiciatnr,
913 2221 992 2258 quasi
1008 2222 1042 2250 ad

254 2263 321 2290 illud
342 2263 476 2298 judicium
498 2265 612 2300 jatujam
637 2265 777 2293 sistendus
800 2267 893 2294 esset?
916 2271 1044 2302 metuque

254 2314 367 2345 repente
382 2311 422 2338 sic
436 2311 623 2342 exhorrescat,
640 2319 672 2338 ac
683 2311 706 2339 si
721 2311 854 2340 adversus
868 2312 957 2348 ipsum
977 2320 1041 2340 sett-

1097 2228 1154 2254 ριον
1170 2218 1185 2245 ὁ
1203 2218 1324 2253 ἀοίδιμος
1340 2218 1387 2245 καὶ
1405 2217 1646 2253 προφητικώτατος
1659 2213 1738 2249 οὗτος
1752 2216 1838 2252 ἀνὴρ,
1853 2216 1882 2246 ὡς

1099 2265 1184 2301 μηθὲν
1204 2264 1254 2300 μὲν
1272 2264 1365 2300 ἕτερον
1384 2263 1577 2291 ὑπολείπεσθαι
1599 2263 1737 2297 γνώσεως,
1760 2263 1840 2298 μόνον

1095 2311 1134 2347 τῷ
1150 2311 1224 2347 ἔργῳ
1237 2310 1325 2346 τούτῳ
1341 2310 1389 2337 καὶ
1403 2311 1436 2345 τῇ
1452 2310 1536 2345 πείρᾳ.
1552 2308 1730 2344 καταμαθεῖν.

254 2357 338 2385 tentia
351 2357 454 2393 judicis
467 2358 589 2387 teratur?
602 2358 669 2385 Nam
687 2358 724 2385 ita
751 2360 872 2386 t‘uturum
889 2359 964 2387 istud
993 2359 1040 2387 Dei
1057 2359 1193 2394 judicium
1215 2363 1345 2386 accurate
1359 2365 1391 2385 ac
1407 2358 1487 2393 plene
1499 2357 1647 2391 expressit,
1671 2360 1700 2383 ct
1729 2355 1765 2382 ob
1796 2355 1880 2382 oculos

253 2404 377 2432 omnium
391 2404 488 2431 statuit
504 2405 652 2440 pmclarus
668 2412 701 2432 ac
716 2409 830 2433 sanctus
842 2405 886 2433 hic
899 2406 948 2438 vir,
964 2410 993 2432 ut
1010 2406 1044 2433 ad
1063 2405 1124 2441 ejus
1138 2405 1321 2440 cognitionem
1335 2403 1408 2431 aliud
1443 2403 1512 2430 nihil
1540 2402 1666 2429 videatur
1694 2402 1790 2431 deesse
1804 2422 1810 2433 ι
1838 2402 1879 2430 nixi

255 2456 285 2481 ut
298 2459 342 2480 res
359 2451 417 2486 ipsa
432 2455 530 2487 agatur
548 2459 581 2478 ac
600 2459 693 2479 coram
709 2451 765 2478 ﬁat.

290 2498 357 2525 Cum
384 2504 450 2531 ergo
475 2498 501 2524 in
518 2497 620 2525 talibus
637 2497 671 2524 de
693 2497 799 2532 judicio
827 2497 1041 2532 cogitationibus

257 2545 355 2572 beatus
371 2543 429 2578 ipse
445 2551 552 2577 semper
569 2547 763 2578 occuparetur.
780 2543 912 2570 mundum
925 2547 952 2571 et
967 2552 1042 2579 quae-

257 2597 366 2624 cunque
379 2589 405 2616 in
418 2597 450 2616 eo
466 2593 541 2620 sunt,
557 2588 660 2624 effugit.
677 2588 776 2616 Procul
790 2597 854 2616 vero
871 2589 986 2616 recessit
1001 2589 1044 2616 l'u-

259 2635 346 2670 giens,
365 2635 437 2662 sicut
453 2634 586 2669 scriptmu
601 2635 748 2669 reperitur,
763 2640 790 2661 et
811 2634 912 2661 mansit
928 2635 956 2661 in
980 2634 1046 2662 soli-

258 2680 362 2712 tudine,
377 2680 433 2707 Deo
446 2685 473 2707 et
498 2680 550 2707 sibi
576 2680 628 2716 ipsi
650 2687 762 2713 vacans,
780 2680 896 2715 indeque
914 2680 1044 2707 virtutum

258 2727 368 2761 praemia
388 2726 518 2754 referens.
538 2725 624 2754 Recte
637 2727 710 2754 enim
721 2726 779 2761 jam
799 2733 921 2758 noverat,
934 2735 982 2756 eos
998 2726 1044 2762 qui

261 2771 412 2799 solitariam
430 2771 636 2807 amplectuntur
656 2771 751 2802 vitam.
766 2780 799 2799 ex
818 2772 984 2799 turbulentis
999 2779 1046 2799 sa:-

260 2816 314 2844 culi
329 2815 413 2852 hujus
427 2817 680 2853 perturbationibus
694 2821 775 2853 atque
785 2818 911 2853 procellis
925 2818 1046 2850 liberari,

1131 2496 1198 2527 Ταῖς
1212 2495 1350 2526 τοιαύταις
1363 2495 1407 2521 ἀεὶ
1431 2495 1495 2530 περὶ
1518 2495 1634 2531 κρίσεως
1650 2496 1664 2522 ὁ
1679 2496 1815 2532 μακάρικ
1834 2506 1878 2523 suv-

1097 2543 1224 2578 εχὸμενος
1238 2541 1409 2577 φαντασίαις,
1422 2541 1520 2576 ἔφευγε
1542 2542 1590 2577 μὲν
1604 2541 1650 2568 τὸν
1673 2542 1776 2578 κόσμον
1794 2543 1839 2570 καὶ
1855 2544 1877 2569 τά

1099 2589 1128 2615 ὲν
1148 2588 1256 2622 κόσμῳ-
1279 2588 1416 2622 ἐμάκρυνε
1433 2587 1461 2613 δὲ
1481 2586 1649 2621 φυγαδεύων,
1712 2596 1778 2623 φησι
1799 2589 1833 2615 τὰ
1850 2589 1876 2614 λά

1098 2642 1155 2668 για,
1170 2633 1218 2660 καὶ
1229 2632 1353 2667 ηὐλίζετο
1364 2633 1393 2659 ὲν
1408 2633 1440 2668 τῇ
1453 2633 1560 2667 ἐρήμῳ.
1575 2632 1665 2669 ἑαυτῷ
1682 2633 1757 2668 μόνῳ
1774 2634 1819 2660 καὶ
1832 2634 1876 2668 Θεῷ

1099 2678 1250 2713 προσέχων,
1264 2678 1391 2704 κάκεῖθεν
1407 2677 1460 2704 τῶν
1475 2677 1579 2713 ἀρετῶν
1601 2677 1650 2709 τὰς
1673 2678 1807 2710 ἐπιδόσεις
1818 2679 1875 2714 ὃεχόυ

1102 2733 1189 2760 μενος.
1205 2724 1282 2760 ’ῌὸει
1293 2724 1346 2760 γὰρ
1365 2724 1485 2759 ἀκριϐῶς
1499 2724 1537 2755 ὡς
1551 2724 1671 2760 ἐρημικὴ
1686 2724 1824 2757 διαδὶωσις
1838 2726 1874 2752 τῶν

1099 2770 1239 2804 κωμικῶν
1252 2770 1301 2805 μὲν
1316 2769 1453 2804 ἐλευθεροῖ
1473 2769 1517 2796 τὸν
1539 2769 1701 2804 βουλόμενον
1715 2771 1872 2806 θορύϐων.ιῇ

1100 2815 1199 2850 ἠσυχίᾳ
1220 2815 1248 2841 δὲ
1272 2814 1414 2851 συνόμιλον
1438 2816 1494 2847 τοίς
1515 2815 1640 2849 ἀγγέλοις
1665 2818 1746 2846 ποιεῖ.
1776 2818 1815 2846 ut
1832 2818 1872 2845 1:2;
