  <div class='ocr_page' id='page_1' title='image "/cluster/home/n/w/nwhite01/storage/ocr_20150623/46/njp.32101077772604/468.png"; bbox 0 0 1912 3082; ppageno 0'>
   <div class='ocr_carea' id='block_1_1' title="bbox 21 112 81 139">
    <p class='ocr_par' dir='ltr' id='par_1_1' title="bbox 21 112 81 139">
     <span class='ocr_line' id='line_1_1' title="bbox 21 112 81 139; baseline 0 0"><span class='ocrx_word' id='word_1_1' title='bbox 21 112 81 139; x_wconf 77' lang='grc'><strong>855</strong></span> 
     </span>
    </p>
   </div>
   <div class='ocr_carea' id='block_1_2' title="bbox 551 114 1179 148">
    <p class='ocr_par' dir='ltr' id='par_1_2' title="bbox 551 114 1179 148">
     <span class='ocr_line' id='line_1_2' title="bbox 551 114 1179 148; baseline 0.011 -7"><span class='ocrx_word' id='word_1_2' title='bbox 551 114 595 142; x_wconf 84' lang='lat' dir='ltr'><strong>DE</strong></span> <span class='ocrx_word' id='word_1_3' title='bbox 616 115 696 143; x_wconf 83' lang='lat' dir='ltr'><strong>VITA</strong></span> <span class='ocrx_word' id='word_1_4' title='bbox 716 117 745 145; x_wconf 74' lang='grc' dir='ltr'><strong>ὃ.</strong></span> <span class='ocrx_word' id='word_1_5' title='bbox 769 117 830 144; x_wconf 71' lang='grc' dir='ltr'><strong>ΡΛΊ</strong></span> <span class='ocrx_word' id='word_1_6' title='bbox 841 118 896 146; x_wconf 78' lang='lat' dir='ltr'><strong>RIS</strong></span> <span class='ocrx_word' id='word_1_7' title='bbox 914 118 1070 146; x_wconf 72' lang='lat' dir='ltr'><strong>EPllR/Eil</strong></span> <span class='ocrx_word' id='word_1_8' title='bbox 1088 118 1179 148; x_wconf 71' lang='lat' dir='ltr'><strong>SYItI.</strong></span> 
     </span>
    </p>
   </div>
   <div class='ocr_carea' id='block_1_3' title="bbox 1624 125 1677 153">
    <p class='ocr_par' dir='ltr' id='par_1_3' title="bbox 1624 125 1677 153">
     <span class='ocr_line' id='line_1_3' title="bbox 1624 125 1677 153; baseline 0.038 -2"><span class='ocrx_word' id='word_1_9' title='bbox 1624 125 1677 153; x_wconf 66' lang='grc'><strong>854</strong></span> 
     </span>
    </p>
   </div>
   <div class='ocr_carea' id='block_1_4' title="bbox 6 171 821 219">
    <p class='ocr_par' dir='ltr' id='par_1_4' title="bbox 6 171 821 212">
     <span class='ocr_line' id='line_1_4' title="bbox 6 171 821 212; baseline 0.011 -16"><span class='ocrx_word' id='word_1_10' title='bbox 6 172 96 206; x_wconf 67' lang='grc' dir='ltr'>τπερὶ</span> <span class='ocrx_word' id='word_1_11' title='bbox 113 171 186 198; x_wconf 83' lang='grc' dir='ltr'>Θεοῦ</span> <span class='ocrx_word' id='word_1_12' title='bbox 205 172 330 208; x_wconf 79' lang='grc' dir='ltr'>θεωρίαις</span> <span class='ocrx_word' id='word_1_13' title='bbox 343 173 390 201; x_wconf 77' lang='grc' dir='ltr'><strong>τὸν</strong></span> <span class='ocrx_word' id='word_1_14' title='bbox 409 175 471 201; x_wconf 86' lang='grc' dir='ltr'><strong>νοῦν</strong></span> <span class='ocrx_word' id='word_1_15' title='bbox 491 176 552 202; x_wconf 77' lang='grc' dir='ltr'>ὅσον</span> <span class='ocrx_word' id='word_1_16' title='bbox 574 177 648 204; x_wconf 78' lang='grc' dir='ltr'>ἐστιν</span> <span class='ocrx_word' id='word_1_17' title='bbox 668 178 780 212; x_wconf 77' lang='grc' dir='ltr'>εφικτὺν</span> <span class='ocrx_word' id='word_1_18' title='bbox 795 179 821 206; x_wconf 76' lang='grc' dir='ltr'>ἀι</span> 
     </span>
    </p>
   </div>
   <div class='ocr_carea' id='block_1_5' title="bbox 881 171 1677 219">
    <p class='ocr_par' dir='ltr' id='par_1_5' title="bbox 889 180 1677 219">
     <span class='ocr_line' id='line_1_5' title="bbox 889 180 1677 219; baseline 0.01 -13"><span class='ocrx_word' id='word_1_19' title='bbox 889 183 917 207; x_wconf 91' lang='lat' dir='ltr'><strong>et</strong></span> <span class='ocrx_word' id='word_1_20' title='bbox 942 180 976 207; x_wconf 90' lang='lat' dir='ltr'><strong>ad</strong></span> <span class='ocrx_word' id='word_1_21' title='bbox 1002 181 1103 215; x_wconf 87' lang='lat' dir='ltr'><strong>quietis</strong></span> <span class='ocrx_word' id='word_1_22' title='bbox 1130 182 1392 218; x_wconf 83' lang='lat' dir='ltr'><strong>tranqttillitatisque</strong></span> <span class='ocrx_word' id='word_1_23' title='bbox 1424 188 1531 219; x_wconf 85' lang='lat' dir='ltr'><strong>portum</strong></span> <span class='ocrx_word' id='word_1_24' title='bbox 1562 184 1677 214; x_wconf 76' lang='lat' dir='ltr'><strong>feliciter</strong></span> 
     </span>
    </p>
   </div>
   <div class='ocr_carea' id='block_1_6' title="bbox 4 216 836 256">
    <p class='ocr_par' dir='ltr' id='par_1_6' title="bbox 4 216 836 256">
     <span class='ocr_line' id='line_1_6' title="bbox 4 216 836 256; baseline 0.011 -14"><span class='ocrx_word' id='word_1_25' title='bbox 4 218 13 226; x_wconf 78' lang='lat'><strong><em>&quot;</em></strong></span> <span class='ocrx_word' id='word_1_26' title='bbox 22 216 104 251; x_wconf 66' lang='grc' dir='ltr'>υψοί.</span> <span class='ocrx_word' id='word_1_27' title='bbox 126 218 176 245; x_wconf 87' lang='grc' dir='ltr'>Ἐκ</span> <span class='ocrx_word' id='word_1_28' title='bbox 187 218 277 246; x_wconf 77' lang='grc' dir='ltr'>τόπων</span> <span class='ocrx_word' id='word_1_29' title='bbox 288 219 316 246; x_wconf 78' lang='grc' dir='ltr'>δὲ</span> <span class='ocrx_word' id='word_1_30' title='bbox 331 220 430 252; x_wconf 82' lang='grc' dir='ltr'><strong>τόπους</strong></span> <span class='ocrx_word' id='word_1_31' title='bbox 441 221 575 256; x_wconf 77' lang='grc' dir='ltr'>ἀμείϐειν,</span> <span class='ocrx_word' id='word_1_32' title='bbox 588 223 633 249; x_wconf 80' lang='grc' dir='ltr'>ὅτε</span> <span class='ocrx_word' id='word_1_33' title='bbox 650 223 741 250; x_wconf 84' lang='grc' dir='ltr'>κινοῦν</span> <span class='ocrx_word' id='word_1_34' title='bbox 755 224 836 252; x_wconf 75' lang='grc' dir='ltr'>αὑτὸν</span> 
     </span>
    </p>
   </div>
   <div class='ocr_carea' id='block_1_7' title="bbox 4 261 835 304">
    <p class='ocr_par' dir='ltr' id='par_1_7' title="bbox 4 261 835 304">
     <span class='ocr_line' id='line_1_7' title="bbox 4 261 835 304; baseline 0.012 -18"><span class='ocrx_word' id='word_1_35' title='bbox 4 261 151 297; x_wconf 68' lang='grc' dir='ltr'>»Πνεῦμα</span> <span class='ocrx_word' id='word_1_36' title='bbox 173 263 240 299; x_wconf 73' lang='grc' dir='ltr'>πρὸς</span> <span class='ocrx_word' id='word_1_37' title='bbox 262 264 406 301; x_wconf 71' lang='grc' dir='ltr'>οἰκοδομὴν</span> <span class='ocrx_word' id='word_1_38' title='bbox 426 266 479 292; x_wconf 85' lang='grc' dir='ltr'>τῶν</span> <span class='ocrx_word' id='word_1_39' title='bbox 503 267 606 294; x_wconf 80' lang='grc' dir='ltr'>πολλῶν</span> <span class='ocrx_word' id='word_1_40' title='bbox 625 268 769 304; x_wconf 81' lang='grc' dir='ltr'>ᾠκονόμει,</span> <span class='ocrx_word' id='word_1_41' title='bbox 786 269 835 296; x_wconf 84' lang='grc' dir='ltr'>οὐκ</span> 
     </span>
    </p>
   </div>
   <div class='ocr_carea' id='block_1_8' title="bbox 4 306 835 348">
    <p class='ocr_par' dir='ltr' id='par_1_8' title="bbox 4 306 835 348">
     <span class='ocr_line' id='line_1_8' title="bbox 4 306 835 348; baseline 0.013 -16"><span class='ocrx_word' id='word_1_42' title='bbox 4 306 161 341; x_wconf 42' lang='lat' dir='ltr'><strong>insiliat,</strong></span> <span class='ocrx_word' id='word_1_43' title='bbox 183 309 237 336; x_wconf 81' lang='grc' dir='ltr'>οὐδ’</span> <span class='ocrx_word' id='word_1_44' title='bbox 260 310 419 338; x_wconf 79' lang='grc' dir='ltr'>ἀντέτεινεν.</span> <span class='ocrx_word' id='word_1_45' title='bbox 436 310 491 339; x_wconf 83' lang='grc' dir='ltr'>Ἦν</span> <span class='ocrx_word' id='word_1_46' title='bbox 512 313 561 348; x_wconf 78' lang='grc' dir='ltr'><strong>γὰρ</strong></span> <span class='ocrx_word' id='word_1_47' title='bbox 588 315 729 342; x_wconf 80' lang='grc' dir='ltr'>κελεύσεσι</span> <span class='ocrx_word' id='word_1_48' title='bbox 750 315 835 348; x_wconf 81' lang='grc' dir='ltr'>θείαις</span> 
     </span>
    </p>
   </div>
   <div class='ocr_carea' id='block_1_9' title="bbox 7 354 835 397">
    <p class='ocr_par' dir='ltr' id='par_1_9' title="bbox 7 354 835 397">
     <span class='ocr_line' id='line_1_9' title="bbox 7 354 835 397; baseline 0.013 -19"><span class='ocrx_word' id='word_1_49' title='bbox 7 360 9 374; x_wconf 89' lang='lat'>:</span> <span class='ocrx_word' id='word_1_50' title='bbox 23 354 187 390; x_wconf 78' lang='grc' dir='ltr'><strong>πειθήνιος,</strong></span> <span class='ocrx_word' id='word_1_51' title='bbox 205 356 229 382; x_wconf 85' lang='grc' dir='ltr'><strong>ει</strong></span> <span class='ocrx_word' id='word_1_52' title='bbox 243 356 290 383; x_wconf 87' lang='grc' dir='ltr'><strong>καί</strong></span> <span class='ocrx_word' id='word_1_53' title='bbox 302 365 345 389; x_wconf 86' lang='grc' dir='ltr'><strong>τις</strong></span> <span class='ocrx_word' id='word_1_54' title='bbox 362 357 452 390; x_wconf 80' lang='grc' dir='ltr'>ἄλλος.</span> <span class='ocrx_word' id='word_1_55' title='bbox 472 359 610 387; x_wconf 80' lang='grc' dir='ltr'><strong>Ἐντεῦθεν</strong></span> <span class='ocrx_word' id='word_1_56' title='bbox 623 361 672 397; x_wconf 84' lang='grc' dir='ltr'>τὴν</span> <span class='ocrx_word' id='word_1_57' title='bbox 685 362 835 397; x_wconf 77' lang='grc' dir='ltr'>ἐνεγκαμέ-</span> 
     </span>
    </p>
   </div>
   <div class='ocr_carea' id='block_1_10' title="bbox 4 399 833 442">
    <p class='ocr_par' dir='ltr' id='par_1_10' title="bbox 4 399 833 442">
     <span class='ocr_line' id='line_1_10' title="bbox 4 399 833 442; baseline 0.013 -19"><span class='ocrx_word' id='word_1_58' title='bbox 4 407 91 434; x_wconf 70' lang='grc' dir='ltr'>ῖνην,</span> <span class='ocrx_word' id='word_1_59' title='bbox 119 399 160 432; x_wconf 80' lang='grc' dir='ltr'><strong>ὡς</strong></span> <span class='ocrx_word' id='word_1_60' title='bbox 178 401 193 426; x_wconf 83' lang='grc' dir='ltr'>ὁ</span> <span class='ocrx_word' id='word_1_61' title='bbox 214 401 291 433; x_wconf 85' lang='grc' dir='ltr'>Θεῖος</span> <span class='ocrx_word' id='word_1_62' title='bbox 313 403 416 435; x_wconf 81' lang='grc' dir='ltr'>ἐκεῖνος</span> <span class='ocrx_word' id='word_1_63' title='bbox 439 404 595 437; x_wconf 75' lang='grc' dir='ltr'>κελευσθεὶς</span> <span class='ocrx_word' id='word_1_64' title='bbox 621 406 762 441; x_wconf 75' lang='grc' dir='ltr'>Ἀϐραὰμ,</span> <span class='ocrx_word' id='word_1_65' title='bbox 785 407 833 442; x_wconf 84' lang='grc' dir='ltr'><strong>τὴν</strong></span> 
     </span>
    </p>
   </div>
   <div class='ocr_carea' id='block_1_11' title="bbox 6 443 834 487">
    <p class='ocr_par' dir='ltr' id='par_1_11' title="bbox 6 443 834 487">
     <span class='ocr_line' id='line_1_11' title="bbox 6 443 834 487; baseline 0.013 -19"><span class='ocrx_word' id='word_1_66' title='bbox 6 466 8 468; x_wconf 43' lang='grc' dir='ltr'><strong>τ</strong></span> <span class='ocrx_word' id='word_1_67' title='bbox 31 443 186 471; x_wconf 81' lang='grc' dir='ltr'>Ἐδεσινῶν</span> <span class='ocrx_word' id='word_1_68' title='bbox 201 445 335 472; x_wconf 74' lang='grc' dir='ltr'>κατέλαϐε</span> <span class='ocrx_word' id='word_1_69' title='bbox 357 447 447 474; x_wconf 84' lang='grc' dir='ltr'><strong>πόλιν⁵</strong></span> <span class='ocrx_word' id='word_1_70' title='bbox 464 448 567 475; x_wconf 76' lang='grc' dir='ltr'>δίκαιον</span> <span class='ocrx_word' id='word_1_71' title='bbox 584 450 638 486; x_wconf 80' lang='grc' dir='ltr'>γὰρ</span> <span class='ocrx_word' id='word_1_72' title='bbox 652 452 701 477; x_wconf 71' lang='grc' dir='ltr'>οὐκ</span> <span class='ocrx_word' id='word_1_73' title='bbox 724 449 758 487; x_wconf 83' lang='grc' dir='ltr'><strong>ἧν</strong></span> <span class='ocrx_word' id='word_1_74' title='bbox 780 451 834 478; x_wconf 78' lang='grc' dir='ltr'><strong>ὑπὸ</strong></span> 
     </span>
    </p>
   </div>
   <div class='ocr_carea' id='block_1_12' title="bbox 4 489 831 531">
    <p class='ocr_par' dir='ltr' id='par_1_12' title="bbox 4 489 831 531">
     <span class='ocr_line' id='line_1_12' title="bbox 4 489 831 531; baseline 0.013 -17"><span class='ocrx_word' id='word_1_75' title='bbox 4 500 6 503; x_wconf 83' lang='lat'><strong><em>-</em></strong></span> <span class='ocrx_word' id='word_1_76' title='bbox 23 489 83 523; x_wconf 83' lang='grc' dir='ltr'><strong>γῆν</strong></span> <span class='ocrx_word' id='word_1_77' title='bbox 108 491 194 526; x_wconf 77' lang='grc' dir='ltr'>μέχρι</span> <span class='ocrx_word' id='word_1_78' title='bbox 208 490 306 518; x_wconf 77' lang='grc' dir='ltr'>πολλοῦ</span> <span class='ocrx_word' id='word_1_79' title='bbox 321 492 367 519; x_wconf 77' lang='grc' dir='ltr'>τὸν</span> <span class='ocrx_word' id='word_1_80' title='bbox 381 493 455 528; x_wconf 79' lang='grc' dir='ltr'>ἥλιον</span> <span class='ocrx_word' id='word_1_81' title='bbox 473 495 722 531; x_wconf 77' lang='grc' dir='ltr'>κατακρύπτεσθαι.</span> <span class='ocrx_word' id='word_1_82' title='bbox 738 497 789 524; x_wconf 82' lang='grc' dir='ltr'><strong>Δύο</strong></span> <span class='ocrx_word' id='word_1_83' title='bbox 803 498 831 524; x_wconf 81' lang='grc' dir='ltr'>δὲ</span> 
     </span>
    </p>
   </div>
   <div class='ocr_carea' id='block_1_13' title="bbox 4 536 830 579">
    <p class='ocr_par' dir='ltr' id='par_1_13' title="bbox 4 536 830 579">
     <span class='ocr_line' id='line_1_13' title="bbox 4 536 830 579; baseline 0.012 -18"><span class='ocrx_word' id='word_1_84' title='bbox 4 547 7 550; x_wconf 91' lang='grc'><strong>-</strong></span> <span class='ocrx_word' id='word_1_85' title='bbox 25 536 115 571; x_wconf 81' lang='grc' dir='ltr'><strong>χάριν</strong></span> <span class='ocrx_word' id='word_1_86' title='bbox 133 538 238 569; x_wconf 75' lang='grc' dir='ltr'>αἰτιῶν,</span> <span class='ocrx_word' id='word_1_87' title='bbox 254 538 300 564; x_wconf 81' lang='grc' dir='ltr'>τοῦ</span> <span class='ocrx_word' id='word_1_88' title='bbox 315 547 345 565; x_wconf 84' lang='grc' dir='ltr'>τε</span> <span class='ocrx_word' id='word_1_89' title='bbox 363 539 397 566; x_wconf 87' lang='grc' dir='ltr'><strong>τὰ</strong></span> <span class='ocrx_word' id='word_1_90' title='bbox 413 540 501 567; x_wconf 76' lang='grc' dir='ltr'>ἐκεῖσε</span> <span class='ocrx_word' id='word_1_91' title='bbox 525 542 740 578; x_wconf 79' lang='grc' dir='ltr'>περιπτύξασθαι</span> <span class='ocrx_word' id='word_1_92' title='bbox 753 543 830 579; x_wconf 78' lang='grc' dir='ltr'>ἅγια,</span> 
     </span>
    </p>
   </div>
   <div class='ocr_carea' id='block_1_14' title="bbox 23 581 832 624">
    <p class='ocr_par' dir='ltr' id='par_1_14' title="bbox 23 581 832 624">
     <span class='ocr_line' id='line_1_14' title="bbox 23 581 832 624; baseline 0.012 -18"><span class='ocrx_word' id='word_1_93' title='bbox 23 581 76 607; x_wconf 72' lang='grc' dir='ltr'>καὶ</span> <span class='ocrx_word' id='word_1_94' title='bbox 105 582 164 617; x_wconf 82' lang='grc' dir='ltr'><strong>πρό</strong></span> <span class='ocrx_word' id='word_1_95' title='bbox 182 591 214 617; x_wconf 91' lang='grc' dir='ltr'><strong>γε</strong></span> <span class='ocrx_word' id='word_1_96' title='bbox 234 583 328 610; x_wconf 78' lang='grc' dir='ltr'>τούτου</span> <span class='ocrx_word' id='word_1_97' title='bbox 354 584 437 620; x_wconf 80' lang='grc' dir='ltr'>λογίῳ</span> <span class='ocrx_word' id='word_1_98' title='bbox 459 588 625 622; x_wconf 82' lang='grc' dir='ltr'><strong>περιτυχεῖν,</strong></span> <span class='ocrx_word' id='word_1_99' title='bbox 650 589 697 615; x_wconf 80' lang='grc' dir='ltr'>καὶ</span> <span class='ocrx_word' id='word_1_100' title='bbox 724 590 832 624; x_wconf 77' lang='grc' dir='ltr'>καρπὸν</span> 
     </span>
    </p>
   </div>
   <div class='ocr_carea' id='block_1_15' title="bbox 25 627 530 666">
    <p class='ocr_par' dir='ltr' id='par_1_15' title="bbox 25 627 530 666">
     <span class='ocr_line' id='line_1_15' title="bbox 25 627 530 666; baseline 0.01 -12"><span class='ocrx_word' id='word_1_101' title='bbox 25 627 165 662; x_wconf 82' lang='grc' dir='ltr'>γνώσεως</span> <span class='ocrx_word' id='word_1_102' title='bbox 179 630 195 665; x_wconf 84' lang='grc' dir='ltr'>ἢ</span> <span class='ocrx_word' id='word_1_103' title='bbox 211 629 312 662; x_wconf 81' lang='grc' dir='ltr'>λαϐεῖν,</span> <span class='ocrx_word' id='word_1_104' title='bbox 329 630 344 666; x_wconf 86' lang='grc' dir='ltr'><strong>ῆ</strong></span> <span class='ocrx_word' id='word_1_105' title='bbox 362 632 530 666; x_wconf 78' lang='grc' dir='ltr'>μεταδοῦναι.</span> 
     </span>
    </p>
   </div>
   <div class='ocr_carea' id='block_1_16' title="bbox 889 227 1674 267">
    <p class='ocr_par' dir='ltr' id='par_1_16' title="bbox 889 227 1674 267">
     <span class='ocr_line' id='line_1_16' title="bbox 889 227 1674 267; baseline 0.009 -15"><span class='ocrx_word' id='word_1_106' title='bbox 889 227 1044 260; x_wconf 70' lang='lat' dir='ltr'><strong>pervenire,</strong></span> <span class='ocrx_word' id='word_1_107' title='bbox 1070 229 1115 254; x_wconf 83' lang='lat' dir='ltr'><strong>tibi</strong></span> <span class='ocrx_word' id='word_1_108' title='bbox 1138 228 1337 256; x_wconf 80' lang='lat' dir='ltr'><strong>consuetudine</strong></span> <span class='ocrx_word' id='word_1_109' title='bbox 1359 229 1533 264; x_wconf 86' lang='lat' dir='ltr'><strong>perfruantur</strong></span> <span class='ocrx_word' id='word_1_110' title='bbox 1564 234 1674 267; x_wconf 55' lang='lat' dir='ltr'><strong>angelo‘</strong></span> 
     </span>
    </p>
   </div>
   <div class='ocr_carea' id='block_1_17' title="bbox 888 272 1673 312">
    <p class='ocr_par' dir='ltr' id='par_1_17' title="bbox 888 272 1673 312">
     <span class='ocr_line' id='line_1_17' title="bbox 888 272 1673 312; baseline 0.008 -14"><span class='ocrx_word' id='word_1_111' title='bbox 888 279 969 305; x_wconf 88' lang='lat' dir='ltr'><strong>rum;</strong></span> <span class='ocrx_word' id='word_1_112' title='bbox 992 272 1187 308; x_wconf 65' lang='lat' dir='ltr'><strong>silentibusque</strong></span> <span class='ocrx_word' id='word_1_113' title='bbox 1202 273 1345 307; x_wconf 79' lang='lat' dir='ltr'><strong>sublimes,</strong></span> <span class='ocrx_word' id='word_1_114' title='bbox 1369 276 1596 310; x_wconf 61' lang='lat' dir='ltr'><strong>quantumdicet,</strong></span> <span class='ocrx_word' id='word_1_115' title='bbox 1616 278 1673 312; x_wconf 87' lang='lat' dir='ltr'><strong>rapi</strong></span> 
     </span>
    </p>
   </div>
   <div class='ocr_carea' id='block_1_18' title="bbox 887 317 1674 358">
    <p class='ocr_par' dir='ltr' id='par_1_18' title="bbox 887 317 1674 358">
     <span class='ocr_line' id='line_1_18' title="bbox 887 317 1674 358; baseline 0.009 -15"><span class='ocrx_word' id='word_1_116' title='bbox 887 317 921 344; x_wconf 87' lang='lat' dir='ltr'><strong>ad</strong></span> <span class='ocrx_word' id='word_1_117' title='bbox 948 318 1207 353; x_wconf 86' lang='lat' dir='ltr'><strong>contemplationem</strong></span> <span class='ocrx_word' id='word_1_118' title='bbox 1232 320 1292 346; x_wconf 93' lang='lat' dir='ltr'><strong>Dei.</strong></span> <span class='ocrx_word' id='word_1_119' title='bbox 1311 320 1427 352; x_wconf 87' lang='lat' dir='ltr'><strong>Quando</strong></span> <span class='ocrx_word' id='word_1_120' title='bbox 1444 328 1525 356; x_wconf 87' lang='lat' dir='ltr'><strong>porro</strong></span> <span class='ocrx_word' id='word_1_121' title='bbox 1554 321 1674 358; x_wconf 81' lang='lat' dir='ltr'><strong>Spiritus</strong></span> 
     </span>
    </p>
   </div>
   <div class='ocr_carea' id='block_1_19' title="bbox 887 363 1672 398">
    <p class='ocr_par' dir='ltr' id='par_1_19' title="bbox 887 363 1672 398">
     <span class='ocr_line' id='line_1_19' title="bbox 887 363 1672 398; baseline 0.008 -8"><span class='ocrx_word' id='word_1_122' title='bbox 887 363 963 391; x_wconf 85' lang='lat' dir='ltr'><strong>illum</strong></span> <span class='ocrx_word' id='word_1_123' title='bbox 979 364 1240 398; x_wconf 75' lang='lat' dir='ltr'><strong>eorumonel‘aciens,</strong></span> <span class='ocrx_word' id='word_1_124' title='bbox 1258 366 1291 393; x_wconf 89' lang='lat' dir='ltr'><strong>ad</strong></span> <span class='ocrx_word' id='word_1_125' title='bbox 1306 366 1452 394; x_wconf 89' lang='lat' dir='ltr'><strong>tnultorum</strong></span> <span class='ocrx_word' id='word_1_126' title='bbox 1466 368 1672 397; x_wconf 70' lang='lat' dir='ltr'><strong>aediﬁcationem</strong></span> 
     </span>
    </p>
   </div>
   <div class='ocr_carea' id='block_1_20' title="bbox 887 409 1670 448">
    <p class='ocr_par' dir='ltr' id='par_1_20' title="bbox 887 409 1670 448">
     <span class='ocr_line' id='line_1_20' title="bbox 887 409 1670 448; baseline 0.008 -12"><span class='ocrx_word' id='word_1_127' title='bbox 887 409 929 437; x_wconf 80' lang='lat' dir='ltr'><strong>sic</strong></span> <span class='ocrx_word' id='word_1_128' title='bbox 943 409 1118 444; x_wconf 82' lang='lat' dir='ltr'><strong>disponebat,</strong></span> <span class='ocrx_word' id='word_1_129' title='bbox 1137 415 1166 437; x_wconf 89' lang='lat' dir='ltr'><strong>nt</strong></span> <span class='ocrx_word' id='word_1_130' title='bbox 1194 411 1255 437; x_wconf 89' lang='lat' dir='ltr'><strong>loca</strong></span> <span class='ocrx_word' id='word_1_131' title='bbox 1281 416 1412 442; x_wconf 80' lang='lat' dir='ltr'><strong>mutaret.</strong></span> <span class='ocrx_word' id='word_1_132' title='bbox 1440 420 1495 441; x_wconf 90' lang='lat' dir='ltr'><strong>non</strong></span> <span class='ocrx_word' id='word_1_133' title='bbox 1516 415 1670 448; x_wconf 78' lang='lat' dir='ltr'><strong>resistebat,</strong></span> 
     </span>
    </p>
   </div>
   <div class='ocr_carea' id='block_1_21' title="bbox 886 454 1673 496">
    <p class='ocr_par' dir='ltr' id='par_1_21' title="bbox 886 454 1673 496">
     <span class='ocr_line' id='line_1_21' title="bbox 886 454 1673 496; baseline 0.011 -15"><span class='ocrx_word' id='word_1_134' title='bbox 886 454 935 482; x_wconf 85' lang='lat' dir='ltr'><strong>sed</strong></span> <span class='ocrx_word' id='word_1_135' title='bbox 971 455 1112 483; x_wconf 78' lang='lat' dir='ltr'><strong>humiliter</strong></span> <span class='ocrx_word' id='word_1_136' title='bbox 1144 457 1367 492; x_wconf 83' lang='lat' dir='ltr'><strong>obsequebatur:</strong></span> <span class='ocrx_word' id='word_1_137' title='bbox 1393 464 1454 487; x_wconf 83' lang='lat' dir='ltr'><strong>erat</strong></span> <span class='ocrx_word' id='word_1_138' title='bbox 1483 461 1555 488; x_wconf 88' lang='lat' dir='ltr'><strong>enim</strong></span> <span class='ocrx_word' id='word_1_139' title='bbox 1587 463 1673 496; x_wconf 79' lang='lat' dir='ltr'><strong>jussis</strong></span> 
     </span>
    </p>
   </div>
   <div class='ocr_carea' id='block_1_22' title="bbox 886 500 1674 541">
    <p class='ocr_par' dir='ltr' id='par_1_22' title="bbox 886 500 1674 541">
     <span class='ocr_line' id='line_1_22' title="bbox 886 500 1674 541; baseline 0.01 -14"><span class='ocrx_word' id='word_1_140' title='bbox 886 500 1078 536; x_wconf 80' lang='lat' dir='ltr'><strong>mandatisque</strong></span> <span class='ocrx_word' id='word_1_141' title='bbox 1090 502 1146 533; x_wconf 79' lang='lat' dir='ltr'><strong>llei.</strong></span> <span class='ocrx_word' id='word_1_142' title='bbox 1161 503 1262 539; x_wconf 82' lang='lat' dir='ltr'><strong>siqnis</strong></span> <span class='ocrx_word' id='word_1_143' title='bbox 1277 504 1358 535; x_wconf 86' lang='lat' dir='ltr'><strong>alius,</strong></span> <span class='ocrx_word' id='word_1_144' title='bbox 1376 505 1578 541; x_wconf 83' lang='lat' dir='ltr'><strong>obtemperans.</strong></span> <span class='ocrx_word' id='word_1_145' title='bbox 1594 507 1674 535; x_wconf 81' lang='lat' dir='ltr'><strong>Unde</strong></span> 
     </span>
    </p>
   </div>
   <div class='ocr_carea' id='block_1_23' title="bbox 885 547 1672 588">
    <p class='ocr_par' dir='ltr' id='par_1_23' title="bbox 885 547 1672 588">
     <span class='ocr_line' id='line_1_23' title="bbox 885 547 1672 588; baseline 0.011 -16"><span class='ocrx_word' id='word_1_146' title='bbox 885 547 1013 581; x_wconf 80' lang='lat' dir='ltr'><strong>patriam,</strong></span> <span class='ocrx_word' id='word_1_147' title='bbox 1047 548 1118 575; x_wconf 81' lang='lat' dir='ltr'><strong>sicut</strong></span> <span class='ocrx_word' id='word_1_148' title='bbox 1135 556 1250 583; x_wconf 80' lang='lat' dir='ltr'><strong>magnus</strong></span> <span class='ocrx_word' id='word_1_149' title='bbox 1269 550 1315 577; x_wconf 88' lang='lat' dir='ltr'><strong>ille</strong></span> <span class='ocrx_word' id='word_1_150' title='bbox 1339 551 1487 584; x_wconf 76' lang='lat' dir='ltr'><strong>Abraham,</strong></span> <span class='ocrx_word' id='word_1_151' title='bbox 1518 553 1672 588; x_wconf 80' lang='lat' dir='ltr'><strong>relinquere</strong></span> 
     </span>
    </p>
   </div>
   <div class='ocr_carea' id='block_1_24' title="bbox 882 591 1670 633">
    <p class='ocr_par' dir='ltr' id='par_1_24' title="bbox 882 591 1670 633">
     <span class='ocr_line' id='line_1_24' title="bbox 882 591 1670 633; baseline 0.009 -14"><span class='ocrx_word' id='word_1_152' title='bbox 882 591 979 626; x_wconf 78' lang='lat' dir='ltr'><strong>jussus</strong></span> <span class='ocrx_word' id='word_1_153' title='bbox 993 593 1025 625; x_wconf 81' lang='lat'><strong>“,</strong></span> <span class='ocrx_word' id='word_1_154' title='bbox 1041 594 1242 621; x_wconf 87' lang='lat' dir='ltr'><strong>Edesscnorum</strong></span> <span class='ocrx_word' id='word_1_155' title='bbox 1260 597 1354 623; x_wconf 86' lang='lat' dir='ltr'><strong>urbem</strong></span> <span class='ocrx_word' id='word_1_156' title='bbox 1373 598 1449 631; x_wconf 73' lang='lat' dir='ltr'><strong>petiit</strong></span> <span class='ocrx_word' id='word_1_157' title='bbox 1466 607 1473 625; x_wconf 92' lang='lat'>:</span> <span class='ocrx_word' id='word_1_158' title='bbox 1493 606 1581 633; x_wconf 86' lang='lat' dir='ltr'><strong>neque</strong></span> <span class='ocrx_word' id='word_1_159' title='bbox 1599 599 1670 626; x_wconf 88' lang='lat' dir='ltr'><strong>enim</strong></span> 
     </span>
    </p>
   </div>
   <div class='ocr_carea' id='block_1_25' title="bbox 887 638 1670 672">
    <p class='ocr_par' dir='ltr' id='par_1_25' title="bbox 887 638 1670 672">
     <span class='ocr_line' id='line_1_25' title="bbox 887 638 1670 672; baseline 0.009 -8"><span class='ocrx_word' id='word_1_160' title='bbox 887 638 1079 671; x_wconf 77' lang='lat' dir='ltr'><strong>conveniebat,</strong></span> <span class='ocrx_word' id='word_1_161' title='bbox 1096 644 1126 666; x_wconf 92' lang='lat' dir='ltr'><strong>ut</strong></span> <span class='ocrx_word' id='word_1_162' title='bbox 1142 640 1193 668; x_wconf 86' lang='lat' dir='ltr'><strong>sub</strong></span> <span class='ocrx_word' id='word_1_163' title='bbox 1206 646 1279 668; x_wconf 86' lang='lat' dir='ltr'><strong>terra</strong></span> <span class='ocrx_word' id='word_1_164' title='bbox 1294 641 1399 669; x_wconf 79' lang='lat' dir='ltr'><strong>diutius</strong></span> <span class='ocrx_word' id='word_1_165' title='bbox 1417 643 1458 670; x_wconf 89' lang='lat' dir='ltr'><strong>sol</strong></span> <span class='ocrx_word' id='word_1_166' title='bbox 1472 646 1670 672; x_wconf 88' lang='lat' dir='ltr'><strong>occultaretur.</strong></span> 
     </span>
    </p>
   </div>
   <div class='ocr_carea' id='block_1_26' title="bbox 25 675 1672 724">
    <p class='ocr_par' dir='ltr' id='par_1_26' title="bbox 25 675 1672 724">
     <span class='ocr_line' id='line_1_26' title="bbox 25 675 1672 724; baseline 0.011 -23"><span class='ocrx_word' id='word_1_167' title='bbox 25 675 118 703; x_wconf 85' lang='lat' dir='ltr'><strong>llisce</strong></span> <span class='ocrx_word' id='word_1_168' title='bbox 136 684 201 704; x_wconf 85' lang='lat' dir='ltr'><strong>vero</strong></span> <span class='ocrx_word' id='word_1_169' title='bbox 216 677 250 704; x_wconf 90' lang='lat' dir='ltr'><strong>de</strong></span> <span class='ocrx_word' id='word_1_170' title='bbox 265 678 360 706; x_wconf 87' lang='lat' dir='ltr'><strong>causis</strong></span> <span class='ocrx_word' id='word_1_171' title='bbox 376 686 409 706; x_wconf 89' lang='lat' dir='ltr'><strong>co</strong></span> <span class='ocrx_word' id='word_1_172' title='bbox 424 681 572 712; x_wconf 82' lang='lat' dir='ltr'><strong>concessit,</strong></span> <span class='ocrx_word' id='word_1_173' title='bbox 589 685 620 708; x_wconf 89' lang='lat' dir='ltr'><strong>ut</strong></span> <span class='ocrx_word' id='word_1_174' title='bbox 635 682 696 710; x_wconf 86' lang='lat' dir='ltr'><strong>loca</strong></span> <span class='ocrx_word' id='word_1_175' title='bbox 711 683 748 711; x_wconf 92' lang='lat' dir='ltr'><strong>ibi</strong></span> <span class='ocrx_word' id='word_1_176' title='bbox 764 687 861 712; x_wconf 85' lang='lat' dir='ltr'><strong>sancta</strong></span> <span class='ocrx_word' id='word_1_177' title='bbox 879 684 1022 717; x_wconf 85' lang='lat' dir='ltr'><strong>inviseret,</strong></span> <span class='ocrx_word' id='word_1_178' title='bbox 1052 689 1110 713; x_wconf 90' lang='lat' dir='ltr'><strong>tum</strong></span> <span class='ocrx_word' id='word_1_179' title='bbox 1140 692 1170 714; x_wconf 91' lang='lat' dir='ltr'><strong>ut</strong></span> <span class='ocrx_word' id='word_1_180' title='bbox 1185 688 1336 722; x_wconf 82' lang='lat' dir='ltr'><strong>sapientem</strong></span> <span class='ocrx_word' id='word_1_181' title='bbox 1357 689 1475 724; x_wconf 84' lang='lat' dir='ltr'><strong>aliquem</strong></span> <span class='ocrx_word' id='word_1_182' title='bbox 1514 693 1672 719; x_wconf 72' lang='lat' dir='ltr'><strong>com‘cnirct</strong></span> 
     </span>
    </p>
   </div>
   <div class='ocr_carea' id='block_1_27' title="bbox 27 724 1067 768">
    <p class='ocr_par' dir='ltr' id='par_1_27' title="bbox 27 724 1067 768">
     <span class='ocr_line' id='line_1_27' title="bbox 27 724 1067 768; baseline 0.013 -19"><span class='ocrx_word' id='word_1_183' title='bbox 27 724 138 756; x_wconf 87' lang='lat' dir='ltr'><strong>virum,</strong></span> <span class='ocrx_word' id='word_1_184' title='bbox 157 731 190 751; x_wconf 89' lang='lat' dir='ltr'><strong>ac</strong></span> <span class='ocrx_word' id='word_1_185' title='bbox 203 725 369 760; x_wconf 85' lang='lat' dir='ltr'><strong>cognitionis</strong></span> <span class='ocrx_word' id='word_1_186' title='bbox 385 727 444 762; x_wconf 87' lang='lat' dir='ltr'><strong>ipse</strong></span> <span class='ocrx_word' id='word_1_187' title='bbox 459 727 579 756; x_wconf 88' lang='lat' dir='ltr'><strong>fructunt</strong></span> <span class='ocrx_word' id='word_1_188' title='bbox 594 729 636 757; x_wconf 87' lang='lat' dir='ltr'><strong>vel</strong></span> <span class='ocrx_word' id='word_1_189' title='bbox 653 736 774 765; x_wconf 84' lang='lat' dir='ltr'><strong>caperet,</strong></span> <span class='ocrx_word' id='word_1_190' title='bbox 792 733 833 760; x_wconf 79' lang='lat' dir='ltr'><strong>vel</strong></span> <span class='ocrx_word' id='word_1_191' title='bbox 849 732 912 761; x_wconf 90' lang='lat' dir='ltr'><strong>aliis</strong></span> <span class='ocrx_word' id='word_1_192' title='bbox 925 733 1067 768; x_wconf 63' lang='lat' dir='ltr'><strong>praeberet.</strong></span> 
     </span>
    </p>
   </div>
   <div class='ocr_carea' id='block_1_28' title="bbox 71 767 829 813">
    <p class='ocr_par' dir='ltr' id='par_1_28' title="bbox 71 767 829 813">
     <span class='ocr_line' id='line_1_28' title="bbox 71 767 829 813; baseline 0.012 -18"><span class='ocrx_word' id='word_1_193' title='bbox 71 769 121 796; x_wconf 85' lang='grc' dir='ltr'>Ἐν</span> <span class='ocrx_word' id='word_1_194' title='bbox 138 767 190 801; x_wconf 82' lang='grc' dir='ltr'>οἷς,</span> <span class='ocrx_word' id='word_1_195' title='bbox 207 770 244 803; x_wconf 81' lang='grc' dir='ltr'>ὼς</span> <span class='ocrx_word' id='word_1_196' title='bbox 265 772 415 808; x_wconf 72' lang='grc' dir='ltr'>ἱστόρηται,</span> <span class='ocrx_word' id='word_1_197' title='bbox 431 775 463 809; x_wconf 85' lang='grc' dir='ltr'>τῇ</span> <span class='ocrx_word' id='word_1_198' title='bbox 491 775 566 801; x_wconf 85' lang='grc' dir='ltr'>πόλει</span> <span class='ocrx_word' id='word_1_199' title='bbox 587 776 764 811; x_wconf 78' lang='grc' dir='ltr'>παραϐαλὼν,</span> <span class='ocrx_word' id='word_1_200' title='bbox 779 780 829 813; x_wconf 86' lang='grc' dir='ltr'><strong>τήν</strong></span> 
     </span>
    </p>
   </div>
   <div class='ocr_carea' id='block_1_29' title="bbox 27 816 831 860">
    <p class='ocr_par' dir='ltr' id='par_1_29' title="bbox 27 816 831 860">
     <span class='ocr_line' id='line_1_29' title="bbox 27 816 831 860; baseline 0.012 -18"><span class='ocrx_word' id='word_1_201' title='bbox 27 824 59 842; x_wconf 81' lang='grc' dir='ltr'>τε</span> <span class='ocrx_word' id='word_1_202' title='bbox 88 816 170 843; x_wconf 86' lang='grc' dir='ltr'>πόλιν</span> <span class='ocrx_word' id='word_1_203' title='bbox 196 817 400 853; x_wconf 79' lang='grc' dir='ltr'>ὑπερχόμενος,</span> <span class='ocrx_word' id='word_1_204' title='bbox 427 820 514 857; x_wconf 83' lang='grc' dir='ltr'>πόρνῃ</span> <span class='ocrx_word' id='word_1_205' title='bbox 538 821 592 848; x_wconf 79' lang='grc' dir='ltr'>τινὶ</span> <span class='ocrx_word' id='word_1_206' title='bbox 623 824 831 860; x_wconf 83' lang='grc' dir='ltr'>συναπήντηκεν</span> 
     </span>
    </p>
   </div>
   <div class='ocr_carea' id='block_1_30' title="bbox 919 778 1669 818">
    <p class='ocr_par' dir='ltr' id='par_1_30' title="bbox 919 778 1669 818">
     <span class='ocr_line' id='line_1_30' title="bbox 919 778 1669 818; baseline 0.008 -13"><span class='ocrx_word' id='word_1_207' title='bbox 919 778 959 806; x_wconf 85' lang='lat' dir='ltr'><strong>Ad</strong></span> <span class='ocrx_word' id='word_1_208' title='bbox 973 787 1033 807; x_wconf 85' lang='lat' dir='ltr'><strong>cam</strong></span> <span class='ocrx_word' id='word_1_209' title='bbox 1050 780 1133 815; x_wconf 75' lang='lat' dir='ltr'><strong>igitur</strong></span> <span class='ocrx_word' id='word_1_210' title='bbox 1147 780 1211 808; x_wconf 88' lang='lat' dir='ltr'><strong>dttm</strong></span> <span class='ocrx_word' id='word_1_211' title='bbox 1228 782 1379 817; x_wconf 84' lang='lat' dir='ltr'><strong>appulisset</strong></span> <span class='ocrx_word' id='word_1_212' title='bbox 1395 783 1544 815; x_wconf 86' lang='lat' dir='ltr'><strong>civitatem,</strong></span> <span class='ocrx_word' id='word_1_213' title='bbox 1561 787 1588 811; x_wconf 89' lang='lat' dir='ltr'><strong>et</strong></span> <span class='ocrx_word' id='word_1_214' title='bbox 1612 784 1669 818; x_wconf 87' lang='lat' dir='ltr'><strong>jam</strong></span> 
     </span>
    </p>
   </div>
   <div class='ocr_carea' id='block_1_31' title="bbox 883 827 1668 864">
    <p class='ocr_par' dir='ltr' id='par_1_31' title="bbox 883 827 1668 864">
     <span class='ocr_line' id='line_1_31' title="bbox 883 827 1668 864; baseline 0.006 -13"><span class='ocrx_word' id='word_1_215' title='bbox 883 830 988 860; x_wconf 87' lang='lat' dir='ltr'><strong>portam</strong></span> <span class='ocrx_word' id='word_1_216' title='bbox 1005 827 1141 858; x_wconf 85' lang='lat' dir='ltr'><strong>introiret,</strong></span> <span class='ocrx_word' id='word_1_217' title='bbox 1157 827 1217 854; x_wconf 87' lang='lat' dir='ltr'><strong>loco</strong></span> <span class='ocrx_word' id='word_1_218' title='bbox 1231 828 1363 862; x_wconf 81' lang='lat' dir='ltr'><strong>sapientis</strong></span> <span class='ocrx_word' id='word_1_219' title='bbox 1378 829 1440 861; x_wconf 81' lang='lat' dir='ltr'><strong>viri,</strong></span> <span class='ocrx_word' id='word_1_220' title='bbox 1451 837 1533 863; x_wconf 88' lang='lat' dir='ltr'><strong>quem</strong></span> <span class='ocrx_word' id='word_1_221' title='bbox 1549 835 1668 864; x_wconf 67' lang='lat' dir='ltr'><strong>optarat,</strong></span> 
     </span>
    </p>
   </div>
   <div class='ocr_carea' id='block_1_32' title="bbox 26 860 821 914">
    <p class='ocr_par' dir='ltr' id='par_1_32' title="bbox 26 860 821 906">
     <span class='ocr_line' id='line_1_32' title="bbox 26 860 821 906; baseline 0.011 -18"><span class='ocrx_word' id='word_1_222' title='bbox 26 862 90 888; x_wconf 84' lang='grc' dir='ltr'><strong>ἀνθ’</strong></span> <span class='ocrx_word' id='word_1_223' title='bbox 107 860 139 890; x_wconf 74' lang='grc' dir='ltr'><strong>οὗ</strong></span> <span class='ocrx_word' id='word_1_224' title='bbox 158 862 297 898; x_wconf 78' lang='grc' dir='ltr'>φιλολόγου</span> <span class='ocrx_word' id='word_1_225' title='bbox 317 865 453 901; x_wconf 75' lang='grc' dir='ltr'>ἐπηύχετο</span> <span class='ocrx_word' id='word_1_226' title='bbox 477 869 655 903; x_wconf 65' lang='grc' dir='ltr'>προεντυχεῖν·</span> <span class='ocrx_word' id='word_1_227' title='bbox 674 869 712 901; x_wconf 80' lang='grc' dir='ltr'>ὡς</span> <span class='ocrx_word' id='word_1_228' title='bbox 730 870 758 897; x_wconf 82' lang='grc' dir='ltr'>δὲ</span> <span class='ocrx_word' id='word_1_229' title='bbox 781 870 821 906; x_wconf 64' lang='grc' dir='ltr'><strong>τῆς</strong></span> 
     </span>
    </p>
   </div>
   <div class='ocr_carea' id='block_1_33' title="bbox 881 860 1669 914">
    <p class='ocr_par' dir='ltr' id='par_1_33' title="bbox 883 860 1669 910">
     <span class='ocr_line' id='line_1_33' title="bbox 883 860 1669 910; baseline 0.004 -11"><span class='ocrx_word' id='word_1_230' title='bbox 883 874 1005 899; x_wconf 84' lang='lat' dir='ltr'><strong>scortum</strong></span> <span class='ocrx_word' id='word_1_231' title='bbox 1023 872 1075 899; x_wconf 88' lang='lat' dir='ltr'><strong>sibi</strong></span> <span class='ocrx_word' id='word_1_232' title='bbox 1090 872 1201 900; x_wconf 87' lang='lat' dir='ltr'><strong>obvium</strong></span> <span class='ocrx_word' id='word_1_233' title='bbox 1217 860 1328 900; x_wconf 80' lang='lat' dir='ltr'><strong>habuit:</strong></span> <span class='ocrx_word' id='word_1_234' title='bbox 1351 873 1378 901; x_wconf 90' lang='lat' dir='ltr'><strong>in</strong></span> <span class='ocrx_word' id='word_1_235' title='bbox 1393 860 1466 909; x_wconf 84' lang='lat' dir='ltr'><strong>quod</strong></span> <span class='ocrx_word' id='word_1_236' title='bbox 1483 860 1669 910; x_wconf 70' lang='lat' dir='ltr'><strong>spectaculum</strong></span> 
     </span>
    </p>
   </div>
   <div class='ocr_carea' id='block_1_34' title="bbox 27 909 832 951">
    <p class='ocr_par' dir='ltr' id='par_1_34' title="bbox 27 909 832 951">
     <span class='ocr_line' id='line_1_34' title="bbox 27 909 832 951; baseline 0.014 -17"><span class='ocrx_word' id='word_1_237' title='bbox 27 909 200 944; x_wconf 73' lang='grc' dir='ltr'>προσδοκίας</span> <span class='ocrx_word' id='word_1_238' title='bbox 216 910 309 946; x_wconf 72' lang='grc' dir='ltr'>ἕτερον</span> <span class='ocrx_word' id='word_1_239' title='bbox 325 909 358 948; x_wconf 76' lang='grc' dir='ltr'>ἦν</span> <span class='ocrx_word' id='word_1_240' title='bbox 378 912 408 938; x_wconf 83' lang='grc' dir='ltr'>τὸ</span> <span class='ocrx_word' id='word_1_241' title='bbox 427 913 521 947; x_wconf 80' lang='grc' dir='ltr'>φανὲν,</span> <span class='ocrx_word' id='word_1_242' title='bbox 537 913 660 950; x_wconf 73' lang='grc' dir='ltr'>θλιῦερὸν</span> <span class='ocrx_word' id='word_1_243' title='bbox 681 916 755 951; x_wconf 81' lang='grc' dir='ltr'>αὑτῷ</span> <span class='ocrx_word' id='word_1_244' title='bbox 777 917 832 944; x_wconf 85' lang='grc' dir='ltr'><strong>ἀπ-</strong></span> 
     </span>
    </p>
   </div>
   <div class='ocr_carea' id='block_1_35' title="bbox 28 954 832 998">
    <p class='ocr_par' dir='ltr' id='par_1_35' title="bbox 28 954 832 998">
     <span class='ocr_line' id='line_1_35' title="bbox 28 954 832 998; baseline 0.012 -18"><span class='ocrx_word' id='word_1_245' title='bbox 28 954 81 989; x_wconf 80' lang='grc' dir='ltr'><strong>έὸη</strong></span> <span class='ocrx_word' id='word_1_246' title='bbox 96 954 130 981; x_wconf 83' lang='grc' dir='ltr'><strong>τὺ</strong></span> <span class='ocrx_word' id='word_1_247' title='bbox 148 955 326 991; x_wconf 75' lang='grc' dir='ltr'>συναντῆσαν.</span> <span class='ocrx_word' id='word_1_248' title='bbox 342 957 387 984; x_wconf 85' lang='grc' dir='ltr'><strong>Διὸ</strong></span> <span class='ocrx_word' id='word_1_249' title='bbox 403 959 450 985; x_wconf 78' lang='grc' dir='ltr'>καὶ</span> <span class='ocrx_word' id='word_1_250' title='bbox 475 960 673 995; x_wconf 80' lang='grc' dir='ltr'>προσατενίσας</span> <span class='ocrx_word' id='word_1_251' title='bbox 687 961 726 997; x_wconf 75' lang='grc' dir='ltr'>τῴ</span> <span class='ocrx_word' id='word_1_252' title='bbox 740 970 832 998; x_wconf 88' lang='grc' dir='ltr'>πορνι-</span> 
     </span>
    </p>
   </div>
   <div class='ocr_carea' id='block_1_36' title="bbox 28 999 832 1043">
    <p class='ocr_par' dir='ltr' id='par_1_36' title="bbox 28 999 832 1043">
     <span class='ocr_line' id='line_1_36' title="bbox 28 999 832 1043; baseline 0.012 -18"><span class='ocrx_word' id='word_1_253' title='bbox 28 999 91 1035; x_wconf 65' lang='lat' dir='ltr'><strong>sap,</strong></span> <span class='ocrx_word' id='word_1_254' title='bbox 105 1000 146 1033; x_wconf 84' lang='grc' dir='ltr'>ὡς</span> <span class='ocrx_word' id='word_1_255' title='bbox 162 1001 211 1037; x_wconf 82' lang='grc' dir='ltr'>τῆς</span> <span class='ocrx_word' id='word_1_256' title='bbox 227 1002 331 1034; x_wconf 78' lang='grc' dir='ltr'>ἐλπίδος</span> <span class='ocrx_word' id='word_1_257' title='bbox 346 1003 472 1038; x_wconf 81' lang='grc' dir='ltr'>ψευσθεὶς</span> <span class='ocrx_word' id='word_1_258' title='bbox 488 1005 610 1040; x_wconf 82' lang='grc' dir='ltr'>ἀπήγετο</span> <span class='ocrx_word' id='word_1_259' title='bbox 620 1009 628 1017; x_wconf 85' lang='grc'><em>”</em></span> <span class='ocrx_word' id='word_1_260' title='bbox 639 1015 646 1022; x_wconf 88' lang='grc'><strong>·</strong></span> <span class='ocrx_word' id='word_1_261' title='bbox 660 1008 676 1043; x_wconf 83' lang='grc' dir='ltr'>ἡ</span> <span class='ocrx_word' id='word_1_262' title='bbox 693 1008 721 1035; x_wconf 74' lang='grc' dir='ltr'>δὲ</span> <span class='ocrx_word' id='word_1_263' title='bbox 737 1008 832 1036; x_wconf 82' lang='grc' dir='ltr'>τοῦτον</span> 
     </span>
    </p>
   </div>
   <div class='ocr_carea' id='block_1_37' title="bbox 30 1045 832 1090">
    <p class='ocr_par' dir='ltr' id='par_1_37' title="bbox 30 1045 832 1090">
     <span class='ocr_line' id='line_1_37' title="bbox 30 1045 832 1090; baseline 0.011 -18"><span class='ocrx_word' id='word_1_264' title='bbox 30 1045 159 1082; x_wconf 77' lang='grc' dir='ltr'>θεωμένη</span> <span class='ocrx_word' id='word_1_265' title='bbox 180 1049 406 1083; x_wconf 79' lang='grc' dir='ltr'>προσατενίζοντα</span> <span class='ocrx_word' id='word_1_266' title='bbox 425 1050 521 1088; x_wconf 86' lang='grc' dir='ltr'>ταύτῃ,</span> <span class='ocrx_word' id='word_1_267' title='bbox 540 1053 587 1080; x_wconf 75' lang='grc' dir='ltr'>καὶ</span> <span class='ocrx_word' id='word_1_268' title='bbox 607 1053 675 1090; x_wconf 69' lang='grc' dir='ltr'>αὑτὴ</span> <span class='ocrx_word' id='word_1_269' title='bbox 695 1055 832 1090; x_wconf 73' lang='grc' dir='ltr'><strong>ἐπιμελῶς</strong></span> 
     </span>
    </p>
   </div>
   <div class='ocr_carea' id='block_1_38' title="bbox 28 1092 830 1135">
    <p class='ocr_par' dir='ltr' id='par_1_38' title="bbox 28 1092 830 1135">
     <span class='ocr_line' id='line_1_38' title="bbox 28 1092 830 1135; baseline 0.012 -17"><span class='ocrx_word' id='word_1_270' title='bbox 28 1092 114 1119; x_wconf 77' lang='grc' dir='ltr'>αὑτὸν</span> <span class='ocrx_word' id='word_1_271' title='bbox 133 1093 269 1128; x_wconf 73' lang='grc' dir='ltr'>βλέπουσα</span> <span class='ocrx_word' id='word_1_272' title='bbox 297 1096 470 1125; x_wconf 84' lang='grc' dir='ltr'>κατεσκόπει.</span> <span class='ocrx_word' id='word_1_273' title='bbox 498 1098 537 1134; x_wconf 80' lang='grc' dir='ltr'><strong>Τῇ</strong></span> <span class='ocrx_word' id='word_1_274' title='bbox 559 1098 588 1125; x_wconf 76' lang='grc' dir='ltr'>δὲ</span> <span class='ocrx_word' id='word_1_275' title='bbox 610 1100 624 1126; x_wconf 86' lang='grc' dir='ltr'><strong><em>ὸ</em></strong></span> <span class='ocrx_word' id='word_1_276' title='bbox 644 1100 740 1135; x_wconf 68' lang='grc' dir='ltr'>σοφός·</span> <span class='ocrx_word' id='word_1_277' title='bbox 761 1101 830 1135; x_wconf 83' lang='grc' dir='ltr'><strong>Λέγε</strong></span> 
     </span>
    </p>
   </div>
   <div class='ocr_carea' id='block_1_39' title="bbox 30 1141 831 1183">
    <p class='ocr_par' dir='ltr' id='par_1_39' title="bbox 30 1141 831 1183">
     <span class='ocr_line' id='line_1_39' title="bbox 30 1141 831 1183; baseline 0.01 -16"><span class='ocrx_word' id='word_1_278' title='bbox 30 1149 87 1176; x_wconf 83' lang='grc' dir='ltr'>μοι,</span> <span class='ocrx_word' id='word_1_279' title='bbox 109 1141 199 1175; x_wconf 85' lang='grc' dir='ltr'>γύναι,</span> <span class='ocrx_word' id='word_1_280' title='bbox 219 1142 290 1174; x_wconf 82' lang='grc' dir='ltr'>τίνος</span> <span class='ocrx_word' id='word_1_281' title='bbox 309 1143 388 1178; x_wconf 84' lang='grc' dir='ltr'><strong>χάριν</strong></span> <span class='ocrx_word' id='word_1_282' title='bbox 416 1145 514 1181; x_wconf 81' lang='grc' dir='ltr'>μικρὸν</span> <span class='ocrx_word' id='word_1_283' title='bbox 537 1146 709 1179; x_wconf 80' lang='grc' dir='ltr'>ἀπατενίζεις</span> <span class='ocrx_word' id='word_1_284' title='bbox 725 1156 780 1183; x_wconf 88' lang='grc' dir='ltr'>μοι.</span> <span class='ocrx_word' id='word_1_285' title='bbox 798 1148 831 1175; x_wconf 84' lang='grc' dir='ltr'><strong>Ἡ</strong></span> 
     </span>
    </p>
   </div>
   <div class='ocr_carea' id='block_1_40' title="bbox 27 1186 831 1229">
    <p class='ocr_par' dir='ltr' id='par_1_40' title="bbox 27 1186 831 1229">
     <span class='ocr_line' id='line_1_40' title="bbox 27 1186 831 1229; baseline 0.01 -16"><span class='ocrx_word' id='word_1_286' title='bbox 27 1186 68 1219; x_wconf 78' lang='grc' dir='ltr'>δὲ,</span> <span class='ocrx_word' id='word_1_287' title='bbox 93 1188 262 1220; x_wconf 72' lang='grc' dir='ltr'>’Δκολούθως</span> <span class='ocrx_word' id='word_1_288' title='bbox 278 1189 333 1223; x_wconf 75' lang='grc' dir='ltr'><strong>ἐγὼ</strong></span> <span class='ocrx_word' id='word_1_289' title='bbox 349 1190 395 1216; x_wconf 75' lang='grc' dir='ltr'>καὶ</span> <span class='ocrx_word' id='word_1_290' title='bbox 413 1191 587 1226; x_wconf 78' lang='grc' dir='ltr'><strong>πρεπόντως·</strong></span> <span class='ocrx_word' id='word_1_291' title='bbox 602 1194 635 1220; x_wconf 82' lang='grc' dir='ltr'>ἐκ</span> <span class='ocrx_word' id='word_1_292' title='bbox 660 1192 706 1220; x_wconf 82' lang='grc' dir='ltr'>σοῦ</span> <span class='ocrx_word' id='word_1_293' title='bbox 719 1193 772 1229; x_wconf 84' lang='grc' dir='ltr'>γὰρ</span> <span class='ocrx_word' id='word_1_294' title='bbox 788 1192 831 1220; x_wconf 75' lang='grc' dir='ltr'><strong>λέ-</strong></span> 
     </span>
    </p>
   </div>
   <div class='ocr_carea' id='block_1_41' title="bbox 28 1234 829 1276">
    <p class='ocr_par' dir='ltr' id='par_1_41' title="bbox 28 1234 829 1276">
     <span class='ocr_line' id='line_1_41' title="bbox 28 1234 829 1276; baseline 0.007 -15"><span class='ocrx_word' id='word_1_295' title='bbox 28 1234 142 1270; x_wconf 85' lang='grc' dir='ltr'>λημμαι</span> <span class='ocrx_word' id='word_1_296' title='bbox 157 1235 203 1262; x_wconf 78' lang='grc' dir='ltr'>τοῦ</span> <span class='ocrx_word' id='word_1_297' title='bbox 217 1235 323 1271; x_wconf 75' lang='grc' dir='ltr'>ἀνδρὸς,</span> <span class='ocrx_word' id='word_1_298' title='bbox 340 1237 371 1263; x_wconf 80' lang='grc' dir='ltr'>σὺ</span> <span class='ocrx_word' id='word_1_299' title='bbox 384 1237 412 1264; x_wconf 81' lang='grc' dir='ltr'>δὲ</span> <span class='ocrx_word' id='word_1_300' title='bbox 427 1238 463 1273; x_wconf 85' lang='grc' dir='ltr'>μή</span> <span class='ocrx_word' id='word_1_301' title='bbox 478 1247 511 1273; x_wconf 89' lang='grc' dir='ltr'>με</span> <span class='ocrx_word' id='word_1_302' title='bbox 523 1239 700 1273; x_wconf 81' lang='grc' dir='ltr'>κατασκόπει,</span> <span class='ocrx_word' id='word_1_303' title='bbox 715 1239 829 1276; x_wconf 72' lang='grc' dir='ltr'><strong>τὴντὴν</strong></span> 
     </span>
    </p>
   </div>
   <div class='ocr_carea' id='block_1_42' title="bbox 27 1280 830 1322">
    <p class='ocr_par' dir='ltr' id='par_1_42' title="bbox 27 1280 830 1322">
     <span class='ocr_line' id='line_1_42' title="bbox 27 1280 830 1322; baseline 0.01 -17"><span class='ocrx_word' id='word_1_304' title='bbox 27 1280 57 1306; x_wconf 74' lang='grc' dir='ltr'>δὲ</span> <span class='ocrx_word' id='word_1_305' title='bbox 75 1280 188 1315; x_wconf 83' lang='grc' dir='ltr'>μᾶλλον,</span> <span class='ocrx_word' id='word_1_306' title='bbox 203 1281 232 1314; x_wconf 76' lang='grc' dir='ltr'><strong>ἐξ</strong></span> <span class='ocrx_word' id='word_1_307' title='bbox 250 1280 283 1317; x_wconf 83' lang='grc' dir='ltr'>ἧς</span> <span class='ocrx_word' id='word_1_308' title='bbox 300 1282 429 1318; x_wconf 72' lang='grc' dir='ltr'>ἐλήφθης.</span> <span class='ocrx_word' id='word_1_309' title='bbox 447 1284 532 1311; x_wconf 81' lang='grc' dir='ltr'>Τοῦτο</span> <span class='ocrx_word' id='word_1_310' title='bbox 546 1285 623 1321; x_wconf 82' lang='grc' dir='ltr'>παρὰ</span> <span class='ocrx_word' id='word_1_311' title='bbox 637 1286 800 1322; x_wconf 82' lang='grc' dir='ltr'>προσδοκίαν</span> <span class='ocrx_word' id='word_1_312' title='bbox 815 1287 830 1313; x_wconf 89' lang='grc' dir='ltr'><strong>ό</strong></span> 
     </span>
    </p>
   </div>
   <div class='ocr_carea' id='block_1_43' title="bbox 31 1327 829 1368">
    <p class='ocr_par' dir='ltr' id='par_1_43' title="bbox 31 1327 829 1368">
     <span class='ocr_line' id='line_1_43' title="bbox 31 1327 829 1368; baseline 0.009 -16"><span class='ocrx_word' id='word_1_313' title='bbox 31 1327 113 1360; x_wconf 67' lang='grc' dir='ltr'>σοφὸς</span> <span class='ocrx_word' id='word_1_314' title='bbox 130 1327 297 1360; x_wconf 79' lang='grc' dir='ltr'>ἐπακούσας,</span> <span class='ocrx_word' id='word_1_315' title='bbox 319 1329 445 1363; x_wconf 80' lang='grc' dir='ltr'><strong>μεγάλως</strong></span> <span class='ocrx_word' id='word_1_316' title='bbox 463 1330 513 1366; x_wconf 83' lang='grc' dir='ltr'>μὲν</span> <span class='ocrx_word' id='word_1_317' title='bbox 535 1331 668 1366; x_wconf 83' lang='grc' dir='ltr'>ὡμολόγει</span> <span class='ocrx_word' id='word_1_318' title='bbox 683 1331 829 1368; x_wconf 81' lang='grc' dir='ltr'>ὠφεληθῆ-</span> 
     </span>
    </p>
   </div>
   <div class='ocr_carea' id='block_1_44' title="bbox 30 1371 829 1413">
    <p class='ocr_par' dir='ltr' id='par_1_44' title="bbox 30 1371 829 1413">
     <span class='ocr_line' id='line_1_44' title="bbox 30 1371 829 1413; baseline 0.008 -14"><span class='ocrx_word' id='word_1_319' title='bbox 30 1380 88 1399; x_wconf 75' lang='grc' dir='ltr'>ναι·</span> <span class='ocrx_word' id='word_1_320' title='bbox 107 1371 156 1399; x_wconf 82' lang='grc' dir='ltr'>τοῦ</span> <span class='ocrx_word' id='word_1_321' title='bbox 170 1373 237 1400; x_wconf 70' lang='grc' dir='ltr'>θεοῦ</span> <span class='ocrx_word' id='word_1_322' title='bbox 251 1373 279 1400; x_wconf 85' lang='grc' dir='ltr'>δὲ</span> <span class='ocrx_word' id='word_1_323' title='bbox 296 1374 345 1409; x_wconf 83' lang='grc' dir='ltr'><strong>τὴν</strong></span> <span class='ocrx_word' id='word_1_324' title='bbox 359 1375 549 1411; x_wconf 85' lang='grc' dir='ltr'><strong>ἀκατάληπτον</strong></span> <span class='ocrx_word' id='word_1_325' title='bbox 565 1377 744 1413; x_wconf 79' lang='grc' dir='ltr'>ὑπερεδόξασε</span> <span class='ocrx_word' id='word_1_326' title='bbox 754 1377 829 1406; x_wconf 84' lang='grc' dir='ltr'>δύνα-</span> 
     </span>
    </p>
   </div>
   <div class='ocr_carea' id='block_1_45' title="bbox 31 1417 828 1459">
    <p class='ocr_par' dir='ltr' id='par_1_45' title="bbox 31 1417 828 1459">
     <span class='ocr_line' id='line_1_45' title="bbox 31 1417 828 1459; baseline 0.009 -15"><span class='ocrx_word' id='word_1_327' title='bbox 31 1425 90 1450; x_wconf 78' lang='grc' dir='ltr'>μιν,</span> <span class='ocrx_word' id='word_1_328' title='bbox 108 1417 139 1450; x_wconf 83' lang='grc' dir='ltr'>ὃς</span> <span class='ocrx_word' id='word_1_329' title='bbox 155 1418 189 1446; x_wconf 80' lang='grc' dir='ltr'>τὰ</span> <span class='ocrx_word' id='word_1_330' title='bbox 207 1419 256 1454; x_wconf 82' lang='grc' dir='ltr'>τῆς</span> <span class='ocrx_word' id='word_1_331' title='bbox 268 1419 373 1452; x_wconf 81' lang='grc' dir='ltr'>ἐλπίδος</span> <span class='ocrx_word' id='word_1_332' title='bbox 389 1421 436 1447; x_wconf 81' lang='grc' dir='ltr'>καὶ</span> <span class='ocrx_word' id='word_1_333' title='bbox 453 1421 496 1448; x_wconf 75' lang='grc' dir='ltr'><strong>διὰ</strong></span> <span class='ocrx_word' id='word_1_334' title='bbox 519 1422 574 1449; x_wconf 82' lang='grc' dir='ltr'>τῶν</span> <span class='ocrx_word' id='word_1_335' title='bbox 588 1423 653 1459; x_wconf 77' lang='grc' dir='ltr'>παρ’</span> <span class='ocrx_word' id='word_1_336' title='bbox 670 1423 764 1450; x_wconf 76' lang='grc' dir='ltr'>ἐλπίδα</span> <span class='ocrx_word' id='word_1_337' title='bbox 778 1432 828 1459; x_wconf 87' lang='grc' dir='ltr'>χα-</span> 
     </span>
    </p>
   </div>
   <div class='ocr_carea' id='block_1_46' title="bbox 32 1460 149 1496">
    <p class='ocr_par' dir='ltr' id='par_1_46' title="bbox 32 1460 149 1496">
     <span class='ocr_line' id='line_1_46' title="bbox 32 1460 149 1496; baseline 0 -8"><span class='ocrx_word' id='word_1_338' title='bbox 32 1460 149 1496; x_wconf 66' lang='grc' dir='ltr'><strong>[ἕζεται.</strong></span> 
     </span>
    </p>
   </div>
   <div class='ocr_carea' id='block_1_47' title="bbox 65 1508 826 1549">
    <p class='ocr_par' dir='ltr' id='par_1_47' title="bbox 65 1508 826 1549">
     <span class='ocr_line' id='line_1_47' title="bbox 65 1508 826 1549; baseline 0.013 -15"><span class='ocrx_word' id='word_1_339' title='bbox 65 1508 155 1541; x_wconf 78' lang='grc' dir='ltr'>Δύσας</span> <span class='ocrx_word' id='word_1_340' title='bbox 168 1517 198 1536; x_wconf 86' lang='grc' dir='ltr'><strong>τε</strong></span> <span class='ocrx_word' id='word_1_341' title='bbox 217 1509 320 1537; x_wconf 80' lang='grc' dir='ltr'>ἐκεῖθεν</span> <span class='ocrx_word' id='word_1_342' title='bbox 339 1511 386 1538; x_wconf 65' lang='grc' dir='ltr'><strong>ἐπὶ</strong></span> <span class='ocrx_word' id='word_1_343' title='bbox 405 1512 454 1548; x_wconf 78' lang='grc' dir='ltr'>τὴν</span> <span class='ocrx_word' id='word_1_344' title='bbox 478 1514 527 1549; x_wconf 82' lang='grc' dir='ltr'>τῆς</span> <span class='ocrx_word' id='word_1_345' title='bbox 544 1514 739 1548; x_wconf 82' lang='grc' dir='ltr'>Καππαδοκίας</span> <span class='ocrx_word' id='word_1_346' title='bbox 759 1517 826 1544; x_wconf 83' lang='grc' dir='ltr'>Και-</span> 
     </span>
    </p>
   </div>
   <div class='ocr_carea' id='block_1_48' title="bbox 884 917 1668 955">
    <p class='ocr_par' dir='ltr' id='par_1_48' title="bbox 884 917 1668 955">
     <span class='ocr_line' id='line_1_48' title="bbox 884 917 1668 955; baseline 0.006 -13"><span class='ocrx_word' id='word_1_347' title='bbox 884 917 1078 951; x_wconf 87' lang='lat' dir='ltr'><strong>permolestum</strong></span> <span class='ocrx_word' id='word_1_348' title='bbox 1091 925 1152 945; x_wconf 93' lang='lat' dir='ltr'><strong>cum</strong></span> <span class='ocrx_word' id='word_1_349' title='bbox 1165 924 1261 953; x_wconf 71' lang='lat' dir='ltr'><strong>przeter</strong></span> <span class='ocrx_word' id='word_1_350' title='bbox 1271 920 1502 955; x_wconf 78' lang='lat' dir='ltr'><strong>exspectationem</strong></span> <span class='ocrx_word' id='word_1_351' title='bbox 1517 921 1668 953; x_wconf 86' lang='lat' dir='ltr'><strong>incidisset,</strong></span> 
     </span>
    </p>
   </div>
   <div class='ocr_carea' id='block_1_49' title="bbox 883 965 1669 1000">
    <p class='ocr_par' dir='ltr' id='par_1_49' title="bbox 883 965 1669 1000">
     <span class='ocr_line' id='line_1_49' title="bbox 883 965 1669 1000; baseline 0.006 -11"><span class='ocrx_word' id='word_1_352' title='bbox 883 967 1011 998; x_wconf 84' lang='lat' dir='ltr'><strong>tanquam</strong></span> <span class='ocrx_word' id='word_1_353' title='bbox 1029 972 1077 1000; x_wconf 55' lang='lat' dir='ltr'><strong>sps</strong></span> <span class='ocrx_word' id='word_1_354' title='bbox 1104 972 1153 991; x_wconf 90' lang='lat' dir='ltr'><strong>sua</strong></span> <span class='ocrx_word' id='word_1_355' title='bbox 1174 965 1309 1000; x_wconf 77' lang='lat' dir='ltr'><strong>dejectus.</strong></span> <span class='ocrx_word' id='word_1_356' title='bbox 1335 966 1430 994; x_wconf 88' lang='lat' dir='ltr'><strong>oculos</strong></span> <span class='ocrx_word' id='word_1_357' title='bbox 1460 967 1609 994; x_wconf 89' lang='lat' dir='ltr'><strong>avertebat.</strong></span> <span class='ocrx_word' id='word_1_358' title='bbox 1634 967 1669 994; x_wconf 77' lang='lat' dir='ltr'><strong>At</strong></span> 
     </span>
    </p>
   </div>
   <div class='ocr_carea' id='block_1_50' title="bbox 882 1010 1669 1044">
    <p class='ocr_par' dir='ltr' id='par_1_50' title="bbox 882 1010 1669 1044">
     <span class='ocr_line' id='line_1_50' title="bbox 882 1010 1669 1044; baseline 0.005 -9"><span class='ocrx_word' id='word_1_359' title='bbox 882 1013 990 1041; x_wconf 83' lang='lat' dir='ltr'><strong>contra,</strong></span> <span class='ocrx_word' id='word_1_360' title='bbox 1006 1010 1131 1044; x_wconf 88' lang='lat' dir='ltr'><strong>itnproha</strong></span> <span class='ocrx_word' id='word_1_361' title='bbox 1149 1010 1249 1038; x_wconf 87' lang='lat' dir='ltr'><strong>femina</strong></span> <span class='ocrx_word' id='word_1_362' title='bbox 1261 1010 1358 1039; x_wconf 80' lang='lat' dir='ltr'><strong>deﬁxis</strong></span> <span class='ocrx_word' id='word_1_363' title='bbox 1375 1012 1402 1039; x_wconf 93' lang='lat' dir='ltr'><strong>in</strong></span> <span class='ocrx_word' id='word_1_364' title='bbox 1425 1020 1486 1039; x_wconf 88' lang='lat' dir='ltr'><strong>eum</strong></span> <span class='ocrx_word' id='word_1_365' title='bbox 1511 1012 1598 1039; x_wconf 85' lang='lat' dir='ltr'><strong>oculis</strong></span> <span class='ocrx_word' id='word_1_366' title='bbox 1626 1013 1669 1040; x_wconf 85' lang='lat' dir='ltr'><strong>itt-</strong></span> 
     </span>
    </p>
   </div>
   <div class='ocr_carea' id='block_1_51' title="bbox 881 1055 1667 1093">
    <p class='ocr_par' dir='ltr' id='par_1_51' title="bbox 881 1055 1667 1093">
     <span class='ocr_line' id='line_1_51' title="bbox 881 1055 1667 1093; baseline 0.004 -11"><span class='ocrx_word' id='word_1_367' title='bbox 881 1055 1024 1090; x_wconf 81' lang='lat' dir='ltr'><strong>spiciebat.</strong></span> <span class='ocrx_word' id='word_1_368' title='bbox 1041 1056 1090 1084; x_wconf 85' lang='lat' dir='ltr'><strong>Cui</strong></span> <span class='ocrx_word' id='word_1_369' title='bbox 1105 1056 1229 1092; x_wconf 59' lang='lat' dir='ltr'><strong>Ephrem</strong></span> <span class='ocrx_word' id='word_1_370' title='bbox 1241 1067 1248 1084; x_wconf 90' lang='lat'><strong><em>:</em></strong></span> <span class='ocrx_word' id='word_1_371' title='bbox 1262 1057 1284 1084; x_wconf 92' lang='lat'><strong>0</strong></span> <span class='ocrx_word' id='word_1_372' title='bbox 1300 1058 1406 1089; x_wconf 83' lang='lat' dir='ltr'><strong>mulier.</strong></span> <span class='ocrx_word' id='word_1_373' title='bbox 1424 1058 1523 1093; x_wconf 84' lang='lat' dir='ltr'><strong>inquit,</strong></span> <span class='ocrx_word' id='word_1_374' title='bbox 1535 1058 1578 1085; x_wconf 87' lang='lat' dir='ltr'><strong>die</strong></span> <span class='ocrx_word' id='word_1_375' title='bbox 1592 1059 1667 1092; x_wconf 88' lang='lat' dir='ltr'><strong>mihi,</strong></span> 
     </span>
    </p>
   </div>
   <div class='ocr_carea' id='block_1_52' title="bbox 882 1102 1669 1139">
    <p class='ocr_par' dir='ltr' id='par_1_52' title="bbox 882 1102 1669 1139">
     <span class='ocr_line' id='line_1_52' title="bbox 882 1102 1669 1139; baseline 0.005 -12"><span class='ocrx_word' id='word_1_376' title='bbox 882 1108 933 1128; x_wconf 91' lang='lat' dir='ltr'><strong>cur</strong></span> <span class='ocrx_word' id='word_1_377' title='bbox 949 1109 991 1129; x_wconf 91' lang='lat' dir='ltr'><strong>me</strong></span> <span class='ocrx_word' id='word_1_378' title='bbox 1009 1103 1166 1137; x_wconf 86' lang='lat' dir='ltr'><strong>usqueach</strong></span> <span class='ocrx_word' id='word_1_379' title='bbox 1184 1102 1320 1131; x_wconf 75' lang='lat' dir='ltr'><strong>intueris?</strong></span> <span class='ocrx_word' id='word_1_380' title='bbox 1333 1103 1366 1130; x_wconf 87' lang='lat' dir='ltr'><strong>At</strong></span> <span class='ocrx_word' id='word_1_381' title='bbox 1380 1103 1426 1130; x_wconf 89' lang='lat' dir='ltr'><strong>illa</strong></span> <span class='ocrx_word' id='word_1_382' title='bbox 1440 1108 1580 1139; x_wconf 85' lang='lat' dir='ltr'><strong>prompte:</strong></span> <span class='ocrx_word' id='word_1_383' title='bbox 1595 1104 1669 1137; x_wconf 87' lang='lat' dir='ltr'><strong>Quo-</strong></span> 
     </span>
    </p>
   </div>
   <div class='ocr_carea' id='block_1_53' title="bbox 881 1146 1668 1183">
    <p class='ocr_par' dir='ltr' id='par_1_53' title="bbox 881 1146 1668 1183">
     <span class='ocr_line' id='line_1_53' title="bbox 881 1146 1668 1183; baseline 0.005 -10"><span class='ocrx_word' id='word_1_384' title='bbox 881 1146 967 1180; x_wconf 87' lang='lat' dir='ltr'><strong>niam,</strong></span> <span class='ocrx_word' id='word_1_385' title='bbox 985 1146 1088 1182; x_wconf 77' lang='lat' dir='ltr'><strong>iiiquit.</strong></span> <span class='ocrx_word' id='word_1_386' title='bbox 1108 1156 1140 1175; x_wconf 80' lang='lat' dir='ltr'><strong>cx</strong></span> <span class='ocrx_word' id='word_1_387' title='bbox 1155 1152 1182 1175; x_wconf 84' lang='lat' dir='ltr'><strong>te</strong></span> <span class='ocrx_word' id='word_1_388' title='bbox 1197 1149 1258 1175; x_wconf 89' lang='lat' dir='ltr'><strong>viro</strong></span> <span class='ocrx_word' id='word_1_389' title='bbox 1275 1155 1325 1183; x_wconf 79' lang='lat' dir='ltr'><strong>ego</strong></span> <span class='ocrx_word' id='word_1_390' title='bbox 1337 1156 1395 1175; x_wconf 89' lang='lat' dir='ltr'><strong>sum</strong></span> <span class='ocrx_word' id='word_1_391' title='bbox 1409 1158 1415 1176; x_wconf 89' lang='lat'><strong>:</strong></span> <span class='ocrx_word' id='word_1_392' title='bbox 1429 1152 1456 1176; x_wconf 91' lang='lat' dir='ltr'><strong>tu</strong></span> <span class='ocrx_word' id='word_1_393' title='bbox 1472 1153 1562 1176; x_wconf 87' lang='lat' dir='ltr'><strong>autent</strong></span> <span class='ocrx_word' id='word_1_394' title='bbox 1577 1157 1619 1177; x_wconf 87' lang='lat' dir='ltr'><strong>me</strong></span> <span class='ocrx_word' id='word_1_395' title='bbox 1634 1158 1668 1177; x_wconf 87' lang='lat' dir='ltr'><strong>ne</strong></span> 
     </span>
    </p>
   </div>
   <div class='ocr_carea' id='block_1_54' title="bbox 881 1192 1667 1231">
    <p class='ocr_par' dir='ltr' id='par_1_54' title="bbox 881 1192 1667 1231">
     <span class='ocr_line' id='line_1_54' title="bbox 881 1192 1667 1231; baseline 0.006 -13"><span class='ocrx_word' id='word_1_396' title='bbox 881 1192 997 1227; x_wconf 83' lang='lat' dir='ltr'><strong>respicis</strong></span> <span class='ocrx_word' id='word_1_397' title='bbox 1013 1193 1134 1228; x_wconf 89' lang='lat' dir='ltr'><strong>quidem,</strong></span> <span class='ocrx_word' id='word_1_398' title='bbox 1152 1193 1199 1221; x_wconf 86' lang='lat' dir='ltr'><strong>sed</strong></span> <span class='ocrx_word' id='word_1_399' title='bbox 1217 1193 1245 1221; x_wconf 85' lang='lat' dir='ltr'><strong>in</strong></span> <span class='ocrx_word' id='word_1_400' title='bbox 1261 1198 1360 1221; x_wconf 87' lang='lat' dir='ltr'><strong>terram</strong></span> <span class='ocrx_word' id='word_1_401' title='bbox 1374 1202 1406 1222; x_wconf 76' lang='lat' dir='ltr'><strong>ex</strong></span> <span class='ocrx_word' id='word_1_402' title='bbox 1419 1202 1472 1230; x_wconf 89' lang='lat' dir='ltr'><strong>qua</strong></span> <span class='ocrx_word' id='word_1_403' title='bbox 1487 1201 1611 1231; x_wconf 87' lang='lat' dir='ltr'><strong>sumptus</strong></span> <span class='ocrx_word' id='word_1_404' title='bbox 1625 1204 1667 1229; x_wconf 85' lang='lat' dir='ltr'><strong>cs,</strong></span> 
     </span>
    </p>
   </div>
   <div class='ocr_carea' id='block_1_55' title="bbox 880 1238 1667 1277">
    <p class='ocr_par' dir='ltr' id='par_1_55' title="bbox 880 1238 1667 1277">
     <span class='ocr_line' id='line_1_55' title="bbox 880 1238 1667 1277; baseline 0.008 -13"><span class='ocrx_word' id='word_1_405' title='bbox 880 1238 977 1266; x_wconf 88' lang='lat' dir='ltr'><strong>oculos</strong></span> <span class='ocrx_word' id='word_1_406' title='bbox 995 1243 1058 1267; x_wconf 81' lang='lat' dir='ltr'><strong>tuos</strong></span> <span class='ocrx_word' id='word_1_407' title='bbox 1081 1243 1233 1275; x_wconf 89' lang='lat' dir='ltr'><strong>retorques.</strong></span> <span class='ocrx_word' id='word_1_408' title='bbox 1253 1239 1340 1273; x_wconf 87' lang='lat' dir='ltr'><strong>Quam</strong></span> <span class='ocrx_word' id='word_1_409' title='bbox 1363 1240 1473 1276; x_wconf 87' lang='lat' dir='ltr'><strong>quidem</strong></span> <span class='ocrx_word' id='word_1_410' title='bbox 1498 1242 1667 1277; x_wconf 82' lang='lat' dir='ltr'><strong>inexspecta-</strong></span> 
     </span>
    </p>
   </div>
   <div class='ocr_carea' id='block_1_56' title="bbox 880 1285 1668 1322">
    <p class='ocr_par' dir='ltr' id='par_1_56' title="bbox 880 1285 1668 1322">
     <span class='ocr_line' id='line_1_56' title="bbox 880 1285 1668 1322; baseline 0.006 -12"><span class='ocrx_word' id='word_1_411' title='bbox 880 1287 935 1311; x_wconf 83' lang='lat' dir='ltr'><strong>tam</strong></span> <span class='ocrx_word' id='word_1_412' title='bbox 950 1285 1157 1320; x_wconf 73' lang='lat' dir='ltr'><strong>respdnsionem</strong></span> <span class='ocrx_word' id='word_1_413' title='bbox 1186 1286 1363 1314; x_wconf 81' lang='lat' dir='ltr'><strong>vehementer</strong></span> <span class='ocrx_word' id='word_1_414' title='bbox 1384 1287 1436 1314; x_wconf 90' lang='lat' dir='ltr'><strong>sibi</strong></span> <span class='ocrx_word' id='word_1_415' title='bbox 1458 1289 1607 1322; x_wconf 77' lang='lat' dir='ltr'><strong>profuisse,</strong></span> <span class='ocrx_word' id='word_1_416' title='bbox 1625 1290 1668 1315; x_wconf 86' lang='lat' dir='ltr'><strong>vir</strong></span> 
     </span>
    </p>
   </div>
   <div class='ocr_carea' id='block_1_57' title="bbox 878 1332 1665 1369">
    <p class='ocr_par' dir='ltr' id='par_1_57' title="bbox 878 1332 1665 1369">
     <span class='ocr_line' id='line_1_57' title="bbox 878 1332 1665 1369; baseline 0.005 -12"><span class='ocrx_word' id='word_1_417' title='bbox 878 1335 991 1358; x_wconf 83' lang='lat' dir='ltr'><strong>sanctus</strong></span> <span class='ocrx_word' id='word_1_418' title='bbox 1003 1338 1035 1358; x_wconf 87' lang='lat' dir='ltr'><strong>ac</strong></span> <span class='ocrx_word' id='word_1_419' title='bbox 1048 1332 1167 1366; x_wconf 88' lang='lat' dir='ltr'><strong>prudens</strong></span> <span class='ocrx_word' id='word_1_420' title='bbox 1182 1333 1380 1360; x_wconf 82' lang='lat' dir='ltr'><strong>conﬁtebatur:</strong></span> <span class='ocrx_word' id='word_1_421' title='bbox 1392 1337 1560 1369; x_wconf 79' lang='lat' dir='ltr'><strong>quapropter</strong></span> <span class='ocrx_word' id='word_1_422' title='bbox 1573 1334 1665 1362; x_wconf 84' lang='lat' dir='ltr'><strong>inlini--</strong></span> 
     </span>
    </p>
   </div>
   <div class='ocr_carea' id='block_1_58' title="bbox 880 1375 1666 1416">
    <p class='ocr_par' dir='ltr' id='par_1_58' title="bbox 880 1375 1666 1416">
     <span class='ocr_line' id='line_1_58' title="bbox 880 1375 1666 1416; baseline 0.009 -14"><span class='ocrx_word' id='word_1_423' title='bbox 880 1381 934 1403; x_wconf 86' lang='lat' dir='ltr'><strong>tam</strong></span> <span class='ocrx_word' id='word_1_424' title='bbox 952 1375 1000 1404; x_wconf 88' lang='lat' dir='ltr'><strong>Dei</strong></span> <span class='ocrx_word' id='word_1_425' title='bbox 1018 1378 1166 1412; x_wconf 87' lang='lat' dir='ltr'><strong>potentiam</strong></span> <span class='ocrx_word' id='word_1_426' title='bbox 1186 1379 1316 1411; x_wconf 83' lang='lat' dir='ltr'><strong>laudavit,</strong></span> <span class='ocrx_word' id='word_1_427' title='bbox 1330 1379 1376 1415; x_wconf 87' lang='lat' dir='ltr'><strong>qui</strong></span> <span class='ocrx_word' id='word_1_428' title='bbox 1393 1380 1531 1408; x_wconf 83' lang='lat' dir='ltr'><strong>interdum</strong></span> <span class='ocrx_word' id='word_1_429' title='bbox 1544 1388 1587 1412; x_wconf 89' lang='lat' dir='ltr'><strong>ea,</strong></span> <span class='ocrx_word' id='word_1_430' title='bbox 1605 1389 1666 1416; x_wconf 70' lang='lat' dir='ltr'><strong>qua:</strong></span> 
     </span>
    </p>
   </div>
   <div class='ocr_carea' id='block_1_59' title="bbox 878 1425 1488 1461">
    <p class='ocr_par' dir='ltr' id='par_1_59' title="bbox 878 1425 1488 1461">
     <span class='ocr_line' id='line_1_59' title="bbox 878 1425 1488 1461; baseline 0.007 -13"><span class='ocrx_word' id='word_1_431' title='bbox 878 1429 1033 1457; x_wconf 87' lang='lat' dir='ltr'><strong>speramus,</strong></span> <span class='ocrx_word' id='word_1_432' title='bbox 1047 1428 1146 1458; x_wconf 80' lang='lat' dir='ltr'><strong>pra-ter</strong></span> <span class='ocrx_word' id='word_1_433' title='bbox 1159 1431 1235 1460; x_wconf 85' lang='lat' dir='ltr'><strong>spem</strong></span> <span class='ocrx_word' id='word_1_434' title='bbox 1251 1425 1331 1452; x_wconf 84' lang='lat' dir='ltr'><strong>nobis</strong></span> <span class='ocrx_word' id='word_1_435' title='bbox 1346 1425 1488 1461; x_wconf 76' lang='lat' dir='ltr'><strong>elargitur.</strong></span> 
     </span>
    </p>
   </div>
   <div class='ocr_carea' id='block_1_60' title="bbox 913 1511 1665 1550">
    <p class='ocr_par' dir='ltr' id='par_1_60' title="bbox 913 1511 1665 1550">
     <span class='ocr_line' id='line_1_60' title="bbox 913 1511 1665 1550; baseline 0.007 -12"><span class='ocrx_word' id='word_1_436' title='bbox 913 1511 979 1540; x_wconf 85' lang='lat' dir='ltr'><strong>inde</strong></span> <span class='ocrx_word' id='word_1_437' title='bbox 994 1511 1147 1540; x_wconf 68' lang='lat' dir='ltr'><strong>Caesaream</strong></span> <span class='ocrx_word' id='word_1_438' title='bbox 1163 1512 1345 1548; x_wconf 75' lang='lat' dir='ltr'><strong>Cappadocia:</strong></span> <span class='ocrx_word' id='word_1_439' title='bbox 1365 1513 1460 1541; x_wconf 86' lang='lat' dir='ltr'><strong>divino</strong></span> <span class='ocrx_word' id='word_1_440' title='bbox 1484 1514 1583 1542; x_wconf 85' lang='lat' dir='ltr'><strong>ductus</strong></span> <span class='ocrx_word' id='word_1_441' title='bbox 1608 1517 1665 1550; x_wconf 84' lang='lat' dir='ltr'><strong>spi-</strong></span> 
     </span>
    </p>
   </div>
   <div class='ocr_carea' id='block_1_61' title="bbox 32 1554 821 1598">
    <p class='ocr_par' dir='ltr' id='par_1_61' title="bbox 32 1554 821 1598">
     <span class='ocr_line' id='line_1_61' title="bbox 32 1554 821 1598; baseline 0.013 -18"><span class='ocrx_word' id='word_1_442' title='bbox 32 1554 158 1591; x_wconf 80' lang='grc' dir='ltr'>σάρειαν,</span> <span class='ocrx_word' id='word_1_443' title='bbox 183 1556 235 1582; x_wconf 79' lang='grc' dir='ltr'><strong>ὑπὸ</strong></span> <span class='ocrx_word' id='word_1_444' title='bbox 255 1556 302 1583; x_wconf 78' lang='grc' dir='ltr'>τοῦ</span> <span class='ocrx_word' id='word_1_445' title='bbox 329 1557 487 1594; x_wconf 81' lang='grc' dir='ltr'>Πνεύματος</span> <span class='ocrx_word' id='word_1_446' title='bbox 509 1560 557 1587; x_wconf 85' lang='grc' dir='ltr'>τοῦ</span> <span class='ocrx_word' id='word_1_447' title='bbox 577 1560 655 1596; x_wconf 82' lang='grc' dir='ltr'>ἁγίου</span> <span class='ocrx_word' id='word_1_448' title='bbox 673 1561 821 1598; x_wconf 59' lang='grc' dir='ltr'>ὁδηγηθεὶς,</span> 
     </span>
    </p>
   </div>
   <div class='ocr_carea' id='block_1_62' title="bbox 881 1554 1664 1598">
    <p class='ocr_par' dir='ltr' id='par_1_62' title="bbox 881 1557 1664 1594">
     <span class='ocr_line' id='line_1_62' title="bbox 881 1557 1664 1594; baseline 0.004 -9"><span class='ocrx_word' id='word_1_449' title='bbox 881 1559 933 1585; x_wconf 91' lang='lat' dir='ltr'><strong>ritu</strong></span> <span class='ocrx_word' id='word_1_450' title='bbox 949 1566 1011 1585; x_wconf 85' lang='lat' dir='ltr'><strong>cum</strong></span> <span class='ocrx_word' id='word_1_451' title='bbox 1031 1558 1184 1593; x_wconf 80' lang='lat' dir='ltr'><strong>petivisset,</strong></span> <span class='ocrx_word' id='word_1_452' title='bbox 1201 1559 1290 1594; x_wconf 88' lang='lat' dir='ltr'><strong>ipsum</strong></span> <span class='ocrx_word' id='word_1_453' title='bbox 1302 1557 1339 1587; x_wconf 88' lang='lat' dir='ltr'><strong>ibi</strong></span> <span class='ocrx_word' id='word_1_454' title='bbox 1352 1567 1383 1586; x_wconf 90' lang='lat' dir='ltr'><strong>os</strong></span> <span class='ocrx_word' id='word_1_455' title='bbox 1397 1559 1535 1593; x_wconf 68' lang='lat' dir='ltr'><strong>Ecclesiae,</strong></span> <span class='ocrx_word' id='word_1_456' title='bbox 1552 1569 1664 1588; x_wconf 84' lang='lat' dir='ltr'><strong>auream</strong></span> 
     </span>
    </p>
   </div>
   <div class='ocr_carea' id='block_1_63' title="bbox 31 1600 828 1645">
    <p class='ocr_par' dir='ltr' id='par_1_63' title="bbox 31 1600 828 1645">
     <span class='ocr_line' id='line_1_63' title="bbox 31 1600 828 1645; baseline 0.013 -20"><span class='ocrx_word' id='word_1_457' title='bbox 31 1600 76 1626; x_wconf 72' lang='grc' dir='ltr'>τὸν</span> <span class='ocrx_word' id='word_1_458' title='bbox 93 1601 184 1636; x_wconf 78' lang='grc' dir='ltr'>μέγαν</span> <span class='ocrx_word' id='word_1_459' title='bbox 197 1602 319 1628; x_wconf 84' lang='grc' dir='ltr'><strong>κατεῖδεν</strong></span> <span class='ocrx_word' id='word_1_460' title='bbox 333 1602 483 1634; x_wconf 80' lang='grc' dir='ltr'>Βασίλειον.</span> <span class='ocrx_word' id='word_1_461' title='bbox 499 1604 528 1632; x_wconf 76' lang='grc' dir='ltr'><strong>τὸ</strong></span> <span class='ocrx_word' id='word_1_462' title='bbox 546 1606 632 1642; x_wconf 82' lang='grc' dir='ltr'>στόμα</span> <span class='ocrx_word' id='word_1_463' title='bbox 645 1607 693 1641; x_wconf 81' lang='grc' dir='ltr'>τῆς</span> <span class='ocrx_word' id='word_1_464' title='bbox 715 1608 828 1645; x_wconf 84' lang='grc' dir='ltr'>Ἐκκλη-</span> 
     </span>
    </p>
   </div>
   <div class='ocr_carea' id='block_1_64' title="bbox 33 1646 827 1687">
    <p class='ocr_par' dir='ltr' id='par_1_64' title="bbox 33 1646 827 1687">
     <span class='ocr_line' id='line_1_64' title="bbox 33 1646 827 1687; baseline 0.013 -15"><span class='ocrx_word' id='word_1_465' title='bbox 33 1646 104 1678; x_wconf 83' lang='grc' dir='ltr'>σίας,</span> <span class='ocrx_word' id='word_1_466' title='bbox 119 1648 171 1682; x_wconf 76' lang='grc' dir='ltr'><strong>τὴν</strong></span> <span class='ocrx_word' id='word_1_467' title='bbox 188 1648 242 1674; x_wconf 87' lang='grc' dir='ltr'><strong>τῶν</strong></span> <span class='ocrx_word' id='word_1_468' title='bbox 261 1648 403 1684; x_wconf 83' lang='grc' dir='ltr'><strong>δογμάτων</strong></span> <span class='ocrx_word' id='word_1_469' title='bbox 423 1651 528 1686; x_wconf 76' lang='grc' dir='ltr'>χρυσῆν</span> <span class='ocrx_word' id='word_1_470' title='bbox 550 1652 650 1687; x_wconf 85' lang='grc' dir='ltr'>ἀηδόνα</span> <span class='ocrx_word' id='word_1_471' title='bbox 661 1661 667 1668; x_wconf 91' lang='grc'><strong>·</strong></span> <span class='ocrx_word' id='word_1_472' title='bbox 682 1653 711 1680; x_wconf 88' lang='grc' dir='ltr'><strong>ὃν</strong></span> <span class='ocrx_word' id='word_1_473' title='bbox 729 1655 827 1682; x_wconf 83' lang='grc' dir='ltr'>θεασά-</span> 
     </span>
    </p>
   </div>
   <div class='ocr_carea' id='block_1_65' title="bbox 34 1693 827 1736">
    <p class='ocr_par' dir='ltr' id='par_1_65' title="bbox 34 1693 827 1736">
     <span class='ocr_line' id='line_1_65' title="bbox 34 1693 827 1736; baseline 0.011 -18"><span class='ocrx_word' id='word_1_474' title='bbox 34 1700 113 1727; x_wconf 86' lang='grc' dir='ltr'>μενος</span> <span class='ocrx_word' id='word_1_475' title='bbox 128 1693 143 1719; x_wconf 75' lang='grc' dir='ltr'><strong>ὁ</strong></span> <span class='ocrx_word' id='word_1_476' title='bbox 167 1694 334 1729; x_wconf 77' lang='grc' dir='ltr'>πρεσϐύτης,</span> <span class='ocrx_word' id='word_1_477' title='bbox 361 1695 470 1728; x_wconf 69' lang='grc' dir='ltr'>πολλαῖς</span> <span class='ocrx_word' id='word_1_478' title='bbox 494 1699 703 1734; x_wconf 79' lang='grc' dir='ltr'>καταγεραίρειν</span> <span class='ocrx_word' id='word_1_479' title='bbox 726 1700 827 1736; x_wconf 72' lang='grc' dir='ltr'>ἤρξατο</span> 
     </span>
    </p>
   </div>
   <div class='ocr_carea' id='block_1_66' title="bbox 33 1738 827 1782">
    <p class='ocr_par' dir='ltr' id='par_1_66' title="bbox 33 1738 827 1782">
     <span class='ocr_line' id='line_1_66' title="bbox 33 1738 827 1782; baseline 0.011 -18"><span class='ocrx_word' id='word_1_480' title='bbox 33 1738 192 1774; x_wconf 71' lang='grc' dir='ltr'>εὐφημίαις.</span> <span class='ocrx_word' id='word_1_481' title='bbox 219 1740 369 1776; x_wconf 82' lang='grc' dir='ltr'>Διορατικῷ</span> <span class='ocrx_word' id='word_1_482' title='bbox 383 1741 437 1777; x_wconf 82' lang='grc' dir='ltr'><strong>γὰρ</strong></span> <span class='ocrx_word' id='word_1_483' title='bbox 450 1742 500 1777; x_wconf 79' lang='grc' dir='ltr'>τῆς</span> <span class='ocrx_word' id='word_1_484' title='bbox 516 1743 603 1779; x_wconf 69' lang='grc' dir='ltr'>ψυχῆς</span> <span class='ocrx_word' id='word_1_485' title='bbox 623 1744 735 1780; x_wconf 79' lang='grc' dir='ltr'>ὄμματι,</span> <span class='ocrx_word' id='word_1_486' title='bbox 750 1754 827 1782; x_wconf 76' lang='grc' dir='ltr'>περι-</span> 
     </span>
    </p>
   </div>
   <div class='ocr_carea' id='block_1_67' title="bbox 33 1784 827 1824">
    <p class='ocr_par' dir='ltr' id='par_1_67' title="bbox 33 1784 827 1824">
     <span class='ocr_line' id='line_1_67' title="bbox 33 1784 827 1824; baseline 0.011 -14"><span class='ocrx_word' id='word_1_487' title='bbox 33 1784 132 1820; x_wconf 69' lang='grc' dir='ltr'>στερὰν</span> <span class='ocrx_word' id='word_1_488' title='bbox 148 1785 305 1821; x_wconf 85' lang='grc' dir='ltr'>ἀγλαοφανῆ</span> <span class='ocrx_word' id='word_1_489' title='bbox 330 1787 498 1823; x_wconf 75' lang='grc' dir='ltr'><strong>ἐφεζομένην</strong></span> <span class='ocrx_word' id='word_1_490' title='bbox 517 1789 583 1824; x_wconf 75' lang='grc' dir='ltr'>πρὸς</span> <span class='ocrx_word' id='word_1_491' title='bbox 599 1789 644 1817; x_wconf 73' lang='grc' dir='ltr'><strong>τὸν</strong></span> <span class='ocrx_word' id='word_1_492' title='bbox 664 1790 750 1823; x_wconf 72' lang='grc' dir='ltr'>δεξιὸν</span> <span class='ocrx_word' id='word_1_493' title='bbox 766 1791 827 1819; x_wconf 65' lang='grc' dir='ltr'>τούς</span> 
     </span>
    </p>
   </div>
   <div class='ocr_carea' id='block_1_68' title="bbox 31 1829 826 1874">
    <p class='ocr_par' dir='ltr' id='par_1_68' title="bbox 31 1829 826 1874">
     <span class='ocr_line' id='line_1_68' title="bbox 31 1829 826 1874; baseline 0.01 -18"><span class='ocrx_word' id='word_1_494' title='bbox 31 1838 77 1856; x_wconf 84' lang='grc' dir='ltr'><strong>του</strong></span> <span class='ocrx_word' id='word_1_495' title='bbox 89 1830 202 1858; x_wconf 71' lang='grc' dir='ltr'>ἔϐλεπεν</span> <span class='ocrx_word' id='word_1_496' title='bbox 217 1829 302 1867; x_wconf 82' lang='grc' dir='ltr'>ὦμον,</span> <span class='ocrx_word' id='word_1_497' title='bbox 315 1833 411 1867; x_wconf 83' lang='grc' dir='ltr'>λόγους</span> <span class='ocrx_word' id='word_1_498' title='bbox 424 1833 498 1870; x_wconf 83' lang='grc' dir='ltr'>αὐτῷ</span> <span class='ocrx_word' id='word_1_499' title='bbox 511 1835 684 1869; x_wconf 76' lang='grc' dir='ltr'>διδασκαλίας</span> <span class='ocrx_word' id='word_1_500' title='bbox 696 1837 826 1874; x_wconf 81' lang='grc' dir='ltr'>χορηγοῦ-</span> 
     </span>
    </p>
   </div>
   <div class='ocr_carea' id='block_1_69' title="bbox 33 1877 827 1918">
    <p class='ocr_par' dir='ltr' id='par_1_69' title="bbox 33 1877 827 1918">
     <span class='ocr_line' id='line_1_69' title="bbox 33 1877 827 1918; baseline 0.011 -17"><span class='ocrx_word' id='word_1_501' title='bbox 33 1883 92 1907; x_wconf 81' lang='grc' dir='ltr'>σαν,</span> <span class='ocrx_word' id='word_1_502' title='bbox 105 1877 232 1904; x_wconf 75' lang='grc' dir='ltr'>κάκεῖνον</span> <span class='ocrx_word' id='word_1_503' title='bbox 247 1877 357 1910; x_wconf 76' lang='grc' dir='ltr'>τούτους</span> <span class='ocrx_word' id='word_1_504' title='bbox 381 1878 615 1915; x_wconf 79' lang='grc' dir='ltr'>διαπορθμεύοντα</span> <span class='ocrx_word' id='word_1_505' title='bbox 634 1882 674 1917; x_wconf 85' lang='grc' dir='ltr'>τῷ</span> <span class='ocrx_word' id='word_1_506' title='bbox 694 1881 759 1918; x_wconf 85' lang='grc' dir='ltr'>λαῷ.</span> <span class='ocrx_word' id='word_1_507' title='bbox 779 1884 827 1916; x_wconf 80' lang='grc' dir='ltr'>’ος</span> 
     </span>
    </p>
   </div>
   <div class='ocr_carea' id='block_1_70' title="bbox 33 1921 825 1965">
    <p class='ocr_par' dir='ltr' id='par_1_70' title="bbox 33 1921 825 1965">
     <span class='ocr_line' id='line_1_70' title="bbox 33 1921 825 1965; baseline 0.01 -17"><span class='ocrx_word' id='word_1_508' title='bbox 33 1921 84 1948; x_wconf 74' lang='grc' dir='ltr'><strong>ὑπὸ</strong></span> <span class='ocrx_word' id='word_1_509' title='bbox 108 1922 160 1958; x_wconf 82' lang='grc' dir='ltr'>τῆς</span> <span class='ocrx_word' id='word_1_510' title='bbox 183 1923 361 1960; x_wconf 74' lang='grc' dir='ltr'>διδασκούσης</span> <span class='ocrx_word' id='word_1_511' title='bbox 384 1925 459 1961; x_wconf 83' lang='grc' dir='ltr'>αὐτῷ</span> <span class='ocrx_word' id='word_1_512' title='bbox 484 1927 585 1962; x_wconf 79' lang='grc' dir='ltr'>σεπτῆς</span> <span class='ocrx_word' id='word_1_513' title='bbox 612 1928 726 1963; x_wconf 81' lang='grc' dir='ltr'><strong>μυηθεὶς</strong></span> <span class='ocrx_word' id='word_1_514' title='bbox 746 1938 825 1965; x_wconf 84' lang='grc' dir='ltr'>περι-</span> 
     </span>
    </p>
   </div>
   <div class='ocr_carea' id='block_1_71' title="bbox 33 1968 827 2009">
    <p class='ocr_par' dir='ltr' id='par_1_71' title="bbox 33 1968 827 2009">
     <span class='ocr_line' id='line_1_71' title="bbox 33 1968 827 2009; baseline 0.011 -17"><span class='ocrx_word' id='word_1_515' title='bbox 33 1968 142 2003; x_wconf 66' lang='grc' dir='ltr'>στερᾶς,</span> <span class='ocrx_word' id='word_1_516' title='bbox 157 1968 204 2004; x_wconf 86' lang='grc' dir='ltr'><strong>τῆς</strong></span> <span class='ocrx_word' id='word_1_517' title='bbox 221 1978 250 1996; x_wconf 87' lang='grc' dir='ltr'>τε</span> <span class='ocrx_word' id='word_1_518' title='bbox 264 1970 410 2006; x_wconf 76' lang='grc' dir='ltr'>ἐπιδημίας</span> <span class='ocrx_word' id='word_1_519' title='bbox 423 1971 529 2007; x_wconf 68' lang='grc' dir='ltr'>ᾔσθετο,</span> <span class='ocrx_word' id='word_1_520' title='bbox 547 1973 593 1999; x_wconf 84' lang='grc' dir='ltr'>καὶ</span> <span class='ocrx_word' id='word_1_521' title='bbox 611 1973 729 2009; x_wconf 77' lang='grc' dir='ltr'>Ἑφραῒμ</span> <span class='ocrx_word' id='word_1_522' title='bbox 745 1974 827 2001; x_wconf 75' lang='grc' dir='ltr'>αὑτὸν</span> 
     </span>
    </p>
   </div>
   <div class='ocr_carea' id='block_1_72' title="bbox 32 2011 826 2058">
    <p class='ocr_par' dir='ltr' id='par_1_72' title="bbox 32 2011 826 2058">
     <span class='ocr_line' id='line_1_72' title="bbox 32 2011 826 2058; baseline 0.013 -18"><span class='ocrx_word' id='word_1_523' title='bbox 32 2011 100 2042; x_wconf 73' lang='grc' dir='ltr'>εἶναι</span> <span class='ocrx_word' id='word_1_524' title='bbox 116 2016 163 2042; x_wconf 76' lang='grc' dir='ltr'><strong>τὸν</strong></span> <span class='ocrx_word' id='word_1_525' title='bbox 181 2016 265 2053; x_wconf 86' lang='grc' dir='ltr'>Σύρον</span> <span class='ocrx_word' id='word_1_526' title='bbox 279 2019 429 2053; x_wconf 79' lang='grc' dir='ltr'>ἐπέγνωκε.</span> <span class='ocrx_word' id='word_1_527' title='bbox 449 2021 503 2047; x_wconf 84' lang='grc' dir='ltr'><strong>Καὶ</strong></span> <span class='ocrx_word' id='word_1_528' title='bbox 520 2020 551 2056; x_wconf 78' lang='grc' dir='ltr'>δὴ</span> <span class='ocrx_word' id='word_1_529' title='bbox 565 2024 750 2058; x_wconf 83' lang='grc' dir='ltr'>πνευματικῆς</span> <span class='ocrx_word' id='word_1_530' title='bbox 766 2025 826 2051; x_wconf 85' lang='grc' dir='ltr'>ὲπι-</span> 
     </span>
    </p>
   </div>
   <div class='ocr_carea' id='block_1_73' title="bbox 32 2060 826 2101">
    <p class='ocr_par' dir='ltr' id='par_1_73' title="bbox 32 2060 826 2101">
     <span class='ocr_line' id='line_1_73' title="bbox 32 2060 826 2101; baseline 0.013 -15"><span class='ocrx_word' id='word_1_531' title='bbox 32 2060 128 2096; x_wconf 81' lang='grc' dir='ltr'>καίρου</span> <span class='ocrx_word' id='word_1_532' title='bbox 153 2062 236 2098; x_wconf 59' lang='grc' dir='ltr'>ἄμφω</span> <span class='ocrx_word' id='word_1_533' title='bbox 259 2064 403 2096; x_wconf 80' lang='grc' dir='ltr'>συναυλίας</span> <span class='ocrx_word' id='word_1_534' title='bbox 421 2065 550 2101; x_wconf 73' lang='grc' dir='ltr'>ἠξίωνται</span> <span class='ocrx_word' id='word_1_535' title='bbox 562 2075 569 2082; x_wconf 93' lang='grc'><strong>·</strong></span> <span class='ocrx_word' id='word_1_536' title='bbox 582 2066 675 2100; x_wconf 77' lang='grc' dir='ltr'>οὕτως,</span> <span class='ocrx_word' id='word_1_537' title='bbox 692 2069 742 2096; x_wconf 78' lang='grc' dir='ltr'>οὐκ</span> <span class='ocrx_word' id='word_1_538' title='bbox 766 2070 826 2096; x_wconf 81' lang='grc' dir='ltr'>ἐπι-</span> 
     </span>
    </p>
   </div>
   <div class='ocr_carea' id='block_1_74' title="bbox 33 2105 695 2149">
    <p class='ocr_par' dir='ltr' id='par_1_74' title="bbox 33 2105 695 2149">
     <span class='ocr_line' id='line_1_74' title="bbox 33 2105 695 2149; baseline 0.012 -16"><span class='ocrx_word' id='word_1_539' title='bbox 33 2105 131 2142; x_wconf 81' lang='grc' dir='ltr'>ζήμιος</span> <span class='ocrx_word' id='word_1_540' title='bbox 148 2108 187 2144; x_wconf 84' lang='grc' dir='ltr'>τῷ</span> <span class='ocrx_word' id='word_1_541' title='bbox 204 2110 323 2145; x_wconf 75' lang='grc' dir='ltr'>Ἐφραῒμ</span> <span class='ocrx_word' id='word_1_542' title='bbox 336 2112 351 2137; x_wconf 84' lang='grc' dir='ltr'>ὁ</span> <span class='ocrx_word' id='word_1_543' title='bbox 366 2111 484 2148; x_wconf 75' lang='grc' dir='ltr'>σκυλμδς</span> <span class='ocrx_word' id='word_1_544' title='bbox 501 2113 695 2149; x_wconf 80' lang='grc' dir='ltr'>ἐχρημάτισεν.</span> 
     </span>
    </p>
   </div>
   <div class='ocr_carea' id='block_1_75' title="bbox 72 2153 824 2195">
    <p class='ocr_par' dir='ltr' id='par_1_75' title="bbox 72 2153 824 2195">
     <span class='ocr_line' id='line_1_75' title="bbox 72 2153 824 2195; baseline 0.011 -14"><span class='ocrx_word' id='word_1_545' title='bbox 72 2153 103 2181; x_wconf 84' lang='lat' dir='ltr'><strong>&#39;li</strong></span> <span class='ocrx_word' id='word_1_546' title='bbox 118 2155 148 2182; x_wconf 83' lang='grc' dir='ltr'>δὲ</span> <span class='ocrx_word' id='word_1_547' title='bbox 159 2155 206 2183; x_wconf 81' lang='grc' dir='ltr'>τοῦ</span> <span class='ocrx_word' id='word_1_548' title='bbox 223 2156 280 2192; x_wconf 83' lang='grc' dir='ltr'>βίου</span> <span class='ocrx_word' id='word_1_549' title='bbox 296 2159 396 2194; x_wconf 83' lang='grc' dir='ltr'>φυσικὴ</span> <span class='ocrx_word' id='word_1_550' title='bbox 413 2160 587 2195; x_wconf 73' lang='grc' dir='ltr'>ἀκεραιότης,</span> <span class='ocrx_word' id='word_1_551' title='bbox 599 2161 654 2188; x_wconf 85' lang='grc' dir='ltr'>τῶν</span> <span class='ocrx_word' id='word_1_552' title='bbox 669 2161 824 2189; x_wconf 78' lang='grc' dir='ltr'>ἐπιϐλαϐῶν</span> 
     </span>
    </p>
   </div>
   <div class='ocr_carea' id='block_1_76' title="bbox 33 2197 822 2242">
    <p class='ocr_par' dir='ltr' id='par_1_76' title="bbox 33 2197 822 2242">
     <span class='ocr_line' id='line_1_76' title="bbox 33 2197 822 2242; baseline 0.013 -17"><span class='ocrx_word' id='word_1_553' title='bbox 33 2197 79 2234; x_wconf 80' lang='grc' dir='ltr'>τὴν</span> <span class='ocrx_word' id='word_1_554' title='bbox 96 2201 187 2235; x_wconf 83' lang='grc' dir='ltr'>φυγὴν</span> <span class='ocrx_word' id='word_1_555' title='bbox 208 2202 282 2238; x_wconf 81' lang='grc' dir='ltr'><strong>αὑτῷ</strong></span> <span class='ocrx_word' id='word_1_556' title='bbox 304 2204 481 2239; x_wconf 68' lang='grc' dir='ltr'>παρεδείκνυε</span> <span class='ocrx_word' id='word_1_557' title='bbox 496 2214 502 2221; x_wconf 93' lang='grc'><strong>·</strong></span> <span class='ocrx_word' id='word_1_558' title='bbox 519 2206 549 2232; x_wconf 83' lang='grc' dir='ltr'><strong>τό</strong></span> <span class='ocrx_word' id='word_1_559' title='bbox 570 2215 599 2233; x_wconf 88' lang='grc' dir='ltr'><strong>τε</strong></span> <span class='ocrx_word' id='word_1_560' title='bbox 617 2206 664 2233; x_wconf 83' lang='grc' dir='ltr'>τοῦ</span> <span class='ocrx_word' id='word_1_561' title='bbox 681 2208 822 2242; x_wconf 83' lang='grc' dir='ltr'>κρείττους</span> 
     </span>
    </p>
   </div>
   <div class='ocr_carea' id='block_1_77' title="bbox 33 2247 821 2286">
    <p class='ocr_par' dir='ltr' id='par_1_77' title="bbox 33 2247 821 2286">
     <span class='ocr_line' id='line_1_77' title="bbox 33 2247 821 2286; baseline 0.014 -16"><span class='ocrx_word' id='word_1_562' title='bbox 33 2247 221 2281; x_wconf 77' lang='grc' dir='ltr'>προορατικὸν,</span> <span class='ocrx_word' id='word_1_563' title='bbox 237 2248 283 2274; x_wconf 78' lang='grc' dir='ltr'>καὶ</span> <span class='ocrx_word' id='word_1_564' title='bbox 304 2249 334 2275; x_wconf 79' lang='grc' dir='ltr'><strong>τὸ</strong></span> <span class='ocrx_word' id='word_1_565' title='bbox 347 2249 394 2276; x_wconf 83' lang='grc' dir='ltr'><strong>τοῦ</strong></span> <span class='ocrx_word' id='word_1_566' title='bbox 410 2251 517 2286; x_wconf 80' lang='grc' dir='ltr'>χείρους</span> <span class='ocrx_word' id='word_1_567' title='bbox 539 2252 704 2286; x_wconf 72' lang='grc' dir='ltr'>φυλακτικὸν</span> <span class='ocrx_word' id='word_1_568' title='bbox 716 2254 821 2281; x_wconf 76' lang='grc' dir='ltr'>ἐκδιδά-</span> 
     </span>
    </p>
   </div>
   <div class='ocr_carea' id='block_1_78' title="bbox 35 2288 820 2330">
    <p class='ocr_par' dir='ltr' id='par_1_78' title="bbox 35 2288 820 2330">
     <span class='ocr_line' id='line_1_78' title="bbox 35 2288 820 2330; baseline 0.015 -19"><span class='ocrx_word' id='word_1_569' title='bbox 35 2292 143 2318; x_wconf 81' lang='grc' dir='ltr'>σκουσα,</span> <span class='ocrx_word' id='word_1_570' title='bbox 156 2288 277 2321; x_wconf 81' lang='grc' dir='ltr'>ἐκείνους</span> <span class='ocrx_word' id='word_1_571' title='bbox 293 2299 322 2317; x_wconf 89' lang='grc' dir='ltr'><strong>τε</strong></span> <span class='ocrx_word' id='word_1_572' title='bbox 338 2291 391 2318; x_wconf 85' lang='grc' dir='ltr'><strong>τῶν</strong></span> <span class='ocrx_word' id='word_1_573' title='bbox 419 2292 557 2328; x_wconf 81' lang='grc' dir='ltr'>λογισμῶν</span> <span class='ocrx_word' id='word_1_574' title='bbox 571 2295 741 2330; x_wconf 83' lang='grc' dir='ltr'>προσίεσθαι,</span> <span class='ocrx_word' id='word_1_575' title='bbox 757 2297 820 2329; x_wconf 84' lang='grc' dir='ltr'>τοὺς</span> 
     </span>
    </p>
   </div>
   <div class='ocr_carea' id='block_1_79' title="bbox 33 2330 820 2375">
    <p class='ocr_par' dir='ltr' id='par_1_79' title="bbox 33 2330 820 2375">
     <span class='ocr_line' id='line_1_79' title="bbox 33 2330 820 2375; baseline 0.015 -18"><span class='ocrx_word' id='word_1_576' title='bbox 33 2330 176 2367; x_wconf 80' lang='grc' dir='ltr'>ὲγκρίτους</span> <span class='ocrx_word' id='word_1_577' title='bbox 190 2335 237 2361; x_wconf 76' lang='grc' dir='ltr'>καὶ</span> <span class='ocrx_word' id='word_1_578' title='bbox 254 2335 400 2372; x_wconf 75' lang='grc' dir='ltr'>καθαροὺς.</span> <span class='ocrx_word' id='word_1_579' title='bbox 419 2338 466 2365; x_wconf 74' lang='grc' dir='ltr'>καὶ</span> <span class='ocrx_word' id='word_1_580' title='bbox 482 2339 550 2375; x_wconf 82' lang='grc' dir='ltr'>πρὸς</span> <span class='ocrx_word' id='word_1_581' title='bbox 565 2340 670 2375; x_wconf 80' lang='grc' dir='ltr'>αἵρεσιν</span> <span class='ocrx_word' id='word_1_582' title='bbox 684 2340 820 2369; x_wconf 83' lang='grc' dir='ltr'>λυσιτελε-</span> 
     </span>
    </p>
   </div>
   <div class='ocr_carea' id='block_1_80' title="bbox 34 2377 820 2421">
    <p class='ocr_par' dir='ltr' id='par_1_80' title="bbox 34 2377 820 2421">
     <span class='ocr_line' id='line_1_80' title="bbox 34 2377 820 2421; baseline 0.015 -19"><span class='ocrx_word' id='word_1_583' title='bbox 34 2377 143 2412; x_wconf 80' lang='grc' dir='ltr'>στὲρους</span> <span class='ocrx_word' id='word_1_584' title='bbox 153 2379 247 2412; x_wconf 70' lang='grc' dir='ltr'>καλοῦ,</span> <span class='ocrx_word' id='word_1_585' title='bbox 262 2381 318 2407; x_wconf 81' lang='grc' dir='ltr'>ὅσοι</span> <span class='ocrx_word' id='word_1_586' title='bbox 327 2382 443 2418; x_wconf 84' lang='grc' dir='ltr'>μάλιστα</span> <span class='ocrx_word' id='word_1_587' title='bbox 458 2384 526 2419; x_wconf 75' lang='grc' dir='ltr'>πρὸς</span> <span class='ocrx_word' id='word_1_588' title='bbox 535 2384 583 2418; x_wconf 85' lang='grc' dir='ltr'><strong>τὴν</strong></span> <span class='ocrx_word' id='word_1_589' title='bbox 591 2386 640 2421; x_wconf 87' lang='grc' dir='ltr'>τῆς</span> <span class='ocrx_word' id='word_1_590' title='bbox 646 2386 820 2419; x_wconf 83' lang='grc' dir='ltr'>διδασκαλίας</span> 
     </span>
    </p>
   </div>
   <div class='ocr_carea' id='block_1_81' title="bbox 33 2421 819 2468">
    <p class='ocr_par' dir='ltr' id='par_1_81' title="bbox 33 2421 819 2468">
     <span class='ocr_line' id='line_1_81' title="bbox 33 2421 819 2468; baseline 0.015 -20"><span class='ocrx_word' id='word_1_591' title='bbox 33 2421 205 2456; x_wconf 71' lang='grc' dir='ltr'>ἐμποδίζουσι</span> <span class='ocrx_word' id='word_1_592' title='bbox 220 2426 323 2462; x_wconf 83' lang='grc' dir='ltr'>χρείαν.</span> <span class='ocrx_word' id='word_1_593' title='bbox 341 2428 463 2463; x_wconf 64' lang='grc' dir='ltr'>Δαψιλῶς</span> <span class='ocrx_word' id='word_1_594' title='bbox 476 2429 531 2466; x_wconf 82' lang='grc' dir='ltr'>γὰρ</span> <span class='ocrx_word' id='word_1_595' title='bbox 543 2430 631 2458; x_wconf 84' lang='grc' dir='ltr'>δέδοτο</span> <span class='ocrx_word' id='word_1_596' title='bbox 654 2432 730 2467; x_wconf 73' lang='grc' dir='ltr'>παρὰ</span> <span class='ocrx_word' id='word_1_597' title='bbox 749 2433 819 2468; x_wconf 85' lang='grc' dir='ltr'>Χρι-</span> 
     </span>
    </p>
   </div>
   <div class='ocr_carea' id='block_1_82' title="bbox 34 2468 819 2512">
    <p class='ocr_par' dir='ltr' id='par_1_82' title="bbox 34 2468 819 2512">
     <span class='ocr_line' id='line_1_82' title="bbox 34 2468 819 2512; baseline 0.015 -18"><span class='ocrx_word' id='word_1_598' title='bbox 34 2468 92 2495; x_wconf 69' lang='grc' dir='ltr'>στοῦ</span> <span class='ocrx_word' id='word_1_599' title='bbox 106 2469 146 2505; x_wconf 80' lang='grc' dir='ltr'>τῷ</span> <span class='ocrx_word' id='word_1_600' title='bbox 175 2470 239 2506; x_wconf 83' lang='grc' dir='ltr'>θείῳ</span> <span class='ocrx_word' id='word_1_601' title='bbox 265 2474 406 2510; x_wconf 71' lang='grc' dir='ltr'>πρεσϐύτῃ</span> <span class='ocrx_word' id='word_1_602' title='bbox 431 2475 465 2501; x_wconf 69' lang='grc' dir='ltr'>τὸ</span> <span class='ocrx_word' id='word_1_603' title='bbox 480 2475 526 2502; x_wconf 74' lang='grc' dir='ltr'><strong>’τοῦ</strong></span> <span class='ocrx_word' id='word_1_604' title='bbox 549 2477 628 2511; x_wconf 84' lang='grc' dir='ltr'>λόγου</span> <span class='ocrx_word' id='word_1_605' title='bbox 650 2478 790 2512; x_wconf 82' lang='grc' dir='ltr'>τάλαντον,</span> <span class='ocrx_word' id='word_1_606' title='bbox 805 2479 819 2505; x_wconf 80' lang='grc' dir='ltr'><strong>ὃ</strong></span> 
     </span>
    </p>
   </div>
   <div class='ocr_carea' id='block_1_83' title="bbox 33 2514 820 2559">
    <p class='ocr_par' dir='ltr' id='par_1_83' title="bbox 33 2514 820 2559">
     <span class='ocr_line' id='line_1_83' title="bbox 33 2514 820 2559; baseline 0.015 -20"><span class='ocrx_word' id='word_1_607' title='bbox 33 2514 208 2559; x_wconf 59' lang='grc' dir='ltr'>καταὸάλλειν</span> <span class='ocrx_word' id='word_1_608' title='bbox 222 2516 251 2543; x_wconf 72' lang='grc' dir='ltr'>ἐν</span> <span class='ocrx_word' id='word_1_609' title='bbox 261 2519 320 2549; x_wconf 82' lang='grc' dir='ltr'>ταῖς</span> <span class='ocrx_word' id='word_1_610' title='bbox 336 2518 390 2545; x_wconf 85' lang='grc' dir='ltr'>τῶν</span> <span class='ocrx_word' id='word_1_611' title='bbox 410 2520 515 2548; x_wconf 82' lang='grc' dir='ltr'>πολλῶν</span> <span class='ocrx_word' id='word_1_612' title='bbox 533 2522 582 2558; x_wconf 81' lang='grc' dir='ltr'><strong>τῆς</strong></span> <span class='ocrx_word' id='word_1_613' title='bbox 595 2522 708 2558; x_wconf 78' lang='grc' dir='ltr'>καρδίας</span> <span class='ocrx_word' id='word_1_614' title='bbox 718 2524 820 2559; x_wconf 82' lang='grc' dir='ltr'>τραπέ-</span> 
     </span>
    </p>
   </div>
   <div class='ocr_carea' id='block_1_84' title="bbox 34 2555 820 2603">
    <p class='ocr_par' dir='ltr' id='par_1_84' title="bbox 34 2555 820 2603">
     <span class='ocr_line' id='line_1_84' title="bbox 34 2555 820 2603; baseline 0.017 -19"><span class='ocrx_word' id='word_1_615' title='bbox 34 2555 89 2590; x_wconf 78' lang='grc' dir='ltr'>ςαις</span> <span class='ocrx_word' id='word_1_616' title='bbox 101 2560 156 2596; x_wconf 79' lang='grc' dir='ltr'><strong>πρδ</strong></span> <span class='ocrx_word' id='word_1_617' title='bbox 170 2561 277 2589; x_wconf 88' lang='grc' dir='ltr'>πάντων</span> <span class='ocrx_word' id='word_1_618' title='bbox 293 2564 367 2600; x_wconf 77' lang='grc' dir='ltr'>αὐτῷ</span> <span class='ocrx_word' id='word_1_619' title='bbox 385 2566 439 2592; x_wconf 83' lang='grc' dir='ltr'><strong>τῶν</strong></span> <span class='ocrx_word' id='word_1_620' title='bbox 463 2567 551 2594; x_wconf 84' lang='grc' dir='ltr'>ἄλλων</span> <span class='ocrx_word' id='word_1_621' title='bbox 561 2555 745 2603; x_wconf 41' lang='grc' dir='ltr'>’ὲπωιρείλετοί</span> <span class='ocrx_word' id='word_1_622' title='bbox 765 2570 820 2597; x_wconf 78' lang='grc' dir='ltr'><strong>Καὶ</strong></span> 
     </span>
    </p>
   </div>
   <div class='ocr_carea' id='block_1_85' title="bbox 33 2604 819 2651">
    <p class='ocr_par' dir='ltr' id='par_1_85' title="bbox 33 2604 819 2651">
     <span class='ocr_line' id='line_1_85' title="bbox 33 2604 819 2651; baseline 0.015 -21"><span class='ocrx_word' id='word_1_623' title='bbox 33 2604 107 2632; x_wconf 72' lang='grc' dir='ltr'>τοῦτο</span> <span class='ocrx_word' id='word_1_624' title='bbox 121 2607 171 2642; x_wconf 86' lang='grc' dir='ltr'>μὲν</span> <span class='ocrx_word' id='word_1_625' title='bbox 183 2608 262 2640; x_wconf 72' lang='grc' dir='ltr'>αὐτὸς</span> <span class='ocrx_word' id='word_1_626' title='bbox 277 2610 342 2645; x_wconf 78' lang='grc' dir='ltr'>περὶ</span> <span class='ocrx_word' id='word_1_627' title='bbox 357 2611 455 2638; x_wconf 79' lang='grc' dir='ltr'>ἑαυτοῦ</span> <span class='ocrx_word' id='word_1_628' title='bbox 476 2613 599 2647; x_wconf 78' lang='grc' dir='ltr'>φαίνεται</span> <span class='ocrx_word' id='word_1_629' title='bbox 613 2613 710 2648; x_wconf 81' lang='grc' dir='ltr'>λέγων,</span> <span class='ocrx_word' id='word_1_630' title='bbox 724 2615 819 2651; x_wconf 84' lang='grc' dir='ltr'>ὅτιπερ</span> 
     </span>
    </p>
   </div>
   <div class='ocr_carea' id='block_1_86' title="bbox 33 2649 819 2695">
    <p class='ocr_par' dir='ltr' id='par_1_86' title="bbox 33 2649 819 2695">
     <span class='ocr_line' id='line_1_86' title="bbox 33 2649 819 2695; baseline 0.014 -18"><span class='ocrx_word' id='word_1_631' title='bbox 33 2649 90 2685; x_wconf 81' lang='grc' dir='ltr'>ἄρτι</span> <span class='ocrx_word' id='word_1_632' title='bbox 102 2653 151 2688; x_wconf 86' lang='grc' dir='ltr'>τῆς</span> <span class='ocrx_word' id='word_1_633' title='bbox 169 2654 298 2690; x_wconf 85' lang='grc' dir='ltr'>παιδικῆς</span> <span class='ocrx_word' id='word_1_634' title='bbox 309 2655 416 2691; x_wconf 82' lang='grc' dir='ltr'>ἡλικίας</span> <span class='ocrx_word' id='word_1_635' title='bbox 428 2658 458 2684; x_wconf 81' lang='grc' dir='ltr'>τὸ</span> <span class='ocrx_word' id='word_1_636' title='bbox 469 2658 571 2686; x_wconf 79' lang='grc' dir='ltr'>ἁπαλὸν</span> <span class='ocrx_word' id='word_1_637' title='bbox 585 2660 717 2695; x_wconf 74' lang='grc' dir='ltr'>ὖπερὸὲις,</span> <span class='ocrx_word' id='word_1_638' title='bbox 731 2649 819 2688; x_wconf 75' lang='grc' dir='ltr'>τεθέαο</span> 
     </span>
    </p>
   </div>
   <div class='ocr_carea' id='block_1_87' title="bbox 33 2700 819 2741">
    <p class='ocr_par' dir='ltr' id='par_1_87' title="bbox 33 2700 819 2741">
     <span class='ocr_line' id='line_1_87' title="bbox 33 2700 819 2741; baseline 0.014 -19"><span class='ocrx_word' id='word_1_639' title='bbox 33 2703 73 2722; x_wconf 83' lang='grc' dir='ltr'><strong>ται</strong></span> <span class='ocrx_word' id='word_1_640' title='bbox 93 2700 234 2734; x_wconf 83' lang='grc' dir='ltr'>μυστικῶς</span> <span class='ocrx_word' id='word_1_641' title='bbox 250 2702 317 2737; x_wconf 83' lang='grc' dir='ltr'>πρὸς</span> <span class='ocrx_word' id='word_1_642' title='bbox 330 2703 363 2738; x_wconf 84' lang='grc' dir='ltr'><strong>τῇ</strong></span> <span class='ocrx_word' id='word_1_643' title='bbox 376 2703 487 2740; x_wconf 82' lang='grc' dir='ltr'>γλώσσῃ</span> <span class='ocrx_word' id='word_1_644' title='bbox 496 2704 533 2736; x_wconf 86' lang='grc' dir='ltr'>ὡς</span> <span class='ocrx_word' id='word_1_645' title='bbox 542 2705 656 2741; x_wconf 83' lang='grc' dir='ltr'>ἀνῆλθεν</span> <span class='ocrx_word' id='word_1_646' title='bbox 664 2705 746 2733; x_wconf 81' lang='grc' dir='ltr'>αὑτοῦ</span> <span class='ocrx_word' id='word_1_647' title='bbox 759 2706 819 2733; x_wconf 85' lang='grc' dir='ltr'>λίαν</span> 
     </span>
    </p>
   </div>
   <div class='ocr_carea' id='block_1_88' title="bbox 33 2741 816 2787">
    <p class='ocr_par' dir='ltr' id='par_1_88' title="bbox 33 2741 816 2787">
     <span class='ocr_line' id='line_1_88' title="bbox 33 2741 816 2787; baseline 0.015 -20"><span class='ocrx_word' id='word_1_648' title='bbox 33 2741 166 2780; x_wconf 71' lang='grc' dir='ltr'>εὖκαρπος</span> <span class='ocrx_word' id='word_1_649' title='bbox 179 2745 311 2781; x_wconf 82' lang='grc' dir='ltr'>ἄμπελος,</span> <span class='ocrx_word' id='word_1_650' title='bbox 328 2747 475 2784; x_wconf 78' lang='grc' dir='ltr'>αὐξηθεῖσα</span> <span class='ocrx_word' id='word_1_651' title='bbox 494 2750 622 2778; x_wconf 71' lang='grc' dir='ltr'>τοσοῦτον</span> <span class='ocrx_word' id='word_1_652' title='bbox 634 2772 640 2784; x_wconf 85' lang='grc'><strong>,</strong></span> <span class='ocrx_word' id='word_1_653' title='bbox 660 2751 722 2778; x_wconf 80' lang='grc' dir='ltr'>ὅσον</span> <span class='ocrx_word' id='word_1_654' title='bbox 748 2751 816 2787; x_wconf 83' lang='grc' dir='ltr'>πλη-</span> 
     </span>
    </p>
   </div>
   <div class='ocr_carea' id='block_1_89' title="bbox 78 2831 347 2870">
    <p class='ocr_par' dir='ltr' id='par_1_89' title="bbox 78 2831 347 2870">
     <span class='ocr_line' id='line_1_89' title="bbox 78 2831 347 2870; baseline 0.015 -11"><span class='ocrx_word' id='word_1_655' title='bbox 78 2831 179 2861; x_wconf 86' lang='lat' dir='ltr'><strong>&quot;Gen.</strong></span> <span class='ocrx_word' id='word_1_656' title='bbox 196 2841 245 2867; x_wconf 82' lang='lat' dir='ltr'><strong>xu,</strong></span> <span class='ocrx_word' id='word_1_657' title='bbox 261 2834 271 2860; x_wconf 88' lang='lat' dir='ltr'><strong>l</strong></span> <span class='ocrx_word' id='word_1_658' title='bbox 286 2842 347 2870; x_wconf 84' lang='lat' dir='ltr'><strong>sqq.</strong></span> 
     </span>
    </p>
   </div>
   <div class='ocr_carea' id='block_1_90' title="bbox 878 1602 1665 1636">
    <p class='ocr_par' dir='ltr' id='par_1_90' title="bbox 878 1602 1665 1636">
     <span class='ocr_line' id='line_1_90' title="bbox 878 1602 1665 1636; baseline 0.004 -6"><span class='ocrx_word' id='word_1_659' title='bbox 878 1603 984 1631; x_wconf 88' lang='lat' dir='ltr'><strong>scilicet</strong></span> <span class='ocrx_word' id='word_1_660' title='bbox 1003 1603 1076 1629; x_wconf 89' lang='lat' dir='ltr'><strong>illam</strong></span> <span class='ocrx_word' id='word_1_661' title='bbox 1101 1602 1235 1630; x_wconf 68' lang='lat' dir='ltr'><strong>dectrinm</strong></span> <span class='ocrx_word' id='word_1_662' title='bbox 1263 1603 1421 1636; x_wconf 90' lang='lat' dir='ltr'><strong>lusciniam,</strong></span> <span class='ocrx_word' id='word_1_663' title='bbox 1440 1604 1570 1632; x_wconf 83' lang='lat' dir='ltr'><strong>Basiliam</strong></span> <span class='ocrx_word' id='word_1_664' title='bbox 1596 1607 1665 1634; x_wconf 78' lang='lat' dir='ltr'><strong>vidit</strong></span> 
     </span>
    </p>
   </div>
   <div class='ocr_carea' id='block_1_91' title="bbox 877 1648 1664 1684">
    <p class='ocr_par' dir='ltr' id='par_1_91' title="bbox 877 1648 1664 1684">
     <span class='ocr_line' id='line_1_91' title="bbox 877 1648 1664 1684; baseline 0.005 -9"><span class='ocrx_word' id='word_1_665' title='bbox 877 1654 961 1684; x_wconf 88' lang='lat' dir='ltr'><strong>atque</strong></span> <span class='ocrx_word' id='word_1_666' title='bbox 977 1648 1124 1683; x_wconf 79' lang='lat' dir='ltr'><strong>cognovit:</strong></span> <span class='ocrx_word' id='word_1_667' title='bbox 1144 1656 1225 1684; x_wconf 90' lang='lat' dir='ltr'><strong>quem</strong></span> <span class='ocrx_word' id='word_1_668' title='bbox 1242 1657 1324 1677; x_wconf 83' lang='lat' dir='ltr'><strong>senex</strong></span> <span class='ocrx_word' id='word_1_669' title='bbox 1344 1650 1469 1684; x_wconf 80' lang='lat' dir='ltr'><strong>intuitus,</strong></span> <span class='ocrx_word' id='word_1_670' title='bbox 1483 1652 1577 1679; x_wconf 86' lang='lat' dir='ltr'><strong>multis</strong></span> <span class='ocrx_word' id='word_1_671' title='bbox 1605 1652 1664 1679; x_wconf 81' lang='lat' dir='ltr'><strong>fau-</strong></span> 
     </span>
    </p>
   </div>
   <div class='ocr_carea' id='block_1_92' title="bbox 878 1693 1664 1732">
    <p class='ocr_par' dir='ltr' id='par_1_92' title="bbox 878 1693 1664 1732">
     <span class='ocr_line' id='line_1_92' title="bbox 878 1693 1664 1732; baseline 0.005 -12"><span class='ocrx_word' id='word_1_672' title='bbox 878 1693 928 1721; x_wconf 91' lang='lat' dir='ltr'><strong>stis</strong></span> <span class='ocrx_word' id='word_1_673' title='bbox 943 1693 1028 1728; x_wconf 65' lang='lat' dir='ltr'><strong>cmpit</strong></span> <span class='ocrx_word' id='word_1_674' title='bbox 1045 1694 1169 1720; x_wconf 85' lang='lat' dir='ltr'><strong>venerari</strong></span> <span class='ocrx_word' id='word_1_675' title='bbox 1196 1694 1322 1722; x_wconf 89' lang='lat' dir='ltr'><strong>vocibus.</strong></span> <span class='ocrx_word' id='word_1_676' title='bbox 1345 1693 1486 1730; x_wconf 87' lang='lat' dir='ltr'><strong>Siquidem</strong></span> <span class='ocrx_word' id='word_1_677' title='bbox 1515 1697 1664 1732; x_wconf 81' lang='lat' dir='ltr'><strong>perspicaci</strong></span> 
     </span>
    </p>
   </div>
   <div class='ocr_carea' id='block_1_93' title="bbox 877 1737 1663 1775">
    <p class='ocr_par' dir='ltr' id='par_1_93' title="bbox 877 1737 1663 1775">
     <span class='ocr_line' id='line_1_93' title="bbox 877 1737 1663 1775; baseline 0.006 -12"><span class='ocrx_word' id='word_1_678' title='bbox 877 1737 977 1763; x_wconf 83' lang='lat' dir='ltr'><strong>tuentis</strong></span> <span class='ocrx_word' id='word_1_679' title='bbox 999 1737 1096 1769; x_wconf 90' lang='lat' dir='ltr'><strong>oculo,</strong></span> <span class='ocrx_word' id='word_1_680' title='bbox 1126 1738 1270 1772; x_wconf 84' lang='lat' dir='ltr'><strong>conspexit</strong></span> <span class='ocrx_word' id='word_1_681' title='bbox 1299 1738 1477 1775; x_wconf 76' lang='lat' dir='ltr'><strong>refulgentem</strong></span> <span class='ocrx_word' id='word_1_682' title='bbox 1509 1742 1663 1768; x_wconf 90' lang='lat' dir='ltr'><strong>columbam</strong></span> 
     </span>
    </p>
   </div>
   <div class='ocr_carea' id='block_1_94' title="bbox 876 1782 1665 1821">
    <p class='ocr_par' dir='ltr' id='par_1_94' title="bbox 876 1782 1665 1821">
     <span class='ocr_line' id='line_1_94' title="bbox 876 1782 1665 1821; baseline 0.006 -12"><span class='ocrx_word' id='word_1_683' title='bbox 876 1782 992 1810; x_wconf 88' lang='lat' dir='ltr'><strong>humero</strong></span> <span class='ocrx_word' id='word_1_684' title='bbox 1017 1783 1104 1818; x_wconf 87' lang='lat' dir='ltr'><strong>ipsius</strong></span> <span class='ocrx_word' id='word_1_685' title='bbox 1123 1783 1286 1812; x_wconf 85' lang='lat' dir='ltr'><strong>insidentem</strong></span> <span class='ocrx_word' id='word_1_686' title='bbox 1311 1784 1435 1818; x_wconf 82' lang='lat' dir='ltr'><strong>dextero,</strong></span> <span class='ocrx_word' id='word_1_687' title='bbox 1460 1786 1597 1821; x_wconf 85' lang='lat' dir='ltr'><strong>verbaque</strong></span> <span class='ocrx_word' id='word_1_688' title='bbox 1624 1795 1665 1815; x_wconf 85' lang='lat' dir='ltr'><strong>sa-</strong></span> 
     </span>
    </p>
   </div>
   <div class='ocr_carea' id='block_1_95' title="bbox 877 1829 1664 1868">
    <p class='ocr_par' dir='ltr' id='par_1_95' title="bbox 877 1829 1664 1868">
     <span class='ocr_line' id='line_1_95' title="bbox 877 1829 1664 1868; baseline 0.004 -12"><span class='ocrx_word' id='word_1_689' title='bbox 877 1829 985 1864; x_wconf 75' lang='lat' dir='ltr'><strong>pientia!</strong></span> <span class='ocrx_word' id='word_1_690' title='bbox 1005 1830 1272 1863; x_wconf 83' lang='lat' dir='ltr'><strong>subministrantem,</strong></span> <span class='ocrx_word' id='word_1_691' title='bbox 1297 1836 1379 1866; x_wconf 83' lang='lat' dir='ltr'><strong>atque</strong></span> <span class='ocrx_word' id='word_1_692' title='bbox 1402 1832 1490 1867; x_wconf 89' lang='lat' dir='ltr'><strong>ipsum</strong></span> <span class='ocrx_word' id='word_1_693' title='bbox 1516 1841 1547 1859; x_wconf 89' lang='lat' dir='ltr'><strong>ea</strong></span> <span class='ocrx_word' id='word_1_694' title='bbox 1564 1834 1664 1868; x_wconf 88' lang='lat' dir='ltr'><strong>popttlo</strong></span> 
     </span>
    </p>
   </div>
   <div class='ocr_carea' id='block_1_96' title="bbox 877 1875 1663 1910">
    <p class='ocr_par' dir='ltr' id='par_1_96' title="bbox 877 1875 1663 1910">
     <span class='ocr_line' id='line_1_96' title="bbox 877 1875 1663 1910; baseline 0.004 -8"><span class='ocrx_word' id='word_1_695' title='bbox 877 1875 1091 1910; x_wconf 88' lang='lat' dir='ltr'><strong>deprotnentcm.</strong></span> <span class='ocrx_word' id='word_1_696' title='bbox 1107 1875 1146 1902; x_wconf 82' lang='lat' dir='ltr'><strong>Ex</strong></span> <span class='ocrx_word' id='word_1_697' title='bbox 1167 1883 1198 1902; x_wconf 88' lang='lat' dir='ltr'><strong>ea</strong></span> <span class='ocrx_word' id='word_1_698' title='bbox 1219 1875 1328 1910; x_wconf 87' lang='lat' dir='ltr'><strong>quidem</strong></span> <span class='ocrx_word' id='word_1_699' title='bbox 1349 1876 1434 1903; x_wconf 89' lang='lat' dir='ltr'><strong>ardua</strong></span> <span class='ocrx_word' id='word_1_700' title='bbox 1451 1885 1484 1904; x_wconf 86' lang='lat' dir='ltr'><strong>ac</strong></span> <span class='ocrx_word' id='word_1_701' title='bbox 1509 1878 1663 1905; x_wconf 86' lang='lat' dir='ltr'><strong>veneranda</strong></span> 
     </span>
    </p>
   </div>
   <div class='ocr_carea' id='block_1_97' title="bbox 877 1921 1665 1959">
    <p class='ocr_par' dir='ltr' id='par_1_97' title="bbox 877 1921 1665 1959">
     <span class='ocr_line' id='line_1_97' title="bbox 877 1921 1665 1959; baseline 0.005 -11"><span class='ocrx_word' id='word_1_702' title='bbox 877 1921 1002 1948; x_wconf 89' lang='lat' dir='ltr'><strong>columba</strong></span> <span class='ocrx_word' id='word_1_703' title='bbox 1016 1921 1170 1949; x_wconf 89' lang='lat' dir='ltr'><strong>instructus</strong></span> <span class='ocrx_word' id='word_1_704' title='bbox 1187 1921 1244 1953; x_wconf 90' lang='lat' dir='ltr'><strong>ille,</strong></span> <span class='ocrx_word' id='word_1_705' title='bbox 1261 1923 1351 1950; x_wconf 87' lang='lat' dir='ltr'><strong>sancti</strong></span> <span class='ocrx_word' id='word_1_706' title='bbox 1366 1923 1448 1957; x_wconf 91' lang='lat' dir='ltr'><strong>hujus</strong></span> <span class='ocrx_word' id='word_1_707' title='bbox 1464 1922 1554 1951; x_wconf 83' lang='lat' dir='ltr'><strong>Patris</strong></span> <span class='ocrx_word' id='word_1_708' title='bbox 1562 1931 1665 1959; x_wconf 72' lang='lat' dir='ltr'><strong>cogno-</strong></span> 
     </span>
    </p>
   </div>
   <div class='ocr_carea' id='block_1_98' title="bbox 876 1968 1662 2005">
    <p class='ocr_par' dir='ltr' id='par_1_98' title="bbox 876 1968 1662 2005">
     <span class='ocr_line' id='line_1_98' title="bbox 876 1968 1662 2005; baseline 0.003 -10"><span class='ocrx_word' id='word_1_709' title='bbox 876 1972 953 1995; x_wconf 80' lang='lat' dir='ltr'><strong>verat</strong></span> <span class='ocrx_word' id='word_1_710' title='bbox 973 1968 1231 2003; x_wconf 83' lang='lat' dir='ltr'><strong>peregrinationcm,</strong></span> <span class='ocrx_word' id='word_1_711' title='bbox 1242 1976 1360 2004; x_wconf 89' lang='lat' dir='ltr'><strong>cumque</strong></span> <span class='ocrx_word' id='word_1_712' title='bbox 1371 1977 1432 1997; x_wconf 87' lang='lat' dir='ltr'><strong>esse</strong></span> <span class='ocrx_word' id='word_1_713' title='bbox 1444 1969 1570 2005; x_wconf 69' lang='lat' dir='ltr'><strong>Ephraem</strong></span> <span class='ocrx_word' id='word_1_714' title='bbox 1586 1971 1662 1998; x_wconf 93' lang='lat' dir='ltr'><strong>illum</strong></span> 
     </span>
    </p>
   </div>
   <div class='ocr_carea' id='block_1_99' title="bbox 877 2012 1663 2050">
    <p class='ocr_par' dir='ltr' id='par_1_99' title="bbox 877 2012 1663 2050">
     <span class='ocr_line' id='line_1_99' title="bbox 877 2012 1663 2050; baseline 0.005 -11"><span class='ocrx_word' id='word_1_715' title='bbox 877 2012 987 2048; x_wconf 87' lang='lat' dir='ltr'><strong>Syrum.</strong></span> <span class='ocrx_word' id='word_1_716' title='bbox 1005 2012 1214 2048; x_wconf 85' lang='lat' dir='ltr'><strong>Peropportune</strong></span> <span class='ocrx_word' id='word_1_717' title='bbox 1235 2015 1318 2050; x_wconf 78' lang='lat' dir='ltr'><strong>igitur</strong></span> <span class='ocrx_word' id='word_1_718' title='bbox 1333 2015 1413 2042; x_wconf 88' lang='lat' dir='ltr'><strong>ambo</strong></span> <span class='ocrx_word' id='word_1_719' title='bbox 1435 2020 1529 2042; x_wconf 82' lang='lat' dir='ltr'><strong>mutua</strong></span> <span class='ocrx_word' id='word_1_720' title='bbox 1547 2015 1619 2043; x_wconf 90' lang='lat' dir='ltr'><strong>inter</strong></span> <span class='ocrx_word' id='word_1_721' title='bbox 1633 2023 1663 2043; x_wconf 87' lang='lat' dir='ltr'><strong>se</strong></span> 
     </span>
    </p>
   </div>
   <div class='ocr_carea' id='block_1_100' title="bbox 877 2058 1661 2093">
    <p class='ocr_par' dir='ltr' id='par_1_100' title="bbox 877 2058 1661 2093">
     <span class='ocr_line' id='line_1_100' title="bbox 877 2058 1661 2093; baseline 0.004 -8"><span class='ocrx_word' id='word_1_722' title='bbox 877 2058 1039 2086; x_wconf 81' lang='lat' dir='ltr'><strong>fruebantur</strong></span> <span class='ocrx_word' id='word_1_723' title='bbox 1065 2060 1286 2093; x_wconf 87' lang='lat' dir='ltr'><strong>consuetudine;</strong></span> <span class='ocrx_word' id='word_1_724' title='bbox 1315 2061 1350 2088; x_wconf 87' lang='lat' dir='ltr'><strong>ita</strong></span> <span class='ocrx_word' id='word_1_725' title='bbox 1387 2065 1416 2088; x_wconf 88' lang='lat' dir='ltr'><strong>ut</strong></span> <span class='ocrx_word' id='word_1_726' title='bbox 1446 2060 1581 2088; x_wconf 86' lang='lat' dir='ltr'><strong>laboriosa</strong></span> <span class='ocrx_word' id='word_1_727' title='bbox 1617 2062 1661 2088; x_wconf 89' lang='lat' dir='ltr'><strong>illa</strong></span> 
     </span>
    </p>
   </div>
   <div class='ocr_carea' id='block_1_101' title="bbox 876 2103 1662 2139">
    <p class='ocr_par' dir='ltr' id='par_1_101' title="bbox 876 2103 1662 2139">
     <span class='ocr_line' id='line_1_101' title="bbox 876 2103 1662 2139; baseline 0.004 -9"><span class='ocrx_word' id='word_1_728' title='bbox 876 2103 1061 2138; x_wconf 72' lang='lat' dir='ltr'><strong>peregrinatio</strong></span> <span class='ocrx_word' id='word_1_729' title='bbox 1078 2104 1129 2139; x_wconf 86' lang='lat' dir='ltr'><strong>ipsi</strong></span> <span class='ocrx_word' id='word_1_730' title='bbox 1157 2103 1282 2139; x_wconf 61' lang='lat' dir='ltr'><strong>Ephra‘m</strong></span> <span class='ocrx_word' id='word_1_731' title='bbox 1310 2105 1415 2132; x_wconf 84' lang='lat' dir='ltr'><strong>inutilis</strong></span> <span class='ocrx_word' id='word_1_732' title='bbox 1430 2112 1484 2132; x_wconf 92' lang='lat' dir='ltr'><strong>non</strong></span> <span class='ocrx_word' id='word_1_733' title='bbox 1513 2105 1662 2134; x_wconf 82' lang='lat' dir='ltr'><strong>exstiterit.</strong></span> 
     </span>
    </p>
   </div>
   <div class='ocr_carea' id='block_1_102' title="bbox 911 2150 1662 2187">
    <p class='ocr_par' dir='ltr' id='par_1_102' title="bbox 911 2150 1662 2187">
     <span class='ocr_line' id='line_1_102' title="bbox 911 2150 1662 2187; baseline 0.003 -10"><span class='ocrx_word' id='word_1_734' title='bbox 911 2150 1052 2178; x_wconf 83' lang='lat' dir='ltr'><strong>Naturalis</strong></span> <span class='ocrx_word' id='word_1_735' title='bbox 1067 2158 1150 2185; x_wconf 92' lang='lat' dir='ltr'><strong>porro</strong></span> <span class='ocrx_word' id='word_1_736' title='bbox 1177 2152 1241 2178; x_wconf 65' lang='lat' dir='ltr'><strong>vita:</strong></span> <span class='ocrx_word' id='word_1_737' title='bbox 1257 2151 1425 2183; x_wconf 90' lang='lat' dir='ltr'><strong>innocentia,</strong></span> <span class='ocrx_word' id='word_1_738' title='bbox 1451 2151 1586 2179; x_wconf 88' lang='lat' dir='ltr'><strong>malorum</strong></span> <span class='ocrx_word' id='word_1_739' title='bbox 1610 2152 1662 2187; x_wconf 80' lang='lat' dir='ltr'><strong>ipsi</strong></span> 
     </span>
    </p>
   </div>
   <div class='ocr_carea' id='block_1_103' title="bbox 876 2197 1662 2232">
    <p class='ocr_par' dir='ltr' id='par_1_103' title="bbox 876 2197 1662 2232">
     <span class='ocr_line' id='line_1_103' title="bbox 876 2197 1662 2232; baseline 0.003 -9"><span class='ocrx_word' id='word_1_740' title='bbox 876 2197 1039 2224; x_wconf 82' lang='lat' dir='ltr'><strong>ostendebat</strong></span> <span class='ocrx_word' id='word_1_741' title='bbox 1056 2197 1167 2232; x_wconf 81' lang='lat' dir='ltr'><strong>fugam:</strong></span> <span class='ocrx_word' id='word_1_742' title='bbox 1184 2205 1247 2224; x_wconf 88' lang='lat' dir='ltr'><strong>natn</strong></span> <span class='ocrx_word' id='word_1_743' title='bbox 1261 2205 1294 2224; x_wconf 80' lang='lat' dir='ltr'><strong>ex</strong></span> <span class='ocrx_word' id='word_1_744' title='bbox 1311 2205 1343 2225; x_wconf 87' lang='lat' dir='ltr'><strong>ea</strong></span> <span class='ocrx_word' id='word_1_745' title='bbox 1360 2197 1484 2225; x_wconf 85' lang='lat' dir='ltr'><strong>discebat</strong></span> <span class='ocrx_word' id='word_1_746' title='bbox 1499 2201 1527 2225; x_wconf 85' lang='lat' dir='ltr'><strong>et</strong></span> <span class='ocrx_word' id='word_1_747' title='bbox 1550 2198 1662 2226; x_wconf 88' lang='lat' dir='ltr'><strong>tneliora</strong></span> 
     </span>
    </p>
   </div>
   <div class='ocr_carea' id='block_1_104' title="bbox 875 2241 1662 2278">
    <p class='ocr_par' dir='ltr' id='par_1_104' title="bbox 875 2241 1662 2278">
     <span class='ocr_line' id='line_1_104' title="bbox 875 2241 1662 2278; baseline 0.004 -10"><span class='ocrx_word' id='word_1_748' title='bbox 875 2241 1031 2276; x_wconf 86' lang='lat' dir='ltr'><strong>prospicere</strong></span> <span class='ocrx_word' id='word_1_749' title='bbox 1045 2245 1073 2268; x_wconf 88' lang='lat' dir='ltr'><strong>et</strong></span> <span class='ocrx_word' id='word_1_750' title='bbox 1084 2242 1223 2269; x_wconf 80' lang='lat' dir='ltr'><strong>deteriora</strong></span> <span class='ocrx_word' id='word_1_751' title='bbox 1239 2242 1352 2275; x_wconf 83' lang='lat' dir='ltr'><strong>evitare,</strong></span> <span class='ocrx_word' id='word_1_752' title='bbox 1371 2246 1455 2278; x_wconf 87' lang='lat' dir='ltr'><strong>atque</strong></span> <span class='ocrx_word' id='word_1_753' title='bbox 1471 2243 1531 2271; x_wconf 86' lang='lat' dir='ltr'><strong>illas</strong></span> <span class='ocrx_word' id='word_1_754' title='bbox 1551 2248 1662 2271; x_wconf 88' lang='lat' dir='ltr'><strong>senten-</strong></span> 
     </span>
    </p>
   </div>
   <div class='ocr_carea' id='block_1_105' title="bbox 875 2287 1661 2325">
    <p class='ocr_par' dir='ltr' id='par_1_105' title="bbox 875 2287 1661 2325">
     <span class='ocr_line' id='line_1_105' title="bbox 875 2287 1661 2325; baseline 0.004 -11"><span class='ocrx_word' id='word_1_755' title='bbox 875 2287 928 2315; x_wconf 83' lang='lat' dir='ltr'><strong>tias</strong></span> <span class='ocrx_word' id='word_1_756' title='bbox 942 2295 973 2316; x_wconf 87' lang='lat' dir='ltr'><strong>ac</strong></span> <span class='ocrx_word' id='word_1_757' title='bbox 989 2288 1112 2316; x_wconf 85' lang='lat' dir='ltr'><strong>rationes</strong></span> <span class='ocrx_word' id='word_1_758' title='bbox 1132 2288 1244 2324; x_wconf 85' lang='lat' dir='ltr'><strong>eligere,</strong></span> <span class='ocrx_word' id='word_1_759' title='bbox 1260 2296 1322 2324; x_wconf 64' lang='lat' dir='ltr'><strong>quae</strong></span> <span class='ocrx_word' id='word_1_760' title='bbox 1340 2297 1415 2324; x_wconf 65' lang='lat' dir='ltr'><strong>purae</strong></span> <span class='ocrx_word' id='word_1_761' title='bbox 1426 2294 1530 2322; x_wconf 83' lang='lat' dir='ltr'><strong>essent,</strong></span> <span class='ocrx_word' id='word_1_762' title='bbox 1546 2297 1661 2325; x_wconf 63' lang='lat' dir='ltr'><strong>quaeque</strong></span> 
     </span>
    </p>
   </div>
   <div class='ocr_carea' id='block_1_106' title="bbox 874 2333 1660 2368">
    <p class='ocr_par' dir='ltr' id='par_1_106' title="bbox 874 2333 1660 2368">
     <span class='ocr_line' id='line_1_106' title="bbox 874 2333 1660 2368; baseline 0.004 -8"><span class='ocrx_word' id='word_1_763' title='bbox 874 2333 907 2361; x_wconf 91' lang='lat' dir='ltr'><strong>ad</strong></span> <span class='ocrx_word' id='word_1_764' title='bbox 921 2333 1099 2361; x_wconf 77' lang='lat' dir='ltr'><strong>excolendam</strong></span> <span class='ocrx_word' id='word_1_765' title='bbox 1121 2334 1291 2362; x_wconf 84' lang='lat' dir='ltr'><strong>honestatem</strong></span> <span class='ocrx_word' id='word_1_766' title='bbox 1312 2334 1481 2368; x_wconf 86' lang='lat' dir='ltr'><strong>conferrent,</strong></span> <span class='ocrx_word' id='word_1_767' title='bbox 1497 2339 1524 2363; x_wconf 85' lang='lat' dir='ltr'><strong>et</strong></span> <span class='ocrx_word' id='word_1_768' title='bbox 1544 2336 1660 2364; x_wconf 88' lang='lat' dir='ltr'><strong>docendi</strong></span> 
     </span>
    </p>
   </div>
   <div class='ocr_carea' id='block_1_107' title="bbox 874 2380 1661 2417">
    <p class='ocr_par' dir='ltr' id='par_1_107' title="bbox 874 2380 1661 2417">
     <span class='ocr_line' id='line_1_107' title="bbox 874 2380 1661 2417; baseline 0.005 -11"><span class='ocrx_word' id='word_1_769' title='bbox 874 2387 954 2407; x_wconf 93' lang='lat' dir='ltr'><strong>usum</strong></span> <span class='ocrx_word' id='word_1_770' title='bbox 970 2387 1142 2415; x_wconf 79' lang='lat' dir='ltr'><strong>nequaquam</strong></span> <span class='ocrx_word' id='word_1_771' title='bbox 1161 2380 1336 2416; x_wconf 85' lang='lat' dir='ltr'><strong>impedirent.</strong></span> <span class='ocrx_word' id='word_1_772' title='bbox 1364 2381 1542 2409; x_wconf 75' lang='lat' dir='ltr'><strong>Abundanter</strong></span> <span class='ocrx_word' id='word_1_773' title='bbox 1559 2382 1661 2417; x_wconf 86' lang='lat' dir='ltr'><strong>quippe</strong></span> 
     </span>
    </p>
   </div>
   <div class='ocr_carea' id='block_1_108' title="bbox 873 2426 1660 2455">
    <p class='ocr_par' dir='ltr' id='par_1_108' title="bbox 873 2426 1660 2455">
     <span class='ocr_line' id='line_1_108' title="bbox 873 2426 1660 2455; baseline 0.004 -3"><span class='ocrx_word' id='word_1_774' title='bbox 873 2430 970 2453; x_wconf 87' lang='lat' dir='ltr'><strong>sancto</strong></span> <span class='ocrx_word' id='word_1_775' title='bbox 995 2426 1053 2453; x_wconf 87' lang='lat' dir='ltr'><strong>seni</strong></span> <span class='ocrx_word' id='word_1_776' title='bbox 1078 2433 1240 2454; x_wconf 84' lang='lat' dir='ltr'><strong>consessum</strong></span> <span class='ocrx_word' id='word_1_777' title='bbox 1263 2434 1279 2453; x_wconf 88' lang='lat' dir='ltr'><strong>a</strong></span> <span class='ocrx_word' id='word_1_778' title='bbox 1304 2426 1415 2455; x_wconf 84' lang='lat' dir='ltr'><strong>Christo</strong></span> <span class='ocrx_word' id='word_1_779' title='bbox 1435 2430 1495 2454; x_wconf 86' lang='lat' dir='ltr'><strong>erat</strong></span> <span class='ocrx_word' id='word_1_780' title='bbox 1523 2428 1660 2455; x_wconf 81' lang='lat' dir='ltr'><strong>sermonis</strong></span> 
     </span>
    </p>
   </div>
   <div class='ocr_carea' id='block_1_109' title="bbox 873 2471 1660 2508">
    <p class='ocr_par' dir='ltr' id='par_1_109' title="bbox 873 2471 1660 2508">
     <span class='ocr_line' id='line_1_109' title="bbox 873 2471 1660 2508; baseline 0.003 -10"><span class='ocrx_word' id='word_1_781' title='bbox 873 2472 1016 2503; x_wconf 88' lang='lat' dir='ltr'><strong>talentum,</strong></span> <span class='ocrx_word' id='word_1_782' title='bbox 1035 2471 1107 2507; x_wconf 89' lang='lat' dir='ltr'><strong>quod</strong></span> <span class='ocrx_word' id='word_1_783' title='bbox 1128 2479 1189 2499; x_wconf 87' lang='lat' dir='ltr'><strong>cum</strong></span> <span class='ocrx_word' id='word_1_784' title='bbox 1210 2472 1244 2499; x_wconf 88' lang='lat' dir='ltr'><strong>ad</strong></span> <span class='ocrx_word' id='word_1_785' title='bbox 1260 2479 1369 2500; x_wconf 87' lang='lat' dir='ltr'><strong>mensas</strong></span> <span class='ocrx_word' id='word_1_786' title='bbox 1389 2473 1512 2500; x_wconf 87' lang='lat' dir='ltr'><strong>corditttn</strong></span> <span class='ocrx_word' id='word_1_787' title='bbox 1535 2473 1660 2508; x_wconf 90' lang='lat' dir='ltr'><strong>plurimis</strong></span> 
     </span>
    </p>
   </div>
   <div class='ocr_carea' id='block_1_110' title="bbox 873 2517 1661 2554">
    <p class='ocr_par' dir='ltr' id='par_1_110' title="bbox 873 2517 1661 2554">
     <span class='ocr_line' id='line_1_110' title="bbox 873 2517 1661 2554; baseline -0.001 -8"><span class='ocrx_word' id='word_1_788' title='bbox 873 2519 1072 2554; x_wconf 87' lang='lat' dir='ltr'><strong>impertiretur,</strong></span> <span class='ocrx_word' id='word_1_789' title='bbox 1092 2517 1118 2546; x_wconf 89' lang='lat' dir='ltr'><strong>ei</strong></span> <span class='ocrx_word' id='word_1_790' title='bbox 1134 2522 1223 2545; x_wconf 75' lang='lat' dir='ltr'><strong>tamen</strong></span> <span class='ocrx_word' id='word_1_791' title='bbox 1238 2525 1299 2546; x_wconf 89' lang='lat' dir='ltr'><strong>cum</strong></span> <span class='ocrx_word' id='word_1_792' title='bbox 1317 2518 1412 2553; x_wconf 89' lang='lat' dir='ltr'><strong>primis</strong></span> <span class='ocrx_word' id='word_1_793' title='bbox 1428 2518 1540 2553; x_wconf 88' lang='lat' dir='ltr'><strong>profuit.</strong></span> <span class='ocrx_word' id='word_1_794' title='bbox 1563 2518 1661 2545; x_wconf 85' lang='lat' dir='ltr'><strong>Fertur</strong></span> 
     </span>
    </p>
   </div>
   <div class='ocr_carea' id='block_1_111' title="bbox 874 2563 1659 2599">
    <p class='ocr_par' dir='ltr' id='par_1_111' title="bbox 874 2563 1659 2599">
     <span class='ocr_line' id='line_1_111' title="bbox 874 2563 1659 2599; baseline 0 -8"><span class='ocrx_word' id='word_1_795' title='bbox 874 2569 963 2592; x_wconf 89' lang='lat' dir='ltr'><strong>autem</strong></span> <span class='ocrx_word' id='word_1_796' title='bbox 975 2564 1032 2592; x_wconf 62' lang='lat' dir='ltr'><strong>haec</strong></span> <span class='ocrx_word' id='word_1_797' title='bbox 1049 2564 1108 2599; x_wconf 89' lang='lat' dir='ltr'><strong>ipse</strong></span> <span class='ocrx_word' id='word_1_798' title='bbox 1127 2563 1161 2591; x_wconf 92' lang='lat' dir='ltr'><strong>de</strong></span> <span class='ocrx_word' id='word_1_799' title='bbox 1172 2571 1202 2591; x_wconf 87' lang='lat' dir='ltr'><strong>se</strong></span> <span class='ocrx_word' id='word_1_800' title='bbox 1219 2563 1342 2592; x_wconf 78' lang='lat' dir='ltr'><strong>dixisse:</strong></span> <span class='ocrx_word' id='word_1_801' title='bbox 1367 2563 1437 2596; x_wconf 87' lang='lat' dir='ltr'><strong>Sibi,</strong></span> <span class='ocrx_word' id='word_1_802' title='bbox 1455 2571 1517 2591; x_wconf 90' lang='lat' dir='ltr'><strong>cum</strong></span> <span class='ocrx_word' id='word_1_803' title='bbox 1541 2564 1659 2599; x_wconf 88' lang='lat' dir='ltr'><strong>pritnuut</strong></span> 
     </span>
    </p>
   </div>
   <div class='ocr_carea' id='block_1_112' title="bbox 873 2609 1660 2644">
    <p class='ocr_par' dir='ltr' id='par_1_112' title="bbox 873 2609 1660 2644">
     <span class='ocr_line' id='line_1_112' title="bbox 873 2609 1660 2644; baseline -0.001 -6"><span class='ocrx_word' id='word_1_804' title='bbox 873 2618 889 2638; x_wconf 88' lang='lat' dir='ltr'><strong>e</strong></span> <span class='ocrx_word' id='word_1_805' title='bbox 905 2615 997 2638; x_wconf 87' lang='lat' dir='ltr'><strong>tenera</strong></span> <span class='ocrx_word' id='word_1_806' title='bbox 1009 2610 1055 2637; x_wconf 92' lang='lat' dir='ltr'><strong>illa</strong></span> <span class='ocrx_word' id='word_1_807' title='bbox 1065 2610 1210 2638; x_wconf 77' lang='lat' dir='ltr'><strong>excederet</strong></span> <span class='ocrx_word' id='word_1_808' title='bbox 1225 2614 1305 2637; x_wconf 69' lang='lat' dir='ltr'><strong>aetate</strong></span> <span class='ocrx_word' id='word_1_809' title='bbox 1320 2609 1454 2644; x_wconf 82' lang='lat' dir='ltr'><strong>pueritiae,</strong></span> <span class='ocrx_word' id='word_1_810' title='bbox 1473 2617 1573 2637; x_wconf 87' lang='lat' dir='ltr'><strong>arcana</strong></span> <span class='ocrx_word' id='word_1_811' title='bbox 1586 2610 1660 2644; x_wconf 90' lang='lat' dir='ltr'><strong>ejus-</strong></span> 
     </span>
    </p>
   </div>
   <div class='ocr_carea' id='block_1_113' title="bbox 872 2656 1657 2693">
    <p class='ocr_par' dir='ltr' id='par_1_113' title="bbox 872 2656 1657 2693">
     <span class='ocr_line' id='line_1_113' title="bbox 872 2656 1657 2693; baseline -0.003 -8"><span class='ocrx_word' id='word_1_812' title='bbox 872 2657 946 2685; x_wconf 91' lang='lat' dir='ltr'><strong>modi</strong></span> <span class='ocrx_word' id='word_1_813' title='bbox 963 2657 1113 2693; x_wconf 83' lang='lat' dir='ltr'><strong>contigisse</strong></span> <span class='ocrx_word' id='word_1_814' title='bbox 1126 2657 1196 2684; x_wconf 85' lang='lat' dir='ltr'><strong>visa.</strong></span> <span class='ocrx_word' id='word_1_815' title='bbox 1215 2656 1268 2692; x_wconf 89' lang='lat' dir='ltr'><strong>ipsi</strong></span> <span class='ocrx_word' id='word_1_816' title='bbox 1294 2657 1394 2684; x_wconf 87' lang='lat' dir='ltr'><strong>etenim</strong></span> <span class='ocrx_word' id='word_1_817' title='bbox 1416 2657 1494 2691; x_wconf 77' lang='lat' dir='ltr'><strong>juxta</strong></span> <span class='ocrx_word' id='word_1_818' title='bbox 1525 2657 1657 2692; x_wconf 83' lang='lat' dir='ltr'><strong>linguam,</strong></span> 
     </span>
    </p>
   </div>
   <div class='ocr_carea' id='block_1_114' title="bbox 872 2703 1660 2738">
    <p class='ocr_par' dir='ltr' id='par_1_114' title="bbox 872 2703 1660 2738">
     <span class='ocr_line' id='line_1_114' title="bbox 872 2703 1660 2738; baseline -0.001 -7"><span class='ocrx_word' id='word_1_819' title='bbox 872 2704 1019 2732; x_wconf 83' lang='lat' dir='ltr'><strong>admodum</strong></span> <span class='ocrx_word' id='word_1_820' title='bbox 1045 2703 1187 2732; x_wconf 82' lang='lat' dir='ltr'><strong>fructifera</strong></span> <span class='ocrx_word' id='word_1_821' title='bbox 1211 2703 1304 2732; x_wconf 84' lang='lat' dir='ltr'><strong>enasci</strong></span> <span class='ocrx_word' id='word_1_822' title='bbox 1328 2703 1473 2731; x_wconf 86' lang='lat' dir='ltr'><strong>videbatur</strong></span> <span class='ocrx_word' id='word_1_823' title='bbox 1491 2703 1569 2734; x_wconf 87' lang='lat' dir='ltr'><strong>vitis,</strong></span> <span class='ocrx_word' id='word_1_824' title='bbox 1598 2711 1660 2738; x_wconf 73' lang='lat' dir='ltr'><strong>quae</strong></span> 
     </span>
    </p>
   </div>
   <div class='ocr_carea' id='block_1_115' title="bbox 871 2749 1659 2786">
    <p class='ocr_par' dir='ltr' id='par_1_115' title="bbox 871 2749 1659 2786">
     <span class='ocr_line' id='line_1_115' title="bbox 871 2749 1659 2786; baseline -0.003 -8"><span class='ocrx_word' id='word_1_825' title='bbox 871 2750 980 2786; x_wconf 87' lang='lat' dir='ltr'><strong>quidem</strong></span> <span class='ocrx_word' id='word_1_826' title='bbox 1001 2750 1038 2778; x_wconf 92' lang='lat' dir='ltr'><strong>ita</strong></span> <span class='ocrx_word' id='word_1_827' title='bbox 1065 2749 1254 2783; x_wconf 81' lang='lat' dir='ltr'><strong>excrcsccbat,</strong></span> <span class='ocrx_word' id='word_1_828' title='bbox 1283 2754 1313 2778; x_wconf 84' lang='lat' dir='ltr'><strong>ut</strong></span> <span class='ocrx_word' id='word_1_829' title='bbox 1341 2749 1501 2777; x_wconf 74' lang='lat' dir='ltr'><strong>universum</strong></span> <span class='ocrx_word' id='word_1_830' title='bbox 1522 2753 1659 2777; x_wconf 71' lang='lat' dir='ltr'><strong>terrarum</strong></span> 
     </span>
    </p>
   </div>
  </div>
