1912 3082
72 145 120 174 ειι

582 143 627 170 DE
643 142 724 171 VITA
743 142 774 170 S.
795 140 922 169 PATRIS
941 141 1092 169 EPIIRIEM
1111 141 1202 170 SYRI.

1643 143 1696 172 εἶίῖ

73 200 190 237 capsa»,
205 201 245 232 είς
260 200 309 236 τὴν
324 199 421 235 κυρίαν
435 200 575 235 ἀπήντησε
591 221 599 232 ,
622 201 669 226 καὶ
688 200 859 234 διαλέγεσθαι

916 203 967 231 tus,
983 199 1016 225 ad
1043 203 1143 226 statum
1158 199 1228 226 diem
1246 197 1328 231 venit,
1350 207 1381 226 ac
1402 200 1493 228 dicere
1514 199 1623 236 quidem
1647 211 1697 239 pro

74 248 122 283 μὲν
141 247 223 278 αὐτὸς
237 247 275 278 ὡς
292 246 367 281 γήρᾳ.
381 246 542 282 τρυχωθεὶς,
562 247 738 281 ἀπηνήνατο·
755 246 803 277 τὰς
816 246 855 272 ot-

72 292 149 324 κείας
173 293 282 327 βίϐλους
308 292 545 328 προκομισθῆναι,
563 292 610 319 καὶ
630 292 663 319 δι’
682 292 772 319 αὐτῶν
790 293 859 318 ἀπο-

72 340 214 375 κρίνασθαι
231 339 278 366 καὶ
306 338 458 373 ἀντιλέγειν
474 339 563 373 ἠξίου.
584 339 627 371 Ὣς
652 337 698 366 οὖν
720 339 744 365 οἱ
763 338 859 365 τούτου

73 386 229 421 συμμύσται
250 385 300 417 τὰς
317 385 425 420 βίϐλους
444 386 586 421 ἐκόμισαν,
606 385 731 421 μεγάλως
748 385 790 411 ἐπ’
811 385 860 411 αὺ-

72 432 130 461 ταῖς
153 430 342 465 βρενθυόμενοι
353 440 361 446 ·
377 429 467 456 λαῦὼν
485 430 588 462 ἐκεῖνος
603 431 618 456 δ
633 428 859 463 πεπαλαιωμένος

71 477 164 503 κακῶν
178 476 288 511 ἡμερῶν
304 476 353 511 τῆς
367 476 473 507 ἀδικίας
486 476 592 511 κριτὴς,
608 475 657 510 τὴν
679 475 743 510 μίαν
761 474 859 508 βίὸλων

73 522 223 554 ἀναπτύξαι
240 521 386 557 ἐπεχείρει.
409 521 454 552 Ὠς
476 521 504 547 δὲ
519 521 570 547 οὐκ
588 521 703 547 ἐνεδίδου
722 521 755 556 τῇ
778 520 859 555 κόλλῃ

72 568 223 598 πιεσθεῖσα,
236 568 299 602 περὶ
310 567 341 593 τὸ
355 567 437 602 μέσον
452 566 554 602 ταύτης
561 566 610 602 τὴν
622 566 709 602 ὁρμὴν
724 567 840 592 ἐποιεῖτο
851 573 857 579 “

72 615 88 648 ἡ
103 614 131 640 δὲ
147 612 247 648 ὁμοίως
263 610 297 647 ἦν
317 612 520 647 ἀνεπτυγμένη.
542 612 586 643 Ὠς
604 611 669 646 γοῦν
682 612 732 646 τῆς
748 611 859 646 πρώτης

71 659 231 694 ὴστόχησεν,
245 658 294 685 ἐπὶ
305 658 354 693 τὴν
367 658 497 693 δευτέραν
510 657 602 684 λοιπὸν
620 657 752 692 ἐχώρησε,
767 656 813 682 καὶ
828 655 859 691 δὴ

72 705 120 732 καὶ
136 704 222 739 αὐτὴν
240 704 304 739 ὃλην
326 703 481 739 ἀδιαίρετον
503 703 551 729 καὶ
572 703 682 733 πάντως
697 701 860 728 άνύπεικτον

72 749 198 782 κατιδὼν,
218 751 252 784 τῇ
269 749 317 784 μὲν
328 749 443 784 αἰσχύνῃ
460 749 492 775 τὸ
504 748 651 784 πρόσωπον
664 746 811 782 ἠλλοιώθη·
828 748 858 782 τῇ

72 795 174 830 ἀπορίᾳ
195 794 224 821 δὲ
236 815 243 826 ,
258 794 307 829 τὴν
321 794 409 829 ψυχὴν
430 794 577 828 ἐξεπλάγη,
594 793 641 819 καὶ
657 792 703 819 τοῦ
723 791 860 826 συνεδρίου

72 841 216 878 χωρισθεὶς
232 841 246 866 ὁ
261 840 407 879 παραπλῂξ
430 840 534 875 ἀθυμίᾳ
555 839 602 866 καὶ
617 839 686 873 νόσῳ
698 858 705 869 ,
728 837 773 864 καὶ
784 837 861 868 τέλος

72 887 181 922 θανάτῳ
200 887 381 922 προσήγγισε,
399 886 448 921 τὴν
466 885 543 921 ὓϐριν
557 885 606 912 οὐκ
622 883 751 918 ὲνεγκών.

910 250 949 273 se,
970 243 1043 277 quod
1064 244 1140 278 gravi
1157 243 1213 278 jam
1235 248 1404 278 premeretur
1421 245 1509 276 senio,
1525 247 1632 280 renuit;
1647 256 1696 282 po-

910 289 1079 323 stulavitque
1094 288 1155 316 ideo
1174 289 1227 317 sibi
1247 289 1361 324 proferri
1376 291 1470 322 libros,
1488 296 1518 319 ut
1530 300 1563 319 ex
1584 293 1638 320 illis
1652 302 1695 320 re-

910 336 1046 370 spondere
1069 338 1178 370 posset,
1202 340 1283 369 atque
1310 336 1508 364 contradicere.
1538 337 1606 365 Cum
1632 347 1696 373 ergo

913 381 994 408 istius
1014 373 1146 408 delatoris
1174 381 1241 408 socii
1263 380 1409 409 frementes
1426 382 1453 409 in
1473 383 1590 410 medium
1612 384 1695 411 libros

911 427 1117 461 produxissent,
1138 426 1306 454 inveteratus
1322 427 1365 454 ille
1383 427 1488 456 dierttm
1505 429 1638 456 malorum
1655 431 1696 456 in-

909 472 1025 507 justitim
1038 472 1132 507 judex.
1150 480 1234 499 unum
1249 480 1281 499 ex
1295 472 1329 500 iis
1343 473 1371 500 in
1383 480 1480 501 manus
1495 482 1617 507 sumens,
1634 483 1696 508 ape-

910 518 966 545 rire
992 522 1074 553 atque
1092 518 1229 552 explicare
1248 518 1396 545 nitebatur.
1418 517 1470 546 Sed
1493 520 1566 555 quod
1591 521 1696 555 glutino

911 566 1010 590 unt-tus
1027 570 1082 590 non
1105 564 1224 596 cederet,
1241 563 1273 591 ad
1294 568 1399 598 partem
1418 564 1478 599 ejus
1494 565 1608 593 mediam
1631 573 1696 600 ape-

912 608 1035 635 riendam
1054 612 1095 636 est
1113 616 1275 643 aggressus;
1292 617 1406 644 eamque
1422 610 1507 645 ipsam
1520 611 1615 638 eodem
1632 618 1697 637 cnn-

912 654 1074 688 glutinatam
1095 656 1176 681 modo
1198 655 1311 682 invenil.
1328 655 1419 688 Quare
1436 664 1485 683 sua
1498 656 1543 683 illa
1560 662 1592 684 ex
1606 657 1698 694 priore

912 700 983 727 libro
999 699 1148 728 frustratus
1164 708 1222 735 spe,
1240 701 1274 728 ad
1297 702 1412 729 alterunt
1429 710 1458 729 se
1474 703 1600 734 contulit,
1615 710 1696 737 quem

912 746 1021 780 quidem
1044 749 1130 773 totum
1152 746 1189 773 ita
1215 747 1331 774 lirmiter
1347 755 1501 774 connexum
1525 755 1652 780 cernens,
1669 754 1697 774 ut

913 800 1028 827 prorsus
1044 793 1175 827 explicari
1193 794 1335 828 nequiret.
1351 798 1426 822 tanto
1442 795 1540 822 rubore
1554 799 1635 830 atque
1647 803 1697 830 pu-

914 838 980 865 dore
995 838 1117 866 sull'usus
1131 843 1183 871 est,
1201 840 1347 875 animoque
1362 848 1447 875 usque
1466 841 1534 868 adeo
1555 842 1696 876 perturba-

874 882 893 909 Β
910 886 966 915 tus,
983 888 1012 910 ut
1031 890 1065 911 ex
1084 891 1116 911 eo
1130 892 1261 912 consessu
1276 885 1381 918 abiens,
1396 886 1476 920 quasi
1498 887 1596 914 mentis
1616 891 1698 922 atque

69 933 181 960 consilii
198 933 289 968 inops,
306 939 333 960 et
342 933 526 962 exanimatus,
541 932 569 958 in
581 931 704 958 morbum
719 930 863 965 prolapsus
882 929 929 960 sit.
948 930 1076 965 illamque
1091 931 1246 966 ignominia:
1261 936 1352 959 notam
1373 933 1409 959 ila
1435 940 1505 968 aegre
1527 940 1559 960 ae
1585 934 1698 961 moleste

70 982 147 1013 tulit,
161 976 190 1008 ut
208 988 303 1015 partiti]
322 981 467 1008 admodum
488 980 617 1012 abfuerit,
631 979 698 1014 quin
716 983 772 1005 tum
789 983 903 1005 mortem
916 978 1014 1006 obiret.

105 1027 237 1058 Τοιοῦτος
255 1024 289 1062 ἦν
309 1026 357 1053 καὶ
373 1026 442 1062 πρὶς
464 1026 510 1052 τὸν
527 1026 575 1061 τῆς
595 1025 736 1056 εὐσεϐείας
750 1023 830 1059 ζῆλον
846 1024 860 1050 ὁ

73 1070 161 1104 μέγας
186 1070 277 1106 πατὴρ
296 1069 375 1105 ἡμῶν
405 1070 452 1097 καὶ
476 1070 635 1101 διδάσκαλος
660 1069 779 1104 Ἑφραῗμ
796 1077 804 1084 ⁸
833 1069 861 1095 ἐν

70 1116 165 1147 ἄλλοις
178 1117 226 1151 μὲν
245 1116 277 1142 τὸ
292 1116 382 1152 πρᾶον
396 1117 444 1143 καὶ
459 1117 579 1148 ἐπιεικὲς
593 1115 806 1150 ἐνδεικνύμενος,
817 1115 861 1141 ὅτε

69 1162 111 1197 μὴ
128 1162 209 1197 χρεία
227 1161 343 1196 πολέμου
357 1168 364 1176 ·
381 1162 410 1188 ἐν
428 1161 519 1193 ἄλλοις
536 1161 564 1188 δὲ
586 1161 616 1187 τὸ
631 1161 730 1195 στύφον
749 1160 797 1187 καὶ
812 1160 861 1186 αὺ-

70 1208 184 1242 στηρὸν,
209 1208 254 1234 ὅτε
275 1207 392 1242 μάλιστα
412 1208 476 1243 περὶ
498 1207 547 1242 τὴν
569 1208 660 1233 πίστιν
686 1207 700 1233 ὁ
722 1205 860 1237 κίνδυνος,

70 1253 163 1279 πάντα
180 1261 270 1287 σοφως
286 1252 497 1288 μετερχόμενος,
518 1252 566 1279 καὶ
578 1252 615 1283 ὼς
629 1253 643 1278 ὸ
656 1251 751 1287 καιρὸς
766 1251 858 1277 ἐδεῖτο.

70 1299 129 1325 Καὶ
144 1299 198 1333 γὰρ
216 1302 263 1324 και
284 1298 364 1325 τοῦτο
377 1298 431 1324 τῶν
449 1298 555 1325 πολλῶν
570 1297 653 1324 αὐτοῦ
670 1297 800 1332 νηστειῶν
815 1297 862 1323 καὶ

69 1343 210 1378 δακρύων,
227 1344 274 1370 καὶ
285 1344 503 1370 ἀκαταπαύστων
514 1344 563 1370 οὐκ
573 1343 682 1369 ἔλαττον
694 1342 860 1378 προσευχῶν·

68 1389 85 1414 ό
114 1388 186 1414 κατὰ
209 1388 275 1414 Θεὸν
299 1388 370 1423 λέγω
394 1388 491 1423 ζῆλος,
518 1388 617 1423 μᾶλλον
646 1388 693 1421 δὲ,
723 1388 770 1415 καὶ
793 1389 862 1423 ὑπὲρ

67 1435 166 1460 ἐκεῖνα
176 1443 182 1449 ·
196 1435 258 1461 ὅσον
271 1435 340 1461 αὐτὰ
356 1435 405 1470 μὲν
417 1435 456 1466 είς
473 1434 553 1469 μόνον
570 1435 614 1461 τὸν
635 1434 771 1470 δράσαντα
782 1443 861 1469 περι·

949 1023 1023 1052 Talis
1040 1030 1129 1052 autem
1146 1025 1256 1060 pietatis
1272 1027 1332 1053 zelo
1351 1027 1456 1053 exstitit
1472 1035 1586 1062 magnus
1604 1032 1698 1054 noster

910 1073 990 1104 pater
1002 1074 1029 1097 et
1051 1070 1150 1098 doctor
1162 1071 1192 1098 S.
1206 1071 1343 1106 Eplirwm,
1364 1079 1425 1097 nam
1440 1071 1508 1098 alias
1525 1076 1696 1099 mansuetum

911 1123 940 1142 se
955 1116 1079 1150 praebens
1094 1123 1126 1144 ac
1143 1117 1246 1149 mitem,
1260 1124 1322 1143 cum
1334 1117 1409 1144 nulla
1424 1117 1579 1144 decertandi
1602 1126 1698 1145 neces-

910 1160 978 1187 sitas
994 1165 1103 1195 urgeret
1119 1170 1125 1188 :
1140 1161 1210 1189 alias
1227 1162 1356 1189 acerbum
1371 1169 1403 1188 ac
1421 1169 1541 1196 gravem,
1555 1170 1617 1189 cum
1636 1163 1697 1189 lidei

911 1206 1063 1240 perieulum
1088 1207 1254 1240 immineret,
1272 1213 1370 1234 cuncta
1395 1207 1542 1242 prudenter
1563 1216 1613 1242 pro
1630 1212 1698 1235 tem-

910 1250 985 1285 poris
1003 1252 1107 1279 ratione
1122 1252 1327 1281 moderabatur.
1347 1253 1378 1280 Et
1392 1261 1425 1280 ex
1439 1253 1493 1281 hoc
1509 1254 1618 1288 quidem
1634 1262 1698 1288 erga

911 1295 994 1323 Deum
1016 1297 1084 1329 zelo,
1100 1305 1155 1324 non
1174 1298 1265 1325 minus
1284 1305 1365 1332 quam
1381 1298 1416 1325 ob
1431 1298 1515 1325 multa
1532 1298 1649 1333 jejunia,
1666 1306 1698 1324 ar:

910 1341 1056 1377 laerymas.
1069 1343 1269 1378 continuasque
1280 1351 1376 1378 preces
1391 1343 1624 1371 commendandus
1636 1348 1677 1370 est
1689 1352 1696 1369 :

910 1393 993 1423 atque
1010 1389 1080 1415 haud
1097 1390 1166 1420 seio,
1182 1397 1217 1416 an
1238 1394 1382 1424 propterea
1402 1389 1485 1416 etiam
1507 1389 1604 1423 magis,
1625 1388 1698 1423 quod

915 1435 967 1462 ista
990 1435 1016 1461 in
1038 1443 1071 1462 eo
1087 1443 1142 1462 uno
1165 1435 1404 1468 concluderentur,
1429 1434 1474 1462 ille
1500 1434 1532 1461 ad
1554 1434 1698 1461 utilitatem

71 1479 165 1515 ορίζει
181 1480 230 1515 τὴν
253 1480 347 1516 ὄνησιν
359 1488 367 1496 ⁸
394 1481 481 1507 ὲκεῖνο
492 1480 521 1506 δὲ
537 1480 605 1515 πρὸς
621 1480 713 1515 κοινὴν
730 1479 860 1507 διαϐαίνει

916 1488 1020 1516 quoque
1058 1489 1232 1508 communem
1268 1480 1433 1516 pertinebat.
1464 1480 1698 1513 Quemadmodum

65 1525 218 1560 ὠφέλειαν.
243 1525 351 1561 Ἐπειδὴ
366 1525 411 1552 τὸν
426 1525 508 1552 καλὸν
523 1525 657 1562 θηρευτὴν
670 1527 684 1552 ὸ
697 1525 799 1560 ἀληθὴς
818 1525 860 1552 λό-

68 1579 121 1605 γος
134 1571 201 1607 πρὸς
215 1571 249 1597 τὰ
262 1571 367 1606 μάχιμα
382 1571 521 1606 δοκιμάζει
536 1570 627 1606 θηρία,
642 1571 685 1597 καῖ
699 1570 744 1597 τὸν
761 1571 862 1604 ἀγαθὸν

67 1616 246 1650 κυϐερνήτην
262 1616 331 1651 πρὸς
351 1615 545 1646 ἀντιπνέοντας
560 1615 599 1650 τῷ
621 1614 706 1650 πλοίῳ
724 1615 841 1650 ἀνέμους
854 1635 861 1647 ,

68 1662 120 1688 καὶ
136 1661 180 1687 τὸν
200 1661 280 1695 σοφὸν
294 1661 384 1696 ἰατρὸν
402 1661 470 1697 πρὸς
483 1661 517 1687 τὰ
528 1661 641 1687 δυσίατα
655 1660 738 1696 πάθη,
757 1660 804 1687 καὶ
818 1661 863 1687 τὸν

67 1708 199 1740 γενναῖον
219 1707 387 1742 στρατιώτην
400 1706 467 1741 πρὸς
480 1706 669 1742 ἀντικειμένην
683 1706 794 1742 βαρεῖαν
810 1716 862 1733 πα-

70 1753 199 1789 ράταξιν,
219 1754 265 1779 καὶ
284 1753 331 1779 τὸν
352 1753 495 1780 σπουδαῖον
509 1753 556 1779 καὶ
569 1753 693 1789 ζηλωτὴν
707 1752 845 1784 εὐσεϐείας
855 1772 862 1783 ,

69 1799 102 1824 ἐν
119 1799 196 1833 ἀκμῇ
211 1798 341 1825 κινδύνων
357 1800 404 1825 καὶ
418 1798 572 1830 δυσκολίας,
585 1799 659 1830 ὅπως
670 1798 765 1825 ἑαυτόν
776 1806 806 1825 τε
818 1798 864 1824 καὶ

68 1844 138 1874 τοὺς
162 1844 258 1875 ἄλλους
278 1844 401 1879 ἐκσπάσῃ
417 1845 449 1870 ὲκ
466 1839 515 1879 τῆς
529 1843 687 1879 ἐπιϐουλῆς.
709 1844 767 1871 Οὐκ
792 1844 864 1870 ἔστιν

67 1887 125 1916 οὖν
141 1887 212 1920 εἶδος
223 1889 312 1924 εὑρεῖν
323 1889 427 1924 ἀρετῶν
438 1890 512 1925 παρά
519 1898 574 1916 τισι
583 1889 666 1916 πάλαι
677 1889 864 1924 φιλοπονηθὲν,

68 1936 104 1961 τὸ
122 1936 161 1969 μὴ
178 1935 224 1961 καὶ
237 1935 266 1961 ἐν
280 1935 368 1970 τούτῳ
381 1935 562 1970 κατορθωθέν.
579 1936 695 1962 Είκάσαι
708 1935 737 1962 δὲ
750 1935 800 1971 τὴν
815 1936 865 1962 αὺ-

68 1980 123 2006 τοῦ
141 1979 231 2015 ψυχὴν
252 1979 310 2006 ἐστι
324 1979 416 2015 πηγὴν
431 1980 566 2011 παντοίοις
588 1980 722 2016 βρύουσαν
739 1980 865 2015 νάμασιν,

65 2024 198 2059 ὠφελείᾳ
212 2024 259 2051 καὶ
272 2024 420 2059 γλυκύτητι
436 2025 481 2051 καὶ
496 2024 590 2060 τέρψει
612 2025 847 2060 καθωραῖσμένοις
858 2032 865 2040 ·

67 2070 88 2105 ἢ
105 2069 230 2104 λειμῶνα
245 2070 412 2105 κυπρίζοντα
431 2070 560 2102 ποικίλοις
573 2070 800 2105 ἀρωματίζουσαν
816 2071 865 2097 ἅν-

67 2115 155 2142 Οεσιν
167 2122 174 2129 ·
190 2114 206 2149 ἢ
226 2115 338 2150 οὐρανὸν
358 2115 478 2148 ἐπίγειον
491 2115 628 2151 διαφόροις
642 2116 800 2150 λαμπτῆρσι
819 2124 867 2141 πε-

69 2159 267 2194 ποικιλμέναν,
293 2160 309 2195 ἦ
335 2160 514 2195 παράδεισον·
542 2157 598 2186 οἷον
622 2161 730 2191 ἀκούεις
751 2161 795 2186 τὴν
817 2161 866 2194 τῆς

76 2204 170 2240 Ἐὃὶμ
187 2205 309 2240 ἀπείροις
334 2207 483 2240 ὲγκάρποις
510 2206 704 2241 ἀγλαῖζόμενον
729 2207 846 2242 δένδροις
861 2215 867 2220 ·

68 2249 148 2284 πλὴν
168 2249 205 2284 μὴ
226 2250 306 2284 eam
329 2250 395 2284 ὄψει’
411 2251 604 2286 πονηροτάτῳ,
627 2252 673 2277 καὶ
689 2251 737 2286 τῆς
763 2252 868 2286 ὲξορίας

68 2295 202 2330 προξένῳ
213 2304 220 2311 ·
238 2295 254 2330 ἢ
269 2296 293 2321 εί
304 2296 367 2323 ἄλλο
386 2305 411 2322 τι
427 2296 481 2322 τῶν
496 2296 585 2323 καλῶν
600 2297 646 2322 καὶ
661 2296 785 2331 τερπνῶν
804 2297 868 2322 πολ-

66 2340 134 2371 λοῖς
152 2341 199 2366 καὶ
213 2341 351 2375 διαφόροις
367 2341 478 2375 ἀγαθοῖς
490 2343 506 2377 ἠ
522 2342 603 2376 φύσις
617 2342 748 2376 τετίμηκε
761 2351 767 2356 '
779 2342 869 2368 τοιαύ-

67 2394 128 2420 την
148 2383 218 2412 εἶναι
236 2386 342 2420 λογίζου
359 2388 407 2421 τὴν
426 2387 472 2413 τοῦ
488 2387 605 2421 μεγάλου
636 2387 754 2422 Ἐφραίμ
784 2396 872 2422 μακα-

69 2430 143 2465 ρίαν
158 2429 257 2464 ψυχὴν,
274 2430 383 2462 πολλαῖς
397 2432 501 2466 ἀρετῶν
515 2431 598 2462 ἰδέαις
609 2431 740 2458 πάντοθεν
756 2432 872 2458 κυκλου-

69 2475 179 2510 μένην.
197 2475 321 2510 Μελέτην
344 2476 399 2511 γὰρ
413 2477 427 2502 ό
450 2476 600 2511 θαυμάσιος
624 2476 669 2503 διὰ
692 2477 749 2511 βίου
772 2477 871 2508 παντὸς

66 2520 196 2555 θέμενος
209 2540 215 2552 ,
231 2520 281 2555 τὴν
305 2521 397 2556 όλικὴν
424 2521 576 2557 κτήσασθαι
598 2522 709 2557 ἀρετὴν,
725 2523 759 2548 τὰ
782 2523 870 2549 πάντα

67 2565 232 2592 ἐσπούδασε
252 2566 330 2600 μόνος
346 2566 504 2602 περιλαϐεῖν
522 2568 727 2603 προτερήματα.

911 1526 984 1552 enim
1002 1533 1095 1553 verum
1124 1526 1241 1561 insignis
1263 1525 1379 1560 alicujus
1402 1525 1541 1552 venatoris
1561 1525 1699 1559 specimen

911 1571 1066 1603 exhibetur,
1081 1578 1142 1598 cum
1155 1571 1299 1598 bellicosas
1319 1570 1474 1605 insequitur
1485 1569 1568 1603 feras,
1583 1570 1700 1604 bonique

912 1616 1103 1651 gubernatoris
1117 1616 1204 1644 virttts
1220 1624 1249 1644 se
1258 1616 1350 1651 prodit
1361 1616 1386 1643 in
1399 1620 1562 1651 tempestate
1573 1616 1700 1645 adversa.

913 1661 1010 1688 medici
1040 1661 1183 1696 prudentis
1209 1662 1235 1688 in
1261 1661 1435 1696 gravioribus
1464 1661 1576 1692 morbis,
1605 1660 1701 1687 militis

914 1708 1017 1735 strenui
1034 1707 1061 1734 in
1079 1708 1139 1741 ipso
1157 1715 1256 1742 pugnae
1273 1707 1432 1734 discrimine
1446 1715 1452 1733 :
1471 1707 1507 1733 ita
1522 1714 1631 1741 quoque
1647 1706 1702 1741 pie-

913 1753 978 1780 tatis
993 1761 1024 1779 ac
1035 1753 1176 1789 religionis
1192 1753 1344 1781 studiosum
1362 1753 1462 1783 virum,
1476 1760 1573 1788 magna
1587 1760 1619 1779 ac
1633 1751 1702 1779 dilli-

915 1798 977 1825 cilia
994 1799 1115 1833 pericula
1129 1798 1288 1830 ostendunt,
1306 1805 1368 1825 cum
1387 1802 1414 1825 et
1433 1805 1473 1830 se,
1489 1802 1515 1824 et
1530 1797 1599 1824 alios
1612 1805 1646 1824 ex
1662 1798 1703 1824 in-

916 1844 995 1871 sidiis
1022 1845 1207 1879 periculisque
1231 1845 1337 1872 eximit.
1363 1843 1473 1871 Nullum
1503 1851 1569 1871 sane
1595 1843 1702 1870 virtutis

916 1897 1003 1925 genus
1020 1898 1035 1917 a
1060 1890 1196 1917 veteribus
1215 1890 1351 1918 excultum
1373 1894 1425 1922 est,
1440 1889 1467 1916 in
1485 1896 1540 1924 quo
1556 1889 1600 1916 hic
1622 1889 1703 1916 etiam

916 1942 970 1962 non
983 1936 1151 1963 cxcelluerit.
1169 1935 1259 1968 Quare
1281 1939 1308 1962 et
1324 1936 1443 1962 animutn
1462 1935 1559 1969 ipsius,
1575 1934 1702 1963 utilitate.

916 1979 1071 2011 dulcedine.
1085 1980 1258 2014 jucunditate
1276 1980 1480 2011 seaturientem,
1501 1979 1568 2006 fonti
1581 1987 1705 2014 quacun-

917 2033 969 2059 que
981 2033 1111 2060 aquarum
1126 2025 1292 2053 abundantia
1304 2025 1398 2052 ﬂuenti
1411 2024 1527 2051 similem
1539 2023 1630 2050 dicere
1641 2031 1705 2058 pos-

917 2079 1024 2102 sumus,
1051 2072 1092 2097 vel
1121 2074 1199 2106 prato
1229 2071 1347 2098 diversis
1378 2070 1564 2105 fragrantibus
1590 2070 1704 2097 ﬂoribus

920 2116 1113 2151 resplendenti,
1130 2117 1170 2143 vel
1195 2116 1264 2143 cmlo
1282 2116 1365 2143 variis
1388 2116 1529 2143 stellarum
1556 2116 1706 2143 luminibus

919 2162 1060 2193 distincto,
1077 2162 1118 2188 vel
1132 2162 1268 2196 paradiso,
1282 2169 1363 2196 quem
1378 2161 1404 2188 in
1422 2161 1503 2188 Edent
1518 2161 1602 2188 fuisse
1615 2161 1704 2193 audis,

918 2207 1111 2235 innumerabili
1140 2207 1343 2235 frnetiferarum
1371 2207 1501 2235 arborum
1524 2207 1603 2242 copia
1625 2207 1704 2234 deco-

918 2257 979 2278 rato
1004 2252 1061 2286 (ita
1087 2255 1177 2279 tamen
1194 2257 1222 2279 ιιι
1244 2253 1364 2288 serpenti
1387 2252 1517 2287 maligno,
1537 2252 1707 2279 communis-

919 2305 974 2332 que
991 2297 1081 2324 exsilii
1101 2297 1219 2330 attctori,
1236 2298 1328 2325 nullus
1348 2299 1460 2325 omnino
1477 2297 1505 2324 in
1531 2305 1593 2325 eum
1616 2297 1707 2325 aditus

919 2343 1029 2377 detur):
1048 2348 1094 2369 aut
1114 2343 1137 2369 si
1158 2343 1223 2377 quid
1239 2344 1312 2370 aliud
1337 2348 1492 2374 venustum,
1515 2351 1708 2378 amwnumque

921 2389 1016 2416 multis
1035 2389 1173 2423 variisque
1193 2389 1273 2416 bonis
1292 2389 1482 2417 eolionestavit
1497 2393 1609 2420 natura;
1626 2389 1707 2415 talem

921 2441 1029 2469 quoque
1047 2434 1155 2461 beatum
1167 2434 1242 2460 illum
1260 2435 1348 2469 magni
1364 2434 1487 2468 Ephrzem
1501 2435 1633 2465 animum,
1650 2434 1695 2468 plu

922 2481 1000 2507 rimis
1017 2480 1137 2515 undique
1147 2480 1279 2507 virtutum
1292 2481 1437 2515 generibus
1454 2486 1614 2507 exornatum
1633 2483 1708 2514 puta.

925 2525 993 2551 Nam
1009 2531 1117 2558 semper
1143 2524 1185 2551 vir
1204 2524 1249 2551 ille
1275 2524 1455 2551 admiratione
1473 2524 1583 2558 dignus,
1601 2522 1627 2548 in
1649 2529 1709 2548 eam

924 2570 1049 2597 incubuit
1066 2576 1172 2602 curam,
1196 2573 1226 2596 ιιι
1251 2570 1400 2604 perfectum
1430 2569 1640 2602 absolutumque
1661 2574 1707 2592 eu-

62 2611 169 2645 jusvis
179 2611 290 2645 generis
308 2612 438 2638 virtuttltn
453 2613 567 2639 chorum
587 2613 748 2647 possideret,
767 2621 798 2640 ac
813 2614 912 2648 quibus
933 2616 1028 2649 reliqui
1045 2614 1161 2650 singulis
1180 2615 1407 2646 antecelluerunt,
1441 2623 1472 2641 ea
1503 2617 1602 2641 cuncta
1634 2612 1711 2640 solus

67 2660 141 2694 ipse.
159 2662 363 2692 assequeretur.

114 2703 174 2730 Τοῦ
188 2704 243 2738 γὰρ
259 2704 288 2729 ὲν
309 2703 423 2735 δικαίοις
439 2704 547 2739 πρώτου
565 2704 648 2730 ’Λϐελ
666 2705 715 2739 τὴν
735 2705 872 2731 οεόλεκτον

74 2750 125 2780 ὡς
142 2749 232 2783 ἱερεὺς
249 2748 474 2783 ἐκμιμησάμενος
498 2749 672 2785 προσφορὰν,
696 2750 746 2776 οὐκ
765 2750 796 2776 ἐκ
814 2759 873 2776 ποι-

69 2794 170 2831 μνίων
184 2793 304 2829 θύματα,
320 2794 379 2820 οὐδὲ
395 2795 478 2830 στέαρ
489 2795 582 2830 Κυρίῳ
594 2796 789 2830 προσήνεγκεν,
806 2796 873 2822 ἀλλὰ

69 2841 113 2867 θυ
122 2839 180 2868 Βίαν
193 2840 372 2873 ἀναίμακτον,
382 2840 431 2874 τὴν
444 2840 555 2875 λογικὴν
568 2840 703 2876 λατρείαν.
719 2840 774 2875 βίου
790 2842 873 2868 καθα-

254 2886 389 2914 ΙἈΤιιίιιί.
414 2885 472 2914 Gn.
499 2886 605 2916 XLVI.

963 2703 1101 2739 Siquidem
1120 2708 1148 2730 ut
1166 2704 1305 2735 sacerdos,
1321 2712 1382 2732 eum
1399 2704 1445 2739 qui
1468 2704 1537 2730 inter
1549 2704 1640 2738 justus
1657 2705 1712 2738 pri-

926 2757 988 2777 mus
1011 2753 1181 2781 recensetur,
1197 2750 1262 2776 Abel
1278 2750 1409 2780 imitatus,
1425 2759 1478 2776 non
1495 2758 1526 2777 ex
1544 2749 1635 2776 ovium
1650 2759 1710 2786 gre-

925 2796 1015 2831 gibus,
1040 2803 1127 2830 neque
1151 2803 1184 2822 ex
1206 2796 1286 2830 adipe
1307 2796 1441 2823 sacrilieia
1465 2795 1579 2823 Domino
1600 2796 1711 2830 obtulit,

927 2848 1019 2867 verum
1033 2841 1134 2875 alisque
1147 2841 1287 2874 sanguine,
1304 2842 1464 2869 rationabile
1479 2842 1639 2876 obsequium
1650 2843 1712 2870 vitae

1516 2887 1552 2916 ΞΤ
