1912 3082
77 139 132 167 843

575 134 620 162 DE
638 134 721 161 Vl'l‘A
742 133 770 160 S.
792 132 918 160 PATRIS
943 131 1097 159 EPlll‘uEM
1122 131 1213 160 SYRI.

1653 133 1706 162 διδ

78 193 303 231 παρασκευάσας.
324 194 425 228 Ἀρτον
446 192 585 227 ἐψώμισεν
607 192 642 222 ὡς
660 191 761 220 ἐκεῖνος
782 190 865 223 οὐρά-

934 192 993 215 otes
1006 188 1151 216 constituit
1161 209 1168 221 ,
1181 195 1213 215 ac
1225 187 1258 215 de
1271 188 1409 216 sacriﬁcio
1427 188 1501 224 leges
1516 193 1707 225 praeceptaque

78 230 151 273 νιον,
167 240 231 271 τοὺς
249 240 298 273 τῆς
318 240 429 274 ἀγάπης
443 238 538 272 λόγους
553 238 620 264 πᾶσι
637 236 747 271 προθεὶς
757 256 764 266 ,
780 234 813 260 δι’
836 230 867 260 οὗ

80 285 200 320 μάλιστα
221 284 380 319 στηρίζεται
401 284 476 310 πᾶσα
498 283 585 318 ψυχὴ,
610 280 656 308 καῖ
679 281 718 316 τῷ
736 281 800 314 θείῳ
823 280 869 306 καὶ

80 329 205 365 μυστιχῷ
229 329 411 364 προσέρχεται
433 329 507 364 ἄρτῳ
528 327 682 362 θαρροῦσα,
702 325 741 360 τῷ
764 325 796 351 εκ
814 324 869 351 τῶν

79 376 188 402 κόλπων
212 374 259 401 τοῦ
282 375 387 410 Πατρὸς
408 375 449 405 είς
467 373 603 409 σωτηρίαν
619 371 697 407 ἡμῶν
719 379 869 405 παραγενο-

81 421 163 456 μένῳ.
193 421 416 456 Ὀρτυγομήτραν
442 420 560 451 ἔδωκεν,
587 419 709 446 κάτωθεν
728 418 793 453 ἡμῖν
812 417 869 447 τοῖς

78 468 187 499 πιστοῖς
206 468 239 502 τῇ
259 466 323 502 περὶ.
338 465 406 492 Θεοῦ
433 465 528 501 μνήμῃ
549 465 741 499 οὐρανοπορείν
762 462 868 489 ἐκδιδά-

78 521 166 544 σκων,
184 512 231 538 καὶ
251 511 286 538 τὰ
304 512 362 537 ἐκεῖ
378 510 561 544 φαντάζεσθαι
584 509 679 544 κάλλη.
702 509 758 535 Καὶ
775 508 868 539 ἁπλῶς

77 554 121 590 οἷς
136 558 169 584 ἂν
186 557 267 593 βούλῃ
281 557 398 592 θεωρίας
412 556 502 590 λόγοις
518 555 552 582 τὰ.
565 555 611 582 τοῦ
626 554 732 590 Ila-.95;
747 555 802 585 τοῖς
815 562 869 580 πα-

78 603 166 635 λαιοῖς
186 603 290 636 egure-3v
314 602 554 638 σεμνολογηματα,
570 601 626 627 οὐδ’
648 601 717 631 ὅλως
741 600 868 636 εὑρήσεις

79 648 312 685 καθυστεροῦντα.

920 235 1044 261 tradidit.
1061 235 1168 269 Aquam
1184 241 1200 261 e
1217 237 1293 269 petra
1308 234 1420 266 eduxit,
1446 234 1510 261 dum
1534 234 1618 262 corda
1637 235 1708 271 lapis

919 280 969 308 dea
987 281 1020 307 ad
1038 280 1174 315 lacrymas
1191 279 1344 308 l'undendas
1360 281 1518 308 commovit.
1534 281 1609 308 Pane
1624 282 1708 309 caele-

919 327 974 358 sti,
989 326 1062 354 sicut
1078 327 1140 358 ille,
1164 326 1273 354 abunde
1297 326 1427 362 populum
1452 327 1541 362 pavit,
1565 327 1708 355 charitatis

920 373 1001 400 nobis
1018 380 1160 400 sermones
1175 380 1332 408 proponens
1343 392 1350 403 .
1365 373 1466 408 quibus
1482 374 1598 400 maxime
1612 381 1708 401 corro-

921 418 1056 446 borantnr
1071 419 1174 451 animi,
1191 423 1218 447 et
1235 419 1268 446 ad
1284 419 1446 446 sumendum
1468 427 1530 446 cum
1554 420 1650 447 ﬁducia
1665 419 1708 446 di-

921 463 1016 490 vinum
1043 471 1075 491 ac
1101 471 1209 491 sacrum
1239 464 1311 492 hunc
1336 463 1514 500 Panem,qui
1540 473 1589 500 pro
1614 469 1707 492 nostra

922 510 1011 537 salute
1026 510 1081 538 huc
1097 518 1112 538 e
1129 511 1191 538 sinu
1210 510 1300 539 Patris
1315 512 1405 543 venit,
1431 511 1631 540 accenduntur.
1656 512 1709 539 Co-

925 555 1051 583 turuices
1068 564 1177 591 quoque
1189 556 1314 584 ﬁdelibus
1324 578 1331 589 ,
1347 561 1376 584 ut
1390 557 1435 584 ille
1445 577 1453 589 ,
1464 557 1602 590 exhibuit,
1617 561 1709 584 osten—

922 599 992 628 dens
1009 609 1129 636 quonam
1148 607 1228 637 pacto
1247 594 1294 637 per
1311 602 1358 629 Dei
1376 603 1593 629 recordationem
1611 602 1638 629 in
1653 609 1709 629 ca:—

924 647 980 673 lum
1007 655 1069 676 sese
1092 648 1207 680 tollant,
1225 656 1257 675 ac
1273 656 1334 683 quae
1348 649 1384 676 ibi
1409 652 1474 676 sunt
1494 648 1607 683 pulchra
1619 668 1625 680 ,
1643 655 1710 674 con-

76 696 257 729 templemur.
272 694 305 721 Et
320 694 372 722 hoc
386 693 497 729 quidem
511 694 595 721 modo
625 697 708 727 atque
737 691 844 719 ratione
855 712 863 724 ,
878 691 902 719 si
919 700 981 727 qua
994 692 1075 721 Pater
1098 694 1144 721 hic
1159 695 1278 729 graviter
1299 703 1332 722 ac
1354 699 1467 722 strenue
1489 694 1572 729 gessit
1582 714 1588 725 .
1605 694 1710 729 prisco-

81 749 144 768 rum
163 740 319 767 actiouibus
336 739 464 768 conferre
481 740 621 771 lubuerit,
639 739 694 767 illis
712 738 869 766 nullatenus
887 737 1046 767 inferiorem
1063 741 1217 776 comperies

124 787 201 814 Ἐπεὶ
223 788 270 814 καὶ
300 787 403 822 Ἰησοῦς
421 788 435 813 ὀ
458 787 578 821 Ναυῖτης
602 786 737 823 Ἰορδάνην
761 785 870 820 ἔσχισε,

81 833 132 864 τὰς
154 831 405 867 ἀποκεκλεισμένας
429 831 469 863 εἰς
493 831 634 866 μετάδοσιν
661 830 713 858 τῶν
736 829 871 857 πλουσίων

960 785 1020 821 Ipse
1036 795 1171 822 namque,
1189 791 1219 814 ut
1234 787 1316 816 Iesus
1334 787 1422 820 Nave,
1438 786 1585 814 Jordanem
1599 793 1710 821 quoque

924 832 1037 864 divisit,
1056 840 1118 860 cum
1141 833 1251 860 clausas
1277 833 1392 860 divitum
1418 840 1516 859 manus
1542 831 1710 866 benignitate

78 879 192 914 χεῖρας,
208 878 275 912 πρὸς
292 876 415 903 εὐποιίαν
431 876 538 911 διάρας,
555 876 602 902 καὶ
618 875 657 911 τῷ
673 875 730 911 λαῷ
743 875 793 910 τὴν
807 874 871 909 γῆν,

930 878 1051 914 aperuit,
1067 886 1099 906 ac
1122 879 1222 914 populo
1248 883 1366 910 terram,
1385 886 1438 905 non
1463 878 1574 913 quidem
1597 877 1710 911 abjecta:

82 925 115 951 οὑ
135 925 185 959 τῆς
204 923 280 950 κάτω
294 922 461 957 ἐπαγγελίας
475 941 482 953 ,
498 922 568 948 ἀλλὰ.
584 922 634 956 τῆς
648 921 777 957 οὐρανίου
795 920 873 956 βασι-

82 970 161 1002 λείας
183 969 403 1005 ὲκληροδότησεν.
427 968 471 999 Ὠς
492 967 619 1003 Σαμουὴλ
635 968 667 994 ὲκ
684 967 800 1003 βρέφους
827 967 874 993 ἀν-

78 1016 168 1051 ·έτέθη
178 1015 218 1051 τῷ
229 1015 299 1049 Θεῷ,
312 1015 359 1040 καὶ
373 1015 464 1049 φωνῆς
477 1013 551 1045 θείας
562 1013 687 1047 ἤκουσεν.
705 1013 748 1045 Ὠς
761 1013 776 1039 ὁ
789 1012 874 1048 μέγας

92 1061 198 1093 Ἠλίας,
209 1061 272 1092 τοὺς
290 1061 339 1096 τῆς
356 1059 486 1095 αἰσχύνης
504 1059 748 1095 παρεδειγμάτισεν
769 1059 854 1094 ἱερεῖς
865 1078 874 1090 ,

85 1109 137 1135 καὶ
149 1107 206 1143 πῦρ
219 1107 314 1143 νοητὸν
336 1106 384 1133 ἐπὶ
396 1107 430 1141 τῇ
444 1106 538 1141 λογικῇ
557 1105 654 1139 θυσίᾳ,
666 1105 698 1131 οὺ
715 1106 794 1140 μίαν,
808 1104 877 1131 ἀλλὰ

84 1153 219 1184 πολλάκις
234 1153 374 1188 κατήγαγε
383 1159 392 1168 ⁸
403 1152 451 1178 καὶ
465 1151 569 1187 πυρίνῳ
581 1150 636 1177 τῶν
646 1151 750 1185 ἀρετῶν
761 1151 875 1186 ἅρματι,

85 1199 139 1226 οὐκ
156 1199 291 1234 αἰθέριος,
316 1197 375 1224 ἀλλ’
396 1197 520 1232 οὐράνιος
539 1196 736 1232 ἁρματηλάτης
760 1196 874 1232 ἀνήχθη.

92 1245 140 1277 Ὧς
166 1244 316 1275 Ἐλισσαῖος
329 1263 337 1276 ,
359 1243 456 1278 διπλῆν
479 1242 526 1269 τοῦ
541 1241 699 1277 Πνεύματος
721 1242 771 1277 τὴν
793 1242 874 1277 χάριν

87 1290 262 1325 πεπλούτηκε
275 1298 282 1304 ·
301 1289 348 1316 καὶ
360 1288 397 1320 ὡς
410 1289 435 1315 οἱ
449 1287 586 1323 προφῆται
602 1287 763 1322 θεοφανείας
777 1287 877 1314 πολλά-

86 1345 133 1368 κις
148 1336 271 1371 ἠξίωται.
289 1334 383 1369 Τολμᾷ
397 1334 492 1361 τοῦτον
507 1335 522 1361 ό
540 1334 618 1369 λόγος
633 1335 679 1360 καὶ
693 1334 761 1368 προς
781 1334 827 1360 τὸν
847 1333 876 1360 ὲν

85 1382 229 1417 γεννητοῖς
243 1380 379 1415 γυναικῶν
399 1379 536 1415 ἀνώτερον
550 1379 721 1415 παραθεῖναι,
739 1379 784 1406 τὸν
800 1379 878 1414 μεσί-

85 1437 140 1462 την
162 1427 209 1454 τοῦ
233 1427 316 1462 νόμου
334 1426 381 1453 καὶ
395 1425 444 1460 τῆς
465 1425 584 1460 χάριτος.
614 1425 658 1457 Ὠς
676 1425 828 1460 πρόδρομος
849 1426 878 1451 ὲν

88 1474 186 1509 ἐρήμῳ
198 1472 313 1508 ηὐλίσθη
324 1479 331 1486 ·
347 1472 395 1499 καὶ
407 1472 440 1506 ei,
445 1480 482 1506 μα
492 1471 560 1497 Θεοῦ
571 1471 666 1506 γέγονε
680 1470 728 1498 καὶ
739 1471 808 1506 πρὸς
818 1470 878 1497 τοῦ-

88 1529 147 1553 τον,
158 1520 206 1546 καὶ
217 1518 361 1554 μετανοίας
373 1518 460 1553 κήρυξ
475 1517 655 1552 ἐχρημάτισε,
671 1517 719 1543 καὶ
727 1516 777 1548 τὰς
789 1516 877 1551 ἅμαρ-

926 925 1009 960 hujus
1020 925 1224 959 promissionis,
1237 932 1330 953 verum
1341 924 1462 952 cmlestis
1469 923 1546 959 regni
1557 923 1708 951 distribuit.

924 971 945 998 Α
961 979 1010 999 sua
1026 970 1142 998 infantia
1155 992 1162 1004 ,
1179 975 1209 998 ut
1224 970 1352 1004 Samuel,
1368 974 1547 998 consecratus
1569 973 1612 997 est
1636 968 1707 1002 Deo,

925 1018 1100 1053 divinamque
1116 1024 1227 1048 vocem.
1244 1021 1274 1044 ut
1292 1016 1337 1044 ille
1349 1035 1356 1048 ,
1379 1016 1493 1043 audivit.
1512 1015 1591 1043 Sicut
1616 1014 1709 1046 Elias,

925 1062 1084 1091 sacerdotes
1104 1062 1284 1097 turpitudinis
1301 1061 1444 1097 coarguit,
1467 1061 1612 1096 ignemque
1638 1060 1710 1087 divi-

926 1117 990 1136 num
1008 1108 1142 1136 orationis
1164 1108 1320 1140 sacriﬁcio,
1342 1114 1398 1135 non
1420 1107 1522 1139 semel,
1541 1107 1589 1135 sed
1610 1107 1711 1142 saepius

926 1154 1038 1182 deduxit
1051 1174 1059 1185 .
1083 1154 1219 1190 igneoque
1236 1153 1369 1181 virtutum
1385 1161 1470 1181 curru
1479 1168 1490 1186 ι,
1504 1160 1559 1180 non
1583 1153 1610 1180 in
1626 1153 1711 1180 aethe-

927 1209 956 1227 ra
968 1221 976 1233 ,
993 1200 1041 1228 sed
1059 1200 1086 1227 in
1104 1201 1193 1235 ipsum
1210 1199 1310 1227 caelum
1330 1199 1455 1227 sublatus
1477 1202 1532 1227 est.
1552 1197 1631 1226 Sicut
1656 1197 1712 1225 Eli-

926 1254 1006 1278 seus,
1033 1246 1169 1280 duplicem
1191 1246 1308 1281 spiritus
1332 1245 1448 1280 gratiam
1472 1249 1638 1272 consecutus
1658 1249 1711 1272 est.

927 1292 1004 1319 Sicut
1021 1292 1174 1327 prophetat,
1192 1291 1291 1318 divina:
1307 1289 1423 1318 visionis
1440 1297 1553 1317 munere
1570 1297 1603 1316 ac
1620 1289 1710 1324 gratia

927 1338 1045 1364 donatus
1057 1340 1109 1364 est.
1122 1336 1192 1369 Quin
1208 1339 1235 1363 et
1251 1337 1309 1370 ipsa
1323 1343 1367 1363 me
1381 1339 1471 1362 mavet
1486 1335 1572 1366 ratio,
1589 1338 1618 1361 ut
1631 1341 1713 1361 cum-

927 1383 988 1410 denl
1006 1383 1079 1409 hunc
1093 1382 1133 1409 vel
1149 1389 1212 1408 cum
1230 1381 1278 1408 illo
1290 1401 1298 1412 ,
1316 1388 1370 1416 quo
1386 1380 1457 1418 inter
1470 1384 1552 1408 natos
1565 1381 1711 1409 mulierum

927 1430 1021 1457 nullus
1042 1428 1202 1463 perhibetur
1213 1427 1353 1455 exstitisse
1367 1425 1465 1461 major,
1489 1433 1650 1462 comparare
1664 1434 1714 1454 au-

928 1476 1026 1502 deam:
1044 1481 1106 1501 cum
1122 1474 1186 1506 illo,
1204 1473 1314 1508 inquam
1325 1494 1333 1505 ,
1348 1472 1394 1507 qui
1417 1472 1488 1499 inter
1504 1472 1588 1508 legem
1608 1476 1635 1500 et
1650 1476 1713 1508 gra-

929 1523 993 1548 tiam
1010 1520 1060 1547 l'uit
1075 1519 1192 1547 medius.
1207 1518 1350 1553 Siquidem
1365 1517 1410 1545 hic
1421 1539 1428 1552 ,
1442 1521 1471 1545 nt
1488 1525 1643 1553 prmeursor
1656 1518 1712 1550 ille,

87 1567 152 1597 τίας
168 1564 387 1600 ἐξομολογεῖσθαι
414 1565 476 1596 τοὺς
494 1563 728 1599 προσερχομένους
746 1561 874 1594 ἐδίδαξεν.

930 1573 1053 1594 eremum
1069 1564 1172 1597 coluit,
1187 1568 1215 1591 et
1230 1564 1262 1591 ad
1279 1571 1340 1592 eum
1356 1571 1466 1599 quoque
1483 1563 1586 1591 factum
1600 1567 1643 1591 est
1654 1571 1715 1591 ver-

95 1612 141 1644 Ὠς
156 1611 264 1643 Παῦλος
282 1611 312 1637 τὸ
332 1610 382 1645 τῆς
397 1609 514 1644 ἐκλογῆς
534 1609 647 1640 σκεῦος,
668 1608 811 1639 παντοίους
831 1607 879 1633 ὐπ-

89 1657 184 1692 έμεινε
195 1655 375 1691 πειρασμοὺς,
387 1655 435 1681 καὶ
447 1653 482 1680 τὰ
497 1654 546 1689 τῆς
559 1653 701 1690 μετανοίας
716 1652 879 1680 καταϐαλεῖν

90 1703 246 1738 σπέρματα,
258 1702 295 1732 ὡς
310 1702 413 1732 ἐκεῖνος
429 1701 479 1736 τῆς
491 1700 619 1732 πίστεως,
632 1699 662 1726 οὐ
678 1699 877 1734 κατενάρκησε.

89 1749 149 1775 Καὶ
167 1748 193 1774 τί
208 1748 249 1774 δεῖ
263 1748 317 1778 τοῖς
329 1746 400 1773 κατὰ
416 1746 497 1781 μέρος
516 1745 611 1772 τοῦτον
630 1744 824 1781 παραϐάλλειν,
838 1744 880 1770 ἔτι

90 1795 148 1822 τῶν
169 1794 264 1821 τούτου
286 1792 506 1828 κατορθωμάτων
528 1792 619 1818 πᾶσαν
638 1791 814 1827 πληρούντων
829 1791 879 1826 τὴν

91 1841 283 1876 οἱκουμένην;
306 1839 477 1874 Φαινομένων
498 1838 526 1864 δὲ
550 1837 603 1864 τῶν
627 1837 726 1873 ἔργων,
754 1836 880 1873 περιττόν

91 1889 151 1914 ἐστι
171 1886 336 1923 μακρολογία
346 1894 352 1900 “
370 1885 400 1911 τό
412 1893 442 1911 τε
453 1884 500 1911 τοῦ
520 1884 600 1918 λόγου
619 1885 705 1919 μῆκος
720 1884 760 1915 είς
773 1882 880 1915 ἀδοξίαν

90 1934 149 1960 τῶν
163 1932 266 1968 ἀρετῶν
278 1940 310 1958 πε
316 1931 482 1967 ριτρέπεται,
494 1930 532 1961 ὡς
544 1930 592 1965 οὐχ
607 1929 706 1956 ἱκανῶν
717 1929 804 1955 οὐσῶν
818 1929 881 1955 ἐαυ-

92 1980 144 2011 τὰς
157 1979 313 2014 ἀρκούντως
326 1977 359 2004 δι’
375 1977 464 2012 ἔργων
481 1976 608 2011 μηνύσαι,
624 1975 692 2002 ἀλλὰ
712 1975 762 2010 τῆς
776 1975 808 2001 ὲκ
827 1974 881 2000 τῶν

92 2025 183 2058 λόγων
199 2023 357 2057 ἐπικουρίας
382 2020 526 2056 δεομένων.
554 2019 643 2047 Καλὸν
657 2020 685 2046 δὲ
700 2017 755 2046 οἷον
780 2028 806 2046 τι
821 2028 882 2054 τερ-

96 2071 227 2097 πνότατον
236 2068 356 2102 ἥδυσμα,
365 2066 521 2102 προσθεῖναι
530 2065 569 2101 τῷ
581 2065 652 2101 λόγῳ
665 2066 712 2092 καὶ
721 2065 751 2092 τδ
764 2066 827 2102 περὶ
834 2066 884 2101 τὴν

96 2115 200 2142 ἐκείνου
215 2113 341 2148 τελευτὴν
358 2112 486 2148 ᾀδόμενον
500 2111 719 2147 τερατούργημα.

929 1612 994 1640 bum
1009 1611 1073 1643 Dei,
1088 1617 1121 1638 ac
1144 1617 1296 1645 praeconem
1320 1616 1404 1644 agens
1426 1609 1594 1644 poenitentia:
1618 1609 1714 1636 docuit

929 1657 1054 1686 conﬁteri
1070 1660 1182 1692 peccata
1202 1655 1364 1682 accedentes
1386 1654 1419 1682 ad
1443 1662 1482 1682 se.
1510 1654 1589 1682 Sicut
1614 1653 1716 1682 Paulus

931 1708 1021 1731 autem
1038 1711 1086 1731 vas
1112 1701 1276 1732 electionis,
1301 1701 1393 1727 varias
1412 1700 1606 1728 tribulationes
1633 1705 1716 1736 atque

930 1749 1095 1776 tentationes
1111 1746 1222 1782 pertulit
1236 1768 1243 1778 ,
1261 1745 1483 1781 poenitentiaequc
1496 1746 1615 1780 semina,
1628 1751 1657 1773 ut
1672 1746 1718 1774 ille

933 1794 1013 1825 ﬁdei,
1032 1793 1127 1820 sedulo
1142 1792 1254 1827 sparsit.
1276 1790 1329 1818 Sed
1353 1790 1419 1825 quid
1435 1799 1548 1818 necesse
1570 1795 1626 1824 est,
1644 1791 1718 1819 hunc

933 1847 995 1867 cum
1010 1838 1113 1866 sanctis
1128 1837 1269 1872 vsigillatim
1280 1835 1406 1863 conferre
1418 1856 1425 1867 ,
1440 1844 1502 1863 cum
1516 1837 1576 1871 ejus
1590 1841 1664 1865 recte
1679 1837 1719 1864 l'a-

934 1887 987 1912 ctis
1003 1889 1077 1911 totus
1092 1887 1227 1910 terrarum
1244 1881 1321 1909 orbis
1334 1881 1370 1909 sit
1383 1881 1503 1916 plenus?
1516 1881 1652 1909 Prolixior
1667 1890 1718 1910 au-

935 1937 988 1959 lem
1002 1929 1092 1957 oratio
1106 1935 1310 1963 supervacanea
1326 1927 1363 1955 sit
1376 1947 1384 1960 ,
1398 1935 1460 1955 cum
1477 1927 1535 1963 ipsa
1550 1929 1618 1956 satis
1634 1936 1719 1964 appa-

934 1981 1013 2004 reant
1023 1982 1116 2010 opera,
1129 1975 1244 2009 ipsaque
1257 1973 1403 2001 verborum
1420 1973 1565 2000 multitudo
1578 1973 1657 2000 ﬁdem
1676 1975 1719 2000 in-

937 2022 1046 2050 ﬁrmare
1067 2020 1202 2052 videatur,
1222 2019 1299 2054 quasi
1324 2027 1378 2046 non
1404 2019 1472 2046 satis
1493 2027 1525 2046 ex
1551 2020 1618 2054 ipsis
1638 2020 1720 2047 rebus

937 2067 1112 2094 declarentur
1126 2064 1259 2095 virtutes,
1283 2063 1331 2091 sed
1354 2064 1489 2091 sermonis
1506 2064 1596 2091 adhuc
1617 2065 1721 2092 aruilio

937 2112 1089 2146 indigeant.
1108 2109 1282 2144 Quapropter
1298 2116 1387 2143 opera:
1404 2109 1521 2144 pretium
1540 2109 1642 2142 fuerit,
1661 2114 1722 2137 tan-

95 2169 178 2198 quam
205 2159 400 2188 suavissimum
434 2156 572 2192 quoddam
600 2157 805 2184 condimentum
830 2159 894 2187 huic
910 2157 1029 2188 orationi
1055 2155 1222 2190 adjungere,
1245 2154 1431 2189 percelebrem
1457 2155 1604 2189 nimirum,
1627 2156 1722 2192 prodi-

94 2214 196 2245 gmqne
210 2205 324 2233 similem
339 2204 425 2238 ipsius
440 2211 472 2230 ex
487 2202 539 2229 hac
553 2201 662 2229 mortali
675 2203 731 2229 vita
745 2203 857 2230 exitum.

132 2251 244 2279 Μέλλων
254 2250 309 2285 γὰρ
323 2250 337 2275 ὁ
351 2248 478 2283 θεοφόρος
490 2244 566 2279 οὗτος
588 2247 656 2282 ἀνὴρ
675 2247 801 2283 ἀπαίρειν
816 2249 877 2284 πρὸς

970 2245 998 2273 ln
1014 2245 1112 2273 cmlum
1130 2251 1195 2278 ergo
1210 2243 1266 2277 jam
1284 2247 1458 2278 perrecturus
1475 2250 1587 2273 sanctus
1606 2247 1649 2274 hic
1670 2249 1721 2279 vir,

94 2298 130 2325 τὰ
140 2295 265 2331 οὐράνια,
281 2295 337 2325 τοῖς
358 2292 475 2328 παροῦσι
491 2292 685 2327 παρηγγυᾶτο,
707 2293 744 2324 ὡς
760 2293 810 2319 οὐκ
826 2293 885 2326 ἐξὸν

95 2343 189 2373 αὐτοῖς
202 2341 294 2377 ἐσθῆτι
307 2339 448 2366 πολυτελεῖ
465 2338 496 2365 τὸ
508 2337 603 2364 τούτου
621 2337 700 2373 σῶμα
715 2338 884 2372 ἐνταφιάσαι.

96 2389 129 2415 Εἰ
144 2388 173 2414 δὲ
184 2387 231 2414 καί
243 2395 284 2418 τις
297 2385 455 2420 φιλοπάτωρ
466 2383 503 2410 ὢν
517 2383 636 2411 τοιοῦτόν
651 2392 677 2410 τι
693 2384 883 2420 προνενόηκεν,

95 2435 114 2470 ἢ
127 2433 329 2469 παρητοίμασε,
346 2430 478 2466 μηδαμῶς
495 2431 534 2461 εἰς
548 2429 628 2464 ἔργον
642 2429 691 2465 τὴν
706 2429 802 2465 βουλὴν
817 2431 885 2464 ἁγα-

95 2482 156 2515 γεῖν
167 2500 174 2511 ,
189 2479 246 2506 ἀλλ’
264 2478 330 2505 αὺτῦ
344 2478 431 2503 ἐκεῖνο
442 2477 473 2502 τὸ
483 2476 591 2512 ὁρισθὲν
606 2476 645 2507 είς
657 2475 705 2511 τὴν
722 2476 825 2502 ἐκείνου
837 2484 886 2502 τα-

95 2527 152 2562 φὴν
165 2525 275 2560 δοθῆναι
292 2524 420 2558 πτωχοῖς.
432 2520 478 2554 Εἷς
490 2521 554 2555 γοῦν
569 2522 622 2548 τῶν
637 2521 829 2558 παρεστώτων,
841 2522 887 2548 καὶ

95 2569 175 2602 οὗτος
191 2570 246 2596 τῶν
260 2568 415 2602 ἐπιφανῶν,
444 2567 544 2602 ἐσθῆτα
562 2567 694 2603 πολυτελῆ
710 2567 888 2602 προευτρεπι-

97 2625 161 2648 σας,
178 2614 291 2649 κάκείνῃ
304 2614 468 2641 συνθάπτειν
480 2613 510 2639 τὸ
521 2613 568 2639 τοῦ
582 2614 653 2640 θείου
665 2613 817 2648 πρεσϐύτου
837 2612 889 2639 σῶ-

99 2671 138 2698 μα
156 2660 378 2696 προϐουλευθεὶς,
403 2659 523 2691 ἀκούσας
544 2660 593 2694 τῆς
610 2659 760 2694 ἐπιτιμίας,
775 2659 888 2694 ἤλγησε,

98 2708 147 2735 καὶ
171 2706 262 2733 δοῦναι
277 2706 395 2740 πτωχοῖς
410 2705 441 2731 τὸ
461 2704 674 2740 προετοιμασθὲν
689 2704 796 2739 ἱμάτιον
808 2705 891 2738 ὑπερ-

99 2751 188 2782 έθετο,
197 2751 271 2783 ἄξιον
281 2750 307 2776 τί
311 2759 348 2785 μη
353 2758 389 2784 μα
399 2749 490 2776 δοῦναι
500 2749 599 2784 μᾶλλον
609 2750 664 2780 τοῖς
675 2748 810 2783 δεομένοις
822 2747 891 2774 κατὰ

99 2797 164 2824 νοῦν
180 2796 326 2830 ὁσιώτερον
342 2795 448 2830 κρίνας.
469 2795 516 2826 Ὃς
532 2795 629 2821 αὐτίκα
643 2794 756 2828 πληγεὶς
770 2793 821 2819 ὑπὸ
834 2793 891 2819 δαί-

101 2853 185 2881 μονος
202 2841 320 2878 πονηροῦ
333 2863 340 2876 ,
357 2841 407 2876 τῆς
429 2841 558 2876 ἀνηκοΐας
575 2840 675 2874 ὲτρύγα
692 2839 725 2866 τὰ
742 2839 892 2874 πικρότατα

938 2293 982 2324 iis,
1000 2291 1046 2327 qui
1068 2294 1133 2317 tunc
1152 2289 1189 2316 ibi
1209 2289 1339 2323 aderant,
1364 2289 1527 2323 mandabat,
1547 2299 1580 2320 ne
1602 2294 1723 2328 pretioso

937 2345 999 2365 cum
1012 2336 1174 2364 vestimento
1188 2343 1290 2371 corpus
1305 2343 1384 2362 suum
1399 2337 1557 2371 sepelirent.
1576 2337 1610 2365 Et
1623 2340 1646 2367 si
1661 2341 1723 2376 quis

938 2382 1073 2409 amantior
1088 2381 1173 2416 patris
1191 2380 1245 2407 tale
1259 2380 1400 2415 quidpiam
1418 2382 1580 2417 cogitasset,
1595 2388 1643 2412 aut
1655 2393 1724 2420 pra:-

936 2431 1072 2464 parasset,
1086 2426 1113 2453 id
1129 2433 1163 2453 ne
1175 2429 1380 2460 exsequeretur.
1396 2425 1444 2453 sed
1455 2427 1570 2454 consilio
1584 2428 1611 2455 in
1627 2430 1724 2457 melius

937 2476 1123 2503 commutato,
1149 2471 1202 2498 hoc
1226 2470 1316 2505 ipsum
1341 2470 1413 2505 quod
1439 2472 1586 2506 sepulturae
1603 2473 1725 2500 cohone-

938 2518 1043 2546 standa
1060 2517 1248 2549 decrevisset,
1264 2516 1432 2551 pauperibus
1446 2516 1641 2552 impertiretur.
1655 2519 1723 2546 Cum

939 2565 1022 2599 igitur
1033 2571 1103 2591 unus
1118 2570 1213 2590 eorum
1229 2562 1275 2596 qui
1294 2562 1424 2593 aderant.
1440 2563 1583 2597 praecipuae
1595 2564 1724 2591 nobilita-

939 2610 976 2638 tis
992 2611 1044 2642 vir,
1063 2609 1153 2644 magni
1175 2615 1240 2635 sane
1265 2608 1346 2642 pretii
1368 2608 1560 2635 vestimentum
1583 2614 1723 2643 parasset,

940 2663 995 2690 quo
1016 2655 1104 2682 sancti
1121 2654 1195 2681 senis
1212 2661 1313 2688 corpus
1327 2653 1456 2679 amictum
1474 2654 1620 2688 sepulturae
1635 2655 1726 2682 trade-

939 2705 992 2733 ret.
1008 2701 1194 2735 increpatione
1209 2699 1281 2726 illius
1297 2699 1389 2726 audita
1403 2698 1500 2732 doluit,
1512 2704 1538 2726 et
1551 2700 1650 2728 melius
1665 2708 1726 2728 esse

942 2747 1033 2774 animo
1048 2750 1189 2780 reputans,
1208 2745 1230 2772 si
1254 2748 1358 2771 tantum
1377 2744 1467 2779 stipis,
1488 2749 1620 2779 quantum
1641 2745 1726 2773 vestis

942 2793 1118 2823 constiterat,
1139 2790 1199 2824 ejus
1221 2790 1281 2816 loco
1297 2789 1482 2824 indigentibus
1494 2790 1587 2822 daret,
1601 2795 1724 2826 paratum

943 2839 1134 2866 vestimentum
1156 2835 1323 2871 pauperibus
1347 2836 1456 2872 elargiri
1483 2836 1599 2865 distulit.
1624 2837 1726 2871 Quam-
