1912 3082
82 103 136 130 8ί9

581 107 622 135 DE
650 109 731 136 VITA
751 109 779 136 S.
799 109 925 136 PATRIS
947 109 1096 138 ΕΡΗΙΜΕΜ
1118 110 1204 138 SYRI.

1660 109 1713 138 S30

83 161 130 187 τοῦ
146 161 342 196 ἐπαινουμένου
369 163 512 199 βαδίζων),
531 165 597 201 πρὸς
616 167 709 202 ὄνησιν
725 168 752 194 δὲ
774 168 872 203 μᾶλλον

926 173 1005 203 queat
1021 169 1135 203 gloriam
1167 168 1274 199 oratio.
1304 175 1364 202 quze
1389 167 1489 194 laudati
1516 166 1618 194 meritis
1632 167 1712 202 plane

83 207 139 233 τῶν
151 207 259 239 ζώντων
271 216 277 222 ·
294 209 334 234 ὅτι
349 210 463 246 μεγίστη
478 213 534 244 τοῖς
548 212 654 243 πολλοῖς
668 213 713 239 ἐπὶ
726 213 759 239 τὰ
775 213 872 248 βελτίω

85 253 257 288 παράκλησίς
267 263 295 280 τε
312 255 359 281 καὶ
375 257 524 292 προτροπὴ,
549 258 566 293 ἡ
577 258 630 285 τῶν
644 258 753 293 ἀγαθῶν
766 259 873 295 ἀνδρῶν

85 298 216 333 εὐφημία.
244 299 368 334 Ἐκίνησε
385 301 412 327 δὲ
434 302 501 337 πρὸς
520 303 632 335 τούτους
653 305 726 339 ἡμᾶς
752 306 814 336 τοὺς
829 305 874 331 λό-

85 352 150 377 γους
167 347 212 371 καὶ
229 346 377 380 τολμητίας
390 348 548 382 εἰργάσατο,
566 349 651 376 πολλὰ
670 351 719 385 μὲν
733 351 780 377 καὶ
795 351 872 378 ἄλλα.

92 388 145 414 Ἐὦ
159 389 213 426 γὰρ
228 390 282 424 ἐγὼ
300 391 334 417 τὰ
350 392 475 428 πολυειδῆ
490 395 697 430 προτερήματα,
717 395 764 422 καὶ
782 396 812 423 τὸ
826 395 872 423 τοῦ

87 435 146 469 βίου
163 435 210 462 καὶ
224 436 302 470 λόγου
319 437 414 473 κόσμῳ
436 440 515 466 παντὶ
528 440 687 476 διαλάλητον
698 450 705 457 ·
728 441 830 469 τούτων
844 442 874 469 δὲ

87 481 167 508 πλέον
185 483 200 517 ή
216 482 359 518 θαυμαστή
383 493 428 511 σου
446 486 600 518 ἐπιστασία,
625 488 671 514 καὶ
685 488 874 523 ἀπολύτρωσις

85 527 102 560 ἡ
117 527 155 558 εἰς
172 527 216 553 τὸν
241 529 282 554 σοὶ
301 530 482 564 γεγενημένον
502 531 657 567 ὁμώνυμον,
678 533 724 560 τὸν
742 533 790 560 καὶ
805 532 874 568 πρὸς

85 573 197 604 τούτους
217 574 290 608 ἡμᾶς
306 575 491 603 ἀποδύσασθαι
510 578 572 609 τοὺς
594 579 702 612 ἀγῶνας
719 579 873 615 προτρεψά-

88 626 178 652 μενον,
198 618 226 650 ὃς
243 619 294 646 ὑπὸ
309 620 454 657 βαρϐάρων
475 623 594 657 ἐκγόνων
611 624 658 651 τοῦ
671 625 783 660 Ἱσμαὴλ
800 625 874 660 δορυ-

85 662 189 693 άλωτος
200 663 343 698 ἀπαχθεὶς,
354 666 400 692 καὶ
410 667 459 702 τῆς
467 667 650 702 ἐνεγκαμένης
659 669 689 696 οὐ
703 670 800 705 μικρὸν
812 670 873 706 χρό-

86 715 132 733 νον
149 709 302 744 χωρισθεὶς,
324 711 390 745 πρὸς
405 712 439 738 τὰ
459 713 545 739 οἰκεῖα
560 713 743 747 παλινοστῶν,
764 715 874 751 καὶτῆς

85 753 147 779 (ἱδοῦ
163 754 211 790 τὴν
224 755 390 784 λυσιτέλειαν
408 758 514 792 ἀγνοῶν
524 779 530 790 ,
555 758 606 794 τῆς
625 760 674 795 σῆς
689 758 767 796 ἔτυχε
783 769 873 796 παρα-

84 798 163 830 δόξου
179 800 349 832 ἐπιστασίας,
373 803 420 828 καὶ
446 803 495 838 τὴν
518 804 577 831 ὁδὸν
594 805 719 841 ἐδιδάχθη
741 805 790 841 τὴν
806 806 872 841 πρὸς

84 844 215 872 διάσωσιν
226 847 326 882 μᾶλλον
340 849 505 884 ἐπιτηδείαν,
514 852 560 877 καὶ
578 850 624 878 τοῦ
643 852 746 878 σκοποῦ
758 852 796 883 ὡς
807 852 858 887 ὰλη
864 863 878 872 -'
890 839 909 866 Β

86 890 143 922 Οῶς
156 891 186 917 οὑ
200 891 332 928 διήμαρτε
342 913 349 920 .
370 894 424 920 Ναὶ
440 895 493 930 μὴν
510 896 556 922 καὶ
568 897 607 927 είς
624 897 689 923 αὐτὸ
704 897 874 933 καταντήσας

85 936 141 962 τῶν
157 937 284 965 κινδύνων
297 938 327 965 τὸ
339 939 430 974 ἄκρον,
443 941 489 966 καὶ
501 941 612 968 θάνατον
622 942 806 978 ἐκδεχόμενος,
822 943 874 969 ὑπὸ

85 983 220 1018 ἐπηρείας
232 984 300 1011 κατᾶ
309 985 358 1019 τὴν
367 986 426 1012 ὁδὸν
437 987 605 1023 βαρϐαρικῆς
613 988 770 1020 στενωοεὶς,
783 988 819 1018 ὡς
831 989 874 1024 p.4—

85 1037 132 1054 νον
143 1029 191 1064 τῆς
205 1030 254 1064 σῆς
267 1031 424 1066 ἐπεμνήσθη
439 1033 635 1068 προσηγορίας,
647 1034 781 1060 ἐπειπών·
797 1035 873 1068 ’Ἃγιε

91 1074 224 1110 Ἐφραῖμ,
241 1074 332 1110 βοήθει
350 1085 406 1112 μοι.
425 1078 480 1104 Καὶ
491 1077 540 1113 τὴν
554 1078 657 1114 πλάνην
673 1079 727 1106 τῶν
745 1079 874 1106 κινδύνων

84 1120 213 1153 ὰὸλαὸὦς
224 1121 343 1158 ὑπερέϐη
353 1142 360 1153 ,
383 1123 430 1150 καὶ
446 1123 492 1150 τοῦ
510 1124 592 1158 φὸὖου
607 1125 809 1160 κατεφρόνησε,
827 1125 874 1152 καὶ

85 1167 224 1201 σωτηρίας
239 1168 309 1203 ὑπὲρ
324 1167 385 1195 νοῦν
396 1169 537 1204 τετύχηκε,
557 1171 605 1197 καὶ
620 1171 652 1206 τῇ
677 1170 787 1206 πατρίδι
808 1172 874 1207 παρ’

84 1213 183 1239 ἐλπίδα
203 1213 256 1240 ὑπὸ
276 1214 324 1249 τῆς
349 1215 399 1249 σῆς
432 1215 558 1250 προνοίας
581 1217 783 1252 φρουρούμενος
812 1217 875 1244 ἀπο-

83 1258 203 1285 δέδοται.
233 1258 283 1286 Διὰ
306 1260 398 1291 τοῦτο,
428 1262 468 1293 εἰς
484 1261 519 1288 τὰ
534 1262 722 1298 προειρημένα
737 1264 874 1299 προτεῖναι

84 1303 303 1339 ἐκτατικώτερον
318 1303 517 1341 ἐτολμήσαμεν,
544 1307 591 1334 καὶ
610 1307 665 1333 τῶν
690 1307 808 1335 ἐπαίνων
828 1309 875 1343 ἐφ-

85 1348 209 1382 άψασθαι
233 1349 399 1386 ἀκαθάρτοις
421 1351 608 1387 ἐτολμήσαμεν
623 1353 749 1388 χείλεσιν.
775 1353 830 1380 Καὶ
850 1355 875 1380 εἰ

86 1393 140 1427 μὲν
151 1393 226 1429 παρὰ
240 1395 307 1421 πολὺ
325 1396 372 1422 τοῦ
392 1395 497 1428 δέοντος
510 1397 627 1432 ἤλθομεν
645 1397 674 1424 ὲν
700 1398 757 1429 τοῖς
776 1396 873 1432 λόγοις,

84 1438 174 1464 αἴτιον
189 1439 218 1465 σὲ
241 1441 402 1476 γεγενῆσθαι
420 1442 470 1477 τῆς
490 1442 632 1477 ὲπιτυχῖας
654 1442 874 1479 στηλογραᾳήσο-

87 1492 151 1518 μεν,
176 1485 222 1511 καὶ
238 1486 280 1512 σοὶ
297 1487 346 1522 τὴν
371 1488 451 1523 χάριν
472 1488 683 1524 ὁμολογήσομεν.
715 1489 785 1516 Eiet
801 1490 875 1525 παρᾶ

85 1527 158 1553 πολὺ
173 1529 223 1563 τῆς
241 1529 319 1562 ἀξίας
335 1532 358 1557 οἱ
376 1531 491 1565 ἔπαινοι,
515 1533 562 1559 καὶ
585 1532 671 1565 οὕτως
694 1533 774 1560 πάλιν
791 1535 876 1562 αἴτιον

85 1572 119 1599 σὲ
146 1573 195 1608 τῆς
225 1575 374 1611 ἀποτυχίας
396 1578 627 1613 καταιτιασόμεθα
641 1599 648 1610 ,
674 1579 725 1605 κᾶν
743 1578 877 1615 τολμηρός

85 1627 150 1650 πως
165 1619 180 1644 ὁ
197 1619 283 1654 λόγος.
314 1622 349 1648 Σὺ
367 1622 420 1658 γὰρ
434 1622 545 1657 φεύγειν
561 1624 623 1655 τοὺς
644 1624 769 1657 ἐπαίνους
786 1623 876 1659 βουλό-

86 1672 184 1700 μενος,
208 1666 254 1693 καὶ
266 1667 304 1698 ὡς
327 1667 380 1700 ζῶν
400 1669 430 1696 ἐν
449 1669 511 1704 βίῳ,
532 1669 604 1696 οὕτω
617 1670 664 1696 καὶ
685 1671 821 1704 μεταστὰς
833 1679 878 1697 ται

85 1712 278 1745 πεινοφρονεῖν
299 1711 499 1747 ἀσπαζόμενος,
525 1715 737 1749 παρεμποδίζεις
749 1715 812 1747 τοὺς
829 1715 874 1750 ὲγ-

85 1756 242 1789 κωμιάζειν
256 1766 285 1784 σε
297 1758 430 1791 Θέλοντας.
449 1759 520 1795 Πλὴν
531 1759 580 1786 κᾶν
593 1767 623 1786 τε
636 1760 723 1791 τοῦτο,
740 1760 791 1788 κᾶν
804 1769 833 1788 τε
847 1762 877 1788 τὸ

85 1801 144 1836 πρὸ
157 1802 262 1835 αὐτῶν,
284 1805 366 1839 ἡμεῖς
382 1805 411 1831 τὸ
430 1806 518 1840 χρέος,
544 1806 606 1832 ὅσον
622 1806 662 1837 εἰς
685 1805 814 1841 δύναμιν,
828 1805 878 1841 ἀφ-

85 1847 249 1883 οσιούμεθα.
278 1851 325 1875 καὶ
345 1851 517 1885 πιστεύομεν,
539 1851 578 1883 ὡς
601 1851 654 1878 οὐδ’
679 1851 878 1888 ἁποστραφήσῃ

85 1894 168 1928 ἡμᾶς
190 1894 253 1926 τοὺς
274 1895 390 1931 θερμοὺς
413 1896 617 1933 φιλοπάτοραςι
645 1897 702 1924 ἀλλ’
716 1897 754 1928 ὡς
777 1896 879 1924 παίδων

85 1939 228 1975 προσφιλῆ
248 1940 355 1974 γονεῦσι
375 1940 440 1977 δέξῃ
453 1941 634 1978 ψελλίσματα.
659 1942 696 1970 Σὺ
717 1942 745 1969 δὲ
761 1943 799 1978 τῷ
815 1942 879 1978 Θείῳ

84 1985 296 2020 παριστάμενος
321 1986 520 2024 Θυσιαστηρίῳ,
545 1988 593 2014 καὶ
612 1989 645 2023 τῇ
667 1987 808 2023 ζωαρχικῇ
834 1987 879 2014 καὶ

85 2030 233 2065 ὑπερατίᾳ
250 2031 413 2066 λειτουργῶν
428 2033 476 2059 σὺν
488 2033 615 2067 ἀγγέλοις
626 2033 722 2068 Τριὰδι
733 2054 740 2065 ,
756 2032 880 2068 μέμνησο

85 2075 203 2102 πάντων
217 2076 305 2110 ἡμῶν,
314 2076 470 2111 αἰτούμενος
480 2079 547 2112 ἡμῖν
555 2078 664 2113 ἁμαρτη
670 2077 761 2112 μάτων
770 2077 878 2110 ἄφεσιν,

84 2120 204 2147 αἰωνίου
219 2129 247 2148 τε
265 2121 402 2156 βασιλείας
424 2122 590 2155 ἀπόλαυσιν,
607 2123 636 2149 ὲν
656 2123 766 2157 Χριστῷ
792 2121 878 2156 Ἰησοῦ

925 215 1096 248 Superatur?
1119 213 1218 242 Verum
1237 219 1349 248 propter
1369 213 1517 239 viventium
1537 213 1626 247 potius
1640 213 1712 240 utili-

925 263 1006 284 tatem
1022 266 1030 289 ;
1047 265 1111 284 nam
1133 258 1267 285 bonorum
1293 264 1374 291 atque
1400 257 1618 291 praestantiorum
1637 257 1710 284 viro-

924 310 984 329 rum
1004 303 1140 332 encomia.
1159 302 1305 329 maximam
1331 301 1469 336 plerisque
1496 302 1710 328 consolationem

923 353 950 375 et
966 347 1182 375 coltortationem
1210 347 1244 374 ad
1272 347 1384 374 meliora
1398 346 1526 374 al‘l‘erunt.
1544 346 1619 374 llauc
1647 355 1711 373 vero

924 393 1051 420 laudandi
1072 393 1242 428 previneiam
1259 393 1378 420 alacrtus
1392 392 1573 427 suscepimus,
1590 399 1652 418 cum
1670 399 1711 417 va-

924 439 972 467 riis
985 439 1047 467 aliis
1063 439 1173 466 adducti
1192 438 1362 467 rationibus.
1378 441 1474 472 prreter
1491 437 1551 465 vita:
1565 437 1710 464 dertritue-

923 492 976 518 qtte
989 488 1043 511 tua:
1058 483 1157 510 fatuam
1171 487 1227 510 toto
1249 487 1383 510 terrarum
1402 483 1469 510 orbe
1483 482 1687 510 celeberrimam
1702 491 1709 515 ;

923 534 981 557 tum
997 538 1062 557 cura
1083 530 1129 557 illa
1144 551 1152 562 ,
1175 537 1257 564 quam
1273 529 1301 556 itt
1324 529 1434 556 homine
1446 528 1567 563 ejusdem
1594 528 1711 554 nominis

924 575 1066 602 liberaudo
1084 574 1244 602 adhibuisti.
1274 574 1322 601 Ille
1342 573 1478 608 siquidem
1511 581 1561 600 ttos
1587 573 1620 599 ad
1646 573 1711 599 suit.-

924 621 1043 648 euntlunt
1064 621 1117 648 hoc
1130 628 1201 648 onus
1214 621 1331 655 impulit,
1349 620 1395 654 qui
1413 627 1427 645 :t
1445 619 1563 654 posteris
1579 618 1672 646 lsmael
1684 618 1710 644 itt

924 668 995 695 bello
1010 671 1117 702 captus,
1134 672 1161 695 et
1177 667 1286 702 longius
1303 674 1317 693 a
1341 666 1428 701 patria
1450 665 1495 692 diu
1513 668 1710 696 commoratus,

923 721 984 740 cum
995 713 1051 748 jam
1065 713 1098 740 ad
1112 721 1173 741 eatn
1194 713 1284 740 redire
1302 711 1479 743 desideraret,
1497 711 1623 745 viamque
1637 717 1712 736 cetu-

924 759 1031 787 tnodam
1046 759 1194 794 ignoraret,
1213 757 1346 793 singulari
1370 765 1421 791 ope
1445 761 1490 783 tua
1505 761 1593 790 aptam
1617 755 1649 781 ad
1666 762 1709 781 sa-

925 805 1007 832 lutent
1024 804 1158 831 rationettt
1174 803 1290 836 invenit,
1306 806 1334 830 et
1353 802 1424 837 quod
1446 801 1493 829 ditt
1505 800 1710 834 concupiverat,

925 850 1038 885 adeptus
1054 854 1106 878 est.
1124 850 1191 877 Cum
1207 849 1279 876 enim
1310 849 1338 875 itt
1362 848 1510 874 maximum
1532 846 1593 872 vita:
1615 844 1712 872 discri-

925 904 986 924 uten
1000 896 1134 923 adductus
1147 900 1220 923 esset
1242 894 1331 930 (quod
1346 901 1442 921 omnes
1465 893 1514 919 via:
1532 892 1710 919 barbarorum

925 942 1079 970 interclusa:
1095 942 1182 976 copiis
1197 941 1385 974 tenerentur),
1404 945 1430 967 te
1446 939 1555 966 nomine
1580 937 1713 963 duntaxat

925 988 1071 1020 invocavit,
1092 988 1186 1015 dicens
1199 995 1206 1014 :
1219 986 1318 1014 Sancte
1333 985 1468 1021 Ephrtem,
1483 990 1612 1012 succurre
1633 982 1709 1014 ntilt‘t,

926 1034 1025 1069 Sicque
1042 1038 1100 1060 tttto
1120 1033 1303 1067 periculorum
1320 1032 1432 1066 laqueos
1449 1029 1546 1060 evasit.
1565 1035 1596 1054 ac
1614 1026 1712 1054 mottis

926 1086 1025 1108 nte'uttt
1051 1080 1178 1115 neglexit,
1199 1079 1425 1114 inopinatumque
1448 1079 1613 1103 eousrcutus
1639 1073 1713 1100 salu-

926 1131 989 1158 tem,
1010 1125 1104 1161 patria:
1119 1129 1166 1152 tuo
1179 1124 1301 1151 munitus
1320 1122 1448 1158 praesidio
1463 1125 1560 1156 ιιι-αξιοι·
1575 1127 1649 1154 spent
1671 1121 1714 1145 est

925 1172 1077 1200 resxitttttts.
1095 1171 1185 1204 Quare
1207 1170 1241 1197 ad
1260 1169 1312 1197 ista
1331 1168 1496 1200 enarranda,
1519 1166 1649 1193 audacius
1666 1173 1713 1198 ag—

925 1219 1030 1254 gressi,
1048 1217 1142 1245 laudes
1172 1221 1233 1244 tuas
1258 1215 1374 1252 impuris
1395 1215 1527 1249 attingere
1546 1213 1626 1239 laltiis
1658 1219 1712 1238 non

925 1274 1021 1294 sumus
1039 1264 1128 1292 veriti.
1154 1264 1213 1296 Qua
1225 1262 1335 1298 quidem
1353 1261 1380 1289 in
1399 1270 1427 1289 re
1440 1281 1447 1291 .
1470 1261 1492 1287 si
1509 1259 1574 1294 qttid
1593 1253 1714 1294 profere-

926 1312 1022 1343 rimtts,
1043 1308 1068 1338 id
1087 1315 1133 1337 tuo
1151 1318 1201 1337 nos
1227 1313 1371 1337 assecutus
1387 1307 1489 1335 auxilio
1507 1305 1664 1333 fatebimur,
1681 1303 1713 1327 ti-

925 1357 1008 1392 bique
1020 1358 1160 1391 acceptum
1187 1355 1315 1382 feremus.
1339 1352 1387 1380 Sin
1417 1359 1481 1379 vero
1506 1355 1553 1377 tua
1583 1348 1714 1383 dignitan

926 1403 1013 1430 multo
1032 1401 1176 1429 inferiores
1195 1399 1250 1427 sint
1264 1402 1364 1426 nostra:
1382 1395 1552 1424 laudationes
1570 1415 1577 1427 ,
1599 1397 1626 1420 te
1646 1400 1714 1427 qun-

926 1457 979 1484 qttc
997 1448 1077 1483 (licet
1102 1446 1172 1474 forte
1187 1445 1318 1473 audacius
1331 1445 1384 1471 hoc
1403 1443 1506 1470 dictum
1526 1441 1670 1473 videatur)
1687 1439 1713 1466 in

928 1501 1012 1522 causa
1029 1493 1115 1520 fuisse
1132 1491 1266 1523 dicemus,
1283 1491 1329 1526 qui
1346 1494 1373 1518 et
1385 1490 1480 1517 vivens
1493 1507 1500 1520 ,
1514 1492 1542 1515 et
1556 1487 1713 1517 defunctus,

929 1538 1059 1566 modestia
1075 1536 1291 1572 Itumilitatisqne
1306 1535 1397 1564 studio
1409 1554 1416 1567 ,
1435 1538 1461 1562 te
1482 1533 1639 1561 collaudare
1666 1539 1713 1558 cu-

927 1585 1032 1619 pientes
1052 1583 1177 1619 itnpedis.
1200 1580 1413 1613 Verumtamen,
1431 1581 1488 1608 sive
1505 1577 1579 1606 istud
1592 1578 1638 1610 sit,
1657 1577 1715 1604 sive

928 1629 1010 1662 illttd,
1027 1637 1076 1657 nos
1099 1633 1231 1664 quantum
1257 1628 1379 1655 tulerunt
1391 1626 1464 1653 vires
1477 1645 1484 1657 ,
1506 1623 1614 1660 pictatis
1627 1622 1715 1650 ollicio

927 1675 1111 1705 satisfecitnus
1125 1684 1131 1702 :
1147 1681 1228 1709 teque
1247 1674 1300 1701 hoc
1314 1675 1402 1707 ipsunt
1420 1671 1531 1699 miniutc
1552 1669 1630 1697 nobis
1652 1676 1716 1696 suc-

928 1730 1087 1753 censurum,
1110 1728 1197 1755 neque
1217 1719 1255 1746 tui
1271 1717 1478 1745 amantissimos
1500 1719 1689 1743 aversaturtttu
1705 1722 1721 1749 ;_

928 1774 1022 1795 verunt
1038 1774 1113 1802 :rquo
1124 1765 1310 1799 benevoloqne
1326 1763 1418 1791 animo
1434 1762 1549 1789 ﬁliorum
1563 1759 1716 1787 balbutien-

928 1814 996 1840 titut't
1017 1812 1112 1840 laudes
1135 1811 1341 1842 admissurum,
1372 1805 1544 1836 conﬁdimus.
1568 1804 1607 1832 Tu
1626 1810 1715 1831 autent

928 1858 1021 1886 divino
1035 1857 1091 1893 jam
1116 1857 1250 1885 assistens
1273 1855 1369 1888 altari,
1393 1855 1509 1888 vitaeque
1526 1851 1641 1888 principi
1658 1870 1666 1883 ,
1683 1859 1716 1878 ac

930 1904 1110 1933 sanctissimae
1123 1910 1177 1930 una
1200 1910 1262 1930 cum
1278 1901 1381 1937 angelis
1398 1899 1558 1927 sacriﬁcans
1573 1896 1715 1928 Trinitati.

929 1950 1052 1977 omnium
1086 1951 1210 1976 nostrum
1248 1947 1426 1977 ntetnineris,
1446 1945 1607 1978 veniamque
1636 1942 1716 1970 nobis

929 2000 1103 2031 peccatorum
1119 1994 1234 2028 impetra
1248 2002 1254 2020 :
1268 1996 1297 2020 ιιι
1312 1991 1478 2026 sempiterna
1495 1988 1617 2016 cmlestis
1640 1987 1715 2022 regni

929 2041 1098 2069 beatitudine
1123 2038 1225 2075 perfrui
1242 2038 1388 2074 possimus.
1406 2036 1434 2063 ltt
1461 2036 1568 2063 Christo
1584 2034 1648 2061 Jesu
1667 2033 1717 2059 Do-

931 2086 1005 2113 mino
1018 2088 1132 2112 nostro:
1153 2084 1198 2111 cui
1215 2083 1302 2118 gloria
1326 2089 1389 2109 eum
1412 2079 1494 2108 Patre
1519 2079 1652 2114 principio
1668 2086 1715 2106 ca-

931 2135 1018 2164 rente,
1030 2134 1057 2158 et
1088 2134 1183 2158 sancto
1211 2136 1243 2156 ac
1267 2127 1423 2155 viviﬁcante
1447 2126 1567 2161 Spiritu,
1587 2132 1660 2152 nunc
1687 2127 1718 2151 et

85 2173 129 2200 νιῳ
147 2164 244 2202 κυρίῳ
262 2167 352 2201 ἡμῶν,
377 2164 399 2201 ᾧ
415 2168 431 2202 ἠ
459 2167 521 2201 δόξα
536 2169 584 2194 σὺν
610 2168 647 2204 τῷ
668 2168 778 2203 ἀνάρχῳ
792 2168 874 2203 "arpi

935 2183 1050 2212 semper,
1066 2179 1093 2204 et
1112 2175 1138 2203 in
1154 2172 1253 2203 saacula
1275 2173 1446 2201 seculorum.
1465 2173 1560 2199 Anton.

85 2213 139 2239 καὶ
152 2213 192 2247 τῷ
207 2212 272 2248 θείῳ
286 2213 332 2240 καὶ
343 2213 467 2249 ζωοποιῴ
478 2215 626 2250 Πνεύματι,
640 2214 687 2242 νῦν
702 2214 748 2242 καὶ
758 2214 812 2248 ἀεὶ,
831 2214 877 2241 κα)⁸

83 2258 131 2290 εἰς
148 2259 214 2290 τοὺς
226 2259 326 2291 αἰῶνας
339 2259 392 2287 τῶν
407 2260 520 2288 αἰώνων.
540 2261 635 2288 'Aufw.
