1912 3082
198 107 248 136 851

208 184 919 201 m

820 105 848 132 S.
869 104 1030 132 GllEGORlI
1048 104 1194 132 NYSSENI

1269 181 1788 196 πεῖ

835 260 949 303 ΤΟΥ
997 259 1184 303 ΑΥΤΟΥ

648 355 1067 415 ΕΠΙΤΑΦΙΟΣ
1124 352 1388 413 ΛΟΓΟΣ

842 463 868 489 Μ
873 461 1020 489 ΕΛΕΤΙΟΝ

517 465 572 494 ΕΙΣ
597 464 666 492 ΤυΝ
692 463 810 492 ΜΕΓΛΝ

1048 462 1249 489 ΕΠΙΣΚΟΠΟΝ
1284 461 1492 488 ΔΝἸΊΟΧΕΙΔΣ

883 606 1148 651 EJUSDEM

686 713 953 772 ORATIO
1001 708 1350 770 FUNEBRIS

598 825 631 856 IN
647 824 794 856 HAGNUM
814 825 993 854 MELETIUM
1012 825 1207 854 EPISCOPUM
1223 825 1432 854 ANTIOCIlle.

827 905 920 931 Eodem
933 906 1042 937 Sipbano
1054 906 1204 938 interprete.

245 1066 327 1094 Auxit
350 1067 428 1094 nobis
457 1074 599 1094 numerum
615 1067 798 1100 apostolorum
821 1075 908 1095 novus
929 1074 995 1103 apo—

1081 1068 1206 1103 Ηῦξησεν
1224 1069 1289 1103 ἡμῖν
1303 1068 1349 1094 τὸν
1369 1067 1484 1102 ἀριθμὸν
1499 1067 1554 1093 τῶν
1575 1066 1739 1093 ἁποπτὸλων
1755 1067 1771 1093 ὁ
1784 1067 1842 1097 νέος

210 1113 307 1142 slolus.
333 1113 379 1148 qui
394 1116 540 1147 cooptatus
552 1117 595 1140 est
620 1113 645 1139 in
661 1113 784 1140 ordinem
799 1114 994 1148 apostolorum.

211 1156 364 1185 Trarernnt
378 1158 450 1185 enim
465 1158 553 1185 sancti
570 1158 603 1185 ad
619 1165 649 1185 se
663 1159 797 1189 moribus,
810 1160 995 1191 consimilem;

211 1204 349 1237 athletam,
365 1204 489 1237 athletae;
501 1208 673 1238 coronatum,
684 1205 806 1232 coronati
819 1213 827 1238 ;
839 1205 928 1232 animo
936 1213 998 1232 cas-

212 1253 285 1281 tum,
305 1249 387 1277 corde
405 1250 486 1284 puri;
507 1257 660 1284 praeconem
689 1251 825 1279 sermonis
840 1272 848 1285 ,
878 1251 997 1278 ministri

211 1295 356 1322 sermonis.
374 1294 474 1323 Verum
503 1300 580 1332 pater
600 1296 709 1331 quidem
737 1300 830 1325 noster
853 1297 997 1333 apostolici

210 1340 393 1373 contubernii.
413 1345 441 1369 et
454 1341 489 1369 ad
515 1341 655 1370 Christum
677 1343 854 1370 resolutionis
885 1343 998 1371 nomine

210 1386 306 1414 beatus
321 1386 463 1415 habendus
473 1391 531 1416 est:
545 1395 595 1416 nos
610 1395 675 1415 vero
689 1388 872 1417 miserabiles.
888 1388 997 1416 Orbitas

209 1432 283 1459 enim
307 1437 471 1467 praematura
492 1441 547 1461 non
566 1434 643 1467 sinit,
662 1439 692 1462 ut
714 1442 748 1463 eo
768 1435 880 1462 nomine
903 1435 998 1463 beatos

211 1475 261 1504 nos
278 1477 412 1511 dicamus,
433 1479 505 1514 quod
518 1484 573 1506 tam
587 1479 690 1507 bonum
703 1484 730 1508 et
750 1480 924 1508 commodum
948 1489 998 1516 pa-

211 1527 280 1550 trem
295 1524 368 1551 nacti
384 1532 495 1552 eramus
505 1545 513 1552 .
539 1525 582 1552 Illi
598 1526 698 1554 melius
714 1530 774 1553 erat
790 1534 838 1561 per
852 1527 999 1555 resolutio-

211 1576 272 1596 nem
289 1577 350 1597 esse
364 1576 427 1597 cum
446 1570 557 1598 Christo
573 1579 580 1598 :
598 1574 626 1598 at
642 1571 723 1599 nobis
741 1572 871 1599 acerbum
891 1576 918 1600 et
938 1580 1000 1600 mo-

211 1614 309 1642 lestnm
340 1619 456 1650 paterno
494 1616 623 1651 praesidio
658 1617 865 1653 patrociniOque
892 1625 997 1646 carere.

211 1657 282 1686 Ecce
297 1660 369 1686 enim
384 1664 492 1695 tempus
509 1662 619 1690 consilii
635 1667 678 1690 est
691 1682 698 1694 .
714 1667 742 1691 et
770 1664 916 1692 consilium
933 1665 999 1692 dare

212 1705 311 1732 solitus
327 1710 409 1733 tacet.
427 1706 531 1734 Bellum
549 1715 600 1735 nos
616 1708 797 1743 circumstat,
824 1711 926 1738 bellum
943 1710 997 1739 lite-

1045 1115 1202 1147 ἀπόστολος,
1215 1115 1229 1140 ὁ
1243 1113 1512 1148 συγχαταψηφισθεὶς
1524 1113 1592 1148 μετὰ
1607 1113 1662 1138 τῶν
1668 1111 1839 1138 ἀποστόλων,

1046 1162 1181 1188 Εἰλκυσαν
1195 1161 1249 1196 γὰρ
1267 1162 1292 1187 οἱ
1313 1163 1384 1195 ἆγιοι
1397 1160 1465 1196 πρὸς
1479 1161 1592 1191 ἑαυτοὺς
1608 1159 1654 1185 τὸν
1672 1159 1814 1194 ὁμότροπν)
1832 1178 1838 1187 ,

1046 1207 1089 1234 τὸν
1105 1207 1220 1243 ἀθλητὴν
1232 1207 1277 1233 τὸν
1292 1206 1452 1241 στεφανίτην
1471 1207 1495 1233 οἱ
1511 1207 1680 1240 στεφανῖται,
1695 1205 1743 1232 τὸν
1759 1204 1840 1238 ἁγνὸν

1045 1253 1071 1279 οί
1085 1253 1209 1287 domui,
1228 1253 1260 1286 τῇ
1270 1251 1343 1286 ψυχῇ
1355 1251 1381 1278 οἱ
1391 1251 1504 1286 καθαροὶ
1513 1252 1545 1286 τῇ
1555 1249 1718 1286 καρδία,τδν
1729 1250 1839 1283 κήρυκα

1046 1298 1093 1325 τοῦ
1102 1299 1180 1332 λόγου
1188 1299 1213 1324 οι
1221 1298 1354 1333 ὑπηρέται
1362 1297 1409 1324 τοῦ
1418 1297 1507 1331 λόγου.
1516 1296 1596 1323 Ἀλλὰ
1605 1296 1777 1332 μακαριστὸς
1790 1295 1840 1330 μὲν

1046 1343 1061 1369 ὁ
1068 1343 1162 1378 Πατὴρ
1173 1341 1262 1377 ήμῶν,
1270 1341 1320 1376 τῆς
1327 1349 1357 1368 τε
1369 1342 1549 1376 ἅποστολικῆς
1558 1341 1716 1376 συσκηνίας,
1733 1339 1840 1373 καὶτῆς

1047 1389 1115 1424 πρὸς
1129 1388 1174 1415 τὸν
1189 1387 1306 1423 Χριστὸν
1320 1387 1476 1418 ἀναλύσεως
1487 1395 1495 1402 ο
1517 1387 1629 1413 ὲλεεινοὶ
1642 1386 1671 1412 δὲ
1681 1387 1776 1421 ἡμεῖς.
1802 1384 1838 1410 Οὐ

1047 1435 1102 1470 γὰρ
1115 1434 1148 1469 ὲᾷ
1161 1433 1323 1469 μακαρίζειν
1339 1433 1413 1468 ἡμᾶς
1431 1432 1477 1459 τοῦ
1496 1432 1602 1468 Πατρὸς
1614 1432 1663 1467 τὴν
1675 1431 1839 1466 εὐκληρίαν,

1047 1481 1065 1515 ἡ
1076 1480 1164 1516 ἁωρία
1181 1480 1231 1513 τῆς
1255 1478 1396 1513 ὀρφανίας.
1422 1478 1533 1513 Ἐκείνῳ
1554 1479 1676 1514 κρεῖττον
1690 1475 1726 1512 ἦν
1742 1477 1774 1503 τὸ
1792 1476 1840 1502 σὺν

1047 1525 1158 1561 Χριστῷ
1171 1523 1239 1551 εἶναι
1255 1525 1299 1551 διὰ
1317 1525 1365 1560 τῆς
1385 1524 1551 1557 ἀναλύσεως,
1567 1525 1625 1552 ἀλλ’
1641 1525 1707 1560 ἡμῖν
1718 1523 1841 1558 χαλεπὸν

1047 1571 1078 1597 τὸ
1093 1570 1283 1606 διαζευχθῆναι
1295 1570 1344 1604 τῆς
1359 1570 1494 1605 πατρικῆς
1505 1569 1682 1605 προστασίας.
1702 1568 1770 1594 Ἰδοὺ
1785 1567 1841 1602 γὰρ

1049 1616 1147 1652 βουλῆς
1171 1616 1279 1651 καιρὸς,
1295 1615 1343 1642 καὶ
1362 1616 1377 1642 ὁ
1398 1615 1587 1651 ωμὸουλεύων
1610 1615 1684 1650 σιγᾷ.
1714 1614 1841 1649 Πόλεμος

1049 1663 1123 1698 ἡμᾶς
1146 1662 1393 1697 περιεποίχισται,
1421 1662 1538 1697 πόλεμος
1559 1661 1695 1696 αἱρετικός
1711 1668 1719 1675 ⁸
1751 1659 1801 1686 καὶ
1827 1660 1842 1684 ό

1051 1705 1209 1744 στρατηγῶν
1236 1708 1286 1734 οὐκ
1310 1708 1378 1734 ἔστι.
1410 1707 1518 1743 Κάμνει
1535 1708 1595 1738 ταῖς
1620 1705 1790 1742 ἀρρωστίαις
1810 1706 1841 1731 τὸ

211 1751 384 1784 reticum;et
402 1752 449 1786 qui
463 1752 559 1780 ducem
574 1760 604 1781 se
619 1754 755 1789 praebeat,
774 1742 853 1783 nobis
871 1764 924 1783 non
942 1761 995 1784 est.

1050 1742 1235 1789 κοινδνήσῶμα
1259 1754 1306 1787 τῆς
1326 1753 1504 1788 Ἐκκλησίας,
1530 1752 1577 1779 καὶ
1601 1751 1645 1778 τὸν
1674 1751 1766 1786 ἰατρὸν
1792 1750 1842 1784 οὐχ

212 1796 334 1825 Laborat
350 1797 555 1826 inﬁrmitatibus
568 1806 713 1828 commune
729 1809 829 1836 corpus
844 1802 971 1830 Ecclesiae
989 1823 997 1836 ,

212 1847 240 1870 et
256 1843 391 1870 medicum
410 1852 464 1871 non
480 1845 655 1883 invenimus.
672 1845 768 1874 Videte
785 1855 839 1882 quo
868 1848 930 1876 loco
943 1849 999 1876 sint

213 1895 258 1916 res
273 1892 386 1915 nostrae:
398 1889 602 1925 vellem,siquo
614 1891 695 1918 modo
709 1891 767 1918 lieri
782 1897 887 1927 posset,
897 1895 999 1921 conlir-

214 1937 287 1960 mata
303 1941 361 1961 mea
377 1934 516 1963 debilitate
531 1943 586 1963 una
603 1943 665 1963 cum
681 1937 871 1972 magnitudine
885 1939 999 1966 calmni-

214 1980 278 2007 tatis
289 1979 448 2011 ascendere,
461 1984 487 2007 et
504 1980 623 2016 aliquam
632 1989 758 2016 rumpere
767 1989 873 2016 vocem,
883 1991 943 2018 quae
959 1984 999 2011 in-

213 2024 358 2052 commodo
381 2024 560 2059 responderet
582 2034 589 2053 :
612 2025 844 2060 quemadmodum
872 2028 917 2054 isti
948 2028 997 2054 viri

214 2070 316 2106 egregii
344 2070 493 2102 fecerunt,
518 2071 566 2106 qui
597 2079 694 2107 magna
719 2079 786 2100 voce
815 2073 999 2101 calamitatem

214 2116 307 2143 amissi
334 2116 421 2151 patris
438 2116 659 2151 deploraverunt.
679 2116 732 2144 Sed
747 2116 812 2151 quid
832 2124 911 2152 agam
925 2118 937 2144 τ
952 2118 1000 2153 qui

216 2169 312 2196 cogam
334 2162 453 2196 linguam
467 2161 502 2188 ad
517 2161 719 2198 inserviendum
735 2163 853 2190 orationi
869 2168 999 2198 tanquam

213 2207 290 2242 gravi
311 2206 419 2234 vinculo
435 2227 443 2238 ,
475 2196 631 2234 calamitate
657 2207 815 2242 impeditam
831 2208 842 2234 ?
857 2196 1000 2241 Quomodo

214 2253 334 2286 aperiam
348 2259 378 2279 os
399 2253 586 2280 taciturnitate
615 2258 697 2288 atque
727 2254 839 2281 silentio
862 2255 1000 2289 captum?

215 2305 268 2333 qua
286 2298 391 2325 ratione
407 2306 501 2325 vocem
517 2299 640 2326 emittam
657 2299 691 2326 ad
705 2300 874 2327 calamitates
891 2305 918 2328 et
943 2301 1001 2328 luc-

215 2348 259 2371 tus
276 2352 308 2371 et
323 2344 523 2372 consuetudine
537 2344 710 2373 delabentem
725 2345 888 2380 iquomodo
916 2347 1000 2374 animi

214 2390 303 2417 oculis
319 2390 479 2424 suspiciam,
497 2390 543 2425 qui
557 2390 674 2425 caligine
696 2391 862 2420 calamitatis
878 2393 1000 2420 circum-
1014 2404 1034 2432 ο

215 2435 294 2463 fusus
323 2436 404 2463 sum?
427 2435 494 2468 Quis
509 2436 576 2463 mihi
592 2436 644 2463 hac
668 2437 753 2464 densa
772 2441 855 2472 atque
881 2439 1000 2466 obscura

216 2481 335 2510 tristitiae
364 2481 462 2508 nebula
491 2481 635 2514 discussa,
666 2490 763 2510 rursus
789 2491 823 2510 ex
853 2484 1001 2512 serenitate

216 2527 319 2554 clarum
337 2527 415 2562 pacis
432 2526 539 2554 radium
554 2527 716 2554 exhibebit?
731 2527 804 2554 unde
829 2535 894 2554 vero
907 2528 1001 2556 radius

216 2573 298 2599 etiam
314 2572 461 2606 elucescet,
475 2580 537 2600 cum
556 2573 633 2600 stella
651 2573 730 2600 nobis
743 2572 875 2600 occiderit
888 2573 900 2599 ?
912 2572 934 2600 0
943 2581 1001 2600 ma—

216 2618 269 2644 lum
284 2622 392 2645 noctem
413 2618 583 2651 obscuram,
602 2625 663 2653 qum
689 2622 778 2645 ortum
810 2618 920 2646 luminis
945 2626 999 2646 non

217 2669 308 2698 sperat
325 2664 332 2690 ι
353 2663 440 2697 Quam
458 2665 596 2691 contrario
615 2664 696 2691 modo
712 2671 726 2690 a
743 2664 820 2692 nobis
834 2664 886 2691 hoc
900 2664 961 2692 loco
972 2668 1000 2692 et

216 2717 290 2738 nunc
306 2710 389 2737 verba
404 2709 480 2742 fiunt,
496 2715 522 2737 et
537 2718 625 2745 nuper
652 2710 725 2737 facta
747 2714 810 2738 sunt
824 2710 830 2736 l
848 2710 926 2738 Tunc
940 2716 1000 2738 tan-

216 2763 298 2791 quam
317 2755 344 2782 in
361 2755 463 2791 nuptiis
485 2755 703 2791 lripudiabamus
723 2759 751 2784 et
772 2756 887 2784 choreas
914 2756 1000 2784 duce-

217 2802 332 2831 bamus:
347 2809 420 2830 nunc
436 2801 629 2829 miserabiliter
643 2801 767 2837 lugentes
784 2801 997 2837 ingemiscimus.

1048 1799 1220 1834 εὑρίσκομεν.
1243 1798 1340 1834 Ὁρᾶτε
1356 1799 1386 1824 ἐν
1400 1799 1530 1830 man-oi;
1545 1797 1580 1824 τὰ
1594 1797 1727 1832 ἡμέτερα.
1749 1796 1843 1822 Ἐϐου-

1047 1845 1133 1879 λόμην
1146 1844 1229 1875 almo;
1247 1840 1302 1870 οἷόν
1324 1852 1353 1870 τε
1370 1841 1403 1879 ἦν
1424 1843 1543 1874 τονώσας
1558 1842 1676 1878 ἐμαυτοῦ
1691 1841 1743 1876 τὴν
1759 1842 1841 1868 ὰσθέ-

1048 1898 1132 1921 νειαν,
1144 1889 1323 1931 συναναϐἦναι
1333 1889 1372 1924 τῷ
1387 1889 1462 1924 ὄγκῳ
1477 1890 1526 1924 τῆς
1546 1888 1695 1924 συμφορᾶς,
1713 1888 1761 1914 καί
1779 1895 1842 1913 τινα

1049 1936 1129 1971 ῥῆξαι
1155 1935 1246 1970 φωνὴν
1271 1935 1331 1961 κατ’
1348 1934 1427 1967 ἀξίαν
1446 1934 1493 1961 τοῦ
1518 1933 1619 1965 πάθους
1632 1941 1638 1948 ·
1668 1933 1798 1968 καθάπερ
1816 1933 1841 1958 ot

1048 1982 1167 2015 γενναῖοι
1191 1982 1372 2016 πεποιήκασιν
1388 1975 1478 2011 οὗτοι,
1504 1977 1704 2014 μεγαλοφώνως
1727 1978 1780 2013 τὴν
1795 1978 1842 2004 ἐπὶ

1047 2026 1087 2061 τῷ
1110 2025 1198 2062 Πατρὶ
1223 2025 1365 2061 συμφορὰν
1386 2025 1553 2060 ὀδυρόμενοι.
1581 2023 1660 2050 Ἀλλὰ
1686 2023 1713 2049 τί
1738 2024 1840 2055 πάθω;

1049 2072 1111 2104 Πῶς
1132 2071 1260 2106 βιάσομαι
1282 2070 1407 2105 γλῶσσαν
1433 2070 1474 2102 είς
1498 2070 1648 2105 ὑπηρεσίαν
1673 2069 1722 2096 τοῦ
1746 2069 1838 2102 λόγου,

1049 2117 1174 2153 καθάπερ
1188 2118 1242 2144 τινὶ
1260 2117 1327 2152 πέδῃ
1346 2117 1442 2152 βαρείᾳ.
1461 2117 1494 2152 τῇ
1509 2117 1637 2151 συμφορᾷ
1651 2116 1840 2150 πεδηθεῖςανς

1050 2164 1112 2196 Πῶς
1127 2163 1224 2195 ἀνοίξω
1242 2163 1329 2198 στόμα
1348 2164 1381 2197 τῇ
1402 2162 1506 2197 ἀφασίᾳ
1525 2162 1749 2197 κεκρατημένονξ
1778 2161 1841 2191 Πῶς

1050 2209 1177 2243 πρὸωμαι
1193 2208 1299 2243 φωνὴν,
1321 2208 1362 2239 είς
1385 2207 1458 2242 πάθη
1480 2208 1525 2234 καὶ
1543 2207 1658 2242 θρήνους
1682 2207 1754 2234 κατά
1779 2216 1842 2234 συν-

1050 2253 1144 2289 ηθείας
1167 2252 1442 2285 κατολισθαίνουσαν;
1463 2252 1525 2284 Πῶς
1549 2252 1693 2287 ἀναΰλέψω
1712 2254 1770 2284 τοῖς
1793 2254 1842 2288 τῆς

1049 2299 1136 2334 ψυχῆς
1147 2299 1305 2333 ὀφθαλμοῖς,
1323 2298 1362 2333 τῷ
1377 2299 1426 2333 τῆς
1435 2300 1577 2334 συμφορᾶς
1590 2299 1683 2334 γνόφῳ
1700 2299 1841 2333 κεκαλυμ-

1052 2344 1144 2378 μένος;
1161 2343 1208 2374 Τίς
1224 2351 1269 2378 μοι
1283 2340 1401 2377 διασχὼν
1418 2343 1465 2377 τὴν
1480 2342 1589 2376 βαθεῖαν
1604 2343 1704 2378 ταύτην
1719 2343 1768 2369 καὶ
1777 2351 1841 2369 σκο-

1051 2390 1140 2424 τεινὴν
1153 2389 1202 2423 τῆς
1215 2388 1301 2424 λύπης
1313 2387 1436 2423 νεφέλην,
1452 2389 1533 2415 πάλιν
1546 2389 1576 2421 ἐξ
1586 2388 1696 2423 αἰθρίας
1709 2388 1842 2424 λαμπρὰν

1051 2434 1184 2466 ἀναδείξει
1196 2434 1244 2469 τὴν
1259 2433 1308 2468 τῆς
1322 2435 1432 2468 εἰρήνης
1448 2434 1561 2466 aurive;
1574 2433 1660 2460 Πόθεν
1672 2433 1700 2460 δὲ
1712 2434 1763 2460 καὶ
1776 2435 1842 2461 ἀνα-

1050 2481 1150 2516 λάμψει
1165 2481 1181 2515 ἡ
1202 2480 1280 2511 ἀκτὶς
1290 2499 1296 2510 .
1314 2479 1361 2506 τοῦ
1377 2479 1521 2514 φωστῆρος
1535 2481 1602 2514 ἡμῖν
1617 2480 1840 2511 καταδύναντος;

1052 2527 1083 2552 Ὢ
1098 2526 1186 2560 κακῆς
1204 2526 1383 2560 σκοτομήνης,
1397 2525 1527 2560 ἀνατολὴν
1541 2525 1686 2559 φωστῆρος
1703 2525 1756 2551 οὐκ
1771 2525 1842 2551 ﬂm-

1051 2571 1150 2606 ζούσης
1167 2572 1173 2597 ί
1196 2571 1235 2602 ὡς
1249 2571 1409 2597 ἀπεναντίον
1426 2572 1493 2606 ἡμῖν
1509 2571 1538 2597 ὲν
1556 2570 1595 2606 τῷ
1615 2572 1733 2604 παρόντι
1754 2571 1841 2606 τόπῳ,

1050 2617 1097 2644 νῦν
1110 2626 1139 2643 τε
1156 2617 1202 2643 καὶ
1222 2616 1317 2652 πρώην
1334 2617 1358 2643 οἱ
1374 2617 1448 2651 λόγοι
1469 2617 1603 2650 γίνονταιί
1626 2617 1694 2643 Τότε
1713 2617 1841 2652 γαμιχῶς

1051 2664 1224 2699 ἐχορεύομεν,
1237 2663 1284 2690 νῦν
1297 2662 1421 2694 ἐλεεινῶς
1435 2663 1481 2689 ἐπὶ
1495 2662 1535 2697 τῷ
1549 2663 1642 2689 πένθει
1660 2664 1838 2698 στενάζομεν.

1051 2710 1117 2736 Τότε
1130 2709 1319 2743 ἐπιθαλάμιον,
1335 2708 1383 2735 νῦν
1398 2709 1541 2743 ἐπιτάφιον
1557 2709 1667 2744 ᾄδομεν.
1689 2710 1840 2744 Μέμνησθε

1051 2754 1105 2790 γὰρ
1121 2755 1165 2781 ὅτε
1180 2754 1225 2781 τὸν
1247 2754 1430 2789 πνευματικὸν
1451 2755 1523 2789 ὑμᾶς
1544 2755 1632 2789 γάμον
1645 2755 1838 2791 εἰστιάσαμεν,

1051 2801 1089 2836 τῷ
1107 2801 1180 2836 καλῴ
1202 2801 1311 2836 νυμφίῳ
1335 2799 1524 2831 εἰσοικίζοντες
1548 2800 1597 2836 τὴν
1616 2800 1768 2836 παρθένον,
1796 2801 1839 2828 καὶ
