1912 3082
86 86 143 115 855

688 90 731 117 DE
751 90 903 119 MELETlO
923 91 1098 120 EPISCOPO.

1664 95 1721 125 85$

85 148 124 175 τὰ
146 148 202 174 τῶν
214 147 301 181 λόγων
321 147 384 175 ἕδνα
405 148 475 175 κατὰ
490 148 602 183 δύναμιν
616 150 694 184 ημῶν
715 151 877 185 εἰσηνεγκά-

937 151 1006 178 l‘unc
1029 152 1158 185 nuptiale,
1176 159 1250 178 nunc
1270 152 1422 187 sepulcrale
1449 160 1559 181 carmen
1576 154 1714 181 canimus.

89 194 177 229 μεθα,
193 194 384 230 εὐφραίνοντες
398 195 427 220 ὲν
441 194 480 229 τῷ
495 195 573 229 μέρει
590 195 637 222 καὶ
659 196 877 231 εὐφραινόμενοι.

95 239 177 265 Ἀλλὰ
198 239 245 265 νῦν
260 240 299 270 εἰς
314 239 412 275 ορῆνον
431 240 497 275 ἡμῖν
510 240 526 274 ἡ
540 240 612 276 χαρὰ
626 240 817 276 μεθηρμόσοη,
833 242 879 268 καὶ

89 286 106 319 ἡ
124 285 172 319 τῆς
183 285 352 320 εὐφροσύνης
366 286 507 320 περιϐολὴ,
519 286 619 317 σάκκος
632 287 750 320 ἐγένετο.
766 288 801 313 Ἢ
809 288 879 321 τάχα

90 331 197 366 σιωπᾷν
213 330 265 356 ἔδει
279 331 309 356 τὸ
324 330 418 363 πάθος,
431 332 476 357 καὶ
492 331 564 358 ἔνδον
581 332 734 359 ἀποκλείειν
745 334 778 368 τῇ
790 335 877 367 σιωπῇ

90 377 140 411 τὴν
155 376 298 412 ἀλγηδόνα,
313 376 351 408 ὡς
373 376 405 403 ἂν
423 377 459 412 μὴ
474 377 643 412 διοχλοίημεν
659 379 722 410 τοὺς
744 379 819 409 υἱοὺς
831 379 878 405 τοῦ

89 422 246 456 νυμτῶνος,
259 422 309 448 οὐκ
319 421 426 457 ἔχοντες
442 422 472 449 τὸ
482 423 592 458 φαιδρὸν
604 423 650 449 τοῦ
666 424 754 458 γάμου
767 423 878 458 ἔνδυμα,

90 468 161 493 ἀλλὰ.
174 468 430 503 μελανειμονοῦντες
448 468 487 503 τῷ
511 469 603 504 Mm);
627 470 737 504 Ἐπειδὴ
754 469 808 504 γὰρ
826 470 880 495 ἀπ-

91 513 163 548 ἠρθη
182 514 228 547 ἀφ’
244 513 322 548 ἡμῶν
343 514 357 540 ό
372 513 453 545 καλὸς
475 514 600 548 νυμφίος,
616 514 721 550 ἀθρόως
734 514 772 550 τῷ
788 514 879 540 πένθει

92 558 353 592 κατεμελάνθημεν,
381 559 427 584 καὶ
450 558 500 585 οὐκ
522 558 580 585 ἔστι
604 559 727 594 συνήθως
745 567 879 592 καταφαι-

90 603 189 637 δρῦναι
205 603 249 630 τὸν
266 603 356 636 λόγον,
379 603 428 638 τὴν
453 605 608 639 κοσμοῦσαν
622 605 697 639 ἡμᾶς
717 604 813 638 στολὴν
832 604 878 630 τοῦ

93 649 193 682 φθόνου
207 648 438 684 ἅποσυλήσαντος.
471 650 588 685 Πλὴρεις
604 649 713 683 ἀγαθῶν
728 650 795 685 προς
808 650 880 685 ὑμᾶς

92 695 306 730 ἀπηντήκαμεν·
329 695 429 730 γυμνοὶ
451 695 500 722 καὶ
514 696 628 731 πένητες
650 695 695 729 ἀρ’
716 695 792 730 ὑμῶν
814 696 880 722 ὑπο-

94 739 263 774 στρέφομεν·
292 740 375 775 ὀρθὴν
394 741 502 776 εἴχομεν
527 741 596 777 ὑπὲρ
616 740 736 776 κεφαλῆς
749 740 798 776 τὴν
811 741 881 776 λα’μ-

94 785 185 816 πάδα,
210 785 329 820 πλουσίῳ
349 785 388 821 τῷ
414 787 482 821 φωτὶ
501 787 749 821 καταλάμπουσαν·
779 787 880 821 ταύτην

932 197 1093 223 Meministis
1101 197 1173 224 enim
1186 197 1258 224 illius
1274 198 1340 230 diei,
1355 206 1416 225 cum
1430 199 1458 225 in
1471 199 1575 233 nuptiis
1587 200 1718 233 spiritua-

932 243 1003 269 libus
1017 243 1149 276 prmclaro
1164 250 1265 277 sponso
1279 243 1409 278 virginem
1424 245 1533 271 domum
1551 245 1719 273 deduccntcs

929 288 1054 314 convivio
1065 295 1112 314 vos
1124 288 1291 322 excepimus,
1305 292 1332 315 et
1348 289 1492 316 verborum
1504 290 1642 324 spomalia
1656 299 1716 317 nm-

930 341 995 360 uera
1009 341 1056 367 pro
1071 333 1174 360 viribus
1187 334 1453 368 nostrisintulimus.
1464 335 1562 369 gaudio
1571 335 1719 362 allicientes

929 379 1044 406 invicem
1056 384 1081 405 et
1093 379 1253 414 gaudentes.
1268 379 1367 406 Verum
1381 388 1453 407 nunc
1467 381 1492 406 in
1522 381 1623 408 luctum
1639 382 1718 408 nobis

928 424 1056 459 gaudium
1071 433 1233 452 conversum
1244 430 1296 456 est,
1311 433 1343 452 ac
1365 426 1464 452 laetitiae
1479 427 1594 454 amictus
1620 434 1717 454 saccus

928 471 1026 498 evasit.
1038 471 1078 497 An
1092 471 1205 497 forsitan
1222 471 1337 499 retirere
1350 473 1530 499 caianiitatcm
1543 477 1623 508 atque
1635 474 1716 500 silen-

932 517 970 542 tio
981 516 1055 544 intus
1064 517 1228 544 concludere
1237 525 1381 545 nimi-orem
1390 519 1542 552 oportebat.
1551 527 1583 545 ne
1595 520 1722 546 molestia

931 561 999 589 filios
1018 562 1130 588 thalami
1144 563 1279 597 sponsalis
1294 562 1455 591 afficiamus.
1475 573 1536 591 cum
1554 571 1605 591 non
1620 564 1718 590 hahea-

930 612 989 632 mus
1011 605 1114 632 lautum
1128 614 1159 632 ac
1176 607 1346 640 splendidum
1371 609 1490 642 nuptiale
1511 609 1696 635 indumentum
1710 629 1716 639 ,

930 651 977 676 sed
994 655 1083 676 atrum
1097 658 1128 677 ac
1147 651 1248 685 pullum
1266 652 1400 680 orationis
1410 653 1532 680 habitum
1549 653 1694 680 afferamus
1708 655 1720 678 ’ἔ

932 692 1111 728 Posteaquam
1128 695 1199 721 enim
1213 697 1362 730 praeclarus
1387 705 1534 731 sponsus-a
1560 698 1639 723 nobis
1662 697 1719 724 d's-

930 739 1025 771 cessit,
1052 739 1124 766 luctu
1143 746 1253 775 repente
1272 742 1352 768 atrati
1368 750 1476 775 smnus,
1495 751 1543 769 nec
1566 743 1628 769 licet
1644 750 1718 768 mare

932 785 1014 811 solito
1035 785 1161 812 festivum
1178 791 1204 813 et
1227 787 1379 821 jucundum
1411 788 1511 815 inferre
1538 795 1691 815 sermonem
1709 807 1722 817 ,γ

94 832 265 868 ὲσϐεσμένην
276 833 486 868 ἀνακομίζομεν,
504 834 543 865 εις
559 832 661 859 καπνὸν
678 832 724 859 καὶ
741 832 813 859 κόνιν
828 833 884 858 δία-

937 837 994 854 ιτιιιιι
1011 837 1064 864 qua
1084 831 1252 858 ornabantur
1267 832 1337 858 stola
1353 852 1360 865 ,
1382 839 1432 859 nos
1458 832 1557 859 invidia
1582 832 1722 866 spoliarit.

94 878 222 910 λυθέντος
236 878 282 904 τοῦ
303 878 431 912 φέγγους.
457 879 591 913 Ἔσχομεν
611 878 656 904 τὸν
681 878 816 913 θησαυρὸν
838 879 884 905 τὸν

97 923 186 958 μέγαν
205 924 233 949 ὲν
249 924 400 958 ὀστρακίνῳ
427 923 529 950 σκεύει.
565 923 635 949 Ἀλλ’
651 925 664 950 ὁ
680 924 728 958 μὲν
750 923 886 958 θησαυρὸς

96 969 203 1003 ἀφανής
214 976 221 983 ·
245 968 275 994 τὸ
290 968 317 994 δὲ
332 969 491 1003 όστράκινον
518 969 624 999 σκεῦος,
649 968 726 995 κενὴν
741 968 785 995 τοῦ
804 969 885 995 πλού-

96 1021 157 1046 του,
166 1014 221 1044 τοῖς
230 1013 371 1040 δεδωκόσιν
384 1013 598 1046 ὲπανασώξεται.
611 1014 643 1040 Τί
653 1014 769 1049 ἐροῦμεν
781 1015 804 1041 οἱ
818 1015 885 1040 ἀπο-

99 1060 268 1092 στείλαντες;
298 1060 323 1086 τί
344 1060 554 1095 ἀποκρινοῦνται
569 1062 592 1087 οἱ
610 1061 824 1096 ἀπαιτούμενος
852 1061 884 1087 Ὠ

98 1106 218 1141 πονηροῦ
231 1107 358 1141 ναυαγίου
371 1108 376 1133 l
393 1107 454 1138 Πῶς
467 1108 495 1133 ἑν
510 1107 584 1142 μέσῳ
598 1107 637 1142 τῷ
649 1107 738 1142 λιμένι
748 1108 796 1142 τῆς
809 1106 885 1133 ἐλπί-

98 1151 144 1182 δος
158 1151 236 1186 ἡμῶν
258 1152 484 1187 ὲναυαγήσαμενς
507 1153 568 1184 Πῶς
586 1153 603 1188 ἡ
626 1153 789 1188 μυριοφόρος
803 1152 886 1184 ὁλκὰς

98 1197 174 1232 αὐτῷ
192 1198 231 1233 τῷ
248 1197 411 1234 πληρώματι
429 1199 581 1231 καταδῦσα,
593 1199 712 1234 γυμνοὺς
737 1199 809 1234 ἡμᾶς
822 1198 885 1229 τούς

99 1251 166 1269 ποτε
178 1243 356 1275 πλουτοῦντας
369 1244 530 1277 κατέλιπεν;
549 1244 602 1270 1Ιοῦ
616 1244 646 1270 τδ
657 1244 783 1279 λαμπρὸν
801 1244 884 1270 ἱστίον

100 1290 198 1321 ἰκεῖνο,
210 1289 241 1315 τὸ
252 1289 290 1325 τῷ
304 1289 373 1324 ἁγίῳ
388 1289 524 1324 Πνεύματι
542 1289 586 1316 διὰ
598 1289 697 1321 παντὸς
710 1289 864 1324 ἰθυνόμενον
876 1297 883 1321 ;

100 1334 157 1360 Ποῦ
175 1334 205 1360 τὺ
221 1335 339 1368 ἀσφαλὲς
356 1335 408 1361 τῷν
423 1335 515 1369 ψυχῶν
535 1334 614 1369 ἡμῶν
631 1334 774 1370 πηδάλιον,
797 1334 830 1360 δι’
855 1331 885 1361 οὗ

100 1381 151 1411 τὰς
167 1380 313 1415 τρικυμίας
323 1380 376 1411 ’τὰς
393 1379 531 1415 αἰρετικὰς
547 1380 660 1412 ἀπαθῶς
677 1379 884 1414 παρεπλέομενς

102 1425 159 1451 Ποῦ
177 1427 193 1459 ὴ
209 1426 374 1460 ἁμετὰθετος
389 1426 438 1461 τῆς
455 1424 566 1460 γνώμης
583 1426 701 1460 ἄγκυρα,
721 1422 738 1461 ᾖ
751 1425 819 1460 μετὰ
834 1424 887 1451 πά-

103 1479 154 1506 σης
175 1472 324 1505 ἀσφαλείας
354 1471 536 1506 πεπονηκότες
557 1471 770 1506 ἁνεπαυὸμεθα;
799 1470 854 1496 Ποῦ
872 1471 886 1496 ὀ

103 1516 185 1547 καλὸς
199 1516 368 1552 κυϐερνήτης
377 1536 384 1547 ,
396 1517 411 1542 ὁ
426 1516 492 1551 πρὸς
505 1516 550 1542 τὸν
562 1515 618 1542 ἄνω
629 1515 729 1542 σκοπὸν
741 1515 887 1541 διευθύνων

102 1563 134 1589 τὸ
149 1563 271 1596 σκάφος;
295 1560 369 1596 Ἀρα
391 1562 477 1598 μικρά
497 1562 532 1589 τὰ
553 1562 706 1597 συμϐάντα,
729 1561 777 1588 καὶ
799 1561 887 1596 μάτην

103 1608 288 1643 παοαίνομαι;
310 1607 326 1643 ἢ
344 1608 443 1643 μᾶλλον
458 1608 506 1635 οὐκ
528 1606 691 1642 ὲφικνοῦμαι
708 1606 756 1633 τοῦ
774 1606 886 1638 πάθους,

102 1655 156 1681 κᾶν
172 1654 362 1689 ὑπερφωνήσω
375 1653 414 1688 τῷ
430 1653 520 1688 λόγῳ;
535 1653 662 1688 Χρήσατε
675 1653 751 1688 ἡμῖν,
767 1652 887 1686 ἀδελφοὶ,

102 1700 224 1735 χρήσατε
242 1700 272 1726 τὺ
295 1700 326 1726 ὲκ
349 1699 521 1734 συμπαθείας
541 1698 668 1734 δάκρυον.
692 1699 747 1725 Καὶ
768 1698 822 1733 γὰρ
844 1699 888 1724 ὅτε

102 1747 184 1780 ὑμεῖς
193 1745 369 1782 εὐφραίνεσθε
379 1767 385 1778 ,
398 1746 478 1781 ἡμεῖς
487 1745 536 1779 τῆς
552 1745 721 1780 εὐφροσύνης
733 1744 810 1778 ὑμῶν
819 1745 890 1770 ὲκοι-

101 1791 272 1826 νωνήσαμεν.
287 1790 391 1817 Οὐκοῦν
412 1790 526 1817 ἀπόδοτε
540 1791 606 1825 ἡμῖν
627 1790 657 1816 τὺ
678 1790 796 1824 πονηρὸν
811 1789 889 1816 τοῦτο

100 1836 289 1871 ἀντάλλαγμα.
302 1837 345 1863 Χα
351 1836 423 1869 ίρειν
435 1835 511 1870 μετὰ
525 1836 688 1869 χαιρόντων
698 1842 705 1849 ’
721 1835 800 1861 τοῦτο
811 1836 890 1870 ἡμεῖς

100 1881 284 1915 ἐποιήσαμεν.
300 1881 424 1907 κλαίειν
437 1882 512 1914 μετὰ
527 1880 692 1907 κλαιόντων
702 1889 707 1895 ·
717 1880 795 1906 τοῦτο
812 1880 890 1915 ὑμεῖς

100 1927 278 1954 ἀνταπόδοτε.
315 1925 462 1960 Ἐδάκρυσέ
495 1934 559 1952 ποτε
584 1925 658 1958 ξένος
682 1924 746 1956 λαὸς
771 1925 817 1951 ἐπὶ
843 1924 889 1951 τοῦ

101 1968 274 2004 πατριάρχου
302 1968 416 2000 Ἰακὼϐ,
443 1969 490 1995 καὶ
512 1968 562 2004 τὴν
583 1968 726 2004 ἀλλοτρίαν
749 1969 891 2004 συμφορὰν

100 2014 270 2050 ᾠκειώσατο,
288 2015 332 2041 ὅτε
347 2014 392 2041 τὸν
407 2015 514 2049 Πατέρα
529 2015 558 2046 ἐξ
569 2015 706 2049 Αἰγύπτου
720 2015 746 2042 οἱ
757 2015 805 2042 ἀπ’
820 2015 892 2041 ὲκεί-

100 2069 150 2087 νου
168 2060 409 2095 μετακομίσαντες,
423 2059 558 2094 πανδημεὶ
574 2059 623 2094 τὴν
640 2060 683 2086 ἐπ’
698 2059 771 2094 αὐτῷ
787 2068 892 2094 συμφο-

104 2106 156 2139 ρὰν
169 2105 215 2131 ὲπὶ
228 2106 275 2140 τῆς
287 2105 430 2141 ἀλλοτρίας
440 2105 676 2140 κατωλοφύραντο,
689 2106 804 2140 ἡμέραις
816 2105 892 2141 τριά-

936 875 1010 903 Pleni
1027 876 1161 903 bonormn
1176 878 1209 904 ad
1224 885 1272 905 vos
1287 879 1472 911 arcessimus;
1488 879 1551 905 nudi
1569 886 1600 904 ac
1618 886 1720 912 panpe-

936 928 980 948 res
998 928 1012 948 a
1028 921 1105 949 vobis
1122 922 1275 950 recedimus
1290 931 1297 955 ;
1314 927 1433 950 eructant
1453 930 1536 957 supra
1548 927 1629 956 caput
1642 922 1719 955 largo

937 967 1038 994 limine
1068 968 1286 1002 resplendentem
1313 969 1398 996 facem
1431 969 1617 998 habebamus,
1651 968 1721 994 hanc

935 1013 1099 1040 exstinctam
1113 1014 1141 1040 in
1157 1013 1260 1040 funium
1278 1019 1304 1040 et
1321 1014 1438 1041 cinerem
1451 1014 1583 1049 dissipato
1593 1013 1721 1048 splendo-

934 1067 964 1086 re
992 1064 1174 1094 reportamus.
1192 1059 1344 1088 Habuimus
1372 1068 1500 1095 magnum
1517 1060 1591 1086 illum
1609 1060 1723 1086 thesau-

934 1114 995 1133 rum
1019 1108 1046 1133 in
1068 1114 1133 1134 vase
1150 1111 1281 1135 testaceo.
1311 1107 1346 1134 At
1365 1108 1510 1135 thesaurus
1536 1107 1645 1142 quidem
1672 1108 1723 1135 istc

935 1151 1112 1179 absconditus
1130 1156 1182 1184 est,
1201 1157 1228 1180 et
1247 1153 1335 1179 visum
1351 1152 1419 1188 fugit
1437 1163 1443 1180 :
1460 1161 1507 1180 vas
1531 1158 1620 1179 autem
1639 1157 1723 1179 testa-

935 1204 1012 1223 ceum
1031 1197 1066 1224 ab
1090 1197 1188 1231 opibus
1204 1205 1334 1230 vacuum.
1351 1198 1386 1226 ab
1402 1199 1435 1225 iis
1452 1199 1496 1234 qui
1512 1199 1642 1225 dederant
1656 1219 1663 1230 ,
1678 1206 1722 1225 re-

935 1246 1070 1270 servatur.
1095 1243 1164 1276 Quid
1194 1244 1317 1271 dicemus
1342 1246 1387 1278 qui
1417 1245 1574 1272 emisimus?
1588 1245 1658 1277 Quid
1681 1252 1725 1271 uc-

935 1289 1106 1323 spoudcbunt
1124 1297 1138 1315 a
1157 1289 1258 1324 quibus
1274 1291 1425 1324 repetitur?
1445 1289 1466 1316 0
1485 1291 1585 1316 malum
1615 1290 1724 1316 naufra-

935 1334 1184 1369 giuleuomodo
1201 1335 1227 1362 ill
1249 1336 1336 1364 medio
1360 1342 1438 1371 portu
1456 1337 1511 1371 spei
1534 1341 1633 1363 nostra:
1658 1344 1723 1362 nau-

936 1380 1054 1415 fragium
1076 1381 1208 1409 fecimus?
1226 1382 1368 1414 Quomodo
1398 1383 1550 1409 innumeris
1586 1382 1724 1409 mercibus

936 1430 1036 1453 onusta
1058 1428 1136 1454 navis
1151 1434 1212 1454 cum
1231 1428 1291 1461 ipso
1321 1435 1404 1454 onere
1432 1428 1555 1454 demersa
1580 1436 1629 1454 nos
1656 1428 1721 1454 olim

937 1471 1037 1499 divites
1059 1473 1147 1500 nudos
1159 1473 1367 1501 destituit?Ubi
1395 1473 1566 1508 splendidum
1590 1473 1654 1500 illud
1679 1481 1724 1500 ve-

938 1518 993 1544 lum
1010 1518 1082 1552 quod
1104 1518 1207 1553 Spiritu
1230 1523 1326 1546 sancto
1352 1526 1459 1553 semper
1475 1517 1661 1553 dirigebatur?
1679 1517 1725 1544 ubi

938 1567 1026 1590 tutum
1041 1571 1073 1590 ac
1087 1564 1195 1590 firmum
1225 1565 1378 1592 animarum
1404 1569 1563 1591 nostrarmn
1591 1564 1727 1599 guberna-

939 1610 1040 1642 culum,
1057 1617 1111 1644 quo
1127 1613 1303 1644 tempestates
1329 1610 1462 1637 maximas
1481 1610 1621 1636 haeretica:
1651 1610 1726 1636 nullo

939 1658 1050 1689 accepto
1066 1654 1238 1682 incommodo
1255 1656 1521 1689 preterveliebamus
1538 1655 1549 1682 ?
1565 1655 1615 1682 Ubi
1631 1656 1727 1682 immo—

938 1701 1001 1728 bilis
1021 1704 1047 1728 et
1066 1701 1146 1727 firma
1168 1701 1312 1728 sententia:
1338 1701 1491 1735 judiciique
1524 1701 1654 1731 anchora.
1681 1701 1727 1727 cui

939 1753 1001 1772 cum
1022 1753 1127 1773 summa
1150 1746 1296 1773 securitate
1318 1750 1378 1780 post
1402 1746 1508 1773 labores
1534 1745 1727 1780 acquiesceha-

940 1791 1025 1818 mus?
1043 1790 1092 1818 Ubi
1108 1791 1198 1818 bonus
1215 1791 1260 1819 ille
1277 1792 1456 1826 gubernator.
1477 1793 1523 1826 qui
1544 1793 1576 1818 ad
1598 1799 1726 1826 superum

941 1836 1082 1871 scopulum
1096 1836 1232 1870 navigium
1247 1836 1380 1870 dirigebat
1393 1836 1404 1862 Ὺ
1416 1835 1511 1863 Utrum
1534 1836 1639 1862 modica
1665 1840 1730 1862 sunt

940 1888 982 1913 ea,
995 1888 1055 1915 qua:
1068 1881 1239 1912 acciderunt,
1255 1888 1287 1907 ac
1301 1880 1482 1915 nequicquam
1497 1888 1650 1914 conqueror
1664 1881 1729 1906 iant

941 1927 1032 1960 potius
1045 1926 1227 1953 calamitatem
1242 1925 1382 1960 querendo
1397 1933 1450 1952 non
1465 1932 1597 1960 assequar
1607 1945 1614 1956 ,
1631 1925 1729 1952 etiam-

941 1971 965 1999 si
994 1978 1076 2006 supra
1091 1971 1201 1998 modum
1215 1971 1332 1998 dicendo
1359 1978 1451 1997 vocem
1467 1970 1605 1997 intendam
1621 1970 1728 1997 7Com-

942 2015 1050 2043 modate
1072 2016 1162 2048 nobis,
1181 2016 1291 2047 fratres,
1313 2015 1484 2042 connnodate
1498 2023 1531 2042 ex
1552 2014 1730 2041 condolentia

941 2061 1077 2096 lacrymas
1093 2062 1230 2096 profusas.
1246 2060 1350 2088 Etenim
1369 2060 1479 2094 quando
1495 2068 1544 2087 vos
1559 2059 1729 2090 lattabimiui.

943 2114 993 2133 nos
1011 2107 1113 2133 laetitiae
1133 2109 1232 2133 vestras
1252 2105 1318 2133 socii
1341 2112 1461 2132 eramus.
1485 2105 1603 2132 Proinde
1624 2104 1730 2132 reddite

101 2160 187 2178 κοντα
202 2152 249 2178 καὶ
260 2151 405 2182 τοσαύταις
425 2151 485 2183 νυξὶ
500 2151 546 2177 τὸν
563 2151 605 2177 ἐπ’
619 2150 694 2186 αὑτῷ
708 2151 804 2186 θρῆνον
820 2160 885 2186 συμ-

943 2152 1023 2179 nobis
1035 2159 1147 2186 pravam
1163 2151 1244 2178 istam
1265 2150 1343 2176 officii
1361 2149 1589 2177 vicis-«ititdiuem.
1605 2149 1732 2176 Gauden-

102 2198 313 2231 παρατείνοντες
328 2205 335 2212 ·
372 2196 528 2232 μιμήσασθε
557 2197 620 2228 τοὺς
648 2196 833 2231 ἀλλοφύλους,
866 2197 892 2223 οἱ

102 2243 215 2278 ἀδελφοὶ
227 2244 272 2270 καὶ
285 2243 424 2278 ὁμόφυλοι.
439 2243 535 2269 Κοινὸν
548 2241 582 2278 ἦν
605 2243 665 2269 τότε
677 2242 731 2269 τῶν
745 2242 826 2274 ξένων
844 2243 892 2268 καὶ

102 2289 159 2317 τῶν
169 2289 308 2325 ἐγχωρίων
321 2289 351 2315 τὸ
361 2289 478 2324 δάκρυον
491 2297 498 2304 ’
513 2288 601 2315 κοινὸν
617 2287 687 2314 ἔστω
699 2288 744 2314 καὶ
753 2287 800 2314 νῦν
812 2295 820 2304 °
830 2288 891 2313 ἐπεὶ

100 2336 153 2364 λαὶ
166 2336 196 2362 τὸ
217 2335 301 2366 πάθος
319 2334 417 2362 κοινόν.
451 2334 548 2370 Ὁρᾶτε
563 2334 627 2365 τοὺς
643 2333 814 2369 πατριάρχας
830 2333 889 2359 τούο

100 2388 168 2411 τους
182 2388 188 2394 υ
204 2379 303 2411 πάντες
316 2377 387 2406 οὗτοι
400 2379 482 2406 τέκνα
496 2380 542 2406 τοῦ
555 2379 689 2414 ἡμετέρου
701 2378 769 2404 εἰσὶν
784 2377 890 2405 Ἰακώϐ.

109 2425 157 2457 Ἐξ
173 2424 317 2460 ἐλευθέρας
333 2426 357 2451 οἱ
372 2425 481 2456 πάντες.
497 2424 590 2455 Οὐδεὶς
604 2423 679 2455 νόθος
695 2423 755 2450 οὐδὲ
772 2423 891 2458 ὑπόϐλη-

100 2480 159 2503 τος.
178 2471 245 2497 Οὐδὲ
259 2471 313 2506 γὰρ
325 2469 359 2506 ἦν
373 2470 452 2505 θέμις
471 2470 566 2505 ἐκείνῳ
582 2469 707 2504 δουλικὴν
732 2468 891 2502 συγγένειαν

101 2517 260 2550 ἐπεισάγειν
280 2518 312 2551 τῇ
333 2516 457 2551 εὐγενείᾳ
478 2516 528 2550 τῆς
551 2515 680 2545 πίστεως.
714 2514 818 2541 Οὐκοῦν
846 2514 893 2540 καὶ

102 2564 238 2598 ἡμέτερος
262 2564 364 2594 ἐκεῖνος
382 2562 490 2597 πατὴρ,
512 2561 578 2588 διότι
600 2561 646 2587 τοῦ
662 2560 767 2595 Πατρδς
789 2558 823 2595 ἦν
843 2559 891 2586 τοῦ

101 2609 241 2644 ἡμετέρου
257 2610 358 2644 πατήρ.

945 2198 1009 2225 dum
1039 2204 1092 2224 una
1116 2204 1178 2224 cum
1203 2195 1385 2231 gaudentibus
1409 2204 1416 2221 :
1443 2195 1495 2222 hoc
1525 2202 1576 2221 nos
1605 2194 1729 2222 fecimus.

945 2241 1078 2270 Flendum
1090 2248 1152 2268 cum
1170 2240 1298 2267 flentibus
1318 2249 1325 2266 :
1343 2240 1395 2266 hoc
1417 2247 1466 2266 vos
1482 2239 1596 2266 invicem
1614 2238 1730 2264 reddite.

944 2287 1122 2322 Laerymatus
1137 2289 1180 2313 est
1197 2285 1261 2312 olim
1274 2289 1403 2312 externus
1420 2285 1535 2320 populus
1545 2292 1598 2318 quo
1611 2288 1732 2318 tempore

944 2331 1098 2366 patriarcha
1123 2330 1208 2357 Jacob
1232 2330 1303 2357 diem
1319 2337 1398 2357 suum
1424 2330 1588 2361 obieratyet
1615 2329 1730 2355 alienant

943 2377 1126 2403 calamitatem
1146 2383 1224 2403 suam
1251 2383 1312 2403 esse
1327 2375 1421 2408 duxit,
1447 2382 1509 2402 cum
1536 2380 1675 2409 parentem
1699 2381 1732 2400 cx

945 2423 1063 2458 Egypto
1086 2422 1163 2449 liberi
1185 2425 1422 2456 trausportautes,
1440 2421 1521 2454 vulgo
1535 2428 1630 2447 omnes
1657 2419 1733 2446 nullo

944 2469 987 2496 vel
1004 2476 1086 2496 sexus
1101 2468 1144 2494 vel
1157 2467 1247 2494 astatis
1267 2466 1359 2493 habito
1374 2465 1544 2497 discrimine,
1560 2472 1651 2491 casum
1672 2463 1732 2497 ejus

945 2515 972 2542 in
989 2514 1100 2549 regione
1116 2514 1205 2540 aliena
1235 2511 1425 2548 deplorabant.
1446 2511 1506 2538 dies
1530 2511 1642 2545 triginta
1668 2509 1728 2535 toti-

945 2561 1061 2594 demque
1090 2563 1184 2587 noetes
1218 2559 1321 2586 luctum
1348 2564 1380 2584 ac
1407 2557 1628 2584 lamentationem
1658 2555 1732 2581 illius

945 2605 1038 2633 amissi
1055 2605 1167 2632 nomine
1182 2604 1385 2631 continuantes.
1403 2601 1458 2628 Vos
1473 2601 1520 2636 qui
1536 2602 1631 2628 fratres
1642 2605 1669 2627 et
1685 2607 1732 2634 po-

102 2656 217 2690 pulares
241 2655 319 2687 estis,
343 2654 490 2681 imitamini
515 2653 683 2688 alienigenas
712 2657 740 2679 et
763 2657 902 2680 externos.
922 2653 1088 2680 Communes
1108 2656 1174 2678 tunc
1189 2655 1267 2678 erant
1291 2650 1496 2685 peregrinorum
1529 2648 1731 2681 imligeuarum-

102 2710 159 2737 que
173 2703 315 2737 Iacrymze;
329 2708 489 2729 communes
504 2701 560 2728 sint
575 2700 656 2728 etiam
673 2708 756 2730 nunc.
769 2699 897 2734 quoniam
923 2700 1005 2726 etiam
1038 2699 1179 2726 calamitas
1201 2698 1355 2725 communis
1386 2700 1437 2723 est.
1462 2696 1556 2722 Videte
1581 2695 1663 2722 hosce
1683 2702 1732 2729 pa-

103 2747 255 2780 triarchas,
276 2754 372 2775 omnes
393 2746 440 2774 isti
461 2746 507 2773 ﬁlii
527 2746 613 2774 nostri
630 2745 722 2773 Jacobi
747 2749 822 2773 sunt.
850 2744 886 2772 Ex
908 2745 991 2772 libera
1009 2744 1143 2779 procreati
1156 2751 1261 2771 omnes.
1274 2743 1358 2770 Nemo
1371 2741 1482 2776 spurius
1505 2745 1533 2768 ct
1559 2740 1728 2775 itfcgitimus,
