1912 3082
204 99 257 128 853

824 92 853 120 S.
870 91 1034 121 CREGORII
1053 92 1201 121 NYSSENI

1797 95 1851 124 856

205 166 287 187 uento
301 157 469 185 subdititius.
489 157 581 192 Neque
610 156 683 184 enim
699 155 736 182 illi
770 153 811 182 fas
844 157 903 180 erat
936 152 1096 186 ingenuitati
1123 153 1184 180 lidci
1215 152 1342 180 servilem
1375 153 1497 181 inserere
1526 153 1737 188 cognationem.
1780 152 1850 188 Ergo

204 205 287 233 eum“
311 208 405 232 ηοειει-
433 204 479 231 ίιιε
504 211 619 238 mrem,
642 206 785 236 propterea
805 200 877 235 quod
904 199 991 234 patris
1009 199 1094 225 nostri
1112 203 1190 233 pater
1204 204 1275 226 erat.
1305 245 1311 250 Ι
1397 245 1410 250 -
1431 245 1459 250 η-
1517 245 1528 250 -
1603 245 1609 250 ⁸
1662 245 1676 250 _
1695 245 1725 250 Π
1822 244 1836 250 ⁵

241 250 365 278 Audistis
392 250 473 285 paulo
499 254 562 277 ante
587 257 619 276 ex
647 249 775 284 lfpliraim
805 253 832 275 et
856 246 988 274 Manassc.

1086 245 1234 271 Ἠκούσατε
1248 245 1350 280 ἀρτίως
1364 245 1412 271 τοῦ
1431 245 1552 280 Ἐφραῖμ
1568 245 1614 272 καὶ
1629 245 1677 271 τοῦ
1695 245 1847 278 Μανασῆ,

206 296 309 329 qualia.
330 303 468 330 quamque
491 296 577 322 multa
598 295 632 322 de
653 300 730 329 patre
748 300 900 326 narrarent,
925 295 992 321 adeo

208 345 238 368 ut
249 341 378 368 miracula
395 341 483 368 oratio
504 340 612 375 assequi
636 348 690 367 non
709 345 811 375 posset.
836 339 901 366 Date
926 339 990 366 mihi

208 395 316 422 quoque
331 391 360 414 ut
377 387 410 415 de
425 387 467 415 his
488 387 570 414 rebus
588 388 686 414 dicam.
705 386 810 414 Etenim
828 387 902 413 nullo
919 387 991 421 peri-

207 433 271 460 culo
285 433 414 467 deinceps
435 433 616 460 beatitudiucs
631 440 767 468 exponere
786 432 870 460 licet:
887 441 935 460 nec
951 434 993 460 iu-

208 478 308 505 vidiam
326 483 428 506 metuo.
444 478 567 512 Quonam
583 479 656 505 enim
671 487 714 506 me
730 479 801 506 malo
816 479 918 513 majore
933 480 992 506 aili~

209 524 284 552 ciet?
305 524 422 552 Proinde.
444 525 600 560 cognoscite
613 525 659 560 qui
675 526 714 552 vir
727 526 774 558 sit,
803 534 953 561 generosus
966 533 993 552 et

210 569 310 597 nobilis
333 570 367 597 ab
392 575 452 597 ortu
478 570 555 602 solis,
580 571 746 606 inculpatus,
768 571 870 606 justus,
898 579 990 604 verax,

209 615 271 649 pius
283 619 308 642 ct
319 616 474 650 religiosus,
490 617 630 644 abstinens
643 617 677 644 ab
688 617 761 644 omni
774 618 844 644 malo
859 617 991 646 facinore.

208 659 268 687 Non
283 661 354 688 enim
377 662 471 696 utique
493 662 624 690 invidebit
639 670 752 698 magnus
773 663 818 690 ille
837 661 898 693 Job.
919 663 941 690 si
959 663 991 691 iis

209 707 383 739 testimoniis,
405 715 465 741 quae
480 707 514 735 de
538 708 597 742 ipso
612 707 746 740 feruntur,
771 708 854 735 etiam
872 709 992 736 imitator

209 751 280 778 illius
293 755 415 778 ornetur.
434 751 486 779 Sed
500 760 560 787 quae
575 760 670 780 omnes
685 760 730 780 res
744 753 889 788 praeclaras
903 755 992 781 intue-

209 800 253 823 tur
273 797 384 828 iuridia,
413 798 494 825 etiam
521 801 644 825 nostrum
667 798 768 826 bonum
788 799 887 827 acerbo
911 800 991 828 oculo

208 842 330 869 coulnila
351 847 413 870 cst:
439 851 471 870 ac
488 851 548 878 quae.
568 851 615 878 per
637 844 728 871 orbem
744 848 878 872 terrarum
899 846 991 872 obam-

208 887 293 918 bulat,
315 888 397 914 etiam
425 897 473 923 per
488 897 538 917 nos
562 890 722 921 ambulavit.
744 891 826 917 latum
847 891 989 926 vestigium

1045 287 1089 317 οἷα
1104 291 1149 317 καὶ
1162 291 1211 317 ὅσα
1228 291 1291 326 περὶ
1307 290 1354 317 τοῦ
1374 291 1480 327 Πατρὺς
1499 291 1674 326 διηγήσαντο,
1691 291 1731 322 ὡς
1755 290 1845 324 ὕπερ-

1045 336 1148 363 6αίνειν
1161 337 1240 371 λόγον
1261 337 1295 364 τὰ
1316 337 1452 372 θαύματα.
1469 337 1533 364 Δότε
1555 337 1639 372 κάμοὶ
1656 337 1724 372 περὶ
1739 336 1848 362 τούτων

1045 382 1142 409 εἰπεῖν.
1170 375 1305 417 Kal-7&9
1328 382 1467 409 ἀκίνδυνον
1493 382 1524 408 τὺ
1545 381 1712 417 μακαρίζειν
1731 380 1845 406 λοιπόν·

1045 427 1107 454 οὔτε
1129 428 1264 463 φοῦοῦμαι
1280 428 1325 455 τὸν
1353 427 1459 463 φθόνον.
1474 427 1508 454 Τί
1521 428 1576 462 γάρ
1591 436 1623 462 με
1640 428 1736 462 χεῖρον
1759 426 1845 461 ἐργά-

1046 482 1138 506 σεται;
1155 474 1259 500 Οὐκοῦν
1282 474 1367 508 γνῶτε
1379 474 1421 506 τίς
1442 474 1456 500 ὁ
1470 473 1540 509 ἀνήρ
1552 482 1559 489 ·
1577 473 1701 508 Εὐγενὴς
1717 472 1778 499 τῶν
1799 473 1847 505 ἀφ’

1046 519 1120 553 ἡλίου
1135 519 1281 551 ἀνατολῶν,
1294 519 1449 555 ἄμεμπτος,
1465 519 1578 551 δίκαιος,
1594 518 1735 554 ἀληθινὸς,
1752 519 1843 544 Osos.-

1046 563 1106 598 θὴς,
1130 563 1299 598 ἀπεχόμενος
1321 563 1374 590 ἀπὸ
1399 557 1499 594 παντὸς
1520 561 1638 597 πονηροῦ
1661 562 1841 596 πράγματος.

1045 609 1082 635 0-5
1098 608 1152 644 γὰρ
1175 609 1206 644 δὴ
1224 608 1405 644 ζηλοτυπήσει
1419 608 1434 634 ὁ
1450 608 1536 643 μέγας
1558 607 1629 638 Ἰὼϐ,
1653 608 1680 634 εξ
1693 608 1759 637 ταῖς
1779 607 1843 640 περὶ

1045 653 1127 680 αὑτοῦ
1140 654 1303 690 μαρτυρίαις
1316 653 1362 680 καὶ
1375 655 1389 680 ὸ
1404 653 1525 689 μιμητὴς
1540 652 1646 679 ἐκείνου
1664 651 1843 686 ὲγκαλλωπῖ-

1046 699 1128 731 Cat-ro.
1149 699 1219 725 Ἀλλ’
1233 700 1249 725 ὸ
1266 699 1300 726 τὰ
1321 698 1391 726 καλὰ
1406 699 1495 726 πάντα
1511 698 1618 733 βλέπων
1643 698 1759 734 φθόνος,
1786 696 1840 724 εἶδε

1045 744 1091 770 καὶ
1106 744 1135 770 τὸ
1153 744 1286 780 ἡμέτερον
1309 743 1410 778 ἀγαθὸν
1431 743 1522 780 πικρῷ
1539 743 1579 779 τῷ
1594 743 1748 779 ὀφθαλμῷ·
1767 745 1815 770 καὶ
1828 744 1842 769 δ

1045 788 1240 825 ἐμπεριπατῶν
1255 790 1288 824 τῇ
1301 789 1459 825 οἰκουμένῃ,
1486 789 1534 815 καὶ⁷
1555 789 1589 816 δι’
1603 789 1683 824 ἡμῶν
1704 789 1841 824 περιεπά-

1044 844 1137 870 τησεν,
1153 835 1240 862 πλατῦ
1258 835 1289 862 τδ
1304 835 1375 871 ῐχνος
1389 835 1438 870 τῆς
1459 834 1575 870 θλίψεως
1593 835 1654 865 ταῖς
1670 834 1843 869 εὐπραγίαις

1045 881 1123 916 ἡμῶν
1143 881 1332 917 ὲναπερείσας.
1348 880 1385 906 οὐ
1405 880 1474 915 βοῶν
1498 880 1545 907 καὶ
1564 880 1708 916 προσάτων
1738 879 1841 914 ἀγέλας

208 931 361 961 amictionis
385 934 466 961 rebus
490 935 619 962 secundis
647 937 748 963 nostris
771 937 883 963 inlisum
909 937 988 964 relin-

1042 927 1235 962 διελυμήνατοσ
1253 925 1322 961 πλὴν
1341 925 1365 952 εί
1386 925 1423 961 μὴ
1449 926 1504 961 ἄρα
1518 934 1561 957 τις
1577 925 1649 952 κατὰ
1662 925 1693 951 τὸ
1705 925 1842 960 μυστικὸν

207 985 304 1011 quens.
325 977 382 1005 Non
413 979 493 1006 boum
516 985 542 1007 et
566 980 657 1007 ovium
687 989 782 1016 greges
808 981 988 1016 disperdidit:

208 1024 260 1050 nisi
287 1024 309 1051 si
333 1025 394 1059 quis
421 1026 514 1060 utique
536 1027 688 1054 secundum
712 1029 855 1063 mysticum
879 1037 990 1056 sensum

207 1077 314 1105 gregem
328 1072 361 1098 ad
381 1071 528 1099 Ecclesium
552 1074 685 1100 traducat.
702 1074 799 1101 Verum
822 1083 875 1102 non
893 1076 920 1102 in
948 1076 990 1104 his

206 1116 286 1144 not-is
303 1116 404 1144 invidia
429 1118 559 1145 damnum
582 1118 668 1152 dedit,
697 1128 784 1156 neque
809 1121 835 1148 in
861 1122 948 1149 asinis
963 1126 991 1150 et

206 1162 318 1190 camelis
335 1170 434 1190 noxam
450 1164 606 1197 commisit;
622 1173 710 1199 neque
727 1166 787 1201 ipso
803 1167 914 1194 vulnere
930 1175 991 1195 car-

206 1207 250 1234 nis
275 1215 372 1235 sensus
388 1209 486 1236 acerbo
516 1210 611 1238 dolore
638 1210 746 1239 atii-cit:
765 1212 811 1240 sed
829 1220 880 1241 nos
901 1214 991 1248 capite

206 1253 332 1287 privavit.
349 1253 417 1281 Cum
433 1255 522 1290 capite
537 1260 627 1284 autent
648 1265 702 1284 una
716 1258 842 1294 adempta
861 1264 925 1286 sunt
939 1259 991 1286 lio-

206 1303 302 1325 norata
321 1307 353 1327 ac
369 1301 501 1335 dignitate
517 1303 674 1336 praestantia
688 1311 818 1331 sensuum
833 1309 989 1332 nostrorum

207 1346 398 1374 instrumenta.
412 1347 471 1375 Non
487 1350 605 1384 amplius
622 1354 664 1377 est
680 1351 786 1382 oculus,
803 1351 848 1386 qui
867 1351 990 1379 caelestia

204 1397 384 1427 contueatur;
405 1402 492 1429 neque
519 1395 605 1428 auris,
623 1404 683 1431 quae
698 1404 791 1424 vocem
808 1398 926 1425 divinam
941 1406 990 1426 ex-

205 1439 297 1466 audiat
311 1449 318 1467 :
333 1448 420 1475 neque
431 1441 522 1476 lingua
535 1442 580 1469 illa
589 1450 688 1478 purum
700 1444 823 1471 veritatis
832 1445 988 1475 donarium.

205 1483 255 1512 Ubi
277 1485 366 1514 dulcis
387 1486 433 1513 illa
453 1489 597 1516 oculorum
619 1490 777 1518 serenitas?
792 1491 835 1519 ubi
849 1492 989 1526 jucundus

205 1529 250 1556 ille
266 1538 298 1557 ae
313 1531 419 1566 lepidus
433 1533 460 1560 in
479 1534 558 1562 labiis
575 1535 667 1563 risus?
689 1535 734 1563 ubi
751 1537 837 1565 comis
852 1537 898 1564 illa
913 1542 940 1565 et
955 1538 989 1565 ad

204 1576 378 1605 salutandum
396 1578 485 1607 facilis
498 1580 621 1613 dextera,
645 1589 706 1616 qua:
720 1590 772 1610 una
788 1590 850 1610 cum
868 1584 925 1612 oris
942 1584 987 1612 be-

204 1623 361 1652 nedictione
375 1624 474 1660 digitos
489 1626 622 1654 intentare
646 1627 773 1656 solebat?
786 1628 925 1657 Provehor
940 1638 989 1658 au-

205 1671 270 1699 tem,
297 1669 369 1696 sicut
393 1670 419 1697 in
446 1678 539 1703 scena,
568 1673 600 1699 ad
617 1673 802 1701 calamitatem
827 1677 902 1702 clara
922 1683 989 1702 voce

205 1713 447 1748 proclamandam:
470 1715 600 1744 Misereor
616 1718 666 1749 tui,
691 1722 786 1745 sancta
800 1718 941 1754 Ecclesia;
963 1726 989 1748 te

205 1759 340 1794 alloquor,
352 1768 369 1787 ο
384 1761 479 1788 civitas
494 1763 635 1790 Antiochi!
653 1763 763 1792 Miseret
778 1773 821 1792 me
831 1766 881 1796 tui,
895 1774 990 1801 repen.

205 1805 269 1832 time
283 1813 315 1832 ac
331 1806 428 1833 subita:
442 1806 523 1841 hujus
535 1808 693 1836 mutationis
708 1809 827 1836 nomine.
849 1810 883 1838 Ut
897 1811 989 1838 adem-

205 1854 269 1885 ptus
287 1855 329 1878 est
344 1851 447 1878 decor?
464 1858 494 1880 ut
508 1853 647 1881 detractus
674 1858 717 1882 est
736 1857 872 1884 ornatus?
900 1861 928 1884 ut
946 1865 989 1885 re-

204 1900 286 1932 pente
302 1896 353 1924 llos
370 1897 501 1924 deﬂuxit?
523 1898 604 1932 plane
627 1907 738 1934 gramen
761 1903 877 1933 exaruit.
898 1907 924 1931 et
938 1904 988 1933 llos

205 1941 317 1969 decidit.
332 1941 400 1975 Quis
422 1943 520 1971 oculus
535 1944 645 1971 malus?
660 1953 721 1980 quae
740 1946 902 1976 fascinatrix
917 1950 987 1977 invi-

205 1988 248 2014 dia
263 1988 334 2015 mala
350 1989 377 2016 in
390 1988 538 2017 Ecclesiam
552 1991 626 2018 illam
643 1992 806 2020 debaccliata
820 1999 900 2030 atque
912 2004 989 2030 gras-

205 2037 264 2060 sata
287 2035 350 2061 est?
371 2042 432 2069 qute
450 2035 549 2070 quibus
573 2039 770 2066 commutavit?
792 2039 895 2068 Deiecit
914 2041 986 2070 l'ons.

204 2079 422 2108 Exaruitamnis.
439 2081 543 2110 Rursus
560 2082 586 2110 in
603 2085 762 2119 sanguinem
773 2093 842 2121 aqua
856 2095 987 2116 conversa

203 2131 255 2154 est.
285 2126 460 2156 Oinl'elicem
491 2130 616 2157 nuntium
646 2131 733 2165 illum,
765 2140 819 2167 quo
847 2134 987 2162 calamitas

206 2171 334 2200 Ecclesia:
349 2174 532 2202 indicabitur!
547 2175 614 2209 Quis
627 2176 690 2205 ﬁliis
704 2177 786 2210 dicet,
802 2180 874 2213 quod
889 2187 988 2214 paren-

205 2218 278 2244 tibus
307 2219 395 2246 orbati
421 2227 453 2246 ac
480 2220 602 2248 destituti
632 2221 708 2248 sint?
729 2221 796 2255 Quis
820 2225 987 2252 renuntiabit

203 2270 320 2296 sponsae.
342 2265 414 2297 quod
430 2265 508 2291 \‘idua
527 2265 596 2292 facta
617 2267 671 2294 sit?
685 2267 707 2294 0
723 2269 809 2295 mala!
833 2270 902 2302 Quid
920 2272 987 2298 emi-

204 2313 299 2335 serunt
309 2310 321 2335 ?
331 2313 358 2336 et
373 2311 436 2344 quid
456 2311 610 2346 recipiunt?
623 2313 720 2340 Arcam
742 2315 940 2349 prmmiserunt,
960 2321 987 2344 et

203 2355 341 2389 rccipiunt
371 2358 580 2391 sarcophagum.
596 2358 677 2389 Arca,
705 2359 815 2393 fratres,
841 2362 922 2390 homo
941 2363 987 2390 ille

206 2400 252 2427 llei
272 2405 340 2433 erat,
371 2410 432 2428 arca
457 2404 600 2432 continens
625 2405 652 2431 in
676 2413 706 2432 se
727 2406 817 2433 divitia
837 2409 984 2443 mysteria:

205 2447 260 2474 illic
281 2455 347 2473 urna
362 2456 443 2475 aurea
470 2450 546 2483 plena
567 2458 673 2478 manna:
697 2451 806 2485 divinae,
837 2454 915 2487 plena
932 2454 986 2482 cibi

205 2494 278 2520 illitis
292 2493 421 2521 caelestis.
441 2495 468 2521 In
486 2495 530 2521 illa
544 2496 641 2523 tabulae
658 2499 824 2530 testamenti,
841 2500 867 2526 in
886 2501 987 2528 tabulis

204 2541 295 2568 cordis
305 2541 401 2575 spiritu
416 2541 460 2569 Dei
472 2542 597 2575 viventis,
610 2551 663 2570 non
674 2548 827 2572 atramento
838 2546 986 2581 inscripta}.

203 2587 297 2623 Neque
317 2589 388 2616 enim
413 2590 449 2616 illi
471 2590 583 2624 puritati
597 2591 688 2618 cordis
708 2591 874 2626 caliginosus
887 2597 914 2620 et
928 2598 987 2622 ater

204 2636 358 2664 intellectus
373 2636 480 2664 inustus
494 2640 521 2664 et
534 2637 686 2672 impressus
699 2643 767 2665 erat.
783 2637 810 2665 In
828 2639 871 2666 illa
884 2641 987 2667 eolqu-

204 2689 254 2712 me.
267 2682 346 2709 bases
365 2686 391 2710 et
408 2687 634 2714 sustentamcnta.
650 2684 785 2718 capitella,
803 2685 983 2719 thuribulum,

204 2727 406 2759 candelabrum.
422 2729 651 2764 propitiatoriutn,
666 2731 767 2764 pelves,
784 2731 816 2758 ad
831 2732 921 2759 aditus
935 2734 984 2760 ob.

1044 973 1084 1004 είς
1097 973 1145 1007 τὴν
1162 971 1324 1006 Ἐκκλησίαν
1341 970 1486 1006 μεταλάϐοι
1500 971 1531 997 τὸ
1545 971 1682 1005 ποίμνιον.
1697 969 1775 1005 Πλὴν
1787 970 1840 996 οὐκ

1045 1019 1073 1044 ὲν
1094 1018 1197 1049 τούτοις
1213 1019 1277 1052 ἡμῖν
1299 1017 1375 1053 παρὰ
1388 1016 1435 1043 τοῦ
1458 1017 1554 1051 φθόνου
1571 1017 1588 1051 ἡ
1610 1016 1697 1051 βλάϐη
1707 1024 1716 1032 ’
1731 1015 1796 1043 οὐδὲ
1811 1017 1843 1041 ἐν

1044 1063 1114 1094 Evcl;
1138 1064 1186 1090 καὶ
1215 1062 1347 1097 καμήλοις
1374 1062 1424 1097 τὴν
1449 1061 1550 1096 ζημίαν
1575 1062 1740 1097 εἰργάσατο·
1777 1061 1840 1087 οὐδὲ

1043 1109 1180 1144 τραύματι
1209 1108 1310 1143 σαρκὸς
1333 1107 1384 1139 τὰς
1412 1107 1553 1142 αἰσθήσεις
1580 1106 1745 1143 ὲόρίμυξεν·
1779 1106 1838 1133 ἀλλ’

1043 1153 1115 1189 ἡμᾶς
1133 1153 1183 1188 τῆς
1202 1152 1324 1187 κεφαλῆς
1344 1152 1509 1187 ἁπεσύλησε.
1527 1153 1567 1187 Τῇ
1587 1152 1616 1179 δὲ
1639 1152 1748 1187 κεφαλῇ
1775 1160 1839 1178 συν-

1043 1199 1147 1234 απῆλθε
1170 1198 1204 1225 τὰ
1229 1198 1307 1234 τίμια
1335 1198 1414 1233 ἡμῶν
1436 1197 1610 1233 αἰσθητήρια.
1632 1197 1734 1224 οὐκέτι
1760 1197 1839 1223 ἐστὶν

1042 1244 1191 1279 ὁςρθαλμδς,
1203 1244 1218 1270 ὁ
1228 1244 1262 1270 τὰ
1280 1243 1393 1279 οὐράνια
1405 1243 1519 1278 βλέπων,
1531 1243 1591 1269 οὐδὲ
1603 1242 1683 1278 ἀκοὴ,
1694 1243 1748 1277 τῆς
1758 1242 1838 1273 θείας

1042 1289 1134 1323 φωνῆς
1157 1289 1299 1319 ὲπαῖουσα,
1316 1288 1376 1314 οὐδὲ
1399 1289 1415 1323 ἡ
1437 1287 1546 1322 γλῶσσα
1567 1287 1669 1322 ἐκείνη,
1693 1286 1726 1314 τδ
1752 1287 1837 1321 ἁγνδν

1042 1335 1168 1369 ἀνάθημα
1186 1335 1236 1369 τῆς
1251 1333 1388 1370 ἀληθείας.
1403 1333 1457 1360 Ποῦ
1472 1334 1489 1368 ή
1501 1333 1612 1367 γλυκεῖα
1628 1333 1683 1360 τῶν
1696 1333 1839 1368 ὀμμάτων

1042 1380 1161 1414 γαλήνη;
1180 1379 1276 1406 [Ιοῦςὺ
1296 1379 1408 1414 φαιδρὸν
1423 1379 1469 1405 ἐπὶ
1487 1377 1533 1405 τοῦ
1556 1378 1661 1413 χείλους
1682 1378 1834 1412 perﬂatu;

1044 1423 1098 1450 [Ιοῦ
1113 1424 1340 1459 ήεύπροσήγορος
1357 1423 1442 1455 δεξιὰ,
1457 1424 1490 1458 τῇ
1503 1422 1550 1448 τοῦ
1566 1422 1700 1457 στόματος
1723 1421 1836 1456 εὐλογίᾳ

1042 1469 1104 1500 τοὺς
1116 1469 1264 1500 δακτύλους
1277 1468 1500 1499 συνεπισείουσας
1516 1468 1675 1503 Προάγομαι
1689 1467 1720 1494 δὲ
1733 1467 1774 1498 ὡς
1789 1467 1836 1493 ἐπὶ

1043 1514 1145 1549 σκηνῆς
1166 1513 1316 1548 ἀναϐοῆσαι
1331 1513 1382 1549 τὴν
1394 1513 1550 1548 συμφοράν·
1573 1511 1656 1539 Ἑλεῶ
1670 1520 1711 1545 σε,
1725 1509 1750 1538 ὧ
1769 1512 1834 1538 Ἐκ-

1043 1559 1155 1595 κλησία”
1175 1559 1242 1593 πρὸς
1258 1559 1288 1586 σὲ
1301 1559 1382 1594 λέγω,
1392 1559 1443 1594 τὴν
1462 1559 1596 1593 Ἀντιόχου
1626 1558 1718 1586 πόλιν.
1748 1558 1836 1584 Ἐλεῶ

1003 1595 1026 1627 C
1043 1613 1072 1631 σε
1088 1605 1138 1638 τῆς
1153 1604 1254 1640 ἀθρόας
1268 1604 1370 1640 ταύτης
1385 1605 1545 1640 μεταὸολῆς.
1561 1603 1623 1635 Πῶς
1648 1604 1835 1639 ἀπεκοσμήθη

1040 1651 1072 1678 τὸ
1089 1651 1202 1684 κάλλος;
1217 1651 1278 1682 Πῶς
1288 1651 1446 1687 ἁπεσυλήθη
1462 1652 1476 1677 ὁ
1489 1651 1607 1686 κόσμος
1623 1650 1686 1682 Πῶς
1702 1649 1835 1684 ἐξαίφνης

1041 1697 1166 1732 ἀπερρύη
1176 1697 1206 1723 τὸ
1218 1696 1314 1730 ἄνθοςς
1329 1697 1431 1728 Ὄντως
1440 1695 1574 1732 ἐξηράνθη
1587 1697 1602 1723 ὁ
1614 1696 1723 1731 χόρτος,
1740 1696 1790 1722 καὶ
1803 1695 1837 1722 τὸ

1041 1741 1121 1773 ἄνθος
1133 1741 1271 1774 ἐξέπεσεν.
1291 1742 1338 1773 Τίς
1353 1741 1490 1777 ὀφθαλμὸς
1506 1741 1622 1777 πονηρὸς
1632 1762 1640 1774 ,
1661 1741 1705 1772 τίς
1728 1741 1834 1775 βασκα-

1041 1788 1084 1814 νία
1097 1787 1169 1822 κακὴ
1185 1787 1255 1813 κατὰ
1275 1787 1324 1822 τῆς
1351 1786 1513 1821 Ἐκκλησίας
1539 1787 1645 1820 ἐκείνης
1669 1786 1833 1821 ὲκώμασενς

1042 1830 1093 1860 Οἷα
1104 1832 1162 1859 ἀνθ’
1175 1833 1238 1859 οἴων
1250 1832 1396 1867 marem:
1415 1832 1550 1865 Ἐξέλιπεν
1564 1834 1581 1867 ἡ
1594 1832 1681 1867 πηγὴ,
1694 1832 1833 1867 ἐξηράνθη

1040 1879 1055 1904 ὁ
1070 1878 1202 1913 ποταμός.
1219 1878 1302 1904 Πάλιν
1322 1878 1361 1910 εις
1375 1875 1446 1913 αἷμα
1467 1878 1631 1913 μετεποιήθη
1649 1878 1681 1904 τὸ
1697 1878 1782 1913 ὕδωρ.
1803 1879 1835 1904 Ὢ

1040 1923 1187 1958 δυστυχοῦς
1207 1923 1337 1957 ἀγγελίας
1358 1923 1477 1958 ἐκείνης,
1492 1923 1542 1958 τῆς
1561 1923 1777 1958 διαγγελλούσης
1800 1925 1834 1958 τῇ

1047 1971 1194 2006 Ἐκκλησία
1222 1971 1253 1997 τὺ
1280 1970 1388 2002 πάθοςί
1416 1971 1456 2002 τίς
1481 1971 1538 2006 ἐρεῖ
1558 1972 1615 2001 τοῖς
1638 1971 1760 2002 τέκνοις,
1793 1971 1834 1996 ὅτι

1040 2015 1306 2052 ὰπωρφανίσθησαν;
1336 2016 1384 2047 Τίς
1408 2015 1558 2049 ἀπαγγελεῖ
1580 2016 1613 2050 τῇ
1649 2015 1766 2051 νύμφῃ,
1793 2016 1834 2041 ὅτι

1040 2061 1203 2096 ὲχήρευσεν;
1223 2061 1254 2086 Ὢ
1277 2060 1332 2086 τῶν
1353 2060 1462 2087 κακῶνί
1488 2059 1521 2085 Τί
1538 2059 1713 2094 ἐξέπεμψαν,
1737 2059 1790 2085 καὶ
1808 2059 1834 2084 τί

1041 2106 1229 2140 ὑποδέχονταις
1245 2105 1368 2132 Κιὸωτὸν
1389 2104 1578 2140 προέπεμψαν.
1602 2105 1650 2131 καὶ
1665 2105 1748 2139 σορὸν
1768 2105 1833 2130 ὑπο-

1039 2151 1169 2186 δέχονται.
1181 2149 1304 2182 Κιὸωτδς
1315 2147 1359 2185 ἦν.
1375 2149 1493 2184 ἀδελφοὶ,
1506 2150 1521 2175 ὁ
1531 2149 1578 2175 τοῦ
1589 2148 1659 2175 Θεοῦ
1673 2148 1832 2184 ἄνθρωπος,

1041 2195 1155 2227 κιῦωτδς
1182 2195 1316 2230 περιέχων
1347 2196 1376 2222 ὲν
1405 2194 1494 2230 ἐαυτῷ
1521 2194 1555 2220 τὰ
1585 2194 1643 2220 θεῖα
1673 2195 1830 2229 μυστήριαι

1042 2243 1100 2268 ἐκεῖ
1119 2242 1136 2276 ὴ
1160 2241 1276 2276 στάμνος
1298 2241 1316 2276 ἡ
1338 2241 1425 2276 χρυσῆ
1444 2240 1550 2275 πλήρης
1569 2240 1616 2266 τοῦ
1631 2239 1708 2266 θείου
1727 2239 1832 2274 μάννα,

1039 2287 1146 2322 πλήρης
1159 2287 1209 2320 τῆς
1227 2285 1353 2321 οὐρανίου
1371 2285 1489 2321 τροφῆς.
1512 2286 1555 2312 Ἐν
1573 2285 1665 2320 ἐκείνῃ
1688 2287 1717 2312 αἱ
1730 2286 1831 2316 πλάκες

1039 2332 1088 2366 τῆς
1101 2331 1242 2366 διαθήκης,
1258 2332 1287 2358 ὲν
1304 2333 1364 2363 ταῖς
1377 2330 1457 2364 πλαξὶ
1473 2331 1522 2366 τῆς
1535 2331 1647 2366 καρδίας
1669 2332 1830 2366 ἐγγεγραμ-

1041 2378 1120 2412 μέναι
1133 2377 1268 2412 πνεύματι
1289 2377 1357 2404 Θεοῦ
1374 2377 1485 2410 ζῶντος,
1503 2378 1534 2404 οὐ
1550 2377 1654 2412 μέλανι.
1672 2378 1762 2404 Οὗδὲν
1779 2377 1831 2412 γὰρ

1039 2425 1072 2458 τῇ
1087 2423 1251 2458 καθαρότητι
1269 2423 1319 2458 τῆς
1341 2423 1454 2458 καρδίας
1475 2423 1593 2457 ζοφῶδες
1610 2423 1658 2449 καὶ
1677 2423 1766 2458 μέλαν
1790 2424 1829 2449 ἐν-

1041 2467 1171 2494 εκέκαυτο
1186 2467 1284 2502 νόημα.
1309 2467 1353 2493 Ἐν
1368 2467 1460 2502 ἐκείνῃ
1479 2468 1504 2494 oi
1522 2467 1623 2498 στύλοι,
1636 2467 1663 2493 al
1682 2467 1790 2502 βάσεις,
1803 2469 1828 2493 at

1040 2511 1192 2546 κεφαλίδες,
1205 2512 1236 2537 τὸ
1250 2512 1438 2546 θυμιατήριον,
1455 2512 1471 2546 ἡ
1489 2511 1593 2545 λυχνία,
1610 2511 1642 2537 τὸ
1659 2511 1826 2548 ἱλαστήριον,

1039 2557 1064 2582 οί
1088 2556 1229 2591 λουτῆρες,
1258 2556 1293 2582 τὰ
1314 2555 1368 2582 τῶν
1392 2556 1501 2582 εἰσόδων
1518 2556 1773 2591 καταπτάσματω
1802 2558 1827 2582 ἐν

1039 2600 1130 2636 ἐκείνῃ
1144 2601 1159 2635 ἠ
1180 2600 1276 2635 ῥάϐδος
1289 2601 1337 2634 τῆς
1352 2600 1510 2635 ἱερωσύνης,
1526 2601 1542 2634 ὴ
1555 2601 1584 2626 ἐν
1596 2601 1657 2631 ταῖς
1672 2601 1754 2636 χερσὶ
1770 2602 1828 2632 ταῖς

1037 2645 1142 2672 ἐκείνου
1166 2645 1351 2680 βλαστήσασα.
1372 2646 1428 2672 Καὶ
1451 2645 1478 2671 εἰ
1504 2654 1531 2671 τι
1552 2645 1616 2671 ἄλλο
1645 2646 1696 2679 τὴν
1713 2645 1827 2672 κιῦωῖδη

1036 2690 1108 2725 ἔχειν
1130 2690 1274 2726 ἀκούομεν,
1292 2691 1382 2717 πάντα
1397 2691 1429 2725 τῇ
1453 2690 1525 2726 ψυχῇ
1541 2690 1587 2717 τοῦ
1611 2690 1710 2725 ἀνδρὸς
1726 2692 1826 2726 περιεί-

1035 2734 1131 2769 ληπτο.

206 2777 281 2799 tensa
298 2774 356 2801 vela
387 2778 467 2809 atque
498 2776 598 2808 aulzea;
624 2775 649 2802 in
668 2776 723 2809 illa,
747 2777 820 2812 virga
838 2779 982 2806 sacerdotii
1003 2787 1062 2814 quae
1079 2780 1248 2808 inmanibus
1268 2781 1341 2810 illius
1358 2780 1531 2816 germinavit.
1550 2780 1582 2808 Et
1605 2781 1630 2808 si
1663 2781 1732 2816 quid
1754 2781 1824 2808 aliud

210 2826 299 2846 arcam
324 2819 352 2848 in
369 2827 398 2848 se
415 2820 542 2849 habuisse
559 2821 694 2855 audimus,
722 2823 812 2850 omnia
828 2823 919 2852 animo
935 2825 987 2852 viii
1003 2825 1222 2853 continebantur.
