1912 3082
80 104 143 134 831

682 103 726 130 DE
742 104 893 132 MELETIO
911 104 1088 135 EPISCOPO.

1647 106 1701 133 8.38

123 163 193 189 Ἀλλ’
210 162 268 190 ἀντ’
285 162 394 189 ἐκείνων
410 163 451 195 τίς
472 163 604 189 Samnite)
621 164 635 190 ὁ
646 163 732 198 λόγος.
748 164 864 196 Σινδένες

954 165 1006 192 Sed
1022 173 1069 200 pro
1083 165 1136 191 illis
1149 164 1237 198 quid?
1252 165 1336 191 Silcat
1350 164 1447 192 oratiu.
1470 163 1604 192 Sindones
1621 172 1701 191 mun-

80 207 211 243 καθαραὶ,
237 208 285 234 ttat
302 207 336 234 τὰ
353 209 385 234 ὲκ
408 207 498 243 σηρῶν
514 207 673 242 ὑφάσματα“
702 209 795 243 μύρων
819 209 866 234 καὶ

80 254 237 290 ἀρωμάτων
254 253 387 288 δαψίλεια,
402 254 531 288 γυναικὸς
554 254 692 289 φιλοτιμία
708 254 823 289 κοσμίας
836 262 866 280 τε

80 300 130 326 καὶ
142 299 319 334 εὐσχήμονος.
340 300 485 335 Εἰρήσεται
498 299 552 334 γὰρ
564 299 601 330 ὡς
615 300 648 326 ἂν
661 300 706 326 καὶ
722 299 806 326 ταῦτα
819 300 866 334 τέ-

80 353 154 370 νοιτο
167 346 207 376 εἰς
218 344 368 380 μαρτύριον
377 345 457 380 αὐτῇ,
474 345 488 371 ὅ
503 345 565 380 περὶ
581 345 626 371 τὸν
640 345 714 380 ἱερέα
727 345 865 380 ἐποίησεν,

79 390 201 424 δαψιλῶς
221 390 269 425 τὴν
282 390 450 425 ἀλάϐαστρον
466 389 513 417 τοῦ
538 391 623 425 μύρου
639 391 688 425 τῆς
706 389 753 416 τοῦ
773 390 867 425 ἱερέως

81 436 203 471 κεφαλῆς
228 436 395 471 καταχέασα.
422 435 502 462 Ἀλλὰ
522 435 551 462 τὸ
570 437 599 462 ἐν
614 435 718 467 τούτοις
738 436 867 468 διασωζό-

82 488 175 514 μενον,
194 479 237 512 τίς
257 481 338 506 ὀστέα
360 479 454 516 νεκρὰ,
478 481 525 508 καὶ
542 480 594 516 πρὸ
614 481 660 507 τοῦ
680 481 794 507 θανάτου
819 490 867 516 μισ

81 525 251 561 μελετηκότα
262 527 309 562 τὴν
323 527 454 562 νέκρωσιν
463 535 471 542 ο
484 527 519 554 τὰ
532 527 641 562 λυπηρὰ
654 527 708 554 τῶν
722 528 867 563 συμφορῶν

78 571 162 606 ἡμῶν
193 571 362 606 μνημόσυνα.
389 572 421 598 Ὢ
446 572 488 598 οἵα
508 572 583 607 φωνὴ
607 572 687 599 πάλιν
710 573 740 599 ὲν
777 573 867 606 Ῥαμά

79 618 300 653 ἀκουσθήσεταιῐ
322 618 422 653 Ῥαχὴλ
443 618 574 645 κλαίουσα
587 619 647 653 οὐχ).
662 618 697 645 τὰ
720 618 802 645 τέκνα
816 619 866 644 αὖ·

77 663 142 698 τῆς,
156 663 223 691 ἀλλά
236 663 282 690 τὸν
296 664 390 700 ἄνδρα,
409 664 456 690 καὶ
478 665 509 691 οὐ
537 665 702 700 προσιεμένη
723 665 867 700 παράκλη-

79 716 134 735 σιν.
155 710 273 744 Ἅφετε,
299 710 325 736 οἱ
351 709 587 745 παρακαλοῦντες.
610 710 704 744 ἄφετε.
728 709 774 745 Μὴ
801 717 866 736 κατ-

79 753 211 789 ισχύσητε
230 754 429 790 παρακαλέσαι.
443 755 517 790 Βαρὺ
535 755 666 782 πενθείτω
687 756 704 790 ὴ
718 755 799 790 χήρα.
812 757 866 782 ~Ai-

79 800 187 827 σθέσθω
197 800 247 836 τῆς
265 801 365 836 ζημίας
377 799 412 836 ἧς
424 801 586 836 ὲζημίωται.
603 801 699 827 Καίτοι
709 802 758 828 οὐκ
769 802 866 836 ἀμελέ-

77 845 161 879 τητός
180 831 242 872 ἐστιν
320 831 514 882 χώρῶμούϊὲν
532 847 587 878 τοῖς
605 846 692 880 ἀγῶσι
719 847 766 874 τοῦ
783 831 865 882 ἀθλη-
880 831 903 862 Β

77 890 129 917 τοῦ
156 891 347 926 προεθισθεῖσα
371 892 464 927 φέρειν
485 892 534 928 τὴν
562 893 689 928 μόνωσιν.
717 893 865 929 Μέμνησθε

78 936 190 968 πάντως
204 937 278 968 ὅπως
293 937 358 973 ὑμῖν
374 939 388 964 ὁ
407 937 461 973 πρὸ
484 937 562 973 ὴμῶν
578 938 656 972 λόγος
673 939 736 970 τοὺς
756 940 867 974 ἀγῶνας

76 980 129 1007 τοῦ
151 980 245 1017 ἀνδρὸς
259 981 424 1016 διηγήσατο,
449 983 491 1009 ὅτι
512 981 557 1009 διὰ
574 983 682 1009 πάντων
705 983 794 1018 τιμῶν
815 985 866 1019 τὴν

77 1026 163 1060 ἀγῖαν
180 1027 292 1063 Τριάδα,
307 1028 354 1054 καὶ
374 1029 404 1054 ὲν
423 1027 463 1063 τῷ
484 1027 592 1063 ἀριθμῷ
605 1028 659 1055 τῶν
677 1028 789 1063 ἀγώνων
815 1031 865 1066 τὴν

76 1073 163 1108 τιμὴν
187 1073 352 1107 διεσώσατο,
379 1075 452 1110 τρισὶ
471 1075 632 1110 πειρασμῶν
647 1075 808 1110 προσὸολαίς
821 1076 866 1102 ὲν-

77 1119 211 1154 αῡλὴσας.
229 1119 377 1146 Ἠκούσατε
393 1121 442 1156 τὴν
453 1120 614 1148 ἀκολουθίαν
629 1121 685 1148 τῶν
700 1122 798 1155 πόνων,
809 1120 865 1155 οἷος

76 1165 108 1191 ὲν
133 1165 260 1200 πρώτοις,
276 1164 331 1198 οἷος
352 1166 381 1192 έν
397 1166 498 1201 μέσοις,
516 1168 545 1194 ὲν
565 1167 729 1200 τελευταίοις
750 1166 804 1200 οἷος
819 1167 863 1204 ἦν.

76 1211 214 1246 Περιττὴν
236 1211 321 1247 κρίνω
341 1211 390 1247 τὴν
407 1213 563 1249 παράληψιν
578 1213 632 1240 τῶν
647 1213 800 1249 εἰρημένων
815 1223 865 1241 κα-

75 1254 142 1286 λῶς,
167 1255 247 1283 Ἀλλὰ
268 1256 393 1283 τοσοῦτον
409 1257 495 1284 εἰπεῖν
517 1258 581 1289 tam;
593 1258 643 1284 οὐκ
657 1258 780 1294 ἄκαιρον·
799 1259 863 1286 Ὅτε

74 1300 110 1327 τὺ
135 1301 243 1336 πρῶτον
266 1299 336 1328 εἶδεν
358 1303 375 1337 ἡ
399 1302 514 1338 σώφρων
541 1304 687 1339 Ἐκκλησία
711 1305 801 1341 ἐκείνη
817 1306 864 1334 τὸν

75 1345 174 1382 ἄνδρα,
198 1345 267 1373 εἶδεν
289 1347 434 1383 πρόσωπον
457 1348 566 1384 ἀληθῶς
579 1351 609 1376 έν
629 1351 713 1377 εἰκόνι
734 1351 801 1378 Θεοῦ
819 1361 864 1387 μεο

77 1391 259 1428 μορφωμινον
268 1401 276 1409 ·
292 1391 361 1420 εἶδεν
374 1394 484 1429 ἀγάπην
497 1395 672 1430 ηγάζουσαν
680 1405 689 1413 σ
702 1394 772 1424 εἶδεν
784 1397 864 1433 χάριν

75 1437 299 1474 περικεχυμένην
321 1440 377 1471 τοῖς
402 1439 518 1474 χείλεσιο
545 1442 792 1477 ταπεινοφροσύνης
818 1443 863 1470 τὸν

75 1483 227 1518 ἀκρότατον
253 1482 332 1518 ὅρον·
358 1483 418 1519 μεθ’
441 1483 472 1510 ὃν
493 1485 543 1511 οὐκ
566 1484 639 1512 ἔστιν
667 1487 808 1521 ἐπινοῆσαι
831 1488 861 1514 τὺ
875 1498 896 1527 C

75 1527 177 1554 πλέον’
206 1527 278 1555 κατά
298 1528 344 1554 τὸν
368 1528 458 1559 Δαὸἱδ,
476 1531 525 1565 τὴν
549 1529 706 1565 πραότητα·
732 1532 801 1558 κατὰ
816 1533 860 1559 τὸν

75 1575 309 1611 Σολομῶντα.τὴν
323 1575 430 1602 σύνεσιν
442 1585 449 1593 ·
468 1576 538 1603 κατὰ
549 1577 594 1603 τὸν
608 1578 719 1609 Μωσέα.
732 1580 780 1615 τὴν
796 1580 863 1614 ἀγα-

76 1618 192 1653 οότητα⁶
210 1619 281 1645 κατὰ
291 1619 336 1646 τὸν
350 1620 484 1656 Σαμουὴλ,
502 1621 552 1656 τὴν
565 1621 722 1657 ἀκρίϐειανο
735 1624 806 1650 κατὰ
817 1625 864 1652 τὸν

81 1663 201 1698 Ἰωσὴφ,
224 1663 274 1699 τὴν
300 1665 492 1700 σωφροσύνην·
514 1665 584 1692 κατά
605 1666 652 1692 τὸν
677 1667 786 1703 Δανιὴλ.
812 1668 863 1704 τὴν

76 1708 176 1742 σοφίαν
185 1717 193 1723 ·
212 1708 284 1735 κατὰ
296 1709 341 1736 τὸν
356 1710 440 1744 μέγαν
460 1710 562 1742 Ἠλίαν,
578 1712 607 1738 ἐν
621 1711 660 1744 τῷ
673 1712 746 1747 ζήλῳ
755 1713 805 1747 τῆς
819 1714 864 1740 πί-

76 1761 182 1784 στεως*
200 1754 270 1780 κατὰ
291 1755 337 1781 τὸν
362 1755 463 1790 ὑψηλὸν
492 1757 628 1792 Ἰωάννην,
643 1758 671 1783 ὲν
689 1759 722 1793 τῇ
746 1759 864 1795 ἀφθορίᾳ.

74 1798 125 1825 τοῦ
140 1797 265 1834 σώματος
276 1808 284 1816 ι
306 1800 376 1827 κατὰ
397 1800 442 1827 τὸν
458 1801 573 1833 Παῦλον,
591 1802 620 1828 ὲν
638 1803 672 1837 τῇ
690 1802 864 1839 ἀνυπεροέτῳ

74 1843 185 1880 ἀγάπῃ.
199 1843 275 1871 Εῐδεν
286 1845 418 1872 τοσούτων
432 1846 540 1880 ἀγαθῶν
555 1847 705 1883 συνδρομὴν
720 1849 784 1884 περὶ
799 1849 864 1883 μίαν

73 1889 182 1923 ψυχήν·
206 1889 312 1925 ἐτρώθη
334 1891 373 1926 τῷ
388 1892 514 1927 μακαρίῳ
531 1891 623 1927 ἔρωτι,
637 1894 666 1919 ὲν
679 1894 712 1928 τῇ
733 1894 801 1929 ἁγνῇ
818 1894 864 1920 καὶ

74 1933 168 1968 ἀγαθῇ
181 1934 362 1970 φιλοφροσύνῃ
383 1935 428 1961 τὸν
443 1935 559 1970 νυμφίον
573 1936 674 1971 ἑαυτῆς
687 1937 862 1973 ἀγαπήσασα.

81 1979 166 2006 ’Δλλά
180 1979 245 2014 πρὶν
254 1980 303 2016 τὴν
315 1980 460 2015 ἐπιθυμίαν
473 1981 619 2016 ἐμπλῆσαι,
634 1982 699 2017 πρὶν
709 1983 864 2010 ἀναπαῦσαι

73 2025 124 2052 τὸν
142 2025 233 2058 πόθον,
246 2025 286 2052 ἔτι
299 2026 339 2061 τῷ
354 2026 457 2062 φίλτρῳ
474 2026 582 2058 ζέουσα.
603 2025 865 2064 κατελείφθη“μόνη,

70 2071 133 2098 τῶν
155 2072 317 2107 πειρασμῶν
335 2072 381 2099 τὸν
406 2072 526 2108 ἀθλητὴν
547 2073 594 2099 ἐπὶ
609 2074 673 2106 τοὺς
689 2074 797 2108 ἀγῶνας
816 2083 865 2102 κα-

73 2115 206 2144 λούντων.
225 2117 280 2143 Καὶ
293 2118 307 2144 ό
321 2117 371 2152 μὲν
389 2118 495 2153 ινήολει
511 2119 567 2149 τοῖς
581 2118 651 2154 ὑπὲρ
664 2119 714 2154 τῆς
725 2119 864 2151 εὐσεϐείας

916 211 968 241 ἄιε,
995 215 1022 237 et
1042 209 1123 244 panni
1149 209 1249 242 serici;
1274 213 1473 244 unguentorum
1500 213 1528 236 et
1547 214 1699 236 aromatum

917 257 1028 292 largitas
1053 260 1079 283 et
1096 256 1273 288 abundantia,
1299 255 1446 282 liberalitas
1463 254 1585 282 mulieris
1611 259 1638 282 ct
1652 263 1699 282 or-

917 306 987 329 nata:
1007 306 1035 329 et
1054 301 1191 328 honestam
1205 300 1314 328 Dicetur
1332 301 1417 331 enim,
1447 305 1476 326 ut
1493 300 1575 327 etiam
1599 300 1655 327 haec
1673 301 1698 327 ei

917 347 1073 375 testimonio
1093 348 1159 379 sint,
1186 354 1247 381 quae
1266 353 1331 380 erga
1349 345 1518 373 sacerdotem
1544 345 1617 378 fecit,
1636 353 1698 371 cum

916 394 1081 420 alabastrum
1104 393 1234 426 tingueuti
1259 393 1370 428 largiter
1391 392 1418 418 in
1441 396 1523 426 caput
1546 391 1698 419 sacerdotis

916 439 1021 467 eﬂudit.
1029 439 1083 466 Sed
1092 439 1164 474 quod
1175 439 1203 466 in
1213 439 1254 466 his
1266 443 1402 470 servatur,
1412 438 1476 473 quid
1486 438 1497 464 ?
1508 445 1569 465 ossa
1580 441 1698 467 mortua,

916 493 976 520 qum
988 489 1016 512 et
1033 489 1097 512 ante
1113 488 1239 516 mortem,
1255 484 1448 512 mortalitatem
1464 484 1591 510 meditata
1601 486 1677 510 erant
1690 491 1696 509 :

917 531 1030 558 molesta
1059 530 1245 557 calamitatum
1278 533 1433 557 nostrarum
1463 532 1647 555 monumenta.
1675 526 1698 553 Ο

916 577 1004 611 qualis
1016 585 1066 603 vox
1081 584 1176 603 rursus
1188 576 1216 602 iu
1232 575 1313 602 ﬂama
1325 575 1450 602 audietur
1463 575 1469 601 !
1483 574 1582 601 Rachel
1597 573 1699 600 deﬂens

917 629 971 648 non
990 622 1060 649 tilias
1072 629 1148 653 suos,
1168 621 1215 648 sed
1230 622 1317 648 virum
1332 628 1423 653 suum,
1441 626 1468 647 et
1482 628 1535 646 non
1552 619 1698 646 admittens

915 666 1143 693 consolationem.
1162 665 1296 697 Omittite.
1318 673 1335 694 ο
1356 666 1541 697 consolantes,
1561 664 1697 691 omittite:

916 712 999 739 nolite
1011 712 1176 739 contendere
1190 715 1219 738 ut
1233 711 1423 740 consolcmini.
1436 710 1561 738 Graviter
1575 709 1654 740 ferat,
1671 712 1698 735 et

917 757 1006 793 lugeat
1030 757 1121 785 vidua.
1138 758 1244 785 Sentiat
1265 757 1395 784 damnum
1416 757 1488 792 quod
1516 756 1590 783 fecit.
1604 756 1697 788 Quan-

916 810 997 837 quam
1013 810 1066 830 uon
1089 803 1215 838 imperita
1242 803 1421 830 discessionis
1446 808 1498 833 est,
1525 806 1554 828 ut
1567 808 1627 836 qua:
1641 800 1696 835 jam

917 853 994 876 antea
1008 849 1035 876 in
1054 849 1195 876 laboribus
1211 848 1463 882 certaminibusque
1477 847 1586 874 athletae
1602 846 1699 872 solitu-

916 893 1006 921 dinem
1021 901 1053 920 ac
1066 893 1270 922 destitutionem
1291 893 1363 920 ferre
1375 892 1527 920 assuefacta
1543 891 1588 917 sit.
1604 889 1697 920 Memi-

916 939 996 967 nistis
1010 940 1132 971 omnino,
1151 938 1379 974 queutadmodum
1391 937 1470 964 vobis
1486 940 1550 963 ante
1563 935 1634 962 hanc
1648 943 1698 960 no-

915 988 999 1010 stram
1027 983 1118 1011 habita
1142 983 1231 1010 oratio
1246 982 1355 1010 labores
1378 985 1460 1016 atque
1474 980 1625 1007 Certamina
1646 978 1697 1004 viri

915 1028 1052 1063 exposuit,
1070 1028 1142 1064 quod
1154 1035 1216 1055 cum
1233 1035 1283 1062 per
1296 1028 1388 1055 omnia
1402 1030 1525 1054 sanctam
1536 1025 1697 1052 Trinitatem

915 1074 1072 1106 honoraret,
1087 1074 1170 1101 etiam
1190 1073 1218 1100 in
1234 1081 1349 1100 numero
1367 1071 1546 1099 certaminum
1566 1070 1696 1097 honorem

915 1120 1129 1152 conservaverit,
1144 1122 1174 1146 ut
1193 1119 1239 1153 qui
1257 1119 1285 1146 in
1299 1118 1387 1144 tribus
1407 1116 1588 1144 tentatiouum
1603 1115 1698 1141 incur-

915 1164 1039 1192 sionibus
1075 1164 1232 1192 decertarit.
1265 1163 1416 1191 Audivistis
1450 1161 1698 1190 continuationem,

914 1214 1071 1238 contextum
1096 1215 1124 1238 et
1147 1210 1245 1238 seriem
1266 1209 1400 1238 laborum,
1430 1207 1520 1243 qualis
1542 1207 1568 1233 in
1593 1205 1698 1241 primis,

914 1255 1005 1291 qualis
1019 1255 1046 1282 in
1062 1255 1169 1289 mediis,
1183 1254 1274 1290 qualis
1290 1258 1365 1282 esset
1385 1253 1412 1280 in
1425 1252 1579 1287 postremis.
1595 1251 1698 1285 Super—

913 1307 1027 1327 vacuam
1051 1300 1146 1334 judico
1174 1299 1365 1334 repetitionem
1385 1298 1454 1325 bene
1480 1297 1627 1324 dictorum.
1645 1295 1700 1322 Sed

914 1350 1019 1373 tantum
1034 1346 1126 1374 dicere
1151 1345 1268 1373 fortasse
1288 1353 1343 1372 non
1365 1345 1585 1379 intempestivum
1604 1341 1696 1368 fuerit.

913 1391 981 1419 Cum
996 1391 1113 1426 primum
1130 1391 1199 1419 bene
1212 1394 1319 1418 morata
1333 1398 1365 1417 ac
1380 1389 1500 1416 modesta
1513 1388 1559 1415 illa
1576 1386 1698 1414 Ecclesia

914 1437 1001 1463 virum
1026 1435 1106 1469 vidit,
1133 1435 1231 1464 faciem
1253 1436 1320 1463 vidit
1341 1435 1374 1462 ad
1400 1435 1544 1469 imaginem
1567 1433 1612 1460 Dei
1635 1440 1699 1460 vere

914 1483 1056 1509 formatam
1071 1490 1078 1514 ;
1092 1481 1159 1509 vidit
1170 1481 1344 1509 dilectionem
1360 1479 1444 1506 t‘outis
1455 1479 1536 1506 modo
1549 1477 1701 1506 scaturien-

913 1533 984 1562 tem;
1003 1527 1069 1555 vidit
1084 1527 1200 1562 gratiam
1217 1527 1296 1554 labiis
1315 1524 1529 1556 circumfusam;
1551 1523 1634 1550 animi
1649 1523 1700 1550 dc-

913 1573 1054 1601 missionis
1068 1579 1204 1600 summum
1225 1571 1359 1607 gradum;
1385 1574 1448 1605 post
1471 1577 1554 1605 quem
1581 1569 1700 1603 amplius

913 1619 1060 1654 quidquam
1081 1617 1195 1653 cogitari
1223 1625 1278 1645 non
1293 1621 1403 1652 potest:
1427 1615 1496 1643 vidit
1511 1613 1700 1642 mansuetudi-

914 1672 974 1691 nem
989 1669 1071 1698 atque
1086 1663 1270 1695 clementiam.
1285 1662 1376 1697 qualis
1386 1662 1414 1689 iu
1430 1661 1531 1688 Davide
1548 1661 1616 1688 l'uit:
1632 1668 1702 1695 qua-

914 1711 948 1737 lis
961 1710 988 1737 in
1009 1709 1167 1740 Solomone.
1186 1709 1392 1744 intelligentiam
1408 1713 1490 1742 atque
1507 1707 1700 1742 prudentiam;

913 1755 1002 1790 qualis
1029 1756 1057 1783 in
1072 1755 1174 1790 Moyse,
1200 1755 1368 1787 bonitatem;
1392 1754 1483 1789 qualis
1510 1753 1538 1780 in
1562 1752 1702 1781 Samuelc.

914 1801 1127 1836 perfectionem;
1157 1801 1249 1836 qualis
1281 1800 1308 1828 in
1339 1799 1470 1835 Josepho,
1500 1798 1703 1827 continentiam

914 1847 1147 1882 pudicitiamque;
1178 1846 1269 1882 qualis
1305 1847 1333 1874 in
1362 1845 1482 1877 Daniele,
1513 1844 1704 1879 sapientiam;

914 1893 1142 1928 quemadmodum
1157 1900 1274 1928 magnus
1288 1891 1374 1923 Elias.
1389 1891 1448 1918 zelo
1461 1890 1522 1917 ﬁdei
1538 1890 1679 1925 praeditum
1692 1897 1704 1921 ς

913 1939 993 1966 sicuti
1009 1939 1135 1966 sublimis
1149 1937 1281 1970 Joannes,
1299 1937 1456 1972 integritate
1476 1935 1602 1970 corporis
1616 1942 1703 1961 orna-

914 1989 988 2018 tum;
1019 1984 1099 2012 sicuti
1118 1983 1220 2011 Paulus
1238 1982 1450 2016 inexsuperabili
1468 1981 1611 2016 praeditum
1631 1980 1702 2007 dile-

914 2029 1016 2056 ctione.
1045 2028 1122 2055 Vidit
1147 2031 1187 2055 tot
1213 2028 1348 2055 bonorum
1370 2027 1445 2054 circa
1470 2033 1552 2053 uuam
1581 2025 1704 2051 animam

914 2081 1080 2103 concursum
1095 2083 1101 2101 :
1113 2081 1207 2101 amore
1219 2074 1300 2101 beato
1312 2073 1453 2100 vulnerata
1463 2075 1517 2103 est,
1530 2075 1606 2098 casto
1619 2071 1703 2097 bono-

914 2128 967 2155 que
979 2128 1110 2155 sponsum
1122 2127 1203 2147 suum
1220 2126 1313 2146 amore
1325 2122 1408 2153 atque
1428 2117 1618 2145 benevolentia
1635 2123 1701 2150 pro-

75 2162 204 2197 ἱδρῶσιν⁷
225 2163 242 2198 ὴ
264 2163 292 2189 δὲ
316 2163 449 2198 ὑπέμενεν
472 2164 501 2190 ὲν
525 2164 684 2200 σωφροσύνῃ
709 2165 756 2191 τὸν
776 2165 863 2200 γάμον

916 2169 1009 2193 secuta
1033 2165 1149 2192 dilexit.
1186 2163 1239 2192 Sed
1266 2164 1425 2199 priusquam
1447 2163 1624 2198 cupiditatem
1652 2170 1702 2189 ex-

75 2208 259 2242 φυλάττουσα.
273 2209 374 2244 Χρόνος
387 2206 422 2244 ἦν
435 2209 463 2235 ὲν
484 2208 558 2243 μέσῳ
575 2209 667 2242 πολὺς,
689 2210 736 2236 καί
747 2218 790 2242 τις
805 2219 865 2245 μοι-

74 2252 164 2288 χικῶς
185 2252 374 2288 κατεπεχείρει
396 2253 445 2288 τῆς
459 2252 594 2288 ἀχράντου
618 2253 762 2285 παστάδος.
794 2254 863 2281 Ἀλλ’

75 2299 95 2333 ἡ
115 2298 207 2334 νύμφη
231 2299 282 2325 οὐκ
297 2298 449 2333 ἐμιαίνετο,
468 2299 515 2324 καὶ
537 2298 618 2325 πάλιν
646 2299 792 2331 ἐπάνοδος,
818 2300 866 2326 καὶ

75 2343 161 2370 πάλιν
183 2344 274 2379 φυγή·
292 2344 338 2370 καὶ
357 2345 389 2370 ὲκ
407 2344 498 2379 τρίτου
516 2343 662 2376 ὡσαύτως,
677 2345 729 2376 ἕως
748 2345 864 2380 διασχὼν

75 2390 125 2416 τὸν
142 2390 277 2426 αἰρετικὺν
303 2390 383 2424 ζόφον
400 2391 416 2416 ὁ
439 2389 554 2426 Κύριος,
578 2391 625 2417 καὶ⁵
643 2391 692 2426 τὴν
705 2391 802 2418 ἀκτῖνα
816 2392 865 2427 τῆς

76 2437 191 2471 εἰρήνης
210 2435 355 2467 ἐπιϐαλὼν,
372 2435 472 2462 ἔδωκεν
493 2435 646 2462 ἀνάπαυσιν
665 2444 726 2463 τινα
741 2436 795 2463 τῶν
812 2445 866 2472 μα-

77 2482 154 2517 κρῶν
175 2481 263 2508 πόνων
280 2481 398 2513 ἐλπίζειν
409 2489 416 2495 ·
437 2480 494 2507 ἀλλ’
508 2481 600 2516 ἐπειδὴ
612 2481 692 2508 πάλιν
704 2479 772 2509 είδον
785 2482 866 2517 ἀλλή-

76 2527 151 2559 λους,
170 2527 218 2554 καὶ
240 2526 376 2562 ἀνενεώθη
392 2527 427 2554 τὰ
448 2527 496 2562 τῆς
514 2527 705 2563 σωφροσύνης,
719 2528 765 2554 καὶ
778 2528 865 2564 θυμη-

76 2571 131 2598 ὅίαι
159 2571 356 2606 πνευματικαί·
384 2572 431 2598 καὶ
451 2571 532 2598 πάλιν
555 2571 706 2606 ἀνεφλέχθη
728 2572 743 2598 ό
765 2572 863 2604 πόθος·

76 2617 159 2649 εὐθὺς
175 2617 315 2644 διακόπτει
330 2617 380 2652 τὴν
399 2617 546 2644 ἀπόλαυσιν
561 2618 578 2652 ἡ
592 2618 692 2653 ἐσχάτη
707 2617 775 2653 αὕτη
797 2618 864 2644 ἀπο-

75 2662 174 2697 δημία.

915 2211 1012 2246 pleret.
1038 2216 1183 2245 antequam
1206 2210 1375 2238 desiderium
1397 2213 1533 2237 recrearet
1553 2214 1635 2242 atque
1657 2215 1701 2236 sc-

915 2257 1004 2287 darct,
1018 2256 1100 2283 etiam
1116 2264 1190 2283 nunc
1203 2257 1306 2284 amoris
1321 2256 1347 2283 vi
1369 2255 1486 2288 fervens,
1504 2254 1704 2282 tentationibus

915 2303 1044 2329 athletam
1060 2301 1093 2328 ad
1110 2302 1258 2329 certamina
1274 2302 1444 2333 vocantibus.
1468 2300 1525 2328 sola
1542 2300 1634 2327 relicta
1648 2304 1703 2326 est.

915 2349 1004 2382 Atque
1017 2347 1061 2374 ille
1074 2347 1184 2382 quidem
1196 2348 1223 2374 in
1234 2347 1432 2374 certaminibus
1441 2353 1491 2382 pro
1500 2346 1601 2381 pietate
1609 2352 1705 2372 susce-

918 2394 971 2428 ptis
997 2392 1165 2425 desudabat;
1200 2392 1257 2420 htec
1282 2400 1347 2420 vero
1372 2392 1488 2419 durabat
1519 2391 1547 2418 in
1575 2391 1704 2418 castitate

917 2438 1122 2466 matrimouium
1148 2445 1326 2466 conservans.
1346 2437 1405 2465 Jam
1433 2437 1547 2464 multum
1571 2436 1704 2471 temporis

917 2483 1122 2516 intercesserat,
1140 2490 1203 2510 cum
1228 2483 1341 2518 quidam
1355 2482 1525 2510 adulterandi
1545 2481 1637 2508 animo
1651 2481 1702 2507 im-
1737 2486 1740 2489 ‘

918 2529 1083 2556 maculatum
1120 2529 1219 2556 lectum
1248 2528 1418 2563 coniugalem
1448 2527 1614 2562 aggreditur.
1648 2525 1701 2553 Sed

919 2581 1019 2609 sponsa
1033 2582 1088 2602 non
1106 2577 1213 2609 poterat
1227 2573 1378 2608 corrumpi.
1395 2580 1428 2600 ac
1442 2573 1531 2600 denuo
1545 2571 1659 2603 reditus,
1674 2575 1702 2598 et

917 2627 1015 2647 rursus
1036 2619 1180 2646 exsilium:
1201 2618 1283 2654 idque
1296 2619 1407 2645 tertium
1423 2617 1533 2645 accidit.
1545 2617 1631 2644 donec
1647 2616 1702 2642 hae-

916 2665 1000 2692 retica
1014 2664 1130 2699 caligine
1142 2664 1267 2691 discussa
1281 2663 1421 2691 Dominus.
1434 2666 1461 2689 et
1475 2662 1551 2689 radio
1563 2661 1639 2696 pacis
1653 2661 1703 2688 ad-

77 2713 164 2740 moto,
184 2709 315 2743 requietis
331 2709 475 2743 aliquama
487 2708 625 2737 diuturnis
639 2709 778 2738 laboribus
789 2717 865 2745 spent
882 2710 963 2744 fecit;
991 2711 1038 2738 sed
1056 2716 1233 2746 posteaquam
1250 2719 1280 2738 se
1295 2714 1392 2737 mutuo
1404 2716 1502 2737 rursus
1517 2708 1656 2740 viderunt,
1674 2713 1702 2734 et

77 2760 176 2782 castus
188 2762 265 2782 amor
280 2755 495 2790 spiritualesquc
519 2756 602 2783 animi
617 2756 816 2783 oblectatioues
834 2760 969 2783 renovatze
997 2760 1073 2788 sunt,
1102 2764 1134 2783 ac
1159 2764 1257 2783 rursus
1289 2755 1457 2783 desiderium
1482 2761 1627 2781 accensum
1647 2760 1700 2785 (ει,

77 2803 173 2832 statim
190 2802 393 2837 perceptionem
407 2803 555 2838 voluptatis
568 2803 625 2830 haec
640 2803 732 2830 ultima
749 2803 930 2839 peregrinatio
944 2802 1048 2830 dirimit
1059 2807 1086 2830 ct
1101 2802 1286 2836 interrumpit.
