1912 3082
196 100 249 130 859

232 158 313 187 Venit
328 163 358 186 ut
372 166 420 186 vos
441 162 571 193 tanquam
595 165 725 192 sponsam
745 162 868 190 ornaret,
893 163 920 186 et
935 166 987 185 nu-
1002 159 1026 189 Α

196 206 270 241 ptias
287 206 445 236 instrueret,
463 212 512 232 nec
535 205 560 231 id
577 204 677 232 frustra
701 205 834 238 suscepit.
852 204 988 231 Przeclaro

197 250 328 285 conjugio
345 250 545 277 benedictionis
559 256 676 275 coronas
695 249 825 284 imposuit
839 258 846 282 ;
866 249 990 277 imitatus

198 303 240 324 est
261 297 417 328 Dominum,
445 300 475 324 ut
494 296 521 323 in
543 295 616 322 Cana
638 295 756 323 Galilma:
780 295 923 327 Dominus,
951 297 987 323 ita

199 345 281 370 etiam
303 343 347 370 hic
365 343 485 370 imitator
501 341 616 369 Christi.
640 341 770 369 Judaicas
785 342 857 368 enim
879 341 990 377 bydrias

201 388 327 416 lneretica
344 396 413 423 aqua
428 387 558 422 repletas.
582 387 684 414 virtute
699 386 761 414 ildei
778 387 920 413 immutata
938 395 988 414 na-

201 438 273 465 tura,
289 434 343 460 vini
368 435 465 469 integri
486 438 514 460 et
531 433 683 467 incorrupti
707 433 802 467 plenas
821 432 894 460 fecit.
912 432 990 467 Saepe

201 481 274 508 dulci
295 488 345 508 sua
364 488 432 507 voce
454 480 566 514 largiter
587 479 672 506 ail'usa
694 478 791 514 gratia,
820 478 942 505 sobrium
961 478 988 504 in

201 526 278 553 vobis
301 530 407 552 cratera
435 525 550 556 statuit;
584 532 773 559 saepenumero
797 525 874 552 vobis
899 525 990 552 omnis

201 571 308 606 generis
327 571 503 598 rationalimn
523 570 648 598 ciborum
668 571 779 605 epulum
803 571 927 605 praebuit.
943 570 990 598 llle

202 616 310 649 quidem
333 616 520 644 benedicendo
545 616 667 650 praeibat,
687 616 809 651 praeclari
825 620 915 643 autem
943 617 988 643 isti

201 661 328 696 discipuli
350 669 505 689 sermonem
530 662 684 688 minutatim
709 667 877 696 exponentes
901 662 989 690 turbis

203 708 408 734 ministrabant.
425 709 464 736 Ac
478 716 527 736 nos
552 708 686 738 laetamur.
710 708 818 742 generis
833 709 915 736 vestri
932 709 990 744 glo-

201 751 269 778 riam
286 752 422 786 propriam
438 752 579 780 ducentes.
593 752 682 785 Quam
701 753 838 787 praelarae
854 753 988 781 hactenus

200 797 383 828 narrationes,
407 805 488 832 quam
514 798 623 825 beatum
642 802 669 825 et
689 797 839 832 optandum
862 803 934 827 esset
959 799 986 826 in

201 841 244 868 liis
266 842 391 870 desinere
416 847 498 878 atque
518 843 588 870 [iniri
615 845 793 871 sermonem!
821 843 873 871 Sed
894 849 987 879 postea

199 886 287 921 quid?
307 886 402 915 Vat-ate
416 888 624 922 lamentatrices,
642 889 730 924 inquit
745 889 877 917 Jeremias
890 891 908 916 '.
927 890 986 918 Non

199 931 271 958 enim
287 933 366 960 aliter
381 941 429 960 cor
444 934 544 962 ardens
561 942 593 962 ae
607 942 663 970 prae
678 935 772 963 dolore
787 935 985 968 intumescens,

200 975 277 1002 leniri
291 984 321 1002 ac
339 978 455 1012 mitigari
472 982 572 1013 potest,
589 979 641 1006 nisi
658 980 805 1014 gemitibus
817 985 845 1007 et
857 981 987 1016 lacrymis

199 1022 364 1049 sublevetur.
381 1023 457 1051 Tunc
476 1024 674 1052 discessionem
689 1033 752 1060 spes
769 1026 873 1054 reditus
888 1034 988 1054 conso~

199 1067 322 1095 labatur:
342 1076 414 1096 nunc
430 1074 550 1097 extrema
564 1077 578 1096 a
593 1070 672 1098 nobis
685 1071 858 1099 discessione
875 1072 987 1100 avulsus

198 1117 250 1139 est.
266 1113 380 1148 Magnus
401 1114 492 1141 hiatus
512 1115 584 1142 inter
600 1123 663 1142 cum
678 1120 705 1143 et
723 1116 872 1143 Ecclesiam
890 1118 917 1144 in
931 1125 987 1145 me-

199 1158 245 1185 dio
258 1159 380 1187 ﬁrmatus
395 1164 446 1187 est.
463 1160 508 1187 llle
519 1161 629 1195 quidem
642 1161 668 1188 in
682 1161 742 1189 sinu
756 1161 872 1189 Abraluc
884 1163 988 1198 requie-

199 1203 269 1236 scit;
286 1205 372 1238 atqui
391 1208 494 1239 gultam
512 1212 600 1239 aquae,
616 1213 668 1240 qua
684 1213 790 1238 eorum,
803 1206 849 1241 qui
859 1208 987 1234 crucian-

199 1252 253 1280 tur,
274 1249 366 1284 lingua
385 1250 571 1284 refrigeretur,
600 1255 777 1285 trausportet,
802 1259 856 1278 non
869 1256 921 1279 est.
937 1252 987 1279 Pc-

199 1295 244 1321 riit
259 1294 304 1322 ille
313 1295 406 1327 decor.
422 1296 485 1323 silet
495 1303 559 1327 vox.
575 1297 685 1324 occlusa
696 1301 760 1324 sunt
775 1297 856 1328 labia,
870 1298 987 1325 avolavit

197 1340 295 1373 gratia.
314 1340 349 1367 Ut
370 1341 408 1368 rei
428 1343 571 1375 praeteritae
590 1343 724 1374 narratio,
745 1343 861 1371 felicitas
887 1345 985 1371 evasit.

198 1385 340 1413 Molestum
356 1391 416 1414 erat
428 1387 493 1414 olim
508 1388 590 1415 etiam
613 1387 764 1416 Israelitico
779 1389 890 1423 populo,
913 1389 984 1424 quod

197 1430 270 1459 Elias
287 1439 301 1458 a
321 1435 394 1460 terra
416 1433 449 1460 ad
463 1432 547 1460 Deum
566 1433 735 1462 subvolaret.
755 1433 808 1461 Sed
830 1434 984 1463 discessum

813 97 842 126 S.
861 96 1026 126 GREGORII
1043 95 1190 124 NYSSENI

1792 91 1843 119 860

1074 155 1160 184 Ἷῐλθε
1175 155 1395 191 νυμφοστολισων
1413 154 1502 189 ὑμᾶς,
1517 153 1564 180 καὶ
1584 152 1614 178 οὗ
1632 150 1777 186 διήμαρτε
1796 148 1840 175 τοῦ

1041 203 1265 238 σπουδάσματος·
1289 200 1409 235 ἐπέθηκε
1427 201 1460 235 τῇ
1485 198 1554 234 καλῇ
1571 197 1690 231 συζυγία
1711 194 1779 225 τοὺς
1794 194 1840 228 τῆς

1039 249 1163 282 εὐλογίας
1177 247 1324 282 στεφάνους
1333 254 1339 260 ·
1356 246 1512 281 ἐμιμήσατο
1523 244 1567 270 τὸν
1579 242 1724 276 Δεσπότην
1736 249 1744 255 ’
1761 239 1802 271 ὡς
1813 240 1840 265 ὲν

1042 295 1119 322 Κανᾶ
1132 294 1182 329 τῆς
1195 293 1340 324 Γαλιλαίας
1359 293 1373 319 ὁ
1394 291 1506 326 Κύριος,
1525 289 1611 320 οὕτως
1627 287 1675 314 καὶ
1689 285 1815 313 ἐνταῦθα
1827 285 1839 310 ὁ

1041 340 1162 376 μιμητὴς
1179 339 1226 366 τοῦ
1253 339 1383 374 Χριστοῦ.
1405 338 1461 369 Τὰς
1479 336 1534 372 γὰρ
1561 334 1713 365 ’Κουδαῖκὰς
1743 332 1838 367 ὑδρίας

1038 384 1086 411 τοῦ
1106 384 1244 420 αἱρετικοῠ
1268 384 1364 416 ὓδατος
1388 381 1623 417 πεπληρωμένας,
1652 380 1775 414 πλήρεις
1792 377 1837 404 τοῦ

1038 430 1177 466 ἀκηράτου
1192 430 1262 457 οῐνου
1273 430 1412 465 ἐποίησεν,
1428 430 1457 455 ὲν
1469 430 1502 463 τῇ
1515 427 1628 462 δυνάμει
1645 428 1696 461 τῆς
1712 425 1836 455 πίστεως

1041 477 1226 511 μεταποιήσας
1242 476 1292 510 τὴν
1316 475 1408 510 φύσιν.
1421 475 1554 508 Ἔστησεν
1567 474 1596 499 ὲν
1616 473 1681 507 ὑμῖν
1700 470 1833 500 πολλάκις

1040 523 1167 558 κρατῆρα
1186 522 1327 557 νηφάλιον,
1347 523 1380 557 τῇ
1393 521 1506 555 γλυκῖία
1523 519 1605 546 αὺτοῦ
1621 519 1699 552 φωνῇ
1713 516 1832 550 δαψιλῶς

1038 569 1196 604 οἰνοχοήσας
1220 568 1269 603 τὴν
1295 568 1392 603 χάριν
1419 566 1549 597 πολλάκις
1577 565 1642 599 ὑμῖν
1659 562 1833 598 προεθήκατο

1038 616 1087 650 τὴν
1101 615 1213 650 λογικὴν
1228 613 1399 640 πανδαισίαν.
1422 613 1450 639 '0
1468 612 1517 646 μὲν
1529 609 1648 644 εὐλογῶν
1663 608 1831 642 καθηγεῖτο’

1038 661 1062 687 οἱ
1077 661 1105 687 δὲ
1119 661 1198 688 καλοὶ
1216 657 1288 687 οὗτοι
1305 659 1433 694 μαθηταὶ,
1450 656 1592 692 διηκόνουν
1603 656 1659 687 τοῖς
1674 654 1770 689 ὄχλοις
1783 662 1832 688 μυ-

1039 706 1208 738 θοποιοῦντες
1222 706 1268 732 τὸν
1282 706 1370 739 λόγον.
1383 705 1439 731 Καὶ
1453 705 1533 739 ἡμεῖς
1548 700 1767 737 εὐφραινόμεθα,
1783 699 1831 733 τὴν

1038 752 1084 778 τοῦ
1112 752 1206 786 γένους
1231 751 1308 786 ὑμῶν
1339 749 1430 782 δόξαν,
1452 749 1555 775 οἰκείαν
1583 746 1756 781 ποιούμενοι.
1789 745 1832 774 Ὧς

1041 797 1109 824 καλὰ
1132 797 1211 832 μέχρι
1231 796 1324 823 τούτου
1340 796 1374 823 τὰ
1391 795 1565 829 διηγήματα·
1583 793 1620 824 ὡς
1637 790 1778 826 μακάριον
1800 787 1832 823 ἦν

1038 844 1142 875 τούτοις
1157 843 1320 875 ὲναπολῆξαι
1331 842 1376 869 τὸν
1391 841 1480 875 λόγον.
1499 839 1579 866 Ἀλλὰ
1597 837 1668 873 μετὰ
1684 836 1774 862 ταῦτα
1789 836 1831 864 τίε

1038 889 1192 917 Καλέσατε
1205 889 1258 922 τὰς
1272 888 1454 922 θρηνούσας.
1479 887 1493 913 ὁ
1512 884 1647 919 Ἱερεμίας
1668 882 1764 917 φησίν.
1794 881 1829 907 Οὐ

1038 936 1092 971 γὰρ
1107 935 1180 962 ἔστιν
1196 934 1282 966 ἄλλως
1300 932 1469 968 φλεγομένην
1480 930 1593 966 καρδίαν
1607 927 1830 962 καταπφθῆναι,

1037 982 1090 1009 ὑπὸ
1115 981 1160 1008 τοῦ
1189 980 1292 1012 πάθους
1320 979 1503 1008 οῑδαίνουσαν,
1533 977 1570 1011 μὴ
1594 975 1760 1009 στεναγμοῖς
1785 974 1832 999 καὶ

1037 1026 1164 1062 δακρύοις
1177 1024 1386 1060 κουφιζομένην.
1405 1024 1472 1049 Τότε
1487 1020 1673 1057 παρεμυθεῖτο
1685 1019 1732 1045 τὸν
1747 1027 1816 1053 χωρι
1825 1033 1831 1038 -

1038 1073 1105 1108 σμὸν
1130 1073 1146 1108 ἡ
1168 1072 1218 1106 τῆς
1241 1070 1370 1098 ἐπανόδου
1394 1069 1484 1100 ὲλπίς·
1512 1067 1559 1094 νῦν
1587 1066 1615 1093 δὲ
1638 1065 1684 1091 τὸν
1712 1064 1829 1099 {quem

1037 1118 1116 1154 ἡμῶν
1142 1117 1281 1153 χωρισμὸν
1302 1115 1465 1150 ἀπεσχίσοη.
1497 1114 1596 1148 Χάσμα
1626 1111 1698 1146 μέγα
1727 1110 1830 1144 μεταξὺ

1035 1163 1119 1191 αὑτοῦ
1135 1171 1164 1189 τε
1180 1163 1227 1189 καὶ
1241 1162 1291 1196 τῆς
1307 1160 1468 1195 Ἐκκλησὶας
1486 1157 1556 1185 κατὰ
1570 1157 1601 1184 τὸ
1618 1156 1700 1191 μέσον
1719 1155 1831 1189 ἐστήρι-

1036 1219 1099 1236 κται
1111 1219 1118 1225 ·
1136 1210 1150 1235 ὁ
1166 1209 1215 1244 μὲν
1232 1209 1261 1235 ὲν
1283 1209 1338 1239 τοῖς
1353 1207 1463 1237 κόλποις
1478 1204 1524 1231 τοῦ
1546 1202 1672 1238 Ἀϐραὰμ
1688 1200 1830 1227 ἀναπαύε-

1036 1264 1096 1282 ται“
1113 1256 1127 1282 ὁ
1142 1255 1170 1281 δὲ
1186 1253 1350 1289 διακομίζων
1372 1253 1421 1288 τὴν
1447 1251 1564 1285 σταγόνα
1585 1246 1632 1275 τοῦ
1657 1247 1766 1277 ὕδατος.
1787 1247 1830 1272 ἶνα

1036 1301 1178 1336 καταψύξῃ
1192 1300 1246 1327 τῶν
1264 1299 1440 1334 ὀδυνωμένων
1458 1298 1506 1331 τὴν
1521 1295 1658 1330 γλῶσσαν,
1676 1297 1728 1322 οὐκ
1742 1296 1828 1322 ἔστιν.

1036 1348 1144 1383 Οἶχεται
1158 1347 1188 1374 τὸ
1206 1345 1304 1377 κάλλος
1325 1345 1423 1375 ἐκεῖνο,
1443 1344 1506 1378 σιγᾷ
1523 1344 1539 1377 ἡ
1555 1343 1631 1377 φωνή
1643 1351 1649 1357 ι
1670 1343 1780 1377 μέμυκε
1797 1342 1830 1368 τα

1038 1394 1131 1430 χείλη,
1152 1393 1261 1427 ἀπέπτη
1275 1393 1291 1426 ὴ
1306 1391 1396 1426 χάρις.
1421 1390 1547 1424 Διήγημα
1565 1388 1678 1422 γέγονεν
1694 1389 1712 1422 ἡ
1728 1387 1830 1422 εὐκλη-

1038 1439 1092 1475 ρία.
1117 1438 1226 1465 Ἐλύπει
1243 1436 1306 1463 ποτὲ
1321 1436 1368 1462 καὶ
1387 1435 1433 1461 τὸν
1460 1433 1629 1468 Ὶσραηλίτην
1647 1432 1713 1459 λαὸν
1735 1432 1829 1463 Ἠλίας

197 1476 313 1509 Eliseus.
328 1479 450 1513 magistri
467 1479 550 1514 pallio
565 1480 681 1514 pelliceo
693 1485 807 1508 ornatus
821 1481 984 1509 consolaba-

1037 1484 1089 1512 ἀπὸ
1107 1484 1159 1519 γῆς
1185 1484 1255 1518 πρὸς
1277 1481 1343 1509 Θεὸν
1369 1480 1561 1514 ἀνιπτάμενος.
1597 1477 1677 1504 Ἀλλὰ
1702 1486 1830 1512 παρεμυ-

196 1526 252 1550 tur.
282 1523 360 1551 Nunc
384 1532 450 1552 vero
471 1525 571 1552 vulnus
600 1529 711 1560 superat
739 1530 824 1553 artem
850 1526 982 1555 curandi:

196 1569 325 1603 quoniatn
339 1573 366 1597 et
382 1569 453 1598 Elias
467 1575 638 1606 assumptus.
653 1576 680 1600 et
694 1572 800 1600 Eliseus
818 1580 872 1600 non
886 1577 929 1601 est
941 1581 984 1602 re-

197 1616 287 1643 lictus.
303 1615 402 1644 Audite
421 1625 454 1644 ex
469 1615 586 1645 Jeremia
603 1618 697 1646 tristes
719 1625 752 1645 ac
782 1618 885 1646 ﬂebiles
900 1627 985 1654 quas-

196 1660 258 1687 dam
274 1669 364 1692 voces,
380 1662 482 1697 quibus
495 1668 524 1690 ut
542 1662 677 1690 desertam
695 1664 790 1692 urbem
805 1663 985 1700 Jerosolytni-

196 1710 322 1734 tanorum
354 1708 490 1743 deplorat,
525 1709 572 1744 qui
598 1718 661 1738 cum
690 1710 743 1737 alia
767 1710 892 1745 qumdam
921 1719 984 1738 cum

196 1753 436 1781 commiseratione
462 1754 630 1788 pronuntiat,
656 1760 713 1782 tum
735 1756 806 1782 hoc:
832 1755 888 1782 Via:
906 1755 983 1788 Sion,

197 1796 314 1831 inquit',
331 1797 428 1832 lugent.
445 1797 506 1825 llzec
520 1803 585 1826 tunc
594 1799 702 1834 quidem
715 1799 798 1831 dicta,
810 1808 882 1827 nunc
893 1804 984 1828 autem

198 1842 311 1877 impleta
325 1847 399 1870 sunt.
416 1843 491 1870 Nam
504 1844 551 1871 ubi
574 1844 645 1872 fama
661 1845 824 1872 calamitatis
844 1845 985 1881 divulgata

197 1887 290 1920 fuerit,
316 1892 381 1916 tunc
397 1888 447 1916 via:
465 1894 493 1916 et
506 1889 593 1924 plenae
616 1890 765 1925 lugentium
784 1895 875 1924 erunt,
897 1895 925 1918 et
943 1893 985 1918 ei:

197 1932 347 1960 fundentur
366 1933 413 1969 qui
438 1936 472 1961 ab
491 1942 524 1962 eo
539 1935 733 1970 pascebantur.
755 1935 939 1963 Ninivitarum
957 1937 984 1964 in

196 1978 354 2006 calamitate
375 1987 469 2007 vocem
487 1980 646 2008 imitantes:
663 1981 717 2009 imo
731 1989 796 2009 vero
812 1982 895 2009 etiam
921 1989 984 2017 gra-

195 2023 257 2051 vius
270 2029 298 2051 et
313 2025 438 2053 acerbius
464 2033 546 2061 quam
564 2026 602 2054 illi
623 2026 758 2055 dolentes.
778 2027 845 2054 Nam
873 2027 982 2055 illorum

196 2070 306 2105 quidem
321 2071 479 2100 lamentatio
496 2078 597 2100 metum
614 2073 716 2107 solvit;
732 2074 775 2101 bis
798 2081 863 2101 vero
878 2074 983 2105 nullum

196 2116 348 2144 remedium
373 2118 508 2146 malorum
525 2119 560 2146 ab
584 2119 827 2148 lamentationibus
843 2124 981 2156 speratur.

1037 1531 1108 1558 θεῖτο
1124 1530 1169 1556 τὸν
1192 1527 1330 1564 χωρισμὸν
1361 1526 1521 1557 Ἐλισσαῖος,
1547 1525 1580 1559 τῇ
1597 1523 1708 1559 μηλωτῇ
1722 1523 1772 1549 τοῦ
1790 1523 1831 1549 δι-

1033 1576 1168 1604 δασκάλου
1194 1574 1390 1609 κοσμούμενος.
1421 1571 1486 1598 Νυνὶ
1512 1570 1541 1597 δὲ
1569 1570 1600 1596 τὸ
1625 1570 1736 1605 τραῦμα
1760 1569 1831 1604 ὑπὲρ

1034 1621 1180 1657 θεραπείαν
1209 1620 1299 1646 ἐστίν·
1322 1619 1362 1646 δτι
1393 1618 1440 1644 καὶ
1471 1616 1564 1648 Ἠλίας
1596 1615 1755 1650 ἀνελήφθη,
1783 1616 1831 1641 καὶ

1039 1667 1191 1698 Ἐλισσαῖος
1202 1667 1251 1701 οὺχ
1266 1664 1426 1700 ὑπελείφθη.
1449 1663 1599 1690 Ἠκούσατε
1618 1661 1666 1689 τοῦ
1691 1662 1830 1696 Ἱερεμίου

1034 1714 1125 1747 φωνάς
1140 1721 1216 1744 τινας
1234 1711 1397 1746 σκυθρωπὰς
1411 1711 1458 1737 καὶ
1474 1708 1594 1743 γοώδεις,
1614 1707 1646 1739 ἃς
1660 1707 1700 1738 ὠς
1716 1708 1830 1742 ἐρημω-

1036 1760 1129 1786 θεῖσαν
1151 1758 1200 1794 τὴν
1218 1758 1294 1785 πόλιν
1313 1755 1533 1792 Ἱεροσολυμιτῶν
1555 1754 1781 1788 κατεθρὴνησεν·
1802 1752 1830 1783 ὃς

1034 1805 1102 1832 ἄλλα
1112 1794 1141 1831 τέ
1158 1813 1219 1830 τινα
1238 1802 1395 1839 περιπαθῶς
1409 1800 1544 1836 διεξῆλθεν
1563 1800 1609 1826 καὶ
1627 1799 1708 1826 τοῖτό
1726 1807 1828 1833 φηςιν-

1041 1850 1118 1877 ὀδοὶ
1143 1849 1218 1876 Σιὼν
1242 1847 1414 1875 πενθοῦσιν.
1436 1846 1528 1872 Ταῦτα
1551 1845 1609 1871 τότε
1634 1845 1684 1878 μὲν
1707 1843 1829 1878 εἴρηται,

1034 1896 1081 1922 νῦν
1093 1895 1120 1921 δὲ
1142 1895 1330 1930 πεπλήρωται.
1348 1893 1432 1919 Ὅταν
1443 1891 1497 1926 γὰρ
1510 1899 1541 1917 πε
1548 1889 1697 1925 ριαγγελθῇ
1712 1889 1763 1915 τοῦ
1779 1888 1830 1914 πά-

1035 1941 1098 1973 θους
1111 1942 1127 1976 ἡ
1140 1941 1229 1975 φήμη.
1245 1940 1305 1966 τότε
1322 1939 1436 1974 πλήρεις
1450 1937 1556 1963 ἔσονται
1576 1937 1605 1962 αἱ
1617 1935 1672 1962 ὁδοὶ
1689 1935 1748 1962 τῶν
1764 1944 1829 1961 πεν-

1034 1987 1161 2017 θούντων,
1187 1986 1234 2012 καὶ
1258 1983 1472 2020 προχεοήσονται
1493 1983 1518 2008 οἰ
1532 1982 1577 2008 ὑπ“
1600 1980 1693 2007 αὐτῶν
1714 1989 1828 2015 ποιμαι-

1034 2033 1156 2068 νόμενοι,
1172 2031 1221 2066 τὴν
1235 2031 1290 2057 τῶν
1311 2029 1460 2056 Νινευῖτῶν
1476 2028 1567 2063 φωνὴν
1587 2027 1632 2053 ἐπὶ
1647 2026 1697 2053 τοῦ
1724 2026 1828 2057 πάθους

1035 2078 1216 2114 μιμούμενοι·
1237 2077 1336 2111 μᾶλλον
1354 2075 1384 2102 δὲ
1401 2075 1535 2102 κάκείνων
1557 2073 1752 2107 ἀλγεινότερον
1769 2072 1828 2098 ὀδυ-

1035 2123 1160 2158 νώμενοι.
1177 2123 1239 2153 Τοῖς
1257 2122 1306 2156 μὲν
1322 2121 1376 2155 γὰρ
1392 2122 1406 2147 ὁ
1432 2119 1531 2155 θρῆνος
1551 2119 1596 2144 τὸν
1610 2117 1695 2152 φόὸον
1711 2117 1825 2143 ἔλυσεν·

196 2160 264 2188 Νονί
280 2163 426 2196 quamdam
444 2164 527 2192 etiam
543 2165 623 2192 aliam
636 2164 761 2193 Jeremiaz
775 2154 881 2200 vocem,
905 2167 984 2195 libris

1037 2154 1091 2200 τοῖς
1113 2168 1142 2194 δὲ
1156 2167 1232 2198 λύσις
1255 2154 1366 2201 οὐδεμία
1389 2165 1443 2192 τῶν
1462 2164 1555 2191 κακῶν
1571 2163 1625 2190 ἀπὸ
1646 2163 1702 2189 τῶν
1718 2163 1826 2197 θρήνων

196 2205 367 2234 Psalmorum
383 2214 600 2242 annumeratam,
617 2217 699 2245 quam
714 2211 881 2246 captivitatis
897 2212 984 2240 Israe-

196 2253 278 2280 liticae
301 2254 411 2282 nomine
426 2255 522 2282 edidit.
539 2255 629 2283 Verba
657 2260 748 2283 autem
773 2256 922 2292 Scriptum
946 2257 983 2285 ita

195 2306 256 2326 sese
274 2299 373 2327 habent
387 2310 392 2326 :
419 2300 452 2327 In
465 2301 592 2329 salicibus
606 2303 791 2337 suspendium:
805 2303 982 2330 instrumenta

195 2350 288 2373 nostra
300 2346 320 2377 ³,
332 2346 442 2373 silentio
451 2354 512 2374 cum
525 2348 718 2383 nosmetipsos.
729 2353 786 2376 tum
797 2348 979 2376 instrumenta

195 2390 422 2419 condemnantes.
441 2391 494 2419 Pro
508 2400 568 2420 mea
594 2393 666 2420 hanc
680 2401 784 2429 usurpo
803 2395 979 2422 cantilenam.

194 2435 263 2462 Nam
289 2436 313 2463 si
335 2436 430 2464 videro
458 2437 613 2465 ltmreticam
637 2439 826 2466 confusionem
844 2439 980 2474 (Babylon

194 2485 286 2507 autem
299 2482 420 2516 confusio
437 2483 506 2517 est),
531 2487 556 2510 et
573 2484 596 2511 si
614 2483 709 2510 videro
726 2484 900 2515 tentationes,
921 2492 982 2518 quae

194 2534 244 2561 per
262 2527 452 2556 confusionem
468 2529 575 2556 (luunt:
595 2529 651 2556 haec
665 2529 709 2556 illa
729 2536 792 2556 esse
806 2529 851 2556 aio
866 2529 981 2565 Babylo-

195 2574 238 2598 nia
255 2572 378 2606 ﬂumina,
404 2575 505 2610 quibus
528 2574 681 2602 assidentes
703 2575 811 2605 ﬂemus.
834 2576 906 2610 quod
925 2584 978 2603 non

195 2617 354 2650 habeamus,
369 2619 416 2654 qui
430 2628 478 2654 per
491 2627 522 2647 ea
538 2628 588 2647 nos
602 2620 731 2654 trajiciat.
750 2619 827 2652 Quod
845 2620 867 2646 si
881 2621 980 2648 salices

194 2664 389 2697 nominaveris,
404 2671 431 2693 et
444 2666 471 2692 in
483 2666 517 2693 iis
531 2673 666 2700 suspensa
682 2666 873 2698 instrumenta,
888 2674 976 2693 meum

193 2709 275 2735 etiam
293 2709 344 2738 hoc
360 2711 474 2746 aenigma
503 2711 596 2743 fuerit,
621 2718 684 2739 vere
700 2719 818 2746 namque
838 2711 906 2739 salix
937 2715 978 2738 est

1034 2214 1182 2246 ὲλπίζεται.
1198 2212 1264 2240 Οἶδά
1275 2221 1335 2239 τινα
1350 2211 1396 2238 τοῦ
1413 2211 1547 2246 Ἱερεμίου
1560 2210 1608 2237 καὶ
1623 2209 1708 2244 ἄλλην
1721 2209 1823 2243 φωνὴν,

1032 2262 1092 2293 ταῖς
1108 2260 1208 2295 βίϐλοις
1222 2257 1305 2285 οὖσαν
1322 2258 1375 2285 τῶν
1394 2256 1519 2292 Ψαλμῶν
1534 2255 1705 2291 ἐναρίθμιον,
1730 2255 1767 2289 ἢν
1781 2254 1824 2280 ἐπὶ

1032 2307 1066 2342 τῇ
1090 2304 1262 2340 αἰχμαλωσίᾳ
1280 2303 1327 2330 τοῦ
1355 2302 1463 2338 Ἰσραὴλ
1485 2302 1642 2336 ἐποιήσατο.
1671 2300 1744 2335 Φησὶ
1765 2300 1792 2326 δὲ
1810 2301 1823 2325 ὁ

1032 2351 1123 2385 λόγος,
1149 2351 1190 2376 ὅτι
1219 2350 1271 2376 Ἐν
1299 2347 1388 2380 ὶτέαις
1415 2346 1623 2382 ἐκρεμάσαμεν
1646 2345 1766 2372 ἑαυτῶν
1790 2345 1824 2370 τὰ

1034 2396 1159 2430 ὄργανα,
1180 2394 1284 2429 σιωπὴν
1309 2393 1412 2419 ἑαυτῶν
1428 2400 1458 2418 τε
1472 2392 1519 2418 καὶ
1534 2391 1588 2417 τῶν
1600 2390 1726 2425 ὀργάνων
1742 2398 1824 2415 κατα-

1033 2442 1200 2471 δικάσαντες.
1222 2439 1305 2473 Ἐμὴν
1319 2438 1448 2472 ποιοῦμαι
1462 2437 1511 2472 τὴν
1621 2435 1737 2468 ταύτην.
1763 2435 1823 2460 Ἐὰν

1033 2487 1086 2522 γὰρ
1102 2487 1149 2513 ἴδω
1168 2486 1217 2521 τὴν
1234 2484 1375 2520 αἱρετικὴν
1391 2483 1521 2518 σύγχυσιν
1539 2480 1687 2517 (Βαὸυλὼν
1701 2480 1732 2507 δέ
1752 2481 1823 2506 ἐστιν

1035 2532 1054 2565 ἡ
1084 2529 1263 2566 σύγχυσις),
1287 2529 1333 2555 καὶ
1350 2529 1396 2554 ἐὰν
1415 2528 1461 2554 ἴδω
1477 2528 1540 2558 τοὺς
1566 2525 1741 2562 πειρασμοὺς
1763 2525 1823 2555 τοὺς

1032 2576 1076 2602 διὰ
1088 2577 1138 2611 τῆς
1160 2575 1314 2610 συγχύσεως
1331 2574 1455 2609 ῥέοντας·
1481 2572 1568 2599 ταῦτα
1583 2571 1678 2598 ἐκεῖνά
1697 2579 1770 2605 φημι
1790 2570 1823 2595 τὰ

1034 2620 1190 2646 Βαϐυλώνια
1210 2619 1343 2655 ῥεύματα,
1367 2614 1408 2649 οἷς
1431 2616 1655 2652 προσκαθήμενοι
1679 2615 1821 2647 κλαίομεν,

1033 2666 1073 2692 ὅτι
1087 2665 1132 2692 τὸν
1151 2665 1277 2698 διάγοντα
1299 2663 1372 2698 ἡμᾶς
1390 2661 1433 2688 διὰ
1448 2661 1549 2688 τούτων
1564 2661 1615 2687 οὐκ
1637 2659 1747 2694 ἔχομεν.
1764 2657 1823 2683 Κᾶν

1032 2712 1080 2743 τὰς
1095 2711 1168 2742 ἰτέας
1189 2710 1280 2746 εἴπῃς,
1297 2708 1344 2735 καὶ
1360 2707 1395 2734 τὰ
1417 2707 1464 2734 ἐπὶ
1479 2706 1582 2734 τούτων
1604 2705 1728 2740 ὄργανα·
1757 2702 1823 2738 ὲμδν

231 2795 238 2811 ¹
259 2795 313 2824 Jer.
339 2804 375 2829 Ix,
406 2797 445 2824 l7.
485 2798 494 2813 '
507 2796 606 2825 Tltrcn.
623 2806 643 2831 I,
658 2797 684 2824 4.
723 2797 733 2813 ³
746 2798 816 2825 Psal.
832 2806 942 2831 cxnvt,
961 2799 977 2825 ἓ
994 2806 1073 2831 seqq.
