1912 3082
67 103 118 132 861

680 105 722 132 DE
741 105 893 133 MELETIO
914 103 1089 132 EPISCOPO.

1641 104 1693 131 83".!

67 162 116 186 καὶ
131 160 210 187 τοῦτο
225 160 255 188 τδ
278 161 401 197 αἴνιγμα.
422 162 525 194 Ὄντως
542 162 595 198 γὰρ
610 163 640 189 ἐν
657 163 740 194 ἱτέαις
761 164 775 189 ὁ
790 162 853 197 βίος.

909 162 973 188 vita.
989 161 1056 188 Nam
1076 161 1158 188 arbor
1176 162 1276 190 sterilis
1301 162 1371 189 salix
1396 166 1458 190 est:
1474 170 1488 189 a
1505 161 1585 190 nobis
1604 166 1694 189 autem

67 206 182 240 Δένδρον
203 206 257 242 γὰρ
276 207 400 242 ἄκαρπον
413 208 429 243 ἡ
442 207 499 235 ἰτέα
514 208 604 234 ἐστίν*
620 209 699 244 ἡμῶν
725 209 752 235 δὲ
769 210 855 244 ἀπερ-

68 251 122 286 ρύη
138 252 186 286 τῆς
204 251 277 286 ζωῆς
299 253 313 278 ό
327 253 427 286 γλυκὺς
453 253 568 288 καρπός.
594 254 698 280 Οὐκοῦν
726 254 794 280 ἰτέαι
811 262 856 287 γε-

67 298 188 331 γόναμεν
204 298 333 333 ἄκαρποι,
351 299 423 334 ἀργὰ
440 300 487 326 καὶ
502 299 617 334 ἀκίνητα
632 299 666 326 τὰ
679 300 727 334 τῆς
745 300 856 335 ἀγάπης

67 342 172 376 ὕργανα
188 343 235 369 ἐπὶ
249 343 301 370 τῶν
317 343 402 376 ξύλων
415 344 612 380 κρεμάσαντες.
631 346 701 372 Ἐὰν
713 346 856 372 ἐπιλάθω-

63 388 121 422 μαϊ
135 397 204 421 σου,
221 389 311 424 φησὶν,
336 390 542 425 Ἰερουσαλὴμ,
551 391 727 426 extinctis/'11
740 392 758 426 ἠ
772 390 856 423 δεξιά

65 443 136 468 μου.
154 434 290 470 Δότειμοι
316 435 413 471 μικρὸν
436 436 586 469 ὑπαλλάξαι
601 437 631 464 τὸ
653 437 854 472 γεγραμμένον,

67 480 109 506 ὅτι
123 481 172 516 οὐχ
194 481 272 516 ἡμεῖς
289 481 341 516 τῆς
362 482 461 514 δεξιᾶς,
476 482 532 509 ἀλλ’
549 484 566 518 ἡ
581 482 657 516 δεξιὰ
670 483 750 518 ήμῶν
764 483 855 509 ἐπιλέ-

67 526 182 561 λησται¹
197 527 243 554 καὶ
259 528 275 562 ὴ
291 527 400 561 γλῶσσα
417 528 456 563 τῷ
472 528 530 563 ἰδίῳ
548 528 666 563 λάρυγγι
683 527 853 562 κολληθεῖσα,

69 570 122 602 τὰς
148 571 197 606 τῆς
219 571 311 607 φωνῆς
331 572 463 605 διεξόδους
486 571 659 608 ἀπέφραξεν,
687 573 730 599 ἵνα
757 572 855 608 μηκέτι

67 617 150 651 ἡμεῖς
176 617 224 652 τῆς
251 617 381 652 γλυκείας
399 619 506 653 ἐκείνης
523 619 614 653 φωνῆς
637 619 718 645 πάλιν
733 618 856 644 ἀκοόσω-

69 670 131 696 μεν.
160 662 229 689 Ἀλλ’
245 663 422 698 ἀποψήσασθέ
442 672 487 699 μοι
500 664 534 690 τὰ
557 664 662 699 δάκρυα
672 672 679 680 ·
695 663 856 699 αἰσθάνομαι

67 708 124 744 γὰρ
136 709 207 744 πέρα
226 709 273 735 τοῦ
290 709 394 740 δέοντος
412 710 459 736 ἐπὶ
471 709 510 744 τῷ
527 709 608 737 πάθει
623 710 854 744 γυναικιζόμενος.

68 755 128 780 Οὐκ
156 755 280 790 ἀφῃρέθη
304 755 350 789 ἀφ’
375 755 454 790 ἡμῶν
478 756 492 782 ὁ
521 755 652 791 νυμφίος·
676 755 758 790 μέσος
778 755 856 790 ἡμῶν

67 799 196 834 ἔστηκεν,
208 800 258 827 κᾶν
273 801 353 837 ἡμεῖς
366 801 403 835 μὴ
420 800 572 835 βλέπωμεν.
591 801 635 827 Ἐν
646 802 701 832 τοῖς
716 800 823 832 ἀδύτοις
841 803 855 828 ό

70 845 160 880 ἱερεύς
170 854 177 861 ·
200 846 239 877 είς
253 846 287 872 τὰ
302 846 426 881 ἐνδότερα
439 846 486 873 τοῦ
503 845 760 881 καταπετάσματος,
785 846 852 873 ὃπου

68 891 224 926 πρόδρομος
250 891 320 928 ὑπὲρ
343 891 420 927 ἡμῶν
443 891 551 927 εἰσῆλθε
570 891 701 926 Χριστός·
724 892 853 919 κατέλιπε

67 937 98 963 τὸ
119 937 171 971 τῆς
193 938 293 972 σαρκδς
313 937 528 972 παραπέτασμα.
551 937 650 964 Οὐκέτι
673 937 853 972 ὑποδείγματι

67 981 116 1007 ’καὶ
132 982 194 1016 σκιᾷ
204 981 388 1017 λατρεύειτῶν
398 981 575 1017 ἐπουρανίων,
587 982 645 1008 ἀλλ’
654 983 694 1010 είς
702 982 786 1018 αὐτὴν
794 982 854 1017 βλέ-

67 1034 115 1052 πει
131 1026 181 1062 τὴν
194 1026 247 1052 τῶν
263 1027 433 1062 πραγμάτων
451 1027 558 1053 είκόνα·
573 1026 664 1054 οὐκέτι
677 1026 710 1054 δι’
721 1027 853 1062 ἐσόπτρου

66 1072 116 1098 καὶ
136 1072 304 1107 αἰνίγματος,
323 1072 379 1098 ἀλλ’
399 1072 619 1108 αὐτοπροσώπως
639 1073 794 1108 ἐντυγχάνει
815 1072 854 1108 τῷ

65 1118 129 1153 Θεῷ
171 1118 328 1153 ἐντυγχάνει
348 1118 376 1144 δὲ
391 1118 460 1153 ὑπὲρ
476 1118 553 1154 ἡμῶν
583 1119 629 1145 καὶ
649 1118 704 1145 τῶν
717 1119 763 1145 τοῦ
788 1119 853 1145 λαοῦ

66 1164 260 1199 ἀγνοημάτων.
290 1164 420 1190 ’Ᾱπέοετο
443 1165 504 1195 τοὺς
525 1164 701 1200 δερματίνους
722 1164 851 1199 χιτῶνας·

64 1208 127 1234 οὐδὲ
143 1209 197 1244 γάρ
215 1209 272 1235 ἐστι
286 1208 365 1244 χρεία
376 1210 433 1240 τοῖς
446 1209 474 1235 ἐν
486 1209 641 1245 παραδείσῳ
653 1209 786 1244 διάγουσι,
799 1210 853 1236 τῶν

63 1254 195 1281 τοιούτων
209 1254 340 1289 χιτώνων.
363 1255 431 1282 Ἀλλ’
447 1255 592 1291 ἐνδύματα,
606 1255 625 1282 ἃ.
639 1257 671 1291 τῇ
688 1255 853 1290 καθαρότητι

64 1301 114 1327 τοῦ
140 1300 196 1336 βίου
227 1300 308 1327 αὑτοῦ
334 1301 485 1337 ἓξυφήνας.
516 1301 734 1337 ὲπεκοσμήσατο.
758 1301 853 1337 Τίμιος

65 1347 189 1373 ἐναντίον
211 1346 313 1381 Κυρίου
334 1346 380 1373 τοῦ
398 1347 519 1374 τοιούτου
532 1348 546 1374 ό
563 1347 687 1379 θάνατος.
705 1347 811 1374 Μᾶλλον
825 1347 853 1374 δὲ

65 1392 127 1427 οὐχὶ
148 1392 278 1424 Θάνατος,
303 1392 371 1418 ἀλλὰ
397 1393 473 1428 ρῆξίς
497 1394 554 1418 ἐστι
578 1392 677 1427 μελῶν.
693 1393 853 1426 Διέρῤηξας

65 1438 132 1472 γὰρ,
150 1438 227 1473 φησὶ,
242 1437 313 1470 τοὺς
324 1437 454 1472 δεσμούς
465 1447 535 1473 μου.
559 1438 692 1473 Ἀπελύθη
705 1440 718 1465 ὸ
730 1438 851 1472 Συμεὼν,

870 834 891 861 Β

905 207 996 234 dulcis
1013 207 1075 234 vitae
1099 207 1205 235 fructus
1227 207 1352 235 defluxit.
1367 207 1437 243 Ergo
1464 208 1564 236 salices
1580 208 1694 242 infrugi-

907 252 970 279 fera:
992 252 1055 279 facti
1076 260 1182 285 sumus,
1206 261 1238 280 ex
1257 261 1312 288 quo
1331 253 1417 280 otiosa
1440 258 1521 288 atque
1538 254 1649 281 immota
1666 254 1694 280 in

906 299 987 333 lignis
1006 297 1200 332 suspendimus
1224 299 1379 326 dilectionis
1394 299 1585 326 instrumenta.
1603 299 1633 326 Si
1648 299 1694 326 ab-

906 344 980 375 litus,
997 343 1095 377 inquit,
1112 343 1186 377 fuero
1201 344 1250 374 tui,
1265 342 1415 370 Jerusalem
1431 363 1438 375 ,
1462 343 1587 370 oblivioni
1604 344 1694 370 trada-

906 394 950 416 tur
962 389 1072 416 dextera
1085 398 1153 417 mea.
1173 389 1322 417 Concedite
1337 389 1414 422 tnihi,
1429 393 1458 416 ut
1477 390 1608 424 scriptum
1628 398 1695 425 pau-

906 435 992 462 lulum
1021 435 1155 462 invcrtam
1178 440 1259 470 atque
1283 435 1434 467 immntem,
1462 435 1534 471 quod
1563 444 1616 463 non
1643 444 1695 464 nos

905 481 1033 513 dexterae,
1059 481 1105 508 sed
1124 481 1235 509 dextera
1250 482 1338 508 nostri
1358 481 1441 509 oblita
1468 485 1530 515 est;
1547 485 1574 510 et
1598 482 1691 516 lingua

905 529 1007 564 gutturi
1026 536 1076 556 suo
1092 528 1282 557 adhaerescens
1300 532 1406 556 meatus
1422 529 1497 556 vocis
1514 528 1651 555 obstruxit
1667 533 1695 556 et

906 575 1056 607 obturavit,
1071 578 1102 601 ut
1129 582 1164 602 ne
1178 575 1295 609 amplius
1311 583 1362 603 nos
1385 575 1492 603 dulcem
1508 576 1582 602 illam
1598 583 1694 602 vocem

906 628 1003 648 rursus
1016 620 1170 648 audiamus.
1190 620 1291 648 Verum
1307 621 1455 655 abstergite
1471 621 1536 648 mihi
1549 621 1693 656 lacrymas.

906 664 973 691 Nam
990 665 1081 692 sentio
1106 673 1150 692 me
1177 665 1249 692 ultra
1274 673 1356 701 quam
1380 665 1486 697 deceat,
1510 665 1693 692 calamitatem

906 710 1075 737 muliebriter
1093 709 1203 737 deﬂere.
1219 709 1279 737 Non
1297 711 1406 737 ablatus
1420 714 1463 738 est
1483 718 1499 736 a
1516 710 1595 737 nobis
1610 717 1694 744 spon-

906 763 965 787 sus,
983 755 1010 782 in
1023 755 1113 782 medio
1126 759 1251 783 nostrum
1265 760 1330 787 stat.
1347 756 1455 784 etiamsi
1471 763 1521 783 nos
1535 763 1590 782 non
1606 756 1695 781 vidca-

907 809 979 828 mus.
1001 801 1029 828 ln
1043 802 1131 837 adytis
1145 810 1176 830 ac
1195 802 1382 837 penetralibus
1397 801 1528 829 sacerdos
1543 806 1594 832 est,
1611 802 1637 827 in
1653 801 1694 827 iu-

906 847 1053 875 terioribus
1070 849 1132 881 veli,
1148 856 1204 884 quo
1221 855 1374 883 prtecursor
1389 855 1438 882 pro
1458 848 1537 875 nobis
1553 847 1694 882 ingressus

904 897 944 921 cst
971 893 1118 925 Christus,
1147 894 1258 929 reliquit
1287 893 1379 920 carnis
1408 896 1605 928 tegumentum.
1635 891 1693 919 Non

905 940 1023 975 amplius
1037 941 1117 975 signo
1131 944 1157 968 et
1183 940 1285 967 umbrae
1309 939 1461 966 caelestium
1485 939 1579 970 servit,
1599 937 1645 964 sed
1665 937 1694 964 in

905 986 993 1020 ipsam
1025 993 1118 1013 rerum
1146 985 1293 1020 imaginem
1321 986 1461 1017 intuetur;
1490 991 1545 1011 non
1575 982 1694 1017 amplius

905 1039 952 1066 per
965 1032 1106 1066 speculum
1123 1036 1205 1066 atque
1217 1038 1264 1066 per
1277 1036 1452 1058 transennam
1465 1033 1492 1057 et
1503 1030 1629 1063 aenigma,
1646 1028 1693 1055 sed

905 1078 963 1112 ipse
978 1077 1048 1105 faeie
1062 1085 1124 1104 cum
1140 1077 1209 1104 facie
1224 1077 1323 1104 collata
1345 1076 1489 1104 intercedit
1503 1076 1574 1110 apud
1597 1074 1692 1102 Deum.

905 1123 1052 1151 intercedit
1070 1127 1161 1150 autem
1181 1130 1230 1157 pro
1247 1122 1338 1154 nobis,
1354 1126 1380 1149 et
1403 1121 1496 1156 populi
1516 1121 1625 1149 erratis.
1642 1120 1695 1147 De-

905 1169 997 1204 posuit
1012 1169 1121 1196 tunicas
1138 1168 1284 1203 pelliceas;
1307 1175 1397 1202 neque
1417 1167 1490 1194 enim
1505 1166 1605 1194 talibus
1622 1165 1696 1192 tuni-

904 1216 945 1243 cis
963 1223 1032 1250 opus
1047 1215 1158 1246 habent,
1172 1215 1218 1249 qui
1232 1215 1259 1241 in
1275 1214 1402 1249 paradiso
1415 1213 1526 1248 degunt.
1547 1213 1599 1240 Sed
1611 1212 1695 1240 habet

905 1261 1075 1293 indumenta,
1089 1269 1149 1296 quae
1164 1260 1281 1295 puritate
1294 1260 1356 1287 vita:
1366 1267 1423 1288 sum
1439 1259 1591 1291 contexuit,
1606 1259 1695 1293 iisque

905 1316 965 1336 sese
978 1308 1130 1335 exornavit.
1148 1306 1287 1334 llonorata
1305 1313 1336 1334 ac
1351 1305 1470 1340 pretiosa
1490 1312 1583 1332 coram
1603 1304 1696 1330 Domi-

904 1361 940 1380 no
955 1354 1019 1381 talis
1035 1352 1118 1388 (viri)
1134 1360 1208 1380 mors
1235 1355 1286 1379 est.
1305 1351 1361 1378 lino
1377 1358 1443 1377 vero
1467 1358 1521 1377 non
1537 1356 1621 1382 mors,
1647 1348 1694 1375 sed

905 1403 1020 1434 ruptura
1045 1398 1218 1425 vinculorum
1243 1401 1295 1425 est.
1320 1396 1467 1431 Disrupisti
1491 1395 1574 1427 enim,
1596 1394 1694 1428 inquit,

906 1447 1009 1473 vincula
1026 1454 1083 1473 mea
1094 1445 1115 1472 ⁸.
1143 1444 1278 1471 Dimissus
1302 1447 1344 1472 est
1361 1442 1485 1474 Simeon,
1509 1441 1639 1468 liberatus
1653 1443 1695 1467 est

65 1483 240 1520 ἠλευθερώθη
259 1485 291 1511 ὲκ
302 1484 356 1510 τῶν
370 1484 477 1519 δεσμῶν
493 1484 539 1510 τοῦ
561 1483 694 1519 σώματος.
717 1484 749 1511 Ἥ
770 1485 852 1518 παγὶς

905 1492 1022 1520 vinculis
1039 1491 1173 1526 corporis.
1190 1490 1316 1525 Laqueus
1331 1489 1467 1517 contritus
1478 1491 1532 1519 est,
1546 1491 1572 1514 et
1586 1485 1693 1512 avicula

65 1530 228 1566 συνετρίϐη·
254 1530 285 1556 τὺ
303 1530 332 1556 δὲ
356 1530 495 1565 στρουθίον
510 1530 630 1565 ἀπέπτη.
654 1530 791 1557 Κατέλιπε
804 1531 853 1566 τὴν

64 1576 213 1611 Αἴγυπτον,
234 1576 280 1603 τὸν
294 1575 381 1612 ὑλώδη
392 1576 448 1611 βίον
460 1576 612 1612 ’ἐπέρασεν
630 1577 691 1612 οὐχὶ
705 1577 754 1613 τὴν
777 1578 854 1613 Ἐρυ-

65 1622 134 1657 θρὰν
151 1622 264 1656 ταύτην,
280 1622 348 1649 ἀλλὰ
359 1621 409 1658 τὴν
424 1622 552 1657 μέλαιναν
565 1622 671 1657 εκείνην
685 1623 731 1648 καὶ
746 1621 852 1658 ζοφώδη

64 1669 111 1696 τοῦ
126 1669 186 1705 βίου
210 1668 360 1696 θάλασσαν’
382 1667 505 1704 εἰσῆλθεν
519 1669 559 1700 είς
573 1667 622 1703 τὴν
638 1669 689 1703 γῆν
706 1669 755 1703 τῆς
768 1669 854 1703 ἐπαγ-

63 1715 159 1750 γελίας
169 1723 176 1730 ·
193 1715 240 1742 ἐπὶ
254 1714 300 1742 τοῦ
321 1713 400 1750 ὄρους
420 1714 632 1749 προσφιλοσοφεῖ
646 1714 685 1748 τῷ
698 1714 757 1750 Θεῴ
767 1723 773 1730 ·
794 1715 854 1742 ἐλύ-

66 1770 133 1789 σατο
151 1761 182 1788 τὸ
195 1761 322 1796 ὑπόδημα
339 1761 389 1796 τῆς
408 1760 508 1795 ψυχῆς,
533 1760 577 1787 ἵνα
597 1760 704 1796 καθαρᾷ
725 1762 758 1796 τῇ
777 1761 853 1796 βάσει

64 1808 115 1843 τῆς
137 1807 257 1838 διανοίας
276 1807 326 1842 τῆς
349 1806 428 1841 ἁγίας
447 1796 498 1842 γῆς
519 1806 737 1840 ἐπιϐατεύσειεν,
788 1807 854 1834 καθ-

62 1854 162 1888 ορᾶται
177 1852 253 1884 Θεός.

100 1898 211 1934 Ταύτην
230 1897 346 1932 ἔχοντες,
366 1897 485 1931 ἀδελφοὶ.
502 1898 551 1933 τὴν
569 1897 751 1933 παράκλησιν,
775 1899 853 1932 ὑμεῖς

63 1945 88 1970 οἱ
110 1944 149 1971 τὰ
169 1943 236 1970 ὁστὰ
249 1943 297 1970 τοῦ
320 1943 419 1978 Ἰωσὴφ
437 1943 483 1970 ἐπὶ
495 1943 545 1978 τὴν
558 1942 649 1979 χώραν
666 1944 715 1979 τῆς
729 1943 853 1978 εὐλογίας

65 1989 308 2025 μετακομίζοντες,
326 1988 461 2016 ἀκούσατε
474 1988 522 2015 τοῦ
543 1988 649 2016 Παύλου
675 1989 853 2024 παρεγγυῶν-

62 2044 126 2067 τος·
157 2035 204 2068 Μὴ
231 2033 377 2061 λυπεῖσθε
407 2034 447 2066 ὡς
477 2034 526 2061 καὶ
555 2035 583 2060 at
607 2034 726 2067 λοιποί,
757 2036 784 2061 οι
808 2034 852 2068 μὴ

63 2079 189 2115 ἔχοντες
204 2079 322 2106 ἐλπίδα.
346 2079 448 2105 Εἴπατε
470 2078 509 2113 τῷ
526 2079 583 2105 ἐκεῖ
601 2078 667 2113 λαῷ,
688 2079 853 2114 διηγήσασθε

62 2125 98 2151 τὰ
123 2123 194 2150 καλὰ
214 2123 382 2159 διηγήματα.
405 2122 508 2149 Εἴπατε
521 2122 551 2149 τὸ
564 2121 762 2158 ἀπιστούμενον
788 2122 852 2149 θαῦ-

65 2178 115 2204 μα·
133 2169 191 2200 πῶς
215 2169 255 2200 εἰς
272 2168 411 2203 θαλάσσης
423 2167 484 2202 ὄψιν
497 2168 753 2200 καταπυκνωθέντες
771 2169 785 2195 ὁ
801 2177 852 2204 μυ·
870 2166 892 2194 D

63 2214 237 2250 ριάνθρωπος
259 2215 360 2250 δῆμος,
384 2213 413 2240 ἓν
430 2212 499 2250 ἦσαν
514 2214 585 2241 κατὰ
601 2213 630 2240 τὺ
646 2215 756 2250 συνεχὲς
774 2215 853 2250 σῶμα

61 2262 87 2288 οἱ
110 2261 229 2293 πάντες,
247 2259 302 2288 οἷόν
317 2270 343 2287 τι
360 2261 431 2296 ὕδωρ
453 2261 517 2296 περὶ
535 2260 584 2296 τὴν
605 2260 652 2287 τοῦ
676 2260 853 2296 σκηνώματος

63 2306 178 2341 πομπὴν
194 2305 394 2340 πελαγίζοντες.
407 2306 468 2336 Πῶς
481 2307 494 2332 ὁ
506 2306 587 2338 καλὸς
598 2306 679 2333 Δαόὶδ
694 2306 853 2342 πολυμερῶς

62 2352 111 2378 καὶ
129 2351 306 2386 πολυτρόπως
327 2351 367 2381 είς
392 2351 491 2386 μυρίας
514 2351 604 2384 τάξεις
622 2352 717 2378 ἑαυτὸν
735 2361 854 2388 καταμε-

63 2397 156 2432 ρίσας,
181 2398 210 2422 ὲν
235 2396 445 2431 ἑτερογλώσσοις
469 2396 515 2423 καὶ
539 2397 722 2432 ὁμογλώσσοις
742 2398 806 2434 περὶ
823 2398 854 2425 τὸ

63 2443 166 2477 σκῆνος
181 2442 334 2478 ἐχόρευσεν.
362 2442 425 2474 Πῶς
449 2442 618 2477 ἑκατέρωθεν
645 2444 669 2469 εί
695 2442 741 2470 τοῦ
768 2444 854 2479 πυρὸς

62 2487 183 2522 ποταμοὶ
198 2488 231 2522 τῇ
252 2487 376 2522 συνεχείᾳ
391 2486 451 2513 τῶν·
467 2487 614 2522 λαμπάδων
625 2487 704 2520 ὁλκὸς
720 2488 853 2516 ἀδιάσπα-

62 2540 127 2562 στος
142 2531 260 2566 ῥέοντες,
280 2531 333 2563 ἓως
349 2527 379 2558 οὗ
395 2531 508 2558 δυνατὸν
531 2529 565 2568 ἦν
591 2532 723 2568 ὀφθαλμῷ
743 2533 851 2565 λαϐεῖν,

61 2576 265 2612 παρετείνοντο.
284 2576 386 2603 Εἴπατε
406 2577 454 2603 τοῦ
477 2577 543 2604 λαοῦ
560 2578 660 2609 παντὸς
680 2578 729 2613 τὴν
750 2579 851 2613 προθυ-

63 2622 142 2655 μίαν,
158 2620 212 2647 τῶν
231 2621 387 2648 ἀποστόλων
407 2622 456 2657 τὴν
469 2623 627 2657 συσκηνίαν.
646 2617 707 2655 Πῶς
732 2624 765 2650 τά
789 2633 851 2651 σου-

60 2668 143 2704 δάρια
165 2667 220 2693 τῶν
248 2667 400 2703 προσώπων
420 2668 512 2700 αὑτοῦ,
542 2670 581 2700 εἰς
602 2669 771 2705 φυλακτήρια
797 2671 850 2697 τῶν

61 2713 168 2740 πιστῶν
190 2712 343 2741 διετίλλετο.
360 2714 534 2750 Προσκείσθω
555 2715 594 2750 τῷ
609 2715 758 2751 διηγήματι
774 2716 849 2751 βασι-ι

98 2800 110 2816 ⁵
125 2800 199 2828 Psal.
214 2808 291 2834 cxtn,
307 2801 349 2829 l7.
389 2802 399 2818 '
413 2801 498 2829 Exod.
516 2810 557 2835 ιιι,
578 2803 603 2829 5.
643 2803 653 2818 ⁶
668 2803 678 2830 l
693 2803 787 2832 Thess.
805 2811 841 2838 tv,
856 2805 897 2832 t2.

905 1539 1035 1567 avolavit.
1056 1537 1180 1572 Reliquit
1204 1536 1364 1571 lEgypmm,
1383 1534 1550 1562 materialem
1566 1537 1594 1560 et
1618 1540 1695 1559 cras-

905 1592 963 1612 sam
977 1585 1039 1612 vitte
1053 1584 1206 1611 rationem:
1221 1581 1348 1609 transivit
1364 1589 1417 1608 non
1432 1580 1555 1607 Rubrum
1569 1580 1631 1609 hoc,
1646 1578 1694 1606 sed

904 1634 994 1657 atrum
1010 1629 1075 1656 illud
1091 1634 1118 1656 et
1143 1628 1323 1663 caliginosum
1346 1626 1407 1653 vitae
1433 1633 1526 1658 mare;
1553 1625 1695 1660 ingressus

904 1678 947 1702 cst
963 1678 1062 1702 terram
1078 1671 1290 1708 promissionis:
1308 1671 1335 1698 in
1359 1675 1451 1698 monte
1475 1677 1539 1697 cum
1562 1669 1617 1696 Deo
1639 1669 1696 1703 phi-

904 1720 1082 1755 losophatur;
1109 1719 1190 1747 solvit
1216 1718 1313 1745 animte
1329 1717 1557 1747 calceamentum,
1580 1719 1609 1742 ut
1627 1723 1694 1750 pura

905 1766 996 1800 planta
1013 1765 1114 1792 mentis
1144 1768 1245 1792 terram
1268 1768 1391 1792 sanetam
1405 1762 1426 1796 ',
1455 1762 1501 1790 ubi
1525 1761 1696 1797 conspicitur

905 1811 988 1844 Deus,
1007 1809 1216 1838 conscenderet.

940 1901 1017 1927 llanc
1032 1907 1094 1927 cum
1110 1899 1245 1930 habeatis,
1264 1890 1374 1930 fratres,
1396 1897 1628 1927 consolationem.
1646 1903 1696 1924 vos

904 1947 951 1981 qui
979 1953 1042 1974 ossa
1070 1944 1182 1980 Iosephi
1211 1944 1405 1980 transportetis
1424 1944 1456 1971 ad
1481 1948 1554 1970 terra
1567 1951 1581 1968 ιι
1611 1942 1696 1969 bene-

904 1991 1055 2023 dictionis,
1080 1991 1174 2018 audite
1202 1989 1280 2017 Pauli
1311 1990 1393 2018 verba
1423 1988 1606 2024 prtecipientis
1628 1997 1634 2015 :
1657 1986 1696 2014 Ne

905 2037 1096 2064 contristemim’
1116 2037 1185 2063 sicut
1204 2041 1228 2063 et
1243 2036 1342 2067 cazteri,
1357 2036 1401 2070 qui
1415 2043 1484 2068 apem
1500 2042 1550 2060 non
1565 2033 1660 2059 [tabent
1673 2032 1693 2059 ⁸³.

905 2082 993 2110 Dicite
1023 2082 1124 2117 populo
1152 2082 1206 2115 illi;
1232 2081 1361 2116 exponite
1391 2081 1477 2108 bonas
1509 2078 1693 2106 narrationes.

904 2128 992 2155 Dicite
1006 2128 1181 2159 miraculum,
1198 2127 1241 2155 cui
1271 2127 1337 2154 fides
1355 2126 1500 2161 derogetur
1526 2134 1533 2150 :
1557 2124 1694 2159 quomodo

907 2173 933 2199 in
949 2173 1033 2199 maris
1049 2171 1161 2199 modum
1189 2171 1349 2199 condensati
1377 2171 1585 2198 innumerorum
1607 2169 1695 2196 homi-

906 2226 970 2246 num
997 2218 1113 2253 populus
1142 2225 1225 2244 unum
1253 2217 1415 2244 continuum
1441 2223 1542 2251 corpus
1572 2215 1693 2242 universi

905 2267 994 2296 erant,
1020 2267 1148 2298 tanquam
1177 2271 1247 2297 aqua
1275 2262 1399 2297 qumdam
1425 2262 1499 2290 circa
1523 2261 1693 2289 tabernaculi

905 2316 1032 2344 pompam
1071 2313 1231 2336 aestuantes.
1258 2309 1402 2342 Quomodo
1432 2308 1581 2343 prmclarus
1610 2307 1692 2333 David

905 2354 1082 2381 multifariam
1109 2354 1258 2389 multisque
1283 2353 1371 2381 modis
1393 2353 1420 2380 in
1446 2353 1604 2380 innumeros
1618 2352 1693 2379 ordi-

905 2407 955 2427 nes
970 2407 1031 2427 sese
1043 2398 1222 2430 distribuens,
1250 2399 1321 2426 inter
1344 2399 1460 2426 diversa:
1477 2399 1559 2426 simul
1579 2402 1606 2425 et
1619 2399 1694 2432 ejus-

904 2445 964 2472 dem
983 2445 1082 2480 lingua:
1095 2445 1233 2477 homines,
1246 2449 1274 2472 et
1289 2446 1364 2472 circa
1383 2444 1590 2471 tabernaculum
1607 2445 1693 2479 tripu-

903 2491 1007 2519 diabat.
1032 2491 1176 2524 Quomodo
1202 2491 1330 2526 utrinque
1362 2490 1462 2525 (quasi)
1495 2489 1567 2524 ignei
1597 2497 1692 2517 amnes

903 2537 1110 2565 continentibus
1137 2537 1254 2569 facibus,
1281 2540 1368 2564 tractu
1395 2536 1525 2562 continuo
1548 2539 1691 2569 perpetuo-

903 2590 957 2616 que
970 2583 1099 2615 ﬂuentes,
1124 2583 1213 2618 quoad
1245 2582 1316 2609 oculi
1349 2582 1506 2616 longissime
1536 2581 1691 2615 prospicere

903 2633 1027 2663 possent,
1051 2629 1269 2664 porrigebantur.
1295 2628 1425 2662 Exponite
1453 2627 1573 2654 studium
1598 2626 1689 2660 populi

904 2673 1004 2705 totius,
1027 2675 1213 2708 apostolorum
1240 2673 1460 2700 contubernium.
1480 2670 1623 2704 Quomodo
1641 2678 1689 2697 su-

904 2719 980 2746 daria
995 2719 1072 2748 faciei
1107 2721 1166 2755 ejus
1185 2720 1217 2747 ad
1239 2720 1395 2754 praesidium
1426 2723 1507 2753 atque
1536 2717 1689 2745 custodiam
