1912 3082
60 127 119 156 ξῦὸ

595 127 630 155 IN
645 127 786 155 FUNERE
802 128 1010 157 PULCIIERIIE
1031 129 1173 157 ORATlO.

1649 133 1702 161 806

60 186 218 221 δοθήσεται.
240 185 295 212 Καὶ
317 185 372 221 γὰρ
389 185 436 211 καὶ
456 184 510 211 τῶν
529 184 628 220 ἰατρῶν
649 186 746 211 ἐκεῖνοι
772 185 857 219 caeci,

913 185 1032 220 quodam
1054 185 1179 213 adhibito
1204 185 1404 213 medicamento
1426 188 1522 215 lenire.
1547 188 1606 217 Etsi
1628 193 1701 218 enim

60 233 88 260 οι
104 232 173 268 πρὸς
185 232 215 258 τὸ
227 230 373 263 πλεονάζον
387 231 441 257 τῶν
458 231 612 266 ἀλγηδόνιινι
627 231 672 257 διὰ
691 231 741 266 τῆς
762 231 859 266 τέχνης

62 278 222 314 ἱστάμενοι.
242 277 297 305 τῶν
326 278 354 304 δὲ
375 275 455 312 ἦττον
477 277 615 313 ὀδυνηρῶν
638 278 688 313 τὴν
712 278 859 313 θεραπείαν

62 324 285 360 ὑπερτιθέμενοι.
302 323 407 358 Ὥσπερ
418 323 445 350 δέ
459 331 539 357 φασιν
554 323 578 349 οἱ
594 323 657 359 περὶ
667 323 752 350 ταῦτα
766 323 859 356 δεινοὶ,

62 371 88 396 εἰ
105 370 152 396 δύο
165 369 235 396 κατὰ
251 369 348 396 ταύτὸν
359 369 399 396 ἐνὶ
416 369 522 404 σώματι
535 369 611 395 πόνοι
624 369 798 404 συμπέσοιεν,
812 369 860 404 μό-

62 424 111 442 νου
129 415 175 442 τοῦ
189 415 403 452 ὑπερϐάλλοντος
425 415 473 450 τὴν
487 414 613 450 αἴσθησιν
627 414 759 449 γίνεσθαι,
778 416 805 441 ἐν
821 415 860 450 τῷ

62 461 240 493 πλεονάζοντι
259 461 309 496 τῆς
330 461 531 497 ἐπικρατούσης
546 461 691 496 ἀλγηδόνος
713 461 860 488 ἐκκλεπτο-

63 507 151 542 μένης
163 508 211 542 τῆς
220 507 328 542 ἥττονος
339 515 346 523 ·
358 506 429 533 οὓτω
442 507 488 533 καὶ
499 507 544 533 ἐπὶ
555 507 602 533 τοῦ
616 507 746 542 παρόντος
758 507 858 541 βλέπω.

62 553 101 578 Τὸ
116 553 170 589 γὰρ
187 553 245 579 νέον
265 561 294 578 τε
316 552 363 578 καὶ
384 552 517 587 ἡμέτερον
543 552 670 588 ἄλγημα,
687 552 740 579 τῶν
757 552 800 579 διὰ
811 554 860 588 τῆς

63 599 178 633 μνήμης
194 597 364 631 ἀλγυνόντων
373 598 446 633 ἡμᾶς
465 598 538 624 ἐστιν
549 597 787 633 ὲπικρατέστερον.
799 598 860 629 Πῶς

61 644 118 680 γὰρ
132 644 182 671 οὐκ
194 643 226 670 ἄν
242 652 283 674 τις
297 643 344 670 ἐπὶ
358 644 415 675 τοῖς
429 643 616 679 συμϐεϐηκόσι
643 644 726 670 πάθοι
740 645 804 676 ;Τίς
818 643 861 670 οὖ-

60 697 119 720 τως
132 689 241 725 ἀπαθὴς
257 690 306 724 τὴν
321 689 428 725 ψυχήν;
446 689 467 715 Τ
471 690 494 720 ίς
506 689 592 720 οὕτως
607 689 653 716 τὸν
666 690 766 725 τρόπον
783 689 858 724 σιδή-

63 743 138 770 ρεος,
170 735 206 766 ὡς
229 735 362 770 ἀναλγητὶ
383 735 413 761 τὸ
440 735 546 770 συμϐὰν
571 735 715 768 δέξασθαι;
738 736 859 770 Ἔγνωτε

63 781 175 812 πάντως
185 781 232 816 τὴν
247 781 310 808 νέαν
334 781 436 816 ταύτην
453 782 617 817 περιστερὰν
632 781 680 817 τὴν
694 783 860 817 ἐντρεφομέ-

62 836 115 863 νην
125 829 157 863 τῇ
174 827 299 864 βασιλικῇ
317 827 407 861 καλιᾷ,
421 827 470 862 τὴν
488 827 551 862 ἄρτι
566 828 614 862 μὲν
627 828 815 863 πτερουμένην
830 829 859 854 ὲν

62 872 185 910 λαμπρῷ
202 872 241 909 τῷ
258 873 360 908 πτερῷ,
379 873 536 908 ὑπερϐᾶσαν
555 873 582 900 δὲ
604 873 654 908 τὴν
675 873 783 909 ἡλικίαν
799 875 859 906 ταῖς

62 918 185 954 χάρισιν,
202 919 276 950 ὅπως
288 918 389 952 ἀφεῖσα
408 920 457 954 τὴν
474 918 571 946 καλιὰν
590 919 709 954 οἴχεται’
721 920 794 951 ὅπως
807 919 860 951 ἔξω

62 964 120 991 τῶν
131 964 277 1000 ὀφθαλμῶν
291 965 369 999 ἡμῶν
386 964 506 1000 ἀπέπτη,
524 965 596 996 ὅπως
614 965 699 1000 αὐτὴν
722 965 826 1000 ἁθρόως
845 965 859 991 ό

64 1010 163 1044 φθόνος
171 1009 224 1036 τῶν
237 1010 335 1045 χειρῶν
344 1010 422 1046 ἡμῶν
437 1010 615 1046 ἀφήρπασεν·
628 1011 681 1037 εἴτε
696 1010 860 1046 περιστερὰν

63 1057 118 1092 χρὴ
133 1057 222 1090 λέγειν
237 1056 350 1092 ταύτην,
362 1057 416 1083 εἴτε
438 1056 564 1089 νεοθαλὲς
577 1056 667 1089 ἄνθος,
683 1056 697 1083 ὃ
708 1056 786 1083 οὔπω
811 1057 859 1092 μὲν

64 1102 125 1128 ὅλον
143 1101 197 1128 τῶν
212 1101 337 1128 καλύκων
354 1101 593 1137 ὲξὲλαμψεν,ἀλλὰ
616 1102 646 1128 τὺ
665 1101 714 1137 μὲν
734 1102 857 1137 ἔλαμπεν

64 1148 127 1183 ἤδη,
140 1147 170 1174 τὸ
189 1147 217 1175 δὲ
234 1147 350 1183 λάμψειν
365 1148 509 1183 ἠλπίζετο·
522 1148 569 1175 καὶ
583 1149 657 1184 ὅμως
673 1149 701 1175 ἐν
712 1148 752 1184 τῷ
769 1149 861 1185 μικρῷ

64 1201 94 1219 τε
113 1195 160 1220 καὶ
177 1193 267 1220 ἁτελεί
285 1193 477 1228 ὑπερέλαμπεν
493 1201 500 1208 ’
519 1193 592 1225 ὅπως
605 1194 711 1228 ἁθρόως
721 1194 859 1231 ἐναπὲσϐη

64 1239 98 1273 τῇ
115 1238 225 1269 κάλυκι,
239 1239 286 1265 καὶ
309 1239 374 1273 πρὶν
393 1239 431 1270 εἰς
451 1239 543 1274 ἀκμὴν
571 1239 722 1275 προελθεῖν,
737 1239 784 1266 καὶ
800 1240 860 1266 ὅλον

64 1283 164 1318 admit-1
182 1284 298 1310 πετάσαι
310 1284 339 1310 τὸ
355 1283 445 1315 ἄνθος,
464 1284 530 1311 αὐτὸ
547 1285 612 1320 περὶ
628 1285 709 1312 ἑαυτὸ
722 1286 860 1322 κατεῤῥύη

64 1329 112 1356 καὶ
131 1328 205 1357 κόνις
218 1328 336 1362 ἐγένετο,
354 1328 367 1355 ὃ
381 1328 443 1355 οὔτε
457 1328 589 1364 ἑδρέψατό
603 1339 656 1361 τις.
671 1330 732 1356 οὔτε
744 1332 860 1365 ἐστεφα-

65 1373 170 1400 νώσατο
185 1381 193 1388 ·
210 1373 278 1400 ἀλλὰ
302 1374 390 1409 μάτην
414 1375 431 1410 ή
446 1374 527 1408 φύσις
546 1375 679 1411 ὲπόνησεν
692 1384 699 1391 ⁶
718 1373 747 1403 οὗ
768 1376 797 1402 τὸ
812 1377 861 1411 μὲν

64 1419 168 1454 ἀγαθὸν
183 1421 212 1446 ἐν
224 1420 330 1446 ἐλπίσιν
350 1419 395 1455 ἦν,
409 1422 423 1446 ὁ
437 1421 464 1447 δὲ
483 1420 580 1456 φθόνος
595 1421 688 1456 ξίφους
700 1421 778 1457 δίκην
795 1422 862 1450 πλά-

63 1473 124 1499 γιος
141 1465 270 1500 ἐμπεσὼν
291 1466 340 1500 τὴν
367 1465 461 1491 ἐλπίδα
489 1465 624 1500 διέκοψεν.
640 1466 754 1501 Σεισμός
771 1475 812 1498 τις
826 1464 861 1502 ἦν

910 239 964 258 non
985 239 1093 262 omnes.
1117 231 1150 258 ad
1170 239 1241 266 quos
1254 232 1458 260 incommodum
1475 235 1555 262 simul
1570 237 1701 270 pertinet,

909 277 1035 303 coneioui
1060 277 1197 304 intersunt
1216 285 1223 303 :
1242 282 1362 305 attamen
1386 286 1434 313 per
1449 287 1497 306 eos
1516 281 1563 315 qui
1589 282 1700 315 adsunt,

911 321 1029 349 forsitan
1043 323 1124 350 etiam
1148 323 1176 350 in
1191 322 1319 350 absentes
1336 324 1427 350 oratio
1442 324 1636 361 divulgabitur.
1653 327 1700 354 Et-

912 369 984 395 enim
1000 369 1084 396 etiam
1109 368 1146 395 illi
1163 369 1224 395 boni
1243 373 1270 397 cl
1291 370 1425 396 commodi
1446 370 1543 398 tnedici
1561 377 1636 404 sunt,
1652 374 1700 408 qtti

909 415 1044 443 adversus
1067 415 1231 442 excvlleutes
1255 419 1282 442 et
1307 421 1468 450 superantes
1482 417 1591 445 dolores
1613 416 1700 447 ar'tetu

910 461 1067 488 adhibendo
1084 462 1251 492 consistunt,
1272 469 1379 492 eorum,
1406 469 1466 495 qua:
1489 462 1579 490 minus
1597 463 1700 492 doloris

911 507 1025 538 faciunt,
1045 507 1178 535 malorum
1195 507 1367 534 curationem
1380 507 1546 534 tlilfereutcs.
1564 507 1700 540 Quemad-

911 553 1020 579 modum
1041 557 1131 579 antem
1158 554 1253 580 harum
1278 561 1368 580 rerutn
1389 553 1468 588 periti
1488 554 1575 585 aiunt,
1600 555 1623 581 si
1646 555 1701 582 duo

910 599 992 626 simul
1016 599 1062 625 ttni
1079 599 1187 634 corpori
1209 599 1318 626 dolores
1333 599 1493 629 acciderint,
1514 607 1576 625 eum
1594 600 1639 633 qui
1654 608 1701 626 ex—

910 648 1021 679 superet
1045 652 1077 671 ae
1092 644 1249 671 dontinetnr
1270 645 1359 672 solum
1381 645 1489 676 Sentit-i,
1506 646 1701 679 exsuperantia

910 691 1082 726 pratvalentis
1096 691 1238 718 cruciatus
1256 691 1389 718 minorem
1412 691 1533 718 dolorem
1548 691 1626 725 quasi
1645 691 1703 717 sui-

911 737 1020 765 furante
1037 746 1044 764 :
1068 737 1139 764 idcnt
1156 737 1239 765 etiam
1262 737 1292 764 in
1309 744 1338 764 re
1354 737 1482 773 praesenti
1500 737 1700 764 animadverto.

909 781 977 809 Nam
994 787 1021 810 et
1037 790 1124 810 novus
1139 787 1286 816 nosterque
1302 783 1432 818 proprius
1446 782 1533 814 dolor.
1553 783 1586 810 iis
1606 783 1700 815 rebus,

911 836 1026 864 quantm
1053 827 1182 855 memoria
1200 827 1282 855 nobis
1296 828 1394 855 acerba
1421 832 1473 860 est,
1498 828 1599 861 acrior,
1620 833 1702 864 atque

910 874 1099 902 vehementior
1117 877 1169 902 est.
1187 873 1255 901 Nam
1269 874 1315 909 qui
1331 873 1418 908 possit
1436 873 1537 908 aliquis
1550 874 1586 900 ob
1596 881 1628 900 ea
1640 881 1702 909 quat

910 918 1082 951 acciderunt,
1096 926 1150 946 non
1166 918 1253 946 allici?
1269 919 1337 952 Quis
1351 919 1443 946 animo
1464 919 1532 945 adeo
1546 919 1652 947 alienus
1667 920 1702 946 ab

911 965 1052 993 aﬂ'cctibus
1066 965 1130 993 est?
1154 965 1223 998 Quis
1237 965 1306 994 adeo
1327 966 1451 993 moribtts
1467 965 1573 992 ferreus
1599 969 1651 998 est,
1673 970 1702 992 ιιι

910 1011 1014 1046 absque
1028 1011 1123 1038 dolore
1138 1011 1210 1046 quod
1227 1011 1337 1043 accidit,
1355 1011 1493 1045 excipiant?
1518 1011 1610 1038 Nostis
1625 1019 1703 1045 pror-

911 1063 972 1083 sum
987 1059 1108 1082 teneram
1131 1055 1203 1083 hanc
1219 1056 1387 1088 columbam,
1409 1063 1471 1090 quae
1494 1056 1520 1083 iit
1545 1056 1610 1083 nido
1628 1058 1703 1093 wgio

911 1102 1095 1134 nutriebatur,
1115 1109 1175 1136 quae
1188 1101 1245 1137 jam
1265 1102 1383 1137 primum
1398 1101 1508 1137 quidem
1525 1102 1619 1130 nitidis
1637 1110 1704 1137 pen-

912 1148 954 1174 nis
971 1147 1091 1174 volucris
1107 1147 1250 1179 evadebat,
1273 1147 1322 1175 sed
1341 1151 1446 1175 aetatem
1465 1147 1562 1182 gratiis
1573 1152 1600 1175 et
1617 1149 1704 1175 virtu-

912 1192 986 1219 tilms
1004 1192 1161 1227 superabat,
1182 1197 1212 1219 ut
1233 1192 1328 1219 relicto
1351 1191 1415 1219 nido
1439 1192 1607 1226 discesserit,
1625 1197 1655 1220 ut
1670 1202 1704 1221 ex

911 1238 1001 1265 oculis
1014 1238 1118 1264 nostris
1131 1237 1293 1270 avolaverit,
1306 1241 1336 1264 ut
1350 1245 1411 1265 cam
1428 1237 1532 1266 invidia
1547 1245 1659 1274 repente
1671 1240 1704 1267 ilo

913 1283 1041 1310 maribus
1057 1284 1160 1311 nostris
1180 1283 1312 1318 rapuerit,
1330 1284 1388 1311 sive
1404 1284 1561 1312 columbam
1577 1285 1647 1313 hanc
1663 1286 1706 1313 di-

911 1334 976 1355 cere
990 1331 1112 1361 oportet,
1136 1327 1193 1356 sive
1209 1335 1305 1355 recens
1328 1327 1509 1363 pullulantem
1534 1327 1640 1362 ﬂorem,
1656 1330 1705 1364 qui

912 1373 1035 1400 noudnnt
1052 1373 1163 1408 quidem
1189 1377 1246 1401 toto
1261 1381 1313 1401 suo
1329 1374 1475 1408 splendore
1491 1382 1524 1402 ex
1539 1375 1654 1410 gemmis
1671 1383 1705 1403 ac

913 1418 1019 1453 vaginis
1031 1418 1200 1449 emersisset.
1218 1418 1265 1445 sed
1278 1419 1374 1453 partim
1391 1419 1500 1453 quidem
1513 1419 1570 1454 jam
1585 1422 1704 1449 enituis~

912 1467 964 1496 set,
983 1464 1080 1497 partim
1097 1471 1161 1490 vero
1176 1464 1202 1490 in
1220 1464 1308 1491 lucem
1334 1472 1495 1492 emersurus
1519 1471 1677 1499 speraretur
1697 1476 1703 1494 :

63 1511 207 1546 ἄντικρυς,
220 1511 339 1546 ἀδελφοὶ,
356 1511 387 1538 τὸ
404 1511 549 1547 γενόμενον
560 1520 566 1527 ·
584 1512 705 1547 σεισμὸς,
720 1512 795 1538 οὐδὲν
806 1513 857 1538 τῶν

915 1516 964 1537 nec
980 1517 1012 1536 eo
1026 1510 1115 1536 minus
1131 1510 1157 1535 in
1179 1509 1277 1545 exigua
1293 1514 1375 1544 atque
1399 1509 1556 1544 imperfecta
1572 1511 1614 1538 stti
1630 1517 1706 1546 parte

63 1558 196 1594 χαλεπῶν
216 1558 426 1594 συμπτωμάτων
450 1558 713 1593 φιλανθρωπότερος.
737 1559 774 1585 Οὐ
809 1558 861 1594 γὰρ

63 1605 171 1639 ἄψυχον
195 1604 420 1639 οἰκοδομημάτων
447 1604 545 1636 κάλλος
575 1603 754 1639 διελυμήνατο
770 1613 777 1620 ’
800 1604 862 1631 οὐδὲ

64 1649 190 1680 εὐανθεῖς
207 1649 325 1685 γραφὰς,
341 1649 448 1686 ἢλίθων
460 1649 611 1685 περικαλλῆ
626 1649 749 1684 θεάματα
760 1651 800 1681 εἰς
809 1650 861 1685 γῆν

66 1694 235 1721 κατέϐαλεν·
249 1694 305 1720 ἀλλ’
323 1695 408 1730 αὐτῆς
429 1695 478 1730 τῆς
505 1695 613 1729 φύσεως
635 1695 666 1722 τὸ
690 1695 861 1731 οἰκοδόμημα

65 1739 194 1777 λαμπρδν
219 1741 258 1777 τῷ
282 1741 384 1772 κάλλει,
409 1742 635 1776 ὑπεραττράπτον
656 1743 715 1773 ταῖς
731 1741 859 1776 χάρισιν,

65 1787 78 1811 ἐ
86 1786 174 1822 θρόως
189 1787 350 1823 προσπεσὼν
363 1789 377 1813 ὀ
392 1787 502 1822 σεισμὸς
513 1783 590 1819 οὗτος
599 1787 728 1814 διέλυσεν.

914 1556 1015 1583 mirum
1044 1556 1072 1582 in
1099 1555 1209 1582 modum
1238 1556 1448 1590 respleuderet:
1479 1562 1508 1584 ut
1539 1562 1651 1592 repente
1678 1559 1706 1585 in

912 1609 1016 1636 gemma
1028 1601 1203 1633 emat-currit,
1219 1608 1250 1628 ac
1266 1601 1424 1636 priusquam
1439 1602 1473 1629 ad
1489 1610 1569 1630 suum
1583 1603 1704 1638 vigorem

913 1647 1094 1682 pervenisset,
1116 1654 1149 1674 ac
1164 1655 1302 1674 sumntum
1325 1647 1524 1675 incrementum
1548 1652 1646 1676 nactus
1662 1657 1706 1676 cs-

912 1699 965 1727 sel,
988 1698 1132 1728 totutuque
1156 1701 1219 1720 cttm
1243 1694 1319 1721 suavi
1333 1693 1415 1721 odore
1432 1693 1557 1722 decorent
1576 1694 1707 1729 paudetet

911 1748 944 1767 ac
956 1739 1134 1771 dill‘underet,
1149 1740 1207 1774 ipse
1227 1739 1303 1766 circa
1319 1747 1348 1766 se
1363 1739 1509 1767 deﬂuxerit
1523 1744 1550 1768 et
1565 1740 1593 1767 in
1614 1741 1708 1775 pulve-

907 1794 964 1813 rem
982 1785 1110 1813 redactus
1127 1786 1173 1817 sit,
1189 1793 1272 1820 quem
1289 1793 1377 1820 neque
1391 1786 1538 1820 quisquam
1555 1786 1707 1822 decerpsit.

66 1840 158 1868 neque
173 1834 284 1861 coronis
298 1833 448 1868 adaptavit,
471 1833 518 1862 sed
542 1834 645 1861 l'rustra
661 1837 759 1860 natura
780 1833 938 1860 laboravit;
962 1832 1007 1859 ubi
1025 1832 1126 1858 bonum
1158 1831 1268 1866 quidem
1284 1837 1344 1858 erat
1367 1831 1395 1859 in
1426 1839 1474 1866 spe
1506 1836 1534 1859 et
1567 1838 1709 1868 exspecta-

65 1882 155 1911 tione,
179 1880 279 1907 invidia
295 1888 360 1908 vero
381 1880 463 1915 gladii
488 1881 574 1908 instar
596 1889 628 1908 ex
652 1885 813 1909 transverso
832 1882 941 1908 irruens
977 1887 1051 1914 spem
1082 1879 1240 1913 interrupit.
1269 1879 1456 1907 Terrazmotus
1486 1880 1598 1915 qui.!ant
1619 1882 1708 1917 plane,

66 1923 189 1957 fratres,
220 1931 279 1952 erat
319 1925 346 1952 id
381 1925 454 1960 quod
493 1926 615 1959 accidit,
649 1930 822 1953 terrmototus
853 1925 960 1953 acerbis
981 1924 1093 1952 casibus
1120 1924 1206 1951 nihilo
1237 1925 1329 1951 mitior
1373 1924 1429 1952 Non
1459 1926 1531 1952 enim
1558 1926 1708 1954 inanimum

67 1969 248 1997 editiciorutn
263 1971 347 1998 decus
370 1971 546 1999 labefactavit
562 1980 570 1999 :
589 1979 677 2006 neque
709 1972 818 1999 ﬂoridas
839 1972 964 2006 picturas
997 1975 1044 1997 aut
1067 1970 1185 2004 lapidum
1213 1970 1320 1997 eximite
1354 1971 1566 2005 pulchritudinis
1603 1977 1710 2007 specta-

67 2017 132 2042 t-ula
155 2017 228 2043 humi
247 2018 394 2052 prostravit
412 2027 419 2044 :
435 2018 481 2045 sed
499 2018 587 2053 ipsius
598 2023 706 2046 natura:
720 2019 865 2047 :cdilieium
895 2017 1102 2052 pulchritudine
1121 2017 1315 2051 splendidum,
1338 2018 1487 2051 gratiarum
1514 2025 1546 2044 ac
1576 2019 1707 2046 virtutum

68 2064 179 2098 fulgure
195 2064 342 2096 excellens,
361 2067 473 2098 repente
488 2063 590 2099 impetu
604 2064 675 2092 laeto
691 2069 863 2092 teri-mutatus
879 2064 925 2090 hic
940 2063 1076 2090 dissolvit.

106 2107 182 2137 Εἶδον
193 2109 248 2144 ἐγὼ
263 2109 309 2136 καὶ
325 2110 355 2136 τὸ
370 2110 469 2146 ὑψηλὸν
483 2110 570 2146 ἔρνος,
585 2111 630 2138 τὸν
649 2111 780 2146 ὑψίκομον
799 2111 857 2146 φοίι

946 2108 1008 2136 Vidi
1024 2117 1076 2144 ego
1086 2109 1167 2135 etiam
1184 2108 1302 2135 sublime
1320 2107 1386 2134 illud
1409 2115 1532 2143 germen.
1548 2107 1707 2137 alticomam

67 2165 133 2184 νικα
147 2157 186 2192 (t‘t
200 2156 337 2192 βασιλικόν
354 2165 424 2192 φημι
446 2157 556 2193 κράτος)
569 2157 614 2183 τὸν
633 2159 694 2188 ταῖς
712 2157 863 2192 βασιλικαῖς

68 2204 184 2238 ἀρεταῖς
196 2200 252 2230 οἶόν
277 2211 331 2229 τισι
355 2203 461 2235 κλάδοις
477 2203 568 2238 πάσης
582 2204 791 2238 ὑπερανεστὼτα
815 2203 864 2237 τῆς

67 2249 234 2283 οἰκ-,υμὲνης
249 2249 294 2275 καὶ
319 2248 408 2275 πάντα
429 2248 647 2283 διαλαμϐάνοντα
665 2256 671 2263 ³
689 2246 756 2274 εἶδον
783 2248 866 2276 αὑτὸν

67 2294 126 2319 τῶν
141 2293 191 2328 μὲν
203 2293 290 2320 ἄλλων
303 2293 465 2328 κρατοῦντα,
476 2294 508 2328 τῇ
524 2293 552 2319 δὲ
565 2293 644 2327 φύσει
661 2293 864 2327 καμπτόμενον,

69 2339 119 2366 καὶ
143 2338 212 2374 πρὸς
242 2339 291 2374 τὴν
311 2337 445 2373 ἀποϐολὴν
469 2337 517 2364 τοῦ
539 2337 635 2369 ἄνθους
651 2337 863 2372 ὲπικλινόμενον.

70 2383 150 2412 Εἶδον
168 2385 216 2411 καὶ
231 2384 279 2419 τὴν
294 2384 390 2418 εὐγενῆ
405 2383 555 2418 κληματίδα
565 2382 614 2418 ’τὴν
633 2382 867 2418 περιειλημμένην

68 2431 110 2466 τῷ
124 2431 236 2466 φοίνικι,
254 2430 304 2466 τὴν
328 2430 358 2456 τὸ
375 2429 454 2461 ἄνθος
470 2430 536 2464 ἡμῖν
553 2429 632 2456 τοῦτο
647 2429 791 2461 ὼδίνασαν,
806 2429 866 2460 οἵας

71 2477 178 2512 ὑπέστη
191 2477 224 2503 ἐκ
232 2475 360 2511 δευτέρου
375 2475 454 2501 πάλιν
467 2475 564 2506 ὠδῖνας
572 2475 601 2500 ὲν
608 2475 693 2509 ψυχῇ,
706 2475 756 2501 οὐκ
770 2475 798 2501 ἐν
815 2474 867 2501 σώ-

71 2531 138 2558 ματι
152 2542 160 2554 ,
177 2522 222 2549 ὅτε
245 2521 331 2556 αὐτῆς
357 2519 434 2553 οὗτος
448 2522 462 2547 ό
487 2520 600 2555 βλαστὸς
621 2520 781 2547 ἀπετίλλετο
794 2529 801 2536 ·
818 2520 866 2552 Τίς

69 2567 245 2598 ἀστενάκτως
262 2566 294 2592 τὸ
305 2565 389 2597 πάθος
403 2564 597 2600 παρέδραμεν;
612 2565 660 2596 Τις
676 2565 726 2599 τὴν
743 2563 791 2591 τοῦ
808 2564 867 2599 βίου

70 2613 173 2648 ζημίαν
188 2612 238 2639 οὐκ
262 2611 421 2646 ὠλοφύρατο
436 2619 444 2643 ;
462 2611 509 2642 Τίς
527 2612 578 2637 οὐκ
591 2610 718 2645 ἐπαφῆκε
731 2610 770 2646 τῷ
785 2610 866 2637 πάθει

70 2658 177 2693 δὶυερυα
196 2666 204 2690 ;
225 2657 272 2688 Τίς
299 2657 330 2683 οὺ
360 2655 489 2691 κατέμιξε
514 2657 547 2691 τῇ
573 2657 649 2691 κοινῇ
678 2655 794 2690 συνῳδίᾳ
819 2655 866 2682 τοῦ

72 2704 171 2740 θρήνου
186 2703 236 2735 τὰς
260 2702 328 2733 ἰδίας
345 2702 454 2736 (powers;
471 2697 548 2727 Εἶδον
562 2701 655 2736 θέαμα·
674 2700 779 2733 πιστὸν,
790 2700 804 2726 ὃ
817 2702 866 2727 οὐκ

71 2750 104 2778 ἃν
116 2752 157 2782 εἰς
170 2750 260 2776 πίστιν
272 2749 342 2775 ἔλθοι
354 2749 409 2780 τοῖς
423 2749 491 2783 ἀκοῇ
507 2748 737 2783 παραδεχομένοις
751 2747 786 2773 τὰ
800 2747 866 2774 θαύ-

916 2154 1036 2188 palmatn
1057 2152 1270 2188 (imperatoriam
1290 2152 1353 2179 dico
1368 2152 1528 2188 potentiam)
1547 2161 1608 2188 qua:
1622 2154 1709 2189 itnpe.

917 2200 1030 2227 ratoriis
1053 2199 1203 2226 virtutibus
1230 2198 1311 2225 veluti
1335 2198 1419 2226 ramis
1436 2199 1601 2232 quibusdam
1626 2207 1709 2235 supra

916 2251 1024 2270 omnem
1040 2244 1141 2271 emittet
1158 2243 1250 2270 urbem
1267 2248 1415 2273 terrarum.
1439 2247 1467 2269 et
1489 2243 1582 2270 omnia
1607 2245 1712 2279 ample—

916 2291 1018 2321 ctitur;
1031 2289 1098 2321 vidi,
1111 2290 1233 2324 inquam,
1245 2298 1307 2316 eum
1323 2293 1439 2317 cauet-os
1452 2289 1563 2322 quidem
1579 2298 1712 2330 superan-

917 2341 970 2363 tem
987 2341 1069 2371 alque
1086 2336 1250 2369 vittcetttctn,
1269 2341 1375 2363 naturae
1389 2344 1455 2364 vero
1470 2337 1708 2370 succumbenletn,

919 2386 948 2409 et
961 2382 998 2409 ob
1012 2382 1145 2409 amissum
1159 2381 1254 2408 ﬂorent
1269 2382 1409 2409 inclinari.
1436 2381 1498 2409 Vidi
1514 2383 1579 2410 item
1595 2391 1712 2417 genero-

918 2435 978 2455 sam
1003 2428 1078 2454 illam
1104 2428 1187 2455 vitem
1213 2435 1295 2462 quam
1314 2428 1404 2463 palma
1421 2429 1545 2463 amplexa
1564 2433 1623 2460 est,
1652 2437 1712 2464 qnze

919 2473 1014 2501 liorem
1035 2474 1109 2501 hunc
1130 2474 1210 2501 nobis
1235 2479 1398 2508 pepererat,
1425 2475 1587 2508 qualesuam
1612 2474 1710 2501 iterum

918 2521 953 2548 de
972 2521 1079 2555 integro
1093 2520 1172 2555 quasi
1189 2520 1299 2555 pariens
1321 2520 1433 2547 dolores
1458 2520 1560 2551 animo,
1578 2527 1632 2547 non
1649 2527 1712 2546 cor-

917 2573 983 2600 pore
994 2565 1139 2597 sustinuit,
1153 2574 1215 2592 eutu
1234 2565 1285 2591 hoc
1301 2565 1336 2592 ab
1351 2573 1383 2592 ea
1400 2573 1511 2600 germen
1528 2565 1712 2592 avelleretur?

918 2611 986 2644 Quis
1004 2612 1108 2646 absque
1124 2611 1255 2647 lacrymis
1268 2611 1373 2638 cladem
1391 2610 1544 2646 praeteriit?
1568 2610 1635 2643 Quis
1648 2611 1711 2637 vitae

918 2658 1049 2684 damnum
1064 2666 1116 2684 non
1141 2657 1310 2692 deploravit?
1328 2657 1397 2689 Quis
1411 2656 1560 2683 calamitati
1575 2663 1628 2682 n0ll
1647 2656 1709 2681 illa-

918 2708 1059 2738 cryutatns
1073 2708 1114 2730 cst
1129 2704 1140 2729 ?
1167 2703 1235 2735 Quis
1261 2702 1401 2730 communi
1417 2701 1563 2728 concentui
1579 2700 1622 2726 latt
1634 2704 1710 2726 euta-

919 2749 1002 2776 tiouis
1019 2757 1083 2776 suas
1100 2757 1181 2777 voces
1196 2757 1249 2775 non
1266 2748 1431 2776 admiscuit?
1446 2746 1507 2774 Vidi
1523 2747 1710 2781 spectaculum
