1912 3082
205 154 257 182 δεῖ

840 149 870 176 S.
888 147 1054 177 enectum
1067 147 1212 175 NYSSENI

1779 142 1836 172 86?

205 216 311 239 certum
326 215 353 238 et
367 211 549 246 expleratum,
566 209 638 244 quod
657 209 701 244 qui
717 208 857 236 auditione
875 216 907 235 ac
922 207 991 234 fama

1047 216 1129 243 ματα.
1149 205 1224 233 Εἶδον
1236 205 1267 238 ἐξ
1275 203 1426 240 ἀνθρώπων
1440 203 1555 237 πέλαγος
1571 203 1604 237 τῇ
1621 201 1769 236 πυκνότητι
1779 203 1837 226 τῶν

206 256 339 283 miracula
357 256 505 290 accipiunt,
524 262 577 282 non
603 255 726 281 credant.
742 252 800 280 Vidi
818 254 930 288 pelagus
947 253 995 280 ho-

205 302 321 334 minum,
339 302 411 337 quod
431 300 584 335 frequentia
600 303 840 335 congregatorum,
864 304 994 333 tanquam

207 355 278 382 aqua
293 347 417 382 quadam
430 347 456 373 in
471 353 566 373 omnes
581 349 672 380 partes
687 352 748 372 sese
761 345 850 373 oculis
865 345 972 371 ollerret
987 353 993 370 :

207 393 317 428 plenum
334 398 392 420 erat
407 392 550 427 templum,
576 392 686 425 plenum
709 391 803 425 templi
818 390 993 420 vestibulutn,

207 439 337 473 adjuncta
361 438 466 472 platea.
494 437 656 471 angiporta,
683 435 768 467 bivia,
786 435 886 467 media,
904 440 994 462 trans-

207 491 297 515 versa,
315 485 403 518 ampla
418 487 550 510 tectorum
568 483 656 516 spatia
672 490 679 509 :
694 481 826 516 quidquid
842 480 993 512 videbatur,

207 529 348 556 hominum
364 529 472 563 plenum
488 531 557 559 erat,
581 527 661 562 quasi
676 531 751 554 totus
765 530 901 554 terrarum
918 525 995 552 orbis

208 579 318 608 prepter
335 574 439 600 cladem
457 577 484 601 ct
499 572 680 600 infortunium
699 572 765 599 illud
781 573 807 599 in
823 579 907 598 unum
928 578 995 597 con-

208 619 351 647 currisset.
370 618 561 654 Spectaculum
578 623 669 646 autem
691 618 820 645 omnibus
837 616 994 652 propositus

207 669 267 692 erat
281 673 359 692 sacer
370 665 414 692 ille
431 664 493 697 ﬂos,
507 664 553 700 qui
567 665 595 691 in
610 671 692 691 aurea
707 663 802 691 lectica
818 662 992 690 atterebatur.

210 711 244 737 Ut
259 710 382 737 onmium
399 709 591 744 aspicientium
617 709 710 735 vultus
727 707 840 735 demissi
857 715 888 734 ac
902 715 948 734 mu
958 706 993 734 sti

208 756 303 783 erant!
329 754 365 782 Ut
381 755 510 790 lacrymis
525 755 597 782 oculi
613 753 727 789 oppleti,
753 761 851 780 manus
869 753 940 780 inter
965 760 995 780 se

208 799 330 830 collisae,
359 799 477 833 gemitus
503 799 592 826 adhuc
609 799 736 825 intimum
757 797 849 826 cordis
873 797 992 825 dolorem

207 844 377 872 indicantes!
401 844 458 872 Non
475 844 540 871 mihi
556 844 584 871 in
607 843 655 871 illo
672 847 794 878 tempore
818 843 945 877 (forsitan
961 851 994 870 ne

207 890 314 917 ueteris
326 889 445 924 quidem,
459 889 506 925 qui
521 895 585 917 tunc
600 889 726 924 aderant)
740 889 828 916 visum
841 892 882 916 est
897 896 993 915 aurum

207 935 326 962 naturali
341 942 393 967 suo
408 935 506 962 decore
528 935 664 962 nitescere
676 954 685 967 ,
708 933 857 968 quinetiam
874 933 993 967 lapidum

209 979 339 1014 fulgores,
356 984 383 1007 et
397 979 472 1006 aurei
489 979 584 1014 panni,
605 984 633 1006 et
652 978 756 1014 argenti
781 977 951 1013 splendores,
967 981 994 1004 et

208 1025 299 1052 lumen
313 1025 394 1060 ignis.
406 1024 478 1061 quod
495 1029 522 1052 et
534 1025 648 1052 multum
665 1029 693 1052 et
707 1024 848 1058 copiosum
860 1031 892 1051 ex
904 1028 994 1050 trans-

207 1078 288 1098 verso
315 1070 443 1105 utrinque
476 1070 681 1097 continentibus
708 1069 796 1097 cereis
822 1068 994 1103 lampadibus

208 1117 448 1152 praetendebatur:
472 1117 564 1144 omnia
590 1116 663 1144 luctu
686 1117 767 1144 simul
791 1116 993 1152 nigrescebant,

207 1163 275 1189 nihil
300 1163 421 1190 omnium
442 1169 534 1190 rerum
557 1163 713 1190 communis
735 1163 873 1190 mmstitia:
897 1169 994 1197 expers

207 1211 277 1235 erat.
302 1207 379 1235 Tunc
403 1208 485 1234 etiam
510 1215 624 1242 magnus
648 1207 729 1235 David
753 1216 819 1236 suos
839 1209 954 1244 hymnos
967 1212 995 1236 et

207 1253 317 1280 laudum
332 1252 539 1280 decantationes
552 1252 791 1281 lamentationibus
805 1254 995 1289 accommoda-

206 1299 245 1325 vit
257 1318 264 1330 ,
287 1305 319 1324 ac
336 1305 384 1333 pro
400 1298 480 1325 hilari
498 1299 582 1326 choro
601 1303 711 1334 sumpto
733 1300 849 1327 invicem
867 1300 938 1328 tristi
963 1308 995 1328 ac

207 1343 314 1378 lugubri
329 1344 473 1371 cantilenis
484 1343 516 1370 ad
535 1345 743 1373 lamentationes
755 1345 889 1373 invitavit.
907 1347 994 1382 Atque

206 1388 280 1414 omni
299 1394 346 1422 per
371 1387 447 1414 illum
470 1388 601 1423 temporis
624 1389 770 1417 articulum
798 1390 938 1425 voluptate
960 1391 995 1419 ab

207 1433 308 1460 animis
324 1433 401 1468 pulsa
418 1437 499 1468 atque
515 1438 663 1466 summota,
686 1435 752 1462 sola:
770 1435 895 1471 lacryma:
909 1435 995 1463 homi-

208 1480 290 1506 nihus
308 1479 442 1513 voluptati
459 1483 546 1506 erant.

243 1524 378 1557 Quoniam
398 1524 482 1559 igitur
503 1529 647 1561 tantopere
669 1533 684 1552 a
706 1526 913 1560 perturbatione
925 1528 995 1555 ratiw

207 1573 280 1599 victa
296 1575 338 1599 est
355 1581 361 1599 :
377 1572 447 1599 haud
463 1572 649 1608 importunum
666 1573 747 1600 fuerit
761 1579 878 1602 mentem
897 1574 996 1610 fatiga-

208 1622 264 1644 tam
295 1626 358 1645 eum
388 1619 495 1646 ratione
520 1618 643 1646 adhibito
664 1619 797 1653 consilio,
823 1620 913 1654 quoad
936 1620 997 1654 ejus

209 1663 266 1690 ﬁeri
290 1667 390 1698 potest,
412 1664 526 1692 reticere
551 1668 633 1700 atque
651 1664 824 1692 conﬁrmare.
841 1665 995 1693 Periculum

208 1709 281 1736 enim
309 1709 382 1736 haud
409 1717 523 1744 parvum
547 1715 607 1741 est,
640 1718 675 1737 ne
697 1711 720 1738 si
745 1711 771 1737 in
800 1711 852 1738 hoc
874 1711 995 1746 Apostoli

211 1754 285 1780 dicto
300 1753 444 1781 audientes
463 1762 518 1781 non
535 1754 677 1784 fuerimus.
699 1762 753 1781 una
768 1762 829 1782 cum
849 1762 897 1790 spe
913 1756 997 1783 desti-

215 1799 284 1825 tutis
301 1799 527 1826 condemnemur.
550 1799 593 1826 Ait
610 1800 694 1831 cnim,
719 1799 947 1834 quemadmodum
963 1808 996 1828 ex

208 1852 252 1874 eo.
268 1843 314 1877 qui
333 1843 435 1870 (ludum
455 1844 598 1878 recitabat,
619 1844 784 1876 audivimus,
803 1852 856 1870 non
870 1850 997 1879 oportere

210 1889 322 1916 tristitia
337 1896 387 1915 nos
398 1888 465 1915 aiiici
478 1890 587 1916 nomine
601 1889 793 1916 dormientium
805 1890 824 1916 '.
844 1889 908 1916 Eam
921 1892 995 1917 enini

211 1933 445 1968 perturbationem
476 1933 584 1960 illorum
602 1934 735 1960 duntaxat
755 1942 827 1965 esse,
848 1937 894 1969 qui
920 1943 995 1970 spem

209 1987 263 2006 non
282 1979 410 2006 habeant.
437 1978 489 2006 Sed
503 1978 613 2010 dixerit,
631 1979 737 2013 opinor,
754 1979 854 2014 aliquis
868 1980 902 2007 de
916 1988 997 2016 grege

209 2025 458 2059 pusillanimorum,
475 2032 506 2052 ea
521 2033 582 2060 quae
597 2025 654 2051 ﬁeri
670 2033 722 2052 non
739 2026 854 2060 possint,
872 2025 994 2053 divinum

209 2071 371 2105 Apostolum
387 2071 494 2105 jubere,
512 2076 539 2097 et
553 2070 610 2098 suis
631 2071 775 2106 prmceptis
792 2079 922 2106 superare
945 2079 996 2098 na-

211 2121 312 2143 turam.
329 2116 381 2149 Qui
401 2117 473 2143 enim
491 2116 548 2143 ﬁeri
562 2121 663 2151 potest,
680 2120 709 2143 ut
726 2117 870 2144 affectuum
888 2123 996 2152 pertur-

211 2162 349 2189 bationem
367 2167 476 2196 superet
493 2163 515 2189 is
530 2163 576 2197 qui
589 2162 655 2188 vivit
670 2163 696 2189 in
707 2167 816 2194 natura,
833 2171 885 2190 ncu
904 2163 996 2190 vinca-

211 2214 255 2234 tur
270 2208 304 2234 ab
319 2208 402 2234 animi
428 2208 521 2234 dolore
531 2227 539 2239 ,
565 2208 600 2234 ob
617 2209 670 2235 tale
683 2209 868 2243 spectaculum
883 2214 994 2236 contra-
1009 2214 1031 2241 ι)

209 2257 266 2283 (⁸10,
283 2260 344 2279 cum
362 2260 414 2279 ιιοη
433 2260 484 2279 8110
496 2257 617 2288 tempore
635 2254 661 2280 ἱιι
680 2258 820 2281 senectute
834 2262 907 2281 IIIOI'S
927 2263 994 2281 (‘Oll-

209 2298 311 2333 tigerit.
334 2299 381 2325 sed
405 2299 433 2325 in
448 2299 534 2334 prima
549 2303 627 2326 aetate
645 2304 730 2327 morte
745 2301 919 2334 pulchritudo
933 2301 994 2335 qni-

208 2343 268 2370 dem
298 2343 450 2374 abnleatur,
474 2344 611 2378 palpebris
634 2352 698 2372 vero
729 2345 823 2373 radius
851 2347 992 2373 oculorum

208 2392 334 2423 tegatur,
362 2395 494 2423 genarum
512 2388 574 2415 item
598 2389 682 2415 rubor
704 2389 730 2416 in
747 2390 878 2424 pallorem
902 2395 994 2418 trans-

209 2438 340 2464 lllult'llll‘.
363 2441 394 2460 os
412 2441 522 2468 quoque
542 2434 652 2461 silentio
666 2434 832 2467 detineatur,
850 2443 882 2463 ac
898 2436 947 2464 llos
965 2437 993 2463 in

209 2479 289 2507 labiis
309 2487 440 2514 apparere
467 2479 564 2507 solitus
583 2480 719 2514 nigrescat
736 2491 742 2508 :
760 2482 841 2516 idque
864 2490 918 2509 non
944 2490 994 2518 pa-

209 2525 332 2553 rentibus
351 2525 431 2552 modo
444 2525 572 2552 acerbum
590 2525 725 2559 videatur,
743 2527 921 2554 verumetiam
935 2529 995 2555 cui-

208 2571 250 2598 vis
269 2570 472 2597 ineommodum
496 2570 630 2597 intuenti?
649 2570 718 2603 Quid
735 2570 816 2605 igitur
832 2578 883 2598 nos
899 2572 995 2598 adver-

209 2623 256 2642 sus
272 2615 342 2643 hos?
366 2615 423 2642 Non
441 2619 564 2642 nostrum
580 2615 705 2646 verbum,
732 2616 840 2645 fratres.
859 2616 992 2649 dicemus,

208 2661 254 2687 sed
266 2661 369 2688 dictum
382 2668 414 2688 ex
431 2660 578 2696 Evangelio
589 2661 669 2688 nobis
684 2661 826 2688 recitatum
837 2662 863 2688 in
876 2662 994 2690 medium

209 2705 363 2732 alTeren-us.
396 2704 518 2732 Audistis
549 2705 692 2731 Dominum
716 2705 852 2732 dicentem
878 2716 884 2732 :
909 2706 995 2734 Sinite

207 2758 299 2784 part-os
324 2759 431 2785 pueros,
456 2755 478 2778 et
496 2759 527 2777 ne
543 2751 703 2784 prohibeatis
729 2759 772 2778 eos
794 2752 878 2779 venire
893 2752 927 2779 ad
944 2761 993 2781 me.

246 2841 253 2855 '
276 2841 282 2866 l
301 2839 398 2866 Thess.
423 2848 464 2872 tv,
484 2840 515 2866 l2
531 2849 590 2875 sqq.

1046 251 1222 279 συνεστώτων
1236 271 1245 284 ,
1260 248 1317 278 οἶόν
1341 259 1369 277 τι
1392 249 1465 284 ὕδωρ
1487 248 1556 275 κατὰ
1585 248 1639 275 πᾶν
1668 247 1752 282 μέρος
1778 247 1837 276 τοῖς

1045 297 1193 332 ὀφθαλμοῖς
1215 295 1441 331 «multum,
1462 294 1570 330 πλήρης
1588 294 1604 320 ὸ
1626 292 1686 323 ναός
1704 301 1712 308 υ
1730 292 1835 327 πλῆρες

1044 343 1091 370 τοῦ
1106 342 1170 369 ναοῦ
1193 342 1223 369 τὸ
1239 341 1401 377 προαύλιον,
1417 340 1434 375 ἠ
1460 338 1623 375 ﬁdem
1648 337 1762 365 πλατεῖα
1775 357 1783 368 ,
1800 336 1836 362 τὰ

1045 389 1162 424 ἆμφοδα,
1175 390 1191 424 ἡ
1210 389 1290 423 μέση,
1305 387 1339 414 τὰ
1351 388 1463 421 πλάγια,
1478 388 1494 422 ὴ
1510 386 1557 413 ἐπὶ
1574 385 1631 412 τῶν
1640 384 1775 420 δωμάτων
1789 383 1835 409 εὺ-

1046 435 1182 471 ρυχωρία·
1197 435 1251 461 πᾶν
1264 434 1293 460 τὸ
1311 434 1448 469 ὁρώμενον
1464 431 1615 467 ἀνθρώπιον
1629 430 1767 465 πλήρωμά
1788 425 1834 463 ἦν,

1045 482 1138 517 ὥσπερ
1150 482 1239 516 πάσης
1255 482 1303 516 τῆς
1317 478 1478 514 οἰκουμένης
1493 478 1534 509 εις
1548 475 1644 503 ταύτὸν
1659 473 1833 510 συνδραμού-

1046 537 1096 564 σης
1107 528 1154 554 ἐπὶ
1165 527 1204 562 τῷ
1214 526 1305 553 πάθει.
1320 525 1416 560 Θέαμα
1430 524 1458 550 δὲ
1475 522 1618 559 προέκειτο
1630 522 1698 548 πᾶσι
1715 520 1747 546 τὸ
1761 519 1835 554 ιερδν

1044 574 1123 605 ἄνθος
1138 574 1225 600 ἐκεῖνο
1250 572 1297 599 ἐπὶ
1316 571 1408 606 κλίνης
1435 569 1538 606 χρυσῆς
1563 567 1754 603 κομιζόμενον.
1770 565 1835 596 Πῶς

1045 621 1152 655 κατηφῆ
1168 619 1276 647 πάντων
1291 617 1324 654 ἦν
1339 618 1393 644 τῶν
1418 615 1612 653 προσορῶντων
1624 613 1660 640 τὰ
1677 612 1832 648 πρόσωπαι

1044 666 1106 698 Πῶς
1125 666 1312 702 δεδακρυμένα
1326 665 1360 691 τὰ
1371 664 1500 700 δμματαῑ
1516 663 1605 698 χεῖρες
1620 659 1750 695 ἀλλήλαις
1772 666 1836 683 συνο

1044 711 1243 748 αραοσόμεναιί
1260 709 1405 745 στεναγμοὶ
1422 708 1489 744 πρὸς
1506 707 1610 737 τούτοις
1624 705 1673 740 τὴν
1688 703 1835 738 ἐγκάρδιον

1044 757 1140 793 ὀδύνην
1150 757 1386 792 καταμηνύοντεςι
1407 754 1444 782 οι»
1464 763 1508 789 μοι
1519 752 1590 785 ἔδοξε
1606 751 1675 778 κατὰ
1691 750 1741 785 τὴν
1757 749 1835 784 ὤραν

1045 803 1152 837 ἐκείνην
1167 802 1247 837 (τάχα
1257 802 1285 828 δὲ
1299 801 1359 828 οὐδὲ
1373 801 1428 832 τοῖς
1440 799 1527 830 ἄλλοις
1537 798 1591 824 τῶν
1603 797 1664 824 τότε
1678 794 1833 830 παρόντων)

1043 848 1093 884 τὴν
1108 849 1140 875 ὲκ
1154 847 1260 882 φύσεως
1276 847 1354 882 χάριν
1367 847 1382 873 ό
1397 845 1495 881 χρυσὸς
1509 841 1771 874 ἀποστίλϐειν,ἁλλὰ
1786 841 1833 867 καὶ

1045 893 1138 920 αἰτῶν
1153 893 1233 920 λίθων
1256 893 1354 927 αὐγαὶ,
1368 892 1417 919 καὶ
1431 891 1466 918 τὰ
1491 891 1523 917 ἐκ
1544 888 1644 926 χρυσοῦ
1669 887 1832 922 ὑφάσματα,

1044 939 1092 966 καὶ
1104 939 1131 966 αἱ
1148 938 1195 965 τοῦ
1207 939 1327 974 ἀργύρου
1350 936 1546 973 μαρμαρυγαὶ,
1560 935 1606 962 καὶ
1622 934 1652 960 τὸ
1667 935 1699 960 ὲκ
1713 932 1763 959 τοῦ
1781 941 1834 958 πυ-

1047 985 1091 1020 ρδς
1101 985 1168 1019 φῶς,
1184 984 1251 1011 πολύ
1269 993 1299 1010 τε
1313 984 1359 1010 καὶ
1378 983 1493 1017 ἄφθονον
1515 981 1585 1008 κατὰ
1597 981 1631 1007 τὰ
1650 980 1754 1013 πλάγια
1769 979 1833 1005 ἐκα-

1044 1030 1162 1066 τέρωοεν
1175 1031 1208 1065 τῇ
1226 1030 1349 1066 συνεχείᾳ
1373 1028 1425 1056 τῶν
1448 1029 1480 1054 ὲκ
1502 1027 1549 1054 τοῦ
1571 1026 1656 1062 κηροῦ
1681 1024 1833 1061 λαμπάδων

1045 1075 1273 1111 παρατεινόμενον
1292 1083 1300 1090 ·
1319 1074 1407 1102 πάντα
1431 1073 1470 1109 τῷ
1492 1072 1585 1099 πένθει
1608 1070 1831 1106 συνεμελαίνετο.

1044 1121 1092 1147 καὶ
1113 1120 1201 1147 πάντα
1227 1121 1332 1155 μετεῖχε
1347 1121 1395 1155 τῆς
1415 1120 1507 1155 κοινῆς
1522 1117 1682 1152 κατηφείας.
1698 1116 1767 1142 Τότε
1785 1115 1832 1141 καὶ

1044 1167 1058 1192 ό
1071 1166 1156 1201 μέγας
1171 1165 1251 1193 Δαΰὶδ
1261 1166 1310 1198 τὰς
1326 1165 1392 1197 ιδίας
1407 1165 1541 1200 ὑμνῳδίαις
1554 1164 1609 1194 τοῖς
1627 1162 1736 1198 θρήνοις
1750 1162 1832 1196 ἔχρη-

1046 1218 1101 1243 σεν,
1123 1211 1169 1237 καὶ
1183 1211 1242 1237 ἀντὶ
1268 1210 1381 1246 φαιδρᾶς
1401 1209 1577 1246 χοροστασίας
1602 1206 1763 1243 μεταλαϐὼν
1783 1207 1831 1240 τὴν

1044 1257 1143 1292 γοεράν
1167 1265 1198 1282 τε
1227 1257 1274 1283 καὶ
1293 1256 1438 1291 πένθιμον,
1455 1255 1605 1287 ἐξεκαλεῖτο
1630 1254 1693 1285 τοὺς
1715 1253 1831 1288 θρήνους

1045 1302 1101 1332 τοῖς
1112 1300 1230 1336 μέλεσιν.
1250 1300 1341 1335 Πάσης
1353 1300 1381 1326 δὲ
1397 1299 1467 1326 κατὰ
1483 1299 1528 1325 τὸν
1540 1298 1634 1334 καιρὸν
1649 1299 1753 1324 ἐκεῖνον
1770 1297 1832 1331 ἠδο-

1044 1348 1093 1382 γῆς
1109 1347 1162 1374 τῶν
1176 1346 1268 1382 ψυχῶν
1282 1346 1472 1382 ἀπελαθείσης,
1490 1346 1569 1372 μόνον
1583 1343 1617 1381 ἦν
1634 1346 1663 1371 ὲν
1674 1345 1755 1380 ἡδονῇ
1775 1344 1831 1375 τοῖς

1045 1393 1197 1428 ἀνθρώποις
1208 1393 1236 1420 τὺ
1247 1393 1372 1429 δάκρυον.

1088 1525 1195 1562 Ἐπειδὴ
1218 1525 1306 1552 τοίνυν
1317 1524 1442 1552 τοσοῦτον
1456 1524 1558 1561 ἡττήθη
1577 1524 1623 1552 τοῦ
1638 1523 1740 1556 πάθους
1757 1525 1772 1551 ὀ
1788 1525 1833 1551 λο⁴

1046 1570 1161 1605 γισμὸς,
1183 1570 1277 1606 καιρὸς
1300 1570 1333 1596 ἂν
1359 1570 1400 1605 εῐη
1421 1569 1451 1596 τὸ
1477 1569 1616 1605 κεκμηκὸς
1635 1569 1686 1605 τῆς
1712 1569 1834 1600 διανοίας

1046 1616 1090 1643 διὰ
1113 1616 1163 1650 τῆς
1176 1616 1230 1642 τῶν
1256 1616 1393 1652 λογισμῶν
1413 1615 1567 1651 συμϐουλῆς
1591 1617 1629 1648 ὡς
1643 1616 1701 1642 ἐστι
1720 1617 1834 1643 δυνατὸν

1046 1662 1278 1697 άναῤῥὼννυσθαι.
1310 1662 1439 1694 Κίνδυνος
1467 1662 1521 1698 γὰρ
1548 1663 1580 1688 οὐ
1615 1662 1728 1697 μικρὸς,
1759 1671 1833 1697 παρα

1047 1707 1216 1739 ακούσαντας
1241 1708 1271 1734 ὲν
1296 1707 1382 1742 τούτῳ
1397 1707 1446 1742 τῆς
1467 1707 1514 1734 τοῦ
1544 1707 1704 1735 Ἀποστύλου
1734 1707 1830 1741 φωνῆς

1047 1753 1295 1788 συγκατακριθῆναι
1318 1754 1374 1785 τοῖς
1394 1753 1574 1785 ἀνελπίστοις.
1601 1754 1669 1789 Φησὶ
1697 1753 1764 1788 γάρ.
1781 1763 1834 1780 κα-

1047 1798 1100 1830 θὼς
1127 1798 1172 1825 τοῦ
1194 1798 1464 1832 ὑπαναγινώσκοντος
1491 1799 1592 1834 ἀρτίως
1608 1799 1777 1834 ⁴ἡκούσαμεν,
1794 1801 1834 1836 μὴ

1046 1845 1100 1870 δεῖν
1121 1845 1168 1870 ἐπὶ
1190 1844 1243 1870 τῶν
1266 1845 1472 1879 κεκοιμημένων
1490 1845 1641 1871 λυπεῖσθαι.
1663 1846 1760 1872 Μόνων
1777 1846 1834 1881 γὰρ

1046 1889 1124 1915 τοῦτο
1138 1889 1193 1916 τῶν
1209 1890 1258 1916 οὐκ
1271 1890 1386 1924 ἐχόντων
1407 1890 1500 1917 ἐλπίδα
1514 1890 1545 1916 τὸ
1561 1890 1644 1922 πάθος
1660 1889 1738 1918 εἷναι.
1762 1892 1834 1918 Ἀλλ’

1047 1936 1118 1961 εἴποι
1134 1943 1174 1966 τις
1196 1935 1229 1962 ἂν
1239 1957 1246 1968 ,
1260 1934 1347 1970 οἶμαι,
1361 1936 1415 1962 τῶν
1439 1935 1689 1972 μικροψυχοτέρων,
1714 1937 1831 1964 ἀδύνατα

1047 1980 1168 2007 κελεύειν
1189 1981 1235 2007 τὸν
1261 1981 1332 2007 θεῖον
1343 1980 1513 2014 ’Δπόστο).ον,
1525 1981 1572 2007 καὶ
1596 1981 1771 2017 ὑπερϐαίνειν
1783 1983 1833 2018 τὴν

1047 2025 1128 2060 φύσιν
1146 2026 1201 2057 τοῖς
1216 2026 1392 2061 ἐπιτάγμασι.
1410 2026 1472 2057 Πῶς
1487 2027 1540 2062 γάρ
1554 2027 1610 2053 ἐστι
1622 2027 1734 2054 δυνατὸν
1746 2028 1832 2064 ὑπερ-

1046 2071 1162 2107 αρθῆναι
1178 2070 1224 2097 τοῦ
1249 2071 1352 2103 πάθους
1366 2072 1411 2098 τὸν
1424 2072 1453 2098 ὲν
1466 2074 1500 2107 τῇ
1514 2072 1593 2106 φύσει
1614 2073 1714 2104 ζῶντα,
1732 2075 1779 2100 καὶ
1794 2075 1832 2109 μὴ

1046 2117 1213 2152 κρατηθῆναι
1235 2118 1268 2152 τῇ
1298 2117 1370 2153 λύπῃ
1397 2117 1443 2144 ἐπὶ
1473 2117 1585 2153 τοιούτῳ
1610 2119 1746 2153 θεάματι,
1769 2121 1833 2146 ὅταν

1048 2163 1084 2197 μὴ
1100 2162 1160 2189 καθ’
1174 2163 1248 2198 ὥραν
1262 2164 1290 2189 ὲν
1301 2163 1375 2198 γήρᾳ
1399 2164 1526 2199 συμπέσῃ
1550 2166 1564 2190 ὁ
1588 2164 1712 2196 θάνατος,
1732 2165 1790 2192 ἀλλ’
1805 2167 1834 2193 ὲν

1046 2209 1077 2243 τῇ
1090 2208 1185 2244 πρώτῃ
1197 2208 1289 2244 ἡλικίᾳ
1307 2209 1476 2244 κατασᾱεσθῇ
1496 2210 1544 2244 μὲν
1557 2209 1595 2245 τῷ
1608 2210 1716 2246 θανάτῳ
1725 2211 1742 2246 ἡ
1753 2211 1813 2242 ὥρα
1823 2233 1833 2244 ν

1045 2255 1168 2290 καλυφθῇ
1192 2255 1220 2281 δὲ
1244 2256 1300 2286 τοῖς
1317 2255 1465 2290 βλεφάροις
1479 2256 1495 2291 ὴ
1509 2256 1564 2282 τῶν
1580 2257 1713 2292 ὀμμάτων
1728 2257 1810 2289 ἀκτὶς
1825 2279 1831 2289 ,

1046 2301 1186 2336 μεταπέσῃ
1196 2301 1224 2327 δὲ
1241 2302 1280 2333 εἰς
1295 2302 1436 2337 ὠχρότητα
1451 2302 1499 2337 τῆς
1510 2304 1626 2337 παρειὶς
1640 2303 1670 2330 τὸ
1689 2304 1833 2339 ἐρύθημα,

1045 2345 1166 2382 κρατηθῇ
1180 2346 1208 2372 δὲ
1224 2348 1257 2382 τῇ
1273 2348 1362 2382 σιωπῇ
1375 2347 1406 2373 τὺ
1422 2348 1518 2382 στόμα,
1533 2347 1691 2384 μελαίνηται
1707 2349 1776 2376 δὲτὸ
1788 2351 1835 2376 ἐπὶ

1044 2391 1091 2418 τοῦ
1104 2392 1208 2426 χείλους
1229 2392 1326 2424 ἄνθος,
1348 2392 1465 2426 χαλεπὸν
1485 2393 1512 2419 δὲ
1538 2393 1575 2429 μὴ
1593 2395 1673 2429 μόνον
1692 2397 1750 2427 τοῖς
1771 2404 1835 2429 γεν-

1045 2437 1207 2473 νησαμένοις
1222 2438 1301 2464 τοῦτο
1324 2439 1399 2474 δοκῇ,
1416 2439 1485 2465 ἀλλὰ
1499 2441 1546 2466 καὶ
1571 2441 1653 2467 παντὶ
1665 2441 1704 2476 τῷ
1723 2442 1791 2477 πρὸς
1806 2443 1834 2469 τὸ

1045 2482 1131 2514 πάθος
1154 2483 1293 2518 βλέποντι;
1306 2483 1338 2510 Τί
1361 2482 1407 2510 οὖν
1430 2484 1498 2520 πρὸς
1520 2486 1630 2518 τούτους
1659 2487 1741 2522 ἡμεῖς
1757 2496 1764 2519 ;
1779 2489 1834 2523 οὐχ

1045 2527 1176 2562 ἡμέτερον
1192 2527 1318 2562 ἐροῦμεν,
1329 2527 1448 2562 ἀδελφοὶ.
1460 2529 1547 2564 λόγον,
1563 2530 1631 2557 ἀλλὰ
1641 2531 1691 2566 τὴν
1710 2532 1834 2566 ἀναγνω-

1046 2571 1153 2597 σθεῖσαν
1168 2572 1233 2606 ὴμῖν
1254 2573 1286 2598 ὲκ
1304 2572 1350 2598 τοῦ
1377 2573 1542 2607 Εὑαγγελιου
1567 2575 1646 2610 ῥῆσιν
1672 2576 1834 2612 παραθησό-

1047 2616 1125 2651 μεθα.
1150 2616 1298 2643 Ἠκούσατε
1312 2616 1367 2652 γὰρ
1383 2617 1508 2651 λέγοντος
1519 2619 1566 2646 τοῦ
1583 2619 1684 2655 Κυρίου
1701 2629 1707 2635 ·
1725 2622 1834 2655 Ἅφετε

1043 2663 1079 2689 τὰ
1099 2662 1210 2695 παιδία,
1229 2663 1277 2689 καὶ
1295 2663 1338 2697 μὴ
1360 2665 1490 2691 κωλύετε
1510 2665 1586 2692 αὐτὰ
1606 2666 1747 2700 ἔρχεσθαι
1759 2668 1834 2700 πρός

1040 2707 1079 2742 μέ
1094 2716 1100 2722 ·
1119 2708 1176 2734 τῶν
1193 2709 1247 2742 γὰρ
1269 2709 1410 2736 τοιούτων
1423 2710 1507 2737 ἐστὶν
1520 2711 1539 2744 ἡ
1553 2711 1699 2742 ,ϐασιλεία
1715 2712 1778 2738 τῶν
1787 2714 1833 2739 οὺ-

1039 2754 1150 2788 ρανῶν.
1169 2755 1273 2782 Οὐκοῦν
1292 2756 1316 2782 εἰ
1337 2756 1383 2783 καὶ
1403 2756 1451 2783 σοῦ
1475 2757 1639 2792 άπεφοίτησε
1662 2758 1692 2784 τὸ
1716 2758 1832 2793 παιδίον,
