1912 3082
76 134 131 161 80‘)

603 131 636 159 IN
663 131 802 159 FUNERE
823 133 1036 162 PULCIIERUE
1062 132 1200 161 ORATIO.

76 191 147 218 ἀλλὰ
162 188 228 225 πρὸς
245 188 291 214 τὸν
305 187 442 223 Δεσπότην
461 187 617 223 ἁπέδριμεν
630 197 636 203 ·
656 188 697 214 σοὶ
709 188 754 214 τὸν
768 188 864 223 mea»

931 188 1026 214 "alium
1041 188 1111 214 enim
1126 194 1165 214 est
1182 195 1290 222 regnum
1304 187 1428 215 caelorum
1436 190 1456 215 ¹.
1472 188 1589 216 Proinde
1605 189 1713 218 etiamsi

79 238 130 272 μὴν
146 235 277 265 ἔκλεισεν,
289 233 357 260 ἀλλὰ
372 233 410 268 τῷ
422 234 491 268 φωτὶ
502 233 541 268 τῷ
556 234 656 268 αἰωνίῳ
667 234 798 269 διήνοιξεν
807 243 813 249 ·
824 234 873 267 τῆς

79 281 131 315 σῆς
142 279 247 313 ἀπέστη
258 278 409 313 τραπέζης,
426 277 494 304 ἀλλὰ
509 279 541 313 τῇ
558 277 689 313 ἀγγελικῇ
703 278 853 313 προσετέθη
864 287 871 292 ·

78 325 157 351 ἔνθεν
181 325 212 350 τὸ
240 323 323 357 φυτὸν
349 322 527 357 ἀνεσπάσθη,
552 322 619 349 ἀλλὰ
654 324 693 359 τῷ
719 323 875 359 παραδείσῳ

78 369 260 405 ὲνεφυτεύθη,
272 370 304 396 ὲκ
317 368 455 403 βασιλείας
475 369 514 400 εἰς
530 368 666 403 βασιλείαν
685 369 801 404 μετέστη
816 378 823 385 ⁸
835 370 876 403 ἐξ·

78 418 193 444 εδύσατο
210 418 240 443 τὸ
265 418 316 452 τῆς
332 415 475 451 πορφύρας
491 415 580 447 ἄνθος,
595 416 662 443 ἀλλὰ
684 417 733 451 τῆς
756 417 812 444 ἄνω
828 417 876 452 βα-

80 462 185 493 σιλείας
200 462 250 497 τὴν
261 460 406 496 περιϐολὴν
420 459 572 486 ἐνεδύσατο.
585 460 661 487 Εἴπω
687 469 728 487 σοι
741 461 790 496 τὴν
809 461 876 496 ὓλην

79 507 127 534 τοῦ
141 507 213 533 θείου
231 506 395 541 ἐνδύματος·
406 505 437 532 οὑ
455 505 526 531 λίνον
539 505 623 536 ἐστὶν,
639 506 698 533 οὐδὲ
715 506 797 541 ἔριον,
815 507 874 533 οὐδὲ

78 552 115 577 τὰ
136 552 168 577 ἐκ
185 550 276 585 σηρῶν
300 550 418 584 νήματα.
435 550 567 576 Ἄκουσον
581 550 628 576 τοῦ
641 551 733 582 Δαϐὶδ,
749 551 809 577 ὅθεν
832 551 875 583 ἐξ-

79 595 241 629 υφαίνεσθαι
252 595 326 629 λέγει
337 595 375 630 τῷ
388 595 448 630 Θεῷ
458 596 491 621 τὰ
503 596 640 630 ἐνδύματα
653 605 661 612 ·
681 597 876 632 Ἐξομολόγη-

80 650 135 667 σιν
146 641 195 667 καὶ
214 641 472 675 μεγαλοπρέπειαν
494 641 641 674 ἐνεδύσω,
661 642 876 678 ἀναϐαλλόμενος

81 686 142 720 φῶς
156 686 194 718 ὡς
212 686 328 721 ἱμάτιον.
344 687 424 721 Ὁρᾷς
437 684 482 713 οἷα
503 687 560 713 ἀνθ’
576 687 638 713 οἴων
652 687 803 722 ὴλλάξατος
824 689 877 714 Λυ-

82 733 130 758 πεῖ
146 741 175 758 σε
190 732 219 758 τὺ
233 731 280 757 τοῦ
292 731 417 766 σώματος
433 732 530 764 κάλλος
546 732 646 767 μηκέτι
660 733 833 768 φαινόμενον.
845 734 875 760 οὺ

82 778 137 812 γὰρ
148 777 213 812 ὁρᾷς
228 776 310 811 αὐτῆς
324 776 354 803 τὸ
367 777 492 812 ἀληθινὸν
508 778 556 812 τῆς
567 777 656 812 ψυχῆς
672 777 769 809 κάλλος
782 798 789 810 ,
807 778 820 804 δ
830 777 877 805 νῦν

82 824 107 848 ἐκ
129 824 161 858 τῇ
176 822 327 858 πανηγύρει
343 823 397 849 τῶν
410 823 542 858 οὐρανίων
560 823 715 857 ἀγάλλεται.
735 825 779 856 Ὠς
796 824 878 856 καλὸς

82 869 187 899 ἐκεῖνος
206 869 219 894 ό
237 868 375 903 ὀφθαλμὸς
396 869 410 895 ὁ
426 869 472 895 τὸν
495 869 561 895 Θεὸν
587 869 691 904 βλέπων
708 870 715 896 !
733 870 771 901 ὡς
784 870 834 905 ἡδὺ
848 871 879 896 τὸ
895 864 914 890 Β

83 915 173 950 στόμα
191 915 251 946 ταῖς
268 914 354 946 θείαις
378 915 524 950 ὑμνῳδίαις
552 916 804 951 καλλωπιζόμενονί
826 917 874 943 Ἐκ

81 960 232 994 στόματος
245 960 309 995 γὰρ,
323 961 398 995 φησὶ,
412 961 529 994 νηπίων
543 962 591 988 καὶ
607 961 794 995 θηλαζόντων
804 970 874 989 κατ-

80 1005 197 1038 ηρτίσω
219 1002 315 1031 αἶνον.
335 1005 380 1036 Ὧς
398 1005 480 1031 καλαὶ
494 1005 522 1032 αἱ
542 1006 631 1041 χεῖρες
649 1006 676 1032 αἱ
698 1007 832 1042 μηδέποτε
845 1006 875 1033 τὸ

84 1050 170 1076 κακὸν
187 1050 367 1085 ὲνεργήσασαι
385 1051 391 1076 !
414 1050 450 1082 ὼς
464 1050 558 1086 ὡραῖοι
572 1051 597 1077 οἱ
616 1051 711 1084 πόδες,
726 1052 749 1077 οἱ
766 1052 803 1086 μὴ
815 1053 876 1078 ὲπι-

83 1096 182 1126 ϐάντες
203 1096 320 1127 κακίας,
343 1095 410 1130 μηδὲ
433 1097 465 1131 τῇ
492 1096 544 1131 ὀδῷ
572 1096 627 1123 τῶν
655 1097 824 1132 ἁμαρτωλῶν
846 1096 876 1123 τὸ

85 1142 161 1176 ἴχνος
183 1141 286 1167 ἑαυτῶν
316 1142 511 1176 ἐπιστήσαντες
532 1142 540 1169 l
565 1142 601 1173 ὡς
633 1142 702 1178 καλὴ
727 1143 801 1169 πᾶσα
827 1143 877 1177 τῆς

82 1187 174 1222 ψυχῆς
188 1187 319 1223 ἐκείνης-ἡ
333 1187 404 1222 ὄψις,
417 1187 447 1213 οὐ
462 1187 543 1214 λίθων
557 1188 653 1221 αὐγαῖς
673 1188 875 1223 κεκοσμημένη,

87 1233 146 1259 ἀλλ’
163 1233 294 1268 ἁπλότητι
309 1235 357 1260 καὶ
373 1233 475 1268 ἀκακία
486 1233 664 1268 έκλάμπουσα
677 1233 684 1259 l
707 1233 786 1260 Ἀλλὰ
799 1233 878 1260 λυπεῖ

87 1288 117 1305 σε
136 1278 218 1313 τυχὸν
233 1279 264 1305 τὸ
289 1279 325 1314 μὴ
341 1280 379 1311 εἰς
393 1279 481 1314 γῆρας
494 1279 590 1306 ἐλθεῖν.
611 1279 643 1305 Τί
666 1279 730 1314 γὰρ,
742 1279 801 1306 εἰπέ
821 1288 876 1315 μοι,

86 1324 169 1351 καλὸν
185 1325 280 1361 ἐνορᾷς
291 1325 329 1360 τῷ
343 1325 433 1361 γήρᾳς
448 1323 520 1360 τΛρα
544 1324 625 1351 καλὸν
641 1324 670 1351 τὸ
693 1324 831 1356 κνίζεσθαι
844 1324 878 1351 τὰ

86 1366 212 1402 ὄμματα,
224 1367 254 1393 τὸ
267 1367 412 1403 ῥυσοῦσθαι
425 1367 473 1403 τὴν
494 1368 620 1404 παρειὰν,
630 1368 659 1394 τὸ
669 1368 799 1404 ἀπορρεῖν
815 1369 878 1400 τοὺς

86 1412 197 1443 ὀδόντας
222 1412 269 1439 τοῦ
297 1413 440 1447 στόματος,
462 1414 508 1440 καὶ
534 1413 680 1448 ψελλισμὸν
708 1415 831 1449 ἐμποιεῖν
845 1415 878 1450 τῇ

86 1456 209 1492 γλώσσῃ,
229 1458 258 1484 τὺ
282 1458 446 1494 ὑποτρέμειν
469 1460 500 1494 τῇ
523 1459 613 1494 χειρὶ,
630 1460 676 1486 καὶ
693 1461 732 1491 εἰς
755 1461 807 1495 γῆν
832 1460 879 1486 κύ-

88 1511 177 1534 πτειν,
190 1503 236 1529 καὶ
259 1504 425 1536 ὑποσκάζειν
440 1504 478 1539 τῷ
497 1505 568 1535 ποδὶ,
582 1504 628 1531 καὶ
649 1506 825 1540 χειραγωγοῖς
835 1506 881 1532 ἐπ-

927 240 941 259 a
956 237 981 260 te
992 233 1125 260 discessit
1144 233 1245 267 puella,
1263 236 1384 259 attamen
1399 233 1433 259 ad
1453 232 1596 260 Dominum
1613 243 1710 262 recur-

925 279 973 310 rit,
990 278 1039 305 tibi
1055 279 1165 305 oculum
1177 278 1287 308 clausit,
1306 278 1352 305 sed
1369 278 1464 305 lumini
1478 282 1581 305 :eterno
1591 282 1713 314 aperuit;

925 331 939 349 a
957 327 1003 349 tua
1022 330 1116 350 mensa
1134 327 1238 349 remota
1261 328 1321 354 est.
1346 322 1394 349 sed
1420 323 1548 357 angelica:
1571 324 1713 358 adhibita;

926 368 989 394 hinc
1003 367 1094 402 planta
1109 367 1217 394 revulsa
1232 371 1285 397 est.
1302 371 1329 393 at
1342 368 1369 394 in
1385 368 1514 402 paradiso
1529 372 1588 395 sata
1602 374 1661 401 est;
1680 370 1714 397 de

926 420 1010 447 regno
1032 412 1067 438 ad
1089 419 1201 446 regnum
1228 412 1351 439 traducta
1384 416 1437 445 est,
1469 421 1594 448 purpurte
1619 414 1712 442 florem

925 459 1012 490 exuit,
1031 463 1059 485 at
1075 458 1168 492 superi
1187 459 1263 492 regni
1283 458 1413 485 amictum
1431 459 1528 486 induit.
1555 459 1648 487 Dicam
1665 460 1714 487 tibi

926 504 1069 531 materiam
1089 504 1161 531 unde
1186 504 1340 531 confectum
1366 509 1408 531 est
1424 505 1545 532 divinutn
1571 506 1714 534 indumen-

925 553 983 576 tum
1001 559 1007 576 :
1031 558 1084 576 non
1097 550 1181 576 linum
1197 553 1249 581 cst,
1264 557 1352 584 neque
1365 550 1437 582 lana,
1453 559 1539 586 neque
1556 552 1598 578 fila
1614 552 1712 579 serica.

925 594 995 622 Audi
1015 595 1153 629 Davidem,
1166 594 1238 621 unde
1254 594 1308 621 Deo
1322 597 1430 622 contexi
1447 597 1606 624 indumenta
1623 598 1711 624 dicat:

926 640 1122 675 Confessionem
1138 645 1163 667 et
1185 640 1408 674 magniﬁcentiam
1425 641 1536 668 induisti
1546 642 1566 674 ³,
1584 643 1713 676 superin-

924 686 1024 720 jicicns
1047 686 1139 714 lumen
1164 686 1243 721 quasi
1268 686 1390 720 pallium.
1422 686 1503 714 Vides
1528 695 1588 722 qua:
1611 688 1713 721 quibus

926 733 1152 761 commutaveril?
1173 733 1255 768 Angit
1278 737 1303 761 te
1327 737 1408 767 atque
1429 734 1572 761 molestum
1594 738 1636 761 est
1652 734 1711 765 tibi,

926 779 997 813 quod
1023 779 1148 814 corporis
1168 779 1250 806 decor
1276 786 1331 806 non
1357 779 1475 813 amplius
1499 783 1634 814 apparet:
1658 786 1711 805 non

928 823 1000 850 enim
1017 824 1093 850 vides
1107 824 1168 858 ejus
1185 831 1275 851 veram
1293 823 1376 850 animi
1394 823 1635 858 pulchritudinem.
1651 830 1713 856 qua:

929 876 1002 896 nunc
1018 869 1045 896 in
1060 874 1196 897 conventu
1215 870 1335 897 coalitum
1357 869 1474 896 exsultat
1489 873 1570 903 atque
1584 868 1689 895 laetatur
1705 877 1712 893 :

927 923 1008 949 quant
1029 916 1172 950 speciosus
1189 915 1234 943 ille
1245 916 1352 947 oculus,
1365 915 1411 950 qui
1429 914 1512 942 Deum
1528 914 1600 941 videt
1611 923 1619 941 ι
1632 920 1714 948 quam

929 968 1012 987 suave
1027 967 1057 989 os
1077 960 1232 988 divinarum
1260 961 1370 989 laudum
1388 961 1577 988 decantatione
1594 967 1714 987 exorne-

929 1011 994 1032 tur:
1015 1005 1056 1032 Ea;
1073 1015 1116 1033 ore
1126 1007 1209 1037 enim,
1226 1007 1324 1041 inquit,
1345 1006 1487 1040 infantium
1512 1011 1534 1032 et
1560 1005 1715 1032 Iactentt'um

928 1050 1061 1085 perfecisti
1088 1051 1220 1077 laudem".
1250 1051 1337 1084 Quam
1362 1052 1482 1086 pulchrae
1508 1059 1626 1084 manus,
1655 1057 1717 1085 quae

930 1104 1068 1131 nunquam
1083 1097 1183 1123 malum
1195 1101 1313 1132 operata:
1324 1098 1402 1125 sunt!
1422 1095 1507 1130 Quam
1518 1096 1609 1124 decori
1621 1096 1715 1131 pedes.

932 1142 978 1176 qui
995 1141 1028 1168 ad
1045 1141 1195 1176 nequitiam
1213 1145 1294 1176 atque
1310 1141 1442 1169 malitiam
1458 1149 1513 1168 non
1530 1144 1714 1172 accesserunt,

934 1194 1022 1222 neque
1043 1188 1070 1214 in
1088 1188 1131 1214 via
1146 1191 1322 1222 peccatorum
1342 1187 1487 1223 vestigium
1505 1195 1584 1215 suum
1601 1187 1716 1221 impres-

931 1235 1042 1261 serunt!
1070 1233 1157 1266 Quam
1182 1233 1307 1268 speciosa
1334 1237 1390 1260 tota
1406 1233 1504 1260 anima:
1528 1233 1600 1260 illius
1622 1231 1717 1263 facies,

931 1288 985 1306 non
1012 1279 1131 1314 lapidum
1154 1278 1306 1314 fulgoribus
1328 1283 1437 1310 ornata,
1461 1278 1508 1305 sed
1530 1278 1716 1312 simplicitate,

932 1325 1090 1360 integritate
1103 1329 1129 1352 et
1143 1325 1298 1352 innocentia
1312 1324 1507 1359 resplendens!
1526 1322 1579 1350 Sed
1600 1322 1717 1349 forsitan

932 1359 1006 1404 angit
1025 1374 1062 1402 te,
1086 1369 1158 1404 quod
1177 1369 1210 1396 ad
1226 1373 1393 1396 senectutem
1413 1375 1467 1394 non
1493 1365 1628 1401 pervenit.
1646 1364 1717 1397 Quid
1731 1359 1746 1379 λ

933 1423 1007 1447 vero,
1031 1415 1074 1442 dic
1090 1414 1177 1446 mihi,
1203 1414 1308 1449 pulchri
1329 1413 1419 1440 cernis
1442 1413 1469 1439 in
1494 1410 1652 1439 senectute?
1677 1408 1718 1437 An

932 1462 1076 1497 pulchrum
1098 1461 1205 1496 prurire
1229 1468 1261 1488 ac
1285 1460 1378 1487 fricari
1395 1459 1500 1488 oculos.
1519 1456 1659 1492 corrugari
1673 1464 1719 1491 ge-

933 1515 993 1539 nas.
1014 1515 1047 1534 ex
1066 1514 1113 1534 ore
1128 1506 1248 1534 deﬂuere
1265 1506 1372 1538 dentes,
1398 1509 1425 1531 et
1446 1505 1545 1539 lingute
1568 1502 1718 1529 balbutiem

87 1547 250 1583 ερείδεσθαι,
268 1549 316 1575 καὶ
329 1550 472 1583 παρανοεῖν
483 1551 515 1584 τῇ
536 1549 643 1585 καρδίᾳ,
660 1550 705 1576 καὶ⁹
720 1550 879 1585 παραφθέγ-

931 1554 1105 1588 ingenerari,
1122 1553 1249 1580 manibus
1268 1552 1491 1582 subtremiscere,
1510 1550 1543 1577 ad
1558 1553 1659 1576 terram
1676 1549 1719 1575 in-

88 1593 186 1627 γεσθαι
197 1595 229 1629 τῇ
247 1596 321 1629 φωνῇ
337 1616 344 1626 ,
358 1593 401 1620 οἷα
421 1596 453 1631 τῇ
472 1595 565 1630 ἡλικίᾳ.
578 1595 665 1631 ταύτῃ
680 1596 741 1621 κατ’
756 1596 879 1631 ἀνάγκην

89 1638 234 1673 συμϐαίνει
257 1640 348 1674 «son;
362 1640 416 1666 Καὶ
440 1640 509 1675 ὑπὲρ
534 1639 628 1666 τούτου
657 1641 879 1677 ἀγανακτοῦμεν,

88 1685 132 1711 ὃτι
148 1685 186 1720 μὴ
201 1685 313 1719 ἀφίκετο
327 1686 366 1717 είς
390 1686 439 1721 τὴν
463 1686 514 1712 τῶν
537 1686 665 1712 τοιούτων
692 1688 805 1722 talpa»;
827 1688 881 1714 Καὶ

91 1731 148 1765 μὴν
158 1731 315 1766 συγχαίρειν
329 1732 461 1766 προσήκει
477 1732 606 1763 ἐκείνοις,
620 1728 684 1766 ὧνὴ
698 1731 754 1768 ζωὴ
769 1732 817 1768 τὴν
827 1733 881 1758 τῶν

90 1777 261 1812 σκυθρωπῶν
277 1778 373 1812 πεῖραν
389 1777 419 1803 οὑ
440 1777 615 1812 παρεδέξατο,
626 1777 673 1803 καὶ
691 1776 751 1803 οὕτε
766 1777 881 1804 ἐνταῦθα

88 1821 145 1847 τῶν
159 1822 287 1857 λυπηρῶν
302 1822 408 1857 ᾔσθετο,
422 1821 483 1848 οὔτε
496 1830 522 1848 τι
552 1822 606 1849 τῶν
629 1823 687 1848 ἐκεῖ
713 1822 881 1857 σκυθρωπῶν

89 1867 281 1901 ἐπιγνώσεται,
302 1868 333 1893 'H
353 1868 407 1903 γὰρ
423 1868 536 1903 τοιαύτη
552 1867 625 1903 ψυχὴ
638 1868 654 1902 ἡ
668 1868 717 1893 οὑκ
729 1867 826 1902 ἔχουσα
839 1868 881 1901 ἐφ’

89 1915 145 1949 ὅτῳ
158 1915 197 1945 εἰς
216 1914 306 1949 κρίσιν
322 1913 396 1949 ἔλθῃ.
419 1914 531 1948 γέενναν
544 1914 573 1940 οὺ
590 1913 721 1947 φοὸεῖται,
737 1913 828 1948 κρίσιν
850 1913 881 1940 οὐ

88 1960 225 1986 δέδοικεν·
239 1958 338 1993 ἄφοϐος
363 1960 482 1994 διαμένει
504 1958 552 1985 καὶ
571 1958 790 1994 ἀκατάπληκτος,
805 1959 881 1985 οὐδε-

89 2006 136 2037 νὸς
159 2005 275 2041 πονηροῦ
302 2005 451 2036 συνειδότος
472 2005 516 2031 τὸν
531 2005 580 2039 τῆς
598 2004 714 2040 κρίσεως
735 2004 816 2039 φόϐον
833 2005 881 2030 ὲπ-

89 2053 214 2085 άγοντος.
229 2051 299 2077 “Αλλ¹
312 2051 375 2083 ἔδει,
394 2051 485 2085 φησὶν,
511 2050 595 2085 αὐτὴν
609 2051 649 2081 εἰς
663 2051 762 2085 μέτρον
775 2050 882 2085 ἡλικίας

90 2098 190 2129 ἐλθεῖν,
211 2097 257 2123 καὶ
276 2096 403 2132 νυμφικῷ
429 2096 541 2131 θαλάμῳ
557 2096 797 2131 ὲμφαιδρυνθῆναι.
813 2096 882 2122 Ἀλλ’

90 2146 150 2179 ἐρεῖ
163 2152 203 2170 σοι
215 2144 283 2179 πρὸς
297 2143 375 2170 τοῦτο
388 2143 401 2169 ὁ
413 2142 538 2178 ἀληθινὸς
554 2142 680 2177 νυμφίος,
697 2143 736 2169 ὅτι
752 2143 882 2177 κρείττων

91 2191 108 2225 ἡ
120 2189 233 2224 οὐρανία
251 2189 370 2220 παστὰς,
387 2191 582 2225 προτιμότερος
599 2191 701 2221 ἐκεῖνος
720 2190 734 2215 ὁ
752 2189 881 2223 Θάλαμος,

91 2237 122 2262 ἐν
181 2235 291 2270 χηρείας
316 2235 396 2269 φόϐος
410 2236 458 2262 οὐκ
476 2235 558 2261 ἔστιν.
577 2235 654 2267 Τίνος
670 2233 726 2267 οὖν,
744 2235 804 2261 εἰπέ
825 2244 880 2269 μοι,

89 2281 147 2307 τῶν
170 2280 261 2306 καλῶν
287 2280 470 2316 ἀπεστέρηται
484 2281 529 2306 τὸν
545 2280 671 2315 σάρκινον
694 2280 787 2306 τοῦτον
798 2277 881 2306 ’ὲκδυ-

91 2326 198 2361 σαμένη
227 2325 391 2357 ϐίονςΕἰπω
411 2334 450 2351 σοι
477 2326 510 2352 τὰ
537 2325 582 2351 τοῦ
608 2325 665 2360 βίου
696 2325 781 2352 καλά·
799 2325 882 2351 λύπαι

91 2372 141 2397 καὶ¹
158 2371 259 2405 ἡδοναὶ,
275 2371 354 2405 θυμοὶ
373 2371 419 2396 καὶ
436 2370 520 2404 φόϐοι.
536 2370 641 2401 ἐλπίδες
658 2370 705 2396 καὶ
727 2369 881 2404 ἐπιθυμίαν

90 2416 181 2443 ταῦτά
198 2418 254 2443 ἐστι
271 2417 317 2443 καὶ
340 2416 374 2442 τὰ
392 2415 503 2442 τοιαῦτα
522 2413 562 2448 οἷς
584 2415 654 2442 κατὰ
674 2416 723 2451 τὴν
743 2416 882 2451 παροῦσαν

92 2464 167 2499 ζωὴν
183 2472 214 2489 σν
218 2471 271 2498 μπε
275 2463 342 2496 πλέγ
346 2462 424 2497 μεθα.

94 2512 167 2538 bona
185 2519 192 2536 :
211 2509 295 2536 animi
313 2509 489 2544 :egritudiues
506 2514 532 2536 et
549 2508 690 2541 molestize,
715 2509 881 2544 voluptates,
903 2509 960 2542 ira‘,
977 2513 1076 2540 metus,
1095 2517 1176 2543 spes,
1194 2509 1359 2543 cupiditates
1386 2514 1414 2536 et
1434 2509 1569 2536 desideria
1589 2518 1595 2535 :

929 1599 1050 1631 curvari,
1065 1600 1184 1626 titubare
1204 1602 1286 1634 atque
1301 1597 1510 1626 subclaudicare
1526 1596 1650 1631 pedibus,
1667 1595 1716 1621 du-

930 1646 1008 1673 cibus
1028 1645 1121 1676 inniti,
1142 1645 1267 1680 desipere
1282 1643 1364 1671 corde
1382 1650 1414 1670 ac
1430 1642 1560 1673 delirare,
1584 1648 1651 1667 voce
1669 1640 1715 1666 abs

930 1690 1012 1718 surda
1027 1696 1110 1725 atque
1125 1691 1213 1725 inepta
1230 1688 1424 1725 pronuntiare?
1446 1687 1543 1721 Qualia
1564 1686 1629 1713 huic
1644 1684 1719 1712 :etati

933 1738 1089 1765 necessario
1115 1737 1243 1764 accidunt
1267 1735 1449 1763 incommoda.
1476 1734 1508 1761 Et
1524 1733 1628 1761 idcirco
1650 1732 1720 1759 indi-

931 1791 1046 1818 guamur
1064 1787 1091 1810 et
1105 1782 1321 1814 stomachamur,
1346 1781 1418 1816 quod
1435 1780 1467 1807 ad
1483 1778 1616 1814 ejusmodi
1632 1778 1719 1804 malo-

932 1837 992 1855 rum
1010 1829 1204 1863 experientiam
1221 1835 1274 1855 non
1294 1825 1467 1862 pervenerit?
1490 1825 1570 1859 Atqui
1588 1823 1720 1859 gratulari

932 1874 1060 1901 convenit
1082 1873 1136 1900 illis
1164 1880 1280 1908 quorum
1305 1873 1360 1899 vita
1385 1879 1476 1899 rerum
1501 1870 1661 1897 acerharmn
1688 1875 1720 1896 ac

932 1918 1052 1945 tristium
1072 1919 1222 1953 periculum
1235 1926 1289 1944 non
1303 1917 1378 1949 fecit,
1394 1921 1421 1944 et
1437 1923 1499 1943 cum
1521 1916 1566 1942 hic
1578 1915 1645 1942 nihil
1661 1921 1720 1941 mo-

932 1963 1017 1990 lestia:
1033 1963 1162 1995 senserit.
1185 1966 1243 1989 tum
1259 1962 1327 1988 nihil
1341 1961 1500 1989 acerbitatis
1515 1961 1572 1987 illic
1596 1959 1720 1994 experie-

932 2013 987 2035 tur.
1003 2007 1068 2035 Nam
1086 2008 1222 2042 ejusmodi
1240 2009 1342 2039 anima,
1366 2015 1427 2034 cum
1447 2007 1551 2033 nullum
1567 2006 1594 2032 in
1616 2013 1645 2032 se
1665 2006 1719 2031 cri-

933 2061 994 2080 men
1010 2053 1119 2083 habeat,
1137 2053 1217 2087 cujus
1238 2053 1386 2080 nominein
1401 2052 1534 2086 judicium
1552 2051 1652 2080 veniat.
1672 2058 1719 2084 ge-

934 2098 1050 2125 hennam
1067 2106 1121 2125 non
1136 2099 1240 2130 metuit,
1252 2099 1385 2133 judicium
1403 2105 1456 2125 non
1472 2098 1546 2124 timet
1562 2106 1568 2123 :
1584 2096 1719 2131 intrepida

934 2148 1015 2178 atque
1030 2145 1214 2179 imperterrita
1231 2148 1381 2179 permanet,
1398 2144 1471 2170 nulla
1485 2150 1566 2178 prava
1578 2143 1720 2169 conscien-

935 2191 971 2217 tia
982 2190 1077 2225 judicii
1091 2195 1222 2217 terrorem
1238 2190 1394 2217 incutiente.
1408 2190 1442 2216 At
1454 2190 1605 2224 oportebat,
1620 2188 1720 2223 inquit,

934 2244 993 2263 eam
1008 2237 1039 2263 ad
1049 2237 1153 2271 justum
1167 2237 1256 2263 tetatis
1269 2236 1378 2263 modum
1390 2236 1508 2266 venisse.
1522 2241 1548 2262 et
1563 2236 1588 2262 in
1600 2235 1721 2261 thalamo

935 2282 1049 2317 nuptiali
1066 2281 1224 2308 cxhilarari.
1242 2281 1340 2308 Verum
1356 2282 1389 2308 ad
1407 2282 1458 2308 hoc
1472 2281 1520 2308 tibi
1543 2288 1622 2307 verus
1638 2288 1722 2314 sport-

936 2337 983 2355 sus
1000 2328 1083 2359 dicet.
1102 2327 1174 2362 quod
1193 2328 1287 2354 melior
1302 2328 1328 2354 in
1351 2328 1421 2354 cosio
1436 2328 1471 2355 sit
1494 2328 1580 2354 lectus
1595 2327 1720 2361 genialis,

935 2373 1130 2400 anteferendus
1161 2372 1206 2399 ille
1227 2372 1373 2404 thalamus,
1396 2372 1440 2398 ubi
1467 2372 1607 2398 viduitatis
1633 2375 1722 2397 melus

937 2426 990 2444 non
1012 2422 1063 2445 cst.
1092 2417 1152 2450 Quo
1166 2417 1259 2451 igitur,
1276 2424 1369 2451 qtueso
1389 2421 1425 2449 te,
1444 2417 1516 2443 bono
1541 2416 1644 2451 privata
1669 2419 1721 2446 est,

935 2470 996 2490 cum
1012 2463 1083 2490 hanc
1099 2462 1234 2489 carnalem
1257 2462 1340 2488 vitam
1365 2461 1457 2489 exuit?
1483 2461 1574 2488 Dicam
1600 2459 1646 2487 tibi
1663 2459 1724 2486 vitae

1620 2509 1677 2535 ha-c
1695 2516 1722 2542 ej

92 2556 232 2592 ejusmodi
259 2560 333 2588 sunt,
357 2556 457 2590 quibus
481 2555 508 2581 in
526 2555 653 2589 praesenti
680 2555 733 2581 vita
754 2554 885 2589 implicati
904 2560 984 2590 atque
1001 2556 1118 2583 connexi
1134 2563 1239 2582 sumus.

129 2605 163 2631 Τί
179 2602 225 2631 οὖν
249 2604 333 2631 κακὸν
350 2602 482 2629 πέπονθεν
507 2602 523 2636 ἡ
544 2601 676 2628 τοσούτων
697 2601 883 2635 ἀπαλλαγεῖσα

92 2652 250 2686 τυράννων;
269 2649 402 2675 Ἐκαστον
419 2648 473 2683 γὰρ
489 2647 582 2678 πάθος,
597 2647 661 2673 ὅταν
673 2647 818 2682 ἐπικρατῇ,
834 2648 883 2681 τῆς

91 2696 182 2731 ψυχῆς
201 2696 330 2730 τύραννος
352 2694 427 2729 ἡμῶν
445 2693 560 2727 γίνεται,
580 2693 643 2723 τοὺς
657 2692 802 2726 λογισμοὺς
821 2692 882 2718 δου-

93 2742 262 2776 λωσάμενον.
278 2741 313 2766 Ἢ
329 2740 409 2765 λυπεῖ
424 2739 514 2774 ἡμᾶς,
533 2739 572 2765 ὅτι
592 2738 629 2773 μὴ
650 2736 821 2772 κατεπονήθη
838 2737 881 2763 διὰ

131 2833 141 2848 ¹
160 2833 255 2861 Matth.
273 2842 334 2866 xix,
353 2834 393 2860 ll.
450 2832 459 2847 ¹
473 2832 543 2859 Psal.
561 2839 618 2864 cun,
645 2831 667 2856 l.

705 2829 714 2845 ‘
729 2828 802 2855 Psal.
821 2835 877 2860 vui,
891 2828 914 2854 5.

971 2603 1042 2636 Quid
1059 2603 1142 2636 igitur
1156 2602 1219 2629 mali
1243 2602 1342 2628 accidit
1365 2601 1402 2632 ei,
1417 2609 1477 2636 qua:
1503 2608 1516 2627 a
1537 2604 1577 2628 tot
1597 2601 1721 2636 tyrannis

936 2649 1048 2675 liberata
1066 2648 1121 2674 sit?
1137 2647 1331 2681 Unusquisque
1346 2648 1417 2674 enim
1436 2646 1550 2673 allectus
1565 2654 1597 2672 ac
1615 2652 1723 2681 pertur-

937 2694 1020 2725 latio,
1042 2700 1104 2720 cum
1121 2694 1249 2727 praevalet
1265 2700 1298 2719 ac
1313 2693 1479 2724 dominatur,
1499 2691 1651 2718 rationibus
1669 2691 1722 2718 sibi

935 2738 1101 2774 sulujugatis,
1114 2739 1197 2765 animi
1214 2738 1301 2765 nostri
1316 2742 1447 2773 tyrannus
1461 2737 1578 2764 exsistit.
1596 2737 1637 2763 An
1652 2736 1724 2763 male

1660 134 1713 164 87’)
1750 128 1760 139 ‘
