1912 3082
83 133 138 160 8τῖ

609 133 739 160 Oll.\Tl0
754 133 928 162 FUNEBRIS
949 135 994 162 DE
1007 135 1189 164 PLMIIHA.

1665 147 1716 173 873

83 189 293 224 κατεσκευάσθη
304 208 311 220 ,
333 188 381 216 τοῦ
398 189 426 216 δὲ
442 189 541 226 ἐχθροῦ
557 188 611 218 τῶν
631 191 725 227 ψυχῶν
748 192 826 228 ἡμῶν
843 193 878 219 δι’
893 217 895 223 λ

929 193 1019 221 sitatis
1031 195 1162 229 expiatio.
1176 195 1403 232 Quandoquidem
1421 201 1492 228 enim
1508 206 1606 229 natura
1622 209 1715 231 nostra

80 237 191 271 ἀπάτης
208 237 274 271 ἡμῖν
285 235 315 262 τὸ
330 235 415 262 κακὸν
428 237 645 273 παρεγχέαντος,
659 239 690 265 τὸ
702 239 804 273 ἀγαθὸν
819 238 872 273 χώ-

82 292 134 318 ραν
149 283 200 309 οὐκ
214 282 302 318 ἔσχεν·
330 281 424 309 τούτου
443 283 545 315 ἕνεκεν,
568 284 606 316 ὡς
624 285 657 311 ἂν
674 285 712 320 μὴ
735 284 874 321 διαιωνίζῃ

81 329 149 363 ἡμῖν
164 328 180 363 ἡ
192 328 327 363 ὲμφυετσα
341 328 436 360 κακία,
450 327 563 364 προνοίᾳ
578 330 711 365 κρείττονι
727 329 833 366 θανάτῳ
843 330 874 357 τὸ

81 373 182 405 σκεῦος
192 373 259 409 πρὸς
272 373 368 408 καιρὸν
379 373 527 406 διαλύεται,
539 374 583 401 ἵνα
596 375 645 410 τῆς
656 375 755 406 κακίας
767 375 874 412 ὲκρυείυ

81 426 132 453 σης
144 417 303 453 ἀναπλασθῇ
317 417 347 443 τὸ
357 416 537 452 ἀνθρώπινον,
552 418 598 445 καὶ
615 419 714 454 ἀμιγὲς
725 419 822 451 κακίας
834 419 873 455 τῷ

80 462 112 495 ἐξ
130 463 218 499 ἀρχῆς
237 463 411 498 ἀποκαταστῇ
430 463 490 498 βίῳ.
509 463 595 490 Τοῦτο
608 464 663 499 γάρ
682 465 756 491 ἐστιν
771 465 788 500 ἡ
805 465 872 492 ἀνά-

80 519 186 542 στασις,
205 511 221 545 ὴ
236 510 276 542 εις
298 509 328 536 τὸ
341 510 453 546 ἀρχαῖον
469 510 519 545 τῆς
536 509 642 544 φύσεως
656 511 734 546 ἡμῶν
748 511 873 538 ἀναστοι-

79 556 203 590 χείωσις.
230 556 261 582 Εἰ
284 553 330 582 οὖν
353 555 495 591 ἀμήχανόν
518 556 592 583 ἐστιν
612 549 871 592 ἀναστοιχειωθῆναι

79 601 152 636 πρὸς
176 601 207 627 τὸ
223 603 345 638 κρεῖττον
363 601 411 637 τὴν
431 601 510 635 φύσιν
527 601 611 638 χωρὶς
625 602 808 635 ἀναστάσεως·
824 603 873 630 θα-

79 646 164 673 νάτου
192 646 221 673 δὲ
245 646 490 682 προηγησαμένου,
516 646 664 679 ἀνάστασις
686 647 812 682 γενέσθαι
838 649 869 676 οὐ

82 692 216 719 δύναται’
235 693 336 726 ἀγαθὸν
352 692 386 719 ἂν
409 692 451 728 εἴη
473 693 490 719 6
514 692 644 725 θάνατος,
660 693 731 729 ἁρχὴ
751 694 797 720 καὶ
813 695 871 727 ὁδὸς

77 737 130 772 τῆς
156 738 224 774 πρὸς
247 738 276 764 τὸ
300 739 422 774 κρεῖττον
448 738 600 774 μεταϐολῆς
622 740 688 774 ἡμῖν
716 740 869 774 γινόμενος.

77 782 186 810 Οὐκοῦν
207 783 376 818 ἐκϐάλωμεν,
400 783 526 818 ἀδελφοὶ,
551 784 600 819 τὴν
623 784 712 820 λύπην
731 786 795 821 περὶ
817 786 871 812 τῶν

74 829 299 864 κεκοιμημένων,
316 829 349 864 ἢν
374 829 449 864 μόνοι
466 829 646 864 ὑπομένουσιν
660 830 685 856 οἱ
700 829 738 865 μὴ
762 830 869 865 ἔχοντες

926 247 942 266 a
958 239 1013 267 Deo
1028 248 1141 268 summae
1165 249 1268 275 rerum,
1290 244 1374 274 veluti
1403 253 1451 273 vas
1467 248 1607 281 quoddam
1628 249 1716 278 bono—

925 293 986 313 rum
1002 293 1088 321 capax
1109 287 1144 315 ab
1159 288 1239 315 initio
1256 290 1366 317 condita
1395 295 1447 324 est,
1476 293 1523 319 sed
1542 293 1577 320 ab
1603 294 1716 323 inimico

924 332 1079 359 animarum
1095 339 1252 361 nostrarum
1282 344 1329 370 per
1349 336 1472 365 fraudem
1499 339 1578 367 nobis
1593 340 1660 368 vitio
1673 341 1716 368 af-

924 377 998 411 l'uso,
1013 378 1114 406 bonum
1134 380 1224 407 locum
1252 389 1307 408 non
1326 381 1439 411 habuit:
1456 383 1561 412 idcirco
1578 393 1612 414 ne
1637 387 1713 413 vitio-

924 423 993 451 sitas
1005 424 1087 452 nobis
1106 424 1245 453 inhmrens
1261 432 1392 461 perpetuo
1420 429 1542 462 duraret,
1569 431 1714 465 providen-

923 468 960 495 tia
978 469 1084 497 meliori
1105 476 1194 498 morte
1212 479 1258 499 vas
1288 472 1322 499 ad
1351 477 1459 509 tempus
1482 474 1653 510 dissolvitur,
1683 482 1713 505 ut

923 514 969 541 ubi
986 515 1123 544 vitiositas
1146 516 1292 550 ellluxenit,
1313 519 1478 547 reformetur
1501 529 1587 556 genus
1615 522 1714 549 huma-

921 568 999 592 num,
1016 564 1099 596 atque
1112 561 1250 598 integrum
1271 571 1303 592 ac
1320 572 1419 599 purum
1433 573 1446 593 ιι
1468 567 1645 601 permistione
1671 569 1712 594 vi-

921 606 1053 634 tiositatis
1070 606 1098 634 in
1116 608 1263 642 pristinum
1276 610 1338 637 vita:
1359 614 1459 638 statum
1478 612 1648 639 restituatur.
1680 612 1708 639 ld

921 651 994 678 enim
1023 653 1191 681 resurrectio
1216 658 1269 687 est,
1297 663 1395 691 nempe
1421 660 1526 683 naturae
1553 661 1655 684 nostra:
1683 657 1710 684 in

922 697 1068 731 pristinum
1086 703 1188 726 statum
1209 701 1354 735 reparatio.
1374 701 1403 729 Si
1422 702 1504 737 igitur
1522 701 1581 729 fieri
1598 710 1652 729 non
1664 709 1713 737 po-

922 746 984 774 lest,
1000 747 1030 769 ut
1047 743 1152 779 absque
1167 746 1373 774 resurrectione
1397 751 1496 775 natura
1513 748 1545 775 ad
1571 749 1710 775 meliorem

923 788 1038 816 formam
1057 793 1085 817 et
1099 793 1201 818 statum
1218 791 1359 827 redigatur
1371 802 1377 819 :
1394 800 1426 820 ac
1438 793 1491 820 nisi
1505 801 1581 820 mors
1595 800 1711 828 prmces-

924 834 1002 866 serit.
1016 836 1183 864 resurrectio
1203 836 1260 864 ﬁeri
1276 845 1332 865 non
1348 842 1455 873 potest:
1473 839 1543 866 bona
1559 846 1604 866 res
1627 838 1711 866 fuerit

76 875 185 902 ἐλπίδα.
213 875 305 907 Ἐλπὶς
327 875 356 902 δέ
378 875 452 901 ὲστιν
474 876 488 902 ὁ
509 876 635 912 Χριστός·
698 876 715 911 ή
735 876 800 909 δόξα
822 872 895 904 καὶῙ

920 887 1007 913 mors,
1021 885 1052 908 ut
1071 889 1133 916 qua:
1149 882 1259 910 initium
1277 890 1309 911 ac
1323 872 1365 911 via
1380 884 1542 912 mutationis
1565 885 1591 911 iu
1611 883 1710 914 melius

77 921 197 956 κράτος,
231 921 298 957 τιμὴ
321 921 368 947 καὶ
390 921 574 957 προσκύνησις
597 922 637 953 εις
666 922 729 953 τοὺς
757 921 867 954 αἰῶνας.

83 967 113 993 Ἀ
118 967 183 1002 μήν.

923 926 1002 954 nobis
1017 927 1142 955 exsistat.
1156 927 1274 957 Proinde
1283 937 1314 957 ex
1327 930 1419 958 animo
1430 930 1584 965 ejiciamus.
1598 929 1708 961 fratres.

924 973 1114 1007 aegritudinem
1129 977 1156 1001 et
1171 974 1292 1002 dolerem
1306 975 1501 1004 dormientium
1522 977 1633 1004 nomine
1641 983 1709 1002 con-

74 1013 207 1059 tractum,
224 1020 304 1048 quem
320 1013 371 1059 soli
395 1013 541 1045 sustinent,
560 1013 606 1048 qui
632 1021 707 1048 spem
732 1021 785 1042 non
812 1014 922 1046 habent.
947 1018 1016 1054 Spes
1030 1024 1121 1047 autem
1147 1024 1189 1048 est
1213 1020 1343 1049 Christus
1364 1029 1372 1048 :
1393 1023 1437 1050 cui
1458 1023 1546 1059 gloria
1565 1027 1593 1049 et
1624 1022 1707 1056 impe-

74 1059 158 1089 rium,
174 1058 261 1086 honos
270 1062 297 1086 et
308 1058 432 1086 adoratio
444 1058 472 1086 in
486 1059 595 1086 saecula.
613 1059 710 1087 Amen.

72 1165 1688 1187 Mm

712 1245 827 1288 ΤΟΥ

873 1245 1061 1290 ΑΥΤΟΥ

435 1340 941 1409 ΕΠΙΤΑΦΙΟΣ
1020 1342 1338 1411 ΛΟΓΟΣ

614 1457 669 1484 ΕΙΣ
691 1456 895 1484 ΠΛΔΚΙΛΛΔΝ
917 1456 1131 1484 ΒΛΣΙΛΙΣΣΑΝ.

748 1629 809 1674 EJ
822 1631 1018 1675 USDEM

515 1737 815 1794 ORATIO
867 1738 1256 1796 FUNEBRIS

636 1849 680 1876 DE
700 1849 869 1878 l‘LAClLLA
889 1848 1135 1878 IMPERATRICE.

755 1927 847 1952 Eodem
871 1926 1023 1958 interprete.

105 2075 138 2103 Ὀ
164 2076 259 2108 πιστὸς
278 2076 326 2103 καὶ
346 2075 476 2112 φρόνιμος
498 2075 637 2112 οἰκονόμος
658 2076 707 2111 (ὲκ
729 2075 783 2112 γὰρ
803 2076 857 2103 τῶν
870 2081 892 2110 c

944 2076 1044 2104 Fidelis
1060 2080 1089 2104 et
1107 2077 1228 2112 prudens
1245 2076 1421 2111 dispensator
1439 2075 1513 2110 (nam
1539 2076 1574 2103 ab
1589 2075 1626 2103 iis
1642 2084 1704 2111 quze

64 2121 282 2157 ἀνεγνωσμένων
294 2121 349 2149 ἀπὸ
362 2121 409 2149 τοῦ
419 2121 492 2148 θείου
504 2122 670 2157 Εὑαγγελίου
683 2122 860 2158 προοιμιαζο-

64 2167 145 2202 μαι),
159 2166 189 2193 ἓν
201 2166 367 2202 κατέστησεν
380 2167 394 2194 ό
407 2167 508 2202 Κύριος
520 2168 567 2194 ἐπὶ
579 2168 628 2203 τῆς
644 2168 733 2200 οἰκίας
745 2168 858 2204 ταύτης,

62 2213 110 2240 τοῦ
124 2213 227 2241 διδόναι
240 2214 268 2240 ὲν
285 2212 374 2249 καιρῷ
390 2215 445 2245 τοῖς
458 2214 695 2250 οἰκονομουμένοις
708 2214 737 2241 τὺ
750 2215 859 2250 σιτομέ-

63 2267 152 2295 τριον,
169 2258 262 2290 καλῶς
276 2259 305 2286 ἐν
330 2258 367 2294 τῷ
383 2259 437 2295 πρὸ
458 2258 553 2286 τούτου
574 2259 662 2296 χρόνῳ
675 2260 859 2291 καταδικάσας

62 2305 112 2340 τὴν
136 2304 261 2339 ἀφωνίαν
284 2304 323 2339 τῷ
346 2304 428 2340 λόγῳ,
451 2306 466 2331 ὁ
481 2305 572 2337 καλῶς
592 2305 640 2331 τοῦ
659 2305 790 2340 μεγέθους
809 2305 859 2339 τῆς

63 2350 210 2386 συμφορᾶς
223 2349 418 2385 ἐπαισθόμενος
429 2371 437 2382 ,
456 2351 503 2378 καὶ
516 2352 635 2386 τιμήσας
657 2352 690 2386 τῇ
707 2351 809 2387 ἡσυχίᾳ
828 2352 858 2377 τὸ

62 2396 162 2428 πένθος
175 2417 184 2429 ,
201 2396 250 2422 οὐκ
263 2393 311 2422 οἷδ’
324 2396 397 2428 ὅπως
411 2398 440 2423 ἐν
459 2396 499 2432 τῷ
511 2397 624 2432 παρόντι
640 2397 760 2432 συλλόγῳ
777 2397 858 2424 πάλιν

62 2442 197 2475 ἐπανάγει
209 2443 242 2477 τῇ
261 2441 410 2477 Ἐκκλησία
418 2442 464 2468 τὸν
477 2441 566 2476 λόγον,
579 2442 659 2474 αὐτὸς
671 2443 795 2469 ἀναλύων
809 2444 858 2474 τὴν

64 2488 134 2514 ἰδίαν
152 2487 225 2515 κατά
235 2487 282 2514 τοῦ
295 2487 373 2522 λόγου
387 2487 478 2523 ψῆφον
488 2496 495 2504 ’
516 2488 605 2515 καίτοι
623 2497 655 2522 γε
675 2489 778 2524 σφόδρα
792 2489 858 2516 θαυ-

64 2531 161 2567 μάζων
178 2532 229 2567 τῆς
250 2531 385 2563 συνέσεως
401 2532 429 2557 ἐν
453 2531 560 2564 πολλοῖς
575 2532 620 2559 τὸν
640 2532 810 2566 διδάσκαλον,
828 2535 858 2560 ὲν

61 2578 152 2613 τούτῳ
176 2577 293 2612 μάλιστα
317 2577 397 2604 πλέον
414 2577 628 2613 ὑπερεθαύμασα
639 2597 647 2610 ,
665 2578 703 2610 ὡς
720 2578 811 2608 καλῶς
827 2579 856 2605 ὲν

61 2625 94 2659 τῇ
107 2623 239 2658 συμφορᾷ
252 2622 298 2648 τὸν
309 2622 389 2657 λόγον
401 2623 630 2657 κατασιγάσαντα.
648 2624 791 2659 Προσφυὲς
801 2625 856 2660 γάρ

64 2677 109 2703 μοι
125 2667 258 2695 δοκεῖκαὶ
271 2668 438 2702 κατάλληλον
450 2666 519 2695 εἶναι
537 2671 593 2701 τοῖς
608 2669 734 2696 πενθοῦσι
750 2670 857 2705 φάρμα-

61 2723 109 2740 κον
130 2715 147 2748 ἡ
172 2713 244 2749 σιγὴ,
261 2714 292 2740 τὸ
303 2713 416 2741 διοιδοῦν
435 2715 484 2750 τῆς
498 2715 587 2750 ψυχῆς
600 2716 687 2751 χρόνῳ
702 2717 749 2742 καὶ
771 2725 855 2751 κατη-

62 2760 127 2796 (psi;
141 2760 176 2786 δι’
194 2759 308 2794 ἡσυχίας
328 2759 509 2788 ὲκπὲπτουσα.
537 2761 580 2792 Ὠς
602 2762 627 2788 ετ
640 2762 671 2796 γέ
684 2770 724 2793 τις
745 2762 784 2788 ἐτι
804 2762 853 2797 τὴν

114 2850 124 2865 ι
146 2848 243 2877 Matth.
260 2858 325 2884 xxv,
338 2850 373 2878 20
389 2857 450 2885 sqq.

911 2131 945 2150 ex
967 2123 1059 2150 divino
1087 2122 1234 2157 Evangelio
1253 2122 1365 2149 recitata
1379 2122 1472 2154 suut‘,
1490 2121 1605 2155 ordior),
1621 2130 1703 2156 quem

913 2168 1034 2203 praefecit
1054 2168 1185 2195 Dominus
1201 2167 1267 2195 huic
1293 2166 1412 2198 familiae.
1438 2170 1468 2194 ut
1483 2167 1529 2195 det
1541 2167 1568 2194 in
1580 2170 1703 2202 tempore

911 2213 962 2240 sibi
977 2212 1132 2241 commissis
1147 2213 1271 2240 dimensa
1294 2219 1326 2239 ac
1342 2216 1399 2239 rata
1419 2212 1532 2246 cibaria,
1547 2220 1609 2240 cum
1626 2217 1700 2241 aute-

913 2258 963 2286 hac
976 2262 1050 2286 recte
1072 2258 1268 2286 conlinentiam
1292 2258 1367 2285 vocis
1386 2258 1505 2286 orationi
1521 2263 1602 2294 atque
1616 2259 1703 2286 silen-

912 2304 978 2330 tium
997 2303 1161 2331 indixisset:
1179 2307 1210 2330 ut
1234 2303 1281 2338 qui
1311 2307 1385 2330 recte
1403 2303 1592 2338 magnitudine
1616 2303 1702 2332 cladis

912 2350 1111 2381 animadversa.
1142 2350 1246 2377 luctum
1279 2348 1390 2377 silentio
1418 2349 1555 2377 honorare
1581 2350 1663 2377 vellet
1692 2359 1700 2376 :

912 2396 1005 2423 nescio
1017 2395 1154 2430 quomodo
1168 2395 1195 2422 in
1212 2395 1340 2429 prwscnti
1357 2399 1493 2422 conventu
1511 2395 1601 2422 denuo
1621 2395 1701 2422 redu-

910 2442 948 2468 cit
961 2441 1089 2469 Ecclesiae
1113 2447 1277 2472 sermonem,
1302 2440 1362 2475 ipse
1380 2447 1458 2468 suam
1482 2439 1616 2468 adversus
1636 2448 1700 2468 ora-

912 2488 1012 2515 tionem
1032 2487 1196 2514 sententiam
1218 2486 1380 2513 rescindeus
1395 2494 1402 2512 :
1416 2491 1444 2513 et
1464 2486 1573 2520 quidem
1594 2493 1655 2513 cum
1672 2486 1700 2513 in

911 2534 1004 2561 multis
1018 2533 1101 2560 rebus
1125 2533 1300 2560 vehementer
1315 2532 1436 2559 admiror
1451 2531 1622 2566 prudentiam
1639 2538 1699 2558 ma-

910 2579 999 2614 gistri.
1023 2583 1080 2606 tum
1099 2579 1126 2605 in
1141 2579 1193 2605 hoc
1223 2578 1340 2605 maxime
1357 2585 1440 2612 supra
1456 2578 1566 2605 modum
1578 2577 1696 2605 admira~

911 2630 955 2652 tus
969 2632 1040 2656 sum,
1064 2624 1137 2659 quod
1162 2623 1266 2651 recenti
1292 2622 1370 2650 clade
1386 2623 1503 2650 orationi
1520 2627 1593 2650 recte
1613 2622 1699 2649 silen—

910 2671 977 2697 lium
1001 2670 1142 2697 indixerit.
1161 2670 1261 2704 Aptum
1291 2669 1364 2696 enim
1381 2668 1448 2695 mihi
1476 2672 1502 2695 et
1531 2668 1698 2696 conveniens

910 2715 1067 2751 lugentibus
1094 2715 1266 2747 remedium,
1301 2714 1441 2742 silentium
1471 2721 1533 2741 esse
1566 2713 1695 2746 videtur,

907 2761 1008 2796 quippe
1030 2760 1125 2788 dolore
1153 2764 1312 2788 aestuantem
1340 2765 1366 2788 et
1394 2757 1616 2788 effervescentem
1635 2759 1697 2786 lui-
