1912 3082
187 139 242 167 ετξ)

809 128 836 154 5.
856 123 1020 154 Clit-260R“
1034 121 1181 151 NYSSENI

1793 118 1853 147 880

190 180 264 223 mum
280 191 369 228 spatio
383 188 516 224 temporis
538 195 570 214 ac
589 192 707 213 mmrore
730 183 918 211 intercedente
939 188 1004 217 per.

1058 180 1126 216 υχὴν
1139 179 1185 206 τοῦ
1200 178 1302 211 πάθους
1317 178 1566 214 ὑποθερμαίνοντος
1585 177 1729 213 ανακινοίη
1740 177 1788 204 τὸν
1803 177 1851 204 λό-

189 227 312 276 quietem
341 240 369 264 ct
400 234 618 263 taciturnitatem
641 231 760 266 mitigat.
783 228 852 256 Nam
877 228 900 255 si
928 227 992 263 quis

190 274 349 313 calamitate.
370 281 454 309 etiam
472 285 547 306 nunc
562 277 684 304 animum
703 274 868 303 incendente
884 279 990 301 sermo-

192 337 255 358 nem
275 327 386 359 inferat,
404 323 531 352 maeroris
546 322 647 350 vulnus
661 324 759 348 curalu
777 319 916 347 dilIicilius
935 318 991 350 fiet,

192 374 332 403 mentione
356 379 448 400 rerum
471 369 633 397 acerbarum
660 365 746 394 veluti
771 365 859 400 spinis
878 364 994 399 quibus-

192 421 256 448 dam
272 419 422 447 laceratum
439 414 650 444 recrudescens.
677 412 716 438 Ac
739 410 793 438 nisi
817 411 992 438 temerarium

195 466 276 494 nimis
291 468 344 497 est,
363 463 387 491 si
399 470 450 498 ego
467 467 577 497 quoque
592 462 790 494 prmccptorem
809 456 836 483 in
859 455 949 490 aliqua
965 463 994 482 re

194 512 334 546 corrigere
357 517 453 540 coner.
473 507 588 535 forsitan
613 505 685 532 haud
701 501 905 533 incommodum
924 501 994 528 fuis-

195 563 248 590 set,
263 564 351 592 usque
366 555 457 582 adhuc
471 552 611 581 silentium
628 555 752 578 nostrum
765 548 890 577 oblinere
909 551 993 582 atque

195 603 306 634 durare,
325 608 359 628 ne
377 599 410 627 ad
427 598 612 626 calamitatem
638 595 728 623 oratio
743 594 864 622 demissa
880 594 994 621 auribus

197 647 312 674 tnolesta
343 648 426 673 esset.
443 642 569 671 Nondum
584 642 656 670 enim
674 645 780 668 tantum
801 640 935 675 temporis
953 639 995 666 in-

198 693 335 726 tercessit,
350 699 406 728 quo
421 699 498 720 mens
511 691 544 718 ad
566 690 666 718 nmium
688 696 848 716 assuescere
864 686 994 723 potuerit,

198 740 295 766 Adhuc
311 745 408 766 recens
437 738 464 765 in
488 737 580 764 animo
598 735 691 762 clades
705 738 748 761 cst
780 730 786 760 ἐ
817 741 849 760 ac
880 732 995 759 forsitan

198 784 283 811 etiam
309 790 418 818 semper
441 788 538 809 recens
567 780 620 807 erit
647 779 720 806 artati
743 778 869 814 (nostrn‘)
895 777 993 805 dolor:

199 830 292 857 adhuc
324 829 450 859 turbatur
477 835 524 854 cor
567 832 690 855 nostrum
724 835 730 853 ε
758 833 789 852 ac
810 825 895 852 veluti
922 832 996 852 mare

200 875 338 911 quoddam
364 874 474 902 turbine
501 872 666 899 calamitatis
688 875 855 898 commotum
881 871 916 898 ab
941 871 996 897 imo

201 922 287 955 fundo
313 920 456 951 evertitur.
491 919 581 946 adhuc
615 922 734 945 aestuant
760 917 943 952 cogitationes
962 916 995 943 ad

202 968 367 996 mentionem
399 967 535 994 tnalorutu
564 965 786 992 effervescentes.
813 963 882 991 Cum
915 963 998 997 igitur

201 1014 336 1048 ejusmodi
362 1016 524 1048 tempestate
555 1012 665 1039 animus
693 1013 849 1038 commotus
871 1010 921 1042 sit,
950 1010 998 1044 qui

209 1060 268 1087 fieri
297 1064 385 1095 potest
412 1063 441 1086 ut
466 1062 542 1086 recto
561 1065 644 1084 cursu
664 1057 752 1083 oratio
770 1056 899 1091 procedat
915 1055 998 1082 veluti

204 1106 322 1140 procella
346 1105 476 1140 quadam,
491 1103 590 1131 affectu
605 1102 710 1130 dol0ris
722 1101 842 1137 iactata?
861 1101 913 1128 Sed
931 1108 999 1136 quo-

204 1152 277 1179 niam
289 1151 396 1186 jubeuti
420 1151 611 1185 obtemperare
633 1152 753 1184 oportet,
772 1148 866 1176 nescio
881 1155 935 1182 quo
955 1155 1001 1182 ge-

204 1205 269 1225 nere
292 1202 354 1224 utar
381 1196 526 1223 orationis.
559 1193 619 1222 Non
649 1193 722 1221 enim
752 1193 909 1228 excogitare
937 1200 1000 1227 pos-

205 1250 266 1270 sum
297 1241 397 1277 quibus
423 1240 591 1276 coniecturis
607 1246 740 1274 assequar
755 1244 873 1266 mentem
898 1246 998 1273 prazce-

204 1287 302 1322 ptoris.
319 1287 360 1312 An
384 1285 498 1313 forsitan
515 1285 597 1312 etiam
616 1283 719 1318 aliquid
737 1284 893 1318 aegritudini
908 1283 999 1310 indul-

205 1339 269 1368 gere
293 1331 362 1362 vult,
381 1338 414 1359 ac
435 1330 526 1358 verbis
551 1330 585 1357 ad
613 1329 727 1358 allectus
757 1329 936 1358 concitandos
954 1337 999 1356 ac—

205 1377 387 1407 commodatis
402 1377 529 1404 concioni
555 1377 691 1413 lacrymas
711 1375 904 1403 commovere?
920 1377 958 1403 Ac
976 1376 1000 1403 si

206 1425 244 1452 ita
259 1423 354 1454 sentit,
375 1427 461 1454 recte.
490 1429 552 1450 meo
578 1422 689 1457 quidem
716 1421 832 1456 judicio,
852 1421 934 1449 etiam
949 1422 999 1449 huc

1043 235 1101 261 γον.
1119 225 1332 261 δυσαλθέστερον
1347 225 1377 252 τὸ
1394 226 1442 260 τῆς
1457 223 1546 259 λύπης
1561 223 1670 259 τραῦμα
1682 224 1848 259 γενήσεται,

1043 275 1076 309 τῇ
1095 273 1191 309 μνήμῃ
1208 272 1262 299 τῶν
1278 271 1410 306 ἀλγεινῶν
1427 269 1482 298 οἷόν
1497 279 1568 297 τισιν
1585 271 1720 302 ἀκάνθαις
1736 270 1850 302 ὲπιξιι-

1043 319 1165 354 νόμενον.
1190 318 1222 345 Ει
1235 317 1264 344 δὲ
1286 318 1324 353 μὴ
1341 317 1401 344 λίαν
1417 316 1476 343 ἐστὶ
1491 315 1628 352 τολμηρὸν
1645 315 1719 351 κάμέ
1742 324 1770 342 τι
1790 315 1850 342 τῶν

1043 365 1090 393 τοῦ
1104 364 1264 392 διδασκάλου
1280 362 1559 399 προσδιορθώσασθιιι,
1575 362 1647 397 τάχα
1657 361 1751 394 καλῶς
1765 362 1849 397 ἔσχεν

1046 410 1128 446 μέχρι
1146 409 1193 436 τοῦ
1213 409 1261 436 νῦν
1285 410 1470 443 κατακρατεῖν
1486 408 1566 444 ἡμῶν
1585 408 1636 444 τὴν
1655 408 1783 444 ἡσυχίαν,
1808 409 1848 440 ὡς

1046 457 1079 484 ἃν
1095 456 1132 492 μὴ
1144 456 1212 491 πρὸς
1222 456 1253 482 τὸ
1268 455 1353 487 πάθος
1366 456 1380 482 ὁ
1391 455 1469 490 λόγος
1479 455 1686 486 καθελκυσθεὶς,
1697 455 1749 490 τὴν
1759 455 1847 490 ἀκοὴν

1045 503 1189 530 άνιάσειεν.
1204 501 1287 528 Οὔπω
1300 501 1355 536 γὰρ
1368 500 1495 532 τοσοῦτος
1514 501 1529 527 ό
1544 501 1572 528 ἐν
1584 500 1623 535 τῷ
1639 501 1716 536 μέσῳ
1730 501 1843 537 κράνος,

1045 548 1115 575 ὥστε
1129 547 1292 583 προσεθίσαι
1302 547 1342 582 τῷ
1355 545 1431 581 καλῷ
1446 546 1498 581 τὴν
1519 546 1648 574 διάνοιαν.
1663 546 1725 573 Ἔτι
1741 547 1804 573 νέον
1818 547 1847 572 ἐν

1045 597 1078 630 τῇ
1093 595 1166 630 ψυχῇ
1178 595 1209 621 τὸ
1221 594 1306 626 πάθος
1317 614 1324 625 ,
1337 593 1408 628 τάχα
1421 593 1449 620 δὲ
1462 592 1510 620 καὶ
1522 593 1565 619 ἀεὶ
1578 593 1637 620 νέον
1650 593 1727 619 ἔσται
1741 593 1782 628 τῷ
1797 593 1847 628 βίῳ

1045 641 1076 668 τὸ
1093 641 1214 676 ἄλγημα·
1246 640 1286 666 ἔτι
1320 639 1488 676 ταράσσεται
1517 638 1625 674 ἡμῶνή
1653 639 1766 674 καρδία,
1800 640 1847 665 καὶ

1049 687 1174 723 καθάπερ
1197 695 1240 719 τις
1259 686 1381 714 θάλασσα
1396 685 1591 721 κυματουμένη
1606 687 1639 720 τῇ
1657 685 1773 712 λαίλαπι
1797 685 1846 720 τῆς

1047 733 1189 769 συμφορᾶς
1212 734 1243 759 ἐκ
1259 732 1346 767 βυθῶν
1361 732 1579 766 ἀναστρέφεται·
1602 731 1642 757 ἔτι
1657 731 1804 758 διοιδοῦσιν
1821 732 1846 757 οἰ

1046 779 1172 814 λογισμοὶ
1185 798 1192 809 ,
1206 779 1275 814 πρὸς
1294 777 1343 813 τὴν
1361 778 1472 813 μνήμην
1488 777 1542 804 τῶν
1562 776 1656 804 κακῶν
1672 776 1844 809 ἀναζέοντες.

1053 826 1237 861 Ἀστατούσης
1259 823 1306 852 οὖν
1326 825 1366 860 τῷ
1388 824 1501 860 τοιούτῳ
1524 824 1640 852 κλύδωνι
1663 825 1713 859 τῆς
1737 824 1845 860 ψυχῆς,

1048 872 1106 904 πῶς
1120 872 1176 899 ἔστι
1190 873 1359 908 προαγαγεῖν
1374 872 1419 898 ἐπ’
1434 870 1542 902 εὐθείας
1559 871 1604 897 τὸν
1616 871 1704 905 λόγον,
1721 869 1779 898 οἷον
1794 879 1847 897 τινι

1048 918 1185 952 καταιγίδι
1218 917 1258 953 τῷ
1284 917 1365 945 πάθει
1399 917 1448 952 τῆς
1472 917 1561 952 λύπης
1593 917 1845 952 ὲγχειμαζόμενον;

1055 964 1125 990 Ἀλλ’
1143 964 1236 999 ἐπειδὴ
1247 964 1300 1000 χρὴ
1315 962 1453 990 κελεύοντι
1466 962 1618 994 πείθεσθαι,
1632 963 1683 989 οὒκ
1697 960 1758 990 omo.
1773 963 1847 994 ὅπως

1048 1010 1087 1045 τῷ
1099 1010 1171 1045 λόγῳ
1184 1011 1334 1046 χρήσομαι.
1349 1010 1386 1036 Οὐ
1400 1010 1453 1046 γὰρ
1468 1009 1589 1046 εὑρίσκω
1603 1009 1652 1045 τῆς
1665 1009 1789 1041 διανοίας
1801 1010 1845 1036 τοῦ

1049 1057 1208 1084 διδασκάλου
1227 1055 1493 1091 καταστοχάσασθαι.
1523 1056 1558 1082 Ἣ
1573 1055 1644 1091 τάχα
1669 1055 1798 1090 βούλεταί
1820 1063 1847 1081 τι

1051 1103 1097 1130 καὶ
1117 1102 1155 1138 τῷ
1177 1102 1259 1129 πάθει
1283 1101 1467 1138 χαρίσασθαι,
1489 1102 1536 1128 καὶ
1556 1103 1612 1133 τοῖς
1629 1101 1847 1136 ὲμπαθεστέροις

1050 1148 1105 1175 τῶν
1119 1149 1208 1183 λόγων
1221 1149 1386 1183 ἀνακινῆσαι
1399 1150 1432 1183 τῇ
1446 1147 1579 1183 ἐκκλησίᾳ
1593 1147 1624 1174 τδ
1638 1147 1777 1182 δάκρυον;
1795 1148 1848 1174 Καὶ

1052 1195 1076 1222 εί
1090 1194 1177 1221 ταῦτα
1188 1195 1345 1226 διανοεῖται,
1360 1195 1458 1230 ὀρθῶς,
1472 1194 1543 1221 κατὰ
1555 1203 1586 1228 γε
1597 1194 1647 1230 τὴν
1659 1193 1731 1229 ἐμὴν
1745 1193 1847 1229 κρίσιν,

1053 1240 1100 1268 καὶ
1107 1240 1186 1268 τοῦτο
1199 1242 1279 1267 ποιεῖ’
1288 1240 1330 1267 δεῖ
1339 1240 1393 1276 γὰρ
1403 1240 1521 1273 πάντως,
1534 1239 1631 1274 ὥσπερ
1639 1240 1690 1276 τὴν
1698 1240 1848 1266 ἀπόλαυσιν

1052 1285 1106 1312 τῶν
1123 1285 1232 1319 ἀγαθῶν
1251 1284 1464 1320 προθυμούμεθα
1477 1304 1484 1316 ,
1511 1284 1582 1312 οὓτω
1603 1286 1650 1312 καὶ
1667 1285 1739 1320 πρὸς
1754 1285 1789 1312 τὰ
1803 1285 1848 1311 λυ-

1053 1331 1128 1366 πηρᾶ
1147 1330 1201 1358 τῶν
1223 1331 1434 1366 συμπιπτόντων
1457 1331 1566 1362 οἰκείως
1584 1331 1667 1365 ἒχειν.
1693 1330 1782 1358 Τοῦτο
1797 1331 1849 1366 γὰρ

1053 1377 1129 1403 καὶὸ
1161 1376 1376 1412 Ἐκκλησιαστὴς
1400 1377 1589 1413 συμϐουλεύει.
1612 1378 1742 1411 Καιρδς,
1766 1378 1849 1413 φησὶ,

1053 1423 1107 1450 τοῦ
1120 1422 1258 1458 γελάσαι,
1275 1423 1324 1450 καὶ
1342 1424 1445 1457 καιρὸς
1461 1423 1514 1451 τοῦ
1529 1424 1669 1451 κλαῦσαι.

207 1472 272 1499 facit
292 1481 299 1499 :
320 1474 428 1506 oportet
444 1470 518 1497 enim
541 1477 655 1505 prorsus
677 1469 752 1496 sicut
783 1469 918 1496 obiectari
943 1471 1081 1504 cupimus,
1107 1474 1134 1497 et
1162 1470 1313 1498 commodis
1336 1470 1418 1498 rebus
1442 1469 1561 1497 fruimur
1596 1471 1725 1503 libenter,
1757 1471 1795 1498 ita
1819 1472 1850 1497 a.l

207 1520 300 1548 tristes
315 1523 342 1546 et
357 1518 471 1546 acerbos
491 1525 600 1553 quoque
626 1525 709 1545 casus
736 1525 788 1545 nos
812 1518 1034 1545 accounnodarc.
1056 1519 1083 1545 ld
1099 1519 1171 1546 enim
1201 1518 1283 1546 etiam
1307 1518 1427 1546 consulit
1442 1518 1636 1550 Ecclesiastes,
1667 1518 1786 1553 Tempus
1814 1526 1851 1545 est

208 1565 307 1600 inquit,
326 1563 440 1596 ridendi,
459 1568 560 1599 tempus
571 1568 610 1591 est
629 1564 692 1591 item
707 1563 790 1597 ﬂendi
802 1563 824 1590 ’.

243 1612 294 1640 Per
311 1611 368 1639 haec
383 1611 456 1638 enim
473 1610 620 1643 discimus,
648 1611 722 1646 quod
741 1610 774 1638 ad
793 1618 850 1637 rem
883 1617 1004 1645 praesen-

1092 1609 1272 1644 Μανθάνομεν
1289 1609 1344 1646 γὰρ
1360 1609 1404 1636 διά
1422 1608 1534 1641 τούτων,
1551 1609 1592 1635 ﬁt
1613 1609 1654 1636 δεῖ
1672 1611 1852 1647 καταλλήλως

209 1663 264 1686 tem
285 1660 410 1693 oporteat
431 1657 516 1684 etiam
543 1657 665 1684 animum
694 1657 913 1684 accommodare.
937 1655 1005 1683 Pro-

209 1712 288 1740 spere
301 1711 346 1732 res
360 1703 516 1732 succedunt
529 1725 537 1737 ,
551 1704 746 1739 tempestivum
761 1707 803 1731 est
819 1704 905 1731 lactari
931 1711 937 1729 :
962 1711 1005 1730 re-

209 1751 290 1778 dacta
306 1754 349 1778 est
372 1749 503 1777 alacritas
529 1749 613 1776 animi
644 1748 677 1775 ad
701 1748 914 1782 demissionem;
939 1757 1006 1781 con-

210 1797 278 1825 verti
290 1796 372 1824 etiam
389 1796 517 1823 convenit
547 1795 669 1822 lmtitiam
689 1794 716 1822 in
743 1795 1002 1830 lacrymas.Quer-i-

210 1841 356 1870 admodum
380 1842 452 1869 enim
474 1842 548 1871 risus
573 1840 682 1876 signum
715 1840 743 1867 in
773 1841 864 1869 animo
894 1840 1006 1868 latentis

211 1887 361 1915 alacritatis
390 1891 433 1915 est
455 1896 461 1913 :
482 1886 519 1914 ita
542 1887 624 1913 etiam
648 1885 727 1913 dolor
750 1886 779 1913 in
803 1886 887 1913 corde
913 1886 1007 1913 delite-

212 1941 292 1960 sCens
311 1940 360 1968 per
384 1931 464 1959 ﬂetus
482 1935 510 1959 et
535 1931 752 1964 lamentationes
764 1931 934 1966 significatur
951 1940 957 1958 :
974 1939 1005 1958 ac

211 1980 354 2007 vulnerum
381 1978 466 2006 animi
487 1982 618 2012 tanquam
648 1977 762 2012 sanguis
790 1977 916 2012 lacrymas
931 1983 1004 2005 sunt.

213 2022 240 2050 Id
261 2023 341 2050 etiam
356 2021 535 2050 Proverbium
552 2021 710 2049 Salomonis
724 2022 763 2048 ait
780 2021 894 2050 :Cordis
912 2022 1006 2050 ίωιωι-

213 2068 246 2096 tis
262 2068 348 2095 vultur
369 2067 445 2102 ﬂoret
470 2075 480 2094 :
494 2067 578 2094 animi
596 2074 656 2094 vero
681 2068 795 2095 tristitia
811 2069 900 2103 aﬂecli
919 2069 1005 2096 vultus

213 2119 319 2142 "tratus
334 2122 366 2140 ac
380 2113 511 2141 demissus
534 2119 572 2140 est
583 2113 604 2140 ³.
623 2112 743 2140 Proinde
759 2121 876 2150 prorsus
893 2122 1006 2142 necesse

212 2163 255 2187 est
274 2167 338 2188 cum
359 2158 504 2188 atTectione
522 2158 615 2189 cordis
641 2167 695 2186 una
724 2160 849 2188 contrahi
867 2165 949 2194 atque
963 2161 1007 2188 de-

214 2205 282 2233 mitti
303 2205 467 2233 orationem.
498 2203 588 2239 Atque
609 2206 715 2232 utinam
743 2205 860 2233 inveniri
894 2212 1007 2242 possent

213 2249 348 2284 ejusmodi
362 2250 453 2284 aliqua
480 2249 576 2281 verba,
597 2250 699 2284 quibus
724 2258 840 2286 magnus
865 2251 1003 2286 quondam

1056 1655 1095 1690 τῷ
1112 1655 1283 1690 ὑποκειμένῳ
1307 1656 1353 1682 καὶ
1379 1655 1428 1690 τὴν
1452 1654 1540 1690 ψυχὴν
1566 1654 1746 1682 διατίθεσθαι.
1776 1658 1851 1684 Κατᾶ

1057 1701 1122 1737 ῥοῦν
1138 1701 1172 1728 τὰ
1187 1702 1336 1737 πράγματα
1353 1700 1484 1736 φέρεται;
1508 1700 1636 1736 εὔκαιρον
1655 1701 1685 1727 τὸ
1707 1702 1851 1737 εὐφραίνε-

1057 1746 1135 1772 σθαι·
1158 1746 1291 1782 μετέπεσε
1304 1745 1336 1773 τδ
1350 1746 1459 1782 φαιδρῆν
1471 1746 1510 1778 εἰς
1527 1746 1693 1781 κατήφειαν;
1713 1748 1851 1782 μεταϐάλ-

1056 1791 1113 1818 λειν
1129 1792 1262 1826 προσήκει
1274 1791 1321 1818 καὶ
1335 1791 1384 1826 τὴν
1399 1791 1533 1826 εὐθυμίαν
1547 1792 1586 1824 είς
1600 1791 1731 1828 δάκρυον.
1747 1793 1853 1829 Ὥσπερ

1056 1837 1110 1872 γὰρ
1124 1838 1138 1864 ό
1150 1837 1237 1871 γέλως
1252 1838 1364 1872 σημεῖον
1376 1837 1425 1872 τῆς
1444 1836 1518 1864 ἔνδον
1534 1837 1713 1873 φαιδρότητος
1729 1840 1850 1873 γίνεται,

1056 1883 1126 1910 οὕτω
1145 1884 1191 1910 καὶ
1214 1884 1228 1909 ὁ
1249 1884 1278 1909 ἐν
1299 1883 1333 1918 τῇ
1364 1882 1464 1919 καρδίᾳ
1488 1883 1568 1915 πόνος
1589 1883 1641 1910 ὑπὸ
1661 1884 1718 1910 τῶν
1745 1885 1852 1921 θρήνων

1056 1929 1262 1964 διερμηνεύεται
1275 1950 1282 1962 ,
1294 1928 1450 1962 καὶγίνεται
1461 1928 1515 1955 τῶν
1523 1928 1572 1964 τῆς
1584 1929 1672 1964 ψυχῆς
1684 1932 1852 1966 τραυμάτων

1057 1975 1150 2011 ὥσπερ
1178 1972 1248 2010 αἷμα
1274 1975 1304 2002 τὸ
1331 1974 1460 2010 δάκρυον.
1488 1974 1574 2002 Τοῦτο
1600 1976 1647 2002 καὶ
1670 1977 1687 2011 η
1712 1976 1851 2012 Παροιμία

1057 2021 1229 2057 Σολομῶντός
1257 2030 1353 2056 φησιν,
1374 2021 1414 2047 ὅτι
1438 2020 1567 2054 Καρδίας
1598 2022 1849 2057 εὐφραινομένης,

1056 2069 1218 2102 πρόσωπον
1226 2067 1331 2094 θάλλει
1340 2075 1347 2082 '
1356 2067 1412 2101 τῆς
1423 2066 1527 2101 ψυχῆς
1535 2066 1570 2093 δὲ
1579 2067 1734 2101 ἑνλὺπαις
1743 2069 1849 2101 οὔσης,

1057 2111 1270 2146 σκυθρωπάζει.
1290 2111 1396 2138 Οὐκοῦν
1406 2111 1514 2146 ἀνάγκη
1530 2112 1605 2138 πᾶσα
1616 2113 1649 2147 τῇ
1667 2113 1791 2140 διαθέσει
1804 2115 1851 2149 τῆς

1057 2157 1170 2193 καρδίας
1186 2157 1420 2192 συσκυθρωπάσαι
1436 2158 1481 2184 τὸν
1495 2158 1583 2192 λόγον.
1598 2159 1654 2184 Καὶ
1668 2158 1726 2184 εἴθε
1740 2159 1850 2186 δυνατὸν

1059 2200 1093 2238 ἦν
1111 2203 1249 2234 τοιούτους
1275 2202 1396 2238 ἐξευρεῖν
1420 2210 1496 2234 τινας
1518 2202 1622 2236 λόγους,
1641 2203 1716 2234 οἴους
1732 2204 1747 2230 ὁ
1766 2205 1849 2238 μέγας

1065 2248 1196 2285 Ἱερεμίας
1222 2249 1255 2283 τῇ
1289 2249 1416 2283 συμφορᾷ
1440 2256 1503 2274 ποτε
1525 2248 1580 2275 τῶν
1603 2249 1780 2284 Ἰσραηλιτῶν
1802 2251 1849 2276 ἑπ-

213 2295 348 2323 Jercmias
373 2294 560 2322 lsraelitarnm
589 2295 694 2322 cladem
719 2295 844 2323 deﬂevit!
864 2295 920 2323 Illis
933 2296 1004 2324 enim

1059 2294 1218 2330 εθρήνησεν.
1237 2293 1364 2321 Ἐκείνων
1378 2293 1433 2329 γὰρ
1448 2293 1510 2326 ἄξια
1524 2293 1559 2320 τὰ
1569 2294 1692 2329 παρόντα
1710 2295 1821 2329 μᾶλλον,
1833 2296 1849 2330 ἡ

216 2339 360 2375 praesentia
375 2339 462 2374 magis
477 2338 560 2374 digna
576 2344 649 2372 sunt,
665 2347 746 2374 quam
763 2340 786 2369 si
803 2341 870 2376 quid
884 2341 959 2368 aliud
973 2349 1005 2369 ex

214 2385 377 2420 antiquitate
404 2384 484 2412 triste
509 2384 643 2411 memoria
675 2388 795 2413 tenetur.
821 2385 875 2413 fies
902 2387 1006 2414 acerlwe

215 2436 296 2467 atque
309 2436 417 2459 atroces
430 2433 506 2462 sunt,
524 2437 586 2465 quat
602 2434 752 2458 narrantur
766 2431 800 2459 de
815 2431 877 2459 Job.
892 2433 928 2460 At
941 2432 1005 2467 quid

214 2485 285 2513 Opus
301 2481 348 2504 est
366 2484 429 2504 cum
451 2475 505 2504 hoc
529 2480 606 2503 tanto
623 2475 796 2504 incommodo
810 2478 894 2506 unius
907 2477 1006 2506 domus

215 2526 360 2550 numeratu
377 2521 471 2549 faciles
485 2528 646 2555 comparare
658 2521 670 2547 ?
682 2520 753 2554 Quin
768 2523 850 2550 etiam
867 2524 889 2551 si
907 2531 1004 2559 magna

215 2568 358 2602 magisque
375 2566 533 2594 communia
549 2567 620 2593 mala
634 2569 910 2600 commemoraveris.
927 2573 1005 2598 terra!

216 2616 324 2644 motus,
349 2611 438 2644 bella,
464 2611 672 2644 inundationes,
698 2611 809 2644 hiatus;
836 2620 919 2648 parva
941 2620 1005 2642 sunt

215 2657 304 2685 etiam‘
314 2657 372 2684 lucc
382 2677 390 2687 .
404 2657 426 2684 si
440 2665 504 2684 cum
517 2657 700 2691 przesentibus
713 2664 918 2693 comparentur.
935 2659 1006 2693 Qua-

215 2710 245 2729 re
256 2703 268 2729 *ί
281 2702 351 2736 Quia
365 2711 418 2731 non
432 2703 464 2730 ad
476 2704 635 2730 universum
650 2703 742 2731 statim
759 2704 852 2732 orbent
868 2709 1004 2734 terrarum

215 2747 308 2776 clades
330 2748 394 2776 belli
419 2749 558 2783 pertinet:
583 2747 630 2775 sed
653 2748 705 2774 alia
726 2749 836 2784 quidem
861 2758 925 2786 pars
946 2752 1005 2785 ejus

251 2839 262 2854 ⁸
281 2837 371 2864 Eccle.
387 2846 427 2868 tu,
438 2838 464 2865 4.
504 2840 514 2854 ³
526 2838 616 2865 Eccie.
635 2846 682 2873 ru,
698 2839 727 2868 4.

1058 2342 1085 2367 εί
1106 2349 1132 2366 τι
1157 2339 1210 2366 τῶν
1234 2339 1356 2375 ἀρχαίων
1382 2340 1411 2366 ὲν
1439 2339 1612 2374 σκυθρωποῖς
1639 2342 1847 2376 μνημονεύεται.

1058 2384 1169 2411 Χαλεπὰ
1184 2384 1218 2411 τὰ
1233 2384 1280 2410 τοῦ
1304 2383 1363 2410 Ίὼΰ
1385 2384 1553 2419 διηγήματα.
1576 2384 1657 2411 Ἀλλά
1674 2385 1700 2411 τί
1713 2387 1770 2421 χρὴ
1785 2387 1850 2421 πρὸς

1057 2430 1135 2456 τοῦτο
1157 2429 1242 2456 κακὸν
1263 2430 1458 2463 άντεξαγαγεῖν
1484 2430 1549 2464 μιᾶς
1566 2429 1655 2461 οίκίας
1677 2430 1849 2466 εὐαρίθμητσ

1060 2475 1150 2511 πάθη;
1175 2475 1235 2502 Κᾶν
1252 2475 1286 2502 τὰ
1307 2475 1412 2510 μεγάλα
1437 2475 1483 2501 καὶ
1510 2475 1651 2510 κοινότερα
1677 2476 1734 2502 τῶν
1759 2477 1850 2504 κακῶν

1056 2522 1203 2556 διεξέλθῃς,
1229 2521 1367 2556 σεισμοὺς,
1383 2521 1430 2548 καὶ
1454 2520 1599 2555 πολέμους,
1617 2521 1663 2548 καὶ
1680 2521 1848 2553 ἐπικλύσεις,

1057 2567 1104 2594 καὶ
1119 2567 1258 2602 χάσματα,
1277 2565 1362 2602 μικρὰ
1376 2566 1422 2592 καὶ
1439 2566 1537 2599 ταῦτα,
1553 2566 1578 2592 ει
1594 2566 1662 2601 πρὸς
1677 2566 1714 2593 τά
1728 2567 1850 2602 παρόντα

1057 2613 1186 2649 κρίνοιτο.
1208 2612 1257 2638 Διὰ
1275 2612 1316 2642 τί;
1338 2612 1399 2638 ’Ὁτι
1416 2612 1447 2638 οὐ
1465 2611 1556 2644 πάσης
1572 2611 1679 2647 ἀθρόως
1696 2612 1749 2647 τῆς
1765 2614 1850 2639 οἰκου-

1060 2659 1144 2694 μένης
1167 2658 1183 2693 ἠ
1211 2658 1282 2685 κατὰ
1306 2657 1422 2692 πόλεμον
1435 2658 1550 2684 άπτεται
1567 2658 1714 2693 συμφορά·
1731 2659 1801 2685 ἀλλά
1822 2659 1850 2684 τὸ

1061 2705 1110 2740 μέν
1129 2713 1155 2731 τι
1179 2704 1336 2739 πολεμεῖται
1358 2705 1452 2739 αὐτῆς,
1469 2704 1500 2730 τὸ
1514 2703 1543 2730 δὲ
1560 2704 1733 2739 εἰρηνεύεται
1760 2705 1849 2740 μέρος.

1060 2752 1092 2778 Τί
1112 2751 1208 2784 πάλιν;
1236 2751 1271 2778 Ἦ
1294 2751 1413 2786 σκηπτὸς
1433 2750 1598 2785 ἔπέφλεξεν,
1620 2750 1638 2786 ἢ
1663 2751 1696 2778 τὸ
1715 2750 1789 2787 ὕδωρ
1804 2752 1849 2777 ἑπ-
