1912 3082
101 125 152 152 881

619 123 750 153 ORATIO
770 123 945 153 FUNEBRIS
977 124 1020 150 DE
1050 122 1230 151 PLACILLA.

1691 120 1744 148 δὸί).

102 186 228 218 ἑκλυσεν,
242 185 257 222 ἢ
275 186 413 222 κατεπόθη
429 187 468 222 τῷ
477 187 605 222 χάσματι.
619 187 655 213 Τὸ
665 187 698 213 ’δὲ
714 186 800 222 παρῦν
815 195 860 213 καθ

951 187 1022 214 bello
1040 186 1196 219 infestatur,
1215 185 1267 212 alia
1282 192 1346 212 vero
1362 188 1426 220 pars
1448 191 1516 220 pace
1538 183 1648 212 fruitur.
1671 184 1742 218 Quid

101 233 193 267 πάσης
210 230 315 268 ἀθρόως
329 233 378 268 τῆς
388 233 549 268 οἰκουμένης
563 233 622 259 ὲστί
636 233 737 268 πληγή.
753 233 810 260 Οὐκ
822 232 898 260 ἔστιν

100 277 179 309 ἔθνος
192 277 220 304 ἓν
235 278 252 313 ἢ
271 278 348 304 πόλιν
364 278 429 313 μίαν
444 278 667 314 ἀπολοφύρασθαι
680 287 686 294 ·
709 278 766 305 ἀλλ’
784 279 899 314 ἁρμόζει

99 324 174 358 τάχα
189 324 238 359 τὴν
253 324 299 351 τοῦ
324 324 561 360 Ναὸουχοδονὸσορ
579 324 723 360 προΐεσθαι
747 324 848 360 φωνὴν,
865 324 899 359 ἢν

99 370 172 405 πρὸς
202 371 265 402 τοὺς
295 370 470 406 ὑποχειρίους
495 371 659 406 πεποίηται’
692 370 778 404 ’Υμῖν
805 369 898 405 λέγω,

97 417 187 450 λαὸς,
216 417 320 451 φυλαὶ,
348 417 495 451 γλῶσσαι.
514 417 623 444 Μᾶλλον
646 417 674 444 δὲ
702 416 897 452 συγχωρήσατέ

100 468 160 495 μοι,
175 460 331 496 προσθεῖναί
346 470 371 488 τι
385 461 425 496 τῷ
441 461 576 497 ’Δπσυρίῳ
592 461 762 497 κηρύγματι,
780 461 897 497 μεγαλα-

98 507 254 543 φωνότερον
283 507 454 543 ἀναχηρύξαι
484 507 533 543 τὴν
560 508 703 543 συμφορὰν
728 508 776 535 καὶ
800 509 897 539 εἰπεῖν,

96 551 138 583 ὡς
158 552 191 579 ἄν
213 561 255 585 τις
278 553 324 580 ἐπὶ
341 554 443 589 σκηνῆς
464 553 619 589 ἀναϐοήσας
644 554 731 581 εἴποι·
750 552 785 580 Ὦ
807 553 898 586 πόλεις

96 599 150 624 καὶ
166 598 256 633 δῆμοι,
274 598 321 625 κα)⁸
337 598 401 634 ἔθνη
425 599 472 626 καὶ
495 599 626 635 σύμπασα
648 599 695 634 γῆ.
714 599 826 635 καὶτῆς
848 599 898 626 θα-

96 643 204 679 λάσσης
228 644 290 671 ὅσον
313 648 343 671 τε
367 644 490 680 πλώϊμον
513 645 560 671 καὶ
583 645 645 679 ὅσον
671 644 846 679 οἰκούμενον·
874 641 896 671 ὦ

95 689 193 725 πάσης
205 690 255 725 τῆς
273 690 334 716 καθ’
350 691 423 726 ἡμᾶς
439 690 602 726 οἰκουμένης
616 691 679 717 ὅσον
705 690 745 725 τῷ
765 690 897 725 σκήπτρῳ

94 737 150 771 τῆς
174 735 312 771 βασιλείας
337 736 488 768 εὐθύνεται,
510 734 533 763 ὦ
556 736 657 768 πάντες
676 736 701 763 οῑ
728 734 897 770 πανταχόθεν

97 781 253 818 ἄνθρωποι,
276 779 351 818 κοινῇ
367 782 406 817 τῷ
431 783 512 810 πάθει
537 783 741 815 ἐπιστενάξατε,
757 783 833 818 κοινῇ
849 781 896 808 τοῦ

93 827 200 864 θρήνου
223 828 271 862 τὴν
296 828 428 863 συνῳδίαν
446 828 592 863 στήσασθε,
614 830 690 864 κοινῇ
713 829 763 863 τὴν
787 828 896 854 πάντων

95 873 202 909 ζημίαν
218 873 436 909 ἀπολοφύρασοε.
457 874 493 901 Ἣ
509 874 647 909 βούλεσθε,
671 874 759 906 καθὼς
786 874 819 901 ἂν
840 870 895 905 οἷός

95 928 129 945 τε
145 916 177 952 ὧ,
199 920 246 946 καὶ
256 919 305 956 τὴν
322 919 424 955 ζημίαν
439 920 504 955 ὑμῖν
517 920 705 956 διηγήσωμαι;
720 920 854 953 Ἤνεγκεν
866 920 895 945 ἐν

93 966 132 1000 τῇ
148 965 208 992 καθ’
224 965 297 1001 ἡμᾶς
310 966 392 1001 γενεᾷ
410 966 427 1001 ἡ
442 965 600 1002 ἀνθρωπίνη
621 965 701 1000 φύσις
714 966 818 992 ἐκϐᾶσα
832 965 895 997 τοὺς

95 1011 182 1049 ἰδίους
207 1011 297 1046 ὅρους,
323 1012 370 1038 καὶ
397 1011 432 1038 τὰ
461 1012 561 1047 συνήθη
592 1012 680 1047 μέτρα
706 1012 852 1047 νικήσασα,
876 1013 892 1047 ἠ

95 1056 193 1091 φύσις,
211 1057 310 1092 μᾶλλον
329 1057 358 1084 δὲ
374 1058 387 1084 ὁ
400 1057 449 1092 τῆς
469 1057 576 1092 φύσεως
593 1057 705 1092 Κύριος,
722 1056 894 1092 ἀνθρωπίνην

93 1102 187 1138 ψυχὴν
201 1104 231 1130 ὲν
245 1103 392 1138 γυναικείῳ
411 1103 451 1138 τῷ
467 1103 584 1138 σώματι,
600 1102 672 1138 ὑπὲρ
694 1103 783 1129 πάντα
802 1102 894 1137 σχεδὸν

94 1149 132 1175 τὰ
147 1148 319 1184 προλαϐόντα
333 1148 382 1185 τῆς
397 1149 499 1185 ἀρετῆς
518 1149 714 1184 ὑποδείγματα,
733 1150 761 1175 ὲν
819 1149 894 1175 πᾶσα

96 1194 150 1228 μὲν
177 1193 315 1230 σώματος,
339 1196 413 1222 πᾶσα
432 1194 461 1222 δὲ
480 1195 568 1231 ψυχῆς
587 1195 671 1230 ἀρετὴ
693 1193 892 1230 συνδραμοῦσα,

95 1240 191 1276 οαῠμα
215 1240 329 1268 ἄπιστον
353 1241 437 1274 ἔδειξε
461 1242 494 1277 τῇ
517 1241 676 1277 ἀνθρωπίνῃ
702 1240 775 1276 ζωῇ,
803 1240 893 1267 πόσων

96 1285 210 1320 ἀγαθῶν
223 1286 375 1323 συνδρομὴν
388 1288 437 1322 μιᾷ
451 1287 523 1322 ψυχῇ
539 1287 568 1313 ὲν
585 1287 624 1313 ἐνὶ
637 1286 759 1322 ἐχώρησε
769 1286 891 1321 «(Spe-tt;

96 1332 155 1359 Καὶ
169 1332 207 1364 ὡς
230 1333 263 1360 ἂν
290 1333 408 1368 μάλιστα
426 1333 580 1368 καταφανὲς
607 1332 691 1359 ἅπασι
715 1333 820 1366 γένοιτο
843 1332 893 1366 τῆς

95 1378 194 1410 γενεᾶς
209 1377 239 1403 τδ
254 1377 405 1413 εὐτύχημα,
428 1378 474 1404 ἐπὶ
487 1377 533 1404 τὸν
553 1376 653 1412 ὑψηλὸν
675 1376 768 1412 θρόνον
783 1375 832 1411 τῆς
847 1374 881 1409 βα

97 1421 202 1453 σιλείας
219 1422 360 1456 ἀνάγεται,
384 1421 552 1457 ὃπωςὴλίου
575 1421 651 1457 δίκην
674 1421 707 1447 ὲκ
726 1420 772 1447 τοῦ
790 1419 892 1455 ὑψηλοῦ

96 1467 254 1502 ἀξιώματος
277 1468 367 1494 πᾶσαν
385 1467 434 1503 τὴν
457 1467 619 1502 οἰκουμένην
644 1468 704 1497 ταῖς
728 1467 817 1492 ἀκτῖσι
838 1465 893 1491 τῶν

95 1513 204 1547 ἀρετῶν
222 1513 434 1548 καταλάμψειεν,
454 1514 501 1539 καὶ
516 1513 554 1548 τῷ
566 1513 636 1539 κατὰ
653 1511 728 1539 θείαν
741 1512 831 1547 ψῆφον
844 1512 893 1546 τῆς

96 1558 261 1593 οἰκουμένης
281 1559 389 1593 ἀπάσης
413 1559 625 1594 προτεταγμένῳ
649 1559 689 1590 εἰς
715 1557 771 1593 βίου
791 1566 820 1584 τε
843 1557 891 1584 καὶ

97 1603 238 1639 βασιλείας
258 1599 412 1631 ’κοινωνίαν
450 1603 684 1639 συναρμοσθίίπα,
723 1603 891 1638 μακαριστὸν

96 1650 185 1677 ἐποίει
206 1651 239 1677 δι’
253 1651 351 1686 ἑαυτῆς
364 1651 396 1677 τὸ
414 1652 544 1686 ὑπήκοον,
559 1650 654 1682 ὄντως,
671 1649 761 1680 καθώς
774 1657 855 1684 φησιν
874 1648 890 1683 ὴ

96 1697 206 1732 Γραφὴ,
225 1696 320 1733 βοηθὸς
335 1697 409 1732 αὐτῷ
426 1698 493 1731 πρὸς
515 1697 568 1723 πᾶν
585 1696 687 1730 ἀγαθὸν
701 1695 841 1730 γινομένη.
860 1694 891 1721 El

97 1742 302 1778 φιλανθρωπίας
315 1741 348 1779 ἦν
363 1745 376 1770 ὁ
400 1743 505 1778 καιρὸς,
526 1743 540 1778 ἢ
562 1743 722 1777 συνέτρεχεν
738 1740 812 1776 αὐτῷ
825 1741 891 1776 πρὸς

96 1788 128 1814 τὸ
142 1787 243 1822 ἀγαθὸν
256 1788 344 1822 τοῦτο,
358 1789 374 1824 ἦ
389 1789 435 1816 καὶ
457 1789 622 1824 προέτρεχεν
632 1794 639 1800 ·
656 1787 712 1818 ἴσος
726 1785 760 1822 ἦν
783 1787 797 1813 ὁ
811 1786 892 1820 ζυγὸς

97 1833 270 1868 ἑκατέρωθεν
282 1836 315 1870 τῇ
333 1834 382 1869 τῆς
397 1834 600 1870 φιλανθρωπίας
616 1834 696 1868 ῥοπῇ.
711 1834 853 1868 Μαρτυρεῖ
864 1832 891 1858 δὲ

96 1879 138 1914 τῷ
152 1879 221 1913 λόγῳ
236 1879 271 1906 τά
279 1889 307 1906 τε
320 1880 451 1915 πρότερον
467 1879 582 1915 ἀριθμὸν
599 1878 726 1910 νικῶντα,
741 1878 786 1904 καὶ
799 1877 833 1904 τὰ
846 1877 893 1903 ἐπὶ

97 1925 148 1952 τοῦ
163 1926 295 1961 παρόντος
313 1926 487 1961 κηρύγματα,
510 1924 528 1952 ὃ.
542 1925 588 1951 νῦν
605 1924 680 1959 παρὰ
702 1924 748 1950 τοῦ
774 1924 893 1959 κήρυκος

96 1971 151 2006 τῆς
172 1971 300 2007 ἀληθείας
323 1971 489 2006 ἠκούσαμεν.
515 1971 546 1997 Εἰ
565 1970 594 1997 τὸ
618 1969 728 2000 εὐσεϐὲς
743 1970 891 2004 ἐπιζητεῖς,

97 2017 190 2048 κοινὸς
203 2015 236 2053 ἦν
252 2017 414 2053 ἀμφοτέρων
426 2018 440 2044 ὁ
454 2017 521 2052 πρὸς
536 2016 676 2043 εὐσέϐειαν
692 2015 800 2051 δρόμος.
817 2016 847 2041 Εἰ
863 2015 893 2040 τὸ

97 2064 288 2099 προνοητικὸν,
306 2065 329 2090 εἰ
344 2064 374 2090 τὸ
396 2064 510 2095 δίκαιον,
527 2064 550 2090 εί
573 2063 637 2090 ἀλλο
655 2071 681 2089 τι
699 2062 755 2088 τῶν
770 2062 836 2096 πρὸς
864 2061 893 2087 τὸ

97 2111 223 2145 κρεῖττον
236 2110 461 2145 σπουδαζομένων
471 2118 477 2125 ⁸
495 2110 584 2136 πάντα
599 2110 628 2135 ἐν
648 2108 748 2144 ἁμίλλῃ
763 2106 796 2144 ἦν
812 2108 894 2143 ἀλλή-

96 2156 163 2188 λους
180 2155 257 2191 νικᾷν
273 2156 301 2182 ὲν
316 2157 376 2186 ταῖς
390 2155 524 2187 εὐποιίαις
540 2155 773 2189 φιλονεικούντων,
784 2154 829 2180 καὶ
844 2154 893 2180 οὐκ

951 231 1071 260 rursus?
1083 232 1136 259 Aut
1152 231 1254 258 fulmen
1270 230 1374 266 aliquid
1390 230 1593 263 concremavit,
1607 235 1653 257 aut
1666 237 1743 266 aquai

951 279 992 306 vis
1007 278 1116 312 obruit,
1135 278 1169 305 ab
1185 277 1261 304 hiatu
1278 281 1360 312 atque
1375 277 1505 312 voragine
1521 277 1622 304 alicubi
1647 277 1743 305 absor-

951 325 1008 359 ptio
1023 324 1094 351 facta
1109 327 1161 351 est.
1180 324 1219 351 Ac
1235 331 1357 358 prmsens
1371 323 1473 350 malum
1491 323 1612 351 universi
1629 330 1743 358 prorsus

950 370 1026 398 orbis
1047 374 1183 398 terrarum
1208 370 1310 397 vulnus
1331 373 1374 397 est
1402 379 1409 397 :
1433 369 1490 396 ﬁeri
1515 377 1568 397 non
1596 370 1686 405 potest
1713 373 1743 396 ut

950 423 1004 443 una
1022 423 1107 451 gens,
1126 419 1174 442 aut
1193 415 1260 442 urbs
1279 421 1332 441 tttta
1350 415 1527 446 lamentetur,
1546 415 1593 442 sed
1612 414 1743 442 convenit

950 461 1066 490 forsitan
1080 462 1362 491 Nabttchodonosoris
1379 463 1461 491 edere
1478 470 1591 496 vocem,
1609 471 1662 498 qua
1678 462 1743 490 sub-

949 507 1022 535 ditos
1036 508 1154 542 appellat
1170 517 1177 535 :
1195 508 1273 535 Voltis
1290 508 1360 540 dico,
1373 508 1477 543 populi,
1493 508 1590 540 tribus,
1605 508 1704 543 lingua:
1718 507 1739 536 ⁸.

951 552 1006 579 lmo
1024 561 1088 580 vero
1111 554 1261 588 permittite
1279 554 1344 581 mihi
1368 558 1398 581 ut
1421 553 1549 588 adjiciam
1572 554 1676 589 aliquid
1691 555 1742 582 As-

949 598 1024 632 syrio
1045 599 1200 633 praeconio,
1225 603 1256 626 tit
1278 599 1405 634 antpliori
1428 607 1495 626 voce
1519 600 1688 634 proclament
1708 605 1742 626 ac

948 643 1084 679 divulgem
1101 644 1206 671 cladem
1222 652 1254 671 ac
1268 645 1357 672 dicam
1369 665 1377 678 ,
1392 649 1421 672 ut
1436 645 1537 680 aliquis
1553 645 1581 672 in
1595 652 1677 673 scena
1691 652 1741 672 ex-

948 687 1071 715 clamans
1089 689 1209 716 dixerit:
1227 690 1248 716 0
1263 691 1388 718 civitates
1409 696 1436 718 et
1458 690 1551 725 populi
1563 709 1570 720 ,
1592 694 1621 717 et
1641 693 1738 725 gentes

947 738 974 760 et
989 733 1120 761 universa
1138 739 1212 762 terra
1225 755 1232 765 .
1249 739 1275 763 et
1291 737 1376 764 maris
1393 736 1526 771 quidquid
1542 740 1599 762 tum
1621 734 1737 763 navibus

949 780 1070 814 pervium
1084 800 1090 812 ,
1111 784 1167 807 tum
1182 781 1344 816 (gentibus)
1361 782 1515 810 habitatum
1531 785 1592 810 est:
1610 789 1627 810 ο
1647 782 1738 810 omnis

948 826 1035 852 nostri
1048 826 1125 853 orbis
1138 827 1272 862 quidquid
1289 828 1395 863 imperii
1411 835 1521 863 sceptro
1535 829 1650 864 regitur,
1662 835 1679 855 ο
1691 828 1738 863 qui

947 879 980 898 ex
994 872 1123 900 omnibus
1135 873 1260 907 partibus
1272 873 1446 901 eonﬂuxistis
1458 874 1594 906 homines,
1613 881 1738 901 commu-

947 917 1018 944 niter
1032 918 1183 945 calamitati
1200 919 1391 954 ingemiscite,
1404 919 1587 947 communiter
1604 919 1738 947 lamenta-

947 963 1029 991 lionis
1045 968 1209 992 concentum
1232 966 1386 998 instituite,
1409 965 1594 994 communiter
1614 966 1737 993 omnium

943 1008 1083 1043 jacturam
1099 1009 1256 1044 deplorato!
1278 1011 1319 1037 An
1346 1010 1430 1038 vultis
1455 1015 1494 1043 ut,
1518 1014 1599 1046 prout
1624 1013 1736 1045 potero,

945 1055 1028 1081 etiam
1054 1055 1251 1083 detrimentum
1278 1055 1357 1083 vobis
1380 1056 1539 1091 exponam?
1561 1055 1636 1083 Tulit
1657 1059 1738 1083 attate

946 1103 1040 1127 nostra
1058 1099 1178 1127 humana
1197 1105 1293 1128 natura
1309 1105 1387 1128 extra
1403 1108 1470 1128 suos
1492 1101 1626 1129 terminos
1641 1108 1738 1137 egres-

946 1153 993 1177 sa,
1019 1146 1216 1181 consuetisqne
1238 1147 1328 1174 modis
1354 1147 1509 1181 superatis,
1532 1147 1595 1174 tulit
1620 1150 1737 1180 natura,

946 1192 1001 1218 imo
1013 1200 1079 1220 vero
1092 1197 1197 1220 naturze
1212 1192 1345 1221 Dominus
1361 1193 1507 1220 humanam
1521 1194 1639 1220 animam
1656 1194 1683 1220 in
1699 1193 1740 1220 fe-

946 1237 1037 1265 mineo
1050 1245 1166 1273 corpore
1178 1245 1264 1274 supra
1277 1239 1369 1267 omnia
1385 1239 1582 1275 propemodum
1596 1239 1738 1275 superiora

945 1284 1055 1312 virtutis
1069 1285 1194 1320 exempla
1206 1304 1214 1318 ,
1231 1285 1257 1312 iu
1275 1294 1328 1321 qua
1343 1286 1433 1313 omnis
1450 1289 1507 1313 tum
1522 1285 1664 1321 corporis.
1680 1290 1736 1313 tum

945 1329 1028 1356 animi
1046 1330 1158 1358 virtutis
1178 1338 1315 1359 concursu
1333 1331 1421 1364 f..eto,
1437 1332 1600 1359 miraculum
1618 1332 1739 1360 incredi-

945 1376 999 1403 bile
1015 1375 1076 1403 vita:
1098 1376 1225 1404 humana:
1250 1377 1403 1404 exhibitmn
1427 1381 1485 1410 est,
1511 1381 1578 1412 quot
1602 1377 1737 1405 bonorum

945 1429 1111 1449 concursum
1128 1429 1182 1449 una
1201 1422 1292 1449 anima
1317 1422 1344 1450 in
1369 1431 1423 1450 uno
1443 1423 1559 1458 corpore
1581 1422 1739 1450 continuit!

944 1467 1032 1502 Atque
1047 1471 1077 1495 ut
1092 1468 1220 1496 omnibtts
1235 1469 1409 1503 potissimum
1428 1470 1572 1504 perspicua
1588 1469 1634 1496 fiat
1648 1468 1738 1497 mtatis

917 1533 926 1551 τ
945 1517 1047 1541 nostrae
1064 1513 1181 1542 felicitas
1192 1534 1199 1545 ,
1214 1516 1247 1543 ad
1263 1515 1380 1543 sublime
1397 1516 1496 1544 solium
1512 1516 1586 1551 regni
1603 1513 1737 1548 evehitur,

945 1563 974 1586 ttt
988 1560 1055 1588 solis
1070 1560 1097 1587 in
1114 1561 1224 1588 modutu
1241 1562 1372 1589 virtutum
1392 1561 1477 1590 radiis
1491 1570 1507 1589 e
1521 1562 1633 1590 sublimi
1648 1560 1739 1596 digni-

946 1611 1000 1633 tate
1024 1606 1184 1634 universutu
1207 1607 1300 1634 orbem
1322 1607 1491 1641 illustraret,
1514 1611 1596 1643 atque
1617 1608 1663 1639 ei,
1689 1607 1738 1643 qui

946 1652 1075 1680 universo
1092 1653 1151 1680 orbi
1172 1657 1309 1681 terrarum
1327 1653 1422 1682 divino
1440 1654 1557 1682 arbitrio
1573 1654 1738 1690 praepositus

945 1703 1038 1731 esset,
1054 1698 1088 1725 ad
1103 1699 1166 1726 vitae
1182 1699 1285 1734 pariter
1303 1704 1330 1727 et
1348 1699 1456 1735 imperii
1475 1699 1635 1727 societatem
1651 1707 1739 1735 copu-

946 1745 1018 1776 lata,
1040 1745 1166 1773 subditos
1192 1753 1240 1780 per
1257 1753 1319 1773 sese
1345 1747 1439 1774 beatos
1459 1746 1592 1778 ellicerct,
1614 1753 1676 1773 eum
1694 1753 1739 1773 re-

947 1799 1028 1824 vera,
1044 1795 1073 1818 ut
1090 1791 1180 1826 inquit
1196 1791 1340 1827 Scriptura
1353 1812 1360 1824 ,
1384 1792 1540 1819 auxiliatrix
1562 1791 1587 1820 ei
1609 1796 1683 1819 esset
1705 1793 1739 1819 ad

946 1845 1028 1864 omne
1043 1837 1156 1864 bonum.
1174 1837 1203 1864 Si
1219 1837 1418 1864 humanitatem
1437 1846 1480 1866 res
1498 1837 1674 1873 postulabat,
1693 1842 1740 1866 aut

947 1884 1129 1910 concurrebat.
1142 1891 1204 1911 cum
1218 1892 1251 1911 eo
1266 1883 1299 1910 ad
1313 1884 1363 1910 hoc
1381 1884 1482 1911 bonum
1495 1904 1502 1916 ,
1517 1889 1563 1911 attt
1577 1884 1658 1911 etiam
1675 1887 1741 1919 pra:-

947 1929 1077 1956 currebat
1091 1939 1096 1956 :
1114 1937 1164 1964 par
1181 1936 1240 1958 erat
1255 1930 1382 1965 utrinque
1400 1930 1469 1958 libra
1486 1931 1668 1965 propensione
1684 1931 1730 1958 htt-

947 1974 1097 2002 inanitatis.
1116 1975 1155 2001 Ac
1175 1975 1334 2002 testimonio
1350 1980 1414 2002 sunt
1430 1975 1548 2002 orationi
1563 1983 1624 2001 cum
1643 1975 1733 2010 priora

949 2019 1019 2047 facta
1036 2020 1248 2047 innumerabilia
1261 2041 1268 2052 ,
1286 2024 1342 2046 tum
1359 2019 1502 2055 praesentis
1519 2020 1648 2054 temporis
1665 2027 1734 2054 pra:-

947 2066 1045 2098 emtia,
1061 2072 1121 2099 qua:
1144 2072 1217 2091 nunc
1240 2064 1397 2092 audivimus
1419 2073 1433 2091 a
1458 2072 1584 2100 praecone
1599 2065 1734 2092 veritatis.

949 2111 976 2137 Si
996 2110 1124 2145 pietatem
1143 2111 1274 2144 requiris,
1290 2110 1448 2138 communis
1461 2114 1521 2138 erat
1538 2110 1662 2145 utrisque
1677 2118 1740 2137 cut-

948 2165 996 2184 sus
1012 2156 1045 2182 ad
1063 2156 1191 2191 pietatem
1208 2164 1214 2183 :
1233 2156 1256 2183 si
1275 2155 1474 2190 providentiam
1485 2177 1492 2189 ,
1510 2157 1533 2183 si
1547 2155 1682 2191 justitiam
1693 2176 1701 2188 ,
1715 2156 1739 2183 si

96 2201 134 2238 ἦν
150 2204 164 2229 ὁ
181 2202 345 2237 ἡττώμενος.
364 2203 423 2238 Ἷση
441 2211 481 2234 τις
495 2202 658 2237 ἀμφοτέρων
675 2201 753 2236 ἡ’ὲπ’
770 2201 860 2236 ἁλλήλι

948 2202 1013 2237 quid
1030 2200 1105 2228 aliud
1120 2208 1153 2228 ex
1168 2201 1201 2228 iis
1217 2209 1276 2236 quae
1293 2202 1402 2229 virtutis
1417 2202 1530 2229 nomine
1546 2201 1665 2238 bonique
1677 2210 1739 2230 con-

97 2250 190 2284 χᾶρις,
206 2249 223 2284 ἡ
240 2248 289 2284 μὲν
303 2249 403 2283 ἀρετῆς
419 2246 499 2274 ἆθλον
514 2246 586 2283 εἶχεν
599 2248 644 2274 τὸν
662 2249 712 2283 τῆς
732 2248 895 2283 οἰκουμένης

98 2294 321 2329 προτεταγμένον
332 2316 338 2327 ,
355 2296 370 2320 ὁ
392 2294 419 2320 δὲ
444 2294 543 2329 μικρὰν
567 2295 660 2329 ἡγεῖτο
674 2293 725 2329 γῆς
740 2303 770 2320 τε
784 2295 831 2320 καὶ
845 2293 895 2320 θα-

98 2341 201 2375 λάττης
217 2340 265 2375 τὴν
291 2339 415 2372 ἐξουσίαν
436 2340 579 2376 συγκρίσει
593 2339 640 2366 τοῦ
663 2339 723 2365 κατ’
746 2339 830 2375 αὐτὴν
851 2340 896 2365 εὑ-

97 2386 275 2420 τυχήματος·
298 2385 359 2417 ῐσας
376 2386 500 2421 ἀλλήλοις
519 2386 712 2421 ἀντιπαρεῖχον
727 2385 777 2416 τὰς
797 2386 895 2421 εὐφρο-

100 2431 195 2463 σύνας,
225 2431 356 2467 ἀλλήλους
385 2440 414 2458 τε
447 2431 591 2466 βλέποντες
622 2432 670 2458 καὶ¹
698 2431 743 2458 ὑπ’
773 2431 894 2466 ἀλλήλων

99 2477 235 2513 ὁρώμενοι
245 2486 251 2491 ·
268 2478 282 2504 ὁ
297 2478 346 2512 μὲν
358 2478 477 2509 τοιοῦτος
490 2478 526 2504 ὢν
541 2475 596 2509 οἷός
610 2479 667 2504 ἐστι
681 2478 770 2513 (ποῖον
787 2478 840 2512 γάρ
853 2486 894 2508 τις

100 2523 200 2555 κάλλος
235 2524 306 2559 ὑπὲρ
334 2524 365 2549 τὸ
390 2523 551 2558 φαινόμενον
579 2523 706 2556 δείξειεν;
735 2523 780 2549 καὶ
800 2522 843 2558 εἴη
862 2531 894 2556 γε

99 2569 244 2604 διαρκέσαι
260 2569 307 2595 καὶ
322 2570 362 2600 εἰς
386 2569 504 2603 ἐκγόνων
524 2568 596 2604 ζωὴν
615 2570 646 2596 τὸ
658 2568 823 2604 ὁρώμενον),
844 2568 894 2603 τὴν

55 2626 59 2632 -
99 2615 139 2646 δε,
155 2614 200 2640 οἵα
214 2623 255 2645 τις
272 2612 316 2650 ἦν,
330 2614 380 2640 οὐκ
391 2614 464 2640 ἐστιν
479 2614 615 2646 ὑποδεῖξαι
635 2614 673 2650 τῷ
687 2614 773 2649 λόγῳ·
791 2613 820 2640 οὐ
840 2613 895 2649 γὰρ

100 2659 306 2696 περιλέλειπταί
320 2668 345 2686 τι
360 2660 445 2695 αὐτῆς
457 2660 490 2686 δι’
501 2660 643 2695 ἀκριϐείας
656 2661 730 2696 ποιρά
740 2662 788 2696 τῆς
797 2661 894 2696 τέχνης

99 2706 244 2741 ὀμ.οίωμα’
271 2706 327 2732 ἀλλ’
352 2707 376 2732 εἰ
400 2706 446 2732 καί
470 2715 496 2732 τι
520 2706 629 2741 γέγονεν
644 2707 673 2733 ἐν
699 2707 847 2742 γραφαῖςῆ
865 2707 894 2733 ὲν

102 2752 255 2786 πλάσμασι,
273 2752 361 2778 πάντα
377 2752 428 2786 τῆς
442 2752 570 2788 ἀληθείας
584 2753 657 2779 ἐστὶν
673 2753 840 2788 ἐνδεέστερα.

946 2247 1077 2283 sequendi
1094 2255 1178 2274 causa
1193 2251 1360 2282 expetuntur
1376 2257 1382 2275 :
1405 2249 1496 2275 ontttia
1509 2248 1596 2284 posita
1610 2254 1688 2276 erant
1710 2249 1738 2276 in

946 2295 1097 2322 certamine
1122 2294 1346 2322 contendentium
1375 2303 1487 2328 secum,
1512 2300 1572 2323 utcr
1596 2295 1630 2323 ab
1651 2297 1739 2323 altero

947 2340 1099 2367 benefactis
1119 2344 1148 2367 et
1164 2339 1262 2367 olliciis
1278 2340 1445 2374 vinceretur,
1462 2349 1512 2368 nec
1528 2341 1659 2369 alteruter
1679 2345 1738 2369 erat

947 2387 1071 2414 inferior.
1089 2386 1216 2422 {Equalis
1230 2387 1355 2422 quaedam
1372 2395 1405 2414 ac
1421 2395 1469 2422 par
1483 2391 1542 2414 erat
1555 2388 1679 2423 utrisque
1693 2385 1738 2414 iri-

948 2439 989 2460 ter
1004 2434 1081 2468 ipsos
1100 2437 1196 2460 mutua
1219 2432 1307 2468 gratia
1331 2433 1585 2468 comntoditasque,
1608 2433 1653 2460 illa
1674 2433 1738 2469 qui-

949 2479 1009 2507 dem
1026 2478 1169 2513 praemium
1185 2477 1296 2505 virtutis
1311 2477 1424 2505 habebat
1441 2477 1501 2505 orbi
1518 2481 1652 2505 terrarum
1668 2484 1738 2512 prae-

949 2525 1066 2560 posittttn
1083 2533 1089 2551 :
1106 2524 1149 2550 hic
1166 2531 1230 2550 vero
1246 2523 1322 2558 parvi
1338 2523 1491 2550 aestimabat
1504 2527 1584 2551 terra
1599 2523 1739 2557 marisque

949 2570 1091 2597 arbitrium
1119 2577 1150 2596 ac
1177 2573 1339 2604 potestatem
1371 2577 1426 2604 prae
1452 2577 1484 2596 ea
1508 2568 1654 2601 felicitate,
1683 2575 1737 2603 qua

949 2617 1022 2643 illam
1039 2620 1137 2643 nactus
1152 2620 1210 2643 erat
1225 2624 1231 2642 :
1249 2623 1329 2651 pares
1343 2615 1461 2642 invicem
1480 2615 1548 2642 alter
1565 2615 1643 2642 alteri
1660 2613 1738 2642 oble-

948 2662 1084 2690 «tationcs
1098 2661 1273 2697 praebebant,
1286 2661 1351 2688 dtuu
1367 2665 1394 2688 et
1407 2661 1475 2687 alter
1490 2661 1605 2688 alterum
1621 2660 1735 2690 videret.

948 2715 975 2736 et
989 2709 1058 2735 alter
1072 2708 1106 2735 ab
1121 2708 1207 2735 altero
1222 2707 1448 2743 conspiceretur:
1466 2706 1510 2733 hic
1525 2706 1635 2742 quidem
1652 2706 1716 2733 talis
1728 2725 1737 2737 ,

950 2754 1040 2789 qualis
1056 2757 1098 2781 est
1115 2753 1243 2788 (qualem
1264 2753 1335 2780 enim
1350 2751 1579 2788 pulchritudinem
1601 2752 1663 2787 quis
1687 2759 1736 2778 su-

103 2805 151 2830 pra
168 2804 247 2827 eam,
268 2804 328 2830 qua:
344 2801 472 2831 apparet,
489 2797 638 2826 ostenderit
651 2798 662 2824 ’ἶ
677 2804 703 2826 ct
720 2798 830 2833 quidem
849 2799 889 2826 vel
916 2800 948 2827 ad
968 2803 1098 2835 nepotum
1120 2807 1207 2834 usque
1232 2798 1314 2825 vitam
1335 2797 1475 2825 duraverit
1491 2806 1540 2827 ea.
1572 2806 1633 2834 quae
1658 2797 1736 2826 vide-

155 2854 167 2870 δ
186 2853 253 2881 Dan.
272 2862 312 2885 ιιι.
330 2854 357 2881 4.
