1912 3082
222 104 274 130 εδδ
832 102 861 129 S.
878 101 1043 130 GREGORII

1064 101 1212 130 NYSSENI
1812 104 1865 132 886

221 167 276 194 tur,
294 161 500 197 pulchritudo).
520 162 565 189 illa
580 170 645 190 vero
666 163 755 198 qualis
778 163 902 198 quaedam
923 167 1006 196 esset,
1028 171 1082 191 non
1100 167 1189 198 potest
1217 162 1400 191 demonstrari
1421 163 1566 192 oratione:
1587 171 1642 192 non
1666 164 1744 192 enim
1770 169 1863 191 exstat

219 209 279 244 ejus
298 209 409 245 aliquod
429 209 608 237 simulacrum
619 229 627 241 ,
646 211 720 245 quod
738 218 785 246 per
802 215 888 237 artem
905 213 1002 238 exacte
1019 210 1189 238 elaboratum
1207 210 1260 242 sit,
1278 209 1326 237 sed
1343 210 1365 237 si
1382 210 1455 245 quod
1471 211 1553 238 etiam
1568 211 1707 246 depictum
1742 210 1789 238 vel
1824 209 1864 235 ef-

221 258 313 284 tictum
328 261 388 290 est,
401 257 495 284 omnia
508 264 524 284 ο
536 257 653 284 veritate
667 258 764 292 procul
780 257 892 285 absunt.

255 303 396 339 Ejusmodi
406 303 487 330 etiam
501 311 588 339 usque
594 303 684 331 adhuc
696 307 762 331 sunt
779 311 811 332 ea
822 311 882 339 qua:
893 310 1004 331 narran-

1097 300 1214 328 Τοιαῦτα
1239 300 1286 327 καὶ
1307 300 1388 336 μέχρι
1407 299 1502 326 τούτου
1521 300 1556 326 τὰ
1576 299 1754 335 διηγήματα·
1777 300 1816 326 τὰ
1836 300 1863 326 δὲ

220 353 265 376 tur
273 359 280 376 :
289 357 349 384 qua:
355 353 509 384 sequuntur
517 349 738 384 qualia‘mursus
745 350 863 377 clamare
870 357 963 384 cogor.
971 349 1010 376 Ac

220 395 285 422 mihi
301 395 435 430 ignoscite
454 400 565 430 propter
589 395 792 423 incommodum
809 395 953 422 clamando
965 402 1009 422 ex-

221 444 262 467 tra
275 441 385 468 modum
396 440 557 476 egredienti.
585 439 607 468 0
620 439 756 472 Thracia,
778 439 937 476 fugiendum
957 449 1008 468 no-

220 486 298 512 men!
313 486 336 512 0
350 486 443 513 infelix
457 486 606 521 prandium,
622 493 689 521 gens
706 485 833 514 cladibus
849 486 1006 514 nobilitata!

219 529 242 556 0
263 530 339 565 prius
354 530 464 565 quidem
481 530 573 558 hostili
591 531 647 566 igni
672 531 853 558 barbarorum
872 531 1008 559 incursio-

220 576 262 603 IllS
275 580 396 607 vastata,
419 584 492 603 nunc
507 584 572 604 νει-ο
596 581 679 612 caput
708 585 741 604 ac
769 585 908 605 summam
931 585 1008 605 com-

220 621 312 648 munis
339 621 505 649 calamitatis
521 622 549 649 in
571 626 599 650 te
625 623 780 658 recipiens,
806 623 881 650 illine
907 623 1007 650 bonum

219 666 373 701 abripitur,
389 666 444 694 illic
460 666 562 693 invidia
579 666 710 695 adversus
723 667 865 701 imperium
882 673 1006 702 grassata

219 719 252 739 ac
265 711 431 739 debacchata
460 716 523 744 est,
555 712 610 740 illic
634 713 709 741 orbis
737 718 872 740 terrarum
897 714 1007 741 naufra-

218 758 293 791 gium
310 757 412 785 factum
427 762 491 790 est,
517 758 573 785 illic
598 762 728 794 tanquam
757 759 867 798 turbine
888 762 1005 796 correpti

218 801 252 829 ad
266 803 407 838 scopulum
425 803 608 839 impingentes
623 805 650 831 in
668 804 782 832 fundum
797 805 915 835 tristitiae
926 811 1007 842 atque

217 847 344 874 mceroris
357 847 477 876 demersi
503 850 615 876 sumusl
632 848 654 876 Ο
670 849 767 877 malam
794 850 869 878 illam
885 854 1004 887 peregri-

218 892 356 919 nationem
366 912 374 925 ,
386 901 448 928 quae
462 893 579 921 reditum
590 895 735 930 denegavit
746 896 752 922 l
765 897 786 922 0
798 903 885 931 aquas
897 904 1006 925 amaras

216 943 332 971 quarum
349 936 439 965 fontes
464 939 569 966 utinam
589 947 643 966 non
661 940 860 969 desiderasset!
884 942 907 969 0
937 951 1006 978 prae-

1060 347 1107 374 ἐπὶ
1136 346 1242 378 τούτοις
1267 344 1331 378 oh;
1364 345 1447 372 Πάλιν
1479 345 1543 381 βοᾷν
1570 346 1774 380 ἀναγκάζομαι.
1808 346 1862 371 Καί

1062 401 1107 429 μοι
1125 392 1262 427 σύγγνωτε
1287 391 1455 428 ὑπερσοῶντι
1478 393 1509 418 τὸ
1531 391 1626 423 πάθος.
1642 389 1678 417 Ὦ
1701 392 1814 427 Θρᾴκη,
1831 392 1862 417 τὺ

1060 439 1176 473 φευκτὸν
1198 438 1300 473 δνομαῑ
1320 435 1355 464 Ὦ
1369 437 1500 472 δυστυχὲς
1515 437 1625 472 χωρίον,
1639 437 1713 468 ἔθνος
1729 438 1763 463 ἐκ
1790 446 1858 472 συμ-

1060 485 1151 520 φορῶν
1165 484 1378 519 γνωριζόμενονί
1391 481 1427 510 Ὦ
1441 483 1573 519 πρότερον
1588 483 1637 518 μὲν
1652 483 1780 519 πολεμίῳ
1790 486 1859 519 πυρὶ

1059 532 1119 562 ταῖς
1142 529 1197 556 τῶν
1215 529 1360 565 βαρϐάρων
1381 529 1540 564 ἐπιδρομαῖς
1555 528 1699 564 δῃωθεῖσα,
1714 529 1764 555 νῦν
1784 529 1814 555 δὲ
1830 530 1859 555 τὸ

1059 575 1205 610 κεφάλαιον
1225 575 1276 610 τῆς
1295 574 1388 611 κοινῆς
1405 575 1548 611 συμφορᾶς
1561 576 1590 601 ὲν
1602 575 1684 610 ἑαυτῇ
1705 575 1857 610 Seiugas-Ir;

1059 622 1164 649 ἐκεῖθεν
1186 621 1216 648 τὸ
1240 621 1342 656 ἀγαθὸν
1361 621 1557 657 ἀναρπάζεται,
1570 622 1628 647 ἐκεῖ
1638 621 1654 647 ό
1670 621 1770 655 φθόνος
1785 622 1857 647 κατά

1058 669 1107 703 τῆς
1122 668 1260 703 βασιλείας
1281 667 1436 703 ἐκώμασεν,
1458 668 1517 694 ἐκεῖ
1529 668 1640 702 γέγονεν
1655 667 1687 694 τὸ
1700 668 1754 702 τῆς
1766 668 1858 693 uim.»-

1059 714 1143 749 μένης
1155 714 1294 748 ναυάγιον,
1305 714 1363 740 ἐκεῖ
1373 713 1498 749 καθάπερ
1512 714 1540 740 ὲν
1551 713 1665 740 κλύδωνι
1675 712 1715 748 τῷ
1730 712 1858 748 προϐόλῳ

1058 759 1302 796 προσπταίσαντες,
1322 757 1362 794 τῷ
1383 758 1434 794 τῆς
1453 758 1541 794 λύπης
1556 757 1631 793 βυθῷ
1662 757 1853 792 κατωδύημενῖ

1059 806 1092 832 Ὢ
1104 805 1225 840 πονηρᾶς
1239 804 1371 841 ἐκδημίας
1385 804 1503 839 ἐκείνης,
1517 804 1535 839 ἡ
1551 804 1601 839 τὴν
1614 803 1794 838 ὑποστροφὴν
1808 804 1855 829 οὑν

1057 851 1213 879 άπέδωκενί
1228 851 1260 878 Ὢ
1274 850 1381 887 πικρῶν
1395 851 1510 883 ὑδάτων,
1521 846 1558 876 ὧν
1574 849 1624 881 τὰς
1636 849 1733 885 πηγὰς
1753 849 1856 875 ἐπεπό-

1057 897 1148 932 θησεν,
1173 896 1212 928 ὡς
1231 897 1281 924 ούκ
1302 896 1432 931 ὢφειλενῑ
1447 894 1482 922 Ὠ
1506 896 1615 931 χωρίον,
1635 897 1665 923 ὲν
1680 892 1704 930 ᾧ
1721 896 1753 922 τὺ
1771 895 1856 927 πάθος

1057 943 1180 977 ἐγένετο,
1211 941 1255 970 διά
1281 941 1312 969 τὸ
1334 942 1421 974 πάθος
1450 943 1484 977 τῇ
1510 942 1664 977 σκοτομήνῃ
1694 941 1856 976 ἐπώνυμον.

216 981 291 1007 dium
305 1001 312 1012 .
334 981 362 1008 in
377 990 432 1017 quo
447 983 540 1011 clades
563 984 679 1017 accidit,
706 990 818 1020 propter
839 986 945 1014 cladem
971 987 1004 1014 ah

1062 989 1166 1016 Ἀκούω
1179 989 1234 1024 γὰρ
1246 989 1316 1016 κατὰ
1331 988 1380 1024 τὴν
1394 988 1508 1024 πάτριον
1522 987 1612 1014 αὐτῶν
1630 987 1762 1022 γλῶσσαν
1781 987 1855 1013 Σκό-

215 1028 333 1055 obscura
355 1031 436 1056 nocte
451 1035 605 1064 c0gnomen
620 1031 748 1058 sortitum
765 1032 772 1058 l
791 1032 882 1060 Audio
911 1033 956 1060 eni
970 1043 983 1058 ιι
996 1052 1003 1064 ,

215 1072 302 1106 patria
318 1080 414 1100 eorum
432 1074 525 1109 lingua
541 1074 707 1108 Scataumin,
722 1085 739 1103 α
757 1077 870 1105 tenebris
885 1078 1003 1111 scilicet,

217 1117 306 1144 locum
340 1118 416 1145 illum
439 1120 648 1155 cognominari;
675 1121 730 1150 illic
760 1124 940 1152 obtenebrata
964 1130 1006 1153 cst

217 1163 329 1190 lucerna
367 1184 375 1196 ,
401 1164 459 1192 illic
473 1165 628 1194 exstinctus
645 1172 687 1195 est
712 1169 932 1203 splendor,illic
961 1179 1005 1198 ra-

216 1208 254 1235 dii
268 1209 402 1237 virtutum
420 1210 559 1239 obscurati
581 1217 664 1245 sunt,
680 1215 763 1248 periit
779 1215 887 1251 imperii
921 1224 1006 1244 orna-

216 1258 360 1285 mentum,
392 1254 509 1289 iustitia:
547 1256 784 1292 gubernaculum,
825 1259 1005 1288 humanitatis

216 1299 327 1334 imago,
360 1300 416 1327 imo
449 1309 515 1328 vero
547 1302 605 1337 ipsa
639 1303 799 1339 principalis
827 1305 1005 1334 humanitatis

215 1344 322 1378 forma;
348 1347 482 1374 maritalis
497 1348 602 1375 amoris
629 1349 714 1384 ﬁgura
739 1355 821 1386 atque
849 1351 1004 1386 exemplum

214 1390 335 1417 ablatum
351 1396 411 1424 est,
435 1397 542 1420 castum
559 1394 736 1422 continentiae
763 1400 844 1431 atque
868 1397 1004 1424 sobrieta-

215 1435 252 1462 tis
269 1441 295 1463 et
310 1436 449 1471 pudicitia:
461 1437 625 1472 donarium,
663 1440 753 1469 facilis
774 1441 850 1469 aditu
866 1443 1004 1478 gravitas,

215 1489 270 1508 non
285 1483 485 1511 contemnenda
502 1483 621 1513 facilitas
647 1490 674 1514 et
707 1488 892 1516 mansuetudo
909 1498 916 1516 :
948 1491 1004 1516 alta

216 1527 300 1553 animi
314 1527 454 1556 humilitas
471 1533 553 1565 atque
566 1531 700 1559 modestia
713 1551 721 1563 .
746 1533 834 1568 pudor
852 1533 1003 1569 ingenuus.

215 1573 373 1607 promiscua
396 1574 530 1602 bonorum
545 1576 688 1604 harmonia
704 1587 710 1605 :
740 1579 823 1613 periit
851 1579 913 1608 fidei
929 1581 1005 1608 zelus

214 1621 242 1645 et
252 1619 373 1646 studium
384 1641 393 1652 ,
409 1620 540 1648 Ecclesia:
558 1623 704 1655 columna,
730 1625 858 1652 altarium
874 1631 1002 1657 ornatus.

215 1673 366 1701 pauperum
392 1667 513 1701 divitiae,
542 1669 635 1698 multis
665 1670 903 1699 subministrando
930 1659 1038 1699 sulli-c

215 1712 292 1740 cieus
320 1713 435 1747 dextra,
464 1716 619 1743 communis
643 1716 811 1750 jactatorum
836 1724 863 1746 et
889 1717 1004 1746 afﬂicto-

215 1765 278 1784 rum
301 1763 407 1793 pertus.
438 1759 542 1795 Lugeat
578 1762 746 1797 virginitas,
770 1764 937 1792 lamentetur
964 1765 1004 1791 vi-

214 1802 306 1830 duitas
319 1823 326 1834 ,
341 1804 428 1838 ploret
443 1806 559 1839 orbitas,
578 1813 748 1842 cognoscant
761 1809 826 1844 quid
847 1809 1004 1841 habuerint.

215 1852 359 1882 postquam
376 1850 476 1877 habere
495 1851 647 1880 desierunt.
663 1853 720 1880 lmo
733 1862 796 1882 vero
812 1855 878 1890 quid
906 1856 1005 1883 attinet

215 1900 259 1919 me
272 1894 298 1920 in
316 1899 407 1928 partes
424 1900 449 1922 ct
476 1896 587 1924 ordines
603 1897 727 1926 dividere
752 1899 1005 1928 lamentationem?

215 1938 380 1973 Ingemiscat
393 1942 484 1970 munis
506 1948 574 1970 tetas
586 1963 593 1975 ,
610 1944 776 1978 profundum
789 1954 804 1973 e
821 1946 910 1974 medio
922 1948 1004 1975 corde

215 1985 347 2020 gemitum
375 1987 460 2015 edens
481 1998 487 2015 :
513 1997 565 2015 una
595 1989 685 2025 lugeat
710 1992 792 2018 etiam
822 1993 1003 2021 sacerdotium

216 2031 463 2067 ipsum,quoniam
482 2034 585 2061 invidia
602 2043 777 2064 communem
801 2042 931 2065 ornatum
960 2039 1004 2067 de-

215 2077 307 2104 traxit.
327 2077 455 2113 Nunquid
471 2082 646 2109 temerarium
672 2082 753 2110 fuerit
786 2082 929 2118 Propheta:
958 2085 1000 2112 di-

219 2127 296 2150 ctum
317 2123 384 2151 illud
409 2125 531 2160 proferre
546 2127 558 2153 ’ί
577 2127 667 2160 Quare
678 2129 817 2162 rcpttlislt',
833 2129 918 2162 Deus,
933 2131 960 2157 in
971 2131 1003 2165 [i-

214 2170 296 2197 nem.’
311 2174 336 2196 et
363 2171 510 2198 concitatus
535 2177 574 2199 est
604 2173 680 2207 {uror
702 2179 763 2202 tuus
794 2176 921 2203 adversus
945 2185 1003 2204 oves

214 2222 322 2248 pascuis
338 2219 391 2242 tua:
401 2216 430 2242 ’ἲ
441 2217 563 2249 Quorum
581 2225 757 2254 peccatorum
773 2229 870 2256 pcenas
883 2222 1005 2250 luimus?

216 2259 275 2292 Qua
288 2259 322 2287 de
336 2267 419 2288 causa
433 2261 446 2287 ἲ
465 2262 552 2298 Cujus
576 2265 613 2292 rei
630 2266 742 2293 nomine
758 2266 821 2294 aliis
837 2274 921 2302 super
942 2267 1004 2295 aliis

216 2305 343 2333 cladibus
371 2306 518 2343 affligimur
543 2314 570 2336 et
601 2311 790 2346 castigamur?
821 2313 862 2340 An
887 2312 1003 2341 forsitan

216 2356 361 2386 propterea
380 2355 453 2388 quod
477 2355 599 2382 abundat
613 2356 741 2391 impietas
762 2359 900 2386 variarum
920 2359 1005 2387 haere-

216 2404 283 2424 seon
294 2417 303 2429 ,
318 2397 375 2425 haec
392 2398 540 2426 adversum
565 2407 616 2428 nos
648 2403 785 2430 sententia
801 2404 921 2431 obtinuit
936 2405 948 2431 ’ί
964 2404 1006 2432 Vi-

216 2442 278 2470 dete
306 2444 380 2471 enim
408 2445 509 2480 quibus
528 2446 554 2472 in
572 2446 672 2481 exiguo
697 2451 821 2482 tempore
844 2450 923 2477 malis
938 2458 1005 2478 con-

217 2488 314 2516 ﬂictati
339 2489 439 2517 simus.
467 2489 592 2518 Nondum
616 2501 631 2519 a
649 2492 740 2526 priore
763 2493 841 2520 clade
859 2495 1006 2530 respiravi-

218 2543 300 2567 mus,
322 2535 444 2562 nondum
475 2536 610 2572 lat-rymas
633 2538 668 2566 ab
696 2539 783 2566 oculis
806 2539 1005 2573 abstersimus,

217 2588 316 2608 rursus
329 2580 356 2608 in
377 2584 481 2608 tantam
495 2582 640 2611 incidimus
666 2585 859 2612 calamitatem.
874 2585 951 2613 Tunc
963 2591 1003 2614 te-

217 2633 313 2652 nerum
335 2624 429 2652 florem
443 2626 659 2661 depinravimus.
679 2637 753 2656 nunc
769 2629 856 2663 ipsum
875 2637 981 2657 ramum
993 2649 1003 2663 ,

217 2671 291 2697 unde
320 2670 369 2698 flos
395 2672 559 2707 germinmit
577 2677 604 2700 ct
623 2678 721 2701 enatus
739 2679 780 2702 est
796 2685 802 2702 :
821 2680 888 2703 tunc
904 2684 999 2711 spera-

217 2721 273 2743 tqu
291 2717 436 2750 decorem,
457 2726 531 2746 nunc
546 2727 606 2746 cum
623 2720 669 2755 qui
689 2720 774 2756 viguit
791 2731 797 2748 :
817 2726 883 2750 tunc
897 2722 1000 2749 bonum

217 2762 289 2796 quod
301 2764 523 2797 exspectabatur.
551 2774 622 2793 nunc
645 2767 682 2799 id,
696 2768 774 2803 cujus
788 2768 939 2804 periculum
957 2768 997 2795 fa-

252 2806 266 2823 ⁸
283 2808 356 2837 Ρςιι.
376 2816 478 2842 ικλιιι,
499 2811 523 2836 t.

1058 1043 1162 1069 τουμιν
1184 1035 1230 1062 τὸν
1251 1035 1334 1061 τόπον
1349 1034 1582 1070 ὲπονομάζεσθαι’
1600 1034 1659 1060 ἐκεῖ
1675 1033 1825 1067 ἰσκοτίσθη
1841 1033 1856 1059 ι

1057 1081 1162 1117 λύχνος,
1176 1082 1235 1108 ἐκεῖ
1258 1080 1427 1116 κατεσὸέσθη
1451 1080 1481 1107 τὸ
1495 1081 1606 1115 φέγγος,
1623 1081 1682 1107 ἐκεῖ
1701 1081 1733 1107 αἱ
1746 1080 1856 1111 ἀκτῖνες

1056 1127 1110 1154 τῶν
1125 1127 1230 1163 ἀρετῶν
1241 1127 1453 1163 ¹Ιῃιαυριίιθησαν,
1473 1126 1578 1162 οἴχεται
1592 1126 1642 1161 τῆς
1659 1125 1806 1161 βασιλείας
1827 1126 1857 1152 τὺ

1056 1173 1286 1209 ἑγκαλλώπισμα,
1303 1173 1335 1200 τδ
1351 1173 1401 1209 τῆς
1423 1172 1596 1208 δικαιοσύνης
1612 1173 1755 1207 πηδάλιον,
1772 1174 1790 1208 ἡ
1807 1172 1856 1207 τῆς

1056 1219 1260 1255 φιλανθρωπίας
1275 1219 1356 1246 εἰκὼν
1365 1240 1372 1251 ,
1390 1218 1490 1254 μᾶλλον
1503 1217 1531 1244 δὲ
1546 1217 1612 1245 αὐτὸ
1631 1218 1663 1245 τὸ
1676 1219 1837 1253 ἀρχέτυπον
1847 1227 1853 1232 ν

1056 1263 1180 1300 ἀφῃρέθη
1204 1262 1254 1298 τῆς
1276 1263 1433 1298 φιλανδρίας
1447 1263 1461 1288 ό
1480 1262 1576 1295 τύπος,
1590 1262 1621 1290 τὺ
1635 1263 1720 1297 ἁγνὸν
1734 1264 1788 1298 τῆς
1803 1271 1855 1290 σω-

1057 1308 1192 1344 φροσύνης
1203 1309 1341 1344 ἀνάθημα,
1354 1310 1370 1344 ἠ
1385 1308 1543 1342 εὐπρόσιτος
1558 1308 1703 1343 σεμνότης,
1719 1309 1736 1344 ή
1750 1309 1854 1335 ἀκατα-

1056 1354 1188 1390 φρόνητος
1213 1353 1372 1389 ἡμερότης,
1395 1353 1413 1388 ἡ
1440 1352 1528 1387 ὑψηλὴ
1551 1351 1812 1387 ταπεινοφροσύνη-
1837 1354 1854 1387 ἡ

1056 1398 1323 1434 πεπαρῤησιασμένη
1343 1396 1435 1429 αἰδὼς,
1451 1397 1468 1432 ὴ
1495 1395 1648 1432 σύμμικτος
1669 1396 1726 1422 τῶν
1741 1395 1853 1430 ἀγαθῶν

1056 1444 1188 1480 ἁρμονία⁸
1203 1443 1306 1479 οἴχεται
1319 1444 1332 1470 ὁ
1344 1443 1392 1478 τῆς
1404 1442 1522 1474 πίστεως
1536 1442 1627 1478 ζῆλος,
1638 1443 1653 1469 ὁ
1666 1442 1718 1477 τῆς
1736 1442 1853 1477 Ἐκκλη-

1057 1491 1117 1522 σίας
1141 1489 1247 1521 στύλος,
1271 1489 1286 1515 ὁ
1307 1489 1362 1516 τῶν
1384 1488 1584 1524 θυσιαστηρίων
1608 1488 1732 1523 κόσμος,
1761 1489 1777 1515 δ
1801 1488 1855 1514 τῶν

1055 1535 1212 1571 πενομένων
1224 1533 1347 1567 πλοῦτος,
1367 1535 1384 1570 ἡ
1404 1533 1559 1569 πολυαρκὴς
1569 1533 1676 1566 δεξιά,δ
1691 1533 1786 1565 κοινὸς
1799 1533 1855 1560 τῶν

1056 1581 1298 1616 καταπονουμένων
1311 1580 1403 1616 λιμήν.
1415 1579 1550 1607 Πενθείτω
1560 1581 1576 1615 ή
1587 1579 1732 1613 παρθενία,
1743 1578 1853 1614 θρηνεί-

1055 1635 1093 1653 τω
1113 1627 1130 1662 ἡ
1153 1626 1270 1662 χηρεία,
1287 1625 1424 1661 όδυρέσθω
1447 1626 1464 1660 ἡ
1488 1625 1605 1660 ὀρφανία
1618 1645 1627 1657 ,
1653 1624 1806 1658 γνώτωσαν
1827 1624 1855 1649 τί

1055 1670 1127 1707 εἶχον
1139 1672 1182 1699 ὅτε
1192 1672 1242 1698 οὐκ
1250 1671 1368 1706 ἓχουσιν.
1381 1670 1488 1698 Μᾶλλον
1501 1670 1530 1697 δὲ
1543 1670 1568 1696 τί
1581 1670 1633 1706 χρή
1650 1677 1683 1704 με
1697 1669 1770 1696 κατὰ
1782 1669 1852 1704 μέρη

1055 1718 1102 1744 καὶ
1115 1716 1204 1749 τάξεις
1218 1716 1332 1751 διαιρεῖν
1352 1715 1397 1742 τὸν
1420 1715 1535 1751 θρῆνον;
1557 1715 1715 1746 Στεναζέτω
1734 1715 1813 1741 πᾶσα
1836 1715 1852 1748 ή

1054 1763 1145 1798 γενεά,
1164 1762 1254 1798 βύθιον
1269 1763 1302 1788 ἐκ
1318 1762 1404 1797 μέσης
1421 1761 1535 1797 καρδίας
1550 1761 1595 1787 τὸν
1613 1761 1769 1795 στεναγμὸν
1785 1760 1852 1786 ἀνα-

1055 1809 1217 1843 πέμπουσασ
1239 1806 1428 1842 συμπενθείτω
1443 1806 1489 1833 καὶ
1505 1807 1522 1841 ἠ
1547 1804 1681 1841 ἱερωσύνη
1707 1804 1790 1839 αὑτὴ,
1807 1805 1854 1830 τὸν

1055 1854 1144 1881 κοινὸν
1158 1854 1259 1888 κόσμον
1273 1852 1318 1880 τοῦ
1340 1853 1440 1888 φθόνου
1459 1851 1690 1886 ἀποσυλήσαντος.
1715 1848 1793 1884 Ἀρα
1815 1849 1854 1885 μὴ

1053 1899 1189 1935 τολμηρὸν
1200 1898 1230 1926 τὸ
1241 1898 1288 1925 τοῦ
1299 1898 1440 1934 Προφήτου
1451 1898 1548 1928 εἰπεῖν,
1557 1897 1598 1929 τὺ,
1612 1897 1679 1923 ἰνα
1688 1896 1718 1923 τί
1727 1896 1850 1926 ἀπώσω,

1054 1947 1071 1973 ό
1088 1946 1169 1978 Θεὸς,
1185 1946 1229 1978 εις
1256 1944 1358 1977 τέλος,
1379 1943 1428 1970 καί
1452 1943 1613 1978 διωργίσθη
1640 1943 1657 1968 ό
1677 1942 1776 1975 θυμός
1792 1950 1851 1968 σου

1053 1991 1103 2018 ἐπὶ
1117 1991 1249 2025 πρόϐατα
1264 1989 1358 2024 νομῆς
1376 1996 1434 2016 σου
1443 1996 1453 2021 ;
1473 1988 1562 2015 Ποίων
1575 1987 1784 2022 ἁμαρτημάτων
1801 1987 1849 2017 τὰς

1053 2037 1128 2068 δίκας
1144 2035 1333 2071 ὲκτιννύομενς
1353 2035 1438 2070 ’Υπὲρ
1460 2034 1530 2066 τίνος
1543 2035 1600 2065 ταῖς
1614 2032 1784 2068 ἐπαλλήλοις
1796 2032 1850 2058 τῶν

1055 2081 1202 2118 συμφορῶν
1219 2080 1422 2117 μαστιζόμεθας
1448 2081 1483 2107 ’Ἡ
1498 2080 1567 2114 τάχα
1586 2079 1630 2105 διὰ
1651 2078 1681 2105 τὸ
1700 2079 1846 2105 πλεονάσαι

1054 2127 1102 2164 τὴν
1113 2128 1238 2155 ἀσέϐειαν
1248 2127 1302 2154 τῶν
1316 2126 1445 2154 ποικίλων
1455 2125 1598 2161 αἱρέσεων,
1613 2124 1684 2160 αὑτὴ
1695 2124 1760 2150 καθ’
1771 2124 1849 2159 ἡμῶν

1054 2174 1071 2209 ἡ
1092 2173 1181 2208 ψῆφος
1201 2173 1369 2209 έκράτησεν;
1400 2171 1497 2207 Ὁρᾶτε
1523 2171 1578 2207 γὰρ
1606 2171 1672 2202 οἵοις
1699 2171 1797 2202 κακοῖς
1821 2171 1847 2196 ὲν

1055 2218 1150 2253 βραχεί
1163 2218 1366 2254 συνηνέχθημεν
1387 2217 1485 2253 χρόνῳ.
1510 2217 1592 2243 Οὓπω
1607 2216 1653 2242 ἐπὶ
1669 2217 1704 2252 τῇ
1725 2217 1846 2251 προτέρα

1055 2263 1146 2299 πληγῇ
1162 2263 1390 2296 ἀναπνεύσαντες,
1409 2263 1486 2290 οὔπω
1499 2263 1528 2289 τὸ
1545 2262 1662 2298 δάκρυον
1680 2262 1736 2288 τῶν
1754 2263 1847 2297 ὀφθαλ-

1058 2308 1116 2344 μιῖιν
1142 2309 1352 2344 ἀποψήσαντες,
1384 2309 1465 2336 πάλιν
1488 2309 1517 2336 ὲν
1545 2308 1665 2345 τοσαύτῃ
1695 2309 1846 2345 γεγόναμεν

1057 2355 1193 2390 συμφορᾷ.
1208 2355 1277 2382 Τότε
1290 2355 1321 2382 τὸ
1336 2354 1461 2387 νεηθαλὲς
1474 2355 1553 2386 ἄνθος
1566 2355 1785 2391 ἀπωδυράμεθα,
1804 2356 1848 2382 νῦν

1054 2401 1120 2428 αὐτὸ
1136 2401 1166 2428 τὸ
1179 2401 1266 2436 ἔρνος,
1281 2401 1328 2436 ἀφ’
1340 2397 1371 2428 οὗ
1389 2401 1419 2428 τὺ
1432 2401 1511 2432 ἀνθος
1525 2401 1693 2436 ὲὸλάσθησεν
1702 2410 1711 2418 ο
1726 2402 1789 2428 τότε
1802 2402 1846 2436 τὴν

1054 2446 1228 2474 ἐλπισθεῖσαν
1259 2447 1351 2482 ὤραν,
1376 2446 1424 2473 νῦν
1448 2447 1497 2482 τὴν
1521 2446 1704 2482 ἀκμάσασαν·
1735 2447 1796 2474 τότε
1821 2448 1846 2473 τὸ

1055 2492 1278 2528 προσδοκώμενον
1297 2492 1409 2526 ἀγαθὸν,
1425 2491 1473 2519 νῦν
1489 2492 1520 2519 τὸ
1541 2493 1571 2519 ὲν
1594 2492 1676 2528 πείρᾳ.
1690 2493 1842 2528 γενόμενον.

1054 2535 1129 2573 ’Λρά
1144 2547 1190 2573 μοι
1207 2537 1406 2572 συγγνώσεσθε,
1427 2538 1548 2572 ἀδελφοὶ,
1571 2538 1595 2564 ετ
1609 2547 1635 2565 τι
1649 2538 1694 2564 διὰ
1710 2539 1744 2564 τὸ
1764 2538 1845 2569 πάθος

1059 2584 1303 2619 παραληρήσαιμι;
1322 2584 1408 2618 Τάχα,
1426 2583 1516 2616 καθώς
1533 2592 1614 2618 φησιν
1629 2584 1645 2609 ό
1673 2584 1842 2616 ’Δπόστολος

1058 2630 1103 2657 καὶ
1117 2630 1185 2665 αὑτὴ
1200 2631 1217 2665 ἡ
1237 2630 1325 2662 κτίσις
1342 2629 1380 2665 τῷ
1395 2630 1520 2665 ἡμετέρῳ
1538 2629 1616 2664 κακῷ
1641 2629 1843 2663 συνεστέναξεν.

1062 2676 1227 2711 ’Υπομνήσω
1248 2675 1277 2702 δὲ
1288 2675 1341 2702 τῶν
1355 2675 1504 2710 γεγονότων
1519 2675 1601 2710 ὑμᾶς.
1621 2674 1670 2701 καὶ
1683 2674 1763 2710 οἶμαι
1786 2676 1844 2706 τοὺς

1057 2721 1170 2753 πολλοὺς
1182 2723 1237 2753 τοῖς
1246 2721 1401 2756 λεγομένοις
1410 2721 1598 2756 συνθήσεσθαι·
1611 2721 1677 2747 Ὅτε
1692 2721 1788 2756 χρυσῷ
1801 2721 1846 2747 καὶ

1057 2767 1202 2803 πορφυρίδι
1228 2767 1423 2803 κεκαλυμμένη
1451 2767 1496 2794 ἐπὶ
1521 2767 1572 2803 τὴν
1594 2767 1672 2794 πόλιν
1697 2768 1715 2802 ἡ
1744 2767 1844 2803 βασιλὶς
