1912 3082
103 115 159 146 835

628 119 759 148 ORATIO
773 120 944 149 FUNEBRIS
963 121 1006 148 DE
1021 121 1200 150 PLACILLA.

1676 128 1729 158 886

102 174 248 208 ἐκομίζετο
264 175 350 211 (κλίνη
364 175 392 202 δὲ
406 173 439 211 ἦν
452 177 468 212 ἡ
480 176 655 211 κομίζουσαι,
671 178 717 204 καὶ
732 179 805 204 πᾶσα
820 178 893 210 ἀξία,

951 183 1020 206 etum
1038 175 1102 207 'est.
1122 180 1162 207 An
1192 180 1342 215 ignoscetis
1366 182 1442 214 milii,
1472 183 1581 216 fratres,
1619 185 1642 212 si
1673 194 1729 221 quo

102 221 153 246 .ta‘t
169 220 262 255 ἡλικία
280 222 355 248 πᾶσα
376 222 538 258 προχεθεῖσα
558 222 605 249 τοῦ
621 223 726 256 ἄστεος,
745 224 893 250 ἀπεστενο-

102 265 189 301 χώρει
212 267 256 294 διὰ
277 267 324 294 τοῦ
354 268 472 303 πλήθους
493 269 523 295 τὸ
552 269 700 304 ὕπαιθρον·
728 270 835 296 πάντων
862 270 894 296 ὲκ

104 312 206 344 ποδῶν,
224 313 271 339 καὶ
294 313 349 340 τῶν
361 313 547 349 ὑπερεχόντων
570 316 626 346 τοίς
650 314 812 350 ἀξιώμασιν,
826 323 894 350 προ-

104 359 302 393 πομπευόντων
317 359 362 386 τοῦ
377 359 495 392 πάθως’
512 360 652 396 μέμνησθε
669 362 776 392 πάντως
792 362 865 393 ὅπως
880 363 894 388 ὁ

103 403 182 438 ἥλιος
193 404 252 434 ταῖς
265 403 388 438 νεφέλαις
400 404 448 435 τὰς
464 404 574 436 ἀκτῖνας
589 405 685 431 ἑαυτοῦ
701 406 893 441 συνεκάλυψεν,

103 449 147 480 ὡς
162 449 195 476 ἂν
211 449 248 484 μὴ
264 449 313 476 tam
329 450 398 484 τάχα
414 450 526 486 καθαρῷ
541 450 579 485 τῷ
596 452 666 485 φωτὶ
683 452 751 486 μετὰ
773 453 893 480 τοιούτου

104 495 249 530 σχήματος
263 495 467 523 εἰσελαύνουσαν
482 496 531 531 τὴν
554 496 677 531 βασιλίδα
691 499 724 533 τῇ
740 497 826 531 πόλει,
844 499 894 525 οὐκ

103 540 155 566 ἐπὶ
171 540 291 575 ἅρματός
315 549 398 572 τινος,
415 541 430 576 ἢ
450 541 607 576 χρυσοδέτου
630 542 746 578 ἀπήνης,
764 543 835 570 κατὰ
848 543 894 570 τὸν

104 585 243 620 βασίλειον
257 585 368 621 κόσμον,
385 587 442 618 τοῖς
451 586 609 623 δορυφόροις
624 587 822 623 ἀγαλλομένην,
836 589 893 615 ἀλλ’

104 631 138 656 ὲν
163 630 234 666 σορῷ
257 631 475 667 γεκαλυμμένην,
504 632 743 668 ὲπικρυπτομένην
767 634 798 660 τὸ
824 632 893 666 εἶδος

104 677 196 704 ἐκεῖνο
211 676 250 712 τῷ
267 677 420 713 σκυθρωπῷ
443 678 669 714 προκαλύμματι·
697 679 786 714 θέαμα
808 680 894 707 δεινόν

104 732 139 750 τε
158 724 205 750 καὶ
223 723 347 755 ἐλεεινὸν,
374 724 498 760 δακρύων
515 725 625 760 ἀφορμὴ
646 725 812 760 προκειμένη
839 727 894 757 τοῖς

106 769 316 804 ἐντυγχάνουσιν
327 779 332 784 ·
345 770 378 805 ἢν
390 769 462 802 ἄπας
475 770 529 797 τῶν
540 770 761 806 συνειλεγμένων,
770 772 784 797 ὁ
795 769 895 806 ἔπηλυς

104 823 140 840 τε
168 815 214 841 καὶ
240 815 255 840 ὸ
281 814 422 850 ἐγχώριος.
442 815 491 842 οὐκ
509 815 675 850 εὐφημίαις,
697 815 764 842 ἀλλὰ
786 814 895 851 θρήνοις

944 225 1026 251 modo
1039 229 1152 261 propter
1177 226 1281 253 cladem
1297 227 1406 261 ineptus
1424 228 1477 256 sim
1495 233 1523 256 et
1544 230 1664 257 absurda
1690 231 1728 257 lo-

943 271 1032 305 quar?
1045 270 1170 299 Forsitan
1184 292 1191 304 ,
1210 276 1237 298 ut
1261 272 1350 308 inquit
1363 274 1543 309 Apostolus‘,
1568 276 1649 303 etiam
1670 277 1727 312 ipsa

944 321 1070 344 creatura
1087 322 1184 345 nostro
1211 318 1385 346 incommodo
1409 319 1554 355 ingemuit.
1574 323 1662 357 Atque
1681 332 1728 349 eo-
1766 342 1770 343 ν

944 370 1004 389 rum
1026 370 1086 397 qua:
1114 362 1295 396 acciderunt,
1311 363 1389 391 vobis
1413 366 1572 393 memoriam
1590 368 1728 394 renovabo

944 415 974 434 ac
987 408 1132 443 plerosque
1146 408 1243 443 opinor
1260 409 1293 436 iis
1306 429 1313 443 ,
1329 417 1390 444 qua;
1406 410 1533 437 dicantur
1543 431 1551 443 ,
1565 420 1729 440 assensurus

943 461 1015 480 esse.
1029 453 1097 480 Cum
1111 460 1179 480 auro
1197 461 1390 489 purpureaque
1412 459 1487 482 veste
1504 456 1590 482 velata
1608 456 1729 491 impera-

945 498 998 524 trix
1015 499 1042 524 in
1058 498 1152 525 urbem
1169 503 1324 533 portaretur
1347 499 1561 534 (lecticaraulem
1581 505 1657 535 erat,
1677 509 1728 536 qua

945 544 1136 578 portabatur),
1159 547 1241 579 atque
1267 545 1341 571 omni
1367 546 1480 578 ordine,
1499 547 1572 573 omni
1594 551 1674 574 :etatc
1697 555 1729 574 ex

945 588 1012 616 urbe
1031 588 1153 623 profusa,
1173 589 1302 624 quidquid
1322 590 1373 617 soli
1390 591 1445 617 aeri
1464 595 1560 625 aperto
1575 592 1728 626 expositum

945 638 1034 665 esset,
1050 642 1105 668 pra:
1118 635 1292 663 multitudine
1308 636 1389 664 nimis
1414 640 1561 671 angustum
1580 637 1728 668 videretur,

945 684 1028 715 atque
1053 689 1147 709 omnes
1169 682 1251 709 etiam
1272 682 1404 717 dignitate
1428 683 1593 711 excellentes
1617 683 1731 718 pedibus

945 726 1027 755 funus
1047 731 1276 763 prosequerentur
1291 737 1297 755 :
1314 729 1478 756 meministis
1495 737 1626 764 prorsus,
1644 734 1673 756 ut
1690 730 1730 756 sol

945 772 1052 800 nebulis
1075 780 1141 800 suos
1157 773 1248 800 radios
1261 773 1416 808 obtegeret,
1433 782 1465 801 ne
1479 773 1594 801 forsitan
1607 781 1677 808 puro
1690 774 1730 800 lu-

946 817 1018 844 mine
1033 817 1137 845 videret
1149 818 1350 852 imperatricem
1366 826 1427 846 cum
1443 819 1578 853 ejusmodi
1595 819 1686 845 habitu
1704 819 1730 845 in

106 859 249 887 εἰσιοῦσαν
268 861 385 896 ἐδέχετο.
403 861 470 888 Τότε
485 861 532 888 καὶ
554 862 567 888 ὁ
585 862 639 897 ἀὴρ
659 861 792 893 πενθικῶς
814 862 894 888 ἐσκυ-

951 863 1040 890 urbem
1057 863 1190 890 invectam
1201 883 1208 895 ,
1225 871 1278 890 non
1293 864 1320 890 in
1337 871 1420 891 curru
1437 865 1555 899 quodam
1566 884 1572 895 .
1588 869 1635 890 aut
1649 863 1731 890 rlteda

104 906 264 941 θρώπασεν,
280 904 335 933 οἷον
351 907 455 942 ἱμάτιόν
467 916 493 934 τι
512 906 637 934 πενθικὺν
658 907 702 934 τὸν
720 907 800 942 ζόφον
815 915 894 942 περι-

951 916 1015 935 auro
1033 909 1152 936 revincta
1169 916 1218 944 pro
1233 909 1307 944 regio
1322 913 1421 936 ornatu
1443 910 1607 936 satellitibus
1628 908 1733 942 stipan-

105 951 282 986 ϐαλλόμενος.
303 952 382 978 Ἀλλὰ
403 952 451 979 καὶ
471 953 499 979 αἱ
525 952 644 987 νεφέλαι,
671 952 762 984 καθὼς
784 953 894 979 δυνατὸν

951 954 1021 981 tibus
1037 955 1142 985 laetam,
1159 955 1206 982 sed
1223 955 1248 981 in
1270 955 1360 982 loculo
1383 958 1499 987 tectam,
1524 954 1637 980 fortnam
1659 953 1731 979 illam

104 997 205 1028 αὑταῖς
229 995 274 1034 ἦν,
300 998 475 1033 ἐπεδάκρυον,
500 998 606 1030 ἁπαλὰς
626 998 745 1033 ψεκάδας
767 999 826 1025 ἀντὶ
848 999 895 1025 δα-

951 1000 1019 1027 tristi
1035 1001 1187 1027 velamento
1201 1000 1377 1032 occultatam,
1400 1000 1585 1035 spectaculum
1604 998 1731 1026 acerbum

106 1043 202 1078 κρὺων
222 1044 377 1079 ἐπαφιεῖςαι
392 1044 430 1079 τῷ
443 1044 533 1072 πάθει.

951 1046 1050 1081 pariter
1069 1053 1100 1072 ac
1117 1046 1272 1073 miserabile
1282 1066 1289 1077 ,
1307 1054 1367 1081 quae
1381 1046 1510 1073 omnibus
1522 1044 1733 1072 occurrentibus

107 1089 293 1125 lacrymarum
307 1093 435 1118 materies
450 1091 587 1126 proposita
599 1097 673 1119 esset
685 1100 692 1119 :
708 1099 790 1126 quam
803 1092 892 1120 omnis
905 1092 1021 1127 populus
1037 1091 1082 1126 qui
1098 1091 1266 1119 cenlluxerat
1276 1111 1284 1124 ,
1298 1096 1352 1118 tam
1368 1092 1529 1126 peregrinus
1543 1099 1624 1126 quam
1642 1091 1735 1117 ‘lome-

107 1135 209 1167 sticus,
234 1143 287 1162 non
309 1135 408 1164 faustis
433 1137 693 1169 acclamationibus,
731 1137 780 1164 sed
809 1137 1049 1164 lamentationibus
1071 1137 1257 1164 introeuntem
1285 1137 1449 1172 excipiebat.
1476 1136 1554 1163 Tunc
1579 1137 1660 1164 etiam
1688 1128 1741 1164 aeri

106 1183 253 1219 lugubrem
273 1184 300 1211 in
318 1183 425 1211 modum
448 1184 534 1211 tristis
554 1185 613 1217 fuit,
630 1190 759 1220 tanquam
779 1184 861 1220 pallio
879 1185 997 1219 quodatn
1013 1183 1131 1219 lugubri,
1145 1183 1261 1218 caligine
1274 1191 1303 1210 se
1318 1183 1434 1210 induens
1451 1186 1532 1218 atque
1547 1182 1732 1209 circumdatis.

107 1231 182 1264 Quin
195 1231 276 1259 etiam
292 1231 387 1264 nubes,
408 1237 488 1266 prout
512 1232 546 1259 ab
570 1232 637 1267 ipsis
660 1232 717 1259 lieri
738 1237 854 1267 poterat,
870 1232 1121 1268 illacrymabantur,
1138 1231 1233 1258 molles
1248 1239 1280 1258 ac
1303 1235 1398 1258 tenues
1413 1231 1512 1265 pluvia:
1526 1233 1644 1265 guttaset
1659 1237 1734 1257 rores

106 1279 196 1306 luctui
210 1280 390 1314 lacrymarum
405 1280 464 1307 loco
475 1280 712 1315 superfundentes.

145 1321 185 1350 Ἦ
205 1323 290 1349 ταῦτα
307 1323 355 1359 μὲν
371 1323 455 1355 ὅντως
470 1324 551 1360 λῆρός
569 1326 638 1357 ἐστι,
662 1325 708 1351 καὶ
725 1325 785 1351 οὐδὲ
809 1325 896 1359 λέγειν

107 1369 203 1402 ἄξιον;
224 1369 254 1395 Et
269 1369 323 1404 γάρ
338 1378 364 1395 τι
378 1369 424 1396 καὶ
439 1370 548 1404 γέγονεν
566 1371 593 1396 ὲν
610 1372 642 1406 τῇ
659 1371 745 1397 κτίσει
766 1370 896 1401 τοιοῦτον,

107 1413 168 1442 οἷον
190 1415 358 1450 ἐπισημῆναι
378 1416 427 1450 τὴν
453 1416 604 1451 συμφορὰν,
629 1417 659 1442 οὐ
679 1416 754 1452 παρὰ
773 1416 822 1452 τῆς
838 1417 897 1443 κτί-

110 1470 182 1493 σεως
198 1461 292 1495 γέγονε
310 1462 427 1493 πάντως.
446 1462 511 1488 ἀλλὰ
531 1463 607 1497 παρὰ
624 1462 671 1489 τοῦ
696 1463 830 1489 Δεσπότου
848 1462 897 1496 τῆς

109 1507 236 1540 κτίσεως,
252 1507 384 1542 τιμῶντος
408 1508 441 1534 δι’
457 1504 493 1534 ὧν
508 1508 594 1534 ἐποίει
606 1508 655 1543 τῆς
668 1508 744 1539 ὁσίας
760 1508 804 1534 τὸν
820 1508 898 1534 θάνα-

109 1558 168 1577 τον,
188 1550 282 1585 Τίμιος
301 1550 364 1586 γὰρ,
384 1551 475 1585 φησὶν,
493 1551 612 1578 ἐναντίον
629 1552 731 1587 Κυρίου
755 1552 769 1578 ὁ
786 1552 899 1583 θάνατος

108 1596 168 1623 τῶν
182 1596 262 1623 ὁσίων
279 1596 370 1623 αὑτοῦ.
389 1596 464 1624 Εἶδον
479 1597 506 1624 δὲ
533 1597 587 1632 ἐγὼ
611 1598 670 1624 τότε
692 1598 784 1634 ἕτερον
811 1598 898 1633 θέαμα

109 1642 168 1668 τῶν
190 1643 341 1677 εἰρημένων
365 1643 586 1679 παραδοξότερον.
613 1642 687 1670 Εἶδον
714 1644 823 1671 διπλοῦν
847 1645 897 1680 δμ-

111 1688 195 1723 6ρον,
209 1687 254 1714 τὸν
271 1689 320 1723 μὲν
337 1689 369 1715 ὲκ
381 1688 428 1715 τοῦ
442 1688 538 1724 ἀέρος,
555 1689 599 1716 τὸν
618 1689 646 1716 δὲ
661 1691 691 1716 ὲκ
707 1691 760 1717 τῶν
775 1691 899 1726 δακρύων

111 1735 161 1761 ἐπὶ
173 1734 220 1766 τὴν
236 1735 287 1769 γῆν
302 1736 497 1771 καταρρέοντα,
514 1736 560 1762 καὶ
572 1737 621 1763 οὐκ
632 1735 665 1772 ἦν
680 1737 694 1762 ὁ
711 1737 740 1769 ἐξ
754 1737 900 1773 ὀφθαλμῶν

112 1781 194 1813 ὑετὸς
204 1780 251 1807 τοῦ
267 1781 299 1809 ὲκ
313 1780 367 1807 τῶν
391 1781 478 1816 νεφῶν
494 1782 673 1817 ἐνδεέστερος.
696 1783 739 1809 Ἐν
764 1783 818 1819 γὰρ
840 1793 902 1810 τοσ-

111 1826 210 1857 αύταις
221 1826 348 1861 μυριάσιν
360 1825 413 1852 τῶν
430 1826 636 1862 συμπαρόντων,
650 1827 699 1853 οὐκ
713 1825 747 1863 ἦν
765 1827 901 1864 ὀφθαλμὸς

111 1874 127 1900 ὁ
145 1873 183 1908 μὴ
202 1872 376 1908 καταϐρέχων
398 1872 447 1908 τὴν
469 1873 520 1908 γῆν
544 1874 603 1905 ταῖς
616 1873 670 1900 τῶν
689 1873 812 1909 δακρύων
839 1883 894 1901 στα.-

112 1917 201 1952 γόσιν.
238 1917 306 1943 Ἀλλ’
329 1917 359 1943 οὺ
383 1917 473 1948 καλῶς
499 1918 567 1952 τάχα
593 1918 643 1952 τῆς
670 1918 718 1945 τοῦ
742 1919 901 1946 διδασκάλου

111 1963 228 1997 γνώμης
243 1963 455 1998 ὲστοχασάμεθα,
471 1963 550 1990 πλέον
564 1965 579 1999 ἢ
593 1964 646 1989 ἔδει
656 1965 712 1995 τοῖς
731 1965 902 2000 σκυθρωποῖς

112 2009 327 2044 ἐμϐαθύναντες.
348 2010 428 2041 "law;
442 2009 495 2045 γὰρ
513 2009 635 2044 βούλεται
649 2010 815 2045 θεραπεῦσαι
834 2011 902 2046 μᾶλ-

112 2055 162 2081 λον
182 2054 197 2090 ἢ
214 2055 322 2081 ἀνιᾶσαι
341 2055 389 2090 τὴν
412 2055 512 2089 ἀκοήν·
531 2056 612 2091 ἡμεῖς
626 2056 654 2081 δὲ
668 2056 698 2082 τὺ
720 2056 839 2083 ἐναντίον
856 2056 902 2083 νῦν

113 2101 315 2135 πεποιήκαμεν.
343 2101 447 2136 Ὥσπερ
469 2101 502 2128 ἂν
526 2101 553 2127 εἴ
569 2110 610 2133 τις
628 2101 718 2138 ἰατρὸς
733 2104 903 2138 τραυματίαν

111 2144 216 2174 λαϐὼν,
235 2144 272 2180 μὴ
290 2145 370 2180 μόνον
385 2145 499 2180 ἀμελοίη
526 2146 575 2181 τῆς
597 2145 754 2181 θεραπείας,
771 2147 838 2173 ἀλλὰ
857 2147 904 2174 καὶ

113 2190 261 2226 βρωτικοῖς
274 2199 328 2217 τισι
345 2191 501 2227 φαρμάκοις
518 2192 723 2227 προσεπιτρίϐοι
739 2192 784 2219 τὸν
807 2193 904 2220 ὀδυνώ-

115 2245 207 2272 μενον.
235 2237 337 2263 Οὐκοῦν
361 2237 541 2272 ὲπαντλητέον
566 2238 610 2264 τὸν
633 2237 746 2274 ἐλαιώδη
771 2238 847 2273 λόγον
869 2240 902 2274 τῇ

111 2282 250 2318 διοιδούσῃ
258 2282 360 2318 πληγῇ.
372 2281 447 2309 Οἶδεν
462 2283 515 2318 γὰρ
527 2284 574 2310 καὶ
587 2285 603 2319 ἡ
616 2284 780 2320 εὐαγγελικὴ
798 2285 901 2320 ἰατρεία

112 2331 147 2364 τῇ
163 2328 258 2363 στύφει
272 2328 318 2355 τοῦ
330 2328 399 2355 οἴνου
408 2328 604 2363 καταμιγνύειν
618 2329 648 2355 τὸ
659 2328 757 2356 ἔλαιον.
784 2329 902 2356 Ἐπικλί-

112 2383 205 2409 νωμεν
218 2372 264 2400 οὖν
279 2375 352 2409 ὑμῖν,
368 2374 443 2410 παρὰ
459 2374 508 2409 τῆς
525 2374 635 2410 Γραφῆς
658 2372 784 2406 λαϐόντες
799 2375 842 2401 τὸν
857 2375 903 2402 τοῦ

114 2419 206 2445 ἐλαίου
234 2420 393 2455 καμψάκην.
408 2421 446 2452 ὼς
473 2420 529 2447 ἔστι
550 2421 671 2453 δυνατὸν,
697 2421 726 2446 τὺ
745 2421 904 2455 σκυθρωπὸν

113 2466 170 2491 τῶν
198 2466 351 2501 εἰρημένων
379 2467 419 2498 εἰς
454 2467 628 2502 παραμυθίαν
660 2467 903 2502 παλινῳδῆσαντες.

122 2511 205 2538 Ἀλλά
219 2520 265 2546 μοι
281 2511 375 2546 μηδεὶς
391 2511 538 2537 ἀπιστείτω
561 2511 600 2546 τῷ
624 2511 771 2546 λεγομένω,
787 2511 837 2538 κᾶν
855 2520 905 2537 πα-

116 2556 227 2591 ράδοξον
289 2557 392 2590 Ἔστιν,
410 2557 528 2590 ἀδελφοὶ,
550 2558 580 2583 τὸ
595 2558 706 2590 ἀγαθὸν,
724 2557 738 2583 ὃ
760 2557 903 2592 ζητοῦμεν,

115 2604 186 2634 ἔστι,
204 2604 249 2629 καὶ
262 2603 311 2629 οὑκ
327 2603 472 2630 ἀπόλωλεν.
491 2603 597 2629 Μᾶλλον
614 2603 642 2629 δὲ
658 2603 817 2638 μικρότερον
829 2602 904 2630 εἷπον

116 2651 165 2683 τῆς
189 2649 327 2683 ἀληθείας.
346 2650 383 2675 Οὐ
409 2650 487 2684 μόνον
504 2649 559 2684 γὰρ
575 2649 632 2675 ἔστι
656 2649 687 2675 τὸ
702 2649 813 2682 ἀγαθὸν,
839 2649 905 2676 ἀλλὰ

116 2696 164 2721 καὶ
178 2695 207 2720 ὲν
221 2693 421 2729 ὑψηλοτέροιςῆ
439 2694 579 2730 πρότερον.
590 2695 644 2730 Τὴν
660 2694 781 2730 βασιλίδα
797 2694 886 2730 ζητεῖς
898 2723 903 2728 _

123 2739 172 2766 Ἑν
181 2741 234 2770 τοῖς
246 2738 391 2774 βασιλείοις
401 2739 449 2774 τὴν
460 2739 596 2775 διαγωγὴν
608 2739 674 2775 ἔχει.
693 2739 759 2766 Ἀλλ’
775 2740 905 2776 ὀφθαλμῴ

189 2829 272 2859 ηοω.
297 2837 356 2862 vut,
377 2829 421 2856 ‘22.
459 2830 467 2844 ⁷
494 2829 564 2856 Psal.
580 2837 643 2860 ειν,
658 2830 699 2857 la.

985 1325 1026 1351 An
1054 1324 1111 1352 haec
1138 1324 1248 1359 quidem
1278 1323 1458 1351 deliramenta
1481 1331 1512 1350 ac
1535 1331 1614 1357 nugte
1641 1331 1734 1350 revera

950 1375 1031 1402 sunt,
1059 1378 1091 1397 ac
1121 1377 1155 1396 ne
1178 1369 1258 1404 digna
1276 1369 1387 1404 quidem
1400 1389 1407 1401 ,
1425 1376 1486 1403 qua:
1504 1368 1651 1395 dicantur?
1668 1367 1734 1394 Nam

949 1414 1057 1441 etiatnsi
1078 1414 1214 1448 ejusmodi
1239 1413 1304 1448 quid
1325 1412 1428 1439 accidit
1448 1412 1474 1438 in
1497 1415 1640 1444 creaturaI
1662 1412 1734 1446 quod

950 1461 1055 1488 cladem
1078 1460 1212 1487 indicaret
1227 1464 1255 1487 et
1278 1459 1414 1493 insignem
1432 1458 1562 1489 ediceret,
1587 1465 1700 1492 prorsus
1720 1465 1735 1483 ιι

950 1512 1075 1533 creatura
1099 1506 1200 1532 factum
1217 1508 1341 1537 nonest;
1361 1504 1408 1531 sed
1429 1511 1443 1530 a
1458 1507 1592 1530 creatura:
1608 1502 1735 1535 Domino,

951 1559 998 1587 per
1016 1559 1047 1578 ea
1072 1559 1132 1586 qua:
1153 1551 1287 1583 faciebat,
1306 1554 1410 1578 sancta:
1431 1553 1548 1577 mortem
1571 1550 1734 1576 honorante.

951 1598 1089 1625 llonorata
1101 1597 1172 1625 enim
1185 1601 1237 1628 est,
1251 1597 1340 1631 inquit
1354 1596 1408 1629 ille,
1421 1603 1514 1623 coram
1533 1595 1650 1623 Domino
1663 1603 1736 1622 mors

950 1648 1108 1672 sanctorum
1124 1643 1183 1678 ejus
1202 1643 1223 1669 ’.
1247 1642 1309 1670 Vidi
1323 1646 1413 1670 autent
1435 1649 1486 1677 ego
1505 1646 1571 1668 tunc
1583 1641 1656 1668 aliud
1674 1648 1737 1676 spe—

950 1689 1086 1716 ctaculum
1105 1689 1185 1715 modo
1198 1688 1280 1716 dictis
1297 1688 1385 1723 magis
1400 1687 1571 1722 inopinatum
1589 1685 1738 1713 admirabi-

950 1734 1059 1768 liusque
1079 1742 1085 1760 :
1108 1734 1163 1761 vidi
1184 1733 1322 1769 duplicem
1351 1734 1464 1760 imbrem
1479 1753 1486 1764 ,
1516 1740 1599 1759 unum
1625 1731 1736 1767 quidem

951 1788 984 1808 ex
1001 1787 1074 1812 aere,
1093 1780 1210 1807 alterum
1228 1787 1292 1807 vero
1307 1787 1341 1807 ex
1366 1779 1454 1807 oculis
1471 1779 1682 1814 lacrytnantiutn
1703 1777 1736 1803 ad

952 1831 1054 1853 terram
1071 1826 1246 1859 deﬂuentem,
1268 1833 1300 1853 ac
1315 1833 1369 1852 non
1384 1829 1445 1852 erat
1461 1825 1552 1851 minor
1566 1824 1657 1859 pluvia
1673 1831 1738 1850 ocn-

952 1871 1061 1904 lorum,
1088 1879 1170 1907 quam
1193 1871 1216 1899 is
1234 1871 1280 1906 qui
1302 1879 1316 1898 e
1332 1871 1453 1898 nubibus
1470 1869 1631 1905 proﬂuebat.
1651 1868 1679 1896 In
1701 1873 1739 1895 tot

953 1920 1074 1947 millibus
1087 1920 1160 1947 enim
1177 1919 1224 1954 qui
1244 1919 1329 1953 .simul
1344 1918 1468 1950 aderant,
1487 1917 1580 1944 nullus
1598 1919 1658 1943 erat
1673 1923 1738 1942 ocu-

953 1965 997 1993 lus
1019 1965 1066 2000 qui
1084 1969 1185 1992 terram
1210 1965 1394 1999 laerymarum
1415 1962 1500 1998 guttis
1521 1969 1575 1989 non
1599 1961 1736 1997 irrigaret.

953 2011 1054 2039 Verum
1074 2011 1148 2038 haud
1166 2014 1241 2038 recta
1258 2009 1376 2037 fortasse
1393 2008 1556 2043 conjectura
1571 2007 1604 2034 ad
1620 2010 1737 2034 mentem

955 2057 1130 2093 praeceptoris
1143 2056 1343 2092 assequendam
1357 2055 1401 2082 usi
1418 2063 1524 2085 sumus.
1541 2057 1568 2081 et
1585 2054 1621 2080 ita
1641 2060 1655 2079 a
1675 2060 1739 2080 sen-

955 2104 1039 2131 tentia
1052 2104 1112 2138 ejus
1131 2102 1332 2133 aberravimus,
1355 2101 1457 2136 quippe
1480 2101 1564 2127 rebus
1581 2099 1689 2126 acerbis
1707 2106 1739 2125 ac

954 2148 1080 2176 tristibus
1101 2148 1205 2175 diutius
1225 2154 1306 2182 quam
1322 2150 1430 2181 oportet
1446 2145 1595 2172 immorati.
1611 2143 1739 2171 Forsitan

954 2195 1027 2222 enim
1046 2202 1143 2222 curare
1162 2194 1262 2229 potius,
1282 2200 1362 2228 quam
1382 2191 1508 2219 molestia
1527 2198 1608 2218 aures
1627 2190 1738 2217 allicere

921 2251 940 2276 ι)
957 2242 1026 2272 vult.
1043 2249 1093 2268 nos
1113 2248 1177 2267 vero
1193 2239 1363 2266 contrarium
1379 2245 1451 2265 nunc
1467 2237 1593 2264 fecimus.
1609 2236 1696 2263 Veluti
1716 2236 1740 2263 si

955 2287 1017 2322 quis
1037 2285 1159 2313 medicus
1179 2287 1320 2319 acceptum
1337 2284 1460 2311 saucium
1481 2290 1534 2309 non
1550 2281 1629 2308 modo
1643 2287 1741 2308 curare

955 2331 1086 2366 negligat,
1107 2337 1201 2357 verum
1222 2329 1303 2356 etiam
1327 2327 1508 2355 exedentibus
1534 2325 1698 2360 quibusdam
1714 2329 1742 2350 et

956 2376 1136 2405 consumendi
1151 2375 1207 2403 vim
1225 2374 1392 2401 habentibus
1410 2372 1616 2400 tttcdicatnentis
1630 2371 1741 2404 insuper

957 2424 1088 2451 miserum
1103 2422 1245 2450 doloribus
1257 2421 1359 2455 afﬂigat
1376 2424 1457 2454 atque
1471 2419 1608 2445 eonticiat.
1621 2415 1738 2444 Proinde

959 2467 1153 2496 intumescenti
1177 2467 1283 2494 vulneri
1309 2464 1473 2492 ell‘undenda
1494 2468 1536 2491 est
1560 2462 1664 2494 oratio,
1682 2468 1742 2495 qua:

959 2513 1140 2544 sictttoleutn,
1150 2511 1267 2539 leniendi
1279 2509 1476 2545 mitigandique
1486 2508 1535 2534 vim
1546 2507 1656 2534 habeat.
1667 2505 1743 2532 Solet

959 2559 1030 2585 enim
1059 2558 1142 2585 etiam
1167 2556 1324 2591 evangelica
1351 2554 1485 2582 medicina
1515 2553 1570 2579 vini
1597 2550 1743 2578 astrictiva:

959 2608 1062 2631 natura:
1073 2604 1161 2630 oleum
1175 2602 1336 2629 admiscere.
1351 2600 1549 2627 Convertamus
1561 2597 1643 2632 igitur
1655 2595 1741 2627 vobis,

959 2650 1062 2678 oleario
1075 2657 1090 2676 a
1108 2656 1186 2677 saera
1207 2648 1351 2682 Scriptura
1368 2653 1432 2672 vase
1445 2649 1564 2678 sumpto,
1577 2641 1666 2677 quoad
1683 2641 1743 2675 ejus

960 2695 1018 2723 ﬁeri
1034 2699 1134 2730 potest,
1148 2694 1286 2729 prioribus
1301 2691 1438 2720 contraria
1452 2690 1479 2716 in
1495 2689 1614 2715 medium
1629 2686 1744 2713 aﬂ'erutxu

960 2745 1011 2773 tes,
1029 2741 1205 2768 acerbitatem
1223 2745 1304 2775 atque
1315 2736 1472 2766 tnmstitiam
1485 2742 1579 2763 eortnn
1594 2740 1653 2767 qua:
1669 2732 1742 2759 dicta
