1912 3082
235 116 284 144 891

854 111 882 140 S.
896 109 1058 139 GREGORH
1078 108 1221 137 NYSSENI

1824 107 1875 134 δεδι

235 172 337 209 aliquid
351 179 434 206 regno
443 170 619 207 praestantius
629 173 656 198 ct
667 169 847 198 excellentius
854 174 907 198 est.
921 169 1011 197 Verun

1072 167 1224 203 τεταγμένα
1239 168 1296 199 τοῖς
1307 166 1528 202 κατορθώμασιν.
1554 166 1635 193 Πόσοι
1647 166 1680 192 δι’
1699 165 1816 200 ἐκείνην
1827 165 1874 198 τὴν

236 226 290 245 non
305 217 349 244 hic
363 217 490 244 consistit
505 217 579 243 illius
596 216 666 243 laus.
679 215 746 242 Nam
761 215 844 242 etiam
862 215 932 242 ultra
945 223 1022 243 man-

235 264 299 290 data
317 268 390 290 recte
410 262 490 289 factis
511 261 702 296 progreditur.
725 265 793 296 quot
815 266 927 296 propter
948 261 1021 288 illam

235 309 448 336 resurrectionis
473 308 588 343 gratiam
615 307 643 334 in
673 314 735 334 sese
761 306 954 342 agnoverunt?
973 306 1021 341 qui

235 353 342 389 legibus
368 353 467 380 mortui
481 373 489 387 ,
518 357 546 379 et
571 352 668 387 capitis
689 351 811 378 damnati
825 371 832 382 .
855 359 953 379 rursus
973 359 1022 386 per

234 405 294 424 eam
316 398 350 425 ad
376 398 460 425 vitam
486 396 606 424 revocati
635 395 718 423 sunt?
745 396 773 422 lu
799 395 887 422 oculis
912 399 955 422 est
979 395 1020 422 di-

233 447 340 470 ctorum
357 443 555 470 testimonium.
572 441 670 469 Vidisti
685 441 762 476 juxta
775 441 870 472 altare.
884 441 931 475 qui
947 440 1020 467 salu-

234 493 289 516 tem
302 489 506 524 desperarent,
523 488 771 515 adolescentulum.
787 486 888 514 Vidisti
907 487 1020 514 mulier-

233 535 323 562 culam
345 535 381 562 ob
401 534 604 561 damnationem
631 533 723 560 fratris
743 533 946 560 lamentantem.
962 532 1018 558 Au-

233 580 327 607 divisti
341 587 374 607 ex
393 586 435 612 eo,
454 579 500 614 qui
523 579 593 607 bona
609 579 739 607 Ecclesia
756 577 932 613 prazdicabat,
946 581 975 604 ut
991 578 1018 604 in

232 626 392 654 memoriam
417 625 517 661 reginae
544 625 631 653 tristis
655 624 794 652 sententia
819 623 960 652 mortifera
990 623 1017 650 in

231 672 314 698 vitam
326 670 448 698 resoluta
466 670 514 698 sit.
530 670 570 698 An
587 670 670 698 etiam
685 669 742 697 hac
756 669 835 697 sola?
848 669 938 696 Animi
951 675 1017 696 vero

230 716 426 743 demissionem
449 715 495 743 ubi
525 715 743 743 collocabimus?
763 714 850 747 Quam
873 713 1016 749 Scriptura

231 762 341 797 pra-fert
350 763 423 790 omni
439 762 572 797 praeclaro
583 766 666 797 atque
679 769 742 789 cum
757 762 858 788 virtute
867 761 1016 796 conjuncto

231 807 368 834 facinori?
394 807 460 840 Quae
487 815 549 834 cmn
574 810 681 834 tantum
703 806 849 841 imperium
874 814 927 833 una
951 814 1014 834 cum

1072 213 1122 248 τῆς
1137 213 1311 244 ἀναστάσεως
1321 213 1402 248 χάριν
1415 213 1456 247 ἐφ’
1476 211 1581 239 ἑαυτῶν
1594 211 1761 247 ἐγνώρισαν,
1775 211 1804 237 οῖ
1818 213 1874 242 τοῖς

1072 260 1165 295 νόμοις
1180 258 1371 291 ἀποθανόντες,
1385 259 1432 285 καὶ
1445 259 1495 294 τὴν
1508 259 1555 285 ἐπὶ
1564 258 1674 293 θανάτῳ
1686 258 1781 292 ψῆφον
1796 256 1875 289 δεξα-

1073 314 1158 341 μενοι,
1174 305 1255 332 πάλιν
1273 305 1306 332 δι’
1324 305 1409 340 αὐτῆς
1435 305 1475 336 εἰς
1491 304 1540 340 τὴν
1560 304 1633 340 ζωὴν
1651 303 1869 338 ἀνεκλήθησανῐ

1077 352 1121 378 Ἑν
1128 351 1288 387 ὀφθαλμοῖς,
1298 350 1352 377 τῶν
1360 350 1514 386 εἰρημένων
1521 351 1538 385 ἡ
1549 350 1696 387 μαρτυρία.
1706 348 1787 381 Εἶδες
1797 350 1873 384 παρὰ

1070 398 1101 425 τὺ
1116 398 1310 433 θυσιαστήριον
1326 397 1479 431 ἀπογνόντα
1490 396 1539 432 τὴν
1555 397 1692 432 σωτηρίαν
1710 395 1870 431 μειράκιον.

1071 441 1146 476 Εῐδες
1165 444 1275 478 γύναιον
1301 443 1349 470 ἐπὶ
1372 443 1534 476 κατακρίσει
1554 442 1668 477 ἀδελφοῦ
1691 441 1869 476 ὀδυρόμενον,

1069 489 1117 516 τοῦ
1132 489 1166 516 τὰ
1188 489 1280 524 ἀγαθὰ
1303 490 1337 524 τῇ
1357 488 1508 524 Ἐκκλησία
1531 488 1727 524 κηρύσσοντος,
1746 487 1825 518 ὅπως
1837 488 1869 521 τῇ

1071 536 1165 571 μνήμῃ
1177 536 1225 570 τῆς
1238 535 1373 570 βασιλίδος
1389 535 1405 570 ἡ
1424 533 1573 569 σκυθρωπὴ
1586 533 1632 560 τοῦ
1646 533 1767 560 θανάτου
1780 532 1869 566 ψῆφος

1069 582 1108 612 εἰς
1133 581 1205 616 ζωὴν
1229 580 1386 608 ἀναλύεται.
1402 578 1475 615 ’Λρα
1492 580 1539 606 καὶ
1556 579 1636 614 μόνον
1649 578 1758 611 ταῦτας
1775 578 1828 612 τὴν
1842 577 1869 604 δὲ

1067 627 1320 664 ταπεινοφροσύνην
1341 626 1393 654 ποῦ
1408 626 1546 662 θήσομεν,
1570 626 1603 661 ἣν
1631 625 1869 660 προτιμοτέρανῆ

1068 674 1164 710 Γραφὴ
1179 675 1296 701 ποιεῖται
1311 673 1411 705 παντὸς
1423 673 1470 700 τοῦ
1493 673 1553 700 κατ’
1566 672 1668 708 ἀρετὴν
1684 670 1869 706 κατορθώμα-

1066 728 1127 753 τος;
1155 719 1235 751 Ἥτις
1257 717 1452 754 συνηνιοχοῦσα
1478 717 1517 753 τῷ
1547 717 1658 752 μεγάλῳ
1680 716 1794 751 βασιλεῖ
1822 716 1869 750 τὴν

1066 765 1200 800 τοσαύτην
1221 765 1319 800 ἀρχὴν.
1340 765 1431 800 πάσης
1458 763 1617 794 δυναστείας
1640 760 1868 795 ὑποκυπτούσης,

1066 810 1194 837 τοιούτων
1209 810 1295 837 ἐθνῶν
1312 808 1527 840 ὑποτελούντων,
1544 808 1597 843 γῆς
1615 816 1645 834 τε
1665 807 1715 834 καὶ
1731 806 1868 840 θαλάττης

229 860 329 888 magno
342 853 507 888 imperatore
520 853 709 881 moderaretur
719 873 727 886 ,
742 853 817 881 omni
833 857 974 889 potentatu
987 862 1011 881 se

1067 857 1098 882 ὲκ
1112 856 1167 882 τῶν
1180 855 1289 882 οἰκείων
1316 854 1449 890 ἑκατέρας
1478 840 1694 888 δορυῷρούσης,
1713 852 1767 878 οὐκ
1786 851 1866 877 ἔδωκε

229 900 427 934 submittente,
449 904 489 927 tot
513 900 642 936 gentibus
663 900 782 928 subditis
801 906 829 928 et
852 900 1016 934 tributariis.

228 953 291 972 cum
305 950 377 973 terra
391 946 493 980 pariter
505 953 537 973 ac
552 953 627 973 mare
648 946 707 974 suis
730 950 847 982 utraquc
864 946 952 981 copiis
968 946 1017 973 sti-

228 995 325 1025 parcnt
339 998 398 1018 eam
413 995 496 1026 atque
511 991 636 1019 foverent
652 999 659 1017 ε
675 992 813 1027 superbiae
823 992 969 1020 adversum
987 999 1017 1020 se

228 1035 332 1062 aditum
348 1044 402 1062 non
412 1036 499 1069 dedit,
513 1044 621 1072 semper
634 1036 669 1064 ad
681 1039 811 1072 seipsam.
824 1045 877 1064 non
894 1037 927 1064 ad
944 1037 1015 1064 bona

1066 900 1127 927 καθ’
1144 900 1243 934 ἑαυτῆς
1261 899 1300 934 τῷ
1324 898 1401 934 τύφῳ
1419 898 1463 925 ἀεὶ
1486 897 1554 932 πρὸς
1572 896 1684 931 ἑαυτὴν,
1706 895 1760 922 οὐκ
1779 895 1821 925 εἰς
1836 895 1865 919 τα

1065 945 1117 977 ἔξω
1134 945 1233 980 ἑαυτῆς
1249 943 1450 971 ἀποϐλέπουσα’
1470 943 1514 970 διὰ
1528 942 1608 969 τοῦτο
1623 941 1671 968 τοῦ
1686 939 1866 976 μακαρισμοῦ

1064 991 1169 1025 γίνεται
1183 990 1360 1026 κληρονόμος,
1375 989 1419 1016 διὰ
1434 989 1484 1024 τῆς
1497 988 1668 1024 προσκαίρου
1681 994 1864 1021 ταπεινοφρο-

1065 1038 1147 1072 σύνης
1158 1037 1188 1063 τδ
1206 1036 1333 1072 ἀληθινὸν
1348 1036 1413 1071 ’ύψος
1426 1035 1668 1071 ὲμττορευσαμένη.

227 1090 277 1110 sua
295 1088 407 1111 externa
425 1085 587 1120 respiciens,
602 1089 745 1120 propterea
767 1085 944 1113 beatitudinis
967 1086 1052 1113 haeres
1075 1085 1194 1118 exsistit,
1219 1092 1269 1120 pro
1293 1083 1458 1119 temporaria
1483 1083 1566 1110 animi
1591 1081 1764 1109 demissione
1785 1084 1862 1115 atque

226 1129 384 1158 humilitate
403 1139 468 1158 vera
490 1131 652 1160 celsitudine
667 1133 793 1168 quaesita.

263 1176 355 1204 Dicam
367 1178 448 1205 etiam
458 1178 567 1214 aliquod
582 1180 718 1207 maritalis
728 1179 832 1207 amoris
843 1179 974 1208 indicium
987 1185 1014 1208 et

225 1227 427 1258 argumentum.
449 1223 598 1259 Oportebat
619 1226 743 1257 omnino,
766 1225 857 1252 soluto
878 1226 1013 1260 corporali

224 1269 363 1304 conjugio,
383 1269 464 1296 etiam
486 1270 604 1305 pretiosa
631 1271 701 1298 bona
726 1272 827 1306 quibus
846 1271 1013 1305 abundabat,

223 1314 318 1342 venire
333 1315 360 1342 in
371 1315 543 1343 divisionem.
558 1316 701 1349 Quomodo
714 1317 797 1352 igitur
810 1317 874 1345 fecit
887 1317 1014 1345 distribu-

223 1360 348 1387 tionem?
362 1359 430 1388 Cum
445 1365 502 1390 tres
515 1367 607 1390 essent
622 1362 700 1390 liberi
714 1363 783 1397 (haec
795 1364 867 1390 cnim
881 1363 1014 1391 bonorum

222 1405 313 1440 capita
331 1407 406 1439 sunt)
429 1407 475 1442 qui
495 1408 583 1436 virilis
601 1416 685 1436 sexus
701 1413 803 1441 essent,
823 1410 895 1445 apud
909 1416 1013 1445 patrem

222 1451 344 1487 reliquit,
365 1454 410 1487 qui
435 1461 519 1489 regno
537 1455 598 1489 ejus
617 1455 745 1490 praesidio
759 1461 853 1484 essent
868 1466 874 1484 :
888 1457 922 1485 ad
934 1465 1012 1485 suam

222 1504 288 1524 vero
314 1503 420 1533 partem
446 1499 532 1526 solam
558 1500 639 1527 filiam
665 1502 803 1536 pertinere
832 1502 1010 1530 existimavit.

222 1541 306 1570 Vides
323 1548 427 1578 quanto
440 1545 560 1573 candore
575 1551 656 1581 atque
670 1547 799 1581 mquitate
809 1547 893 1574 animi
907 1549 1011 1583 paritcr

221 1595 254 1614 ac
269 1588 435 1625 indulgentia
451 1592 486 1618 sit
503 1599 564 1625 usa,
580 1599 642 1627 quae
657 1592 683 1619 in
707 1593 790 1621 rebus
805 1593 934 1628 pretiosis
952 1602 1009 1620 ma-

219 1634 306 1670 jorem
332 1639 437 1670 partem
467 1637 525 1663 viro
550 1637 744 1665 concesserit?
765 1637 900 1666 Caeterum
937 1639 1009 1674 quod

221 1680 339 1708 maxime
355 1689 369 1708 a
386 1681 468 1708 nobis
484 1682 538 1709 dici
556 1686 677 1717 oportet,
708 1683 752 1710 ubi
780 1683 920 1719 adjecero,
949 1693 1006 1712 scr-

220 1727 294 1753 moni
310 1727 392 1754 finem
415 1728 565 1762 imponam.
583 1727 800 1756 Simulacrorum
817 1729 912 1756 odium
937 1737 1010 1756 com-

220 1778 303 1799 mune
329 1776 371 1799 est
395 1773 516 1799 omnium
547 1773 593 1807 qui
613 1773 673 1800 fidei
691 1774 838 1808 participes
857 1777 942 1801 sunt:
960 1774 1007 1801 sed

219 1817 280 1850 ejus
293 1817 461 1852 pracipuum
472 1837 479 1849 ,
495 1818 567 1853 quod
583 1818 713 1845 Arianam
728 1819 915 1847 infidelitatem
930 1819 1007 1846 sitni-

219 1865 282 1892 liter
308 1869 390 1900 atque
414 1856 624 1893 simulacrorum
654 1867 758 1894 cultum
787 1866 1006 1894 abominabatur.

218 1910 286 1937 Nam
306 1919 376 1943 eos,
397 1913 442 1947 qui
468 1912 494 1938 in
521 1916 646 1940 creatura
672 1921 774 1940 numen
797 1913 921 1940 divinum
946 1921 1008 1940 esse

217 1957 419 1990 existimarent,
435 1958 522 1985 nihilo
539 1959 645 1986 minora
665 1959 756 1986 colere
772 1964 855 1995 atque
881 1961 1007 1987 venerari

217 2004 342 2038 putabat,
356 2012 438 2039 quam
454 2005 501 2039 qui
515 2013 547 2032 cx
565 2005 679 2032 materia
695 2005 845 2033 simulacra
863 2006 985 2034 elliciunt
999 2016 1005 2034 :

217 2058 249 2077 ac
264 2054 337 2078 recte
350 2055 377 2078 et
390 2052 434 2086 pie
459 2051 496 2078 ita
510 2051 662 2086 judicabat.
689 2051 756 2079 Nam
777 2053 824 2087 qui
851 2057 1006 2080 creaturam

216 2096 323 2128 adorat.
341 2096 449 2124 etiamsi
469 2097 495 2124 in
509 2097 619 2124 nomine
631 2097 732 2125 Christi
746 2098 772 2125 id
795 2098 870 2130 facit,
893 2099 1007 2126 simula-

215 2149 327 2168 crorum
343 2142 432 2169 cultor
452 2147 504 2175 est,
521 2143 623 2170 Christi
640 2151 739 2171 nomen
754 2143 904 2172 simulacro
919 2144 1006 2179 impo—

215 2194 295 2214 nens.
313 2186 429 2219 Idcirco,
452 2196 514 2216 cum
536 2189 681 2216 didicisset
708 2189 782 2224 quod
798 2197 854 2216 non
870 2190 906 2216 sit
932 2189 1004 2217 Deus

1100 1177 1176 1204 Εἴπω
1199 1186 1226 1204 τι
1255 1178 1302 1204 καὶ
1329 1177 1380 1211 τῆς
1403 1175 1561 1212 φιλανδρίας
1590 1177 1755 1211 τεκμήριον⁸
1792 1175 1862 1201 Ἔδει

1066 1225 1184 1256 πάντως,
1209 1223 1389 1258 διαλυομένης
1411 1223 1461 1258 τῆς
1475 1222 1635 1258 σωματικῆς
1650 1221 1797 1256 συζυγίας,
1820 1222 1862 1248 καὶ

1064 1269 1100 1296 τὰ
1119 1269 1199 1305 τίμια
1219 1269 1273 1296 τῶν
1294 1269 1450 1305 προσόντων
1474 1268 1561 1303 αὐτῆς
1582 1267 1692 1302 ἀγαθῶν
1714 1267 1806 1294 ἐλθεῖν
1825 1269 1861 1298 εἰς

1064 1315 1206 1351 διαίρεσιν.
1226 1314 1287 1346 [ιῶς
1301 1312 1347 1341 οὖν
1370 1315 1517 1349 ἐποιήσατο
1535 1313 1585 1348 τὴν
1603 1313 1755 1348 διανομήν;
1775 1313 1862 1347 Τριῶν

1065 1361 1151 1387 ὄντων
1174 1360 1279 1387 τέκνων
1307 1359 1403 1395 (ταῦτα
1427 1359 1482 1396 γὰρ
1509 1359 1564 1386 τῶν
1583 1359 1695 1393 ἀγαθῶν
1719 1359 1861 1393 ταχεῖά-

1065 1406 1151 1441 λαια),
1171 1407 1235 1438 τοὺς
1252 1406 1369 1442 ἄρρενας
1384 1406 1422 1441 τῷ
1438 1407 1521 1442 πατρὶ
1536 1406 1767 1442 προσκατέλιπεν,
1791 1405 1860 1432 ὥστε

1064 1451 1133 1479 εἰναι
1155 1452 1238 1479 αὐτοῦ
1261 1453 1310 1487 τῆς
1333 1451 1472 1487 βασιλείας
1488 1451 1650 1487 ἐρείσματα·
1671 1451 1720 1486 τῆς
1741 1450 1772 1478 δὲ
1795 1451 1860 1481 ίδὲας

1065 1498 1173 1534 μερίδος
1200 1498 1284 1534 μόνην
1305 1497 1354 1533 τὴν
1378 1497 1514 1534 θυγατέρα
1537 1496 1753 1531 ἀπο-πεποίηται.
1781 1497 1860 1531 Ὁρᾷς

1063 1545 1122 1576 πῶς
1141 1544 1290 1580 εὐγνώμων
1313 1553 1343 1571 τε
1359 1544 1407 1570 καὶ
1427 1543 1614 1579 φιλόστοργος,
1632 1544 1662 1570 ὲν
1683 1544 1738 1574 τοῖς
1760 1543 1860 1577 τιμίοις

1061 1591 1091 1618 τὸ
1110 1591 1191 1617 πλέον
1210 1591 1249 1626 τῷ
1271 1591 1349 1626 ἀνδρὶ
1373 1591 1594 1626 συγχωρήσασα;
1622 1589 1692 1616 Ἀλλ’
1709 1589 1724 1616 δ
1741 1589 1859 1624 μάλιστα

1061 1637 1127 1672 παρ’
1143 1637 1222 1672 ὴμῶν
1237 1636 1363 1671 λέγεσθαι
1376 1637 1439 1672 χρὴ,
1451 1635 1531 1662 τοῦτο
1548 1635 1677 1671 προσθεὶς
1688 1635 1859 1662 καταπαύσω

1060 1683 1105 1710 τὸν
1119 1683 1196 1718 λόγον
1209 1692 1214 1697 ”
1227 1683 1263 1710 Τὸ
1282 1683 1335 1710 τῶν
1353 1683 1469 1709 εἰδώλων
1489 1683 1566 1718 μῖσος
1576 1681 1665 1709 κοινὸν
1677 1682 1790 1708 πάντων
1802 1682 1858 1707 ἐστὶ

1059 1730 1113 1756 τῶν
1136 1730 1303 1766 μετεχόντων
1325 1730 1373 1764 τῆς
1396 1730 1530 1760 πίστεως·
1551 1729 1608 1755 ἀλλ’
1628 1729 1740 1763 ἐκείνης
1754 1728 1858 1764 ἐξαίρε-

1059 1783 1114 1806 τον,
1139 1775 1170 1801 τὸ
1195 1775 1245 1810 τὴν
1275 1774 1416 1810 ’Λρειανὴν
1440 1774 1568 1801 ἀπιστίαν
1590 1774 1693 1808 ὁμοίως
1719 1775 1756 1809 τῇ
1782 1774 1845 1800 εἰδω

1059 1821 1203 1857 λολατρείᾳ
1232 1820 1434 1856 βδελύττεσθαι.
1465 1820 1535 1851 Τοὺς
1553 1819 1606 1854 γὰρ
1627 1819 1656 1845 ὲν
1672 1820 1706 1854 τῇ
1722 1819 1813 1845 κτίσει
1829 1819 1858 1845 τὸ

1058 1869 1135 1895 Θεῖον
1161 1865 1230 1894 εἶναι
1250 1867 1422 1902 νομίζοντας,
1444 1866 1521 1892 οὐδὲν
1534 1865 1664 1892 ἐλάττονα
1684 1865 1776 1891 σέϐειν
1790 1865 1857 1901 ᾤετο

1058 1914 1113 1940 τῶν
1138 1914 1381 1940 εἰδωλοποιούντων
1397 1913 1447 1944 τὰς
1470 1912 1547 1944 ὔλας,
1562 1911 1652 1943 καλῶς
1666 1912 1712 1938 καὶ
1735 1912 1856 1944 εύσεὸὦς

1057 1960 1137 1988 τοῦτο
1148 1961 1286 1996 κρίνουσα.
1295 1960 1324 1987 '0
1343 1960 1396 1995 γὰρ
1411 1959 1442 1986 τὸ
1456 1959 1557 1994 κτίσμα
1568 1958 1741 1994 προσκυνῶν,
1751 1958 1805 1984 κᾶν
1814 1959 1854 1985 ἐπ’

1057 2007 1169 2041 ὀνόματι
1184 2006 1232 2033 τοῦ
1245 2006 1364 2042 Χριστοῦ
1379 2005 1458 2032 τοῦτο
1469 2005 1557 2036 ποιεῖ,
1573 2003 1773 2039 εἰδωλολάτρης
1787 2004 1852 2035 ἐστὶ,

1058 2052 1176 2088 Χριστοῦ
1182 2053 1266 2087 ὄνομα
1273 2051 1310 2087 τῷ
1321 2051 1421 2087 εἰδώλῳ
1434 2051 1463 2077 θὲ
1468 2059 1557 2086 μενος.
1570 2051 1618 2077 Δια
1627 2049 1706 2077 τοῦτο
1719 2050 1807 2085 μαθοῦ
1813 2059 1852 2081 σα,

1056 2099 1097 2125 δτι
1106 2099 1155 2125 οὒκ
1162 2099 1219 2125 ἔστι
1227 2099 1294 2130 Θεὸς
1302 2099 1470 2134 πρόσφατος,
1481 2097 1545 2132 μίαν
1554 2097 1718 2131 προσεκύνει
1727 2096 1850 2130 θεότητα,

1055 2145 1105 2180 τὴν
1120 2145 1148 2170 ὲν
1163 2145 1250 2180 Πατρὶ
1268 2145 1315 2171 καί
1326 2144 1383 2179 Υίῷ
1402 2144 1450 2170 καὶ
1464 2142 1604 2178 Πνεύματι
1619 2143 1690 2176 ἁγίῳ
1709 2141 1852 2177 δοξαζομέ-

1056 2198 1114 2226 νην.
1129 2189 1221 2225 Ταύτῃ
1242 2189 1378 2224 ἐνηυξήθη
1405 2190 1438 2224 τῇ
1467 2188 1568 2220 πίστει,
1587 2187 1674 2222 ταύτῃ
1699 2187 1848 2222 ένήκμασε.

215 2240 312 2260 recens
328 2237 354 2259 et
375 2241 475 2266 novus,
490 2242 572 2261 unam
593 2235 722 2262 deitatem
740 2235 883 2267 adorabat,
899 2243 961 2270 qua:
977 2237 1004 2263 in

1064 2236 1142 2271 ταύτῃ
1154 2236 1184 2262 τὸ
1199 2236 1307 2271 πνεῦμα
1321 2235 1529 2271 παρακατέθετο
1544 2243 1549 2248 ·
1568 2234 1621 2261 ὑπὸ
1635 2233 1741 2268 ταύτης
1767 2241 1848 2268 προσ-

214 2277 307 2310 Patre,
323 2284 350 2306 et
375 2279 455 2312 Filio,
470 2284 497 2307 et
523 2280 627 2315 Spiritu
644 2286 742 2309 sancto
766 2281 947 2316 gloriﬁcatur.
975 2281 1004 2309 ln

214 2325 266 2352 hac
279 2325 332 2353 ﬁde
347 2327 445 2358 crevit,
464 2327 491 2353 in
510 2327 563 2354 hac
579 2327 673 2361 viguit.
693 2328 764 2362 apud
787 2329 859 2356 hanc
875 2329 1003 2363 spiritum

213 2371 342 2406 deposuit
357 2381 364 2399 ε
379 2371 412 2398 ab
426 2372 476 2398 hac
487 2372 578 2399 oblata
591 2378 633 2400 est
645 2373 717 2400 sinui
734 2373 823 2402 Patris
835 2373 897 2402 fidei
915 2374 1003 2401 Abra-

213 2417 286 2444 hami
298 2417 376 2451 juxta
395 2417 496 2444 fontem
512 2418 630 2452 paradisi
646 2427 651 2444 :
674 2418 754 2452 cujus
767 2419 865 2445 hunmr
884 2422 910 2445 ct
926 2423 1002 2454 gutta

212 2463 246 2489 ad
274 2463 399 2491 inﬁdeles
424 2470 478 2490 non
502 2467 620 2491 manat:
649 2465 701 2492 sub
725 2466 821 2492 umbra
849 2465 915 2500 ligni
940 2466 1000 2493 vitae

211 2507 284 2542 quod
298 2507 448 2541 plantatum
464 2507 595 2542 estjuxta
613 2507 747 2536 decursus
766 2516 912 2542 aquarum,
936 2510 998 2544 qui-

211 2553 264 2580 bus
275 2552 358 2579 rebus
373 2552 454 2580 etiam
470 2560 519 2580 nos
530 2552 606 2589 digni
620 2553 780 2585 habeantur,
798 2561 845 2588 per
858 2553 998 2582 Christum

210 2598 302 2628 Iesum
314 2600 458 2628 Dominum
470 2605 594 2627 nostrum
610 2609 616 2627 :
630 2601 672 2628 cui
686 2601 772 2636 gloria
785 2601 811 2626 iu
824 2601 934 2628 smcula.
948 2601 1045 2630 Amen.

1054 2282 1123 2317 ἠχθη
1143 2282 1183 2317 τῷ
1208 2282 1300 2318 κόλπῳ
1321 2281 1368 2308 τοῦ
1382 2281 1483 2317 πατρὸς
1505 2281 1554 2315 τῆς
1581 2280 1702 2310 πίστεως
1727 2279 1850 2313 Ἀϐρααμ

1054 2327 1130 2363 παρὰ
1141 2327 1190 2362 τὴν
1199 2327 1244 2353 τοῦ
1258 2327 1420 2363 παραδείσου
1431 2327 1522 2362 πηγὴν
1538 2322 1589 2361 (ἦς
1604 2325 1620 2360 ἡ
1635 2324 1714 2360 ῥανὶς
1731 2325 1778 2350 ἐπὶ
1791 2325 1849 2354 τοὺς

1053 2372 1184 2403 ἀπίστους
1196 2372 1245 2398 ούκ
1260 2372 1397 2407 ἔρχεται),
1414 2371 1466 2397 om
1486 2371 1535 2406 τὴν
1552 2371 1632 2397 σκιὰν
1644 2369 1691 2395 τοῦ
1709 2369 1791 2401 ξύλου
1804 2369 1848 2403 τῆς

1053 2418 1125 2453 ζωῆς
1138 2417 1185 2444 τοῦ
1203 2418 1404 2452 πεφυτευμένου
1420 2417 1493 2451 παρὰ
1505 2416 1552 2448 τὰς
1565 2415 1700 2448 διεξόδους
1717 2416 1773 2442 τῶν
1788 2416 1847 2442 ὑδα-

1053 2473 1116 2496 των,
1133 2461 1170 2491 ὧν
1187 2465 1232 2491 καὶ
1262 2465 1342 2500 ἡμεῖς
1367 2463 1548 2498 ἀξιωθείημεν
1574 2463 1603 2489 έν
1627 2462 1742 2497 Χριστῷ
1767 2461 1846 2496 Ἰησοῦ

1052 2510 1092 2545 τῷ
1126 2510 1219 2546 Κυρίῳ
1249 2510 1350 2546 ἡμῶν·
1389 2506 1412 2543 ᾧ
1440 2510 1456 2544 ὴ
1481 2508 1544 2542 δόξα
1575 2508 1615 2539 είς
1647 2509 1714 2540 τοὺς
1740 2508 1845 2538 αἰῶνας.

1059 2558 1086 2582 ’Δ
1092 2557 1156 2592 μὴν.
