1912 3082
85 117 143 145 893

575 122 620 150 DE
637 123 716 152 VITA
739 126 768 154 ὃ.
785 126 953 155 αιυιοοιιιι
973 129 1241 160 THAUMATURGI.

1673 139 1726 169 επ

85 195 1720 229 επεὶῒ--ἣ-ῊἫῊ-ἒ

702 263 718 286 "
741 284 858 327 ΤΟΥ
898 285 1087 329 ΑΥΤΟΥ

184 374 306 433 ΕΙΣ
324 374 484 434 TON
504 377 691 436 BION
724 381 870 438 ΤΟΥ

925 382 1143 440 ᾹΓΙΟΥ
1189 384 1625 446 ΓΡΗΓΟΡΙΟΥ

676 487 697 513 Τ
709 488 761 514 ΟΥ
790 488 1145 520 ΘΔΥΜΔΤΟΥΡΓΟΥ.

780 653 1055 700 EJUSDEM

406 757 495 815 DE
549 759 725 818 VlTA
792 762 870 817 BE

925 763 1008 819 .TI
1061 763 1402 823 GBEGORII

689 871 950 901 MIRACULORUM
961 873 1118 902 OPlFlClS.

776 951 869 976 Eodem
890 951 1039 983 interprete.

121 1103 153 1130 Ὀ
174 1105 223 1139 μὲν
236 1103 337 1137 σκοπὸς
351 1102 391 1136 εἶς
407 1105 465 1131 ἐστι
479 1104 526 1131 τοῦ
542 1113 572 1131 τε
587 1104 722 1140 ἡμετέρου
730 1105 821 1140 λόγου,
833 1107 870 1132 κα

967 1106 1000 1133 Ει
1017 1105 1107 1133 oratio
1125 1105 1235 1140 quidem
1251 1109 1363 1138 nostra,
1384 1109 1412 1134 et
1433 1113 1555 1141 praesens
1571 1110 1724 1134 conventus

77 1149 128 1176 τοῦ
135 1150 269 1185 παρόντος
277 1150 355 1186 ἡμῶν
367 1150 509 1184 συλλόγου.
519 1150 666 1186 Γρηγόριος
679 1150 714 1185 γά
718 1159 734 1186 ρ
742 1151 756 1177 ό
770 1152 876 1184 Μέγας,

78 1196 146 1231 ὑμῖν
161 1205 192 1223 τε
205 1196 254 1232 τῆς
271 1197 390 1229 συνόδου,
413 1197 496 1233 κὰμοὶ
521 1198 571 1232 τῆς
591 1197 733 1230 διαλέξεως
751 1198 878 1230 ὑπόθεσις

77 1242 237 1278 πρόκειται.
259 1243 329 1277 Ἐγὼ
349 1244 377 1270 δὲ
403 1244 453 1278 τῆς
475 1243 559 1278 αὐτῆς
590 1241 667 1278 οἶμαι
681 1244 780 1280 χρῆναι
796 1244 877 1270 δυνά-

78 1297 167 1324 μεως,
194 1289 267 1325 ἔργῳ
296 1298 327 1315 τε
356 1289 528 1325 κατορθῶσαι
549 1289 598 1325 τὴν
613 1290 724 1325 ἀρετὴν,
745 1290 792 1316 καὶ
805 1290 877 1325 λόγῳ

78 1335 143 1362 κατ’
156 1335 236 1367 ἀξίαν
249 1335 282 1362 τὰ
303 1335 371 1362 καλὰ
394 1335 586 1371 διηγήσασθαι.
601 1336 682 1362 Ὥστε
697 1335 799 1371 ταύτην
814 1336 875 1362 ἐπι-

79 1380 197 1416 κλητέον
210 1380 244 1407 ἂν
257 1380 299 1416 εἴη
313 1379 363 1416 τὴν
384 1380 553 1416 συμμαχίαν,
568 1380 601 1406 δι¹
615 1377 649 1415 ἦς
667 1380 696 1406 ὲν
711 1379 750 1415 τῷ
765 1379 815 1415 βίῳ
826 1380 876 1415 τὴν

77 1426 182 1462 ἀρετὴν
193 1427 294 1458 ἐκεῖνος
309 1426 500 1462 κατώρθωσεν.
519 1426 598 1452 Ἔστι
611 1426 640 1452 δὲ
658 1425 739 1461 αὕτη,
755 1425 826 1452 κατά
843 1433 875 1459 γε

76 1473 125 1499 τὸν
157 1473 223 1508 ἐμὸν
244 1472 332 1506 λόγον,
348 1471 422 1507 ήτοῦ
445 1471 601 1506 Πνεύματος
614 1471 703 1508 χάρις,
714 1472 731 1507 ἡ
745 1471 793 1498 καὶ
808 1471 875 1506 πρὸς

75 1518 125 1545 τὸν
140 1517 197 1553 βίον
209 1518 256 1545 καὶ
272 1518 339 1554 πρὸς
353 1518 398 1544 τὸν
414 1518 492 1552 λόγον
511 1519 574 1550 τοὺς
587 1518 652 1554 περὶ
667 1517 796 1553 ἑκάτερον
813 1517 875 1544 τού-

62 1572 134 1590 >των
161 1563 363 1595 ἐσπουδακότας
376 1563 409 1590 δι’
425 1564 525 1599 ἑαυτῆς
540 1563 711 1599 ὲνισχύουοα.
735 1564 812 1590 Ἐπεὶ
827 1561 874 1590 οὗν

76 1611 93 1636 ό
108 1609 234 1645 λαμπρὸς
247 1611 349 1640 ἐκεῖνος
364 1610 410 1637 καὶ
437 1610 620 1646 περίὸλεπτος
634 1609 691 1645 βίος
703 1611 736 1646 τῇ
760 1610 873 1645 δυνάμει

77 1655 249 1690 κατωρθὼοη
263 1655 311 1682 τοῦ
324 1656 497 1691 Πνεύματος·
511 1656 594 1691 εὐχῆς
606 1655 686 1691 ἔργον
699 1656 767 1688 ἐστὶ,
777 1656 874 1683 τοσαύ-

76 1709 130 1735 την
143 1699 231 1727 ὲλθείν
248 1700 295 1727 ἐπὶ
309 1701 354 1727 τὸν
370 1701 448 1735 λόγον
470 1701 609 1736 βοήθειαν,
620 1702 669 1737 ὅση
687 1702 783 1737 γέγονε
797 1702 873 1738 παρὰ

75 1746 125 1774 τὸν
142 1746 197 1782 βίον
216 1747 323 1781 ἐκείνῳ,
338 1747 375 1778 ὠς
394 1747 431 1783 μὴ
445 1748 559 1774 κατόπιν
572 1748 714 1784 εὑρεθῆναι
726 1748 777 1784 τῆς
794 1749 872 1782 ἀξίας

931 1152 964 1179 ad
983 1160 1066 1179 unam
1090 1152 1271 1187 eamdemque
1290 1159 1348 1180 rem
1371 1157 1487 1187 specta..
1513 1152 1628 1188 Magnus
1649 1153 1723 1180 enim

931 1198 976 1225 ille
991 1197 1140 1232 Gregorius
1153 1205 1216 1225 cum
1240 1198 1318 1226 vobis
1341 1199 1523 1226 conveniendi
1548 1205 1633 1226 causa
1657 1198 1721 1229 fuit.

930 1247 988 1271 tum
1000 1243 1066 1271 mihi
1082 1243 1286 1272 sermocinandi
1300 1245 1415 1272 materia
1430 1249 1514 1280 atque
1528 1249 1722 1279 argumentum

929 1289 1102 1325 propositum
1119 1294 1172 1317 est.
1201 1289 1259 1325 Ego
1283 1298 1348 1318 vero
1372 1289 1469 1318 eadem
1494 1290 1624 1318 facultate
1652 1298 1722 1327 opus

928 1343 991 1363 esse
1005 1339 1071 1370 puto
1083 1355 1090 1367 ,
1110 1335 1132 1362 si
1151 1339 1178 1362 ct
1194 1336 1325 1363 virtutem
1350 1337 1465 1372 exsequi
1481 1337 1572 1369 factis,
1597 1343 1624 1365 et
1650 1346 1721 1372 pra!-

928 1381 1012 1410 claris
1029 1381 1200 1409 facinoribus
1215 1381 1289 1409 dicta
1311 1379 1458 1417 exaequare
1472 1383 1550 1411 velis.
1567 1383 1662 1418 Itaque
1680 1385 1722 1411 iu-

928 1427 1082 1455 vocaudum
1102 1428 1185 1455 fuerit
1198 1428 1344 1459 auxilium.
1364 1437 1419 1464 quo
1437 1429 1482 1456 ille
1508 1429 1534 1456 in
1561 1430 1617 1457 vita
1632 1431 1722 1457 virtu-

929 1476 982 1500 tem
995 1475 1145 1500 exsecutus
1163 1476 1217 1500 est.
1234 1471 1283 1499 Est
1304 1476 1396 1499 autem
1427 1472 1504 1505 illud,
1531 1480 1592 1500 mea
1609 1473 1720 1507 quidem

927 1518 1068 1552 opinione,
1084 1518 1174 1553 gratia
1190 1517 1314 1553 (sancti)
1334 1517 1478 1553 Spiritus:
1499 1525 1562 1552 qua:
1582 1517 1616 1545 ad
1635 1519 1719 1547 vitam

927 1566 955 1590 et
970 1562 1004 1590 ad
1019 1563 1174 1590 orationem
1194 1563 1292 1590 harum
1311 1571 1403 1591 rerum
1421 1564 1568 1599 utriusque
1584 1564 1720 1591 studiosis

927 1617 976 1644 per
991 1617 1051 1638 sese
1065 1610 1139 1637 vires
1157 1609 1361 1637 subministrat.
1385 1609 1521 1643 Quoniam
1542 1610 1628 1645 igitur
1651 1617 1721 1645 prae-

926 1656 1001 1683 clara
1017 1656 1075 1688 illa,
1093 1655 1254 1691 spectabilis
1272 1659 1300 1683 et
1319 1656 1436 1684 illustris
1450 1657 1506 1683 vita
1522 1657 1625 1684 virtute
1639 1659 1721 1691 atque

926 1702 1051 1738 potentia
1076 1701 1198 1737 Spiritus
1214 1706 1313 1729 exacta
1332 1701 1512 1737 perfectaque
1529 1706 1572 1730 est
1589 1712 1596 1729 :
1612 1702 1719 1737 precari

926 1753 953 1776 et
966 1752 1064 1783 optare
1074 1753 1193 1783 oportet.
1209 1752 1239 1775 ut
1253 1752 1356 1783 quanta
1367 1756 1419 1783 ope
1432 1748 1478 1775 ille
1494 1756 1541 1784 per
1555 1749 1638 1776 vitam
1653 1757 1720 1777 usus

76 1792 135 1818 τῶν
151 1792 370 1828 κατορθωμάτων
383 1793 429 1820 τὸν
450 1793 570 1825 ἔπαινον,
593 1793 661 1821 ἀλλά
681 1794 801 1821 τοιοῦτον
816 1796 870 1821 ἔπιε

926 1799 978 1827 est,
995 1799 1103 1821 tantum
1117 1794 1214 1821 auxilii
1233 1794 1348 1822 accedat
1360 1794 1490 1828 orationi,
1507 1802 1564 1829 quo
1589 1794 1719 1829 amplitu-

75 1838 216 1874 δειχθῆναι
239 1839 295 1870 τοῖς
318 1839 436 1875 παροῦσι
458 1838 502 1865 διὰ
525 1839 575 1875 τῆς
592 1840 703 1875 μνήμης
720 1839 765 1866 τὸν
779 1840 874 1876 ἄνδρα,

76 1883 137 1916 οἷος
151 1882 186 1920 ἦν
212 1885 268 1916 τοῖς
298 1885 358 1911 κατ’
376 1886 479 1912 ἐκεῖνον
495 1885 540 1912 τὸν
558 1886 653 1920 χρόνον
669 1885 751 1917 αὐτὸς
772 1887 876 1918 ἐκεῖνος

76 1931 126 1957 ἐπὶ
141 1930 195 1957 τῶν
212 1931 299 1966 ἔργων
315 1930 464 1966 ὁρώμενος,
486 1932 518 1959 Εἰ
542 1932 591 1966 μὲν
607 1929 654 1958 οὖν
673 1932 790 1967 ἀκερδὴς
807 1930 841 1967 ἧν
856 1933 873 1968 ἡ

79 1977 177 2012 μνήμη
198 1976 250 2002 τῶν
279 1977 339 2003 κατ’
364 1977 464 2013 ἀρετὴν
480 1977 661 2013 προεχόντων,
682 1978 730 2005 καὶ
753 1978 875 2013 μηδεμία

77 2022 149 2058 πρὸς
177 2022 208 2048 τὸ
229 2022 311 2049 καλὸν
334 2023 442 2057 ἐγένετο
463 2023 629 2059 συνεισφορὰ
644 2025 699 2055 τοῖς
715 2024 873 2056 ἀκούουσιν,

77 2069 207 2104 περιττὸν
218 2069 281 2101 ἴσως
291 2068 324 2096 ἂν
338 2067 372 2104 ἦν
382 2069 429 2096 καὶ
437 2069 565 2104 ἀνόνητον
582 2069 628 2095 ἐπὶ
640 2069 735 2105 μηδενὶ
747 2069 874 2105 χρησίμῳ

78 2116 228 2151 προσάγειν
243 2116 283 2148 εἰς
291 2115 430 2151 εὐφημίαν
445 2116 491 2142 τὸν
505 2115 594 2149 λόγον.
604 2115 686 2142 αὐτόν
697 2124 727 2142 τε
740 2115 874 2148 διεξιόντα

80 2161 182 2197 μάτην,
204 2161 252 2188 καὶ
277 2161 327 2197 τὴν
352 2162 437 2198 ἀκοὴν
461 2161 553 2197 ἀργῶς
578 2161 778 2189 ἀποκναίοντα·
797 2163 871 2188 ἐπει-

77 2209 111 2244 δὴ
128 2208 157 2235 δὲ
178 2209 195 2244 ὴ
218 2208 331 2244 τοιαύτη
352 2208 400 2235 τοῦ
422 2208 503 2243 λόγου
524 2209 616 2244 χάρις,
634 2209 659 2235 εί
681 2208 873 2244 προσηκόντως

77 2255 195 2290 γένοιτο,
212 2255 300 2282 κοινὸν
313 2255 388 2282 ἔσται
399 2255 453 2282 τῶν
466 2255 619 2282 ἀκουόντων
631 2254 662 2281 τὸ
676 2254 872 2290 κέρδος.καθά-

27 2334 34 2339 _
79 2311 133 2338 περ
149 2303 163 2329 ό
183 2302 288 2337 πυρσὸς
309 2303 365 2333 τοῖς
387 2302 420 2328 ὲκ
446 2301 585 2337 θαλάσσης
605 2301 805 2337 προσπλέουσιν
829 2302 873 2336 ἐφ’

78 2347 175 2374 ἑαυτὸν
204 2347 322 2374 εὐθύνων
336 2348 400 2379 τοὺς
411 2348 440 2374 ὲν
452 2347 490 2383 τῷ
502 2347 576 2382 ζόφῳ
594 2347 787 2382 πλανωμένους
802 2347 873 2374 κατά

77 2392 108 2419 τὸ
120 2393 256 2427 πέλαγος·
274 2392 334 2428 ἴσης
350 2391 426 2428 οἶμαι
441 2393 497 2420 δεῖν
516 2393 584 2427 πρὸς
597 2392 676 2419 τοῦτο
692 2393 740 2428 τῆς
755 2393 872 2428 σπουδῆς

77 2439 231 2473 ἑκατέροις,
250 2439 314 2473 ὑμῖν
326 2447 356 2465 τε
370 2438 438 2473 πρὸς
453 2439 503 2474 τὴν
517 2440 660 2474 ἀκρόασιν,
677 2439 723 2465 καὶ
743 2439 811 2474 πρὸς
825 2439 871 2466 τον
884 2456 906 2486 c

76 2485 157 2519 λόγον
187 2485 260 2520 ἐμοί,
277 2485 361 2520 Δῆλον
388 2485 453 2521 γὰρ,
477 2486 518 2512 ὅτι
542 2484 646 2521 πυρσοῦ
663 2485 741 2521 δίκην
757 2485 802 2512 διὰ
821 2486 870 2520 τῆς

75 2533 190 2567 μνήμης
214 2531 358 2567 ἐκλάμψας
375 2533 435 2562 ταῖς
450 2531 550 2566 ψυχαῖς
564 2531 643 2567 ἡμῶν
658 2533 672 2558 ὀ
687 2532 746 2558 κατ’
769 2531 870 2567 ἀρετὴν

73 2578 161 2606 αὐτοῦ
180 2578 248 2613 βίος,
263 2578 322 2610 ὁδὸς
340 2578 408 2613 πρὸς
431 2578 462 2604 τὸ
474 2577 576 2612 ἀγαθὸν
594 2578 633 2613 τῷ
646 2587 675 2605 τε
686 2578 810 2611 διεξιόντι
823 2577 869 2604 καὶ

71 2627 132 2657 τοῖς
158 2625 288 2652 ἀκούουσι
313 2625 428 2659 γίνεται.
451 2625 618 2661 Πεφύκαμεν
632 2626 686 2661 γάρ
708 2634 766 2656 πως
783 2625 807 2650 οἱ
823 2625 870 2651 ἄν·

72 2672 182 2706 Θρωποι
197 2671 265 2707 πρὸς
277 2670 350 2697 ἅπαν
364 2671 396 2697 τὸ
404 2671 545 2698 ἐπαινετόν
561 2679 591 2698 τε
605 2671 652 2698 καὶ
663 2671 753 2706 τίμιον
761 2670 869 2701 οἰκείως

72 2717 179 2743 ἐθέλειν
194 2716 277 2751 ἔχειν,
292 2716 339 2744 καὶ
353 2717 382 2743 ὲν
397 2717 528 2752 ἐπιθυμίᾳ
545 2719 594 2752 τῆς
603 2717 725 2752 κτήσεως
735 2715 868 2750 γίνεσθαι.

79 2763 114 2789 Ἦ
133 2762 185 2798 μὲν
196 2760 244 2789 οὖν
269 2762 397 2793 ὑπόθεσις
413 2761 468 2788 τῶν
487 2762 573 2796 λόγων
590 2761 709 2796 τοσαύτη
722 2770 728 2776 -
754 2761 817 2795 ἐμοὶ
842 2761 870 2787 δὲ

74 2807 247 2843 πανταχόθεν
261 2808 402 2835 ἀκίνδυνόν
418 2808 475 2834 ἐστι
488 2807 694 2843 κατατολμῶντι
708 2808 756 2842 τῆς
776 2807 869 2833 ὑποθέ-

926 1840 991 1868 diue
1007 1845 1080 1868 recte
1095 1839 1242 1872 factorum,
1258 1848 1314 1867 non
1329 1839 1445 1868 inferior
1467 1841 1529 1867 laus
1545 1848 1607 1868 esse
1628 1839 1721 1868 videa-

927 1891 991 1914 tur:
1010 1886 1060 1914 sed
1074 1886 1138 1914 talis
1150 1886 1332 1921 prmsentibus
1348 1885 1610 1913 commemoratione
1627 1893 1719 1913 rerum

926 1933 961 1961 ab
975 1940 1008 1960 co
1019 1936 1159 1968 gestarum
1180 1932 1223 1959 vir
1244 1940 1306 1960 esse
1324 1932 1540 1963 demenstretur.
1558 1932 1649 1967 qualis
1673 1932 1720 1959 ille

927 1979 986 2014 ipse
1003 1979 1085 2007 factis
1101 1979 1160 2007 suis
1176 1979 1210 2006 ab
1227 1979 1302 2007 illius
1315 1979 1405 2006 aetatis
1424 1979 1582 2006 hominibus
1606 1979 1719 2014 conspi-

925 2024 1060 2052 ciebatur.
1078 2025 1223 2052 Enimvero
1241 2025 1265 2052 si
1285 2025 1390 2052 mentio
1414 2032 1521 2055 eorum,
1547 2024 1594 2059 qui
1616 2025 1719 2052 virtute

924 2070 1137 2102 excelluerunt,
1166 2077 1229 2097 cum
1254 2070 1329 2097 nullo
1352 2070 1431 2097 lucro
1458 2070 1606 2105 conjuncta
1634 2074 1717 2102 esset,

924 2116 1085 2151 nullumque
1100 2115 1278 2144 audientibus
1293 2115 1358 2143 inde
1381 2116 1416 2143 ad
1441 2116 1545 2142 bonum
1572 2116 1719 2144 aﬂ‘erretur

924 2161 1125 2196 adjumentum.
1149 2169 1353 2197 supervacuum
1386 2161 1525 2193 forsitan,
1556 2168 1589 2189 ac
1611 2162 1717 2189 nullum

923 2215 1013 2243 operae
1033 2207 1152 2242 pretium
1170 2211 1260 2239 esset.
1279 2207 1355 2234 trulla
1379 2207 1523 2242 proposita
1540 2207 1672 2240 utilitate,
1692 2213 1719 2236 et

923 2253 1048 2282 eamdem
1064 2261 1121 2281 rem
1137 2252 1240 2281 frustra
1252 2253 1505 2285 commemorando,
1519 2257 1547 2281 et
1570 2260 1654 2281 aures
1671 2262 1719 2281 ne-

923 2300 1074 2336 quidquam
1094 2300 1272 2328 obtuudendo
1300 2300 1432 2327 laudandi
1457 2307 1541 2328 causa
1562 2301 1716 2327 Orationem

925 2347 952 2374 in
968 2346 1087 2374 medium
1105 2346 1222 2379 efferre;
1239 2346 1287 2373 sed
1308 2345 1438 2381 quoniam
1454 2345 1590 2380 ejusmodi
1615 2353 1716 2372 munus

923 2392 1068 2424 orationis,
1081 2391 1104 2419 si
1121 2396 1196 2419 recte
1208 2395 1235 2418 et
1245 2391 1388 2419 commode
1405 2390 1581 2422 adhibeatur,
1595 2398 1715 2418 commu-

923 2445 958 2465 ne
971 2437 1141 2465 audientium
1167 2437 1384 2464 emolumentum
1401 2436 1465 2468 erit,
1482 2439 1613 2470 tanquam
1630 2435 1674 2463 fax
1699 2443 1715 2462 c

924 2483 992 2510 mari
1015 2483 1247 2518 adnavigantibus
1260 2483 1293 2510 ad
1309 2491 1369 2510 sese
1386 2483 1508 2519 dirigens
1531 2489 1590 2513 eos,
1612 2482 1658 2517 qui
1688 2482 1715 2508 iu

923 2529 1042 2564 caligine
1056 2536 1104 2563 per
1117 2529 1230 2564 pelagus
1244 2528 1388 2556 oberrant:
1408 2528 1465 2563 pari
1481 2527 1574 2556 studio
1590 2526 1715 2560 utrisque

923 2580 951 2603 et
973 2574 1051 2602 vobis
1074 2574 1307 2606 auscaltantibus,
1324 2577 1351 2601 et
1367 2573 1434 2600 mihi
1460 2572 1563 2600 dicenti
1582 2570 1616 2598 ad
1643 2571 1714 2597 hanc

923 2629 980 2648 rem
990 2628 1062 2656 opus
1082 2628 1144 2648 csse
1163 2624 1239 2655 puto.
1266 2619 1443 2653 Perspicuum
1468 2621 1511 2644 est
1529 2617 1613 2646 enim.
1639 2615 1713 2650 quod

923 2668 977 2694 vita
994 2667 1055 2701 ejus
1073 2674 1121 2701 per
1134 2666 1261 2693 virtutem
1276 2669 1416 2691 transacta
1431 2662 1514 2690 veluti
1530 2661 1573 2689 fax
1588 2665 1711 2696 qua'dam

923 2713 1022 2739 animis
1048 2713 1151 2739 nostris
1178 2719 1226 2746 per
1250 2708 1541 2738 commemorationem
1567 2707 1711 2741 effulgens,

924 2759 994 2786 viam
1012 2758 1045 2785 ad
1062 2758 1164 2785 bonum
1176 2763 1229 2784 tatu
1246 2754 1485 2785 commemoranti,
1503 2761 1583 2788 quam
1598 2752 1713 2779 audien-

924 2805 998 2833 tibus
1024 2805 1165 2840 patefacit.
1186 2803 1288 2830 Natura
1310 2801 1382 2830 enim
1404 2801 1430 2828 id
1456 2801 1535 2828 nobis
1554 2798 1712 2826 hominibus

76 2863 149 2887 σεως
161 2875 168 2888 ,
184 2854 237 2881 εἴτε
254 2853 456 2889 συνεπαροῆναι
466 2854 504 2889 τῷ
515 2854 625 2889 μεγέθει
638 2853 691 2880 τῶν
707 2853 870 2888 πραγμάτων

929 2850 1132 2887 quodammodo
1159 2850 1272 2877 insitum
1288 2851 1348 2880 cst,
1366 2851 1394 2874 ut
1420 2846 1553 2882 quidquid
1571 2844 1710 2873 laudabile
