1912 3082
89 113 138 142 897

582 112 625 140 DE
641 114 721 141 VlTA
740 114 769 142 S.
789 114 954 143 GREGORII
978 116 1240 146 THAIJMA'I‘URGI.

1665 123 1720 150 838

91 173 161 200 σθαι,
184 170 324 206 Κοσμικὺς
351 170 402 206 μὲν
415 169 469 206 γάρ
485 179 526 203 τις
548 171 618 207 ἀνὴρ
633 172 702 206 πρὸς
720 173 768 208 τὴν
784 173 877 209 ύλικὴν

932 175 1039 202 ratione
1054 175 1251 210 comprehendi
1275 176 1399 211 possint:
1421 177 1486 212 quid
1506 178 1541 206 de
1560 179 1594 206 iis
1623 180 1719 208 existi-

91 217 260 253 εὐδαιμονίαν
277 216 449 248 ἀποὸλέπων,
464 216 496 243 ἐκ
502 216 556 243 τῶν
566 217 694 244 τοιούτων
709 219 765 249 τοῖς
778 217 879 253 ἀνθρώ-

90 273 149 296 ποις
165 262 314 299 ἐρανιζέτω
341 262 387 289 τὸν
409 262 528 295 ἔπαινον,
553 263 577 289 el
594 263 693 299 πατρίς
704 272 756 290 τινι
769 263 879 298 γέγονεν

90 310 200 346 εὔφορος
218 308 408 344 βοσκημάτων,
419 309 442 335 εἰ
455 309 597 342 γειτνιῶσα
610 309 732 338 θάλασσα
738 309 878 342 πλεονάζει

89 357 120 383 δι’
135 356 233 391 ἑαυτῆς
244 356 300 386 τοῖς
316 354 497 390 λαιμαργοῦσι
511 355 559 386 τὰς
575 354 651 386 ὕλας,
665 355 689 381 εί
701 355 782 382 λίθων
796 355 879 382 ἐπάλ-

89 403 161 438 ληλοι
170 402 257 434 θέσεις
267 401 316 433 τὰς
322 401 494 432 κατασκευὰς
504 401 728 433 καλλωπίζουσιν.
737 401 765 427 ’0
772 400 800 427 δὲ
811 401 878 436 πρδς

88 449 132 476 τὸν
140 448 195 475 ἄνω
212 447 270 482 βίον
287 447 404 482 βλέπων,
427 443 448 480 ᾧ
470 446 567 478 κάλλος
584 446 632 481 μέν
649 447 722 473 ἐστιν
738 446 815 482 ὴτῆς
827 446 878 481 ψυ-

88 493 138 529 χῆς
152 492 306 528 καθαρότης
318 499 325 507 ·
342 491 456 523 πλοῦτος
470 491 508 523 δὲ,
527 492 543 524 ὴ
567 491 744 526 ἀκτημοσύνη
757 500 763 506 ·
780 492 878 527 πατρὶς

87 540 124 572 δὲ,
140 541 156 576 ἡ
173 540 258 575 ἀρετὴ
271 538 364 569 ’πόλις
383 538 423 570 δὲ,
438 538 507 564 αὐτὰ
531 538 578 564 τοῦ
593 537 659 564 Θεοῦ
683 538 717 564 τὰ
734 538 857 573 βασίλεια
870 547 877 554 ’

88 586 186 618 ὄνειδος
209 584 258 621 τὴν
281 585 309 611 ὲν
334 585 390 616 τοῖς
418 584 522 619 γητνοις
549 582 703 618 φιλοτιμίαν
726 585 876 619 ποιήσεται.

89 630 193 659 Οὐκοῦν
218 631 384 661 ἀποστάντες
403 629 449 656 καὶ
471 630 550 664 ἡμεῖς
571 629 626 655 τῶν
646 629 774 656 τοιούτων
798 630 878 656 ὲπαί-

88 687 150 711 νων,
177 677 239 705 οὔτε
261 677 310 713 τὴν
334 676 453 712 πατρίδα
479 677 534 707 τοῖς
547 675 668 706 ἐπαίνοις
687 674 734 702 τοῦ
751 675 876 710 Μεγάλου

88 723 237 760 Γρηγορίου
249 722 451 758 προσθήσομεν,
474 721 537 748 οὔτε
556 721 705 756 προγόνους
718 722 757 753 εἰς
772 729 878 756 συμμα-

87 769 148 805 χίαν
158 770 214 796 τῶν
228 769 373 804 ἐγκωμίων
384 767 612 804 παραληψόμεθα,
623 766 723 798 εἰδότες
739 767 778 794 ὅτι
790 767 878 799 οὐδεὶς

87 816 189 852 ἀληθής
211 816 284 843 ἐστιν
312 815 431 847 ἔπαινος,
455 815 484 846 ὃς
499 814 532 841 ἂν
552 814 588 849 μὴ
603 812 657 839 τῶν
674 813 877 848 ἐπαινουμένων

931 219 1059 247 mandum
1076 226 1128 252 est,
1140 228 1201 255 quae
1212 229 1295 256 supra
1315 221 1372 249 haec
1389 227 1462 256 sunt,
1479 232 1540 258 quas
1550 233 1637 260 neque
1652 233 1719 253 ocu~

930 265 956 292 lo
971 265 1168 301 comprehendi
1196 271 1322 302 possunt,
1349 275 1438 303 neque
1460 269 1573 297 auribus
1601 272 1720 306 percipi,

930 318 1018 346 neque
1042 312 1142 339 mentis
1167 316 1194 339 et
1216 312 1402 348 intelligentice
1426 314 1602 348 conjecturis.
1625 317 1718 352 qualia

929 356 995 389 sint,
1015 356 1134 390 judicari
1153 363 1180 385 et
1194 359 1346 386 existimari
1366 361 1477 394 potest?
1497 361 1547 388 Per
1569 362 1640 390 hanc
1661 364 1722 398 spi-

929 401 1055 429 ritualem
1067 402 1186 436 laudem,
1203 404 1237 430 ab
1251 404 1284 430 iis
1298 405 1345 439 qui
1362 407 1598 440 commendantur,
1625 409 1718 436 divina

929 447 1118 474 laudationum
1137 449 1179 476 lex
1200 449 1323 478 infernas
1339 451 1388 479 has
1411 460 1497 487 nugas
1520 458 1600 488 atque
1617 455 1719 482 delira—

930 497 1021 520 tnenta
1036 494 1156 521 secernit
1170 500 1198 521 et
1210 495 1344 528 excludit,
1365 501 1444 532 turpe
1461 502 1542 533 atque
1557 500 1718 528 indecorum

928 547 992 567 esse
1018 539 1150 574 judicans
1182 549 1245 573 eos,
1281 543 1327 576 qui
1353 549 1463 578 propter
1487 545 1622 580 ejusmodi
1647 546 1719 574 bona

930 585 986 611 nOIi
1007 589 1082 618 sunt,
1100 594 1148 620 per
1163 594 1210 614 eas
1227 595 1270 614 res
1300 596 1360 622 qum
1388 589 1414 616 in
1434 594 1506 617 terra
1538 590 1674 618 habentur
1690 591 1719 618 in

929 631 1025 665 pretio,
1041 632 1171 659 celebrari
1186 637 1267 667 atque
1285 633 1436 661 honestari.
1462 635 1529 662 Nam
1557 636 1581 663 si
1607 636 1719 671 quidem

928 677 1030 712 aliquis
1042 681 1085 704 est
1096 678 1177 705 homo
1190 678 1354 710 mundanus,
1368 680 1413 713 qui
1429 682 1596 708 materialem
1613 685 1720 716 spectat

929 721 1099 755 Micitalem,
1121 723 1144 750 is
1161 731 1193 751 ex
1210 723 1366 758 hnjusmodi
1382 726 1463 752 rebus
1479 725 1586 753 laudem
1600 726 1720 753 homini-

929 768 980 796 bus
995 774 1130 804 corruget,
1151 770 1172 797 si
1190 770 1233 796 cui
1253 771 1340 805 patria
1357 779 1487 805 pecorum
1504 771 1578 799 ferax
1594 772 1719 807 contige-

931 813 976 844 rit,
995 814 1017 840 si
1037 821 1112 842 mare
1129 814 1247 842 vicinum
1266 815 1335 849 gula:
1354 815 1452 843 deditis
1470 824 1517 851 per
1534 824 1593 844 sese
1610 816 1721 844 abunde

89 862 152 894 ἴδιος
208 863 287 889 Ἶδιον
297 862 326 889 δέ
339 870 444 897 φαμεν,
458 861 472 887 ὃ
485 860 605 896 διαμένει
621 860 729 891 πάντως
746 860 787 892 εἰς
798 860 827 886 τὸ
838 860 876 886 δι-

932 867 973 886 res
987 863 1064 894 aptas
1081 860 1114 886 ad
1130 861 1295 888 vescendum
1318 862 1482 896 suppeditat,
1503 862 1527 889 si
1548 862 1651 897 lapides
1671 862 1718 888 alii

86 909 182 944 ηνεκὲς
192 909 383 943 ἀναφαίρετον.

929 905 993 933 aliis
1013 906 1216 941 superimpositi
1238 907 1353 935 aedilicia
1375 912 1519 935 exornem.
1542 907 1578 934 At
1601 907 1648 942 qui
1671 915 1721 935 su-

88 963 179 991 peram
203 954 319 989 suspicit
341 954 433 986 vitam,
459 953 502 980 cui
524 950 698 987 pulchritudo
721 955 803 987 atque
825 955 1015 979 ornamentum
1034 952 1117 980 animi
1136 953 1242 987 puritas
1256 958 1317 986 est;
1345 954 1389 980 cui
1405 954 1517 986 divitiae,
1538 955 1651 989 inopia;
1673 954 1720 980 cui

88 1002 184 1037 patria,
198 1001 303 1033 virtus;
317 1000 360 1027 cui
373 999 482 1031 civitas,
496 998 560 1026 item
585 998 644 1032 ipsa
668 1005 750 1032 regna
769 997 827 1030 Dei,
846 998 873 1026 in
897 999 980 1026 rebus
996 999 1115 1026 terrenis
1138 998 1367 1034 magniﬁcentiam
1386 1004 1413 1027 et
1433 1001 1645 1028 ostentationem
1665 1000 1718 1028 sibi

87 1050 187 1086 probro
204 1053 285 1084 atque
299 1048 426 1076 dedecori
440 1054 503 1075 esse
518 1046 611 1074 ducet.
626 1045 809 1079 Quamobrem
825 1047 907 1074 etiam
929 1054 980 1074 nos
1000 1047 1111 1074 omissis
1127 1047 1265 1082 ejusmodi
1279 1047 1406 1075 laudibus
1423 1056 1511 1082 neque
1527 1049 1641 1083 patriam
1656 1050 1718 1076 lau-

86 1095 165 1122 dibus
184 1093 274 1129 Magni
294 1093 418 1128 Gregorii
441 1092 615 1127 adjiciemus,
633 1098 722 1126 neque
740 1091 860 1126 majores
884 1093 910 1119 in
929 1092 1084 1120 subsidium
1101 1092 1290 1120 laudationum
1307 1100 1490 1126 assumemus,
1508 1094 1626 1122 scientes
1644 1094 1721 1129 quod

85 1142 160 1170 nulla
174 1149 237 1169 vera
250 1141 286 1168 sit
302 1140 362 1168 laus
380 1147 440 1174 qua:
454 1147 561 1172 eorum,
578 1138 624 1174 qui
644 1138 800 1171 laudantur,
824 1139 934 1173 propria
959 1146 1014 1167 non
1031 1138 1078 1166 sit.
1094 1137 1241 1173 Proprium
1259 1142 1350 1166 autem
1368 1138 1497 1173 dicimus,
1514 1139 1587 1174 quod
1604 1147 1720 1174 prorsus

86 1192 246 1222 perpetuum
264 1187 300 1214 ita
316 1186 468 1221 permanet,
483 1190 510 1213 ut
524 1183 608 1212 adimi
624 1184 761 1213 auferrive
775 1192 828 1212 non
844 1185 942 1219 possit.

127 1234 207 1261 Ἐπεὶ
223 1231 269 1260 οὖν
284 1232 393 1260 πάντων
407 1231 598 1268 χωριζόμενοι,
613 1230 741 1262 πλούτου,
758 1239 877 1266 περιφα-

86 1279 169 1312 νείας,
184 1279 274 1315 δόξης,
286 1279 380 1314 τιμῆς.
397 1277 513 1312 τρυφῆς,
525 1277 713 1308 ἀπολαύσεως,
727 1276 877 1310 συγγενῶν,

85 1327 187 1362 (ξίλων.
205 1325 289 1361 μόνης
305 1325 353 1359 τῆς
369 1324 440 1351 κατὰ
463 1323 561 1350 κακίαν
578 1323 594 1359 ἢ
612 1323 713 1359 ἀρετὴν
731 1322 876 1354 διαθέσεως,

85 1372 233 1408 ἀχώριστοι
249 1370 365 1406 μένομεν
377 1377 384 1383 ·
407 1369 487 1405 μόνον
501 1369 630 1405 κρίνομεν
647 1368 815 1404 μακαριστὸν
831 1367 877 1394 τὸν

85 1417 225 1453 ἐνάρετον.
250 1416 304 1443 Καί
329 1424 362 1451 με
394 1414 489 1450 μηδεὶς
513 1414 611 1441 οἰέσθω
635 1413 674 1450 τῷ
698 1414 781 1450 μηδὲν
806 1413 878 1449 ἔχειν

86 1463 187 1500 σεμνὸν
200 1463 264 1499 περὶ
280 1462 329 1497 τῆς
346 1461 473 1496 πατρίδος
483 1480 491 1493 ,
507 1460 523 1496 ῆ
540 1459 595 1486 τῶν
611 1460 752 1496 προγόνων
767 1459 814 1486 τοῦ
830 1461 878 1487 ἀν-

83 1509 147 1545 δρὸς
165 1508 363 1544 διηγήσασθαι,
387 1507 415 1533 ἐν
438 1507 556 1542 σχήματι
571 1506 620 1532 τοῦ
636 1506 724 1533 δοκεῖν
748 1507 879 1541 περιορᾷν

84 1555 140 1582 τῶν
153 1554 282 1582 τοιούτων
299 1552 497 1580 ὑπεκκλέπτειν
512 1552 543 1578 τὸ
560 1552 670 1583 δνειδος.
697 1551 745 1583 Τίς
758 1551 813 1587 γὰρ
829 1551 879 1578 οὐκ

966 1230 1102 1264 Quoniam
1118 1230 1203 1265 igitur
1216 1237 1280 1258 cum
1294 1231 1386 1258 omnia
1402 1230 1482 1258 nobis
1500 1231 1663 1266 eripiantur,
1681 1233 1723 1260 di-

930 1276 1012 1310 vitiae,
1029 1276 1178 1309 claritudo,
1199 1276 1297 1312 gloria,
1315 1277 1414 1310 honor,
1435 1277 1548 1312 deliciae,
1570 1282 1652 1314 atque
1674 1279 1721 1305 lu-

930 1330 991 1355 xus,
1009 1323 1135 1357 voluptas
1146 1325 1174 1350 et
1186 1323 1346 1355 oblectatio,
1371 1324 1492 1358 cognati,
1515 1325 1615 1357 amici,
1642 1325 1724 1353 solus

931 1367 977 1395 ille
994 1368 1104 1398 habitus
1121 1372 1148 1396 et
1165 1368 1290 1401 allectus,
1302 1376 1358 1404 quo
1371 1369 1411 1396 vel
1428 1377 1490 1396 cum
1509 1370 1575 1397 vitio
1587 1371 1628 1398 vel
1654 1378 1719 1398 eum

931 1414 1033 1441 virtute
1049 1414 1191 1449 conjuncti
1206 1421 1313 1445 sumus,
1330 1414 1366 1441 ita
1388 1414 1467 1442 nobis
1485 1414 1608 1448 inhaeret,
1628 1421 1657 1443 ut
1674 1424 1722 1444 se-

931 1460 1021 1493 parari
1040 1463 1067 1486 et
1080 1458 1183 1486 auferri
1202 1466 1256 1486 non
1272 1460 1360 1494 possit
1374 1468 1381 1486 :
1396 1459 1484 1487 solum
1497 1459 1606 1488 beatmu
1621 1461 1725 1488 haben-

931 1505 996 1532 dum
1012 1512 1074 1532 esse
1088 1505 1247 1540 judicamus
1262 1512 1335 1539 eum,
1347 1506 1394 1540 qui
1408 1505 1508 1534 virtute
1523 1507 1655 1541 praeditus
1672 1509 1719 1536 sit.

931 1551 971 1578 Ac
985 1558 1065 1578 nemo
1079 1554 1155 1586 putet
1171 1557 1214 1578 me
1229 1550 1299 1578 nihil
1313 1551 1433 1586 amplum
1446 1556 1528 1587 atque
1543 1553 1719 1588 magniﬁcum

85 1598 140 1628 οἶδε
163 1601 214 1637 τὴν
234 1599 391 1635 ἐπωνυμίαν
412 1598 459 1625 τοῦ
485 1599 583 1625 πόντου
600 1598 649 1633 τὴν
669 1597 745 1633 παρὰ
767 1597 875 1624 πάντων

932 1597 965 1624 de
984 1597 1071 1632 patria
1100 1597 1288 1632 majoribusve
1312 1597 1364 1625 viri
1384 1605 1464 1632 posse
1494 1606 1720 1632 commemorare,

85 1646 239 1683 ἀνθρώπων
255 1645 316 1672 κατ’
332 1644 470 1680 ἐξαίρετον
486 1643 662 1670 ἁνατεθείσαν
678 1642 717 1678 τῷ
736 1642 826 1675 ἔθνει,
846 1643 878 1669 δι’

85 1689 120 1728 ἧς
132 1692 188 1718 τῶν
201 1691 231 1725 ἐξ
247 1690 335 1726 ἀρχῆς
349 1689 495 1725 εἰληχότων
513 1689 559 1716 τὸν
574 1688 662 1724 χῶρον
675 1690 691 1724 ὴ
705 1689 790 1724 ἀρετὴ
808 1697 878 1724 μαρ-

84 1739 228 1775 fuget-rat;
245 1737 333 1768 Μόνος
345 1737 399 1772 γὰρ
409 1737 439 1768 ἐξ
450 1736 558 1771 ἁπάσης
569 1736 621 1771 γῆς
635 1744 664 1762 τε
678 1735 725 1762 καὶ
740 1735 879 1770 θαλάσσης

85 1787 165 1817 ουτος
177 1785 192 1811 ό
207 1784 303 1815 τώντος
322 1782 447 1815 Εΰξεινος
467 1781 647 1816 ὀνομάζεται,
668 1781 723 1807 εἴτε
740 1780 790 1817 τὴν
813 1781 880 1817 πρὸς

84 1831 150 1862 τοὺς
165 1828 368 1863 ἐπιδημοῦντας
387 1827 441 1854 τῶν
458 1826 542 1860 ξένων
560 1826 759 1862 φιλοφροσύνην
776 1835 881 1862 μαρτυ-

87 1875 201 1913 ροῦντος
221 1874 313 1906 αὐτοῖς
327 1873 375 1900 τοῦ
393 1872 525 1908 ὀνόματος
536 1892 544 1905 ,
567 1872 622 1899 εῐτε
637 1872 686 1899 καὶ
699 1873 740 1899 ὅτι
760 1872 881 1903 τοιοῦτος

84 1923 100 1949 6
122 1921 213 1958 χῶρός
237 1920 321 1951 ἐστιν,
336 1919 374 1950 ὡς
391 1918 428 1954 μὴ
447 1918 526 1953 μόνον
550 1920 606 1950 τοῖς
627 1918 770 1953 ἐγχωρίοις
791 1927 820 1944 τε
835 1918 881 1945 καὶ

84 1967 258 2003 αὐτόχθοσιν,
283 1965 352 1993 ἀλλὰ
373 1965 420 1992 καὶ
441 1966 497 1996 τοῖς
521 1964 707 1999 ἁπανταχόθεν
734 1965 774 1996 εἰς
801 1964 881 1991 αὐτὸν

87 2012 233 2047 φοιτῶσιν,
250 2011 300 2043 τὰς
313 2010 382 2047 πρὸς
395 2010 425 2036 τὸ
438 2010 487 2045 ζῇν
504 2009 680 2045 παρασκευὰς
695 2008 819 2044 ἀφθόνως
834 2017 882 2043 χα-

86 2059 225 2095 ρίζεσθαι.
239 2057 357 2092 Τοιαύτη
374 2056 429 2091 γὰρ
445 2058 462 2091 ὴ
475 2055 556 2090 φύσις
573 2056 621 2090 τῆς
640 2054 732 2090 χώρας
742 2075 749 2088 ,
763 2054 801 2086 ὡς
815 2055 882 2082 πάν-

84 2115 142 2133 των
158 2105 214 2132 τῶν
229 2105 296 2140 πρὸς
310 2105 359 2139 τὴν
375 2103 446 2139 ζωὴν
457 2103 615 2137 ἀναγκαίων
635 2102 779 2138 πάμφορος
793 2100 862 2129 εἶναι
872 2124 880 2132 .

84 2152 135 2180 καὶ
146 2151 256 2188 μηδὲ-[ν]
265 2152 318 2178 τῶν
329 2150 394 2186 παρ’
404 2150 507 2185 ἑτέροις
520 2149 630 2183 ἀγαθῶν
641 2149 776 2184 ἀμοιρεῖν,
786 2149 823 2180 ὡς
834 2150 881 2176 καὶ

83 2198 138 2234 τῆς
159 2197 297 2233 θαλάσσης
313 2197 404 2228 αὐτοῖς
428 2196 481 2222 ἴδια
496 2195 530 2222 τὰ
551 2195 718 2230 πανταχόθεν
739 2194 878 2230 ποιούσης.

85 2244 219 2272 Τοιούτου
234 2243 262 2270 δὲ
277 2243 352 2274 ὄντος
364 2242 412 2268 τοῦ
426 2241 518 2273 ἔθνους
538 2240 649 2272 παντὸς,
663 2240 700 2272 ὡς
713 2240 780 2276 ὅπερ
793 2240 825 2267 ἄν
839 2249 882 2272 τις
899 2260 919 2287 D

86 2289 173 2318 αὑτοῦ
197 2290 278 2325 μέρος
298 2289 342 2323 ἐφ’
361 2287 457 2315 ἑαυτοῦ
478 2286 701 2321 κατασκέψηται,
717 2286 771 2312 τῶν
795 2285 882 2313 ἄλλων

85 2335 268 2372 προτερεύειν
281 2334 385 2362 οἴεσθαι
398 2343 405 2350 ·
421 2333 497 2360 οὐδὲν
514 2333 542 2359 δὲ
556 2329 637 2368 ἧττον
651 2333 684 2366 τῇ
701 2333 776 2368 κοινῇ
793 2332 882 2367 κρίσει

84 2381 135 2408 τοῦ
152 2381 258 2414 ἔθνους,
277 2377 332 2406 οἷόν
357 2388 398 2411 τις
415 2377 521 2414 κορυφὴ
543 2377 633 2411 πάσης
652 2377 701 2411 τῆς
718 2376 882 2412 περιοικίδος

84 2427 142 2454 τῶν
158 2427 259 2459 ἄλλων,
302 2425 349 2452 τοῦ
365 2425 482 2461 μεγάλου
494 2423 644 2460 Γρηγορίου
661 2422 739 2454 πόλις
752 2422 835 2454 ἐστὶν,
848 2421 882 2457 ἢν

85 2472 217 2508 βασιλεύς
233 2480 274 2504 τις
288 2471 423 2506 ἐπίσημος
433 2469 487 2497 τῶν
502 2470 551 2505 τὴν
565 2468 651 2504 ἀρχὴν
666 2470 721 2500 τοῖς
736 2468 881 2503 Ῥωμαίοις

85 2517 318 2555 κρατυνομένων,
344 2518 453 2552 Καῖσαρ
474 2515 504 2542 τὸ
523 2515 626 2550 ὄνομα,
644 2514 725 2550 ἔρωτι
742 2513 790 2540 καὶ
807 2513 881 2548 πόθῳ

83 2567 138 2603 τῆς
156 2566 249 2602 χώρας
273 2565 365 2597 ἁλοὺς,
391 2565 438 2591 ἐπὶ
457 2563 496 2598 τῷ
514 2563 571 2598 ίδίῳ
590 2562 702 2597 ὀνόματι
725 2560 880 2588 Νεοκαισά-

85 2621 169 2649 ρειαν
183 2610 323 2638 καλεῖσθαι
339 2611 388 2646 τὴν
398 2610 475 2636 πόλιν
485 2609 610 2644 ἠξίωσεν.
627 2608 696 2635 Ἀλλ’
709 2607 783 2634 οὐδὲν
795 2606 881 2634 ταῦτα

84 2658 160 2693 πρὸς
184 2656 229 2683 τὸν
254 2655 355 2684 σκοπὸν
378 2655 423 2682 τὸν
444 2654 588 2689 ἡμέτερον,
616 2652 687 2679 ὥστε
711 2652 755 2679 διὰ
778 2651 880 2678 τούτων

84 2702 196 2730 οἴεσθαι
211 2701 373 2736 σεμνότερον
387 2699 574 2728 ἀποδεικνύειν
585 2699 631 2725 τὸν
646 2698 732 2734 μέγαν
748 2698 777 2723 ἐν
793 2697 881 2731 ἁγίοις

84 2750 207 2780 ἐκεῖνον,
224 2748 248 2773 εί
265 2748 381 2782 καρποῖς
396 2745 484 2782 βρίθει
499 2746 516 2780 ἡ
529 2743 615 2780 χώρα,
630 2745 653 2771 εί
667 2744 683 2779 ἡ
701 2743 778 2774 πόλις
797 2751 881 2769 κατα-

85 2794 207 2824 σκευαῖς
231 2792 452 2819 κεκαλλώπισται
465 2810 473 2823 ,
491 2791 514 2816 εί
531 2791 564 2825 τῇ
584 2790 686 2824 γείτονι
705 2789 824 2824 θαλάττῃ
846 2788 880 2814 τὰ

84 2838 263 2875 πανταχόθεν
278 2838 346 2874 πρὸς
359 2837 389 2866 τὸ
403 2836 498 2864 δοκοῦν
512 2837 572 2863 κατ’
587 2836 711 2870 ἐξουσίαν
729 2836 879 2870 εἰσάγεται.

931 1643 979 1672 sed
996 1643 1048 1671 sub
1061 1643 1152 1678 specie
1166 1647 1249 1678 atque
1266 1647 1400 1678 praetextu
1414 1645 1628 1678 contemptionis
1648 1645 1723 1680 ejus-

931 1689 1004 1716 modi
1018 1696 1110 1716 rerum
1125 1688 1245 1716 dedecus
1256 1692 1338 1724 atque
1350 1689 1547 1724 turpitudinum
1561 1692 1640 1725 quasi
1657 1692 1720 1720 sub-

931 1736 1032 1762 ducere
1056 1739 1138 1770 atqne
1154 1735 1294 1764 sulfurari.
1317 1735 1385 1768 Quis
1409 1735 1481 1763 enim
1497 1736 1604 1771 ignorat
1619 1745 1721 1773 cogno-

932 1791 994 1811 men
1010 1783 1103 1815 Ponti,
1117 1783 1190 1818 quod
1205 1783 1240 1810 ab
1259 1783 1388 1810 omnibus
1413 1783 1570 1811 hominibus
1589 1787 1719 1820 tanquam

932 1829 1099 1864 praecipuum
1114 1829 1246 1864 quiddam
1261 1836 1293 1856 ac
1310 1829 1450 1864 peculiare
1460 1830 1533 1864 genti
1560 1829 1720 1864 impositum

932 1879 1014 1910 atque
1031 1875 1163 1902 tributum
1183 1878 1236 1908 est,
1253 1882 1301 1909 per
1311 1874 1385 1909 quod
1398 1882 1504 1908 eorum,
1520 1875 1621 1910 quibus
1644 1876 1723 1904 locus

933 1921 966 1949 ah
979 1921 1057 1948 initio
1071 1921 1193 1953 obvenit,
1212 1921 1299 1948 virtus
1314 1921 1530 1950 demonstratur.
1549 1922 1631 1949 Solus
1647 1923 1722 1950 enim

931 1974 964 1994 ex
992 1967 1066 1994 omni
1087 1970 1160 1993 terra
1186 1965 1310 2000 marique
1323 1965 1367 1993 hic
1391 1965 1506 1999 Pontus,
1533 1966 1664 2000 εύξεινος,
1693 1968 1721 1995 id

931 2016 991 2043 est,
1023 2012 1183 2046 hospitalis,
1217 2011 1373 2046 hospitibus
1404 2015 1431 2039 et
1465 2013 1617 2047 peregrinis
1643 2021 1721 2041 cont-

932 2056 1030 2085 modus
1055 2060 1083 2083 et
1107 2057 1195 2083 bonus
1220 2055 1398 2089 nominatur,
1421 2055 1479 2083 sive
1509 2057 1667 2085 comitatem
1693 2064 1722 2086 ct

932 2101 1129 2129 humanitatem
1163 2101 1223 2134 ejus
1258 2108 1322 2135 erga
1352 2100 1471 2128 advenas
1500 2105 1527 2129 et
1561 2103 1722 2138 peregrinos

932 2145 998 2173 inibi
1014 2150 1155 2173 versantes
1173 2149 1323 2173 attestante
1340 2145 1473 2172 vocabulo
1489 2154 1496 2179 ;
1524 2147 1582 2174 sive
1606 2148 1720 2181 idcirco,

932 2191 1004 2226 quod
1022 2191 1099 2219 locus
1116 2191 1250 2226 ejusmodi
1267 2194 1321 2224 est,
1339 2196 1369 2217 ut
1387 2199 1443 2218 non
1459 2192 1541 2219 modo
1573 2192 1670 2221 incolis
1693 2199 1722 2222 et

934 2236 1080 2271 indigenis,
1096 2243 1191 2264 verum
1205 2235 1287 2263 etiam
1305 2236 1367 2269 illis,
1383 2236 1429 2270 qui
1446 2243 1478 2263 ex
1494 2238 1622 2266 omnibus
1637 2241 1722 2274 parti-

935 2281 986 2309 bus
1002 2288 1035 2308 eo
1050 2281 1184 2308 accedunt
1197 2284 1224 2308 et
1240 2280 1393 2313 conﬂuunt,
1415 2285 1449 2308 ad
1466 2282 1611 2310 vivendum
1628 2285 1721 2312 subsi-

932 2327 975 2354 dia
1008 2331 1091 2362 atque
1116 2331 1284 2354 commeatus
1311 2327 1418 2354 abunde
1453 2328 1608 2363 suppeditet
1639 2335 1721 2365 atque

933 2372 1134 2401 subministrat.
1151 2371 1294 2406 Ejusmodi
1307 2373 1381 2400 enim
1400 2378 1498 2400 natura
1510 2374 1650 2410 religionis
1667 2382 1719 2411 est,

934 2422 963 2446 ut
982 2422 1010 2447 et
1024 2418 1148 2445 omnium
1165 2425 1269 2449 rerum,
1290 2426 1350 2453 quae
1365 2418 1399 2445 ad
1411 2419 1494 2446 vitam
1510 2421 1719 2449 sustentandam

935 2464 1097 2492 necessaria:
1115 2467 1190 2494 sunt,
1207 2471 1314 2491 summe
1332 2463 1441 2496 fertilis,
1459 2469 1487 2491 et
1511 2466 1718 2501 peregrinorum

934 2511 1045 2546 quidem
1064 2510 1198 2537 bonorum
1219 2509 1321 2537 nullius
1336 2517 1434 2544 expers
1450 2510 1494 2541 sit,
1508 2518 1569 2538 cum
1595 2519 1670 2539 mare
1694 2515 1718 2540 ei

935 2556 1045 2591 propria
1066 2555 1148 2583 faciat
1164 2563 1205 2587 ea,
1219 2563 1279 2590 quae
1293 2563 1325 2582 ex
1342 2556 1469 2583 omnibus
1486 2556 1642 2591 regionibus
1654 2558 1718 2585 illuc

935 2603 1126 2638 importantur.
1144 2601 1213 2629 Cum
1234 2605 1323 2628 autent
1342 2601 1477 2635 ejusmodi
1495 2606 1550 2629 tota
1573 2603 1649 2631 natio
1666 2604 1717 2634 sit,

935 2652 965 2675 ut
977 2654 1169 2683 quamcunque
1184 2647 1248 2682 quis
1264 2646 1324 2681 ejus
1348 2650 1453 2681 partem
1473 2655 1519 2682 per
1543 2654 1604 2675 Sese
1633 2649 1718 2676 solum

935 2695 1161 2727 consideraverit,
1173 2695 1279 2722 caeteris
1295 2698 1424 2728 prastare
1436 2702 1495 2721 eam
1512 2695 1719 2722 existimaturos

935 2741 1089 2770 sitznibilo
1110 2741 1201 2767 minus
1228 2739 1367 2766 communi
1393 2740 1499 2774 judicio
1523 2740 1612 2775 gentis
1633 2741 1717 2769 veluti

933 2792 1017 2822 caput
1030 2785 1167 2821 quoddam
1187 2784 1308 2810 omnium
1325 2785 1439 2811 aliarum
1465 2784 1641 2812 ﬁnitimarum
1660 2786 1717 2812 Ma-

935 2833 980 2868 gni
1001 2831 1124 2866 Gregorii
1148 2829 1246 2856 civitas
1270 2832 1322 2860 est,
1347 2836 1428 2862 quam
1458 2831 1552 2858 urbem
1570 2831 1716 2867 imperatur
