1912 3082
184 85 237 112 899

809 79 839 107 S.
861 78 1027 107 GREGORII
1049 79 1196 107 NYSSENI

1778 76 1831 101 90o

183 145 296 181 quidam
322 142 440 179 insignis
473 149 505 170 ex
532 142 566 170 iis
589 142 635 176 qui
667 140 801 168 Romanis
830 141 974 176 imperium

1045 141 1103 168 Αλλ*
1122 141 1182 168 οὐδὲ
1199 140 1254 167 τῶν
1273 141 1413 177 προγόνων
1427 140 1520 173 αὑτοῦ,
1537 140 1593 166 τῶν
1608 138 1833 175 προκαθηγησα-

185 191 430 223 conﬁrmaverunt,
447 190 541 218 Caesar
560 189 684 220 nomine,
705 196 799 216 amore
819 196 852 216 ac
869 188 978 216 deside-

185 238 227 265 rio
242 237 294 264 Ioui
310 241 409 272 captus
434 244 485 264 suo
510 236 621 263 nomine
639 234 844 262 Neocarsaream
861 234 978 269 insigni-

186 285 234 311 vit.
252 283 352 311 Verum
366 284 425 310 haec
440 283 509 310 nihil
526 283 665 317 pertinent
682 281 715 308 ad
732 285 859 308 nostrum
879 288 979 315 propo-

187 331 270 358 situm
285 336 312 358 et
327 330 496 360 institutum,
513 334 543 356 ut
562 336 611 363 per
629 328 686 355 haec
699 327 863 362 ampliorem
887 332 914 354 et
928 335 978 354 au-

187 376 338 411 gustiorem
360 375 553 403 existimemus
577 381 628 401 nos
652 373 890 400 demonstraturus
917 379 979 399 esse

188 428 317 456 magnum
334 421 410 448 illum
429 421 518 447 virum
535 420 606 447 inter
620 424 742 450 sanctos,
760 418 782 445 si
800 418 875 453 regio
891 418 978 452 frugi-

189 467 241 494 bus
257 466 395 498 abundet,
411 466 433 492 si
451 466 517 492 urbs
534 464 664 499 operibus
682 468 710 491 et
730 463 855 491 aediﬁciis
880 467 978 490 ornata

189 513 236 543 sit,
251 513 273 539 si
289 519 338 547 per
355 519 432 539 mare
447 512 567 538 vicinum
584 510 617 537 ad
630 511 772 538 arbitriutn
799 517 842 537 res
858 509 979 544 undique

190 565 289 593 magna
307 558 387 591 copia
406 557 600 592 importentur.
616 556 651 583 At
665 563 715 583 nec
742 560 888 590 parentum
915 555 978 590 qni-

190 603 251 630 dem
279 602 351 637 ejus,
380 602 427 637 qui
460 601 612 628 nativitatis
637 600 698 635 ejus
732 600 853 627 carnalis
882 603 976 626 aucto-

191 654 235 674 res
250 646 372 678 fuerunt,
390 647 418 674 in
438 646 565 681 praesenti
587 646 713 672 oratione
741 644 839 671 faciant
862 645 979 671 mentio-

190 699 265 724 nem,
286 692 407 725 divitias,
423 691 639 727 magnilicentias
661 695 688 718 et
715 689 875 725 splendores
900 697 981 716 mun-

1028 188 1116 223 μένων
1131 187 1182 222 τῆς
1199 186 1270 214 κατὰ
1296 187 1386 222 σάρκα
1406 187 1540 221 γενέσεως
1551 206 1558 217 ,
1577 187 1689 221 μνήμην
1714 185 1766 211 ἐπὶ
1783 184 1831 210 τοῦ

1026 233 1106 267 λόγου
1125 233 1293 269 ποιήσομαι,
1314 233 1428 260 πλοῦτον
1455 233 1503 259 καὶ
1524 231 1683 267 φιλοτιμίας
1705 231 1757 258 καὶ
1780 231 1831 261 τὰς

1027 279 1162 314 κοσμικὰς
1184 279 1364 314 περιφανείας
1387 278 1477 306 αὐτῶν
1497 278 1687 314 διηγούμενος.
1713 277 1750 303 Τί
1774 277 1832 312 γὰρ

1027 325 1113 352 ταῦτα
1132 325 1299 352 συντελέσειε
1315 325 1381 360 πρὸς
1395 325 1516 358 ἔπαινον,
1532 325 1623 359 τάφοι,
1641 324 1690 350 καὶ
1707 323 1811 358 στῆλαι
1822 343 1830 354 ,

1029 372 1075 398 καὶ
1092 371 1302 407 ἐπιγράμματα,
1317 371 1364 398 καὶ
1379 371 1413 397 τά
1426 370 1510 406 νεκρὰ
1523 370 1681 406 διηγήματα
1694 369 1767 404 πρὸς
1782 368 1831 395 τὸν

1028 416 1076 443 τοῦ
1100 416 1204 452 κόσμου
1224 417 1324 448 παντὸς
1347 416 1442 443 ἑαυτὸν
1468 416 1660 452 ὑπεράραντα;
1684 415 1778 446 άλλως
1801 414 1831 440 δὲ

1027 461 1088 488 οὔτε
1104 461 1215 488 δυνατόν
1229 462 1303 488 ἐστιν
1321 462 1362 494 εἰς
1381 463 1523 489 κοινωνίαν
1538 463 1587 498 τῆς
1601 462 1743 498 εὐφημίας
1756 461 1831 487 ὲκεί-

1028 516 1089 539 νους
1102 507 1190 542 ἄγειν,
1204 504 1242 535 ὧν
1256 507 1306 543 τὴν
1323 508 1485 542 συγγένειαν
1499 504 1577 540 οὗτος
1590 508 1639 543 τῆς
1650 507 1723 535 κατὰ
1736 506 1830 541 ψυχὴν

1028 553 1185 587 ἀγχιστείας
1200 554 1354 589 ὴρνήσατο;
1380 554 1411 580 οι
1429 553 1479 588 μὲν
1499 554 1553 588 γὰρ
1569 554 1597 580 ὲν
1611 554 1644 588 τῇ
1664 553 1757 588 πλάνῃ
1774 551 1831 578 τῶν

1031 597 1148 625 εἰδώλων
1160 598 1373 635 ἐματαιώθησαν
1381 607 1388 614 ’
1401 601 1416 626 ὁ
1426 599 1466 632 δὲ,
1478 599 1546 636 πρὸς
1556 599 1605 635 τὴν
1617 599 1752 634 ἀλήθειαν
1763 599 1831 624 ἁνα-

1032 643 1144 678 6λέψας,
1163 645 1196 679 τῇ
1212 644 1269 671 ἄνω
1290 645 1434 680 συγγενείᾳ
1453 645 1496 671 διὰ
1515 645 1564 680 τῆς
1586 645 1705 676 πίστεως
1729 643 1831 670 ἑαυτὸν

1034 689 1216 724 εἰσεποίησεν.

190 740 278 767 danos
290 747 385 767 eorum
405 747 556 775 exponens.
575 738 644 771 Quid
663 738 735 765 enim
757 738 815 764 haec
834 736 981 765 conferunt
1000 737 1033 765 ad
1048 738 1322 773 laudem?sepulcra,
1335 741 1442 770 statum,
1455 737 1649 774 inscriptiones
1676 741 1703 764 et
1741 735 1829 766 tituli,

191 790 305 813 mortuae
337 790 364 814 et
397 787 493 814 inanes
521 785 693 813 narrationes
719 784 752 812 ad
776 792 850 817 eum,
875 785 922 819 qui
951 792 1013 812 sese
1032 793 1114 821 supra
1134 792 1244 812 omnem
1261 785 1395 813 mundum
1411 785 1548 813 extulerat
1561 789 1589 813 et
1599 788 1740 815 evexerat,
1758 790 1832 818 prs:-

191 833 286 859 scrtim
305 841 367 860 cum
383 840 417 860 ne
434 832 491 860 ﬁeri
508 832 620 868 quidem
642 831 739 868 possit,
756 835 786 858 ut
806 832 834 858 in
857 831 1017 859 societatem
1034 832 1124 860 laudis
1141 833 1178 859 illi
1202 837 1391 865 assumantur,
1428 839 1545 867 quorum
1583 834 1646 865 iste,
1683 829 1758 866 quod
1796 829 1831 855 ad

192 879 290 906 anima:
302 879 532 914 propinquitatem
543 878 649 911 attinet,
659 878 852 914 cognationem
870 878 976 913 respuit
995 883 1022 906 et
1034 883 1198 913 aspernatur
1211 879 1223 906 ?
1236 878 1304 906 Nam
1319 879 1359 906 illi
1374 878 1485 915 quidem
1505 886 1553 914 per
1585 886 1710 906 erroretn
1745 877 1832 904 simtr

192 924 328 951 Iacrorum
360 925 425 952 vani
454 930 482 952 et
506 925 591 960 inepti
622 924 743 955 fuerunt.
761 924 805 952 hic
827 929 918 952 autem
936 923 969 952 ad
987 925 1128 953 veritatem
1144 926 1232 954 oculis
1250 925 1366 954 sublatis
1388 933 1495 961 superae
1513 925 1671 961 cognationi
1696 931 1761 952 sese
1783 931 1832 959 per

193 970 273 998 ﬁdem
286 971 411 1004 inservit,
432 975 458 998 et
479 972 558 1007 quasi
575 972 602 999 in
623 971 798 1006 adoptionem
815 971 901 999 dedit.

227 1016 322 1052 Itaque
346 1018 484 1052 quomodo
509 1017 632 1053 quidem,
659 1018 794 1053 quibusve
821 1017 982 1052 parentibus
997 1023 1019 1050 Β

194 1067 276 1090 natus
292 1063 338 1094 sit,
352 1067 399 1090 aut
412 1071 495 1098 quam
510 1063 543 1090 ab
558 1064 637 1090 initio
649 1064 743 1091 urbem
764 1063 921 1096 incoluerit,
951 1068 983 1090 ut

193 1116 254 1143 quae
269 1108 338 1135 nihil
352 1107 456 1135 faciant
468 1108 502 1134 ad
516 1109 687 1144 propositam
704 1109 902 1141 narrationem,
913 1117 983 1144 prae-

194 1154 396 1187 termiltemus;
416 1153 524 1180 initium
539 1157 630 1181 autem
649 1153 739 1181 laudis
752 1154 817 1182 hinc
833 1163 983 1188 sumemus,

194 1199 325 1227 nndeille
351 1199 435 1226 vitam
460 1207 522 1227 cum
539 1200 641 1227 virtute
664 1200 841 1235 coniunctam
868 1207 985 1228 exorsus

193 1250 246 1272 est.
270 1245 339 1272 Cum
357 1245 430 1272 enim
444 1252 559 1280 corpore
579 1245 847 1281 admodumjuvenili
867 1247 984 1274 naturali

193 1291 371 1326 cogitationis
386 1298 464 1324 cura,
478 1291 639 1326 parentibus
662 1292 719 1319 vita
734 1292 884 1324 defunctis,
899 1292 986 1321 desti-

195 1341 273 1363 tutus
294 1337 511 1372 essetzquando
544 1337 680 1372 plerisque
712 1342 793 1365 aetate
825 1337 985 1374 imperfecta

195 1391 273 1411 mens
291 1383 357 1418 quid
374 1383 411 1411 sit
428 1383 532 1410 bonum
555 1383 707 1418 diiudicare
726 1384 815 1412 nescit
830 1393 837 1412 :
859 1385 986 1420 protinus

194 1430 229 1456 ab
247 1429 325 1456 initio
342 1429 464 1457 ostendit
482 1429 572 1464 qualis
588 1430 616 1457 in
639 1433 719 1458 aetate
734 1429 854 1466 perfecta
877 1429 986 1460 futurus

194 1481 280 1503 esset.
295 1476 333 1502 Ac
346 1475 578 1511 quemadmodum
610 1477 733 1512 germina
763 1484 909 1512 generosa,
922 1485 985 1506 cum

195 1529 209 1548 a
226 1523 314 1557 primo
331 1522 500 1549 incremento
515 1522 542 1549 in
556 1522 676 1551 directos
700 1531 791 1551 ramos
809 1530 985 1556 excrescunt,

195 1576 244 1602 per
260 1572 422 1603 praesentem
444 1568 678 1602 pulchritudinem
704 1569 834 1604 agricolis
863 1570 986 1597 futurum

194 1614 321 1640 decorem
339 1617 549 1647 prannonstrant
569 1621 577 1641 :
594 1614 690 1641 eodem
716 1613 798 1642 modo
819 1614 902 1642 etiam
929 1615 985 1647 ille.

195 1659 312 1693 quando‘
328 1659 436 1686 caeteris
452 1662 562 1694 propter
588 1659 770 1695 ignorantiam
786 1661 929 1689 erroribus
959 1665 987 1689 et

1075 1016 1144 1044 Ἀλλ’
1157 1017 1231 1048 ὅπως
1251 1017 1310 1052 μὲν,
1331 1017 1348 1053 ἢ
1371 1016 1425 1043 ἀπὸ
1441 1015 1522 1043 τίνων
1544 1017 1653 1051 ἐγένετο
1665 1037 1672 1050 ,
1688 1017 1705 1052 ἦ
1722 1017 1788 1044 τίνα
1802 1017 1832 1044 τὸ

1034 1064 1095 1090 κατ’
1110 1063 1197 1100 ἀρχάς
1208 1063 1300 1100 ᾣκησε
1314 1063 1401 1095 πόλιν,
1417 1063 1455 1095 ὡς
1471 1063 1546 1090 οὐδὲν
1562 1064 1628 1098 ἡμῖν
1643 1064 1829 1091 συντελοῦντα

1035 1109 1102 1145 πρὸς
1119 1109 1170 1144 τὴν
1191 1108 1378 1144 προκειμένην
1393 1106 1521 1142 σπουδὴν,
1536 1107 1746 1142 παραλείπομεν
1757 1116 1766 1122 -
1781 1108 1832 1143 ἁρ-

1034 1156 1085 1191 χὴν
1107 1155 1136 1182 δὲ
1160 1155 1262 1190 ταύτην
1275 1155 1325 1190 τῆς
1339 1154 1477 1190 εὐφημίας
1491 1153 1635 1189 ληψόμεθα
1645 1174 1652 1186 ,
1673 1153 1707 1189 ῆν
1723 1154 1833 1185 ἐκεῖνος

1034 1202 1082 1228 τοῦ
1106 1203 1167 1229 κατ’
1191 1201 1293 1237 ἀρετὴν
1319 1200 1376 1236 βίου
1404 1199 1561 1234 πεποίηται.
1585 1199 1695 1235 Ἐπειδὴ
1722 1199 1781 1235 γὰρ
1804 1201 1833 1225 ἐν

1035 1245 1133 1282 κομιδῇ
1150 1245 1203 1281 νέῳ
1216 1245 1254 1280 τῷ
1270 1244 1375 1280 σώματι
1388 1244 1437 1280 τῆς
1457 1245 1572 1279 φυσικῆς
1587 1244 1750 1279 κηδεμονίας
1764 1244 1832 1279 ἕρη-

1037 1302 1086 1329 μος
1103 1292 1152 1329 ἦν,
1169 1292 1224 1319 τῶν
1244 1291 1345 1326 γονέων
1366 1290 1599 1326 τετελευτηκότων
1619 1289 1665 1317 τὸν
1690 1290 1763 1325 βίον,
1788 1291 1833 1316 ὅτε

1036 1338 1134 1374 ἀτελὴς
1149 1338 1194 1372 ὑφ’
1215 1337 1323 1373 ἡλικίας
1339 1335 1406 1364 οὖσα
1426 1337 1483 1368 τοῖς
1506 1336 1614 1368 πολλοῖς
1627 1337 1643 1372 ή
1657 1336 1767 1363 διάνοια
1786 1337 1834 1371 τῆς

1037 1383 1083 1410 τοῦ
1105 1383 1188 1411 καλοῦ
1207 1383 1324 1419 κρίσεως
1344 1382 1511 1418 ἁμαρτάνει,
1537 1382 1637 1415 ἔδειξεν
1655 1383 1740 1415 εὐθὺς
1755 1384 1835 1418 παρὰ

1037 1432 1085 1467 τὴν
1104 1430 1233 1466 πρώτην,
1259 1427 1314 1462 οἷος
1335 1430 1363 1456 ἐν
1385 1429 1424 1464 τῷ
1447 1429 1541 1465 τελείῳ
1558 1431 1606 1465 τῆς
1625 1429 1738 1464 ἡλικίας
1755 1431 1837 1465 γενή-

1038 1485 1124 1504 σεται.
1149 1476 1204 1503 Καὶ
1225 1475 1350 1509 καθάπερ
1365 1476 1399 1502 τὰ
1414 1476 1511 1510 εὐγενῆ
1535 1475 1588 1501 τῶν
1616 1475 1834 1511 βλαστημάτων,

1037 1523 1100 1549 ὃταν
1117 1523 1149 1548 ἐκ
1173 1523 1284 1558 πρώτης
1298 1522 1438 1558 αὐξήσεως
1452 1523 1492 1553 εἰς
1507 1521 1662 1555 εὖθυγενεῖς
1683 1521 1836 1557 ἁναδράμῃ

1036 1570 1099 1601 τοὺς
1120 1569 1245 1605 δρπηκας
1258 1589 1265 1601 ,
1292 1568 1463 1603 προδείκνυσι
1485 1569 1542 1600 τοῖς
1563 1568 1693 1603 γηπόνοις
1713 1567 1759 1595 διὰ
1785 1568 1836 1603 τῆς

1039 1614 1181 1649 παρούσης
1207 1614 1281 1649 ὥρας
1304 1615 1333 1640 τὸ
1359 1614 1398 1645 είς
1416 1613 1528 1648 ὕστερον
1552 1613 1664 1645 κάλλος·
1688 1613 1738 1640 τὸν
1752 1613 1837 1640 αὐτὸν

1038 1661 1137 1696 τρόπον
1154 1661 1279 1693 κάκεῖνος
1292 1681 1298 1692 ,
1314 1661 1357 1687 ὅτε
1376 1661 1432 1691 τοῖς
1448 1660 1537 1691 ἄλλοις
1557 1660 1604 1686 ὑπ’
1622 1659 1738 1694 ἀγνοίας
1754 1668 1836 1694 περι-

195 1705 332 1732 obnoxius
347 1709 375 1732 et
391 1705 515 1732 lubricus
527 1709 571 1732 est
595 1706 714 1738 animus,
730 1706 763 1733 ad
779 1714 825 1734 res
849 1714 937 1735 Vanas
961 1712 985 1734 et

1045 1706 1144 1742 ςφαλής
1155 1707 1229 1733 ἐστιν
1244 1708 1260 1742 ἡ
1274 1706 1357 1741 ψυχὴ,
1371 1706 1438 1742 πρὸς
1448 1705 1482 1732 τὰ
1494 1705 1598 1742 μάταιά
1610 1714 1638 1732 τε
1653 1706 1701 1732 καὶ
1715 1705 1836 1740 ἀνόνητα

195 1751 310 1777 inutiles
328 1750 477 1785 iuventute
503 1750 584 1778 facile
623 1751 785 1787 plerumque
808 1753 984 1787 prolabente:

196 1802 261 1823 tunc
274 1804 321 1829 per
338 1797 455 1831 primam
473 1796 535 1824 vitae
549 1797 669 1825 instituti
681 1798 844 1826 electionem
869 1799 988 1826 ostendit

196 1842 224 1869 in
238 1849 299 1869 sese
310 1849 404 1868 verum
417 1849 479 1869 esse
496 1834 562 1870 illud
587 1843 699 1870 verbum
716 1843 828 1871 Davidis
851 1844 984 1872 dicentis:

195 1887 290 1914 Inuus
307 1892 335 1914 ut
348 1887 437 1921 palma
450 1887 584 1922 μογέων.
606 1888 670 1916 Sola
688 1890 760 1916 enim
783 1890 911 1917 nimirum
930 1891 987 1918 hate

196 1934 279 1962 arbor
294 1934 416 1969 perfecta
432 1935 620 1963 crassitudine
633 1936 787 1964 cacuminis
802 1944 817 1964 a
835 1941 908 1964 terra
925 1945 987 1965 sur-

196 1981 234 2015 git
246 1985 274 2008 et
288 1981 435 2012 excrescit,
452 1989 569 2017 cumque
580 1983 756 2017 proceritatis
786 1983 986 2011 incrementum

197 2027 395 2062 progrediatur,
412 2027 515 2054 nullam
527 2027 555 2055 in
568 2027 740 2056 latitudinem
754 2036 769 2056 a
781 2034 904 2064 tempore
915 2029 987 2056 acci-

197 2071 442 2105 pitaccessionem.
473 2071 519 2099 Sic
539 2072 622 2100 etiam
649 2072 695 2100 ille
710 2080 725 2099 a
749 2074 840 2108 primo
864 2074 987 2109 genuine

196 2117 299 2150 iloruit,
311 2117 446 2145 electione
460 2118 522 2145 vitae
534 2118 653 2146 instituti
670 2119 796 2154 protinus
812 2119 950 2154 perlectus
961 2124 988 2147 et

196 2163 378 2190 eminentibus
405 2163 549 2191 frondibus
570 2171 740 2200 consurgens
764 2170 791 2192 et
808 2173 985 2193 excresccns.

197 2208 332 2236 Omnibus
367 2209 439 2236 enim
480 2210 602 2242 omissis,
640 2218 756 2245 quarum
780 2219 871 2238 rerum
895 2209 987 2238 studio

196 2254 326 2288 juvenilis
341 2259 408 2282 aetas
425 2258 544 2287 tenetur,
560 2257 739 2290 equitatione,
757 2257 915 2289 venatione,
929 2257 988 2284 cul-

198 2305 226 2326 tu
242 2300 403 2332 amoeniore,
420 2299 600 2334 indumentis,
616 2302 762 2336 aleatioue,
779 2303 897 2335 deliciis,
925 2307 985 2331 sta-

197 2345 246 2371 tim
259 2349 333 2373 totus
351 2345 529 2380 acquirendis
544 2348 888 2381 virtutibusincumbebat,
912 2348 987 2377 deiti-

197 2398 262 2425 ceps
273 2390 379 2425 eligens
385 2399 417 2419 ac
428 2399 597 2428 persequens
603 2393 733 2429 quidquid
746 2395 872 2429 praesenti
880 2402 988 2429 semper
1004 2386 1025 2413 θ

197 2437 271 2463 attati
287 2444 344 2464 suae
353 2437 521 2466 conveniens
533 2443 558 2466 et
570 2441 806 2468 accommodatum
820 2445 905 2469 esset.
932 2441 989 2468 lni-

199 2484 267 2510 tium
283 2486 373 2510 autem
393 2484 624 2519 acquirendarum
645 2486 777 2513 virtutum
795 2494 811 2513 a
829 2487 921 2514 studio
943 2494 990 2514 sa-

200 2528 309 2564 pientia:
322 2528 396 2562 fecit,
413 2533 495 2564 atque
509 2530 580 2558 hanc
596 2531 680 2559 veluti
693 2532 783 2567 pullus
798 2531 909 2566 quidam
922 2539 990 2558 con-

197 2577 313 2611 junctus
326 2584 382 2603 una
404 2577 570 2612 sequebatur
595 2579 749 2606 sobrietas:
768 2578 878 2613 utrique
897 2582 988 2605 autem

198 2622 365 2650 continentia
379 2623 506 2657 praesidio
519 2628 598 2650 erat:
618 2624 701 2651 animi
716 2631 782 2651 vero
805 2624 986 2651 humilitatem

198 2672 226 2695 et
238 2667 453 2696 moderationem
471 2677 524 2696 una
541 2677 604 2696 cum
632 2669 835 2705 contemptione
861 2670 989 2705 pecunia-

198 2719 259 2738 rum
274 2717 418 2741 assecutus
432 2717 486 2742 est.
505 2713 566 2742 Non
579 2714 651 2742 enim
663 2714 772 2743 aliunde
786 2714 876 2744 fastus
889 2718 917 2743 et
941 2722 991 2743 su-

234 2802 245 2817 ³
261 2801 334 2829 Psal.
352 2808 406 2834 πει,
420 2801 464 2829 l5.

1041 1751 1298 1787 κατολισθαινούσης
1314 1750 1466 1786 προχείρως
1480 1751 1518 1782 ῶς
1529 1750 1563 1777 τὰ
1581 1750 1666 1777 πολλὰ
1678 1750 1730 1785 τῆς
1741 1750 1836 1785 νεότη-

1039 1806 1085 1830 τος
1095 1806 1102 1813 ·
1115 1797 1176 1824 τότε
1186 1797 1230 1824 διὰ
1246 1798 1295 1833 τῆς
1311 1797 1422 1833 πρώτης
1433 1797 1479 1823 τοῦ
1497 1796 1554 1832 βίου
1569 1797 1716 1832 αἱρέσεως,
1732 1795 1837 1829 ἔδειξεν

1040 1844 1082 1878 ἐφ’
1099 1843 1197 1870 ἑαυτοῦ
1220 1843 1265 1870 τὸν
1288 1843 1369 1869 Δαϐὶδ
1390 1842 1565 1878 ἀληθεύοντα,
1588 1843 1629 1869 ὅτι
1655 1842 1779 1875 Δίκαιος
1796 1843 1837 1874 ὡς

1039 1889 1142 1924 φοῖνιξ
1158 1888 1329 1922 ἐξανθήσει.
1346 1889 1434 1916 Μόνον
1447 1888 1501 1924 γὰρ
1513 1888 1544 1924 δὴ
1557 1887 1634 1915 τοῦτο
1648 1887 1705 1914 τῶν
1716 1888 1836 1923 δένδρων

1039 1936 1136 1970 τελείῳ
1149 1935 1187 1970 τῷ
1204 1935 1287 1970 πάχει
1306 1935 1356 1970 τῆς
1373 1934 1496 1970 κορυφῆς
1511 1934 1566 1961 ἀπὸ
1580 1934 1628 1970 τῆς
1645 1934 1698 1969 γῆς
1714 1934 1835 1968 ἀναφύε-

1040 1990 1085 2008 ται
1095 1989 1102 1996 ·
1119 1982 1167 2008 καὶ
1180 1981 1230 2016 τῆς
1245 1981 1315 2008 κατὰ
1334 1981 1363 2008 τὸ
1382 1981 1470 2016 μῆκος
1487 1981 1658 2016 ὲπιδιδούσης
1670 1981 1815 2018 αὐξήσεως
1825 2003 1833 2015 ,

1040 2027 1168 2062 οὐδεμίαν
1192 2027 1238 2053 ἐπὶ
1259 2027 1290 2053 τὺ
1306 2027 1407 2059 πλάτος
1421 2027 1581 2063 προσθήκην
1595 2026 1651 2054 ἀπὸ
1673 2027 1721 2054 τοῦ
1735 2028 1834 2063 χρόνον

1040 2074 1156 2108 δέχεται.
1179 2073 1257 2100 Οὕτω
1288 2074 1413 2105 κάκεῖνος
1439 2073 1493 2100 ἀπὸ
1514 2073 1564 2108 τῆς
1595 2072 1708 2109 πρώτης
1731 2074 1834 2109 ἤνθησε

1041 2119 1170 2155 βλάστης,
1192 2119 1272 2151 εὐθὺς
1286 2121 1319 2155 τῇ
1336 2120 1440 2155 αἱρέσει
1455 2119 1502 2146 τοῦ
1516 2119 1575 2154 βίου
1588 2119 1691 2151 τέλειος
1705 2119 1834 2154 ἀνασχὼν

1041 2166 1088 2192 καὶ
1101 2165 1243 2200 ὐψίκομος.
1261 2165 1373 2193 Πάντων
1388 2165 1442 2200 γὰρ
1457 2164 1588 2197 ἀποστὰς,
1610 2165 1674 2200 περὶ
1694 2164 1713 2192 ἃ
1727 2165 1759 2191 τὸ
1776 2164 1834 2191 νέςν

1040 2212 1090 2246 τῆς
1109 2211 1215 2247 ἡλικίας
1237 2211 1387 2247 ἐπτόηται,
1412 2212 1544 2246 ἱππικῆς,
1563 2210 1753 2246 κυνηγεσίων,
1772 2210 1835 2237 κα).-

1040 2257 1233 2293 λωπισμάτων,
1247 2257 1412 2293 ἐνδυμάτων,
1425 2257 1547 2289 κυϐείας,
1559 2256 1768 2292 τρυφῆς-εὐθὺς
1776 2257 1835 2288 ὅλος

1039 2304 1089 2338 τῆς
1106 2303 1160 2330 τῶν
1176 2303 1282 2339 ἀρετῶν
1297 2304 1419 2338 κτήσεως
1434 2301 1483 2338 ἦν,
1499 2303 1529 2329 τὸ
1552 2303 1710 2338 πρόσφορον
1724 2303 1772 2330 ἀεὶ
1787 2303 1834 2336 τῆς

1041 2350 1181 2385 παρούσης
1195 2349 1269 2385 αὐτῴ
1282 2349 1390 2385 ἡλικίας
1406 2349 1523 2385 καθεξῆς
1545 2348 1775 2384 προαιρούμενος.
1792 2349 1834 2375 Γί-

1040 2405 1113 2423 νεται
1137 2396 1165 2422 δὲ
1187 2396 1262 2431 αὐτῷ
1284 2395 1380 2432 πρώτη
1396 2395 1447 2430 τῆς
1466 2396 1588 2431 κτήσεως
1609 2394 1664 2421 τῶν
1680 2394 1799 2430 ἀρετῶν,
1818 2394 1834 2428 ἡ

1040 2441 1104 2476 περὶ
1118 2440 1166 2477 τὴν
1183 2441 1278 2476 σοφίαν
1302 2440 1415 2476 σπουδή.
1434 2440 1525 2475 Ταύτῃ
1546 2440 1575 2466 δὲ
1592 2440 1736 2466 συνείπετο
1750 2439 1833 2466 καθά-

1040 2495 1093 2522 περ
1118 2495 1160 2518 τις
1184 2487 1273 2518 πῶλος
1296 2486 1497 2521 συνεζευγμὲνη
1517 2487 1533 2521 ἠ
1558 2485 1742 2521 σωφροσύνη·
1766 2485 1834 2520 πρὸς

1039 2533 1183 2568 ἀμφότερα
1199 2533 1227 2559 δὲ
1245 2532 1388 2568 σύμμαχος
1409 2530 1443 2568 ἦν
1460 2533 1478 2567 ἡ
1492 2532 1640 2568 ἐγκράτεια
1653 2540 1659 2547 ·
1678 2531 1710 2558 τὸ
1722 2531 1752 2558 δὲ
1771 2532 1835 2559 ἄτυ-

1039 2585 1090 2612 φον
1104 2577 1178 2612 αὐτῷ
1193 2578 1241 2604 καὶ
1257 2577 1400 2613 ἀόργητον,
1414 2579 1447 2613 τῇ
1464 2578 1519 2604 τῶν
1532 2577 1682 2612 χρημάτων
1699 2577 1835 2612 ὑπεροψῐᾳ

1044 2623 1279 2659 συγκατωρθὼθη.
1306 2624 1344 2650 Οὐ
1371 2623 1425 2658 γάρ
1447 2623 1519 2650 ἔστιν
1540 2623 1607 2658 ἄλλη
1625 2622 1712 2656 τύφου
1733 2631 1764 2649 τε
1790 2622 1834 2649 καὶ

1043 2670 1231 2706 ὑπερηφανίας
1247 2669 1354 2704 γένεσις
1366 2690 1373 2702 ,
1396 2669 1434 2705 μὴ
1450 2671 1500 2705 τῆς
1520 2669 1677 2701 πλεονεξίας
1700 2669 1785 2704 ἑαυτῇ
1801 2669 1834 2695 τὰ

1043 2715 1155 2743 τοιαῦτα
1171 2715 1244 2751 πάθη
1265 2715 1486 2750 συνεισαγούσης.
1505 2714 1638 2750 Καθάπερ
1657 2714 1686 2741 δὲ
1714 2714 1762 2741 τὸν
1785 2723 1835 2741 πα-
