1912 3082
85 111 134 139 901

570 110 613 137 DE
631 110 711 138 VITA
733 111 762 140 S.
785 111 948 139 GREGORH
975 110 1240 141 TllAUMATURGl.

1665 116 1717 145 902

84 168 220 204 τριάρχην
239 166 367 202 Ἀϐραὰμ
381 167 396 193 ὀ
411 166 489 201 λόγος
512 167 640 203 κατέχει,
656 169 708 204 τῆς
723 169 876 203 Χαλδαῖκῆς

928 169 1020 203 perbia
1032 169 1150 201 exsistit,
1167 170 1219 197 nisi
1236 170 1360 204 avaritia,
1376 179 1487 207 remque
1502 179 1579 200 suam
1595 174 1716 209 qualibet

86 214 247 248 φιλοσοφίας
260 214 289 239 ὲν
303 214 444 249 ἐπιστήμῃ
458 213 613 249 γενόμενον,
630 215 678 240 καὶ
694 215 743 250 τὴν
760 214 876 249 ἐναρμό-

86 260 144 287 νιόν
165 268 194 286 τε
213 259 260 286 καὶ
281 259 453 294 τεταγμένην
474 259 528 285 τῶν
548 259 656 294 ἄστρων
671 260 876 295 κατανοήσαντα

86 306 162 332 Θέσιν
191 304 238 331 καὶ
266 304 388 339 κίνησιν,
409 304 552 340 ὑποϐάθρᾳ
575 305 729 340 χρήσασθαι
753 307 786 341 τῇ
812 306 876 341 περὶ

86 351 173 378 ταῦτα
185 350 285 385 γνώσει
297 349 366 386 πρὸς
376 349 424 385 τὴν
434 350 481 376 τοῦ
493 350 690 385 ὑπερκειμένου
701 351 802 384 ἀγαθοῦ
815 350 877 377 θεω-

87 397 159 432 ρίαν,
170 395 358 430 λογισάμενον,
368 395 405 426 ὡς
413 395 436 421 εί
443 396 476 421 τὰ
486 395 519 429 τῆ
527 395 649 431 αἰσθήσει
657 396 746 431 ληπτά
752 396 875 429 τοιαῦτα,

86 442 112 468 τί
127 441 161 468 ἂν
179 441 222 476 εἴη
239 440 274 467 τὰ
296 440 366 475 ὑπὲρ
381 440 527 475 αἴσθησιν;
544 441 590 467 καὶ
613 441 699 472 οὕτως
719 441 766 468 τοῦ
782 442 877 477 ζητου-

88 489 173 523 μένου
197 488 298 522 τυχεῖν,
323 485 378 512 οἷον
402 486 534 513 ἐπιϐάντα
556 486 607 521 τῆς
623 487 674 519 ἔξω
696 487 790 522 σοφίας
804 508 811 520 ,
830 488 877 515 καὶ

85 533 233 569 γενόμενον
249 533 283 559 δι’
299 532 384 566 αὐτῆς
408 532 581 568 ὑψηλότερον,
607 532 677 559 ὥστε
698 534 876 568 προσεγγίσαι

83 580 188 614 τρόπον
212 578 273 605 τινὰ
297 577 329 604 δι’
349 577 434 612 αὐτῆς
453 579 509 609 τοῖς
530 577 677 613 ὰλήπτοις·
701 578 772 605 οὕτω
796 579 843 605 καὶ
863 580 877 605 ό

84 625 182 659 Μέγας
197 620 290 656 οὗτος,
306 625 339 659 τῇ
356 623 408 656 ἔξω
426 624 571 659 φιλοσοφίᾳ
590 624 623 650 δι’
639 623 797 659 ἐπιμελείας
815 625 877 652 καθ-

83 669 268 706 ομιλήσας,δι“
279 666 316 696 ὧν
324 669 522 704 ὸῈλληνισμδς
533 671 588 701 τοῖς
597 669 702 701 πολλοῖς
711 669 876 704 βεϐαιοῦται,

83 717 132 744 διὰ
150 717 253 743 τούτων
273 715 401 751 ὡδηγήθη
424 715 493 751 πρὸς
515 715 564 751 τὴν
586 715 633 742 τοῦ
660 715 876 752 Χριστιανισμοῦ

83 762 262 797 κατανόησιν,
278 762 324 788 καὶ
342 760 500 788 καταλιπὼν
517 761 566 797 τὴν
588 761 801 797 πεπλανημένην
823 762 877 788 τῶν

83 809 213 844 πατέρων
224 808 382 843 θρησκείαν,
397 807 490 843 ἐζήτει
503 808 553 843 τὴν
570 807 624 834 τῶν
639 808 723 835 όντων
737 808 875 843 ἀλήθειαν,

83 855 116 888 ἐξ
129 854 220 882 αὐτῶν
238 853 292 880 τῶν
305 853 502 888 πεπονημένων
516 855 572 885 τοῖς
583 853 683 886 ἔξωθεν
699 853 832 888 διδαχθεὶς
845 854 876 881 τὸ
892 852 912 880 Β

82 900 142 926 τῶν
164 899 326 934 Ἑλληνικῶν
344 899 487 933 δογμάτων
506 899 669 925 ἀσύστατον.
693 899 802 934 Ἐπειδὴ
821 899 876 936 γὰρ

84 945 156 973 εἶδεν
167 945 235 982 πρὸς
244 945 388 980 διαφόρους
399 944 547 980 ὑπολήψεις
558 946 586 971 ἐν
596 946 655 977 ταῖς
666 945 730 980 περὶ
742 944 788 971 τοῦ
798 946 875 973 Θείου

83 992 177 1024 δόξαις
191 991 354 1027 σχιζομένην
368 991 418 1027 τὴν
432 991 591 1027 Ἑλληνικὴν
607 993 654 1018 καὶ
675 992 723 1028 τὴν
740 992 876 1029 βάρϐαρον

83 1038 185 1073 ὁμοίως
198 1037 365 1072 φιλοσοφίαν,
377 1037 424 1063 καὶ
435 1037 499 1068 τοὺς
515 1037 569 1064 τῶν
581 1037 725 1072 δογμάτων
741 1046 876 1074 προεστη-

83 1084 179 1115 κότας,
192 1082 253 1109 οὔτε
265 1083 333 1119 πρὸς
345 1083 476 1118 ἀλλήλους
489 1083 696 1118 συμϐαίνοντας,
718 1085 764 1111 καὶ
775 1085 805 1111 τὸ
816 1084 876 1112 καθ’

83 1130 182 1156 ἑαυτὸν
205 1129 318 1156 ἕκαστον
335 1129 480 1166 κρατύνειν
500 1131 533 1165 τῇ
558 1131 684 1166 περινοίᾳ
706 1130 761 1157 τῶν
787 1131 875 1165 λόγων

83 1175 321 1210 φιλονεικοῦντας·
337 1175 450 1207 τούτους
467 1176 517 1211 μὲν
534 1176 630 1212 ὥσπερ
646 1178 674 1203 ἐν
691 1177 815 1213 ἐμφυλίῳ
829 1186 878 1204 πο-

83 1221 172 1257 λέμῳ,
185 1221 231 1248 ὑπ’
240 1221 362 1256 ἀλλήλων
374 1221 609 1256 ἀνατρεπομένους
620 1221 765 1248 κατέλιπεν
776 1230 782 1237 ·
797 1230 878 1249 κατα-

83 1268 220 1304 λαμϐάνει
235 1267 264 1293 δὲ
280 1267 326 1294 τδν
343 1267 448 1294 ἑστῶτα
462 1267 539 1301 λόγον
551 1267 601 1302 τῆς
616 1268 734 1299 πίστεως
744 1288 752 1301 ,
775 1268 821 1294 τὸν
832 1268 876 1294 οὺ-

83 1313 168 1348 δεμιᾷ
183 1313 279 1348 λογικῇ
294 1322 346 1340 τινι
363 1313 510 1348 περιεργίᾳ
534 1313 581 1340 καὶ
602 1314 739 1348 τεχνικαῖς
764 1313 877 1346 πλοκαῖς

83 1358 298 1394 κρατυνόμενον,
310 1358 378 1385 ἀλλὰ
389 1358 421 1385 δι’
431 1358 582 1394 ἁπλότητος
596 1359 727 1394 ῥημάτων
738 1359 877 1395 δμοτίμως

84 1406 154 1432 πᾶσι
172 1404 425 1440 καταγγελλόμενον
439 1413 445 1420 ·
458 1405 487 1437 ὃς
499 1406 529 1432 ἐν
542 1405 615 1441 αὐτῷ
629 1405 667 1441 τῷ
681 1406 751 1442 ὑπὲρ
764 1406 812 1442 τὴν
834 1406 878 1433 πί-

84 1460 145 1479 στιν
164 1450 250 1483 εἷναι,
262 1452 292 1478 τὸ
304 1452 399 1478 πιστὸν
416 1451 482 1487 ἔχει.
497 1452 528 1478 Εἰ
539 1451 594 1488 γὰρ
608 1451 727 1479 τοιοῦτον
739 1450 773 1488 ἦν
788 1453 817 1479 τὺ
834 1453 878 1479 λε-

83 1498 212 1532 γόμενον,
235 1496 273 1529 ὼς
291 1498 325 1532 τῇ
340 1496 395 1523 τῶν
413 1496 591 1532 ἀνθρωπίνων
611 1497 749 1532 λογισμῶν
763 1497 875 1533 δυνάμει

83 1542 357 1578 καταλαμϐάνεσθαι,
380 1541 455 1568 οὐδὲν
477 1541 509 1568 ἂν
532 1542 582 1577 τῆς
603 1542 765 1578 Ἑλληνικῆς
781 1544 876 1578 σοφίας

81 1589 211 1625 διήνεγκε
230 1588 370 1623 (κάκεῖνοι
384 1587 448 1623 γὰρ,
464 1588 531 1623 ὅπερ
546 1587 578 1614 ἂν
595 1588 757 1615 καταλαϐεῖν
771 1589 878 1625 ἐξαιχῶ

83 1643 182 1669 σωσιν,
200 1635 289 1662 έκεῖνο
304 1635 351 1661 καὶ
366 1631 435 1660 εῖναι
450 1633 641 1668 δοξάζουσιν),
660 1634 720 1661 ἐπεὶ
734 1634 763 1661 δὲ
782 1635 878 1662 ἀνεπί-

83 1683 168 1714 ϐατός
183 1682 242 1709 ἐστι
259 1681 399 1716 λογισμοῖς
412 1680 594 1716 ἀνθρωπίνοις
609 1680 657 1715 τῆς
678 1681 878 1716 ὑπερκειμένης

83 1728 195 1762 φύσεως
208 1729 225 1764 ἡ
240 1726 402 1762 κατάληψις,
418 1725 512 1753 τούτου
527 1725 608 1761 χάριν
622 1727 639 1761 ἡ
651 1726 741 1758 πίστις
755 1726 816 1753 ἀντὶ
825 1726 878 1753 τῶν

87 1773 227 1808 λογισμῶν
241 1772 356 1807 γίνεται,
367 1772 424 1802 τοῖς
440 1771 509 1807 ὑπὲρ
525 1771 603 1805 λόγον
618 1779 648 1796 τε
664 1771 710 1797 καὶ
726 1770 878 1806 κατάληψιν

84 1819 189 1855 ἑαυτὴν
207 1818 411 1845 ὲπεκτείνουσα.
433 1817 483 1844 Διὰ
506 1816 612 1849 ταῦτα,
634 1817 725 1848 καθὼς
749 1816 878 1853 περὶτοῦ

83 1866 228 1897 Μωῡσέως
239 1865 321 1900 φησὶν
339 1865 356 1900 ἡ
370 1864 476 1900 Γραφὴ,
492 1864 533 1890 ὅτι
550 1863 697 1899 ἐπαιδεύθη
710 1864 784 1899 πάσῃ
798 1863 878 1899 σοφίᾳ

82 1911 141 1938 τῶν
157 1911 314 1945 Αἰγυπτίων
322 1918 329 1926 ·
341 1910 428 1941 οὕτως
441 1908 487 1936 καὶ
501 1910 515 1936 δ
527 1908 618 1943 Μέγας
629 1906 717 1940 οὗτος,
732 1908 777 1935 διὰ
789 1909 879 1944 πάσης

83 1956 174 1984 ἐλθὼν
188 1958 237 1992 τῆς
255 1956 310 1983 τῶν
327 1955 462 1991 Ἐλλήνων
483 1954 660 1986 παιδεύσεως,
683 1954 730 1981 καὶ
750 1954 832 1989 γνοὺς
844 1956 877 1990 τῇ

84 2003 174 2038 πείρᾳ
191 2002 246 2028 τῶν
269 2001 335 2037 παρ’
362 2001 454 2031 αὐτοῖς
474 2000 619 2035 δογμάτων
641 2000 672 2027 τὸ
697 2000 808 2032 ἀσθενὲς
832 2001 879 2027 καὶ

84 2047 252 2079 ἀσύστατον,
268 2046 391 2082 μαθητὴς
402 2045 450 2072 τοῦ
461 2045 627 2080 Εὺαγγελίου
639 2045 818 2072 καθίσταται·
832 2045 880 2072 καὶ

84 2093 156 2129 ’πρὶν
172 2093 289 2128 ἀχθῆναι
308 2091 353 2119 διὰ
371 2091 421 2127 τῆς
448 2091 584 2126 μυστικῆς
605 2099 635 2117 τε
661 2091 709 2118 καλ¹
731 2091 878 2126 ἀσωμάτου

85 2139 260 2173 γεννήσεως,
289 2137 376 2169 οὕτως
398 2136 541 2172 κατώρθου
557 2136 603 2162 τδν
627 2135 696 2171 βίον,
718 2136 756 2167 ὡς
777 2136 879 2172 μηδένα

927 213 1033 241 ratione
1050 214 1165 249 augendi
1181 215 1300 242 studium
1319 215 1454 250 ejusmodi
1471 217 1537 244 vilia
1553 226 1606 245 una
1621 227 1715 246 secum

928 258 1049 286 inducat.
1064 259 1296 292 Quemadmodum
1318 265 1408 289 autem
1421 261 1491 289 fama
1509 266 1582 290 tenet
1598 265 1716 299 patriar-

927 305 1006 331 cham
1020 305 1207 332 Abrahanuun
1223 306 1378 334 Chaldaiczn
1395 308 1572 344 philosophiae
1602 311 1716 338 scientia

927 351 1082 386 praeditum,
1099 359 1161 378 cum
1186 353 1364 385 concinnum,
1396 358 1500 388 aptum,
1527 359 1628 388 ratum,
1653 364 1717 383 con-

927 400 1058 429 stantem,
1085 401 1201 430 certum,
1227 399 1437 435 ordinatumque
1455 400 1535 427 situm
1554 409 1586 428 ac
1612 407 1716 429 motum

927 444 1048 472 siderum
1065 445 1314 480 animadvertisset,
1330 447 1426 474 harum
1442 456 1532 476 rerum
1560 450 1717 484 cognitione

928 494 1056 524 tanquam
1074 491 1146 518 scala
1174 496 1255 527 atque
1284 492 1450 521 adminiculo
1467 502 1546 522 usum
1573 487 1660 523 fuisse
1682 495 1716 522 ad

928 537 1020 572 superi
1035 537 1100 564 boni
1118 539 1388 573 contemplationem,
1406 548 1467 567 cum
1483 545 1631 576 reputaret,
1642 541 1715 575 quod

927 583 949 609 si
969 590 1000 609 ea
1017 591 1078 618 quae
1104 591 1186 612 sensu
1216 585 1495 620 comprehenduntur,
1523 587 1586 614 talia
1611 591 1715 618 essent,

928 629 1009 662 quale
1025 637 1086 657 esse
1102 634 1193 665 posset
1208 631 1247 663 id,
1267 631 1338 666 quod
1354 639 1463 660 sensum
1482 637 1594 667 superat
1612 642 1618 660 :
1636 638 1717 668 atque

927 675 965 702 ita
980 680 1137 703 assecutum
1164 685 1226 705 esse
1238 677 1276 709 id,
1301 678 1373 713 quod
1403 679 1552 713 quterebat,
1579 686 1640 705 cum
1667 685 1716 705 ex-

928 725 1033 749 ternam
1050 722 1211 756 sapientiam
1225 723 1302 757 quasi
1317 723 1532 754 conscendisset,
1544 730 1575 749 ac
1591 730 1639 757 per
1654 730 1714 749 eam

928 767 1074 795 sublimior
1086 768 1229 799 evasisset,
1248 773 1277 795 ut
1291 769 1374 796 rebus
1390 769 1716 805 incomprehensibilibus

928 819 955 841 et
971 814 1078 849 captum
1095 814 1288 850 eﬁ'ugientibus
1305 823 1353 850 per
1370 815 1442 842 illam
1458 814 1660 850 quodammodo
1668 822 1717 849 ap-

927 861 1123 895 propinquaret
1142 870 1149 888 :
1171 861 1208 888 ita
1224 861 1306 888 etiam
1322 861 1436 896 Magnus
1460 862 1521 893 iste,
1537 868 1599 888 cum
1617 860 1645 887 in
1666 868 1716 887 er-

927 911 1011 934 tl-rnae
1038 908 1179 943 sapientia:
1206 908 1297 935 studio
1314 908 1459 943 diligenter
1488 911 1615 934 versatus
1632 910 1714 938 esset,

927 959 974 986 per
990 959 1059 986 quas
1074 959 1117 979 res
1130 952 1253 987 plerique
1269 960 1378 980 errores
1391 952 1546 980 Graecorum
1562 951 1718 986 gentilium-

927 1005 980 1032 que
994 997 1137 1025 stabiliunt
1151 1002 1233 1033 atque
1258 998 1433 1030 confirmant,
1466 998 1500 1025 iis
1524 997 1607 1025 rebus
1637 997 1715 1032 quasi

927 1042 1044 1070 ducibus
1054 1048 1081 1070 et
1095 1043 1232 1071 indicibus
1248 1051 1314 1071 usus
1329 1048 1370 1071 est
1385 1044 1417 1070 ad
1429 1043 1591 1071 Christianae
1605 1043 1717 1078 religio-

928 1088 970 1115 nis
984 1087 1178 1123 cognitionem,
1194 1095 1225 1115 ac
1242 1087 1336 1115 relicta
1351 1088 1420 1115 falsa
1436 1092 1577 1122 parentum
1595 1095 1627 1114 ac
1657 1095 1717 1114 ma-

925 1133 1017 1167 jorum
1034 1133 1175 1168 religione,
1194 1140 1285 1160 rerum
1303 1133 1445 1160 veritatem
1459 1133 1649 1168 quaerebat,”
1663 1132 1717 1160 illis

927 1176 994 1211 ipsis
1007 1185 1068 1212 quae
1090 1177 1125 1204 ab
1149 1177 1270 1204 externis
1290 1177 1461 1212 philosophis
1483 1177 1622 1205 elaborata
1641 1181 1716 1209 sunt,

928 1222 1052 1255 edat-tus,
1072 1230 1154 1257 quam
1177 1229 1231 1249 non
1256 1222 1409 1250 consistere
1436 1222 1559 1258 possint,
1580 1230 1718 1257 quamque

927 1275 1025 1302 parum
1054 1267 1107 1295 sibi
1134 1270 1262 1295 constent
1293 1267 1435 1295 sententiae
1463 1271 1546 1302 atque
1569 1266 1717 1301 opiniones

928 1312 1094 1340 Graecanica
1120 1313 1262 1340 doctrinae.
1281 1312 1462 1348 Posteaquam
1490 1313 1562 1340 enim
1591 1311 1717 1339 animad-

927 1358 1174 1386 vertitGrzecorum
1189 1358 1271 1386 simul
1281 1366 1313 1385 ac
1325 1358 1504 1386 barbarorum
1516 1357 1716 1393 philosophiam

929 1405 955 1432 in
982 1405 1015 1433 iis
1039 1405 1195 1436 sententiis,
1219 1405 1320 1439 quibus
1346 1405 1379 1432 de
1408 1405 1520 1432 numine
1545 1404 1637 1431 divino
1651 1404 1717 1439 quid

929 1451 1103 1479 sentiendum
1119 1452 1154 1478 sit
1167 1455 1301 1483 statuunt,
1323 1451 1349 1477 in
1363 1450 1487 1478 diversas
1505 1450 1593 1478 scindi
1608 1451 1718 1486 opinio-

929 1505 978 1525 nes
991 1506 998 1527 ς
1012 1504 1162 1532 earumque
1182 1496 1378 1524 sententiarum
1396 1496 1632 1531 praesides,.neque
1647 1496 1719 1523 inter

928 1550 989 1570 sese
1004 1550 1157 1578 congruere
1172 1548 1254 1577 atque
1269 1541 1448 1574 concordare,
1466 1545 1493 1569 et
1512 1542 1606 1570 solerti
1621 1542 1717 1577 exqui-

927 1589 1035 1624 sitaque
1062 1588 1207 1616 verborum
1221 1593 1247 1615 et
1263 1591 1487 1624 argumentorum
1516 1589 1719 1623 excogitatione

928 1642 1005 1663 suam
1035 1642 1259 1669 unumquemque
1291 1632 1454 1661 sententiam
1480 1633 1605 1660 stabilire
1635 1637 1718 1668 atque

927 1681 1091 1709 conﬁrmare
1101 1680 1213 1713 conari;
1223 1680 1274 1708 bos
1290 1679 1409 1714 quidem,
1423 1683 1552 1714 tanquam
1565 1678 1718 1707 domestico

928 1727 1000 1755 bello
1014 1734 1043 1754 se
1063 1727 1179 1754 invicem
1196 1729 1351 1753 evertentes
1361 1729 1388 1753 et
1403 1725 1580 1753 conﬁcientes
1596 1725 1716 1761 reliquit.

928 1772 1109 1808 Consequitur
1124 1778 1213 1800 autem
1229 1775 1256 1799 et
1269 1770 1442 1806 amplectitur
1456 1770 1651 1799 consistentem
1661 1775 1720 1798 sta-

928 1819 1064 1855 bilemque
1079 1826 1111 1845 ac
1126 1818 1232 1845 ﬁrmum
1243 1817 1305 1845 ﬁdei
1319 1824 1484 1849 sermonem,
1497 1816 1542 1852 qui
1552 1824 1606 1843 non
1620 1816 1719 1852 exqui-

928 1865 980 1893 sita
995 1865 1114 1900 quadam
1142 1869 1223 1900 atque
1239 1863 1405 1891 redundanti
1426 1863 1574 1891 verborum
1600 1863 1720 1891 curiosi-

928 1915 994 1942 tate,
1015 1915 1043 1938 ct
1062 1910 1220 1938 artiﬁciosis
1245 1910 1361 1938 nexibus
1378 1913 1601 1944 argumentorum
1618 1909 1720 1937 conﬁr-

928 1961 1031 1989 malnr,
1045 1955 1093 1983 sed
1105 1964 1155 1992 per
1167 1955 1371 1990 simplicitatem
1383 1955 1528 1982 verborum
1544 1955 1672 1982 omnibus
1684 1963 1719 1982 ex

929 2009 1008 2037 aequo
1028 2002 1206 2028 annuntiatur
1220 2010 1227 2028 :
1243 2000 1290 2036 qui
1318 2000 1344 2027 in
1369 2000 1421 2027 hoc
1449 2000 1521 2034 ipso,
1539 2000 1612 2035 quod
1635 2008 1718 2036 supra

930 2048 1009 2075 ﬁdem
1021 2052 1073 2079 est,
1091 2047 1143 2073 vim
1161 2046 1221 2073 ﬁdei
1240 2046 1372 2073 faciendae
1389 2045 1471 2073 habet
1486 2054 1493 2078 ;
1511 2053 1573 2072 nam
1590 2045 1612 2072 si
1628 2045 1667 2077 id,
1684 2045 1718 2073 de

930 2102 985 2130 quo
1002 2101 1094 2122 sermo
1107 2093 1233 2124 habetur,
1242 2085 1376 2127 ejusmodi
1395 2095 1478 2124 esset,
1491 2095 1520 2118 ut
1536 2092 1718 2119 humanarum

930 2141 956 2168 vi
976 2140 1113 2167 rationum
1124 2142 1150 2165 et
1168 2138 1430 2173 argumentationum
1448 2138 1641 2173 comprehendi
1654 2146 1719 2172 pos—

85 2183 175 2220 ρύπον
189 2183 238 2218 τῆς
253 2183 391 2218 ἁμαρτίας
412 2182 459 2208 ἐπὶ
474 2182 504 2208 τὺ
524 2181 636 2217 λουτρὸν
659 2182 876 2216 εἰσενέγκασθαι.

932 2191 983 2219 set,
998 2185 1066 2213 nihil
1090 2193 1106 2212 a
1129 2184 1286 2212 Grzecanica
1302 2184 1434 2219 sapientia
1460 2183 1581 2212 diﬁerret
1599 2184 1672 2219 (nam
1690 2188 1719 2211 et

84 2229 180 2264 Οὔσης
195 2228 224 2255 δὲ
242 2228 317 2264 αὐτῷ
334 2228 384 2263 τῆς
396 2227 533 2262 διαγωγῆς
549 2228 579 2254 ὲν
595 2227 726 2263 Αἰγύπτῳ
742 2228 814 2254 κατὰ
831 2228 881 2263 τὴν

87 2276 213 2313 μεγάλην
227 2274 276 2302 τοῦ
296 2275 471 2310 Ἀλεξάνδρου
484 2274 572 2307 πόλιν,
585 2275 626 2306 είς
640 2275 673 2310 ἠν
687 2275 734 2301 καὶ
750 2276 766 2310 ὴ
779 2283 881 2302 παντα-

85 2322 168 2359 χόθεν
189 2322 313 2358 συνέρρει
331 2321 427 2356 νεότης
448 2320 502 2347 τῶν
522 2320 587 2356 περὶ
608 2320 768 2355 φιλοσοφίαν
782 2329 813 2347 τε
834 2321 882 2348 καὶ

87 2368 216 2404 ἰατρικὴν
241 2367 467 2394 ἐσπουδακότων·
498 2367 617 2402 χαλεπὸν
638 2364 673 2402 ἦν
695 2368 751 2398 τοῖς
772 2366 881 2403 ὀμήλιξι

85 2416 197 2450 θέαμα,
221 2414 282 2445 νέος
302 2413 373 2448 ὑπὲρ
395 2413 445 2448 τὴν
467 2413 575 2448 ἡλικίαν
595 2414 628 2449 τῇ
651 2412 814 2449 σωφροσύνῃ
835 2421 881 2439 κο-

87 2461 256 2496 σμούμενος.
277 2459 307 2486 '0
323 2459 377 2494 γὰρ
399 2459 447 2485 τοῦ
463 2458 661 2493 καθαρεύοντος
682 2458 793 2490 ἔπαινος
804 2479 811 2490 ,
826 2458 881 2485 τῶν

89 2505 282 2543 μολυνομένων
307 2504 409 2536 ὕνειδος
424 2502 469 2539 ἦν.
498 2504 541 2536 Ὠς
560 2503 593 2530 ἂν
619 2501 664 2530 οὖν
689 2503 822 2538 ἀπολογία
838 2512 882 2535 τις

87 2553 132 2587 εἴη
145 2553 202 2582 τοῖς
218 2550 388 2582 ἀκολάστοις,
401 2550 432 2576 τὸ
444 2549 482 2585 μὴ
499 2550 595 2585 μόνους
604 2549 702 2580 αὐτοὺς
714 2547 782 2576 εἶναι
793 2549 882 2576 δοκεῖν

86 2597 240 2629 τοιούτους,
255 2596 362 2623 ἐπίνοιά
375 2605 417 2628 τις
437 2595 467 2628 ἐξ
487 2595 632 2631 ἐπιϐουλῆς
650 2595 715 2632 παρ’
730 2595 818 2623 αὐτῶν
832 2596 881 2622 ἐπ-

87 2643 254 2679 εσκευάσθη,
267 2642 313 2669 τοῦ
324 2642 418 2678 μῶμόν
431 2651 491 2669 τινα
503 2641 541 2677 τῷ
552 2642 602 2677 βίῳ
611 2642 658 2669 τοῦ
668 2641 793 2676 Μεγάλου
802 2649 885 2677 προσ-

87 2687 249 2724 τρίψασθαι,
270 2687 324 2714 Καὶ
342 2686 520 2722 προϐάλλεται
537 2687 603 2722 παρ’
617 2687 718 2719 αὐτῶν,
735 2687 776 2718 είς
793 2687 883 2713 διαϐο-

86 2735 140 2770 λὴν
162 2733 269 2760 ἐκείνου
281 2752 289 2765 ,
315 2732 426 2767 γύναιον
448 2732 604 2768 ἑταιρικὸν,
624 2731 655 2765 ὲξ
674 2732 822 2768 οἰκήματος
838 2732 882 2759 ἐπ’

143 2823 152 2838 ⁴
166 2824 229 2850 Act.
245 2830 292 2854 vn,
304 2821 348 2849 22.

932 2233 971 2260 illi
999 2232 1183 2267 quodcunque
1210 2229 1443 2265 comprehendere
1471 2229 1621 2263 valuerint,
1650 2229 1716 2257 illud

931 2278 1014 2307 etiam
1039 2284 1101 2305 esse
1117 2275 1255 2309 censent),
1281 2275 1328 2302 sed
1345 2275 1474 2310 quoniam
1497 2283 1556 2303 eam
1577 2279 1717 2307 naturam,

931 2331 990 2360 quae
1006 2324 1034 2350 in
1054 2322 1161 2358 superis
1189 2321 1300 2349 sedibus
1316 2321 1397 2348 rebus
1423 2321 1551 2356 pmsidet
1570 2321 1717 2353 universis,

930 2370 1113 2406 cogitationes
1139 2371 1166 2395 et
1185 2368 1304 2394 rationes
1327 2366 1453 2394 humanae
1468 2366 1577 2401 assequi
1599 2370 1626 2394 et
1643 2374 1718 2394 com-

932 2415 1104 2452 prehendere
1125 2422 1180 2442 nou
1205 2417 1336 2448 possunt;
1352 2412 1456 2440 idcirco
1480 2412 1548 2440 ﬁdes
1571 2412 1598 2439 in
1627 2413 1717 2440 locum

931 2461 1069 2489 rationum
1095 2459 1235 2490 succedit,
1252 2459 1284 2486 ad
1300 2466 1343 2491 ea,
1354 2466 1413 2494 qua;
1429 2462 1560 2493 superant
1583 2459 1716 2486 rationem

931 2511 958 2534 et
973 2505 1245 2541 comprehensionem
1259 2525 1266 2537 ,
1280 2505 1398 2533 enitens.
1420 2504 1565 2540 Propterea
1589 2505 1719 2540 quemad-

931 2551 1043 2578 modum
1059 2551 1093 2578 de
1118 2550 1210 2586 Moyse
1224 2550 1290 2577 dicit
1312 2550 1454 2585 Scriptura
1468 2551 1489 2584 ⁸,
1504 2550 1576 2585 quod
1593 2550 1717 2578 eruditus

933 2600 1007 2624 esset
1034 2596 1108 2623 omni
1131 2595 1265 2631 sapientia
1280 2595 1469 2631 [Egyptiorum
1484 2605 1491 2623 :
1509 2596 1546 2622 ita
1560 2596 1642 2623 etiam
1659 2603 1714 2622 ma~

934 2650 1004 2678 gnus
1019 2642 1071 2670 iste
1084 2642 1137 2675 vir,
1155 2649 1217 2669 cum
1241 2649 1348 2669 omnem
1364 2641 1520 2669 Graecorum
1536 2641 1716 2670 eruditionem

933 2694 966 2715 ac
976 2687 1148 2722 disciplinam
1164 2690 1352 2722 perscrutatus
1365 2691 1447 2720 esset,
1459 2687 1582 2722 factoque
1595 2687 1718 2723 periculo

933 2732 1085 2767 didicisset,
1102 2740 1183 2768 quam
1201 2732 1315 2760 inﬁrmae
1342 2740 1436 2760 eorum
1463 2733 1607 2768 opiniones
1636 2736 1719 2768 atque
