1912 3082
84 142 140 172 $05

583 140 625 167 ὓΕ
643 140 721 168 VlTA
739 140 769 168 S.
789 139 954 168 GREGOI‘JI
978 140 1243 170 TIIAUMATURGI.

1658 139 1710 168 906

85 200 301 236 πραγμονούσης
322 199 367 225 τὴν
386 199 443 234 βίον
454 219 460 230 ,
476 199 506 226 οὒ
525 199 628 234 πατρὸς
641 199 874 234 παιδαγωγοῦντος

929 200 1014 228 sobrii
1030 208 1152 235 sanaque
1169 205 1259 228 mente
1274 200 1378 234 prmditi
1395 208 1449 227 nou
1466 205 1569 230 essent.
1585 207 1647 227 cum
1660 209 1710 228 nec

85 249 137 283 τὴν
151 247 212 273 καθ’
227 246 333 282 ἡμέραν
350 245 422 281 ζωήν
435 253 442 260 '
464 246 502 276 εἰς
518 245 644 272 τοσοῦτον
666 246 767 280 ἐπῆρεν
782 245 876 272 ἑαυτὸν

85 292 120 318 δι’
135 290 270 321 ἀπαθείας
281 289 348 326 πρὸς
362 289 474 325 ἀρετὴν,
489 290 526 321 ὡς
538 290 582 316 τὸν
593 289 640 316 τοῦ
654 291 754 322 παντὸς
768 289 875 326 ἔφορον,

89 338 216 373 μάρτυρα
234 335 290 362 τῶν
312 335 484 370 βεϐιωμένων
507 335 684 370 ποιήσασθαι,
704 336 749 362 τὸν
771 338 803 372 τῇ
828 345 876 363 πο-

85 384 159 418 νηρᾷ
174 383 262 418 πληγῇ
281 382 329 417 τὴν
346 381 528 415 συκοφαντίαν
544 382 593 416 τῆς
609 381 738 415 γυναικὸς
759 382 875 416 ἀπελέγ-

86 430 183 462 ξαντα.
198 429 252 455 Καὶ
267 428 294 454 τί
304 428 337 455 ἄν
350 436 392 459 τις
407 428 559 463 ὲπινοήσειε
574 428 664 463 μεῖζον
676 428 717 459 εἰς
731 429 875 463 ἐγκωμίων

88 473 234 505 (malum;
255 473 312 505 πῶς
332 473 353 499 δ’
373 473 405 500 ἄν
427 482 467 505 τις
490 473 550 499 κατ’
575 473 653 506 ἀξίαν
675 474 755 501 αὑτὸν
770 474 875 510 θαυμά-

87 528 176 550 σειεν;
194 521 240 551 Ὃς
256 518 295 554 τῷ
321 519 393 553 λόγῳ
418 519 624 551 καταπαλαίσας
648 519 696 555 τὴν
723 520 802 554 φύσιν
829 520 875 547 καὶ

88 564 216 599 καθάπερ
231 573 256 590 τι
274 563 327 590 τῶν
341 564 503 599 ὑποχειρίων
518 563 594 596 ζώων
612 564 762 596 ὑποζεύξας
775 565 814 600 τῷ
831 565 876 592 λο-

87 611 182 646 γισμῷ
201 610 248 645 τὴν
262 610 392 645 νεότητα,
415 610 462 637 καὶ
485 610 592 638 πάντων
616 611 669 637 τῶν
687 611 808 645 φυσικῶν
827 612 875 638 ὲπ-

86 656 270 692 εγειρομένων
281 656 449 691 παθημάτων
463 656 593 691 κρείττων
606 656 760 692 γενόμενος,
771 657 817 682 καὶ
829 657 874 683 τὸν

85 703 156 729 πᾶσι
177 704 233 733 τοῖς
258 701 350 734 καλοῖς
376 702 557 737 ἐπιφυόμενον
577 702 674 736 φθόνον
699 702 759 728 καθ’
777 703 874 729 ἑαυτοῦ

85 748 219 783 κινήσας,
236 748 283 774 καὶ
303 747 396 774 τούτου
424 747 555 783 κρείττων
576 747 697 782 ἐγένετο,
716 749 783 783 μήτε
806 748 874 784 πρὸς

83 793 136 828 τὴν
157 793 300 829 ὲπιόουλὴν
312 793 366 819 τῶν
379 793 494 829 ἑταίρων
509 793 604 820 ἑαυτὸν
615 794 795 829 διαναστήσας
807 793 874 830 πρὸς

84 840 204 874 ἄμυναν,
220 840 267 865 καὶ
284 839 332 874 τὴν
352 838 597 875 ὑπηρετησαμένην
615 839 730 871 ἐκείνοις
746 839 814 874 πρὸς
828 839 874 866 τὸν

927 251 1015 274 mater
1030 247 1063 274 de
1082 248 1135 273 vita
1155 247 1267 274 curiose
1284 247 1447 282 inquireret,
1465 253 1515 274 nec
1530 250 1607 281 pater
1624 247 1708 274 vitam

926 292 1115 326 quotidianam
1138 293 1341 324 moderaretur,
1364 293 1391 320 in
1416 297 1530 325 tantam,
1555 300 1616 320 sese
1637 302 1652 320 a
1669 295 1710 321 vi-

926 338 973 365 tiis
989 343 1012 365 et
1032 338 1178 366 aliectibus
1194 338 1373 373 sejungcndo,
1393 338 1520 366 virtutem
1540 339 1635 366 enisus
1655 344 1708 372 est,

926 388 957 410 ut
974 383 1118 418 pra‘sidem
1137 391 1228 410 rerqu
1251 383 1451 413 universarum.
1469 383 1515 417 qui
1531 391 1580 418 per
1599 391 1707 418 gravent

926 428 1032 463 plagam
1045 428 1212 455 calumniam
1231 428 1355 455 mulieris
1371 428 1474 455 detexit
1485 432 1566 463 atque
1578 429 1706 460 convicit,

925 476 1022 499 testem
1039 473 1103 499 vita:
1119 480 1175 500 suae
1190 473 1301 500 faceret.
1318 473 1430 508 Ecquod
1447 473 1535 508 majus
1555 474 1654 508 aliquis
1673 475 1707 501 ad

926 518 1093 545 laudandum
1122 523 1314 553 argumentqu
1342 520 1499 554 excogitare
1523 521 1632 554 possit?
1660 521 1707 555 qui

926 565 1014 599 possit
1037 564 1111 591 bune
1140 565 1230 599 ipsum
1255 565 1354 599 aliquis
1377 565 1459 600 digne
1483 573 1515 592 ac
1534 574 1583 600 pro
1610 567 1708 592 merito

925 610 1068 643 admirari,
1082 611 1128 646 qui
1147 619 1210 638 cum
1235 611 1342 638 ratione
1361 615 1487 638 naturam
1500 612 1657 642 devicisset.
1676 620 1709 640 ac

925 656 1009 684 velttti
1037 661 1210 685 mansuetum
1236 657 1374 692 quoddam
1403 658 1514 688 animal.
1537 657 1707 692 jttveututem

926 702 978 730 sub
989 701 1084 737 jugum
1105 702 1222 730 rationis
1248 703 1381 735 misisset,
1406 703 1588 737 omnibusque
1605 703 1709 730 allecti-

925 748 977 775 bus
1006 748 1179 775 naturalibus
1206 748 1412 783 insurgentibus
1437 749 1562 784 superior
1591 749 1706 781 fuisset,

925 799 952 822 ct
971 794 1102 822 invidiam
1125 803 1185 830 qua:
1202 802 1297 822 omnes
1320 803 1363 821 res
1377 795 1492 822 eximias
1510 795 1639 822 invadere
1662 802 1708 823 so-

926 840 973 872 let,
1002 840 1136 868 adversus
1158 847 1188 868 se
1215 840 1372 871 excitasset,
1400 841 1482 867 etiam
1507 841 1559 868 bac
1582 841 1708 876 superior

86 871 185 919 μῶμον
207 871 474 920 εὐεργετήσας,“τοῦ’
491 871 561 911 κατὰ
575 871 620 911 τὸν
635 884 749 920 δαίμονα
769 871 874 917 πάθους

927 886 987 918 fuit,
999 885 1101 920 quippe
1121 893 1208 921 neque
1230 886 1264 912 ad
1280 886 1468 913 ulciscendum
1489 886 1602 914 insidias
1617 871 1707 913 Isoda-

83 930 298 966 διᾰιπροσευχῆς
317 930 483 965 ἐξελόμενος.
500 930 626 957 Τοιοῦτον
636 930 758 966 ἔγνωμεν
769 930 812 957 διὰ
824 931 875 966 τῆς

85 977 208 1012 ἱστορίας
224 976 268 1002 τὸν
287 976 385 1011 Ἰωσὴφ
396 994 405 1007 ,
419 972 440 1009 ᾧ
453 974 597 1010 προῦκειτο
612 976 661 1011 μὲν
677 977 736 1003 κατ’
752 977 875 1009 ἐξουσίαν

83 1023 102 1056 ἡ
119 1021 186 1057 περὶ
197 1021 244 1056 τὴν
257 1022 373 1055 γυναῖκα
391 1020 437 1047 τοῦ
459 1021 588 1048 δεσπότου
605 1022 759 1056 παρανομία
769 1041 776 1053 ,
791 1022 874 1057 αὐτῆς

84 1067 194 1102 ἐκείνης
213 1067 394 1101 ὲπιμανείσης
413 1068 445 1101 τῇ
461 1066 520 1102 ὥρᾳ
534 1067 581 1093 τοῦ
608 1067 685 1093 νέου·
701 1067 747 1094 καὶ
771 1067 874 1102 μάρτυς

82 1113 141 1140 τῶν
155 1113 336 1148 τολμωμένων
350 1111 384 1148 ἦν
397 1112 547 1149 ἀνθρώπων
569 1113 656 1145 οὐδείς
666 1120 675 1128 ·
695 1114 763 1140 ἀλλὰ
781 1115 875 1140 κάκεῖ-

83 1167 131 1190 νος
145 1158 212 1194 πρὸς
227 1158 272 1185 τὸν
283 1158 353 1186 θεῖον
370 1159 507 1194 ὀφθαλμὸν
525 1159 640 1194 βλέπων,
657 1159 687 1186 τὸ
704 1159 778 1191 δόξαι
791 1159 874 1192 κακὸς

83 1205 140 1240 πρὸ
146 1205 193 1232 τοῦ
206 1205 333 1238 γενέσθαι
352 1205 503 1240 προείλετο,
518 1205 552 1232 τὰ
566 1205 620 1232 τῶν
635 1205 795 1240 κακούργων
808 1205 874 1232 ὑπο-

83 1251 153 1282 στὰς
177 1250 276 1285 μᾶλλον
291 1270 299 1282 ,
313 1251 330 1286 ἦ
348 1251 499 1286 κακοῦργος
515 1251 668 1286 γενόμενος.
689 1251 757 1278 Ἀλλ’
770 1251 828 1278 ἐστι
844 1260 870 1278 τι

81 1296 156 1331 τάχα
171 1295 266 1331 τούτῳ,
283 1296 330 1322 καὶ
347 1295 426 1323 πλέον
437 1297 486 1330 τῆς
499 1295 617 1331 ἱστορίας
630 1296 829 1331 καυχήσασθαν
841 1296 872 1323 οὐ

82 1342 141 1378 γὰρ
156 1343 211 1370 ἴσον
228 1343 301 1370 ἐστὶν
317 1343 356 1375 είς
373 1344 529 1379 ἀποτροπὴν
549 1343 596 1370 τοῦ
618 1343 781 1378 μιάσματος.
800 1344 830 1370 τό
844 1352 873 1370 τε

81 1391 135 1425 τῆς
153 1391 276 1425 μοιχείας
293 1391 357 1424 ἄγος
368 1410 376 1422 ,
387 1390 476 1417 καὶτὸ
487 1389 582 1417 δοκοῦν
598 1391 627 1416 ὲν
646 1389 767 1417 ἐλάττονι
784 1389 874 1425 πλημ-

85 1434 226 1470 μελήματι
241 1435 285 1461 τὸν
299 1434 393 1470 μῶμον
416 1434 498 1469 ἔχειν.
519 1434 547 1460 '0
560 1434 647 1460 τοίνυν
663 1435 691 1460 ὲν
754 1433 874 1465 κίνδυνός

82 1488 127 1511 τις
141 1480 172 1506 ὲκ
187 1479 241 1506 τῶν
257 1480 345 1514 νόμων
366 1480 416 1506 οὐκ
441 1477 474 1515 ἦν
498 1479 687 1515 φοὸερωτέραν
710 1479 809 1514 μᾶλλον
824 1479 874 1514 τῆς

82 1524 220 1560 τιμωρίας
241 1524 325 1560 αὐτὴν
340 1524 370 1556 ἐξ
386 1525 522 1560 ἁμαρτίας
541 1523 635 1560 ἡδονὴν
651 1524 709 1551 καθ’
722 1525 821 1559 ἑαυτὴν
836 1524 873 1550 εἶ·
887 1538 908 1566 C

83 1579 129 1598 ναι
146 1571 241 1606 κρίνας
252 1591 260 1603 ,
282 1571 299 1607 ἢ
316 1572 455 1606 παρήλασε
474 1571 519 1598 τὸν
542 1572 641 1607 Ἰωσὴφ
657 1573 689 1607 τῇ
708 1571 875 1607 μεγαλοφυῖᾳ

83 1617 134 1644 τοῦ
146 1617 284 1652 θαύματος
295 1637 302 1649 ,
318 1617 334 1652 ἢ
360 1618 466 1648 πάντως
487 1617 537 1644 οὐκ
553 1617 582 1644 ἐν
595 1617 731 1653 δευτέροις
749 1617 875 1653 κριθήσε-

85 1671 144 1689 ται.
165 1663 245 1689 ’Δλλὰ
258 1663 287 1689 τὸ
306 1663 355 1698 μὲν
372 1663 514 1698 προοίμιον
532 1662 578 1689 τοῦ
595 1663 663 1697 βίου,
678 1663 807 1690 τοιοῦτον.
821 1662 874 1689 Αὐ-

83 1707 132 1740 τὸς
152 1707 180 1734 δὲ
193 1709 207 1734 ὁ
224 1708 280 1743 βίος
291 1708 331 1740 τίς
344 1717 352 1742 ;
374 1708 482 1743 Ἐπειδὴ
497 1709 586 1735 πᾶσαν
606 1708 744 1735 παίδευσιν
759 1710 808 1744 τῆς
822 1709 874 1741 ἔξω

85 1753 184 1788 σοφίας
200 1753 365 1789 ἐπιδραμῶ),
385 1754 492 1789 ἐνέτυχε
512 1754 678 1789 Φιρμιλιανῷ
692 1763 744 1781 τινι
757 1754 811 1780 τῶν
827 1755 872 1781 εὺ-

84 1799 225 1834 πατριδῶν
251 1799 441 1835 Καππαδόκῃ,
465 1799 634 1834 ὀμοιοτρόπῳ
660 1800 730 1826 κατὰ
751 1800 782 1827 τὸ
797 1798 872 1836 ἦθος,

83 1844 123 1877 ὡς
135 1845 236 1878 ἔδειξεν
252 1846 354 1877 ἐκεῖνος
377 1845 416 1881 τῷ
434 1845 502 1880 μετὰ
519 1845 605 1872 ταῦτα
621 1845 670 1881 βίῳ
680 1865 687 1877 ,
701 1846 803 1881 κόσμος
825 1847 875 1882 τῆς

90 1890 257 1926 Ἐκκλησίας
278 1891 332 1917 τῶν
349 1892 509 1927 Καισαρέων
533 1892 695 1927 γενόμενος,
717 1892 764 1918 καὶ
780 1892 824 1918 τόν
844 1900 873 1918 τε

85 1936 190 1962 σκοπὸν
213 1936 258 1962 τοῦ
280 1938 452 1971 φρονήματος
469 1937 516 1963 καὶ
541 1937 606 1963 ἰδίου
629 1937 686 1972 βίου
711 1938 825 1973 φανερὸν
835 1937 874 1972 τῷ

85 1981 160 2017 φίλῳ
176 1982 319 2017 ἐποίησεν,
334 1982 370 2013 ὡς
386 1983 428 2017 εἴη
449 1983 516 2018 πρὸς
533 1983 577 2009 τὸν
597 1983 662 2010 Θεὸν
683 1984 787 2018 βλέπων
800 2005 807 2015 ,
828 1985 874 2010 καὶ

83 2027 137 2062 τὴν
155 2027 258 2053 ἐκείνου
273 2028 390 2062 σπουδὴν
402 2028 471 2062 ἔγνω
489 2029 551 2063 περὶ
567 2028 615 2064 τὴν
631 2029 714 2064 αὐτὴν
727 2030 874 2064 ἐπιθυμίαν

86 2073 291 2107 συξιὸαίιουσαν
302 2095 310 2106 ,
332 2073 488 2100 καταλιπὼν
505 2075 594 2100 πᾶσαν
613 2074 661 2109 τὴν
678 2075 741 2109 περὶ
755 2075 802 2109 τῆς
822 2075 874 2108 ἔξω

85 2118 248 2152 φιλοσοφίας
262 2119 390 2153 σπουδὴν,
403 2120 554 2155 προσφοιτᾷ
568 2120 624 2155 μετ’
640 2120 742 2146 ἐκείνου
752 2121 791 2154 τῷ
804 2121 874 2147 κατὰ

83 2164 132 2190 τὸν
150 2164 243 2199 χρόνον
268 2165 369 2190 ἐκεῖνον
386 2164 435 2199 τῆς
449 2165 502 2191 τῶν
526 2165 694 2200 Χριστιανῶν
717 2165 874 2200 φιλοσοφίας

926 931 991 958 lium
1010 935 1176 963 comnotus,
1192 934 1219 957 et
1234 938 1304 962 eam,
1326 938 1387 965 quae
1409 930 1463 958 illis
1479 931 1506 958 in
1530 931 1708 958 subornaudo

925 975 1027 1010 probro
1041 983 1151 1009 operam
1176 979 1334 1006 navaverat.
1349 983 1397 1010 per
1413 976 1564 1003 orationem
1585 977 1618 1003 ab
1639 976 1708 1003 allii-

923 1023 1015 1048 ctione
1044 1022 1177 1049 dtemonis
1207 1022 1350 1049 liberatam
1382 1022 1513 1049 benclicio
1546 1027 1707 1056 prosecutus

924 1070 967 1093 est
979 1066 1008 1092 '?
1023 1065 1115 1093 Talem
1138 1074 1186 1100 per
1206 1066 1347 1093 historiam
1366 1068 1547 1101 cognovimus
1563 1067 1644 1093 ctiam
1661 1066 1708 1094 ,1ος

924 1111 1039 1146 scpltum
1055 1112 1151 1143 fuisse,
1164 1112 1207 1138 cui
1224 1111 1257 1139 ad
1268 1111 1411 1138 arbitrium
1426 1111 1535 1145 quidem
1549 1119 1610 1138 cum
1623 1120 1709 1140 uxore

923 1157 1025 1184 domini
1039 1157 1131 1184 scelus
1148 1160 1306 1191 perpetrare
1321 1161 1476 1191 promptum
1492 1160 1561 1187 erat,
1577 1165 1640 1184 cum
1661 1157 1707 1184 illa

924 1201 982 1236 ipsa
1010 1200 1102 1228 decori
1127 1200 1312 1228 adolescentis
1338 1201 1436 1228 insano
1465 1208 1557 1229 amore
1583 1207 1708 1237 correpta

924 1251 997 1273 esset
1014 1253 1086 1273 :nec
1109 1246 1256 1281 quisquam
1282 1246 1422 1273 hominum
1439 1255 1544 1278 eorum.
1565 1256 1625 1282 qurc
1648 1249 1707 1276 ausi

924 1292 1056 1324 fuissent,
1076 1293 1156 1320 testis
1169 1297 1196 1320 et
1210 1292 1313 1320 arbiter
1336 1292 1446 1320 futurus
1466 1299 1520 1320 erat
1540 1303 1546 1320 :
1562 1294 1608 1321 sed
1625 1294 1706 1321 etiam

924 1337 981 1370 ille.
998 1345 1061 1365 cum
1079 1346 1108 1365 se
1123 1337 1246 1364 diviuutn
1261 1339 1372 1364 oculum
1395 1338 1579 1373 inspectorcm
1599 1346 1705 1370 eorum,

923 1392 985 1419 quin
1011 1384 1262 1415 committerentur,
1288 1384 1388 1411 habere
1417 1384 1591 1419 intelligrret,
1619 1385 1707 1411 malus

923 1437 984 1457 esse
1011 1430 1107 1462 videri,
1130 1437 1211 1464 quam
1241 1429 1297 1456 ﬂeri
1323 1429 1494 1464 praeoptavit,
1520 1430 1705 1456 maleﬁcoruut

924 1475 1016 1509 potius
1041 1480 1136 1508 poenas
1162 1478 1244 1508 atque
1273 1473 1445 1501 incommoda
1473 1474 1596 1506 subiens,
1623 1482 1706 1509 quant

925 1520 1064 1547 malellcus
1081 1520 1211 1547 evadens.
1235 1519 1287 1547 Sed
1313 1519 1377 1546 licet
1402 1520 1519 1547 forsitan
1539 1520 1602 1548 huic
1624 1522 1706 1548 etiam

925 1565 1066 1600 aliquanto
1092 1565 1220 1600 amplius.
1249 1573 1331 1600 quant
1359 1565 1404 1592 illa
1429 1566 1549 1593 continet
1578 1566 1705 1600 historia,

923 1610 1052 1645 gloriari;
1077 1618 1130 1637 non
1150 1611 1221 1638 enim
1238 1619 1315 1645 neque
1339 1618 1469 1646 magnum
1488 1611 1565 1638 afl’erl
1582 1619 1707 1639 momen-

924 1660 980 1683 tum
996 1656 1028 1683 ad
1045 1656 1244 1684 aversationem
1263 1657 1374 1690 piaculi,
1391 1660 1448 1683 tum
1464 1657 1589 1684 adulterii
1604 1659 1706 1689 scelus,

925 1707 981 1729 ttun
996 1703 1021 1730 id
1035 1703 1107 1737 quod
1124 1703 1150 1730 iu
1177 1703 1278 1730 minori
1296 1703 1396 1730 delicto
1412 1703 1639 1737 vituperationem
1657 1703 1706 1730 ha-

924 1749 988 1775 bere
1002 1748 1117 1775 videtur.
1139 1748 1232 1783 Itaque
1243 1748 1288 1782 qui
1305 1749 1348 1776 ubi
1370 1749 1519 1783 pet-iculum
1535 1753 1562 1776 et
1584 1753 1672 1776 metus
1691 1757 1706 1776 a

924 1795 1031 1830 legibus
1056 1802 1108 1821 non
1138 1795 1321 1829 impendebat,
1350 1795 1438 1830 ipsam
1465 1796 1629 1829 voluptatem
1661 1803 1708 1830 per

923 1846 1068 1875 peccatqu
1083 1839 1296 1871 conciliandam,
1314 1848 1361 1874 per
1376 1847 1437 1867 sese
1454 1840 1530 1874 longe
1549 1840 1707 1867 formidabi-

924 1887 1020 1913 liorctn
1038 1894 1118 1920 quam
1131 1894 1239 1921 pu‘llalltl
1259 1894 1321 1913 esse
1338 1885 1490 1920 judicabat,
1507 1890 1555 1912 aut
1570 1887 1709 1921 praecessit

924 1938 950 1959 et
967 1932 1105 1967 superavit
1119 1932 1267 1966 Josephum
1284 1932 1464 1966 a'nplilulline
1482 1936 1510 1958 ct
1530 1932 1709 1968 magniﬁcen-

924 1978 961 2004 tia
983 1978 1119 2009 miraculi,
1137 1983 1184 2004 aut
1201 1985 1316 2012 prorsus
1333 1986 1386 2005 non
1410 1971 1556 2005 habebitur
1573 1979 1644 2005 inter
1664 1986 1709 2006 se-

924 2024 1040 2051 cundos.
1057 2024 1095 2050 Ae
1114 2024 1278 2059 principium
1294 2025 1404 2058 quidem
1419 2025 1480 2051 vitae
1495 2025 1549 2051 tale
1568 2028 1620 2052 est.
1647 2025 1708 2060 Ipsa

924 2077 990 2095 vero
1011 2070 1066 2096 vita
1092 2070 1174 2103 σμιιοῖ
1196 2069 1375 2104 Posteaquam
1400 2069 1527 2096 omnibus
1554 2069 1708 2104 disciplinis

924 2119 1043 2141 externa:
1062 2114 1204 2148 sapientia:
1229 2115 1367 2148 percursis
1388 2114 1532 2142 incidisset
1554 2115 1582 2142 in
1606 2115 1708 2142 Firmi-

925 2160 1028 2186 liauum
1046 2160 1191 2194 queimlam
1209 2159 1353 2194 patricium
1368 2159 1570 2194 Cappadocem,
1590 2160 1708 2188 similem

84 2209 286 2245 καθηγονμὲνῳ
301 2210 309 2245 (
325 2210 464 2245 Ὠριγὲνης
478 2210 505 2237 δὲ
519 2207 596 2243 οὗτος
612 2209 646 2246 ἦν
659 2231 666 2243 ,
684 2208 714 2238 οὗ
733 2212 816 2243 πολὺς
830 2212 874 2238 ἐπὶ

929 2206 1050 2233 moribus
1067 2211 1092 2232 et
1109 2205 1228 2240 ingenio,
1249 2209 1279 2232 ut
1294 2205 1341 2232 ille
1359 2205 1386 2232 in
1402 2207 1529 2240 sequenti
1545 2206 1599 2233 vita
1615 2211 1709 2234 osten-

83 2256 146 2286 τοῖς
162 2256 359 2291 συγγράμμασι
379 2256 487 2290 λόγος),
503 2257 611 2289 δεικνὺς
635 2257 681 2284 καὶ
704 2257 746 2284 διὰ
769 2257 875 2289 τούτου,

84 2301 116 2327 οὐ
144 2300 222 2336 μόνον
244 2301 274 2327 τὸ
294 2301 441 2336 φιλομαθὲς
465 2303 511 2330 καὶ
528 2303 687 2337 φιλόπονον,
701 2303 768 2329 ἀλλὰ
785 2304 831 2330 καὶ
846 2304 877 2330 τὸ

85 2346 304 2381 κατεσταλμένον
316 2348 344 2373 ἐν
355 2347 392 2382 τῷ
407 2348 465 2383 ἤθει
477 2349 523 2375 καὶ
537 2349 646 2384 μέτριον
655 2358 661 2364 ·
675 2349 810 2384 τοσαύτης
822 2349 875 2385 γὰρ

86 2390 186 2424 σοφίας
213 2392 344 2424 ἁνάπλεος
369 2393 406 2419 ὢν
432 2394 517 2428 ἑτέρῳ
545 2394 698 2430 χρήσασθαι
722 2395 874 2430 διδασκάλῳ

85 2435 157 2471 πρδς
173 2436 206 2462 τὶι
221 2436 280 2463 θεῖα.
296 2437 349 2464 τῶν
369 2439 535 2473 μαθημάτων
547 2459 554 2471 ,
570 2440 619 2466 οὐκ
633 2440 787 2475 ἀπηξίωσεν
798 2461 805 2473 ,
826 2442 872 2468 καὶ

83 2481 225 2515 διαγαγὼν
241 2482 316 2517 παρὰ
328 2482 366 2518 τῷ
381 2483 531 2519 διδασκάλῳ
553 2485 649 2520 χρόνον
661 2488 717 2518 τοῖς
731 2486 872 2522 μαθήμασι

84 2526 259 2561 σύμμετρον,
287 2527 391 2553 πολλῶν
402 2527 485 2554 ὄντων
502 2529 556 2555 τῶν
573 2531 801 2564 παρακαλούντων
826 2532 872 2558 καὶ

85 2572 258 2606 κατεχόντων
272 2572 351 2599 αὑτὸν
369 2574 414 2599 ἐπὶ
432 2574 480 2608 τῆς
498 2574 663 2610 ἀλλοδαπῆς,
680 2577 725 2602 καὶ
742 2578 805 2611 παρ’
826 2578 874 2604 αὒ-

84 2617 143 2647 τοῖς
165 2615 310 2646 ἀξιούντων
340 2616 448 2650 μένειν,
472 2618 580 2644 πάντων
607 2619 806 2655 προτιμοτέραν
824 2620 872 2654 τὴν

83 2661 252 2695 ὲνεγκοῦσαν
280 2662 360 2688 αὐτὸν
389 2663 589 2698 ποιησάμενος,
617 2664 663 2690 ἐπὶ
690 2665 738 2700 τὴν
758 2665 874 2700 πατρίδα

85 2707 170 2734 πάλιν
187 2707 333 2737 ἐπάνεισιν,
348 2708 391 2734 τὸν
407 2709 574 2735 παντοδαπὸν
589 2709 701 2736 πλοῦτον
713 2710 762 2744 τῆς
779 2711 873 2744 σοφίας

83 2761 115 2778 τε
131 2752 177 2778 καὶ
191 2751 242 2785 τῆς
253 2752 377 2785 γνώσεως
391 2754 558 2789 ἑπαγόμενος
570 2773 577 2786 ,
590 2754 618 2782 ὃν
632 2754 755 2791 καθάπερ
771 2764 811 2788 τις
824 2756 872 2792 ἔμ-

122 2841 133 2856 ’
150 2840 171 2868 G
191 2848 221 2868 η.
236 2848 328 2869 XXXIX.
346 2842 361 2867 7
376 2850 434 2877 sqq.

189 2886 324 2915 ΡΑτιιοι.
351 2888 409 2918 Gn.
432 2887 541 2918 XLVI.

925 2253 975 2284 dit,
998 2260 1060 2279 eum
1082 2252 1294 2279 Caesariensium
1321 2251 1451 2279 Ecclesiae
1462 2256 1626 2280 ornamento
1646 2252 1708 2285 fuit.

924 2302 952 2326 et
968 2298 1050 2325 animi
1069 2298 1110 2325 sui
1127 2298 1273 2325 consilium
1291 2305 1323 2324 ac
1347 2298 1409 2324 vitae
1430 2298 1601 2332 propositum
1621 2299 1710 2326 amico

924 2344 1110 2379 patefecisset.
1133 2344 1205 2378 quod
1234 2344 1266 2370 ad
1290 2343 1372 2370 Deum
1399 2343 1525 2371 videlicet
1551 2348 1709 2378 spectaret;

922 2395 947 2417 et
969 2390 1043 2417 illius
1060 2389 1180 2417 studium
1199 2390 1270 2416 circa
1286 2388 1356 2416 idem
1372 2387 1538 2415 desiderium
1561 2389 1710 2415 convenire

923 2435 1118 2467 intellexisset,
1137 2435 1233 2462 relicto
1255 2436 1329 2461 omni
1348 2434 1441 2461 studio
1456 2438 1577 2461 externa:
1593 2434 1711 2469 philoso-

923 2482 1003 2516 phiae.
1019 2481 1124 2509 accedit
1140 2489 1194 2508 una
1206 2489 1268 2508 cum
1287 2481 1334 2507 illo
1351 2481 1385 2507 ad
1399 2488 1472 2511 eum,
1488 2480 1535 2514 qui
1553 2480 1580 2507 in
1595 2489 1627 2507 eo
1641 2484 1710 2507 tem-

925 2536 990 2563 pore
1014 2528 1234 2555 Christianorum
1270 2527 1453 2562 philosophiae
1484 2527 1614 2561 princeps
1648 2531 1708 2553 erat

925 2574 960 2608 (is
982 2577 1073 2601 autem
1095 2579 1153 2601 erat
1180 2572 1323 2607 Origenes,
1350 2573 1431 2606 cujus
1455 2575 1567 2606 propter
1592 2571 1706 2605 scripta,

924 2620 996 2646 tanta
1016 2619 1133 2646 celebris
1153 2619 1217 2652 est),
1237 2618 1320 2645 etiam
1341 2625 1390 2652 per
1413 2617 1470 2643 bare
1486 2616 1632 2643 ostendens
1653 2623 1707 2643 nou

928 2664 1010 2692 modo
1034 2663 1156 2692 studium
1176 2663 1299 2690 discendi
1319 2667 1400 2697 atque
1417 2662 1595 2694 industriam,
1614 2668 1708 2688 verum

926 2711 1007 2738 etiam
1031 2709 1154 2737 sedatum
1172 2708 1310 2743 ingenium
1330 2712 1357 2735 et
1378 2707 1459 2734 animi
1480 2706 1706 2734 moderationem.

928 2756 996 2784 Cum
1017 2755 1091 2782 enim
1120 2758 1194 2781 tanta
1221 2754 1354 2789 sapientia
1373 2755 1470 2790 plenus
1493 2757 1577 2783 esset.
1601 2753 1654 2780 alio
1682 2753 1708 2779 in

1470 2887 1508 2918 29
