  <div class='ocr_page' id='page_1' title='image "/cluster/home/n/w/nwhite01/storage/ocr_20150623/46/njp.32101077772604/506.png"; bbox 0 0 1912 3082; ppageno 0'>
   <div class='ocr_carea' id='block_1_1' title="bbox 91 155 153 184">
    <p class='ocr_par' dir='ltr' id='par_1_1' title="bbox 91 155 153 184">
     <span class='ocr_line' id='line_1_1' title="bbox 91 155 153 184; baseline 0.016 -1"><span class='ocrx_word' id='word_1_1' title='bbox 91 155 153 184; x_wconf 63' lang='lat' dir='ltr'><strong>9a!)</strong></span> 
     </span>
    </p>
   </div>
   <div class='ocr_carea' id='block_1_2' title="bbox 575 164 1235 201">
    <p class='ocr_par' dir='ltr' id='par_1_2' title="bbox 575 164 1235 201">
     <span class='ocr_line' id='line_1_2' title="bbox 575 164 1235 201; baseline 0.015 -10"><span class='ocrx_word' id='word_1_2' title='bbox 575 164 619 192; x_wconf 89' lang='lat' dir='ltr'><strong>DE</strong></span> <span class='ocrx_word' id='word_1_3' title='bbox 639 164 721 192; x_wconf 74' lang='lat' dir='ltr'><strong>VITA</strong></span> <span class='ocrx_word' id='word_1_4' title='bbox 739 165 768 195; x_wconf 89' lang='lat' dir='ltr'><strong>S.</strong></span> <span class='ocrx_word' id='word_1_5' title='bbox 785 166 950 196; x_wconf 78' lang='lat' dir='ltr'><strong>GREGORI]</strong></span> <span class='ocrx_word' id='word_1_6' title='bbox 972 169 1235 201; x_wconf 77' lang='lat' dir='ltr'><strong>THAUMATURGI.</strong></span> 
     </span>
    </p>
   </div>
   <div class='ocr_carea' id='block_1_3' title="bbox 1668 185 1720 218">
    <p class='ocr_par' dir='ltr' id='par_1_3' title="bbox 1668 185 1720 218">
     <span class='ocr_line' id='line_1_3' title="bbox 1668 185 1720 218; baseline 0.096 -5"><span class='ocrx_word' id='word_1_7' title='bbox 1668 185 1720 218; x_wconf 80' lang='lat' dir='ltr'><strong>9l0</strong></span> 
     </span>
    </p>
   </div>
   <div class='ocr_carea' id='block_1_4' title="bbox 89 216 860 283">
    <p class='ocr_par' dir='ltr' id='par_1_4' title="bbox 89 216 860 283">
     <span class='ocr_line' id='line_1_4' title="bbox 89 216 860 262; baseline 0.017 -20"><span class='ocrx_word' id='word_1_8' title='bbox 89 217 316 252; x_wconf 76' lang='grc' dir='ltr'>καθηγουμένου·</span> <span class='ocrx_word' id='word_1_9' title='bbox 327 216 349 254; x_wconf 85' lang='grc' dir='ltr'>ᾧ</span> <span class='ocrx_word' id='word_1_10' title='bbox 365 219 457 248; x_wconf 84' lang='grc' dir='ltr'><strong>θεόθεν</strong></span> <span class='ocrx_word' id='word_1_11' title='bbox 468 222 497 254; x_wconf 78' lang='grc' dir='ltr'>ἐξ</span> <span class='ocrx_word' id='word_1_12' title='bbox 506 223 583 257; x_wconf 83' lang='grc' dir='ltr'>ἁγίου</span> <span class='ocrx_word' id='word_1_13' title='bbox 597 225 753 260; x_wconf 79' lang='grc' dir='ltr'>Πνεύματος</span> <span class='ocrx_word' id='word_1_14' title='bbox 766 236 860 262; x_wconf 83' lang='grc' dir='ltr'>προγνι</span> 
     </span>
     <span class='ocr_line' id='line_1_5' title="bbox 90 263 845 283; baseline 0 0"><span class='ocrx_word' id='word_1_15' title='bbox 90 264 177 283; x_wconf 63' lang='grc' dir='ltr'>στιπή</span> <span class='ocrx_word' id='word_1_16' title='bbox 194 271 236 283; x_wconf 67' lang='grc' dir='ltr'>τη·</span> <span class='ocrx_word' id='word_1_17' title='bbox 251 263 365 283; x_wconf 66' lang='grc' dir='ltr'>λγῖυηηιρ</span> <span class='ocrx_word' id='word_1_18' title='bbox 380 264 430 283; x_wconf 65' lang='grc' dir='ltr'>τη..</span> <span class='ocrx_word' id='word_1_19' title='bbox 451 267 496 283; x_wconf 66' lang='grc' dir='ltr'><strong>νηὶ</strong></span> <span class='ocrx_word' id='word_1_20' title='bbox 513 269 602 283; x_wconf 77' lang='grc' dir='ltr'><strong>...τ-....</strong></span> <span class='ocrx_word' id='word_1_21' title='bbox 620 272 768 283; x_wconf 46' lang='grc' dir='ltr'><strong>--ηηηιημ</strong></span> <span class='ocrx_word' id='word_1_22' title='bbox 800 281 845 283; x_wconf 36' lang='lat'><strong>-7,</strong></span> 
     </span>
    </p>
   </div>
   <div class='ocr_carea' id='block_1_5' title="bbox 915 216 1718 283">
    <p class='ocr_par' dir='ltr' id='par_1_5' title="bbox 915 230 1718 283">
     <span class='ocr_line' id='line_1_6' title="bbox 915 230 1718 283; baseline 0.025 -28"><span class='ocrx_word' id='word_1_23' title='bbox 915 230 999 260; x_wconf 60' lang='lat' dir='ltr'><strong>,vina</strong></span> <span class='ocrx_word' id='word_1_24' title='bbox 1022 233 1151 266; x_wconf 76' lang='lat' dir='ltr'><strong>mysteria</strong></span> <span class='ocrx_word' id='word_1_25' title='bbox 1167 235 1383 265; x_wconf 74' lang='lat' dir='ltr'><strong>animadvertere</strong></span> <span class='ocrx_word' id='word_1_26' title='bbox 1409 244 1489 274; x_wconf 86' lang='lat' dir='ltr'><strong>atque</strong></span> <span class='ocrx_word' id='word_1_27' title='bbox 1513 244 1718 283; x_wconf 81' lang='lat' dir='ltr'><strong>considerare),</strong></span> 
     </span>
    </p>
   </div>
   <div class='ocr_carea' id='block_1_6' title="bbox 90 263 881 307">
    <p class='ocr_par' dir='ltr' id='par_1_6' title="bbox 90 263 881 307">
     <span class='ocr_line' id='line_1_7' title="bbox 90 263 881 307; baseline 0.016 -20"><span class='ocrx_word' id='word_1_28' title='bbox 90 264 177 297; x_wconf 81' lang='grc' dir='ltr'>στική</span> <span class='ocrx_word' id='word_1_29' title='bbox 194 271 236 294; x_wconf 86' lang='grc' dir='ltr'><strong>τις</strong></span> <span class='ocrx_word' id='word_1_30' title='bbox 251 263 365 300; x_wconf 84' lang='grc' dir='ltr'>δύναμις</span> <span class='ocrx_word' id='word_1_31' title='bbox 380 264 414 301; x_wconf 86' lang='grc' dir='ltr'>ἢν</span> <span class='ocrx_word' id='word_1_32' title='bbox 424 275 430 281; x_wconf 89' lang='grc'><strong>·</strong></span> <span class='ocrx_word' id='word_1_33' title='bbox 451 267 498 293; x_wconf 79' lang='grc' dir='ltr'><strong>καὶ</strong></span> <span class='ocrx_word' id='word_1_34' title='bbox 513 269 602 296; x_wconf 87' lang='grc' dir='ltr'>πᾶσαν</span> <span class='ocrx_word' id='word_1_35' title='bbox 619 272 779 307; x_wconf 83' lang='grc' dir='ltr'><strong>ποιουμένου</strong></span> <span class='ocrx_word' id='word_1_36' title='bbox 797 281 881 300; x_wconf 90' lang='grc' dir='ltr'>σπου-</span> 
     </span>
    </p>
   </div>
   <div class='ocr_carea' id='block_1_7' title="bbox 87 306 880 353">
    <p class='ocr_par' dir='ltr' id='par_1_7' title="bbox 87 306 880 353">
     <span class='ocr_line' id='line_1_8' title="bbox 87 306 880 353; baseline 0.018 -21"><span class='ocrx_word' id='word_1_37' title='bbox 87 306 156 342; x_wconf 81' lang='grc' dir='ltr'>δὴν,</span> <span class='ocrx_word' id='word_1_38' title='bbox 174 308 248 340; x_wconf 84' lang='grc' dir='ltr'>ὃπως</span> <span class='ocrx_word' id='word_1_39' title='bbox 273 309 427 346; x_wconf 83' lang='grc' dir='ltr'>ὑποχείριον</span> <span class='ocrx_word' id='word_1_40' title='bbox 443 312 532 340; x_wconf 81' lang='grc' dir='ltr'>λαϐὼν</span> <span class='ocrx_word' id='word_1_41' title='bbox 548 315 593 340; x_wconf 86' lang='grc' dir='ltr'>τὸν</span> <span class='ocrx_word' id='word_1_42' title='bbox 618 317 703 350; x_wconf 84' lang='grc' dir='ltr'>μέγαν</span> <span class='ocrx_word' id='word_1_43' title='bbox 722 318 880 353; x_wconf 85' lang='grc' dir='ltr'>Γρηγόριον,</span> 
     </span>
    </p>
   </div>
   <div class='ocr_carea' id='block_1_8' title="bbox 87 352 881 399">
    <p class='ocr_par' dir='ltr' id='par_1_8' title="bbox 87 352 881 399">
     <span class='ocr_line' id='line_1_9' title="bbox 87 352 881 399; baseline 0.016 -21"><span class='ocrx_word' id='word_1_44' title='bbox 87 352 135 384; x_wconf 80' lang='grc' dir='ltr'>εις</span> <span class='ocrx_word' id='word_1_45' title='bbox 148 353 308 389; x_wconf 84' lang='grc' dir='ltr'>Ἑκκλησίας</span> <span class='ocrx_word' id='word_1_46' title='bbox 321 356 408 391; x_wconf 84' lang='grc' dir='ltr'>ἀρχὴν</span> <span class='ocrx_word' id='word_1_47' title='bbox 419 358 527 392; x_wconf 79' lang='grc' dir='ltr'><strong>ἀγάγοι,</strong></span> <span class='ocrx_word' id='word_1_48' title='bbox 540 360 577 392; x_wconf 85' lang='grc' dir='ltr'><strong>ὡς</strong></span> <span class='ocrx_word' id='word_1_49' title='bbox 588 361 620 388; x_wconf 86' lang='grc' dir='ltr'><strong>ἂν</strong></span> <span class='ocrx_word' id='word_1_50' title='bbox 635 362 671 397; x_wconf 89' lang='grc' dir='ltr'>μὴ</span> <span class='ocrx_word' id='word_1_51' title='bbox 681 352 806 390; x_wconf 59' lang='grc' dir='ltr'>τοσοῦτον</span> <span class='ocrx_word' id='word_1_52' title='bbox 814 352 881 399; x_wconf 67' lang='grc' dir='ltr'>αγα-</span> 
     </span>
    </p>
   </div>
   <div class='ocr_carea' id='block_1_9' title="bbox 86 397 878 444">
    <p class='ocr_par' dir='ltr' id='par_1_9' title="bbox 86 397 878 444">
     <span class='ocr_line' id='line_1_10' title="bbox 86 397 878 444; baseline 0.018 -21"><span class='ocrx_word' id='word_1_53' title='bbox 86 397 140 424; x_wconf 82' lang='grc' dir='ltr'>θὸν</span> <span class='ocrx_word' id='word_1_54' title='bbox 169 399 253 434; x_wconf 84' lang='grc' dir='ltr'>ἀργόν</span> <span class='ocrx_word' id='word_1_55' title='bbox 273 409 303 426; x_wconf 86' lang='grc' dir='ltr'><strong>τε</strong></span> <span class='ocrx_word' id='word_1_56' title='bbox 328 402 374 427; x_wconf 78' lang='grc' dir='ltr'>καὶ</span> <span class='ocrx_word' id='word_1_57' title='bbox 394 403 522 438; x_wconf 85' lang='grc' dir='ltr'>ἀνόνητον</span> <span class='ocrx_word' id='word_1_58' title='bbox 548 406 721 443; x_wconf 84' lang='grc' dir='ltr'><strong>παραδράμοι</strong></span> <span class='ocrx_word' id='word_1_59' title='bbox 736 409 780 436; x_wconf 81' lang='grc' dir='ltr'>τὸν</span> <span class='ocrx_word' id='word_1_60' title='bbox 803 397 859 444; x_wconf 85' lang='grc' dir='ltr'>βίον</span> <span class='ocrx_word' id='word_1_61' title='bbox 872 420 878 426; x_wconf 88' lang='grc'>·</span> 
     </span>
    </p>
   </div>
   <div class='ocr_carea' id='block_1_10' title="bbox 85 443 879 488">
    <p class='ocr_par' dir='ltr' id='par_1_10' title="bbox 85 443 879 488">
     <span class='ocr_line' id='line_1_11' title="bbox 85 443 879 488; baseline 0.018 -19"><span class='ocrx_word' id='word_1_62' title='bbox 85 443 144 478; x_wconf 80' lang='grc' dir='ltr'>τῆς</span> <span class='ocrx_word' id='word_1_63' title='bbox 156 445 245 479; x_wconf 83' lang='grc' dir='ltr'><strong>ὁρμῆς</strong></span> <span class='ocrx_word' id='word_1_64' title='bbox 260 443 336 478; x_wconf 74' lang='grc' dir='ltr'>οὗτος</span> <span class='ocrx_word' id='word_1_65' title='bbox 356 447 401 474; x_wconf 77' lang='grc' dir='ltr'>τοῦ</span> <span class='ocrx_word' id='word_1_66' title='bbox 426 449 520 483; x_wconf 81' lang='grc' dir='ltr'>ίερέως</span> <span class='ocrx_word' id='word_1_67' title='bbox 543 452 719 488; x_wconf 77' lang='grc' dir='ltr'>αἰσθόμενος,</span> <span class='ocrx_word' id='word_1_68' title='bbox 738 443 879 483; x_wconf 57' lang='grc' dir='ltr'>λανθάνειν</span> 
     </span>
    </p>
   </div>
   <div class='ocr_carea' id='block_1_11' title="bbox 83 487 878 534">
    <p class='ocr_par' dir='ltr' id='par_1_11' title="bbox 83 487 878 534">
     <span class='ocr_line' id='line_1_12' title="bbox 83 487 878 534; baseline 0.019 -21"><span class='ocrx_word' id='word_1_69' title='bbox 83 487 258 523; x_wconf 77' lang='grc' dir='ltr'><strong>ἐμηχανᾶτο,</strong></span> <span class='ocrx_word' id='word_1_70' title='bbox 276 490 339 517; x_wconf 80' lang='grc' dir='ltr'>ἄλλο</span> <span class='ocrx_word' id='word_1_71' title='bbox 353 500 383 517; x_wconf 81' lang='grc' dir='ltr'><strong>τε</strong></span> <span class='ocrx_word' id='word_1_72' title='bbox 400 493 468 528; x_wconf 83' lang='grc' dir='ltr'>πρὸς</span> <span class='ocrx_word' id='word_1_73' title='bbox 485 494 567 529; x_wconf 83' lang='grc' dir='ltr'>ἄλλην</span> <span class='ocrx_word' id='word_1_74' title='bbox 586 497 702 533; x_wconf 76' lang='grc' dir='ltr'>ἐρημίαν</span> <span class='ocrx_word' id='word_1_75' title='bbox 719 501 878 534; x_wconf 85' lang='grc' dir='ltr'>μετανιστά-</span> 
     </span>
    </p>
   </div>
   <div class='ocr_carea' id='block_1_12' title="bbox 86 534 877 578">
    <p class='ocr_par' dir='ltr' id='par_1_12' title="bbox 86 534 877 578">
     <span class='ocr_line' id='line_1_13' title="bbox 86 534 877 578; baseline 0.018 -20"><span class='ocrx_word' id='word_1_76' title='bbox 86 540 183 567; x_wconf 83' lang='grc' dir='ltr'>μενος.</span> <span class='ocrx_word' id='word_1_77' title='bbox 200 534 275 561; x_wconf 68' lang='grc' dir='ltr'>Ἐπεὶ</span> <span class='ocrx_word' id='word_1_78' title='bbox 288 535 316 562; x_wconf 85' lang='grc' dir='ltr'><strong>δὲ</strong></span> <span class='ocrx_word' id='word_1_79' title='bbox 333 537 424 563; x_wconf 80' lang='grc' dir='ltr'>πᾶσαν</span> <span class='ocrx_word' id='word_1_80' title='bbox 440 538 546 571; x_wconf 81' lang='grc' dir='ltr'>καθιεὶς</span> <span class='ocrx_word' id='word_1_81' title='bbox 565 543 662 578; x_wconf 79' lang='grc' dir='ltr'>πεῖραν</span> <span class='ocrx_word' id='word_1_82' title='bbox 677 545 691 570; x_wconf 84' lang='grc' dir='ltr'>ὁ</span> <span class='ocrx_word' id='word_1_83' title='bbox 705 543 788 576; x_wconf 82' lang='grc' dir='ltr'>πολὺς</span> <span class='ocrx_word' id='word_1_84' title='bbox 806 546 877 572; x_wconf 75' lang='grc' dir='ltr'>ἐκεῖ-</span> 
     </span>
    </p>
   </div>
   <div class='ocr_carea' id='block_1_13' title="bbox 84 579 876 626">
    <p class='ocr_par' dir='ltr' id='par_1_13' title="bbox 84 579 876 626">
     <span class='ocr_line' id='line_1_14' title="bbox 84 579 876 626; baseline 0.019 -22"><span class='ocrx_word' id='word_1_85' title='bbox 84 586 135 609; x_wconf 89' lang='grc' dir='ltr'><strong>νος</strong></span> <span class='ocrx_word' id='word_1_86' title='bbox 150 579 291 615; x_wconf 81' lang='grc' dir='ltr'>Φαίδιμος,</span> <span class='ocrx_word' id='word_1_87' title='bbox 307 581 355 608; x_wconf 70' lang='grc' dir='ltr'><strong>καὶ</strong></span> <span class='ocrx_word' id='word_1_88' title='bbox 371 582 446 619; x_wconf 83' lang='grc' dir='ltr'>πάσῃ</span> <span class='ocrx_word' id='word_1_89' title='bbox 462 587 568 621; x_wconf 80' lang='grc' dir='ltr'><strong>μηχανῇ</strong></span> <span class='ocrx_word' id='word_1_90' title='bbox 583 595 611 613; x_wconf 82' lang='grc' dir='ltr'><strong>τε</strong></span> <span class='ocrx_word' id='word_1_91' title='bbox 626 589 672 614; x_wconf 72' lang='grc' dir='ltr'>καὶ</span> <span class='ocrx_word' id='word_1_92' title='bbox 687 591 793 626; x_wconf 79' lang='grc' dir='ltr'>ἐπινοίᾳ</span> <span class='ocrx_word' id='word_1_93' title='bbox 805 591 876 626; x_wconf 84' lang='grc' dir='ltr'>χρώ-</span> 
     </span>
    </p>
   </div>
   <div class='ocr_carea' id='block_1_14' title="bbox 71 623 875 672">
    <p class='ocr_par' dir='ltr' id='par_1_14' title="bbox 71 623 875 672">
     <span class='ocr_line' id='line_1_15' title="bbox 71 623 875 672; baseline 0.02 -24"><span class='ocrx_word' id='word_1_94' title='bbox 71 631 184 658; x_wconf 60' lang='grc' dir='ltr'>ημενος,</span> <span class='ocrx_word' id='word_1_95' title='bbox 201 625 249 660; x_wconf 85' lang='grc' dir='ltr'><strong>οὐχ</strong></span> <span class='ocrx_word' id='word_1_96' title='bbox 265 623 320 657; x_wconf 74' lang='grc' dir='ltr'>οἷός</span> <span class='ocrx_word' id='word_1_97' title='bbox 335 635 364 653; x_wconf 85' lang='grc' dir='ltr'><strong>τε</strong></span> <span class='ocrx_word' id='word_1_98' title='bbox 380 625 414 663; x_wconf 80' lang='grc' dir='ltr'><strong>ἦν</strong></span> <span class='ocrx_word' id='word_1_99' title='bbox 430 634 614 665; x_wconf 84' lang='grc' dir='ltr'><strong>προσαγαγεῖν</strong></span> <span class='ocrx_word' id='word_1_100' title='bbox 633 634 665 668; x_wconf 84' lang='grc' dir='ltr'><strong>τῇ</strong></span> <span class='ocrx_word' id='word_1_101' title='bbox 685 623 875 672; x_wconf 24' lang='grc' dir='ltr'>ἱερωσύίνῇἼ-τὺν</span> 
     </span>
    </p>
   </div>
   <div class='ocr_carea' id='block_1_15' title="bbox 80 669 874 718">
    <p class='ocr_par' dir='ltr' id='par_1_15' title="bbox 80 669 874 718">
     <span class='ocr_line' id='line_1_16' title="bbox 80 669 874 718; baseline 0.02 -24"><span class='ocrx_word' id='word_1_102' title='bbox 80 669 187 704; x_wconf 76' lang='grc' dir='ltr'>ἄνδρα,</span> <span class='ocrx_word' id='word_1_103' title='bbox 204 672 310 707; x_wconf 84' lang='grc' dir='ltr'>μυρίοις</span> <span class='ocrx_word' id='word_1_104' title='bbox 329 674 435 709; x_wconf 76' lang='grc' dir='ltr'>ὄμμασι</span> <span class='ocrx_word' id='word_1_105' title='bbox 452 676 483 702; x_wconf 84' lang='grc' dir='ltr'>τὸ</span> <span class='ocrx_word' id='word_1_106' title='bbox 501 677 538 712; x_wconf 87' lang='grc' dir='ltr'>μὴ</span> <span class='ocrx_word' id='word_1_107' title='bbox 558 678 658 705; x_wconf 83' lang='grc' dir='ltr'>ἁλῶναί</span> <span class='ocrx_word' id='word_1_108' title='bbox 675 689 738 708; x_wconf 84' lang='grc' dir='ltr'>ποτε</span> <span class='ocrx_word' id='word_1_109' title='bbox 755 683 787 717; x_wconf 86' lang='grc' dir='ltr'><strong>τῇ</strong></span> <span class='ocrx_word' id='word_1_110' title='bbox 803 669 874 718; x_wconf 67' lang='grc' dir='ltr'>χειρὶ</span> 
     </span>
    </p>
   </div>
   <div class='ocr_carea' id='block_1_16' title="bbox 79 715 873 763">
    <p class='ocr_par' dir='ltr' id='par_1_16' title="bbox 79 715 873 763">
     <span class='ocr_line' id='line_1_17' title="bbox 79 715 873 763; baseline 0.021 -24"><span class='ocrx_word' id='word_1_111' title='bbox 79 715 131 740; x_wconf 83' lang='grc' dir='ltr'><strong>τοῦ</strong></span> <span class='ocrx_word' id='word_1_112' title='bbox 163 716 257 752; x_wconf 80' lang='grc' dir='ltr'><strong>ἱερέως</strong></span> <span class='ocrx_word' id='word_1_113' title='bbox 282 720 558 757; x_wconf 79' lang='grc' dir='ltr'>προφυλασσόμενον,</span> <span class='ocrx_word' id='word_1_114' title='bbox 593 726 637 751; x_wconf 77' lang='grc' dir='ltr'>καὶ</span> <span class='ocrx_word' id='word_1_115' title='bbox 667 725 700 762; x_wconf 80' lang='grc' dir='ltr'>ἦν</span> <span class='ocrx_word' id='word_1_116' title='bbox 725 715 873 763; x_wconf 67' lang='grc' dir='ltr'>ἐφάμιλλος</span> 
     </span>
    </p>
   </div>
   <div class='ocr_carea' id='block_1_17' title="bbox 81 761 870 809">
    <p class='ocr_par' dir='ltr' id='par_1_17' title="bbox 81 761 870 809">
     <span class='ocr_line' id='line_1_18' title="bbox 81 761 870 809; baseline 0.022 -24"><span class='ocrx_word' id='word_1_117' title='bbox 81 761 189 793; x_wconf 83' lang='grc' dir='ltr'>σπουδὴ</span> <span class='ocrx_word' id='word_1_118' title='bbox 210 762 393 800; x_wconf 84' lang='grc' dir='ltr'><strong>ἀμφοτέροις·</strong></span> <span class='ocrx_word' id='word_1_119' title='bbox 417 767 464 793; x_wconf 81' lang='grc' dir='ltr'>τοῦ</span> <span class='ocrx_word' id='word_1_120' title='bbox 492 768 540 803; x_wconf 86' lang='grc' dir='ltr'>μὲν</span> <span class='ocrx_word' id='word_1_121' title='bbox 564 770 635 797; x_wconf 83' lang='grc' dir='ltr'>ἑλεῖν</span> <span class='ocrx_word' id='word_1_122' title='bbox 664 761 870 809; x_wconf 54' lang='grc' dir='ltr'>ἐπιθυμοιῖντος,</span> 
     </span>
    </p>
   </div>
   <div class='ocr_carea' id='block_1_18' title="bbox 77 805 871 855">
    <p class='ocr_par' dir='ltr' id='par_1_18' title="bbox 77 805 871 855">
     <span class='ocr_line' id='line_1_19' title="bbox 77 805 871 855; baseline 0.02 -25"><span class='ocrx_word' id='word_1_123' title='bbox 77 805 129 831; x_wconf 75' lang='grc' dir='ltr'>τοῦ</span> <span class='ocrx_word' id='word_1_124' title='bbox 148 806 177 831; x_wconf 82' lang='grc' dir='ltr'><strong>δὲ</strong></span> <span class='ocrx_word' id='word_1_125' title='bbox 192 806 341 842; x_wconf 76' lang='grc' dir='ltr'>ἀποφυγεῖν</span> <span class='ocrx_word' id='word_1_126' title='bbox 357 809 403 837; x_wconf 80' lang='grc' dir='ltr'><strong>τὸν</strong></span> <span class='ocrx_word' id='word_1_127' title='bbox 422 811 553 840; x_wconf 75' lang='grc' dir='ltr'>διώκοντα</span> <span class='ocrx_word' id='word_1_128' title='bbox 566 814 574 849; x_wconf 91' lang='grc'>(</span> <span class='ocrx_word' id='word_1_129' title='bbox 586 815 600 841; x_wconf 85' lang='grc' dir='ltr'>ὁ</span> <span class='ocrx_word' id='word_1_130' title='bbox 616 816 663 850; x_wconf 84' lang='grc' dir='ltr'>μὲν</span> <span class='ocrx_word' id='word_1_131' title='bbox 687 805 814 853; x_wconf 62' lang='grc' dir='ltr'>γὰρῇόει</span> 
     </span>
    </p>
   </div>
   <div class='ocr_carea' id='block_1_19' title="bbox 77 850 869 900">
    <p class='ocr_par' dir='ltr' id='par_1_19' title="bbox 77 850 869 900">
     <span class='ocr_line' id='line_1_20' title="bbox 77 850 869 900; baseline 0.021 -25"><span class='ocrx_word' id='word_1_132' title='bbox 77 850 142 885; x_wconf 84' lang='grc' dir='ltr'><strong>Θεῷ</strong></span> <span class='ocrx_word' id='word_1_133' title='bbox 163 853 306 886; x_wconf 81' lang='grc' dir='ltr'>προσάξειν</span> <span class='ocrx_word' id='word_1_134' title='bbox 322 854 392 890; x_wconf 75' lang='grc' dir='ltr'>ἱερὸν</span> <span class='ocrx_word' id='word_1_135' title='bbox 405 857 542 894; x_wconf 80' lang='grc' dir='ltr'>ἀνάθημα,</span> <span class='ocrx_word' id='word_1_136' title='bbox 560 861 574 886; x_wconf 83' lang='grc' dir='ltr'>ὁ</span> <span class='ocrx_word' id='word_1_137' title='bbox 585 860 613 887; x_wconf 81' lang='grc' dir='ltr'><strong>δὲ</strong></span> <span class='ocrx_word' id='word_1_138' title='bbox 625 850 772 895; x_wconf 49' lang='grc' dir='ltr'>ἐδεδοίκει,</span> <span class='ocrx_word' id='word_1_139' title='bbox 793 865 828 900; x_wconf 90' lang='grc' dir='ltr'>μή</span> <span class='ocrx_word' id='word_1_140' title='bbox 843 850 869 892; x_wconf 70' lang='grc' dir='ltr'><strong>τι</strong></span> 
     </span>
    </p>
   </div>
   <div class='ocr_carea' id='block_1_20' title="bbox 70 895 908 941">
    <p class='ocr_par' dir='ltr' id='par_1_20' title="bbox 70 895 908 941">
     <span class='ocr_line' id='line_1_21' title="bbox 70 895 908 941; baseline 0.021 -21"><span class='ocrx_word' id='word_1_141' title='bbox 70 895 195 930; x_wconf 81' lang='grc' dir='ltr'>,γένηται</span> <span class='ocrx_word' id='word_1_142' title='bbox 222 898 296 933; x_wconf 85' lang='grc' dir='ltr'>αὐτῷ</span> <span class='ocrx_word' id='word_1_143' title='bbox 325 900 392 935; x_wconf 78' lang='grc' dir='ltr'>πρὸς</span> <span class='ocrx_word' id='word_1_144' title='bbox 418 902 576 938; x_wconf 84' lang='grc' dir='ltr'>φιλοσοφίας</span> <span class='ocrx_word' id='word_1_145' title='bbox 609 907 737 941; x_wconf 80' lang='grc' dir='ltr'>ἐμπόδιον</span> <span class='ocrx_word' id='word_1_146' title='bbox 766 895 828 936; x_wconf 54' lang='grc' dir='ltr'><strong>οἷον¹</strong></span> <span class='ocrx_word' id='word_1_147' title='bbox 844 920 870 937; x_wconf 89' lang='grc' dir='ltr'><strong>τι</strong></span> <span class='ocrx_word' id='word_1_148' title='bbox 887 906 908 935; x_wconf 78' lang='grc' dir='ltr'><strong>Β</strong></span> 
     </span>
    </p>
   </div>
   <div class='ocr_carea' id='block_1_21' title="bbox 78 942 867 991">
    <p class='ocr_par' dir='ltr' id='par_1_21' title="bbox 78 942 867 991">
     <span class='ocr_line' id='line_1_22' title="bbox 78 942 867 991; baseline 0.023 -26"><span class='ocrx_word' id='word_1_149' title='bbox 78 942 192 976; x_wconf 80' lang='grc' dir='ltr'>φορτίον</span> <span class='ocrx_word' id='word_1_150' title='bbox 205 943 220 977; x_wconf 84' lang='grc' dir='ltr'>ἡ</span> <span class='ocrx_word' id='word_1_151' title='bbox 234 944 282 979; x_wconf 84' lang='grc' dir='ltr'>τῆς</span> <span class='ocrx_word' id='word_1_152' title='bbox 294 945 441 982; x_wconf 77' lang='grc' dir='ltr'><strong>ἱερωσύνης</strong></span> <span class='ocrx_word' id='word_1_153' title='bbox 457 949 566 984; x_wconf 71' lang='grc' dir='ltr'>φροντὶς</span> <span class='ocrx_word' id='word_1_154' title='bbox 582 951 729 987; x_wconf 74' lang='grc' dir='ltr'><strong>ἐπαχθεῖσαι</strong></span> <span class='ocrx_word' id='word_1_155' title='bbox 742 954 780 988; x_wconf 84' lang='grc' dir='ltr'>τῷ</span> <span class='ocrx_word' id='word_1_156' title='bbox 797 955 867 991; x_wconf 81' lang='grc' dir='ltr'><strong>βίῳ)-</strong></span> 
     </span>
    </p>
   </div>
   <div class='ocr_carea' id='block_1_22' title="bbox 76 986 868 1036">
    <p class='ocr_par' dir='ltr' id='par_1_22' title="bbox 76 986 868 1036">
     <span class='ocr_line' id='line_1_23' title="bbox 76 986 868 1036; baseline 0.023 -26"><span class='ocrx_word' id='word_1_157' title='bbox 76 986 177 1013; x_wconf 78' lang='grc' dir='ltr'>τούτου</span> <span class='ocrx_word' id='word_1_158' title='bbox 196 988 276 1023; x_wconf 82' lang='grc' dir='ltr'>χάριν</span> <span class='ocrx_word' id='word_1_159' title='bbox 298 990 369 1026; x_wconf 78' lang='grc' dir='ltr'>ὁρμῇ</span> <span class='ocrx_word' id='word_1_160' title='bbox 391 1001 443 1020; x_wconf 88' lang='grc' dir='ltr'>τινι</span> <span class='ocrx_word' id='word_1_161' title='bbox 467 994 589 1031; x_wconf 75' lang='grc' dir='ltr'>θειοτέρα</span> <span class='ocrx_word' id='word_1_162' title='bbox 607 998 671 1032; x_wconf 78' lang='grc' dir='ltr'>περὶ</span> <span class='ocrx_word' id='word_1_163' title='bbox 693 999 741 1034; x_wconf 85' lang='grc' dir='ltr'><strong>τὴν</strong></span> <span class='ocrx_word' id='word_1_164' title='bbox 757 1009 868 1036; x_wconf 81' lang='grc' dir='ltr'>προκει-</span> 
     </span>
    </p>
   </div>
   <div class='ocr_carea' id='block_1_23' title="bbox 78 1031 867 1082">
    <p class='ocr_par' dir='ltr' id='par_1_23' title="bbox 78 1031 867 1082">
     <span class='ocr_line' id='line_1_24' title="bbox 78 1031 867 1082; baseline 0.022 -25"><span class='ocrx_word' id='word_1_165' title='bbox 78 1031 167 1066; x_wconf 79' lang='grc' dir='ltr'>μένην</span> <span class='ocrx_word' id='word_1_166' title='bbox 187 1035 301 1070; x_wconf 79' lang='grc' dir='ltr'>σπουδὴν</span> <span class='ocrx_word' id='word_1_167' title='bbox 325 1037 454 1073; x_wconf 80' lang='grc' dir='ltr'>ἐπαρθεὶς</span> <span class='ocrx_word' id='word_1_168' title='bbox 469 1041 482 1065; x_wconf 84' lang='grc' dir='ltr'>ὁ</span> <span class='ocrx_word' id='word_1_169' title='bbox 493 1041 620 1077; x_wconf 83' lang='grc' dir='ltr'>Φαίδιμος</span> <span class='ocrx_word' id='word_1_170' title='bbox 630 1031 726 1074; x_wconf 67' lang='grc' dir='ltr'>,οὐδὲν</span> <span class='ocrx_word' id='word_1_171' title='bbox 743 1031 867 1082; x_wconf 75' lang='grc' dir='ltr'>προσχὼν</span> 
     </span>
    </p>
   </div>
   <div class='ocr_carea' id='block_1_24' title="bbox 75 1078 866 1128">
    <p class='ocr_par' dir='ltr' id='par_1_24' title="bbox 75 1078 866 1128">
     <span class='ocr_line' id='line_1_25' title="bbox 75 1078 866 1128; baseline 0.021 -25"><span class='ocrx_word' id='word_1_172' title='bbox 75 1078 117 1112; x_wconf 79' lang='grc' dir='ltr'>τῷ</span> <span class='ocrx_word' id='word_1_173' title='bbox 138 1079 239 1113; x_wconf 80' lang='grc' dir='ltr'>μεταξὺ</span> <span class='ocrx_word' id='word_1_174' title='bbox 262 1081 442 1118; x_wconf 77' lang='grc' dir='ltr'>διαστήματι,</span> <span class='ocrx_word' id='word_1_175' title='bbox 469 1083 545 1122; x_wconf 78' lang='grc' dir='ltr'>ᾧπερ</span> <span class='ocrx_word' id='word_1_176' title='bbox 572 1088 627 1114; x_wconf 81' lang='grc' dir='ltr'>ἀπὸ</span> <span class='ocrx_word' id='word_1_177' title='bbox 653 1089 699 1116; x_wconf 82' lang='grc' dir='ltr'>τοῦ</span> <span class='ocrx_word' id='word_1_178' title='bbox 716 1078 866 1128; x_wconf 73' lang='grc' dir='ltr'>Γρηγορίου</span> 
     </span>
    </p>
   </div>
   <div class='ocr_carea' id='block_1_25' title="bbox 73 1123 865 1173">
    <p class='ocr_par' dir='ltr' id='par_1_25' title="bbox 73 1123 865 1173">
     <span class='ocr_line' id='line_1_26' title="bbox 73 1123 865 1173; baseline 0.021 -25"><span class='ocrx_word' id='word_1_179' title='bbox 73 1123 213 1158; x_wconf 79' lang='grc' dir='ltr'>διείργετο</span> <span class='ocrx_word' id='word_1_180' title='bbox 240 1126 248 1160; x_wconf 89' lang='grc'>(</span> <span class='ocrx_word' id='word_1_181' title='bbox 260 1127 343 1162; x_wconf 84' lang='grc' dir='ltr'>τριῶν</span> <span class='ocrx_word' id='word_1_182' title='bbox 359 1129 470 1165; x_wconf 83' lang='grc' dir='ltr'>ἡμερῶν</span> <span class='ocrx_word' id='word_1_183' title='bbox 491 1131 550 1158; x_wconf 84' lang='grc' dir='ltr'>ὁδὸν</span> <span class='ocrx_word' id='word_1_184' title='bbox 567 1133 670 1160; x_wconf 75' lang='grc' dir='ltr'>ἐκείνου</span> <span class='ocrx_word' id='word_1_185' title='bbox 688 1123 865 1173; x_wconf 75' lang='grc' dir='ltr'>ἀπέχοντος),</span> 
     </span>
    </p>
   </div>
   <div class='ocr_carea' id='block_1_26' title="bbox 74 1168 866 1215">
    <p class='ocr_par' dir='ltr' id='par_1_26' title="bbox 74 1168 866 1215">
     <span class='ocr_line' id='line_1_27' title="bbox 74 1168 866 1215; baseline 0.02 -22"><span class='ocrx_word' id='word_1_186' title='bbox 74 1168 146 1195; x_wconf 79' lang='grc' dir='ltr'><strong>ἀλλά</strong></span> <span class='ocrx_word' id='word_1_187' title='bbox 166 1170 234 1206; x_wconf 81' lang='grc' dir='ltr'>πρὸς</span> <span class='ocrx_word' id='word_1_188' title='bbox 247 1171 292 1198; x_wconf 81' lang='grc' dir='ltr'><strong>τὸν</strong></span> <span class='ocrx_word' id='word_1_189' title='bbox 315 1172 380 1200; x_wconf 81' lang='grc' dir='ltr'>Θεὸν</span> <span class='ocrx_word' id='word_1_190' title='bbox 399 1175 574 1211; x_wconf 71' lang='grc' dir='ltr'>ἀναελέψας,</span> <span class='ocrx_word' id='word_1_191' title='bbox 599 1180 647 1205; x_wconf 72' lang='grc' dir='ltr'>καὶ</span> <span class='ocrx_word' id='word_1_192' title='bbox 663 1168 866 1215; x_wconf 44' lang='grc' dir='ltr'>εἰπὼν-ὁμοίως</span> 
     </span>
    </p>
   </div>
   <div class='ocr_carea' id='block_1_27' title="bbox 74 1214 863 1261">
    <p class='ocr_par' dir='ltr' id='par_1_27' title="bbox 74 1214 863 1261">
     <span class='ocr_line' id='line_1_28' title="bbox 74 1214 863 1261; baseline 0.02 -22"><span class='ocrx_word' id='word_1_193' title='bbox 74 1214 173 1241; x_wconf 84' lang='grc' dir='ltr'>ἑαυτόν</span> <span class='ocrx_word' id='word_1_194' title='bbox 189 1224 218 1242; x_wconf 88' lang='grc' dir='ltr'><strong>τε</strong></span> <span class='ocrx_word' id='word_1_195' title='bbox 244 1217 369 1245; x_wconf 80' lang='grc' dir='ltr'>κάκεῖνον</span> <span class='ocrx_word' id='word_1_196' title='bbox 394 1221 439 1247; x_wconf 74' lang='grc' dir='ltr'>ἐπὶ</span> <span class='ocrx_word' id='word_1_197' title='bbox 463 1222 511 1257; x_wconf 81' lang='grc' dir='ltr'>τῆς</span> <span class='ocrx_word' id='word_1_198' title='bbox 528 1223 601 1257; x_wconf 88' lang='grc' dir='ltr'>ὥρας</span> <span class='ocrx_word' id='word_1_199' title='bbox 617 1225 723 1261; x_wconf 76' lang='grc' dir='ltr'>ἐκείνης</span> <span class='ocrx_word' id='word_1_200' title='bbox 742 1227 794 1253; x_wconf 84' lang='grc' dir='ltr'><strong>ὑπὸ</strong></span> <span class='ocrx_word' id='word_1_201' title='bbox 817 1228 863 1255; x_wconf 82' lang='grc' dir='ltr'>τοῦ</span> 
     </span>
    </p>
   </div>
   <div class='ocr_carea' id='block_1_28' title="bbox 74 1259 863 1309">
    <p class='ocr_par' dir='ltr' id='par_1_28' title="bbox 74 1259 863 1309">
     <span class='ocr_line' id='line_1_29' title="bbox 74 1259 863 1309; baseline 0.022 -25"><span class='ocrx_word' id='word_1_202' title='bbox 74 1259 145 1286; x_wconf 74' lang='grc' dir='ltr'>Θεοῦ</span> <span class='ocrx_word' id='word_1_203' title='bbox 161 1261 347 1298; x_wconf 83' lang='grc' dir='ltr'>καθορᾶσθαι,</span> <span class='ocrx_word' id='word_1_204' title='bbox 366 1265 426 1292; x_wconf 71' lang='grc' dir='ltr'>ἀντὶ</span> <span class='ocrx_word' id='word_1_205' title='bbox 449 1268 538 1303; x_wconf 80' lang='grc' dir='ltr'>χειρὸς</span> <span class='ocrx_word' id='word_1_206' title='bbox 552 1269 649 1304; x_wconf 78' lang='grc' dir='ltr'>ἐπάγει</span> <span class='ocrx_word' id='word_1_207' title='bbox 665 1259 706 1306; x_wconf 69' lang='grc' dir='ltr'>τῷ</span> <span class='ocrx_word' id='word_1_208' title='bbox 721 1272 863 1309; x_wconf 80' lang='grc' dir='ltr'>Γρηγορίῳ</span> 
     </span>
    </p>
   </div>
   <div class='ocr_carea' id='block_1_29' title="bbox 73 1304 862 1352">
    <p class='ocr_par' dir='ltr' id='par_1_29' title="bbox 73 1304 862 1352">
     <span class='ocr_line' id='line_1_30' title="bbox 73 1304 862 1352; baseline 0.02 -22"><span class='ocrx_word' id='word_1_209' title='bbox 73 1304 121 1330; x_wconf 66' lang='grc' dir='ltr'>τὸν</span> <span class='ocrx_word' id='word_1_210' title='bbox 144 1305 239 1340; x_wconf 87' lang='grc' dir='ltr'>λόγον,</span> <span class='ocrx_word' id='word_1_211' title='bbox 259 1309 415 1345; x_wconf 82' lang='grc' dir='ltr'>ἀφιερώσας</span> <span class='ocrx_word' id='word_1_212' title='bbox 436 1313 475 1348; x_wconf 85' lang='grc' dir='ltr'>τῷ</span> <span class='ocrx_word' id='word_1_213' title='bbox 494 1314 553 1348; x_wconf 77' lang='grc' dir='ltr'>Θεῷ</span> <span class='ocrx_word' id='word_1_214' title='bbox 577 1315 621 1341; x_wconf 80' lang='grc' dir='ltr'>τὸν</span> <span class='ocrx_word' id='word_1_215' title='bbox 645 1304 818 1352; x_wconf 49' lang='grc' dir='ltr'>σωματίκιῖλς.</span> <span class='ocrx_word' id='word_1_216' title='bbox 833 1304 862 1346; x_wconf 67' lang='lat' dir='ltr'><strong>oi&#39;a</strong></span> 
     </span>
    </p>
   </div>
   <div class='ocr_carea' id='block_1_30' title="bbox 74 1353 862 1400">
    <p class='ocr_par' dir='ltr' id='par_1_30' title="bbox 74 1353 862 1400">
     <span class='ocr_line' id='line_1_31' title="bbox 74 1353 862 1400; baseline 0.02 -24"><span class='ocrx_word' id='word_1_217' title='bbox 74 1353 209 1387; x_wconf 80' lang='grc' dir='ltr'>παρόντα,</span> <span class='ocrx_word' id='word_1_218' title='bbox 229 1355 275 1381; x_wconf 79' lang='grc' dir='ltr'><strong>καὶ</strong></span> <span class='ocrx_word' id='word_1_219' title='bbox 292 1355 489 1393; x_wconf 83' lang='grc' dir='ltr'>ἀποκληρώσας</span> <span class='ocrx_word' id='word_1_220' title='bbox 503 1360 578 1395; x_wconf 80' lang='grc' dir='ltr'>αὐτῷ</span> <span class='ocrx_word' id='word_1_221' title='bbox 591 1362 638 1396; x_wconf 81' lang='grc' dir='ltr'>τὴν</span> <span class='ocrx_word' id='word_1_222' title='bbox 654 1363 730 1390; x_wconf 86' lang='grc' dir='ltr'>πόλιν</span> <span class='ocrx_word' id='word_1_223' title='bbox 745 1365 862 1400; x_wconf 79' lang='grc' dir='ltr'>ἐκείνην,</span> 
     </span>
    </p>
   </div>
   <div class='ocr_carea' id='block_1_31' title="bbox 74 1397 862 1447">
    <p class='ocr_par' dir='ltr' id='par_1_31' title="bbox 74 1397 862 1447">
     <span class='ocr_line' id='line_1_32' title="bbox 74 1397 862 1447; baseline 0.02 -26"><span class='ocrx_word' id='word_1_224' title='bbox 74 1397 107 1431; x_wconf 81' lang='grc' dir='ltr'>ἢν</span> <span class='ocrx_word' id='word_1_225' title='bbox 136 1399 235 1434; x_wconf 79' lang='grc' dir='ltr'>συνέϐη</span> <span class='ocrx_word' id='word_1_226' title='bbox 265 1401 345 1436; x_wconf 81' lang='grc' dir='ltr'>μέχρι</span> <span class='ocrx_word' id='word_1_227' title='bbox 362 1403 415 1430; x_wconf 86' lang='grc' dir='ltr'>τῶν</span> <span class='ocrx_word' id='word_1_228' title='bbox 434 1405 493 1430; x_wconf 86' lang='grc' dir='ltr'>τότε</span> <span class='ocrx_word' id='word_1_229' title='bbox 516 1406 618 1440; x_wconf 80' lang='grc' dir='ltr'>χρόνων</span> <span class='ocrx_word' id='word_1_230' title='bbox 633 1408 702 1434; x_wconf 66' lang='grc' dir='ltr'>οὕτω</span> <span class='ocrx_word' id='word_1_231' title='bbox 721 1411 753 1445; x_wconf 89' lang='grc' dir='ltr'><strong>τῇ</strong></span> <span class='ocrx_word' id='word_1_232' title='bbox 775 1397 862 1447; x_wconf 75' lang='grc' dir='ltr'>πλάνῇ</span> 
     </span>
    </p>
   </div>
   <div class='ocr_carea' id='block_1_32' title="bbox 73 1442 862 1487">
    <p class='ocr_par' dir='ltr' id='par_1_32' title="bbox 73 1442 862 1487">
     <span class='ocr_line' id='line_1_33' title="bbox 73 1442 862 1487; baseline 0.019 -19"><span class='ocrx_word' id='word_1_233' title='bbox 73 1442 128 1470; x_wconf 85' lang='grc' dir='ltr'>τῶν</span> <span class='ocrx_word' id='word_1_234' title='bbox 144 1444 260 1472; x_wconf 82' lang='grc' dir='ltr'><strong>εἰδώλων</strong></span> <span class='ocrx_word' id='word_1_235' title='bbox 275 1447 435 1482; x_wconf 77' lang='grc' dir='ltr'>κατέχεσθαι</span> <span class='ocrx_word' id='word_1_236' title='bbox 450 1470 456 1482; x_wconf 83' lang='lat'><strong>,</strong></span> <span class='ocrx_word' id='word_1_237' title='bbox 474 1450 543 1477; x_wconf 84' lang='grc' dir='ltr'>ὥστε</span> <span class='ocrx_word' id='word_1_238' title='bbox 567 1453 687 1487; x_wconf 75' lang='grc' dir='ltr'>ἀπείρων</span> <span class='ocrx_word' id='word_1_239' title='bbox 707 1455 789 1482; x_wconf 74' lang='grc' dir='ltr'>ὄντων</span> <span class='ocrx_word' id='word_1_240' title='bbox 808 1456 862 1483; x_wconf 86' lang='grc' dir='ltr'><strong>τῶν</strong></span> 
     </span>
    </p>
   </div>
   <div class='ocr_carea' id='block_1_33' title="bbox 72 1489 860 1537">
    <p class='ocr_par' dir='ltr' id='par_1_33' title="bbox 72 1489 860 1537">
     <span class='ocr_line' id='line_1_34' title="bbox 72 1489 860 1537; baseline 0.018 -23"><span class='ocrx_word' id='word_1_241' title='bbox 72 1489 221 1518; x_wconf 74' lang='grc' dir='ltr'>οἰκούντων</span> <span class='ocrx_word' id='word_1_242' title='bbox 234 1492 317 1528; x_wconf 79' lang='grc' dir='ltr'>αὑτήν</span> <span class='ocrx_word' id='word_1_243' title='bbox 331 1503 359 1520; x_wconf 88' lang='grc' dir='ltr'><strong>τε</strong></span> <span class='ocrx_word' id='word_1_244' title='bbox 372 1494 420 1530; x_wconf 82' lang='grc' dir='ltr'><strong>τὴν</strong></span> <span class='ocrx_word' id='word_1_245' title='bbox 431 1496 518 1528; x_wconf 78' lang='grc' dir='ltr'>πόλιν,</span> <span class='ocrx_word' id='word_1_246' title='bbox 535 1498 581 1524; x_wconf 77' lang='grc' dir='ltr'>καὶ</span> <span class='ocrx_word' id='word_1_247' title='bbox 596 1498 644 1533; x_wconf 83' lang='grc' dir='ltr'><strong>τὴν</strong></span> <span class='ocrx_word' id='word_1_248' title='bbox 658 1500 806 1535; x_wconf 81' lang='grc' dir='ltr'>περίοικον,</span> <span class='ocrx_word' id='word_1_249' title='bbox 824 1501 860 1537; x_wconf 86' lang='grc' dir='ltr'>μὴ</span> 
     </span>
    </p>
   </div>
   <div class='ocr_carea' id='block_1_34' title="bbox 73 1535 859 1581">
    <p class='ocr_par' dir='ltr' id='par_1_34' title="bbox 73 1535 859 1581">
     <span class='ocr_line' id='line_1_35' title="bbox 73 1535 859 1581; baseline 0.018 -21"><span class='ocrx_word' id='word_1_250' title='bbox 73 1535 184 1567; x_wconf 81' lang='grc' dir='ltr'>πλείους</span> <span class='ocrx_word' id='word_1_251' title='bbox 210 1538 352 1573; x_wconf 82' lang='grc' dir='ltr'>εὑρεθῆναι</span> <span class='ocrx_word' id='word_1_252' title='bbox 372 1541 425 1567; x_wconf 85' lang='grc' dir='ltr'><strong>τῶν</strong></span> <span class='ocrx_word' id='word_1_253' title='bbox 448 1542 630 1570; x_wconf 81' lang='grc' dir='ltr'>ἑπτακαίδεκα</span> <span class='ocrx_word' id='word_1_254' title='bbox 652 1546 714 1576; x_wconf 83' lang='grc' dir='ltr'>τοὺς</span> <span class='ocrx_word' id='word_1_255' title='bbox 743 1547 859 1581; x_wconf 86' lang='grc' dir='ltr'>παραδε-</span> 
     </span>
    </p>
   </div>
   <div class='ocr_carea' id='block_1_35' title="bbox 72 1580 575 1621">
    <p class='ocr_par' dir='ltr' id='par_1_35' title="bbox 72 1580 575 1621">
     <span class='ocr_line' id='line_1_36' title="bbox 72 1580 575 1621; baseline 0.018 -15"><span class='ocrx_word' id='word_1_256' title='bbox 72 1580 221 1616; x_wconf 78' lang='grc' dir='ltr'>δεγμένους</span> <span class='ocrx_word' id='word_1_257' title='bbox 231 1584 276 1610; x_wconf 77' lang='grc' dir='ltr'>τὸν</span> <span class='ocrx_word' id='word_1_258' title='bbox 293 1585 371 1619; x_wconf 73' lang='grc' dir='ltr'>λόγον</span> <span class='ocrx_word' id='word_1_259' title='bbox 385 1587 433 1621; x_wconf 81' lang='grc' dir='ltr'>τῆς</span> <span class='ocrx_word' id='word_1_260' title='bbox 449 1588 575 1620; x_wconf 81' lang='grc' dir='ltr'>πίστεως.</span> 
     </span>
    </p>
   </div>
   <div class='ocr_carea' id='block_1_36' title="bbox 931 275 1719 322">
    <p class='ocr_par' dir='ltr' id='par_1_36' title="bbox 931 275 1719 322">
     <span class='ocr_line' id='line_1_37' title="bbox 931 275 1719 322; baseline 0.024 -21"><span class='ocrx_word' id='word_1_261' title='bbox 931 275 1056 309; x_wconf 84' lang='lat' dir='ltr'><strong>judicare</strong></span> <span class='ocrx_word' id='word_1_262' title='bbox 1066 277 1129 304; x_wconf 90' lang='lat' dir='ltr'><strong>licet</strong></span> <span class='ocrx_word' id='word_1_263' title='bbox 1139 279 1267 307; x_wconf 80' lang='lat' dir='ltr'><strong>virtutem</strong></span> <span class='ocrx_word' id='word_1_264' title='bbox 1283 288 1356 309; x_wconf 85' lang='lat' dir='ltr'><strong>recte</strong></span> <span class='ocrx_word' id='word_1_265' title='bbox 1370 289 1493 317; x_wconf 83' lang='lat' dir='ltr'><strong>spectare</strong></span> <span class='ocrx_word' id='word_1_266' title='bbox 1509 288 1617 322; x_wconf 79' lang='lat' dir='ltr'><strong>scienti.</strong></span> <span class='ocrx_word' id='word_1_267' title='bbox 1630 275 1719 321; x_wconf 79' lang='lat' dir='ltr'><strong>utrilis</strong></span> 
     </span>
    </p>
   </div>
   <div class='ocr_carea' id='block_1_37' title="bbox 932 321 1717 365">
    <p class='ocr_par' dir='ltr' id='par_1_37' title="bbox 932 321 1717 365">
     <span class='ocr_line' id='line_1_38' title="bbox 932 321 1717 365; baseline 0.024 -19"><span class='ocrx_word' id='word_1_268' title='bbox 932 321 1030 348; x_wconf 91' lang='lat' dir='ltr'><strong>horum</strong></span> <span class='ocrx_word' id='word_1_269' title='bbox 1046 321 1101 348; x_wconf 85' lang='lat' dir='ltr'><strong>vita</strong></span> <span class='ocrx_word' id='word_1_270' title='bbox 1125 331 1173 357; x_wconf 91' lang='lat' dir='ltr'><strong>per</strong></span> <span class='ocrx_word' id='word_1_271' title='bbox 1189 326 1352 353; x_wconf 76' lang='lat' dir='ltr'><strong>vacuitatem</strong></span> <span class='ocrx_word' id='word_1_272' title='bbox 1370 327 1549 359; x_wconf 88' lang='lat' dir='ltr'><strong>humanorum</strong></span> <span class='ocrx_word' id='word_1_273' title='bbox 1571 334 1717 365; x_wconf 75' lang='lat' dir='ltr'><strong>aﬁectuum</strong></span> 
     </span>
    </p>
   </div>
   <div class='ocr_carea' id='block_1_38' title="bbox 932 367 1718 413">
    <p class='ocr_par' dir='ltr' id='par_1_38' title="bbox 932 367 1718 413">
     <span class='ocr_line' id='line_1_39' title="bbox 932 367 1718 413; baseline 0.024 -22"><span class='ocrx_word' id='word_1_274' title='bbox 932 367 1019 401; x_wconf 78' lang='lat' dir='ltr'><strong>magis</strong></span> <span class='ocrx_word' id='word_1_275' title='bbox 1037 371 1173 396; x_wconf 87' lang='lat' dir='ltr'><strong>transacta</strong></span> <span class='ocrx_word' id='word_1_276' title='bbox 1190 370 1243 397; x_wconf 82' lang='lat' dir='ltr'><strong>sit:</strong></span> <span class='ocrx_word' id='word_1_277' title='bbox 1261 372 1380 405; x_wconf 87' lang='lat' dir='ltr'><strong>illiusne,</strong></span> <span class='ocrx_word' id='word_1_278' title='bbox 1396 375 1441 408; x_wconf 87' lang='lat' dir='ltr'><strong>qui</strong></span> <span class='ocrx_word' id='word_1_279' title='bbox 1459 377 1490 403; x_wconf 90' lang='lat' dir='ltr'><strong>ad</strong></span> <span class='ocrx_word' id='word_1_280' title='bbox 1511 378 1658 413; x_wconf 77' lang='lat' dir='ltr'><strong>legitimum</strong></span> <span class='ocrx_word' id='word_1_281' title='bbox 1676 387 1718 409; x_wconf 90' lang='lat' dir='ltr'><strong>at-</strong></span> 
     </span>
    </p>
   </div>
   <div class='ocr_carea' id='block_1_39' title="bbox 931 417 1715 459">
    <p class='ocr_par' dir='ltr' id='par_1_39' title="bbox 931 417 1715 459">
     <span class='ocr_line' id='line_1_40' title="bbox 931 417 1715 459; baseline 0.024 -22"><span class='ocrx_word' id='word_1_282' title='bbox 931 419 983 446; x_wconf 88' lang='lat' dir='ltr'><strong>que</strong></span> <span class='ocrx_word' id='word_1_283' title='bbox 999 420 1158 441; x_wconf 81' lang='lat' dir='ltr'><strong>concessum</strong></span> <span class='ocrx_word' id='word_1_284' title='bbox 1180 417 1348 451; x_wconf 74' lang='lat' dir='ltr'><strong>voluptatum</strong></span> <span class='ocrx_word' id='word_1_285' title='bbox 1368 429 1446 448; x_wconf 87' lang='lat' dir='ltr'><strong>usutn</strong></span> <span class='ocrx_word' id='word_1_286' title='bbox 1464 422 1664 459; x_wconf 88' lang='lat' dir='ltr'><strong>descenderat,</strong></span> <span class='ocrx_word' id='word_1_287' title='bbox 1681 437 1715 456; x_wconf 88' lang='lat' dir='ltr'><strong>an</strong></span> 
     </span>
    </p>
   </div>
   <div class='ocr_carea' id='block_1_40' title="bbox 931 458 1715 502">
    <p class='ocr_par' dir='ltr' id='par_1_40' title="bbox 931 458 1715 502">
     <span class='ocr_line' id='line_1_41' title="bbox 931 458 1715 502; baseline 0.023 -19"><span class='ocrx_word' id='word_1_288' title='bbox 931 458 1012 492; x_wconf 82' lang='lat' dir='ltr'><strong>hujus</strong></span> <span class='ocrx_word' id='word_1_289' title='bbox 1031 461 1077 494; x_wconf 93' lang='lat' dir='ltr'><strong>qui</strong></span> <span class='ocrx_word' id='word_1_290' title='bbox 1104 465 1130 488; x_wconf 86' lang='lat' dir='ltr'><strong>et</strong></span> <span class='ocrx_word' id='word_1_291' title='bbox 1156 462 1323 497; x_wconf 85' lang='lat' dir='ltr'><strong>voluptatem</strong></span> <span class='ocrx_word' id='word_1_292' title='bbox 1351 469 1499 502; x_wconf 89' lang='lat' dir='ltr'><strong>superavit,</strong></span> <span class='ocrx_word' id='word_1_293' title='bbox 1527 475 1553 498; x_wconf 90' lang='lat' dir='ltr'><strong>et</strong></span> <span class='ocrx_word' id='word_1_294' title='bbox 1582 475 1715 502; x_wconf 75' lang='lat' dir='ltr'><strong>niateriali</strong></span> 
     </span>
    </p>
   </div>
   <div class='ocr_carea' id='block_1_41' title="bbox 929 509 1713 548">
    <p class='ocr_par' dir='ltr' id='par_1_41' title="bbox 929 509 1713 548">
     <span class='ocr_line' id='line_1_42' title="bbox 929 509 1713 548; baseline 0.023 -17"><span class='ocrx_word' id='word_1_295' title='bbox 929 513 1084 541; x_wconf 58' lang='lat' dir='ltr'><strong>crassaque</strong></span> <span class='ocrx_word' id='word_1_296' title='bbox 1112 509 1247 537; x_wconf 82' lang='lat' dir='ltr'><strong>alTectioui</strong></span> <span class='ocrx_word' id='word_1_297' title='bbox 1275 513 1380 540; x_wconf 87' lang='lat' dir='ltr'><strong>nullum</strong></span> <span class='ocrx_word' id='word_1_298' title='bbox 1407 515 1536 545; x_wconf 85' lang='lat' dir='ltr'><strong>adversus</strong></span> <span class='ocrx_word' id='word_1_299' title='bbox 1558 527 1587 546; x_wconf 91' lang='lat' dir='ltr'><strong>se</strong></span> <span class='ocrx_word' id='word_1_300' title='bbox 1611 520 1713 548; x_wconf 84' lang='lat' dir='ltr'><strong>aditth</strong></span> 
     </span>
    </p>
   </div>
   <div class='ocr_carea' id='block_1_42' title="bbox 929 551 1712 594">
    <p class='ocr_par' dir='ltr' id='par_1_42' title="bbox 929 551 1712 594">
     <span class='ocr_line' id='line_1_43' title="bbox 929 551 1712 594; baseline 0.02 -17"><span class='ocrx_word' id='word_1_301' title='bbox 929 551 1012 578; x_wconf 87' lang='lat' dir='ltr'><strong>dedit.</strong></span> <span class='ocrx_word' id='word_1_302' title='bbox 1039 552 1171 581; x_wconf 65' lang='lat' dir='ltr'><strong>Cancrum</strong></span> <span class='ocrx_word' id='word_1_303' title='bbox 1199 564 1260 583; x_wconf 90' lang='lat' dir='ltr'><strong>cum</strong></span> <span class='ocrx_word' id='word_1_304' title='bbox 1284 557 1449 594; x_wconf 64' lang='lat' dir='ltr'><strong>PllH‘AlllllllS,</strong></span> <span class='ocrx_word' id='word_1_305' title='bbox 1477 563 1521 589; x_wconf 90' lang='lat' dir='ltr'><strong>cui</strong></span> <span class='ocrx_word' id='word_1_306' title='bbox 1547 564 1677 593; x_wconf 72' lang='lat' dir='ltr'><strong>divinitus</strong></span> <span class='ocrx_word' id='word_1_307' title='bbox 1697 575 1712 594; x_wconf 87' lang='lat' dir='ltr'><strong>a</strong></span> 
     </span>
    </p>
   </div>
   <div class='ocr_carea' id='block_1_43' title="bbox 928 595 1710 645">
    <p class='ocr_par' dir='ltr' id='par_1_43' title="bbox 928 595 1710 645">
     <span class='ocr_line' id='line_1_44' title="bbox 928 595 1710 645; baseline 0.023 -24"><span class='ocrx_word' id='word_1_308' title='bbox 928 595 1030 630; x_wconf 84' lang='lat' dir='ltr'><strong>Spiritu</strong></span> <span class='ocrx_word' id='word_1_309' title='bbox 1058 604 1153 627; x_wconf 84' lang='lat' dir='ltr'><strong>sancto</strong></span> <span class='ocrx_word' id='word_1_310' title='bbox 1178 603 1289 635; x_wconf 74' lang='lat' dir='ltr'><strong>praescia</strong></span> <span class='ocrx_word' id='word_1_311' title='bbox 1313 604 1499 638; x_wconf 66' lang='lat' dir='ltr'><strong>(futurorum)</strong></span> <span class='ocrx_word' id='word_1_312' title='bbox 1523 609 1563 636; x_wconf 82' lang='lat' dir='ltr'><strong>\is</strong></span> <span class='ocrx_word' id='word_1_313' title='bbox 1589 611 1710 645; x_wconf 68' lang='lat' dir='ltr'><strong>quaedam</strong></span> 
     </span>
    </p>
   </div>
   <div class='ocr_carea' id='block_1_44' title="bbox 927 641 1711 684">
    <p class='ocr_par' dir='ltr' id='par_1_44' title="bbox 927 641 1711 684">
     <span class='ocr_line' id='line_1_45' title="bbox 927 641 1711 684; baseline 0.022 -17"><span class='ocrx_word' id='word_1_314' title='bbox 927 641 1026 675; x_wconf 88' lang='lat' dir='ltr'><strong>inerat,</strong></span> <span class='ocrx_word' id='word_1_315' title='bbox 1045 644 1070 670; x_wconf 94' lang='lat' dir='ltr'><strong>in</strong></span> <span class='ocrx_word' id='word_1_316' title='bbox 1092 645 1138 672; x_wconf 91' lang='lat' dir='ltr'><strong>illo</strong></span> <span class='ocrx_word' id='word_1_317' title='bbox 1160 651 1279 682; x_wconf 88' lang='lat' dir='ltr'><strong>tempore</strong></span> <span class='ocrx_word' id='word_1_318' title='bbox 1297 649 1488 680; x_wconf 88' lang='lat' dir='ltr'><strong>Amasensium</strong></span> <span class='ocrx_word' id='word_1_319' title='bbox 1508 653 1637 683; x_wconf 79' lang='lat' dir='ltr'><strong>Ecclesia:</strong></span> <span class='ocrx_word' id='word_1_320' title='bbox 1663 664 1711 684; x_wconf 88' lang='lat' dir='ltr'><strong>an-</strong></span> 
     </span>
    </p>
   </div>
   <div class='ocr_carea' id='block_1_45' title="bbox 926 686 1709 735">
    <p class='ocr_par' dir='ltr' id='par_1_45' title="bbox 926 686 1709 735">
     <span class='ocr_line' id='line_1_46' title="bbox 926 686 1709 735; baseline 0.023 -24"><span class='ocrx_word' id='word_1_321' title='bbox 926 686 1002 714; x_wconf 85' lang='lat' dir='ltr'><strong>tistes</strong></span> <span class='ocrx_word' id='word_1_322' title='bbox 1020 693 1102 719; x_wconf 87' lang='lat' dir='ltr'><strong>esset.</strong></span> <span class='ocrx_word' id='word_1_323' title='bbox 1122 693 1149 716; x_wconf 85' lang='lat' dir='ltr'><strong>et</strong></span> <span class='ocrx_word' id='word_1_324' title='bbox 1166 692 1240 718; x_wconf 90' lang='lat' dir='ltr'><strong>omni</strong></span> <span class='ocrx_word' id='word_1_325' title='bbox 1257 694 1346 721; x_wconf 87' lang='lat' dir='ltr'><strong>studio</strong></span> <span class='ocrx_word' id='word_1_326' title='bbox 1369 695 1516 727; x_wconf 79' lang='lat' dir='ltr'><strong>laboraret.</strong></span> <span class='ocrx_word' id='word_1_327' title='bbox 1538 704 1566 726; x_wconf 92' lang='lat' dir='ltr'><strong>ut</strong></span> <span class='ocrx_word' id='word_1_328' title='bbox 1581 709 1709 735; x_wconf 68' lang='lat' dir='ltr'><strong>magunum</strong></span> 
     </span>
    </p>
   </div>
   <div class='ocr_carea' id='block_1_46' title="bbox 925 729 1708 774">
    <p class='ocr_par' dir='ltr' id='par_1_46' title="bbox 925 729 1708 774">
     <span class='ocr_line' id='line_1_47' title="bbox 925 729 1708 774; baseline 0.022 -18"><span class='ocrx_word' id='word_1_329' title='bbox 925 729 1083 766; x_wconf 80' lang='lat' dir='ltr'><strong>Gregorium</strong></span> <span class='ocrx_word' id='word_1_330' title='bbox 1103 734 1130 760; x_wconf 90' lang='lat' dir='ltr'><strong>in</strong></span> <span class='ocrx_word' id='word_1_331' title='bbox 1152 739 1314 769; x_wconf 85' lang='lat' dir='ltr'><strong>potestatem</strong></span> <span class='ocrx_word' id='word_1_332' title='bbox 1338 740 1489 774; x_wconf 88' lang='lat' dir='ltr'><strong>redactum,</strong></span> <span class='ocrx_word' id='word_1_333' title='bbox 1508 742 1636 772; x_wconf 64' lang='lat' dir='ltr'><strong>Ecclesiae</strong></span> <span class='ocrx_word' id='word_1_334' title='bbox 1659 746 1708 772; x_wconf 86' lang='lat' dir='ltr'><strong>ad-</strong></span> 
     </span>
    </p>
   </div>
   <div class='ocr_carea' id='block_1_47' title="bbox 923 778 1707 820">
    <p class='ocr_par' dir='ltr' id='par_1_47' title="bbox 923 778 1707 820">
     <span class='ocr_line' id='line_1_48' title="bbox 923 778 1707 820; baseline 0.023 -18"><span class='ocrx_word' id='word_1_335' title='bbox 923 778 1117 807; x_wconf 87' lang='lat' dir='ltr'><strong>ministrationi</strong></span> <span class='ocrx_word' id='word_1_336' title='bbox 1135 782 1295 816; x_wconf 64' lang='lat' dir='ltr'><strong>praeﬁceret,</strong></span> <span class='ocrx_word' id='word_1_337' title='bbox 1311 794 1344 813; x_wconf 91' lang='lat' dir='ltr'><strong>nc</strong></span> <span class='ocrx_word' id='word_1_338' title='bbox 1357 790 1461 815; x_wconf 88' lang='lat' dir='ltr'><strong>tantum</strong></span> <span class='ocrx_word' id='word_1_339' title='bbox 1477 789 1576 817; x_wconf 90' lang='lat' dir='ltr'><strong>bonum</strong></span> <span class='ocrx_word' id='word_1_340' title='bbox 1589 793 1707 820; x_wconf 84' lang='lat' dir='ltr'><strong>otiosum</strong></span> 
     </span>
    </p>
   </div>
   <div class='ocr_carea' id='block_1_48' title="bbox 922 825 1707 866">
    <p class='ocr_par' dir='ltr' id='par_1_48' title="bbox 922 825 1707 866">
     <span class='ocr_line' id='line_1_49' title="bbox 922 825 1707 866; baseline 0.02 -17"><span class='ocrx_word' id='word_1_341' title='bbox 922 828 949 850; x_wconf 91' lang='lat' dir='ltr'><strong>et</strong></span> <span class='ocrx_word' id='word_1_342' title='bbox 959 825 1149 860; x_wconf 70' lang='lat' dir='ltr'><strong>infrugilerum</strong></span> <span class='ocrx_word' id='word_1_343' title='bbox 1159 829 1241 856; x_wconf 90' lang='lat' dir='ltr'><strong>vitam</strong></span> <span class='ocrx_word' id='word_1_344' title='bbox 1255 833 1431 866; x_wconf 81' lang='lat' dir='ltr'><strong>transigeret:</strong></span> <span class='ocrx_word' id='word_1_345' title='bbox 1444 839 1470 862; x_wconf 94' lang='lat' dir='ltr'><strong>ut</strong></span> <span class='ocrx_word' id='word_1_346' title='bbox 1482 835 1526 862; x_wconf 88' lang='lat' dir='ltr'><strong>hic</strong></span> <span class='ocrx_word' id='word_1_347' title='bbox 1539 838 1707 865; x_wconf 82' lang='lat' dir='ltr'><strong>sacerdotem</strong></span> 
     </span>
    </p>
   </div>
   <div class='ocr_carea' id='block_1_49' title="bbox 922 868 1703 918">
    <p class='ocr_par' dir='ltr' id='par_1_49' title="bbox 922 868 1703 918">
     <span class='ocr_line' id='line_1_50' title="bbox 922 868 1703 918; baseline 0.02 -23"><span class='ocrx_word' id='word_1_348' title='bbox 922 868 949 895; x_wconf 91' lang='lat' dir='ltr'><strong>id</strong></span> <span class='ocrx_word' id='word_1_349' title='bbox 963 871 1066 904; x_wconf 80' lang='lat' dir='ltr'><strong>agitare</strong></span> <span class='ocrx_word' id='word_1_350' title='bbox 1083 878 1165 908; x_wconf 85' lang='lat' dir='ltr'><strong>atque</strong></span> <span class='ocrx_word' id='word_1_351' title='bbox 1179 876 1273 902; x_wconf 88' lang='lat' dir='ltr'><strong>conari</strong></span> <span class='ocrx_word' id='word_1_352' title='bbox 1288 879 1383 911; x_wconf 84' lang='lat' dir='ltr'><strong>sensit,</strong></span> <span class='ocrx_word' id='word_1_353' title='bbox 1405 881 1526 914; x_wconf 76' lang='lat' dir='ltr'><strong>cogitare</strong></span> <span class='ocrx_word' id='word_1_354' title='bbox 1541 883 1634 917; x_wconf 63' lang='lat' dir='ltr'><strong>etrapit,</strong></span> <span class='ocrx_word' id='word_1_355' title='bbox 1650 892 1703 918; x_wconf 90' lang='lat' dir='ltr'><strong>qua</strong></span> 
     </span>
    </p>
   </div>
   <div class='ocr_carea' id='block_1_50' title="bbox 924 915 1705 955">
    <p class='ocr_par' dir='ltr' id='par_1_50' title="bbox 924 915 1705 955">
     <span class='ocr_line' id='line_1_51' title="bbox 924 915 1705 955; baseline 0.019 -15"><span class='ocrx_word' id='word_1_356' title='bbox 924 915 1028 943; x_wconf 84' lang='lat' dir='ltr'><strong>ratione</strong></span> <span class='ocrx_word' id='word_1_357' title='bbox 1051 917 1134 945; x_wconf 85' lang='lat' dir='ltr'><strong>latere</strong></span> <span class='ocrx_word' id='word_1_358' title='bbox 1151 925 1255 954; x_wconf 87' lang='lat' dir='ltr'><strong>posset,</strong></span> <span class='ocrx_word' id='word_1_359' title='bbox 1286 922 1354 950; x_wconf 83' lang='lat' dir='ltr'><strong>alias</strong></span> <span class='ocrx_word' id='word_1_360' title='bbox 1376 924 1410 951; x_wconf 83' lang='lat' dir='ltr'><strong>ad</strong></span> <span class='ocrx_word' id='word_1_361' title='bbox 1425 925 1505 952; x_wconf 89' lang='lat' dir='ltr'><strong>aliam</strong></span> <span class='ocrx_word' id='word_1_362' title='bbox 1529 927 1705 955; x_wconf 88' lang='lat' dir='ltr'><strong>solitudinem</strong></span> 
     </span>
    </p>
   </div>
   <div class='ocr_carea' id='block_1_51' title="bbox 921 962 1703 1002">
    <p class='ocr_par' dir='ltr' id='par_1_51' title="bbox 921 962 1703 1002">
     <span class='ocr_line' id='line_1_52' title="bbox 921 962 1703 1002; baseline 0.019 -16"><span class='ocrx_word' id='word_1_363' title='bbox 921 962 1067 991; x_wconf 79' lang='lat' dir='ltr'><strong>transiens.</strong></span> <span class='ocrx_word' id='word_1_364' title='bbox 1088 964 1139 991; x_wconf 93' lang='lat' dir='ltr'><strong>Sed</strong></span> <span class='ocrx_word' id='word_1_365' title='bbox 1169 974 1344 1002; x_wconf 85' lang='lat' dir='ltr'><strong>posteaquam</strong></span> <span class='ocrx_word' id='word_1_366' title='bbox 1372 971 1438 997; x_wconf 85' lang='lat' dir='ltr'><strong>nihil</strong></span> <span class='ocrx_word' id='word_1_367' title='bbox 1460 979 1514 998; x_wconf 87' lang='lat' dir='ltr'><strong>non</strong></span> <span class='ocrx_word' id='word_1_368' title='bbox 1542 974 1703 1001; x_wconf 87' lang='lat' dir='ltr'><strong>intentatum</strong></span> 
     </span>
    </p>
   </div>
   <div class='ocr_carea' id='block_1_52' title="bbox 919 1007 1704 1050">
    <p class='ocr_par' dir='ltr' id='par_1_52' title="bbox 919 1007 1704 1050">
     <span class='ocr_line' id='line_1_53' title="bbox 919 1007 1704 1050; baseline 0.018 -18"><span class='ocrx_word' id='word_1_369' title='bbox 919 1007 1088 1042; x_wconf 74' lang='lat' dir='ltr'><strong>relinquens.</strong></span> <span class='ocrx_word' id='word_1_370' title='bbox 1121 1011 1166 1038; x_wconf 88' lang='lat' dir='ltr'><strong>ille</strong></span> <span class='ocrx_word' id='word_1_371' title='bbox 1190 1013 1230 1038; x_wconf 93' lang='lat' dir='ltr'><strong>vir</strong></span> <span class='ocrx_word' id='word_1_372' title='bbox 1255 1021 1368 1048; x_wconf 80' lang='lat' dir='ltr'><strong>magnus</strong></span> <span class='ocrx_word' id='word_1_373' title='bbox 1392 1015 1557 1050; x_wconf 68' lang='lat' dir='ltr'><strong>Phaedimus,</strong></span> <span class='ocrx_word' id='word_1_374' title='bbox 1585 1024 1610 1046; x_wconf 94' lang='lat' dir='ltr'><strong>et</strong></span> <span class='ocrx_word' id='word_1_375' title='bbox 1630 1021 1704 1046; x_wconf 91' lang='lat' dir='ltr'><strong>omni</strong></span> 
     </span>
    </p>
   </div>
   <div class='ocr_carea' id='block_1_53' title="bbox 920 1054 1704 1098">
    <p class='ocr_par' dir='ltr' id='par_1_53' title="bbox 920 1054 1704 1098">
     <span class='ocr_line' id='line_1_54' title="bbox 920 1054 1704 1098; baseline 0.02 -20"><span class='ocrx_word' id='word_1_376' title='bbox 920 1054 1122 1082; x_wconf 87' lang='lat' dir='ltr'><strong>machinatione</strong></span> <span class='ocrx_word' id='word_1_377' title='bbox 1137 1061 1218 1091; x_wconf 88' lang='lat' dir='ltr'><strong>atque</strong></span> <span class='ocrx_word' id='word_1_378' title='bbox 1238 1060 1348 1086; x_wconf 82' lang='lat' dir='ltr'><strong>solertia</strong></span> <span class='ocrx_word' id='word_1_379' title='bbox 1371 1065 1449 1089; x_wconf 86' lang='lat' dir='ltr'><strong>utens</strong></span> <span class='ocrx_word' id='word_1_380' title='bbox 1470 1071 1522 1090; x_wconf 90' lang='lat' dir='ltr'><strong>non</strong></span> <span class='ocrx_word' id='word_1_381' title='bbox 1543 1070 1648 1098; x_wconf 84' lang='lat' dir='ltr'><strong>poterat</strong></span> <span class='ocrx_word' id='word_1_382' title='bbox 1663 1067 1704 1093; x_wconf 91' lang='lat' dir='ltr'><strong>vi-</strong></span> 
     </span>
    </p>
   </div>
   <div class='ocr_carea' id='block_1_54' title="bbox 918 1099 1703 1139">
    <p class='ocr_par' dir='ltr' id='par_1_54' title="bbox 918 1099 1703 1139">
     <span class='ocr_line' id='line_1_55' title="bbox 918 1099 1703 1139; baseline 0.02 -16"><span class='ocrx_word' id='word_1_383' title='bbox 918 1104 978 1124; x_wconf 90' lang='lat' dir='ltr'><strong>rum</strong></span> <span class='ocrx_word' id='word_1_384' title='bbox 1003 1099 1035 1125; x_wconf 88' lang='lat' dir='ltr'><strong>ad</strong></span> <span class='ocrx_word' id='word_1_385' title='bbox 1062 1101 1245 1129; x_wconf 75' lang='lat' dir='ltr'><strong>sacerdotium</strong></span> <span class='ocrx_word' id='word_1_386' title='bbox 1274 1103 1409 1132; x_wconf 85' lang='lat' dir='ltr'><strong>adducere</strong></span> <span class='ocrx_word' id='word_1_387' title='bbox 1438 1107 1589 1137; x_wconf 80' lang='lat' dir='ltr'><strong>innumeris</strong></span> <span class='ocrx_word' id='word_1_388' title='bbox 1616 1112 1703 1139; x_wconf 83' lang='lat' dir='ltr'><strong>oculis</strong></span> 
     </span>
    </p>
   </div>
   <div class='ocr_carea' id='block_1_55' title="bbox 918 1148 1703 1190">
    <p class='ocr_par' dir='ltr' id='par_1_55' title="bbox 918 1148 1703 1190">
     <span class='ocr_line' id='line_1_56' title="bbox 918 1148 1703 1190; baseline 0.02 -23"><span class='ocrx_word' id='word_1_389' title='bbox 918 1148 1126 1176; x_wconf 70' lang='lat' dir='ltr'><strong>praecaventem,</strong></span> <span class='ocrx_word' id='word_1_390' title='bbox 1146 1153 1180 1172; x_wconf 87' lang='lat' dir='ltr'><strong>ne</strong></span> <span class='ocrx_word' id='word_1_391' title='bbox 1199 1148 1309 1180; x_wconf 87' lang='lat' dir='ltr'><strong>quando</strong></span> <span class='ocrx_word' id='word_1_392' title='bbox 1322 1157 1403 1176; x_wconf 91' lang='lat' dir='ltr'><strong>manu</strong></span> <span class='ocrx_word' id='word_1_393' title='bbox 1427 1153 1577 1181; x_wconf 84' lang='lat' dir='ltr'><strong>sacerdotis</strong></span> <span class='ocrx_word' id='word_1_394' title='bbox 1591 1163 1703 1190; x_wconf 86' lang='lat' dir='ltr'><strong>capere-</strong></span> 
     </span>
    </p>
   </div>
   <div class='ocr_carea' id='block_1_56' title="bbox 918 1191 1702 1231">
    <p class='ocr_par' dir='ltr' id='par_1_56' title="bbox 918 1191 1702 1231">
     <span class='ocr_line' id='line_1_57' title="bbox 918 1191 1702 1231; baseline 0.019 -18"><span class='ocrx_word' id='word_1_395' title='bbox 918 1191 970 1218; x_wconf 92' lang='lat' dir='ltr'><strong>tur,</strong></span> <span class='ocrx_word' id='word_1_396' title='bbox 980 1192 1006 1214; x_wconf 92' lang='lat' dir='ltr'><strong>ct</strong></span> <span class='ocrx_word' id='word_1_397' title='bbox 1020 1195 1082 1215; x_wconf 87' lang='lat' dir='ltr'><strong>cum</strong></span> <span class='ocrx_word' id='word_1_398' title='bbox 1100 1194 1213 1225; x_wconf 84' lang='lat' dir='ltr'><strong>uterque</strong></span> <span class='ocrx_word' id='word_1_399' title='bbox 1230 1192 1299 1219; x_wconf 89' lang='lat' dir='ltr'><strong>inter</strong></span> <span class='ocrx_word' id='word_1_400' title='bbox 1311 1201 1371 1221; x_wconf 81' lang='lat' dir='ltr'><strong>Sese</strong></span> <span class='ocrx_word' id='word_1_401' title='bbox 1388 1196 1478 1223; x_wconf 88' lang='lat' dir='ltr'><strong>studio</strong></span> <span class='ocrx_word' id='word_1_402' title='bbox 1493 1203 1639 1231; x_wconf 79' lang='lat' dir='ltr'><strong>certarent,</strong></span> <span class='ocrx_word' id='word_1_403' title='bbox 1657 1201 1702 1228; x_wconf 77' lang='lat' dir='ltr'><strong>illo</strong></span> 
     </span>
    </p>
   </div>
   <div class='ocr_carea' id='block_1_57' title="bbox 915 1233 1701 1275">
    <p class='ocr_par' dir='ltr' id='par_1_57' title="bbox 915 1233 1701 1275">
     <span class='ocr_line' id='line_1_58' title="bbox 915 1233 1701 1275; baseline 0.019 -17"><span class='ocrx_word' id='word_1_404' title='bbox 915 1233 1025 1267; x_wconf 70' lang='lat' dir='ltr'><strong>quidem</strong></span> <span class='ocrx_word' id='word_1_405' title='bbox 1044 1242 1152 1269; x_wconf 80' lang='lat' dir='ltr'><strong>capere,</strong></span> <span class='ocrx_word' id='word_1_406' title='bbox 1177 1237 1228 1265; x_wconf 86' lang='lat' dir='ltr'><strong>hoc</strong></span> <span class='ocrx_word' id='word_1_407' title='bbox 1244 1246 1307 1266; x_wconf 86' lang='lat' dir='ltr'><strong>vero</strong></span> <span class='ocrx_word' id='word_1_408' title='bbox 1321 1243 1511 1275; x_wconf 81' lang='lat' dir='ltr'><strong>persequentis</strong></span> <span class='ocrx_word' id='word_1_409' title='bbox 1524 1251 1620 1272; x_wconf 90' lang='lat' dir='ltr'><strong>manus</strong></span> <span class='ocrx_word' id='word_1_410' title='bbox 1635 1246 1701 1273; x_wconf 69' lang='lat' dir='ltr'><strong>elici-</strong></span> 
     </span>
    </p>
   </div>
   <div class='ocr_carea' id='block_1_58' title="bbox 914 1279 1701 1317">
    <p class='ocr_par' dir='ltr' id='par_1_58' title="bbox 914 1279 1701 1317">
     <span class='ocr_line' id='line_1_59' title="bbox 914 1279 1701 1317; baseline 0.019 -14"><span class='ocrx_word' id='word_1_411' title='bbox 914 1285 978 1313; x_wconf 67' lang='grc' dir='ltr'>εει-ε</span> <span class='ocrx_word' id='word_1_412' title='bbox 997 1279 1122 1313; x_wconf 84' lang='lat' dir='ltr'><strong>cupiente</strong></span> <span class='ocrx_word' id='word_1_413' title='bbox 1140 1281 1217 1308; x_wconf 80' lang='lat' dir='ltr'><strong>(nam</strong></span> <span class='ocrx_word' id='word_1_414' title='bbox 1234 1283 1278 1310; x_wconf 88' lang='lat' dir='ltr'><strong>ille</strong></span> <span class='ocrx_word' id='word_1_415' title='bbox 1291 1284 1392 1311; x_wconf 80' lang='lat' dir='ltr'><strong>sciebat</strong></span> <span class='ocrx_word' id='word_1_416' title='bbox 1409 1294 1438 1314; x_wconf 87' lang='lat' dir='ltr'><strong>se</strong></span> <span class='ocrx_word' id='word_1_417' title='bbox 1457 1295 1565 1315; x_wconf 89' lang='lat' dir='ltr'><strong>sacrum</strong></span> <span class='ocrx_word' id='word_1_418' title='bbox 1582 1289 1636 1316; x_wconf 88' lang='lat' dir='ltr'><strong>Deo</strong></span> <span class='ocrx_word' id='word_1_419' title='bbox 1651 1291 1701 1317; x_wconf 86' lang='lat' dir='ltr'><strong>do-</strong></span> 
     </span>
    </p>
   </div>
   <div class='ocr_carea' id='block_1_59' title="bbox 914 1323 1700 1368">
    <p class='ocr_par' dir='ltr' id='par_1_59' title="bbox 914 1323 1700 1368">
     <span class='ocr_line' id='line_1_60' title="bbox 914 1323 1700 1368; baseline 0.019 -20"><span class='ocrx_word' id='word_1_420' title='bbox 914 1323 1021 1350; x_wconf 86' lang='lat' dir='ltr'><strong>narium</strong></span> <span class='ocrx_word' id='word_1_421' title='bbox 1039 1325 1193 1352; x_wconf 86' lang='lat' dir='ltr'><strong>oblaturum</strong></span> <span class='ocrx_word' id='word_1_422' title='bbox 1211 1335 1288 1358; x_wconf 81' lang='lat' dir='ltr'><strong>rsse.</strong></span> <span class='ocrx_word' id='word_1_423' title='bbox 1311 1329 1356 1356; x_wconf 86' lang='lat' dir='ltr'><strong>hic</strong></span> <span class='ocrx_word' id='word_1_424' title='bbox 1377 1336 1466 1358; x_wconf 87' lang='lat' dir='ltr'><strong>autem</strong></span> <span class='ocrx_word' id='word_1_425' title='bbox 1489 1334 1641 1368; x_wconf 71' lang='lat' dir='ltr'><strong>verebatur,</strong></span> <span class='ocrx_word' id='word_1_426' title='bbox 1665 1343 1700 1363; x_wconf 89' lang='lat' dir='ltr'><strong>ne</strong></span> 
     </span>
    </p>
   </div>
   <div class='ocr_carea' id='block_1_60' title="bbox 914 1370 1700 1414">
    <p class='ocr_par' dir='ltr' id='par_1_60' title="bbox 914 1370 1700 1414">
     <span class='ocr_line' id='line_1_61' title="bbox 914 1370 1700 1414; baseline 0.019 -21"><span class='ocrx_word' id='word_1_427' title='bbox 914 1375 969 1402; x_wconf 89' lang='lat' dir='ltr'><strong>quo</strong></span> <span class='ocrx_word' id='word_1_428' title='bbox 981 1370 1060 1396; x_wconf 85' lang='lat' dir='ltr'><strong>modo</strong></span> <span class='ocrx_word' id='word_1_429' title='bbox 1077 1371 1127 1397; x_wconf 87' lang='lat' dir='ltr'><strong>sibi</strong></span> <span class='ocrx_word' id='word_1_430' title='bbox 1145 1373 1291 1400; x_wconf 85' lang='lat' dir='ltr'><strong>sacerdotii</strong></span> <span class='ocrx_word' id='word_1_431' title='bbox 1305 1382 1371 1401; x_wconf 86' lang='lat' dir='ltr'><strong>cura</strong></span> <span class='ocrx_word' id='word_1_432' title='bbox 1386 1380 1514 1411; x_wconf 84' lang='lat' dir='ltr'><strong>tanquam</strong></span> <span class='ocrx_word' id='word_1_433' title='bbox 1528 1386 1597 1406; x_wconf 90' lang='lat' dir='ltr'><strong>onus</strong></span> <span class='ocrx_word' id='word_1_434' title='bbox 1612 1381 1700 1414; x_wconf 88' lang='lat' dir='ltr'><strong>quod-</strong></span> 
     </span>
    </p>
   </div>
   <div class='ocr_carea' id='block_1_61' title="bbox 913 1413 1698 1458">
    <p class='ocr_par' dir='ltr' id='par_1_61' title="bbox 913 1413 1698 1458">
     <span class='ocr_line' id='line_1_62' title="bbox 913 1413 1698 1458; baseline 0.018 -19"><span class='ocrx_word' id='word_1_435' title='bbox 913 1413 975 1440; x_wconf 87' lang='lat' dir='ltr'><strong>dam</strong></span> <span class='ocrx_word' id='word_1_436' title='bbox 993 1415 1054 1442; x_wconf 78' lang='lat' dir='ltr'><strong>vita:</strong></span> <span class='ocrx_word' id='word_1_437' title='bbox 1068 1416 1206 1450; x_wconf 85' lang='lat' dir='ltr'><strong>imposita,</strong></span> <span class='ocrx_word' id='word_1_438' title='bbox 1229 1419 1262 1445; x_wconf 91' lang='lat' dir='ltr'><strong>ad</strong></span> <span class='ocrx_word' id='word_1_439' title='bbox 1282 1420 1480 1456; x_wconf 65' lang='lat' dir='ltr'><strong>philosophiam</strong></span> <span class='ocrx_word' id='word_1_440' title='bbox 1505 1413 1698 1458; x_wconf 85' lang='lat' dir='ltr'><strong>impedimento</strong></span> 
     </span>
    </p>
   </div>
   <div class='ocr_carea' id='block_1_62' title="bbox 913 1461 1696 1501">
    <p class='ocr_par' dir='ltr' id='par_1_62' title="bbox 913 1461 1696 1501">
     <span class='ocr_line' id='line_1_63' title="bbox 913 1461 1696 1501; baseline 0.018 -15"><span class='ocrx_word' id='word_1_441' title='bbox 913 1462 1012 1494; x_wconf 80' lang='lat' dir='ltr'><strong>esset),</strong></span> <span class='ocrx_word' id='word_1_442' title='bbox 1031 1461 1133 1489; x_wconf 87' lang='lat' dir='ltr'><strong>ideirco</strong></span> <span class='ocrx_word' id='word_1_443' title='bbox 1147 1463 1245 1497; x_wconf 87' lang='lat' dir='ltr'><strong>impetu</strong></span> <span class='ocrx_word' id='word_1_444' title='bbox 1258 1466 1375 1499; x_wconf 88' lang='lat' dir='ltr'><strong>quodam</strong></span> <span class='ocrx_word' id='word_1_445' title='bbox 1392 1469 1483 1495; x_wconf 90' lang='lat' dir='ltr'><strong>divino</strong></span> <span class='ocrx_word' id='word_1_446' title='bbox 1499 1469 1652 1500; x_wconf 69' lang='lat' dir='ltr'><strong>Phaedimus</strong></span> <span class='ocrx_word' id='word_1_447' title='bbox 1664 1474 1696 1501; x_wconf 85' lang='lat' dir='ltr'><strong>ad</strong></span> 
     </span>
    </p>
   </div>
   <div class='ocr_carea' id='block_1_63' title="bbox 913 1506 1698 1546">
    <p class='ocr_par' dir='ltr' id='par_1_63' title="bbox 913 1506 1698 1546">
     <span class='ocr_line' id='line_1_64' title="bbox 913 1506 1698 1546; baseline 0.02 -16"><span class='ocrx_word' id='word_1_448' title='bbox 913 1506 1080 1540; x_wconf 86' lang='lat' dir='ltr'><strong>propositum</strong></span> <span class='ocrx_word' id='word_1_449' title='bbox 1095 1509 1214 1536; x_wconf 87' lang='lat' dir='ltr'><strong>studium</strong></span> <span class='ocrx_word' id='word_1_450' title='bbox 1231 1516 1386 1544; x_wconf 86' lang='lat' dir='ltr'><strong>provectus.</strong></span> <span class='ocrx_word' id='word_1_451' title='bbox 1413 1514 1481 1541; x_wconf 88' lang='lat' dir='ltr'><strong>nihil</strong></span> <span class='ocrx_word' id='word_1_452' title='bbox 1498 1524 1597 1544; x_wconf 88' lang='lat' dir='ltr'><strong>curans</strong></span> <span class='ocrx_word' id='word_1_453' title='bbox 1614 1518 1698 1546; x_wconf 86' lang='lat' dir='ltr'><strong>inter-</strong></span> 
     </span>
    </p>
   </div>
   <div class='ocr_carea' id='block_1_64' title="bbox 910 1551 1698 1594">
    <p class='ocr_par' dir='ltr' id='par_1_64' title="bbox 910 1551 1698 1594">
     <span class='ocr_line' id='line_1_65' title="bbox 910 1551 1698 1594; baseline 0.02 -18"><span class='ocrx_word' id='word_1_454' title='bbox 910 1551 1012 1584; x_wconf 90' lang='lat' dir='ltr'><strong>jectum</strong></span> <span class='ocrx_word' id='word_1_455' title='bbox 1042 1554 1177 1587; x_wconf 86' lang='lat' dir='ltr'><strong>spatium,</strong></span> <span class='ocrx_word' id='word_1_456' title='bbox 1210 1564 1265 1590; x_wconf 88' lang='lat' dir='ltr'><strong>quo</strong></span> <span class='ocrx_word' id='word_1_457' title='bbox 1294 1557 1328 1585; x_wconf 86' lang='lat' dir='ltr'><strong>ab</strong></span> <span class='ocrx_word' id='word_1_458' title='bbox 1358 1558 1488 1594; x_wconf 80' lang='lat' dir='ltr'><strong>Gregorio</strong></span> <span class='ocrx_word' id='word_1_459' title='bbox 1517 1563 1698 1592; x_wconf 75' lang='lat' dir='ltr'><strong>dirimebatur</strong></span> 
     </span>
    </p>
   </div>
   <div class='ocr_carea' id='block_1_65' title="bbox 912 1596 1695 1639">
    <p class='ocr_par' dir='ltr' id='par_1_65' title="bbox 912 1596 1695 1639">
     <span class='ocr_line' id='line_1_66' title="bbox 912 1596 1695 1639; baseline 0.019 -18"><span class='ocrx_word' id='word_1_460' title='bbox 912 1596 1027 1631; x_wconf 90' lang='lat' dir='ltr'><strong>(quippe</strong></span> <span class='ocrx_word' id='word_1_461' title='bbox 1054 1598 1099 1624; x_wconf 88' lang='lat' dir='ltr'><strong>ille</strong></span> <span class='ocrx_word' id='word_1_462' title='bbox 1124 1599 1218 1626; x_wconf 86' lang='lat' dir='ltr'><strong>aberat</strong></span> <span class='ocrx_word' id='word_1_463' title='bbox 1245 1601 1341 1630; x_wconf 86' lang='lat' dir='ltr'><strong>itinere</strong></span> <span class='ocrx_word' id='word_1_464' title='bbox 1365 1604 1473 1639; x_wconf 87' lang='lat' dir='ltr'><strong>tridui),</strong></span> <span class='ocrx_word' id='word_1_465' title='bbox 1495 1606 1541 1633; x_wconf 82' lang='lat' dir='ltr'><strong>sed</strong></span> <span class='ocrx_word' id='word_1_466' title='bbox 1562 1608 1594 1634; x_wconf 90' lang='lat' dir='ltr'><strong>ad</strong></span> <span class='ocrx_word' id='word_1_467' title='bbox 1613 1608 1695 1638; x_wconf 80' lang='lat' dir='ltr'><strong>Deum</strong></span> 
     </span>
    </p>
   </div>
   <div class='ocr_carea' id='block_1_66' title="bbox 73 1627 1696 1689">
    <p class='ocr_par' dir='ltr' id='par_1_66' title="bbox 73 1627 1696 1689">
     <span class='ocr_line' id='line_1_67' title="bbox 916 1627 1695 1639; baseline 0.021 -19"><span class='ocrx_word' id='word_1_468' title='bbox 916 1627 942 1630; x_wconf 89' lang='lat'><em>__</em></span> <span class='ocrx_word' id='word_1_469' title='bbox 976 1627 1003 1631; x_wconf 92' lang='lat'><strong>__</strong></span> <span class='ocrx_word' id='word_1_470' title='bbox 1279 1627 1339 1630; x_wconf 36' lang='grc' dir='ltr'><strong>ην,</strong></span> <span class='ocrx_word' id='word_1_471' title='bbox 1367 1627 1473 1639; x_wconf 50' lang='grc' dir='ltr'><strong>..η-η,</strong></span> <span class='ocrx_word' id='word_1_472' title='bbox 1495 1627 1541 1633; x_wconf 59' lang='grc' dir='ltr'>ω...</span> <span class='ocrx_word' id='word_1_473' title='bbox 1562 1627 1594 1634; x_wconf 75' lang='grc' dir='ltr'>..υ</span> <span class='ocrx_word' id='word_1_474' title='bbox 1613 1627 1695 1638; x_wconf 49' lang='grc' dir='ltr'><strong>...ρ-ι..</strong></span> 
     </span>
     <span class='ocr_line' id='line_1_68' title="bbox 73 1627 1696 1689; baseline 0.018 -37"><span class='ocrx_word' id='word_1_475' title='bbox 73 1627 237 1661; x_wconf 73' lang='lat' dir='ltr'><strong>suspiciens,</strong></span> <span class='ocrx_word' id='word_1_476' title='bbox 256 1635 436 1666; x_wconf 81' lang='lat' dir='ltr'><strong>precatusque</strong></span> <span class='ocrx_word' id='word_1_477' title='bbox 451 1638 478 1659; x_wconf 93' lang='lat' dir='ltr'><strong>ut</strong></span> <span class='ocrx_word' id='word_1_478' title='bbox 492 1638 518 1661; x_wconf 87' lang='lat' dir='ltr'><strong>et</strong></span> <span class='ocrx_word' id='word_1_479' title='bbox 538 1635 595 1669; x_wconf 86' lang='lat' dir='ltr'><strong>ipse</strong></span> <span class='ocrx_word' id='word_1_480' title='bbox 610 1640 636 1662; x_wconf 89' lang='lat' dir='ltr'><strong>et</strong></span> <span class='ocrx_word' id='word_1_481' title='bbox 652 1636 696 1663; x_wconf 89' lang='lat' dir='ltr'><strong>ille</strong></span> <span class='ocrx_word' id='word_1_482' title='bbox 710 1638 810 1671; x_wconf 77' lang='lat' dir='ltr'><strong>pariter</strong></span> <span class='ocrx_word' id='word_1_483' title='bbox 828 1639 854 1665; x_wconf 92' lang='lat' dir='ltr'><strong>in</strong></span> <span class='ocrx_word' id='word_1_484' title='bbox 876 1640 921 1666; x_wconf 87' lang='lat' dir='ltr'><strong>illa</strong></span> <span class='ocrx_word' id='word_1_485' title='bbox 936 1640 1002 1668; x_wconf 90' lang='lat' dir='ltr'><strong>hora</strong></span> <span class='ocrx_word' id='word_1_486' title='bbox 1033 1643 1067 1670; x_wconf 79' lang='lat' dir='ltr'><strong>ab</strong></span> <span class='ocrx_word' id='word_1_487' title='bbox 1101 1643 1156 1671; x_wconf 86' lang='lat' dir='ltr'><strong>Deo</strong></span> <span class='ocrx_word' id='word_1_488' title='bbox 1170 1647 1379 1680; x_wconf 84' lang='lat' dir='ltr'><strong>respicerentur,</strong></span> <span class='ocrx_word' id='word_1_489' title='bbox 1398 1650 1458 1676; x_wconf 85' lang='lat' dir='ltr'><strong>loco</strong></span> <span class='ocrx_word' id='word_1_490' title='bbox 1471 1659 1567 1679; x_wconf 87' lang='lat' dir='ltr'><strong>manus</strong></span> <span class='ocrx_word' id='word_1_491' title='bbox 1585 1654 1696 1689; x_wconf 86' lang='lat' dir='ltr'><strong>imposi-</strong></span> 
     </span>
     <span class='ocr_line' id='line_1_69' title="bbox 73 1671 1018 1689; baseline 0.012 0"><span class='ocrx_word' id='word_1_492' title='bbox 73 1671 156 1689; x_wconf 63' lang='lat' dir='ltr'><strong>Iinnia</strong></span> <span class='ocrx_word' id='word_1_493' title='bbox 169 1673 300 1689; x_wconf 68' lang='lat' dir='ltr'><strong>nﬂnnnn:.|</strong></span> <span class='ocrx_word' id='word_1_494' title='bbox 318 1677 425 1689; x_wconf 45' lang='grc' dir='ltr'><strong>,μιμνη-</strong></span> <span class='ocrx_word' id='word_1_495' title='bbox 445 1687 494 1689; x_wconf 30' lang='lat' dir='ltr'>Ub</span> <span class='ocrx_word' id='word_1_496' title='bbox 522 1687 528 1689; x_wconf 67' lang='lat'>.</span> <span class='ocrx_word' id='word_1_497' title='bbox 629 1681 645 1689; x_wconf 72' lang='grc' dir='ltr'><strong>ν</strong></span> <span class='ocrx_word' id='word_1_498' title='bbox 1014 1688 1018 1689; x_wconf 59' lang='grc'><strong><em>⁷</em></strong></span> 
     </span>
    </p>
   </div>
   <div class='ocr_carea' id='block_1_67' title="bbox 73 1671 1694 1729">
    <p class='ocr_par' dir='ltr' id='par_1_67' title="bbox 73 1671 1694 1729">
     <span class='ocr_line' id='line_1_70' title="bbox 1190 1671 1694 1689; baseline 0.018 -17"><span class='ocrx_word' id='word_1_499' title='bbox 1190 1671 1194 1672; x_wconf 42' lang='grc' dir='ltr'><em>ν</em></span> <span class='ocrx_word' id='word_1_500' title='bbox 1206 1671 1282 1680; x_wconf 36' lang='grc' dir='ltr'><strong>νινε-.</strong></span> <span class='ocrx_word' id='word_1_501' title='bbox 1292 1671 1363 1675; x_wconf 50' lang='grc' dir='ltr'>παι...</span> <span class='ocrx_word' id='word_1_502' title='bbox 1373 1671 1379 1680; x_wconf 80' lang='lat'><strong>,</strong></span> <span class='ocrx_word' id='word_1_503' title='bbox 1398 1671 1457 1676; x_wconf 61' lang='grc' dir='ltr'><strong>..ηα-</strong></span> <span class='ocrx_word' id='word_1_504' title='bbox 1471 1671 1567 1679; x_wconf 66' lang='lat' dir='ltr'><strong>nun-uua</strong></span> <span class='ocrx_word' id='word_1_505' title='bbox 1586 1671 1694 1689; x_wconf 67' lang='grc' dir='ltr'>ιιι-μυθι-</span> 
     </span>
     <span class='ocr_line' id='line_1_71' title="bbox 73 1671 1694 1729; baseline 0.018 -31"><span class='ocrx_word' id='word_1_506' title='bbox 73 1671 157 1700; x_wconf 89' lang='lat' dir='ltr'><strong>tionis</strong></span> <span class='ocrx_word' id='word_1_507' title='bbox 169 1673 301 1708; x_wconf 76' lang='lat' dir='ltr'><strong>Gregorio</strong></span> <span class='ocrx_word' id='word_1_508' title='bbox 317 1677 427 1704; x_wconf 84' lang='lat' dir='ltr'><strong>adhibet</strong></span> <span class='ocrx_word' id='word_1_509' title='bbox 443 1687 608 1713; x_wconf 83' lang='lat' dir='ltr'><strong>sermonem,</strong></span> <span class='ocrx_word' id='word_1_510' title='bbox 629 1681 681 1708; x_wconf 78' lang='lat' dir='ltr'><strong>Deo</strong></span> <span class='ocrx_word' id='word_1_511' title='bbox 695 1689 860 1712; x_wconf 85' lang='lat' dir='ltr'><strong>consecrans</strong></span> <span class='ocrx_word' id='word_1_512' title='bbox 879 1693 950 1719; x_wconf 91' lang='lat' dir='ltr'><strong>eum,</strong></span> <span class='ocrx_word' id='word_1_513' title='bbox 974 1688 1019 1722; x_wconf 88' lang='lat' dir='ltr'><strong>qui</strong></span> <span class='ocrx_word' id='word_1_514' title='bbox 1036 1697 1151 1723; x_wconf 87' lang='lat' dir='ltr'><strong>corpore</strong></span> <span class='ocrx_word' id='word_1_515' title='bbox 1164 1698 1258 1718; x_wconf 89' lang='lat' dir='ltr'><strong>coram</strong></span> <span class='ocrx_word' id='word_1_516' title='bbox 1278 1700 1331 1719; x_wconf 89' lang='lat' dir='ltr'><strong>non</strong></span> <span class='ocrx_word' id='word_1_517' title='bbox 1354 1694 1480 1729; x_wconf 82' lang='lat' dir='ltr'><strong>adesset,</strong></span> <span class='ocrx_word' id='word_1_518' title='bbox 1503 1701 1529 1723; x_wconf 89' lang='lat' dir='ltr'><strong>et</strong></span> <span class='ocrx_word' id='word_1_519' title='bbox 1563 1699 1635 1726; x_wconf 85' lang='lat' dir='ltr'><strong>illam</strong></span> <span class='ocrx_word' id='word_1_520' title='bbox 1670 1702 1694 1727; x_wconf 84' lang='lat' dir='ltr'><strong>ei</strong></span> 
     </span>
     <span class='ocr_line' id='line_1_72' title="bbox 75 1719 552 1729; baseline 0.015 0"><span class='ocrx_word' id='word_1_521' title='bbox 75 1719 208 1729; x_wconf 32' lang='lat' dir='ltr'><strong>_!..Eu_-_7V</strong></span> <span class='ocrx_word' id='word_1_522' title='bbox 237 1720 243 1729; x_wconf 91' lang='grc' dir='ltr'><strong>Ι</strong></span> <span class='ocrx_word' id='word_1_523' title='bbox 278 1721 295 1729; x_wconf 71' lang='grc' dir='ltr'><strong>ι·</strong></span> <span class='ocrx_word' id='word_1_524' title='bbox 536 1727 552 1729; x_wconf 83' lang='grc'><strong>⁵·</strong></span> 
     </span>
    </p>
   </div>
   <div class='ocr_carea' id='block_1_68' title="bbox 72 1719 1693 1772">
    <p class='ocr_par' dir='ltr' id='par_1_68' title="bbox 72 1719 1693 1772">
     <span class='ocr_line' id='line_1_73' title="bbox 983 1719 1693 1729; baseline 0.023 -18"><span class='ocrx_word' id='word_1_525' title='bbox 983 1719 990 1722; x_wconf 82' lang='lat'><strong><em>_</em></strong></span> <span class='ocrx_word' id='word_1_526' title='bbox 1085 1719 1092 1723; x_wconf 93' lang='lat'><strong>_</strong></span> <span class='ocrx_word' id='word_1_527' title='bbox 1374 1719 1480 1729; x_wconf 24' lang='grc' dir='ltr'>ιμήν,</span> <span class='ocrx_word' id='word_1_528' title='bbox 1505 1719 1529 1723; x_wconf 57' lang='grc' dir='ltr'><strong>υ.</strong></span> <span class='ocrx_word' id='word_1_529' title='bbox 1670 1719 1693 1727; x_wconf 53' lang='grc' dir='ltr'><strong>ιη.</strong></span> 
     </span>
     <span class='ocr_line' id='line_1_74' title="bbox 72 1719 1693 1772; baseline 0.017 -28"><span class='ocrx_word' id='word_1_530' title='bbox 72 1719 211 1746; x_wconf 83' lang='lat' dir='ltr'><strong>civitatem</strong></span> <span class='ocrx_word' id='word_1_531' title='bbox 228 1720 368 1750; x_wconf 78' lang='lat' dir='ltr'><strong>destinatis</strong></span> <span class='ocrx_word' id='word_1_532' title='bbox 383 1730 464 1759; x_wconf 90' lang='lat' dir='ltr'><strong>atque</strong></span> <span class='ocrx_word' id='word_1_533' title='bbox 479 1727 642 1758; x_wconf 87' lang='lat' dir='ltr'><strong>attribueus,</strong></span> <span class='ocrx_word' id='word_1_534' title='bbox 668 1736 749 1762; x_wconf 86' lang='lat' dir='ltr'><strong>quam</strong></span> <span class='ocrx_word' id='word_1_535' title='bbox 765 1731 915 1765; x_wconf 79' lang='lat' dir='ltr'><strong>contigerat</strong></span> <span class='ocrx_word' id='word_1_536' title='bbox 930 1733 963 1759; x_wconf 91' lang='lat' dir='ltr'><strong>ad</strong></span> <span class='ocrx_word' id='word_1_537' title='bbox 977 1733 1022 1760; x_wconf 87' lang='lat' dir='ltr'><strong>illa</strong></span> <span class='ocrx_word' id='word_1_538' title='bbox 1051 1735 1110 1769; x_wconf 87' lang='lat' dir='ltr'><strong>ipsa</strong></span> <span class='ocrx_word' id='word_1_539' title='bbox 1141 1743 1227 1771; x_wconf 85' lang='lat' dir='ltr'><strong>usque</strong></span> <span class='ocrx_word' id='word_1_540' title='bbox 1251 1742 1374 1771; x_wconf 87' lang='lat' dir='ltr'><strong>tempora</strong></span> <span class='ocrx_word' id='word_1_541' title='bbox 1407 1741 1474 1768; x_wconf 89' lang='lat' dir='ltr'><strong>adeo</strong></span> <span class='ocrx_word' id='word_1_542' title='bbox 1485 1742 1693 1772; x_wconf 83' lang='lat' dir='ltr'><strong>simulacrorum</strong></span> 
     </span>
    </p>
   </div>
   <div class='ocr_carea' id='block_1_69' title="bbox 71 1766 402 1803">
    <p class='ocr_par' dir='ltr' id='par_1_69' title="bbox 71 1766 402 1803">
     <span class='ocr_line' id='line_1_75' title="bbox 71 1766 402 1803; baseline 0.024 -13"><span class='ocrx_word' id='word_1_543' title='bbox 71 1766 160 1792; x_wconf 90' lang='lat' dir='ltr'><strong>errori</strong></span> <span class='ocrx_word' id='word_1_544' title='bbox 187 1767 304 1795; x_wconf 85' lang='lat' dir='ltr'><strong>deditam</strong></span> <span class='ocrx_word' id='word_1_545' title='bbox 331 1778 402 1803; x_wconf 81' lang='lat' dir='ltr'><strong>esse,</strong></span> 
     </span>
    </p>
   </div>
   <div class='ocr_carea' id='block_1_70' title="bbox 435 1774 1693 1822">
    <p class='ocr_par' dir='ltr' id='par_1_70' title="bbox 435 1774 1693 1822">
     <span class='ocr_line' id='line_1_76' title="bbox 435 1774 1693 1822; baseline 0.017 -24"><span class='ocrx_word' id='word_1_546' title='bbox 435 1776 463 1798; x_wconf 94' lang='lat' dir='ltr'><strong>ut</strong></span> <span class='ocrx_word' id='word_1_547' title='bbox 478 1781 539 1800; x_wconf 88' lang='lat' dir='ltr'><strong>cum</strong></span> <span class='ocrx_word' id='word_1_548' title='bbox 561 1774 657 1801; x_wconf 87' lang='lat' dir='ltr'><strong>inﬁniti</strong></span> <span class='ocrx_word' id='word_1_549' title='bbox 682 1782 785 1808; x_wconf 76' lang='lat' dir='ltr'><strong>essent,</strong></span> <span class='ocrx_word' id='word_1_550' title='bbox 813 1779 859 1812; x_wconf 87' lang='lat' dir='ltr'><strong>qui</strong></span> <span class='ocrx_word' id='word_1_551' title='bbox 878 1779 964 1814; x_wconf 86' lang='lat' dir='ltr'><strong>ipsam</strong></span> <span class='ocrx_word' id='word_1_552' title='bbox 1001 1782 1094 1809; x_wconf 84' lang='lat' dir='ltr'><strong>urbem</strong></span> <span class='ocrx_word' id='word_1_553' title='bbox 1129 1788 1155 1810; x_wconf 88' lang='lat' dir='ltr'><strong>et</strong></span> <span class='ocrx_word' id='word_1_554' title='bbox 1180 1785 1316 1819; x_wconf 80' lang='lat' dir='ltr'><strong>regionem</strong></span> <span class='ocrx_word' id='word_1_555' title='bbox 1337 1787 1576 1822; x_wconf 88' lang='lat' dir='ltr'><strong>circumjaeentem</strong></span> <span class='ocrx_word' id='word_1_556' title='bbox 1593 1791 1693 1818; x_wconf 87' lang='lat' dir='ltr'><strong>incole-</strong></span> 
     </span>
    </p>
   </div>
   <div class='ocr_carea' id='block_1_71' title="bbox 71 1815 1357 1861">
    <p class='ocr_par' dir='ltr' id='par_1_71' title="bbox 71 1815 1357 1861">
     <span class='ocr_line' id='line_1_77' title="bbox 71 1815 1357 1861; baseline 0.017 -24"><span class='ocrx_word' id='word_1_557' title='bbox 71 1816 142 1846; x_wconf 85' lang='lat' dir='ltr'><strong>rent,</strong></span> <span class='ocrx_word' id='word_1_558' title='bbox 158 1821 212 1840; x_wconf 91' lang='lat' dir='ltr'><strong>non</strong></span> <span class='ocrx_word' id='word_1_559' title='bbox 228 1815 320 1849; x_wconf 88' lang='lat' dir='ltr'><strong>plures</strong></span> <span class='ocrx_word' id='word_1_560' title='bbox 337 1824 416 1851; x_wconf 90' lang='lat' dir='ltr'><strong>quam</strong></span> <span class='ocrx_word' id='word_1_561' title='bbox 443 1821 636 1854; x_wconf 82' lang='lat' dir='ltr'><strong>septemdecim</strong></span> <span class='ocrx_word' id='word_1_562' title='bbox 655 1822 854 1856; x_wconf 88' lang='lat' dir='ltr'><strong>invenirentur,</strong></span> <span class='ocrx_word' id='word_1_563' title='bbox 874 1826 919 1861; x_wconf 89' lang='lat' dir='ltr'><strong>qui</strong></span> <span class='ocrx_word' id='word_1_564' title='bbox 933 1835 1085 1857; x_wconf 87' lang='lat' dir='ltr'><strong>sermonem</strong></span> <span class='ocrx_word' id='word_1_565' title='bbox 1104 1829 1164 1856; x_wconf 88' lang='lat' dir='ltr'><strong>ﬁdei</strong></span> <span class='ocrx_word' id='word_1_566' title='bbox 1180 1832 1357 1861; x_wconf 77' lang='lat' dir='ltr'><strong>recepissent.</strong></span> 
     </span>
    </p>
   </div>
   <div class='ocr_carea' id='block_1_72' title="bbox 107 1903 853 1951">
    <p class='ocr_par' dir='ltr' id='par_1_72' title="bbox 107 1903 853 1951">
     <span class='ocr_line' id='line_1_78' title="bbox 107 1903 853 1951; baseline 0.02 -23"><span class='ocrx_word' id='word_1_567' title='bbox 107 1903 186 1930; x_wconf 73' lang='grc' dir='ltr'>υῦτω</span> <span class='ocrx_word' id='word_1_568' title='bbox 211 1905 298 1934; x_wconf 82' lang='grc' dir='ltr'>τοίνυν</span> <span class='ocrx_word' id='word_1_569' title='bbox 321 1909 441 1936; x_wconf 82' lang='grc' dir='ltr'>ὑπελθὼν</span> <span class='ocrx_word' id='word_1_570' title='bbox 465 1912 510 1938; x_wconf 78' lang='grc' dir='ltr'>τὸν</span> <span class='ocrx_word' id='word_1_571' title='bbox 534 1912 613 1946; x_wconf 73' lang='grc' dir='ltr'>ζυγὸν</span> <span class='ocrx_word' id='word_1_572' title='bbox 637 1915 695 1940; x_wconf 82' lang='grc' dir='ltr'>κατ’</span> <span class='ocrx_word' id='word_1_573' title='bbox 722 1916 853 1951; x_wconf 78' lang='grc' dir='ltr'>ἀνάγκην,</span> 
     </span>
    </p>
   </div>
   <div class='ocr_carea' id='block_1_73' title="bbox 71 1947 854 1995">
    <p class='ocr_par' dir='ltr' id='par_1_73' title="bbox 71 1947 854 1995">
     <span class='ocr_line' id='line_1_79' title="bbox 71 1947 854 1995; baseline 0.019 -21"><span class='ocrx_word' id='word_1_574' title='bbox 71 1947 181 1976; x_wconf 79' lang='grc' dir='ltr'>πάντων</span> <span class='ocrx_word' id='word_1_575' title='bbox 196 1952 265 1985; x_wconf 78' lang='grc' dir='ltr'>μετὰ</span> <span class='ocrx_word' id='word_1_576' title='bbox 277 1953 362 1980; x_wconf 80' lang='grc' dir='ltr'>ταῦτα</span> <span class='ocrx_word' id='word_1_577' title='bbox 372 1955 426 1982; x_wconf 85' lang='grc' dir='ltr'>τῶν</span> <span class='ocrx_word' id='word_1_578' title='bbox 437 1957 558 1992; x_wconf 82' lang='grc' dir='ltr'>νομίμων</span> <span class='ocrx_word' id='word_1_579' title='bbox 573 1959 615 1984; x_wconf 76' lang='grc' dir='ltr'><strong>ἐπ’</strong></span> <span class='ocrx_word' id='word_1_580' title='bbox 631 1960 703 1995; x_wconf 76' lang='grc' dir='ltr'>αὐτῷ</span> <span class='ocrx_word' id='word_1_581' title='bbox 716 1961 854 1988; x_wconf 75' lang='grc' dir='ltr'>τελεσθέν-</span> 
     </span>
    </p>
   </div>
   <div class='ocr_carea' id='block_1_74' title="bbox 69 1996 854 2042">
    <p class='ocr_par' dir='ltr' id='par_1_74' title="bbox 69 1996 854 2042">
     <span class='ocr_line' id='line_1_80' title="bbox 69 1996 854 2042; baseline 0.02 -23"><span class='ocrx_word' id='word_1_582' title='bbox 69 2001 132 2026; x_wconf 74' lang='grc' dir='ltr'>των,</span> <span class='ocrx_word' id='word_1_583' title='bbox 151 1997 197 2022; x_wconf 76' lang='grc' dir='ltr'>καὶ</span> <span class='ocrx_word' id='word_1_584' title='bbox 214 1996 314 2033; x_wconf 76' lang='grc' dir='ltr'>βραχὺν</span> <span class='ocrx_word' id='word_1_585' title='bbox 330 2001 424 2036; x_wconf 79' lang='grc' dir='ltr'>χρόνον</span> <span class='ocrx_word' id='word_1_586' title='bbox 441 2004 621 2038; x_wconf 80' lang='grc' dir='ltr'>αἰτησάμενος</span> <span class='ocrx_word' id='word_1_587' title='bbox 637 2006 712 2041; x_wconf 75' lang='grc' dir='ltr'>παρὰ</span> <span class='ocrx_word' id='word_1_588' title='bbox 734 2007 781 2033; x_wconf 85' lang='grc' dir='ltr'>τοῦ</span> <span class='ocrx_word' id='word_1_589' title='bbox 805 2009 854 2042; x_wconf 76' lang='grc' dir='ltr'><strong>τὴν</strong></span> 
     </span>
    </p>
   </div>
   <div class='ocr_carea' id='block_1_75' title="bbox 70 2039 853 2087">
    <p class='ocr_par' dir='ltr' id='par_1_75' title="bbox 70 2039 853 2087">
     <span class='ocr_line' id='line_1_81' title="bbox 70 2039 853 2087; baseline 0.02 -23"><span class='ocrx_word' id='word_1_590' title='bbox 70 2039 219 2077; x_wconf 81' lang='grc' dir='ltr'>ιερωσύνην</span> <span class='ocrx_word' id='word_1_591' title='bbox 233 2045 455 2080; x_wconf 75' lang='grc' dir='ltr'>ἐπικηρύξαντος,</span> <span class='ocrx_word' id='word_1_592' title='bbox 469 2049 535 2083; x_wconf 78' lang='grc' dir='ltr'>πρὸς</span> <span class='ocrx_word' id='word_1_593' title='bbox 549 2039 712 2086; x_wconf 68' lang='grc' dir='ltr'>κατανόησιν</span> <span class='ocrx_word' id='word_1_594' title='bbox 723 2053 772 2087; x_wconf 86' lang='grc' dir='ltr'>τῆς</span> <span class='ocrx_word' id='word_1_595' title='bbox 784 2039 853 2079; x_wconf 71' lang='grc' dir='ltr'>κατὰ</span> 
     </span>
    </p>
   </div>
   <div class='ocr_carea' id='block_1_76' title="bbox 68 2084 852 2132">
    <p class='ocr_par' dir='ltr' id='par_1_76' title="bbox 68 2084 852 2132">
     <span class='ocr_line' id='line_1_82' title="bbox 68 2084 852 2132; baseline 0.019 -22"><span class='ocrx_word' id='word_1_596' title='bbox 68 2084 98 2110; x_wconf 82' lang='grc' dir='ltr'>τὸ</span> <span class='ocrx_word' id='word_1_597' title='bbox 129 2089 277 2124; x_wconf 76' lang='grc' dir='ltr'>μυστήριον</span> <span class='ocrx_word' id='word_1_598' title='bbox 303 2092 454 2126; x_wconf 77' lang='grc' dir='ltr'>ἀκριϐείας,</span> <span class='ocrx_word' id='word_1_599' title='bbox 483 2095 584 2126; x_wconf 75' lang='grc' dir='ltr'>οὐκέτι,</span> <span class='ocrx_word' id='word_1_600' title='bbox 613 2084 703 2128; x_wconf 79' lang='grc' dir='ltr'>καθώς</span> <span class='ocrx_word' id='word_1_601' title='bbox 731 2084 812 2132; x_wconf 83' lang='grc' dir='ltr'>φησιν</span> <span class='ocrx_word' id='word_1_602' title='bbox 839 2101 852 2124; x_wconf 83' lang='grc' dir='ltr'>ὁ</span> 
     </span>
    </p>
   </div>
   <div class='ocr_carea' id='block_1_77' title="bbox 75 2129 852 2177">
    <p class='ocr_par' dir='ltr' id='par_1_77' title="bbox 75 2129 852 2177">
     <span class='ocr_line' id='line_1_83' title="bbox 75 2129 852 2177; baseline 0.019 -22"><span class='ocrx_word' id='word_1_603' title='bbox 75 2129 242 2167; x_wconf 80' lang='grc' dir='ltr'>Ἀπόστολος,</span> <span class='ocrx_word' id='word_1_604' title='bbox 259 2137 339 2171; x_wconf 74' lang='grc' dir='ltr'>σαρκὶ</span> <span class='ocrx_word' id='word_1_605' title='bbox 351 2137 397 2163; x_wconf 73' lang='grc' dir='ltr'><strong>καὶ</strong></span> <span class='ocrx_word' id='word_1_606' title='bbox 409 2139 504 2173; x_wconf 74' lang='grc' dir='ltr'>αἵματι</span> <span class='ocrx_word' id='word_1_607' title='bbox 520 2141 696 2176; x_wconf 79' lang='grc' dir='ltr'>προσανέχειν</span> <span class='ocrx_word' id='word_1_608' title='bbox 707 2142 774 2177; x_wconf 74' lang='grc' dir='ltr'>ᾤετο</span> <span class='ocrx_word' id='word_1_609' title='bbox 787 2144 852 2176; x_wconf 83' lang='grc' dir='ltr'>δεῖν,</span> 
     </span>
    </p>
   </div>
   <div class='ocr_carea' id='block_1_78' title="bbox 69 2175 852 2224">
    <p class='ocr_par' dir='ltr' id='par_1_78' title="bbox 69 2175 852 2224">
     <span class='ocr_line' id='line_1_84' title="bbox 69 2175 852 2224; baseline 0.02 -24"><span class='ocrx_word' id='word_1_610' title='bbox 69 2175 136 2202; x_wconf 81' lang='grc' dir='ltr'>ἀλλὰ</span> <span class='ocrx_word' id='word_1_611' title='bbox 159 2177 249 2205; x_wconf 80' lang='grc' dir='ltr'>θεόθεν</span> <span class='ocrx_word' id='word_1_612' title='bbox 265 2182 324 2215; x_wconf 81' lang='grc' dir='ltr'>ῇτει</span> <span class='ocrx_word' id='word_1_613' title='bbox 349 2184 473 2216; x_wconf 79' lang='grc' dir='ltr'>γενέσθαι</span> <span class='ocrx_word' id='word_1_614' title='bbox 498 2175 570 2220; x_wconf 68' lang='grc' dir='ltr'>αὑτῷ</span> <span class='ocrx_word' id='word_1_615' title='bbox 591 2175 852 2224; x_wconf 41' lang='grc' dir='ltr'>τὴντῶν-κρυφίων</span> 
     </span>
    </p>
   </div>
   <div class='ocr_carea' id='block_1_79' title="bbox 70 2222 853 2268">
    <p class='ocr_par' dir='ltr' id='par_1_79' title="bbox 70 2222 853 2268">
     <span class='ocr_line' id='line_1_85' title="bbox 70 2222 853 2268; baseline 0.018 -21"><span class='ocrx_word' id='word_1_616' title='bbox 70 2222 220 2257; x_wconf 78' lang='grc' dir='ltr'>φανέρωσιν</span> <span class='ocrx_word' id='word_1_617' title='bbox 231 2234 237 2240; x_wconf 91' lang='grc'><strong>·</strong></span> <span class='ocrx_word' id='word_1_618' title='bbox 257 2226 303 2253; x_wconf 85' lang='grc' dir='ltr'>καὶ</span> <span class='ocrx_word' id='word_1_619' title='bbox 319 2228 349 2254; x_wconf 87' lang='grc' dir='ltr'><strong>οὐ</strong></span> <span class='ocrx_word' id='word_1_620' title='bbox 365 2229 495 2265; x_wconf 83' lang='grc' dir='ltr'>πρότερον</span> <span class='ocrx_word' id='word_1_621' title='bbox 510 2232 680 2268; x_wconf 80' lang='grc' dir='ltr'>ὲπεθάρσησε</span> <span class='ocrx_word' id='word_1_622' title='bbox 694 2233 732 2268; x_wconf 82' lang='grc' dir='ltr'>τῷ</span> <span class='ocrx_word' id='word_1_623' title='bbox 808 2234 853 2260; x_wconf 79' lang='grc' dir='ltr'><strong>λό-</strong></span> 
     </span>
    </p>
   </div>
   <div class='ocr_carea' id='block_1_80' title="bbox 69 2269 852 2312">
    <p class='ocr_par' dir='ltr' id='par_1_80' title="bbox 69 2269 852 2312">
     <span class='ocr_line' id='line_1_86' title="bbox 69 2269 852 2312; baseline 0.019 -20"><span class='ocrx_word' id='word_1_624' title='bbox 69 2274 114 2299; x_wconf 85' lang='grc' dir='ltr'><strong>γου</strong></span> <span class='ocrx_word' id='word_1_625' title='bbox 137 2269 303 2304; x_wconf 85' lang='grc' dir='ltr'>κηρύγματι,</span> <span class='ocrx_word' id='word_1_626' title='bbox 327 2274 390 2308; x_wconf 73' lang='grc' dir='ltr'>πρὶν</span> <span class='ocrx_word' id='word_1_627' title='bbox 410 2274 454 2302; x_wconf 80' lang='grc' dir='ltr'><strong>διά</strong></span> <span class='ocrx_word' id='word_1_628' title='bbox 477 2284 548 2308; x_wconf 84' lang='grc' dir='ltr'>τινος</span> <span class='ocrx_word' id='word_1_629' title='bbox 569 2278 718 2312; x_wconf 76' lang='grc' dir='ltr'>ἐμφανείας</span> <span class='ocrx_word' id='word_1_630' title='bbox 737 2279 852 2306; x_wconf 79' lang='grc' dir='ltr'>ἐκκαλυ-</span> 
     </span>
    </p>
   </div>
   <div class='ocr_carea' id='block_1_81' title="bbox 945 1919 1691 1964">
    <p class='ocr_par' dir='ltr' id='par_1_81' title="bbox 945 1919 1691 1964">
     <span class='ocr_line' id='line_1_87' title="bbox 945 1919 1691 1964; baseline 0.016 -19"><span class='ocrx_word' id='word_1_631' title='bbox 945 1919 990 1946; x_wconf 78' lang='lat' dir='ltr'><strong>Sic</strong></span> <span class='ocrx_word' id='word_1_632' title='bbox 1003 1920 1084 1954; x_wconf 79' lang='lat' dir='ltr'><strong>igitur</strong></span> <span class='ocrx_word' id='word_1_633' title='bbox 1097 1921 1192 1956; x_wconf 83' lang='lat' dir='ltr'><strong>jugum</strong></span> <span class='ocrx_word' id='word_1_634' title='bbox 1219 1923 1311 1951; x_wconf 91' lang='lat' dir='ltr'><strong>subire</strong></span> <span class='ocrx_word' id='word_1_635' title='bbox 1327 1929 1450 1958; x_wconf 86' lang='lat' dir='ltr'><strong>coactus,</strong></span> <span class='ocrx_word' id='word_1_636' title='bbox 1471 1928 1599 1956; x_wconf 87' lang='lat' dir='ltr'><strong>onmibus</strong></span> <span class='ocrx_word' id='word_1_637' title='bbox 1615 1936 1691 1964; x_wconf 79' lang='lat' dir='ltr'><strong>post-</strong></span> 
     </span>
    </p>
   </div>
   <div class='ocr_carea' id='block_1_82' title="bbox 908 1964 1690 2008">
    <p class='ocr_par' dir='ltr' id='par_1_82' title="bbox 908 1964 1690 2008">
     <span class='ocr_line' id='line_1_88' title="bbox 908 1964 1690 2008; baseline 0.015 -18"><span class='ocrx_word' id='word_1_638' title='bbox 908 1964 976 1996; x_wconf 66' lang='lat' dir='ltr'><strong>haec,</strong></span> <span class='ocrx_word' id='word_1_639' title='bbox 997 1974 1057 1999; x_wconf 69' lang='lat' dir='ltr'><strong>qua:</strong></span> <span class='ocrx_word' id='word_1_640' title='bbox 1074 1967 1131 1994; x_wconf 84' lang='lat' dir='ltr'><strong>ﬁeri</strong></span> <span class='ocrx_word' id='word_1_641' title='bbox 1157 1969 1254 2000; x_wconf 86' lang='lat' dir='ltr'><strong>solent,</strong></span> <span class='ocrx_word' id='word_1_642' title='bbox 1275 1970 1443 1998; x_wconf 89' lang='lat' dir='ltr'><strong>solemnibus</strong></span> <span class='ocrx_word' id='word_1_643' title='bbox 1469 1972 1496 1998; x_wconf 92' lang='lat' dir='ltr'><strong>in</strong></span> <span class='ocrx_word' id='word_1_644' title='bbox 1511 1980 1544 1999; x_wconf 83' lang='lat' dir='ltr'><strong>eo</strong></span> <span class='ocrx_word' id='word_1_645' title='bbox 1561 1976 1690 2008; x_wconf 79' lang='lat' dir='ltr'><strong>peractis,</strong></span> 
     </span>
    </p>
   </div>
   <div class='ocr_carea' id='block_1_83' title="bbox 907 2011 1691 2050">
    <p class='ocr_par' dir='ltr' id='par_1_83' title="bbox 907 2011 1691 2050">
     <span class='ocr_line' id='line_1_89' title="bbox 907 2011 1691 2050; baseline 0.015 -15"><span class='ocrx_word' id='word_1_646' title='bbox 907 2017 968 2036; x_wconf 92' lang='lat' dir='ltr'><strong>cum</strong></span> <span class='ocrx_word' id='word_1_647' title='bbox 995 2011 1122 2046; x_wconf 76' lang='lat' dir='ltr'><strong>exiguum</strong></span> <span class='ocrx_word' id='word_1_648' title='bbox 1142 2016 1248 2047; x_wconf 85' lang='lat' dir='ltr'><strong>tempus</strong></span> <span class='ocrx_word' id='word_1_649' title='bbox 1275 2014 1307 2040; x_wconf 86' lang='lat' dir='ltr'><strong>ad</strong></span> <span class='ocrx_word' id='word_1_650' title='bbox 1328 2017 1486 2050; x_wconf 85' lang='lat' dir='ltr'><strong>mysterium</strong></span> <span class='ocrx_word' id='word_1_651' title='bbox 1504 2019 1627 2046; x_wconf 82' lang='lat' dir='ltr'><strong>exactius</strong></span> <span class='ocrx_word' id='word_1_652' title='bbox 1645 2028 1691 2046; x_wconf 90' lang='lat' dir='ltr'><strong>co-</strong></span> 
     </span>
    </p>
   </div>
   <div class='ocr_carea' id='block_1_84' title="bbox 906 2057 1690 2098">
    <p class='ocr_par' dir='ltr' id='par_1_84' title="bbox 906 2057 1690 2098">
     <span class='ocr_line' id='line_1_90' title="bbox 906 2057 1690 2098; baseline 0.014 -18"><span class='ocrx_word' id='word_1_653' title='bbox 906 2057 1092 2088; x_wconf 81' lang='lat' dir='ltr'><strong>gnoscendum</strong></span> <span class='ocrx_word' id='word_1_654' title='bbox 1112 2057 1146 2083; x_wconf 89' lang='lat' dir='ltr'><strong>ab</strong></span> <span class='ocrx_word' id='word_1_655' title='bbox 1168 2065 1211 2089; x_wconf 84' lang='lat' dir='ltr'><strong>eo,</strong></span> <span class='ocrx_word' id='word_1_656' title='bbox 1238 2059 1284 2093; x_wconf 88' lang='lat' dir='ltr'><strong>qui</strong></span> <span class='ocrx_word' id='word_1_657' title='bbox 1301 2060 1484 2088; x_wconf 77' lang='lat' dir='ltr'><strong>sacerdotium</strong></span> <span class='ocrx_word' id='word_1_658' title='bbox 1499 2063 1550 2097; x_wconf 82' lang='lat' dir='ltr'><strong>ipsi</strong></span> <span class='ocrx_word' id='word_1_659' title='bbox 1566 2064 1690 2098; x_wconf 73' lang='lat' dir='ltr'><strong>assigna-</strong></span> 
     </span>
    </p>
   </div>
   <div class='ocr_carea' id='block_1_85' title="bbox 907 2100 1688 2142">
    <p class='ocr_par' dir='ltr' id='par_1_85' title="bbox 907 2100 1688 2142">
     <span class='ocr_line' id='line_1_91' title="bbox 907 2100 1688 2142; baseline 0.017 -18"><span class='ocrx_word' id='word_1_660' title='bbox 907 2104 989 2128; x_wconf 73' lang='lat' dir='ltr'><strong>verat,</strong></span> <span class='ocrx_word' id='word_1_661' title='bbox 1004 2100 1137 2134; x_wconf 70' lang='lat' dir='ltr'><strong>petiisset,</strong></span> <span class='ocrx_word' id='word_1_662' title='bbox 1162 2109 1215 2128; x_wconf 92' lang='lat' dir='ltr'><strong>non</strong></span> <span class='ocrx_word' id='word_1_663' title='bbox 1228 2103 1354 2138; x_wconf 88' lang='lat' dir='ltr'><strong>amplius,</strong></span> <span class='ocrx_word' id='word_1_664' title='bbox 1369 2109 1399 2131; x_wconf 90' lang='lat' dir='ltr'><strong>ut</strong></span> <span class='ocrx_word' id='word_1_665' title='bbox 1411 2106 1497 2140; x_wconf 88' lang='lat' dir='ltr'><strong>inquit</strong></span> <span class='ocrx_word' id='word_1_666' title='bbox 1509 2108 1656 2141; x_wconf 87' lang='lat' dir='ltr'><strong>Apostolus</strong></span> <span class='ocrx_word' id='word_1_667' title='bbox 1668 2111 1688 2142; x_wconf 70' lang='grc'>⁸,</span> 
     </span>
    </p>
   </div>
   <div class='ocr_carea' id='block_1_86' title="bbox 904 2145 1689 2187">
    <p class='ocr_par' dir='ltr' id='par_1_86' title="bbox 904 2145 1689 2187">
     <span class='ocr_line' id='line_1_92' title="bbox 904 2145 1689 2187; baseline 0.015 -18"><span class='ocrx_word' id='word_1_668' title='bbox 904 2145 980 2171; x_wconf 87' lang='lat' dir='ltr'><strong>carni</strong></span> <span class='ocrx_word' id='word_1_669' title='bbox 996 2149 1022 2171; x_wconf 93' lang='lat' dir='ltr'><strong>et</strong></span> <span class='ocrx_word' id='word_1_670' title='bbox 1040 2147 1166 2180; x_wconf 81' lang='lat' dir='ltr'><strong>sanguini</strong></span> <span class='ocrx_word' id='word_1_671' title='bbox 1180 2147 1372 2175; x_wconf 66' lang='lat' dir='ltr'><strong>adhaerendum</strong></span> <span class='ocrx_word' id='word_1_672' title='bbox 1393 2158 1452 2177; x_wconf 89' lang='lat' dir='ltr'><strong>esse</strong></span> <span class='ocrx_word' id='word_1_673' title='bbox 1467 2155 1494 2178; x_wconf 90' lang='lat' dir='ltr'><strong>et</strong></span> <span class='ocrx_word' id='word_1_674' title='bbox 1510 2153 1689 2187; x_wconf 82' lang='lat' dir='ltr'><strong>acquiescen-</strong></span> 
     </span>
    </p>
   </div>
   <div class='ocr_carea' id='block_1_87' title="bbox 904 2189 1689 2227">
    <p class='ocr_par' dir='ltr' id='par_1_87' title="bbox 904 2189 1689 2227">
     <span class='ocr_line' id='line_1_93' title="bbox 904 2189 1689 2227; baseline 0.015 -12"><span class='ocrx_word' id='word_1_675' title='bbox 904 2189 967 2216; x_wconf 94' lang='lat' dir='ltr'><strong>dum</strong></span> <span class='ocrx_word' id='word_1_676' title='bbox 996 2191 1119 2224; x_wconf 86' lang='lat' dir='ltr'><strong>putabat,</strong></span> <span class='ocrx_word' id='word_1_677' title='bbox 1144 2192 1189 2218; x_wconf 89' lang='lat' dir='ltr'><strong>scd</strong></span> <span class='ocrx_word' id='word_1_678' title='bbox 1213 2200 1226 2219; x_wconf 88' lang='lat' dir='ltr'><strong>a</strong></span> <span class='ocrx_word' id='word_1_679' title='bbox 1244 2192 1298 2220; x_wconf 87' lang='lat' dir='ltr'><strong>Deo</strong></span> <span class='ocrx_word' id='word_1_680' title='bbox 1321 2195 1371 2221; x_wconf 86' lang='lat' dir='ltr'><strong>sibi</strong></span> <span class='ocrx_word' id='word_1_681' title='bbox 1389 2196 1496 2223; x_wconf 70' lang='lat' dir='ltr'><strong>Ot&#39;tflllta</strong></span> <span class='ocrx_word' id='word_1_682' title='bbox 1520 2198 1689 2227; x_wconf 77' lang='lat' dir='ltr'><strong>titattifestari</strong></span> 
     </span>
    </p>
   </div>
   <div class='ocr_carea' id='block_1_88' title="bbox 905 2236 1690 2279">
    <p class='ocr_par' dir='ltr' id='par_1_88' title="bbox 905 2236 1690 2279">
     <span class='ocr_line' id='line_1_94' title="bbox 905 2236 1690 2279; baseline 0.013 -18"><span class='ocrx_word' id='word_1_683' title='bbox 905 2236 1029 2269; x_wconf 86' lang='lat' dir='ltr'><strong>petebat;</strong></span> <span class='ocrx_word' id='word_1_684' title='bbox 1047 2245 1078 2263; x_wconf 82' lang='lat' dir='ltr'><strong>ac.</strong></span> <span class='ocrx_word' id='word_1_685' title='bbox 1094 2245 1147 2264; x_wconf 90' lang='lat' dir='ltr'><strong>non</strong></span> <span class='ocrx_word' id='word_1_686' title='bbox 1167 2239 1242 2272; x_wconf 89' lang='lat' dir='ltr'><strong>prius</strong></span> <span class='ocrx_word' id='word_1_687' title='bbox 1258 2239 1479 2273; x_wconf 65' lang='lat' dir='ltr'><strong>praedicationem</strong></span> <span class='ocrx_word' id='word_1_688' title='bbox 1494 2244 1627 2270; x_wconf 83' lang='lat' dir='ltr'><strong>sermonis</strong></span> <span class='ocrx_word' id='word_1_689' title='bbox 1643 2252 1690 2279; x_wconf 82' lang='lat' dir='ltr'><strong>ag-</strong></span> 
     </span>
    </p>
   </div>
   <div class='ocr_carea' id='block_1_89' title="bbox 904 2280 1687 2321">
    <p class='ocr_par' dir='ltr' id='par_1_89' title="bbox 904 2280 1687 2321">
     <span class='ocr_line' id='line_1_95' title="bbox 904 2280 1687 2321; baseline 0.013 -15"><span class='ocrx_word' id='word_1_690' title='bbox 904 2280 980 2315; x_wconf 74' lang='lat' dir='ltr'><strong>gredi</strong></span> <span class='ocrx_word' id='word_1_691' title='bbox 997 2282 1137 2313; x_wconf 82' lang='lat' dir='ltr'><strong>sustinuit,</strong></span> <span class='ocrx_word' id='word_1_692' title='bbox 1156 2290 1237 2316; x_wconf 88' lang='lat' dir='ltr'><strong>quam</strong></span> <span class='ocrx_word' id='word_1_693' title='bbox 1257 2290 1303 2316; x_wconf 85' lang='lat' dir='ltr'><strong>per</strong></span> <span class='ocrx_word' id='word_1_694' title='bbox 1326 2285 1471 2318; x_wconf 85' lang='lat' dir='ltr'><strong>quamdam</strong></span> <span class='ocrx_word' id='word_1_695' title='bbox 1488 2289 1687 2321; x_wconf 75' lang='lat' dir='ltr'><strong>appar-itionem</strong></span> 
     </span>
    </p>
   </div>
   <div class='ocr_carea' id='block_1_90' title="bbox 69 2311 860 2365">
    <p class='ocr_par' dir='ltr' id='par_1_90' title="bbox 69 2311 852 2360">
     <span class='ocr_line' id='line_1_96' title="bbox 69 2311 852 2360; baseline 0.018 -22"><span class='ocrx_word' id='word_1_696' title='bbox 69 2311 167 2348; x_wconf 83' lang='grc' dir='ltr'>φθῆναι</span> <span class='ocrx_word' id='word_1_697' title='bbox 189 2316 264 2351; x_wconf 83' lang='grc' dir='ltr'>αὐτῷ</span> <span class='ocrx_word' id='word_1_698' title='bbox 281 2317 327 2352; x_wconf 79' lang='grc' dir='ltr'><strong>τὴν</strong></span> <span class='ocrx_word' id='word_1_699' title='bbox 349 2319 485 2355; x_wconf 84' lang='grc' dir='ltr'>ἀλήθειαν.</span> <span class='ocrx_word' id='word_1_700' title='bbox 511 2323 692 2359; x_wconf 85' lang='grc' dir='ltr'>Σκοπουμένῳ</span> <span class='ocrx_word' id='word_1_701' title='bbox 708 2325 761 2360; x_wconf 78' lang='grc' dir='ltr'>γὰρ</span> <span class='ocrx_word' id='word_1_702' title='bbox 779 2325 852 2360; x_wconf 82' lang='grc' dir='ltr'>αὐτῷ</span> 
     </span>
    </p>
   </div>
   <div class='ocr_carea' id='block_1_91' title="bbox 915 2311 1688 2365">
    <p class='ocr_par' dir='ltr' id='par_1_91' title="bbox 915 2311 1688 2365">
     <span class='ocr_line' id='line_1_97' title="bbox 915 2311 1687 2321; baseline 0.013 -8"><span class='ocrx_word' id='word_1_703' title='bbox 915 2311 918 2313; x_wconf 93' lang='grc'>.</span> <span class='ocrx_word' id='word_1_704' title='bbox 1132 2311 1135 2313; x_wconf 98' lang='grc'><strong>-</strong></span> <span class='ocrx_word' id='word_1_705' title='bbox 1165 2311 1173 2316; x_wconf 96' lang='grc'>.</span> <span class='ocrx_word' id='word_1_706' title='bbox 1257 2311 1264 2316; x_wconf 82' lang='grc' dir='ltr'><strong>ι</strong></span> <span class='ocrx_word' id='word_1_707' title='bbox 1335 2311 1341 2318; x_wconf 85' lang='grc' dir='ltr'><strong><em>ι</em></strong></span> <span class='ocrx_word' id='word_1_708' title='bbox 1450 2311 1470 2312; x_wconf 28' lang='lat' dir='ltr'><strong><em>ﬂ</em></strong></span> <span class='ocrx_word' id='word_1_709' title='bbox 1489 2311 1687 2321; x_wconf 47' lang='lat' dir='ltr'><strong>*Ir&quot;--&quot;&quot;&quot;&#39;&quot;&#39;</strong></span> 
     </span>
     <span class='ocr_line' id='line_1_98' title="bbox 915 2326 1688 2365; baseline 0.012 -13"><span class='ocrx_word' id='word_1_710' title='bbox 915 2326 929 2352; x_wconf 69' lang='grc' dir='ltr'>τί</span> <span class='ocrx_word' id='word_1_711' title='bbox 944 2326 1045 2353; x_wconf 76' lang='lat' dir='ltr'><strong>veritas</strong></span> <span class='ocrx_word' id='word_1_712' title='bbox 1061 2327 1239 2355; x_wconf 66' lang='lat' dir='ltr'><strong>revolaretur.</strong></span> <span class='ocrx_word' id='word_1_713' title='bbox 1253 2327 1319 2356; x_wconf 91' lang='lat' dir='ltr'><strong>Cum</strong></span> <span class='ocrx_word' id='word_1_714' title='bbox 1336 2330 1406 2356; x_wconf 90' lang='lat' dir='ltr'><strong>enim</strong></span> <span class='ocrx_word' id='word_1_715' title='bbox 1419 2338 1467 2365; x_wconf 87' lang='lat' dir='ltr'><strong>per</strong></span> <span class='ocrx_word' id='word_1_716' title='bbox 1482 2335 1565 2359; x_wconf 86' lang='lat' dir='ltr'><strong>totam</strong></span> <span class='ocrx_word' id='word_1_717' title='bbox 1579 2338 1688 2361; x_wconf 84' lang='lat' dir='ltr'><strong>noctem</strong></span> 
     </span>
    </p>
   </div>
   <div class='ocr_carea' id='block_1_92' title="bbox 69 2359 853 2402">
    <p class='ocr_par' dir='ltr' id='par_1_92' title="bbox 69 2359 853 2402">
     <span class='ocr_line' id='line_1_99' title="bbox 69 2359 853 2402; baseline 0.02 -20"><span class='ocrx_word' id='word_1_718' title='bbox 69 2364 131 2383; x_wconf 89' lang='grc' dir='ltr'>ποτε</span> <span class='ocrx_word' id='word_1_719' title='bbox 144 2359 265 2395; x_wconf 76' lang='grc' dir='ltr'>ἐννύχιον</span> <span class='ocrx_word' id='word_1_720' title='bbox 284 2364 404 2398; x_wconf 77' lang='grc' dir='ltr'>περὶτοῦ</span> <span class='ocrx_word' id='word_1_721' title='bbox 421 2365 498 2400; x_wconf 86' lang='grc' dir='ltr'>λόγου</span> <span class='ocrx_word' id='word_1_722' title='bbox 513 2368 561 2402; x_wconf 85' lang='grc' dir='ltr'><strong>τῆς</strong></span> <span class='ocrx_word' id='word_1_723' title='bbox 576 2369 702 2400; x_wconf 83' lang='grc' dir='ltr'>πίστεως,</span> <span class='ocrx_word' id='word_1_724' title='bbox 725 2371 771 2397; x_wconf 79' lang='grc' dir='ltr'>καὶ</span> <span class='ocrx_word' id='word_1_725' title='bbox 785 2378 853 2397; x_wconf 85' lang='grc' dir='ltr'>παν-</span> 
     </span>
    </p>
   </div>
   <div class='ocr_carea' id='block_1_93' title="bbox 68 2403 851 2450">
    <p class='ocr_par' dir='ltr' id='par_1_93' title="bbox 68 2403 851 2450">
     <span class='ocr_line' id='line_1_100' title="bbox 68 2403 851 2450; baseline 0.019 -22"><span class='ocrx_word' id='word_1_726' title='bbox 68 2403 153 2436; x_wconf 79' lang='grc' dir='ltr'>τοίους</span> <span class='ocrx_word' id='word_1_727' title='bbox 166 2405 335 2434; x_wconf 82' lang='grc' dir='ltr'>ἀνακινοῦντι</span> <span class='ocrx_word' id='word_1_728' title='bbox 349 2409 494 2446; x_wconf 81' lang='grc' dir='ltr'>λογισμούς</span> <span class='ocrx_word' id='word_1_729' title='bbox 519 2411 598 2448; x_wconf 81' lang='grc' dir='ltr'>(ἦσαν</span> <span class='ocrx_word' id='word_1_730' title='bbox 611 2415 664 2450; x_wconf 84' lang='grc' dir='ltr'>γὰρ</span> <span class='ocrx_word' id='word_1_731' title='bbox 684 2415 715 2450; x_wconf 83' lang='grc' dir='ltr'><strong>δὴ</strong></span> <span class='ocrx_word' id='word_1_732' title='bbox 732 2416 777 2442; x_wconf 80' lang='grc' dir='ltr'>καὶ</span> <span class='ocrx_word' id='word_1_733' title='bbox 791 2416 851 2442; x_wconf 80' lang='grc' dir='ltr'>τότε</span> 
     </span>
    </p>
   </div>
   <div class='ocr_carea' id='block_1_94' title="bbox 68 2449 850 2495">
    <p class='ocr_par' dir='ltr' id='par_1_94' title="bbox 68 2449 850 2495">
     <span class='ocr_line' id='line_1_101' title="bbox 68 2449 850 2495; baseline 0.019 -21"><span class='ocrx_word' id='word_1_734' title='bbox 68 2449 152 2483; x_wconf 80' lang='grc' dir='ltr'>τινὲς,</span> <span class='ocrx_word' id='word_1_735' title='bbox 171 2452 194 2477; x_wconf 87' lang='grc' dir='ltr'>οἱ</span> <span class='ocrx_word' id='word_1_736' title='bbox 214 2452 262 2487; x_wconf 77' lang='grc' dir='ltr'><strong>τὴν</strong></span> <span class='ocrx_word' id='word_1_737' title='bbox 285 2455 381 2490; x_wconf 79' lang='grc' dir='ltr'>εὐσεϐῆ</span> <span class='ocrx_word' id='word_1_738' title='bbox 399 2456 570 2485; x_wconf 81' lang='grc' dir='ltr'>διδασκαλίαν</span> <span class='ocrx_word' id='word_1_739' title='bbox 585 2461 850 2495; x_wconf 79' lang='grc' dir='ltr'>παραχαράττοντες,</span> 
     </span>
    </p>
   </div>
   <div class='ocr_carea' id='block_1_95' title="bbox 69 2493 852 2541">
    <p class='ocr_par' dir='ltr' id='par_1_95' title="bbox 69 2493 852 2541">
     <span class='ocr_line' id='line_1_102' title="bbox 69 2493 852 2541; baseline 0.017 -21"><span class='ocrx_word' id='word_1_740' title='bbox 69 2493 109 2521; x_wconf 79' lang='grc' dir='ltr'><strong>διὰ</strong></span> <span class='ocrx_word' id='word_1_741' title='bbox 123 2497 172 2532; x_wconf 81' lang='grc' dir='ltr'>τῆς</span> <span class='ocrx_word' id='word_1_742' title='bbox 188 2498 366 2534; x_wconf 82' lang='grc' dir='ltr'>πιθανότητος</span> <span class='ocrx_word' id='word_1_743' title='bbox 381 2502 435 2529; x_wconf 85' lang='grc' dir='ltr'><strong>τῶν</strong></span> <span class='ocrx_word' id='word_1_744' title='bbox 451 2493 687 2540; x_wconf 74' lang='grc' dir='ltr'>ἐπιχειρημάτων,</span> <span class='ocrx_word' id='word_1_745' title='bbox 699 2493 852 2541; x_wconf 16' lang='grc' dir='ltr'>γάμφίὸολον</span> 
     </span>
    </p>
   </div>
   <div class='ocr_carea' id='block_1_96' title="bbox 69 2540 859 2587">
    <p class='ocr_par' dir='ltr' id='par_1_96' title="bbox 69 2540 859 2587">
     <span class='ocr_line' id='line_1_103' title="bbox 69 2540 859 2587; baseline 0.018 -23"><span class='ocrx_word' id='word_1_746' title='bbox 69 2540 205 2573; x_wconf 77' lang='grc' dir='ltr'>ποιοῦντες</span> <span class='ocrx_word' id='word_1_747' title='bbox 227 2543 356 2576; x_wconf 84' lang='grc' dir='ltr'>πολλάκις</span> <span class='ocrx_word' id='word_1_748' title='bbox 376 2546 421 2572; x_wconf 75' lang='grc' dir='ltr'><strong>καὶ</strong></span> <span class='ocrx_word' id='word_1_749' title='bbox 435 2548 491 2578; x_wconf 75' lang='grc' dir='ltr'>τοῖς</span> <span class='ocrx_word' id='word_1_750' title='bbox 507 2549 625 2580; x_wconf 84' lang='grc' dir='ltr'>συνετοῐς</span> <span class='ocrx_word' id='word_1_751' title='bbox 641 2549 690 2584; x_wconf 79' lang='grc' dir='ltr'><strong>τὴν</strong></span> <span class='ocrx_word' id='word_1_752' title='bbox 705 2549 859 2587; x_wconf 60' lang='grc' dir='ltr'>ἁλήθειανῇ</span> 
     </span>
    </p>
   </div>
   <div class='ocr_carea' id='block_1_97' title="bbox 68 2583 850 2631">
    <p class='ocr_par' dir='ltr' id='par_1_97' title="bbox 68 2583 850 2631">
     <span class='ocr_line' id='line_1_104' title="bbox 68 2583 850 2631; baseline 0.019 -22"><span class='ocrx_word' id='word_1_753' title='bbox 68 2583 135 2619; x_wconf 75' lang='grc' dir='ltr'>ὑπὲρ</span> <span class='ocrx_word' id='word_1_754' title='bbox 157 2584 191 2622; x_wconf 85' lang='grc' dir='ltr'>ἦς</span> <span class='ocrx_word' id='word_1_755' title='bbox 205 2587 265 2614; x_wconf 76' lang='grc' dir='ltr'>τότε</span> <span class='ocrx_word' id='word_1_756' title='bbox 285 2589 492 2625; x_wconf 79' lang='grc' dir='ltr'>διαγρυπνοῦντι</span> <span class='ocrx_word' id='word_1_757' title='bbox 516 2593 589 2628; x_wconf 78' lang='grc' dir='ltr'><strong>αὺτῷ</strong></span> <span class='ocrx_word' id='word_1_758' title='bbox 613 2595 660 2621; x_wconf 69' lang='grc' dir='ltr'>καὶ</span> <span class='ocrx_word' id='word_1_759' title='bbox 683 2597 850 2631; x_wconf 77' lang='grc' dir='ltr'>φροντίζοντι</span> 
     </span>
    </p>
   </div>
   <div class='ocr_carea' id='block_1_98' title="bbox 68 2630 848 2677">
    <p class='ocr_par' dir='ltr' id='par_1_98' title="bbox 68 2630 848 2677">
     <span class='ocr_line' id='line_1_105' title="bbox 68 2630 848 2677; baseline 0.015 -21"><span class='ocrx_word' id='word_1_760' title='bbox 68 2630 188 2661; x_wconf 63' lang='grc' dir='ltr'>ψαίνεταί</span> <span class='ocrx_word' id='word_1_761' title='bbox 207 2642 248 2664; x_wconf 87' lang='grc' dir='ltr'><strong>τις</strong></span> <span class='ocrx_word' id='word_1_762' title='bbox 263 2634 323 2661; x_wconf 73' lang='grc' dir='ltr'>καθ’</span> <span class='ocrx_word' id='word_1_763' title='bbox 340 2635 414 2672; x_wconf 78' lang='grc' dir='ltr'>ὕπαρ</span> <span class='ocrx_word' id='word_1_764' title='bbox 427 2638 456 2664; x_wconf 78' lang='grc' dir='ltr'><strong>ἐν</strong></span> <span class='ocrx_word' id='word_1_765' title='bbox 478 2638 639 2675; x_wconf 84' lang='grc' dir='ltr'>ἀνθρωπίνῳ</span> <span class='ocrx_word' id='word_1_766' title='bbox 660 2640 698 2675; x_wconf 83' lang='grc' dir='ltr'>τῷ</span> <span class='ocrx_word' id='word_1_767' title='bbox 719 2643 848 2677; x_wconf 81' lang='grc' dir='ltr'>σχήματι,</span> 
     </span>
    </p>
   </div>
   <div class='ocr_carea' id='block_1_99' title="bbox 67 2677 850 2722">
    <p class='ocr_par' dir='ltr' id='par_1_99' title="bbox 67 2677 850 2722">
     <span class='ocr_line' id='line_1_106' title="bbox 67 2677 850 2722; baseline 0.017 -21"><span class='ocrx_word' id='word_1_768' title='bbox 67 2677 197 2710; x_wconf 77' lang='grc' dir='ltr'>γηραλέος</span> <span class='ocrx_word' id='word_1_769' title='bbox 212 2679 239 2705; x_wconf 75' lang='grc' dir='ltr'><strong>τὸ</strong></span> <span class='ocrx_word' id='word_1_770' title='bbox 255 2678 323 2712; x_wconf 84' lang='grc' dir='ltr'>εἶδος</span> <span class='ocrx_word' id='word_1_771' title='bbox 334 2701 341 2712; x_wconf 95' lang='grc'><strong>,</strong></span> <span class='ocrx_word' id='word_1_772' title='bbox 359 2682 522 2718; x_wconf 81' lang='grc' dir='ltr'>ἱεροπρεπὴς</span> <span class='ocrx_word' id='word_1_773' title='bbox 534 2686 566 2720; x_wconf 84' lang='grc' dir='ltr'><strong>τῇ</strong></span> <span class='ocrx_word' id='word_1_774' title='bbox 583 2686 733 2722; x_wconf 85' lang='grc' dir='ltr'>καταστολῇ</span> <span class='ocrx_word' id='word_1_775' title='bbox 748 2687 794 2713; x_wconf 78' lang='grc' dir='ltr'>τοῦ</span> <span class='ocrx_word' id='word_1_776' title='bbox 809 2690 850 2714; x_wconf 82' lang='grc' dir='ltr'><strong>ὲν-</strong></span> 
     </span>
    </p>
   </div>
   <div class='ocr_carea' id='block_1_100' title="bbox 67 2718 849 2768">
    <p class='ocr_par' dir='ltr' id='par_1_100' title="bbox 67 2718 849 2768">
     <span class='ocr_line' id='line_1_107' title="bbox 67 2718 849 2768; baseline 0.017 -22"><span class='ocrx_word' id='word_1_777' title='bbox 67 2718 190 2755; x_wconf 79' lang='grc' dir='ltr'>δύματος,</span> <span class='ocrx_word' id='word_1_778' title='bbox 206 2724 304 2760; x_wconf 80' lang='grc' dir='ltr'>πολλὴν</span> <span class='ocrx_word' id='word_1_779' title='bbox 319 2727 504 2763; x_wconf 78' lang='grc' dir='ltr'>ὲπισημαίνων</span> <span class='ocrx_word' id='word_1_780' title='bbox 517 2729 565 2765; x_wconf 79' lang='grc' dir='ltr'><strong>τὴν</strong></span> <span class='ocrx_word' id='word_1_781' title='bbox 580 2731 679 2766; x_wconf 73' lang='grc' dir='ltr'>ἀρετὴν</span> <span class='ocrx_word' id='word_1_782' title='bbox 694 2734 725 2768; x_wconf 82' lang='grc' dir='ltr'><strong>τῇ</strong></span> <span class='ocrx_word' id='word_1_783' title='bbox 745 2733 807 2768; x_wconf 75' lang='grc' dir='ltr'>περὶ</span> <span class='ocrx_word' id='word_1_784' title='bbox 820 2733 849 2759; x_wconf 74' lang='grc' dir='ltr'>τὸ</span> 
     </span>
    </p>
   </div>
   <div class='ocr_carea' id='block_1_101' title="bbox 119 2842 348 2879">
    <p class='ocr_par' dir='ltr' id='par_1_101' title="bbox 119 2842 348 2879">
     <span class='ocr_line' id='line_1_108' title="bbox 119 2842 348 2879; baseline 0.026 -10"><span class='ocrx_word' id='word_1_785' title='bbox 119 2842 129 2858; x_wconf 90' lang='grc'>⁶</span> <span class='ocrx_word' id='word_1_786' title='bbox 149 2843 238 2872; x_wconf 83' lang='lat' dir='ltr'><strong>Galat.</strong></span> <span class='ocrx_word' id='word_1_787' title='bbox 259 2854 285 2879; x_wconf 86' lang='grc' dir='ltr'><strong>ι,</strong></span> <span class='ocrx_word' id='word_1_788' title='bbox 307 2847 348 2875; x_wconf 82' lang='grc' dir='ltr'><strong>ίϐ.</strong></span> 
     </span>
    </p>
   </div>
   <div class='ocr_carea' id='block_1_102' title="bbox 903 2370 1688 2411">
    <p class='ocr_par' dir='ltr' id='par_1_102' title="bbox 903 2370 1688 2411">
     <span class='ocr_line' id='line_1_109' title="bbox 903 2370 1688 2411; baseline 0.01 -14"><span class='ocrx_word' id='word_1_789' title='bbox 903 2370 1050 2404; x_wconf 90' lang='lat' dir='ltr'><strong>aliquando</strong></span> <span class='ocrx_word' id='word_1_790' title='bbox 1065 2371 1099 2398; x_wconf 89' lang='lat' dir='ltr'><strong>de</strong></span> <span class='ocrx_word' id='word_1_791' title='bbox 1110 2371 1216 2399; x_wconf 88' lang='lat' dir='ltr'><strong>ratione</strong></span> <span class='ocrx_word' id='word_1_792' title='bbox 1233 2376 1314 2407; x_wconf 83' lang='lat' dir='ltr'><strong>atque</strong></span> <span class='ocrx_word' id='word_1_793' title='bbox 1330 2381 1456 2405; x_wconf 86' lang='lat' dir='ltr'><strong>sermone</strong></span> <span class='ocrx_word' id='word_1_794' title='bbox 1470 2375 1529 2403; x_wconf 83' lang='lat' dir='ltr'><strong>ﬁdei</strong></span> <span class='ocrx_word' id='word_1_795' title='bbox 1543 2377 1688 2411; x_wconf 86' lang='lat' dir='ltr'><strong>dispiceret</strong></span> 
     </span>
    </p>
   </div>
   <div class='ocr_carea' id='block_1_103' title="bbox 901 2415 1688 2458">
    <p class='ocr_par' dir='ltr' id='par_1_103' title="bbox 901 2415 1688 2458">
     <span class='ocr_line' id='line_1_110' title="bbox 901 2415 1688 2458; baseline 0.01 -16"><span class='ocrx_word' id='word_1_796' title='bbox 901 2419 929 2443; x_wconf 89' lang='lat' dir='ltr'><strong>et</strong></span> <span class='ocrx_word' id='word_1_797' title='bbox 947 2415 1148 2450; x_wconf 79' lang='lat' dir='ltr'><strong>specularetur,</strong></span> <span class='ocrx_word' id='word_1_798' title='bbox 1168 2421 1194 2443; x_wconf 93' lang='lat' dir='ltr'><strong>et</strong></span> <span class='ocrx_word' id='word_1_799' title='bbox 1212 2419 1302 2446; x_wconf 86' lang='lat' dir='ltr'><strong>varias</strong></span> <span class='ocrx_word' id='word_1_800' title='bbox 1326 2419 1418 2445; x_wconf 87' lang='lat' dir='ltr'><strong>animo</strong></span> <span class='ocrx_word' id='word_1_801' title='bbox 1434 2421 1614 2454; x_wconf 76' lang='lat' dir='ltr'><strong>cogitationes</strong></span> <span class='ocrx_word' id='word_1_802' title='bbox 1631 2424 1688 2458; x_wconf 81' lang='lat' dir='ltr'><strong>agi-</strong></span> 
     </span>
    </p>
   </div>
   <div class='ocr_carea' id='block_1_104' title="bbox 901 2463 1686 2503">
    <p class='ocr_par' dir='ltr' id='par_1_104' title="bbox 901 2463 1686 2503">
     <span class='ocr_line' id='line_1_111' title="bbox 901 2463 1686 2503; baseline 0.011 -16"><span class='ocrx_word' id='word_1_803' title='bbox 901 2464 972 2488; x_wconf 88' lang='lat' dir='ltr'><strong>taret</strong></span> <span class='ocrx_word' id='word_1_804' title='bbox 987 2471 992 2489; x_wconf 95' lang='lat'>:</span> <span class='ocrx_word' id='word_1_805' title='bbox 1005 2466 1083 2489; x_wconf 88' lang='lat' dir='ltr'><strong>erant</strong></span> <span class='ocrx_word' id='word_1_806' title='bbox 1093 2463 1164 2489; x_wconf 88' lang='lat' dir='ltr'><strong>enim</strong></span> <span class='ocrx_word' id='word_1_807' title='bbox 1176 2463 1304 2490; x_wconf 88' lang='lat' dir='ltr'><strong>nimirum</strong></span> <span class='ocrx_word' id='word_1_808' title='bbox 1317 2465 1398 2491; x_wconf 85' lang='lat' dir='ltr'><strong>etiam</strong></span> <span class='ocrx_word' id='word_1_809' title='bbox 1413 2469 1477 2493; x_wconf 86' lang='lat' dir='ltr'><strong>tunc</strong></span> <span class='ocrx_word' id='word_1_810' title='bbox 1491 2468 1624 2501; x_wconf 88' lang='lat' dir='ltr'><strong>nonnulli,</strong></span> <span class='ocrx_word' id='word_1_811' title='bbox 1638 2469 1686 2503; x_wconf 92' lang='lat' dir='ltr'><strong>qui</strong></span> 
     </span>
    </p>
   </div>
   <div class='ocr_carea' id='block_1_105' title="bbox 901 2507 1684 2545">
    <p class='ocr_par' dir='ltr' id='par_1_105' title="bbox 901 2507 1684 2545">
     <span class='ocr_line' id='line_1_112' title="bbox 901 2507 1684 2545; baseline 0.008 -11"><span class='ocrx_word' id='word_1_812' title='bbox 901 2507 973 2542; x_wconf 88' lang='lat' dir='ltr'><strong>piam</strong></span> <span class='ocrx_word' id='word_1_813' title='bbox 984 2512 1010 2535; x_wconf 87' lang='lat' dir='ltr'><strong>et</strong></span> <span class='ocrx_word' id='word_1_814' title='bbox 1024 2508 1159 2536; x_wconf 85' lang='lat' dir='ltr'><strong>sinceram</strong></span> <span class='ocrx_word' id='word_1_815' title='bbox 1171 2508 1311 2544; x_wconf 74' lang='lat' dir='ltr'><strong>religionis</strong></span> <span class='ocrx_word' id='word_1_816' title='bbox 1323 2509 1474 2538; x_wconf 77' lang='lat' dir='ltr'><strong>doctrinam</strong></span> <span class='ocrx_word' id='word_1_817' title='bbox 1488 2513 1684 2545; x_wconf 87' lang='lat' dir='ltr'><strong>adulterarent,</strong></span> 
     </span>
    </p>
   </div>
   <div class='ocr_carea' id='block_1_106' title="bbox 901 2554 1685 2593">
    <p class='ocr_par' dir='ltr' id='par_1_106' title="bbox 901 2554 1685 2593">
     <span class='ocr_line' id='line_1_113' title="bbox 901 2554 1685 2593; baseline 0.008 -14"><span class='ocrx_word' id='word_1_818' title='bbox 901 2560 934 2579; x_wconf 86' lang='lat' dir='ltr'><strong>ac</strong></span> <span class='ocrx_word' id='word_1_819' title='bbox 967 2560 1015 2588; x_wconf 87' lang='lat' dir='ltr'><strong>per</strong></span> <span class='ocrx_word' id='word_1_820' title='bbox 1040 2554 1196 2588; x_wconf 84' lang='lat' dir='ltr'><strong>probabiles</strong></span> <span class='ocrx_word' id='word_1_821' title='bbox 1219 2557 1469 2589; x_wconf 82' lang='lat' dir='ltr'><strong>argumentationes</strong></span> <span class='ocrx_word' id='word_1_822' title='bbox 1499 2566 1685 2593; x_wconf 72' lang='lat' dir='ltr'><strong>saepenumero</strong></span> 
     </span>
    </p>
   </div>
   <div class='ocr_carea' id='block_1_107' title="bbox 901 2598 1684 2634">
    <p class='ocr_par' dir='ltr' id='par_1_107' title="bbox 901 2598 1684 2634">
     <span class='ocr_line' id='line_1_114' title="bbox 901 2598 1684 2634; baseline 0.008 -10"><span class='ocrx_word' id='word_1_823' title='bbox 901 2598 982 2625; x_wconf 87' lang='lat' dir='ltr'><strong>etiam</strong></span> <span class='ocrx_word' id='word_1_824' title='bbox 999 2598 1087 2626; x_wconf 90' lang='lat' dir='ltr'><strong>doctis</strong></span> <span class='ocrx_word' id='word_1_825' title='bbox 1100 2603 1125 2626; x_wconf 92' lang='lat' dir='ltr'><strong>et</strong></span> <span class='ocrx_word' id='word_1_826' title='bbox 1143 2600 1323 2634; x_wconf 86' lang='lat' dir='ltr'><strong>prudentibus</strong></span> <span class='ocrx_word' id='word_1_827' title='bbox 1341 2601 1479 2629; x_wconf 87' lang='lat' dir='ltr'><strong>veritatem</strong></span> <span class='ocrx_word' id='word_1_828' title='bbox 1496 2603 1616 2630; x_wconf 80' lang='lat' dir='ltr'><strong>facerent</strong></span> <span class='ocrx_word' id='word_1_829' title='bbox 1629 2611 1684 2630; x_wconf 86' lang='lat' dir='ltr'><strong>am-</strong></span> 
     </span>
    </p>
   </div>
   <div class='ocr_carea' id='block_1_108' title="bbox 901 2643 1683 2683">
    <p class='ocr_par' dir='ltr' id='par_1_108' title="bbox 901 2643 1683 2683">
     <span class='ocr_line' id='line_1_115' title="bbox 901 2643 1683 2683; baseline 0.009 -13"><span class='ocrx_word' id='word_1_830' title='bbox 901 2643 1008 2678; x_wconf 79' lang='lat' dir='ltr'><strong>biguam</strong></span> <span class='ocrx_word' id='word_1_831' title='bbox 1034 2651 1040 2669; x_wconf 90' lang='lat'>:</span> <span class='ocrx_word' id='word_1_832' title='bbox 1063 2653 1111 2678; x_wconf 88' lang='lat' dir='ltr'><strong>pro</strong></span> <span class='ocrx_word' id='word_1_833' title='bbox 1127 2653 1180 2680; x_wconf 85' lang='lat' dir='ltr'><strong>qua</strong></span> <span class='ocrx_word' id='word_1_834' title='bbox 1204 2650 1270 2674; x_wconf 89' lang='lat' dir='ltr'><strong>tunc</strong></span> <span class='ocrx_word' id='word_1_835' title='bbox 1288 2647 1312 2674; x_wconf 91' lang='lat' dir='ltr'><strong>ei</strong></span> <span class='ocrx_word' id='word_1_836' title='bbox 1334 2647 1488 2681; x_wconf 76' lang='lat' dir='ltr'><strong>pervigilem</strong></span> <span class='ocrx_word' id='word_1_837' title='bbox 1512 2649 1585 2676; x_wconf 91' lang='lat' dir='ltr'><strong>curis</strong></span> <span class='ocrx_word' id='word_1_838' title='bbox 1601 2653 1683 2683; x_wconf 82' lang='lat' dir='ltr'><strong>atque</strong></span> 
     </span>
    </p>
   </div>
   <div class='ocr_carea' id='block_1_109' title="bbox 901 2689 1682 2728">
    <p class='ocr_par' dir='ltr' id='par_1_109' title="bbox 901 2689 1682 2728">
     <span class='ocr_line' id='line_1_116' title="bbox 901 2689 1682 2728; baseline 0.008 -14"><span class='ocrx_word' id='word_1_839' title='bbox 901 2689 1084 2717; x_wconf 83' lang='lat' dir='ltr'><strong>sollicitudine</strong></span> <span class='ocrx_word' id='word_1_840' title='bbox 1108 2694 1213 2718; x_wconf 88' lang='lat' dir='ltr'><strong>noctem</strong></span> <span class='ocrx_word' id='word_1_841' title='bbox 1229 2692 1329 2727; x_wconf 79' lang='lat' dir='ltr'><strong>agenti,</strong></span> <span class='ocrx_word' id='word_1_842' title='bbox 1354 2692 1464 2726; x_wconf 86' lang='lat' dir='ltr'><strong>quidam</strong></span> <span class='ocrx_word' id='word_1_843' title='bbox 1485 2693 1511 2720; x_wconf 92' lang='lat' dir='ltr'><strong>in</strong></span> <span class='ocrx_word' id='word_1_844' title='bbox 1531 2694 1614 2728; x_wconf 75' lang='lat' dir='ltr'><strong>ﬁgura</strong></span> <span class='ocrx_word' id='word_1_845' title='bbox 1630 2694 1682 2720; x_wconf 91' lang='lat' dir='ltr'><strong>hu-</strong></span> 
     </span>
    </p>
   </div>
   <div class='ocr_carea' id='block_1_110' title="bbox 901 2734 1684 2770">
    <p class='ocr_par' dir='ltr' id='par_1_110' title="bbox 901 2734 1684 2770">
     <span class='ocr_line' id='line_1_117' title="bbox 901 2734 1684 2770; baseline 0.008 -10"><span class='ocrx_word' id='word_1_846' title='bbox 901 2741 992 2767; x_wconf 89' lang='lat' dir='ltr'><strong>mana,</strong></span> <span class='ocrx_word' id='word_1_847' title='bbox 1006 2734 1074 2762; x_wconf 77' lang='lat' dir='ltr'><strong>facie</strong></span> <span class='ocrx_word' id='word_1_848' title='bbox 1089 2743 1121 2763; x_wconf 88' lang='lat' dir='ltr'><strong>ac</strong></span> <span class='ocrx_word' id='word_1_849' title='bbox 1146 2736 1232 2764; x_wconf 79' lang='lat' dir='ltr'><strong>forma</strong></span> <span class='ocrx_word' id='word_1_850' title='bbox 1250 2738 1328 2765; x_wconf 85' lang='lat' dir='ltr'><strong>senili</strong></span> <span class='ocrx_word' id='word_1_851' title='bbox 1345 2738 1484 2766; x_wconf 87' lang='lat' dir='ltr'><strong>evidenter</strong></span> <span class='ocrx_word' id='word_1_852' title='bbox 1504 2743 1625 2770; x_wconf 85' lang='lat' dir='ltr'><strong>aooaret,</strong></span> <span class='ocrx_word' id='word_1_853' title='bbox 1638 2747 1684 2766; x_wconf 83' lang='lat' dir='ltr'><strong>or-</strong></span> 
     </span>
    </p>
   </div>
  </div>
