1917 3079
203 104 255 133 915

201 164 235 192 ad
246 171 306 192 aras
317 165 372 192 ﬁeri
389 165 529 193 consuetis
539 166 764 200 conﬁrmaretur,
778 174 969 203 permanerent
981 179 986 196 :
1006 183 1026 211 Α

201 209 429 244 quemadmodum
457 215 588 238 strenuus
608 211 719 246 qttidam
741 213 818 240 tttiles
839 221 899 239 cttm
920 213 989 240 duce

201 255 353 289 copiarum,
365 256 444 289 cujus
457 256 555 283 robore
571 258 744 291 potissimum
756 265 788 285 ac
802 259 904 286 virtute
916 261 989 287 acies

202 301 422 328 adversariorum
444 305 507 333 stet.
527 310 705 338 congressus,
725 304 772 331 illo
792 305 913 338 devicto,
936 306 988 332 itu-

825 109 852 136 S.
868 109 1032 138 GliEt'iOlill
1049 111 1193 139 NY‘oSENl

1793 114 1848 142 916

1041 171 1115 202 ἐντὸς
1134 171 1208 206 ἱεροῦ
1224 180 1295 203 τινος
1308 171 1422 206 γίνεται,
1441 172 1510 207 μετὰ
1526 171 1579 198 τῶν
1597 173 1742 208 ἑπομένων
1756 171 1845 206 αὐτῷ.

1043 217 1080 243 Τὸ
1101 217 1129 243 δὲ
1147 217 1217 252 ἱερὸν
1239 218 1328 244 ἐκεῖνο
1344 217 1398 245 τῶν
1411 218 1555 254 ἐπισήμων
1575 216 1619 254 ἦν,
1640 215 1663 252 ᾧ
1680 227 1723 249 τις
1737 218 1847 253 φανερά

1043 261 1097 287 τῶν
1112 261 1339 298 θεραπευομένων
1355 263 1489 298 δαιμόνων
1509 264 1682 299 ἐπιφοίτησις
1697 266 1756 295 τοῖς
1775 273 1847 289 νεω-

1045 307 1134 341 κόροις
1151 307 1264 341 ἐγίνετο,
1284 307 1419 342 μαντικῆς
1436 317 1506 340 τινος
1518 309 1697 344 χρησμῳδίας
1710 308 1779 343 παρ’
1796 309 1847 334 αὑ-

202 346 278 380 pcrio
291 347 351 382 ejus
372 352 497 382 parentes
516 349 542 376 in
559 349 651 384 fugam
671 350 752 376 vertit
770 360 776 377 :
793 350 888 378 eodem
910 351 991 378 ntodo

1055 351 1099 378 τῶν
1116 352 1326 388 ἐνεργουμένης.

201 397 282 423 etiam
308 405 422 433 magnus
444 398 496 426 iste
518 397 560 424 vir
583 398 617 425 ab
639 398 706 432 ipsis
730 398 900 427 daemonibus
923 407 980 426 rem
1001 399 1068 426 bene
1087 407 1181 434 gerere
1206 401 1314 428 orditur
1334 410 1340 428 :
1370 402 1416 430 sed
1443 410 1497 438 qua
1522 402 1648 430 ratione?
1675 402 1747 429 Cum
1774 409 1845 436 prte-

203 448 354 472 tereuntent
379 451 393 471 ο
418 444 565 472 solitudine
589 444 621 471 ad
647 445 742 471 urbem
774 452 870 472 versus
899 453 996 480 vesper
1015 446 1210 481 oppressisset,
1231 452 1258 475 et
1276 448 1366 476 imber
1382 449 1530 477 violentior
1547 454 1666 484 urgeret,
1696 457 1752 476 una
1779 457 1843 476 cum

203 491 351 518 comitibus
379 491 510 525 templum
543 490 681 525 quoddam
714 491 807 518 intrat.
844 490 988 526 Templum
1014 496 1105 519 autent
1142 492 1209 519 illud
1238 493 1346 521 celebre
1367 498 1427 521 erat
1450 503 1456 521 :
1480 494 1508 521 in
1532 502 1588 529 quo
1605 495 1654 529 qui
1677 495 1844 521 colebantur

205 539 343 566 daemones
363 538 507 566 manifesto
528 547 557 566 se
580 538 679 566 offerre
701 542 728 566 et
751 539 885 566 accedere
915 539 950 566 ad
971 540 1112 568 antistites
1130 541 1224 576 templi
1240 546 1267 569 et
1283 541 1400 569 mdituos
1419 542 1545 569 solebant
1561 552 1567 569 :
1584 541 1688 577 qttippc
1705 542 1844 568 divinatio

205 585 328 620 qutedam
349 585 383 612 ab
401 586 440 613 eis
459 586 648 618 exercebatur,
669 590 695 614 et
711 587 851 613 oraculum
864 586 1005 613 edebatur.

242 630 310 658 Cum
326 639 355 659 sc
371 632 519 666 recepisset
537 632 621 667 igitur
638 639 700 659 cum
717 633 864 660 comitibus
882 632 908 658 in
924 632 991 659 illud

207 677 348 712 templum,
385 677 522 705 dsemones
552 678 662 713 quidem
689 678 781 705 statim
819 678 993 705 invocatione

206 723 326 750 nominis
338 723 441 751 Christi
457 724 645 759 perterrefecit
661 733 666 750 :
689 723 773 758 figura
791 728 883 751 autent
901 724 994 752 crucis

206 769 350 797 nidoribus
375 770 546 804 inquinatum
570 777 635 796 aera
661 777 724 796 ctttn
748 770 887 804 expiasset
912 773 994 804 atque

207 815 364 848 lustrasset,
379 817 451 851 quod
468 817 558 844 facere
581 816 680 843 solitus
696 821 766 848 erat,
785 820 892 843 noctem
908 821 992 843 totattt

207 861 378 888 oralionibus
397 865 424 888 ct
447 862 557 888 laudum
574 861 814 889 decantationibus
832 861 993 896 pervigilem

207 907 353 942 transegit,
369 907 437 934 adeo
453 912 481 934 ut
494 907 521 934 in
537 907 647 934 dotnum
662 907 800 935 orationis
815 907 995 934 transforma-

207 956 284 980 retnr
306 953 378 980 mdes
396 953 452 985 illa,
479 961 539 988 qum
561 957 588 981 et
609 954 735 981 altarium
753 954 882 982 sordibus
899 958 926 981 et
945 954 995 981 im-

208 999 342 1026 munditia
357 1004 552 1035 conspurcata,
567 1004 592 1027 et
606 1002 705 1028 statuis
721 1001 814 1029 odiosa
831 1005 913 1036 atque
928 1001 995 1028 abo-

180 1076 182 1079 τ
208 1045 349 1072 tninabilis
377 1050 446 1074 crat.
478 1045 535 1073 lloc
559 1047 650 1082 itaque
681 1046 762 1074 modo
793 1050 872 1074 nocte
903 1046 938 1073 ab
963 1054 996 1074 eo

208 1093 360 1121 transacta,
381 1090 455 1118 circa
469 1091 620 1119 diluculum
636 1099 733 1119 rursus
746 1091 798 1119 iter
815 1099 895 1119 suum
913 1099 996 1126 porro

209 1134 300 1162 facere
322 1137 461 1171 pergebat.
481 1137 548 1164 Cum
576 1142 667 1165 autem
685 1138 801 1165 antistes
825 1145 905 1165 mane
928 1146 997 1165 con-

209 1184 289 1207 sueto
303 1181 392 1207 otlicio
414 1180 553 1210 daemones
571 1183 684 1213 coleret,
705 1183 796 1210 oblata
818 1183 841 1210 ei
863 1183 996 1210 dmntonia

209 1223 313 1253 dixisse
331 1225 470 1257 feruntur,
488 1235 540 1254 tton
559 1227 610 1254 sibi
627 1232 719 1262 patere
738 1229 852 1263 posthac
880 1229 997 1263 amplius

210 1271 314 1310 aditum
329 1272 360 1298 ad
378 1273 519 1307 templum,
535 1278 646 1308 propter
663 1282 736 1305 eum,
753 1275 799 1309 qui
815 1275 841 1301 in
857 1283 890 1302 eo
909 1275 997 1302 diver-

211 1322 288 1344 satus
304 1322 376 1345 esset
398 1328 404 1345 :
422 1323 503 1354 atque
519 1319 562 1352 ille
577 1320 742 1348 lustratoriis
756 1321 997 1356 piacularibusque

210 1363 356 1390 sacrificiis
368 1368 394 1391 et
411 1364 510 1392 hostiis
522 1369 601 1392 utens
614 1373 662 1400 per
671 1366 728 1392 haec
738 1366 771 1393 ad
786 1366 996 1401 imntigrandnm

210 1417 309 1437 rursus
328 1411 354 1437 in
373 1411 502 1446 templum
517 1411 651 1438 dzemonia
665 1411 766 1439 dicitur
784 1413 900 1440 invitare
915 1420 998 1439 cona-

212 1461 256 1483 tus
282 1463 343 1483 esse
362 1465 368 1483 :
391 1459 420 1483 ut
444 1461 534 1483 autem
562 1457 629 1484 nihil
650 1465 705 1485 non
725 1459 856 1485 tcntantis
874 1458 997 1485 studium

212 1502 319 1529 irritum
341 1507 367 1529 et
390 1502 511 1529 incilicax
529 1507 600 1533 erat,
617 1503 788 1531 daemonibus
813 1504 888 1531 nullo
905 1503 997 1535 modo,
1013 1515 1036 1546 ο

213 1547 296 1574 sicuti
313 1551 522 1578 consueverant,
541 1547 601 1582 ejus
621 1549 786 1575 invocationi
806 1549 1000 1583 obtemperan-

213 1593 288 1620 tibus
305 1603 311 1620 :
328 1597 392 1620 tunc
408 1594 446 1620 ira
462 1598 543 1628 atque
557 1594 745 1629 indignatione
761 1594 925 1622 furibundus
938 1602 1000 1621 cum

213 1645 274 1665 sese
289 1638 470 1672 proripttisset
494 1639 620 1670 antistes,
654 1647 780 1673 magnum
807 1640 882 1666 illum
912 1640 1000 1666 virum

213 1685 379 1719 aSSeqnitur,
397 1685 578 1719 gravissimas
589 1691 615 1712 et
637 1686 754 1713 maxime
769 1686 904 1713 terribiles
917 1694 1001 1721 quas-

213 1737 267 1765 qtte
285 1731 372 1758 minas
389 1731 541 1762 intentans,
562 1730 635 1764 quod
653 1735 680 1757 et
696 1731 728 1757 ad
750 1731 928 1765 magistratus
939 1739 1000 1758 cttnt

213 1775 367 1806 delaturus,
385 1779 412 1802 et
430 1783 510 1802 manu
521 1776 653 1802 adversus
668 1784 729 1802 eum
747 1784 859 1808 usurus,
875 1781 900 1803 et
918 1777 1001 1810 impc-

213 1821 454 1848 ratoriandaciam
479 1821 652 1848 indicaturus
673 1826 757 1852 esset,
775 1822 847 1856 qttod
872 1823 1000 1849 nimirum

214 1867 388 1894 Christianus
399 1871 426 1894 et
445 1867 499 1894 diis
511 1868 638 1895 inimicus
651 1869 781 1903 teutplunt
795 1868 900 1902 ingredi
917 1876 1002 1895 ausus

214 1916 287 1940 esset
307 1913 409 1947 :cujus
428 1913 568 1939 introitum
588 1917 713 1940 aversata
738 1918 810 1941 esset
827 1921 869 1946 ea,
891 1921 952 1948 quae
975 1913 1001 1940 itt

215 1958 302 1986 sacris
323 1962 484 1992 operaretur
498 1959 549 1988 vis,
569 1966 618 1985 nee.
641 1959 759 1993 amplius
782 1963 811 1985 ιιι
827 1963 1000 1990 eousnesset.

215 2003 242 2030 itt
261 2004 293 2031 iis
310 2004 376 2031 locis
389 2004 553 2031 vaticinandi
572 2004 726 2031 «huntonunt
747 2005 867 2031 eilieaeia
879 2013 1003 2032 versare-

215 2053 271 2076 tur.
306 2050 374 2076 Cum
405 2054 493 2076 autent
525 2049 570 2076 ille
602 2049 761 2077 effrenatam
792 2054 818 2076 et
848 2051 1001 2085 imperitam

215 2097 346 2124 antistitis
357 2095 613 2123 excandescentiam
625 2096 832 2122 animoexcelso
840 2096 1001 2130 sprevisset,

214 2147 242 2169 et
258 2147 354 2169 contra
369 2149 464 2169 omnes
481 2141 570 2168 minas
583 2142 636 2168 veri
654 2141 698 2168 Dei
711 2141 844 2168 auxilium
857 2141 1001 2175 ohjieerct,

215 2193 247 2212 ac
261 2185 372 2216 diceret.
392 2185 465 2220 quod
483 2190 588 2212 tantum
607 2185 711 2212 tidueize
730 2185 843 2212 haberet
859 2186 884 2212 in
901 2186 1000 2212 virtute
1017 2183 1039 2212 D

216 2234 298 2265 atquc
321 2231 442 2264 putentia
461 2231 502 2258 sui
524 2230 745 2265 propugnatoris,
759 2235 787 2257 ut
806 2238 854 2265 pro
867 2230 1001 2257 arbitratu

215 2283 264 2303 eos
286 2279 314 2302 et
330 2275 437 2310 abigere
455 2280 547 2310 posset
563 2276 747 2311 undecunque
766 2277 857 2307 vellet,
873 2281 900 2304 et
918 2276 1003 2303 intro-

217 2321 319 2348 ducere
343 2321 369 2348 in
392 2314 564 2356 qttmcunqtte
582 2322 640 2348 loca
658 2322 709 2348 sibi
729 2322 877 2355 videretur,
894 2330 1003 2349 earum-

216 2375 270 2401 que
282 2375 384 2397 rerum,
396 2374 456 2401 qua:
466 2366 582 2397 diceret.
597 2366 846 2395 demonstrationes
859 2376 888 2395 se
898 2373 1002 2396 extem-

217 2413 262 2448 plo
283 2412 338 2447 jam
358 2412 537 2446 praebiturum
563 2420 624 2439 esse
647 2413 824 2447 polliceretur
842 2423 850 2441 :
872 2414 1003 2449 obstupe-

218 2458 308 2486 factus
330 2458 446 2485 antistcs
464 2462 490 2485 et
510 2457 661 2484 admiratus
687 2459 904 2493 magnitudinem
927 2465 1003 2495 pote-

218 2504 310 2536 statis,
332 2504 488 2538 postulasse
503 2503 614 2534 dicitur.
633 2508 663 2530 ut
678 2505 712 2531 ab
729 2504 772 2531 his
791 2505 858 2539 ipsis
873 2506 1002 2533 virtutem

217 2549 378 2578 ostendendi
411 2549 517 2576 initium
540 2549 651 2579 faceret.
672 2549 836 2577 etinvitaret
863 2558 959 2578 rursus
976 2556 1003 2578 et

218 2596 407 2623 introduceret
420 2595 447 2622 in
460 2595 590 2630 templum
612 2595 746 2622 dtBanIlla
761 2604 767 2622 :
781 2596 882 2629 quibus
900 2597 1001 2624 auditis

1011 836 1032 864 Β

1081 633 1220 660 ’Υπελθὼν
1235 634 1263 661 δὲ
1279 634 1310 660 τὺ
1328 634 1399 670 ίερὺν
1417 634 1486 670 μετὰ
1502 634 1556 661 τῶν
1574 634 1622 661 σὺν
1640 632 1728 668 αὐτῷ,
1741 633 1776 659 τὰ
1797 633 1844 667 μὲν

1044 679 1169 714 δαιμόνια
1189 679 1359 714 παραχρῆμα
1375 681 1407 715 τῇ
1431 679 1573 715 ἐπικλήσει
1586 679 1634 706 τοῦ
1648 679 1784 714 ὀνόματος
1799 676 1844 704 τοῖν

1046 725 1164 760 Χριστοῦ
1178 726 1374 761 κατεπτόησεψ
1391 725 1431 759 τῷ
1449 726 1477 752 δὲ
1498 725 1575 761 τύπῳ
1592 725 1640 751 τοῦ
1660 725 1783 760 σταυροῦ
1800 725 1844 750 τὸν

1048 770 1252 805 μεμολυσμένον
1277 773 1338 803 ταῖς
1361 772 1486 803 κνίσσαις
1511 771 1579 806 ἀέρα
1601 770 1789 804 καθαγνίσας,
1807 770 1844 796 δι-

1047 816 1159 851 ήγαγεν,
1177 816 1248 842 κατά
1265 816 1296 842 τὸ
1316 816 1431 852 σύνηθες
1445 816 1530 851 αὐτῷ,
1543 816 1592 850 τὴν
1607 815 1694 842 νύκτα
1710 816 1805 842 πᾶσαν
1818 816 1845 841 ἐν

1049 863 1212 898 προσευχαῖς
1229 871 1257 888 τε
1279 862 1326 888 καὶ
1348 862 1494 897 ὑμνῳδίαις
1517 862 1748 896 διαγρυπνήσας,
1774 860 1844 886 ὥστε

1050 908 1306 943 μετασκευασθῆναι
1325 909 1364 940 εἰς
1388 908 1543 944 προσευχῆς
1560 906 1649 939 οἷκον,
1665 907 1712 933 τὸν
1735 905 1845 932 ἐϐδελυ-

1048 952 1148 987 γμένον
1165 953 1203 988 τῷ
1227 961 1255 979 τε
1278 953 1420 988 ἐπιϐωμίῳ
1439 953 1529 988 λύθρῳ
1545 953 1592 979 καὶ
1612 953 1669 984 τοῖς
1687 951 1847 986 ἀφιδρύμα-

1050 1005 1101 1024 σιν.
1125 997 1224 1024 Τοῦτον
1244 998 1271 1024 δὲ
1293 999 1337 1024 τὸν
1356 998 1456 1033 τρόπον
1474 998 1523 1032 τῆς
1543 998 1640 1029 νυκτός
1660 997 1738 1032 αὐτῷ
1754 997 1847 1023 διανυ-

1050 1043 1170 1079 σθείσης,
1195 1044 1283 1078 εἴχετο
1306 1044 1386 1070 πάλιν
1406 1044 1475 1071 κατά
1490 1045 1535 1070 τὸν
1558 1044 1656 1080 ὄρθρον
1678 1044 1731 1078 τῆς
1752 1043 1801 1069 ἐπὶ
1818 1042 1847 1068 τὺ

1051 1090 1144 1125 πρόσω
1163 1090 1284 1126 πορείας.
1301 1091 1354 1118 Τοῦ
1379 1091 1407 1118 δὲ
1430 1091 1566 1126 νεωκόρου
1590 1091 1662 1117 κατὰ
1685 1090 1732 1116 τὸν
1748 1089 1847 1125 ὄρθρον

1050 1136 1099 1170 τὴν
1111 1135 1212 1171 συνήθη
1227 1137 1410 1171 προσάγοντος
1424 1136 1570 1172 θεραπείαν
1586 1137 1641 1168 τοῖς
1655 1135 1797 1169 δαίμοσιν,
1815 1135 1847 1160 εἰ·

1051 1183 1110 1207 πεῖν
1123 1182 1288 1216 ἐπιφανέντα
1302 1183 1383 1216 φασὶν
1397 1182 1471 1216 αὐτῷ
1485 1182 1520 1209 τὰ
1531 1182 1667 1217 δαιμόνια,
1682 1181 1788 1208 ἄϐατον
1802 1181 1846 1206 αὺ-

1050 1229 1105 1258 τοῖς
1120 1228 1150 1253 τὸ
1167 1228 1239 1262 ἱερὸν
1255 1227 1324 1254 εἶναι
1335 1250 1341 1261 ,
1356 1229 1398 1255 διὰ
1419 1229 1463 1254 τὸν
1481 1229 1509 1255 ἐν
1533 1228 1607 1263 αὺτῴ
1625 1227 1845 1262 καταμείναντα.⁸

1051 1274 1096 1300 τὸν
1112 1274 1139 1300 δὲ
1156 1275 1313 1310 καθαρσίοις
1331 1275 1386 1301 τισὶ
1399 1275 1444 1301 καὶ
1463 1275 1567 1306 θυσίαις
1584 1274 1728 1309 χρώμενον
1742 1274 1845 1307 ἐπιχει-

1052 1321 1108 1354 ρεῖν
1120 1319 1163 1345 διὰ
1178 1320 1279 1346 τούτων
1291 1320 1370 1346 πάλιν
1385 1320 1528 1353 εἰσοικίσαι
1539 1319 1576 1354 τῷ
1589 1319 1646 1354 ναῷ
1658 1319 1693 1345 τὰ
1707 1319 1844 1353 δαιμόνςα·

1051 1364 1088 1395 ὡς
1109 1364 1137 1390 δὲ
1162 1365 1252 1390 πᾶσαν
1270 1365 1352 1390 αὐτοῦ
1372 1366 1469 1399 πεῖραν
1487 1364 1687 1399 προσάγοντος,
1704 1362 1845 1397 ἄπρακτος

1051 1409 1084 1446 ἦν
1103 1413 1119 1446 ἡ
1141 1412 1252 1447 σπουδὴ,
1272 1411 1391 1446 οὐδαμοῦ
1412 1411 1482 1438 κατὰ
1505 1411 1535 1437 τὸ
1557 1410 1670 1445 σύνηθες
1693 1409 1846 1436 {mam-with

1052 1465 1105 1482 των
1122 1456 1204 1482 αὑτοῦ
1225 1457 1278 1483 τῶν
1299 1457 1432 1491 δαιμόνων
1448 1458 1480 1491 τῇ
1500 1456 1658 1491 ὲπικλήσει“
1680 1455 1743 1481 τότε
1769 1454 1845 1488 θυμῷ

1053 1504 1099 1530 καὶ
1121 1505 1189 1539 ὀργῇ
1213 1505 1357 1536 διαναστὰς
1379 1504 1581 1539 καταλαμϐάνει
1598 1504 1644 1529 τὴν
1666 1503 1754 1537 μέγαν
1777 1503 1847 1528 ἐκεί-

1052 1560 1095 1577 νον
1112 1551 1126 1576 ὀ
1146 1551 1290 1586 νεωκόρος,
1311 1552 1401 1578 πάντα
1423 1550 1541 1577 ἀπειλῶν
1564 1551 1598 1577 τὰ
1617 1551 1777 1580 δεινότατα,
1801 1550 1846 1576 καὶ

1051 1598 1106 1628 τοῖς
1124 1597 1254 1632 ἄρχουσιν
1276 1598 1476 1632 εἰσαγγέλλειν,
1504 1598 1550 1624 καὶ
1577 1597 1650 1632 χειρὶ
1675 1597 1737 1623 κατ’
1762 1596 1846 1622 αὑτοῦ

1051 1643 1212 1679 κεχρῆσθαι,
1231 1643 1336 1678 βασιλεί
1351 1644 1535 1679 καταμηνύειν
1556 1644 1604 1679 τὴν
1619 1643 1733 1678 τόλμαν,
1755 1644 1797 1669 ὅτι
1814 1643 1846 1677 δὴ

1052 1688 1211 1722 Χριστιανὸς
1225 1688 1262 1714 ὢν
1274 1689 1321 1714 καὶ
1334 1689 1404 1720 Θεοῖς
1418 1689 1523 1724 ἐχθρὸς,
1538 1689 1688 1724 ἐτόλμησεν
1705 1689 1782 1720 ἐντὸς
1792 1688 1846 1714 τῶν

1052 1734 1209 1769 ἀνακτόρων
1230 1735 1374 1768 γενέσθαιο
1396 1732 1427 1762 οὗ
1453 1735 1500 1770 τὴν
1524 1735 1625 1762 εἴσοδον
1651 1735 1847 1770 ἀπεστράφθαι

1051 1781 1100 1814 τὴν
1120 1781 1148 1806 ὲν
1170 1783 1226 1812 τοῖς
1249 1782 1331 1816 ἱεροῖς
1352 1783 1514 1817 ἐνεργοῦσαν
1533 1781 1658 1816 δύναμιν,
1680 1781 1727 1807 καὶ
1747 1781 1847 1816 μηκέτι

1052 1826 1245 1861 ἐπιχωριάζειν
1264 1828 1319 1858 τοῖς
1337 1828 1430 1859 τόποις
1448 1828 1517 1855 κατὰ
1533 1828 1564 1854 τὸ
1580 1827 1695 1863 σύνηθες
1712 1826 1763 1862 τὴν
1780 1835 1848 1861 μαν-

1052 1872 1130 1906 τικὴν
1147 1872 1201 1898 τῶν
1220 1873 1355 1908 δαιμόνων
1371 1874 1519 1908 ἐνέργειαν.
1541 1873 1594 1899 Τοῦ
1610 1873 1637 1899 δὲ
1657 1873 1704 1899 τὸν
1722 1873 1846 1908 προπετῆ

1054 1918 1100 1944 καὶ
1121 1918 1282 1944 ἀπαίδευτον
1301 1918 1348 1945 τοῦ
1366 1919 1500 1954 νεωκόρου
1524 1919 1608 1954 θυμὸν
1632 1920 1661 1945 ὲν
1684 1919 1846 1953 ὑπερέχοντι

1054 1964 1207 1998 φρονήματι
1226 1964 1450 1997 καταϐάλλοντος,
1479 1965 1527 1991 καὶ
1550 1965 1597 1991 τοῦ
1623 1964 1754 1999 ἀληθινοῦ
1779 1963 1847 1990 Θεοῦ

1052 2008 1102 2042 τὴν
1122 2009 1280 2043 συμμαχίαν
1297 2010 1398 2042 πάσαις
1414 2010 1679 2045 ἀντιπροὸαλομένου
1692 2011 1755 2042 ταῖς
1769 2011 1849 2036 ἀπει-

1054 2053 1124 2085 λαῖς,
1141 2054 1188 2079 καὶ
1207 2053 1331 2086 λέγοντος
1347 2054 1473 2081 τοσοῦτον
1494 2055 1653 2081 πεποιθέναι
1676 2057 1711 2090 τῇ
1732 2055 1847 2089 δυνάμει

1053 2099 1099 2125 τοῦ
1122 2098 1346 2135 ὑπερμαχοῦντος
1360 2100 1453 2134 αὐτοῦ,
1469 2101 1539 2127 ὣστε
1559 2103 1619 2128 κατ’
1635 2102 1763 2135 ἐξουσίαν
1777 2102 1848 2136 ἔχειν

1055 2143 1216 2171 ἀπελαύνειν
1230 2153 1259 2170 τε
1276 2145 1384 2176 αὐτοὺς,
1398 2145 1458 2172 ὅθεν
1474 2146 1506 2172 ἂν
1525 2145 1665 2180 βούληται,
1680 2147 1727 2173 καὶ
1741 2147 1848 2172 εἰσοικέ-

1054 2191 1108 2222 ζειν
1133 2188 1173 2222 οἷς
1200 2191 1232 2218 ἂν
1253 2192 1330 2227 ἐθέλῃ
1356 2193 1463 2225 τόποις,
1487 2193 1534 2219 καὶ
1559 2193 1608 2224 τὰς
1634 2192 1790 2225 ἀποδείξεις
1813 2190 1847 2218 ὧν

1054 2236 1145 2270 ἔλεγεν
1171 2237 1221 2273 ἤδη
1250 2238 1378 2272 παρέξειν
1405 2238 1639 2273 ὑπισχνουμένου,
1667 2239 1847 2273 θαυμάσαντα

1054 2282 1099 2308 τὸν
1127 2282 1276 2317 νεωκόρον,
1302 2283 1349 2309 καὶ
1376 2284 1586 2316 καταπλαγέντα
1612 2284 1642 2310 τὸ
1665 2284 1785 2319 μέγεθος
1801 2284 1847 2318 τῆς

1056 2323 1241 2357 ἐξουσίας,ἀπ’
1250 2327 1338 2354 αὐτῶν
1351 2327 1450 2354 τούτων
1464 2328 1548 2360 δεῖξαι
1563 2329 1612 2364 τὴν
1623 2329 1752 2364 δύναμιν,
1768 2338 1847 2364 προς-

1056 2371 1237 2404 καλέσασοαι,
1261 2373 1309 2399 καὶ
1333 2374 1413 2400 πάλιν
1429 2374 1504 2405 ἐντὸς
1519 2374 1632 2408 ποιῆσαι
1657 2367 1708 2402 τοῦ
1729 2375 1803 2410 ἱεροῦ
1817 2377 1846 2402 ti

1057 2417 1191 2452 δαιμόνια.
1218 2419 1384 2446 Ἀκούσαντα
1403 2420 1431 2446 δὲ
1447 2420 1527 2447 τοῦτο
1547 2421 1592 2447 τὸν
1608 2421 1713 2456 μέγαν,
1730 2423 1847 2458 ἀπορρῆ-

1058 2462 1101 2494 ξαί
1115 2472 1141 2489 τι
1154 2464 1200 2490 τοῦ
1218 2464 1320 2499 βιϐλίου
1332 2467 1429 2501 τμῆμα
1443 2466 1540 2502 βραχὺ,
1556 2467 1601 2493 καὶ
1611 2467 1705 2494 δοῦναι
1721 2468 1801 2495 τοῦτο
1814 2468 1847 2503 τῷ

1056 2510 1198 2545 νεωκόρῳ,
1227 2513 1430 2546 προστακτικήν
1448 2521 1508 2538 τινα
1524 2513 1615 2548 φωνὴν
1636 2513 1707 2540 κατὰ
1723 2514 1779 2540 τῶν
1795 2513 1846 2540 δαι-

1058 2555 1146 2589 μόνων
1158 2557 1327 2591 χαράξαντα·
1341 2555 1374 2592 ἦν
1387 2558 1415 2584 δὲ
1432 2558 1464 2584 τὰ
1476 2559 1628 2592 γράμματα
1644 2560 1689 2585 ἐπ’
1702 2560 1791 2594 αὐτῆς
1803 2560 1847 2593 τῆς

1055 2600 1152 2632 λέξεως
1162 2601 1257 2628 ταῦτα·
1266 2603 1454 2630 ΓΙἮΓΟΡΙΟΣ
1461 2603 1515 2630 ΤΩι
1524 2604 1685 2634 ΣΑΤΑΝΛι.
1694 2604 1845 2632 ΕΙΣΕΛΘΕ.

218 2647 334 2676 magnus
354 2640 398 2667 ille
428 2640 470 2667 vir
491 2640 642 2667 abscidisse
665 2639 793 2674 exiguum
815 2641 950 2674 quoddam
982 2641 1100 2671 frustum
1125 2645 1158 2673 de
1183 2647 1278 2674 codice
1321 2647 1434 2680 dicitur,
1457 2649 1538 2683 idque
1553 2657 1615 2676 cum
1641 2650 1668 2676 in
1693 2658 1728 2677 eo
1759 2643 1846 2677 vocem

217 2687 364 2721 quamdam
378 2686 578 2722 imperatrieem
593 2686 726 2713 adversus
763 2687 898 2714 daunones
931 2695 1083 2724 exarasset,
1119 2694 1237 2721 antistiti
1263 2695 1374 2725 dedisse

220 2734 374 2761 litterarum
391 2734 448 2760 haec
471 2743 476 2759 :
492 2732 693 2760 Glti‘ZGDRllJS
709 2732 867 2763 SATAN/E.
888 2734 1005 2762 INTRA.

255 2781 343 2815 Atque
356 2781 426 2808 hanc
442 2779 600 2807 scltcdulant
615 2783 755 2814 acceptam
766 2780 868 2807 dicitur
887 2781 1002 2808 antistes

221 2825 384 2862 imposuisse
399 2826 488 2856 altari,
500 2825 600 2854 deinde
612 2834 673 2853 cum
684 2831 831 2854 consuetos
841 2826 880 2854 eis
893 2826 1002 2853 uideres

1399 2705 1406 2723 :
1433 2700 1512 2722 erant
1538 2700 1630 2723 autem
1662 2695 1724 2729 ipsa
1769 2697 1845 2722 verba

1094 2777 1214 2804 Λαϐόντα
1233 2777 1260 2804 δὲ
1284 2778 1330 2804 τὸν
1349 2779 1481 2814 νεωκόρον
1505 2777 1642 2804 ἀναθεῖναι
1659 2777 1700 2812 τῷ
1722 2777 1806 2813 βωμῷ
1821 2777 1847 2803 τὸ

1061 2823 1179 2858 βιϐλίον,
1204 2823 1262 2851 εἶτα
1296 2825 1504 2862 προσαγατόνῖα
1530 2824 1578 2857 τὰς
1608 2825 1737 2858 συνήθεις
1763 2824 1846 2855 αὑτοῖς
