1917 3079
80 109 134 136 917

573 109 615 136 DE
632 110 712 137 VITA
730 111 759 139 S.
779 111 942 139 GREGORII
964 112 1226 141 TllAUMATURGl.

1658 117 1710 145 9l8

79 166 196 197 κνίσσας
212 173 259 192 και
271 165 304 192 τὰ
320 165 462 201 μιάσματα
473 185 479 197 ,
495 165 574 192 πάλιν
590 166 652 192 ἰδεῖν
665 166 737 201 ἅπερ
754 165 827 201 ἐώρα
842 166 868 192 τὲ

923 172 951 194 ct
967 168 1142 202 impiamenta
1160 167 1314 200 obtulisset,
1342 169 1452 202 vidisse,
1472 178 1532 206 qua:
1550 171 1628 206 prius
1644 180 1709 199 con-

79 211 227 246 πρότερον,
243 211 307 245 πρὶν
324 210 505 245 ὲξοικισθῆναι
523 211 568 237 τοῦ
584 211 718 237 εἰδωλείου
733 212 796 243 τοὺς
815 211 873 238 δαί-

82 264 179 290 μονας.
203 255 312 282 Τούτων
328 256 356 282 δὲ
370 256 537 290 γεγονότων,
557 256 660 283 ἔννοιαν
681 257 762 284 αὐτὸν
783 257 873 284 λαὸεἳν

79 302 141 334 τοῦ,
161 302 235 329 θείαν
255 300 323 328 εἶναί
339 311 399 329 τινα
419 302 496 338 παρὰ
512 302 549 337 τῷ
570 303 711 338 Γρηγορίῳ
727 303 775 338 τὴν
792 303 873 330 δύνα-

83 357 141 383 μιν,
168 348 201 374 δι’
228 348 261 383 ἦς
290 348 376 383 ἐφάνη
397 348 450 375 τῶν
476 349 609 383 δαιμῆνων
634 350 871 384 ὲπικρατὲστερος·

79 394 271 421 καταλαϐόντα
287 394 314 420 δὲ
331 393 401 420 κατὰ
417 394 533 429 σπουδὴν
547 395 625 421 πάλιν
642 396 737 428 αὐτὸν,
760 397 824 431 πρὶν
843 397 872 424 ἐν

79 441 115 474 τῇ
143 440 219 466 πόλει
245 439 388 473 γενέσθαι,
408 440 503 474 μαθεῖν
526 440 625 475 ἠξίωσε
649 441 714 475 παρ’
736 442 818 468 αὐτοῦ
842 443 872 469 τὺ

81 487 243 521 μυστῆριον,
264 485 311 511 καὶ
330 485 370 516 τίς
388 487 402 512 ὁ
416 486 481 517 Θεὸς
497 486 599 517 ἐκεῖνος
615 488 629 512 ὁ
642 487 691 521 τὴν
707 487 760 513 τῶν
775 487 871 521 δαιμό-

80 541 137 559 νων
155 532 235 566 φύσιν
252 531 409 566 ύποχειρίαν
426 531 505 566 ἔχων.
524 532 653 564 Εἰπόντος
674 533 702 558 δὲ
724 533 757 559 δι’
774 533 871 566 ὀλίγων

79 577 130 604 τοῦ
148 577 265 612 μεγάλου
286 577 316 602 τὸ
332 577 379 611 τῆς
394 576 534 608 εὐσεϐείας
552 578 715 612 μυστήριον,
734 578 830 605 παθεῖν
844 588 870 605 τι

76 623 127 649 τὴν
143 624 276 659 νεωκόρον
289 621 344 650 οἷον
358 623 432 655 εἰκὸς
445 623 490 650 τὸν
505 623 559 649 τῶν
576 623 655 650 θείων
670 624 792 659 ἀμύητον
803 632 810 640 ⁸
824 626 871 652 καὶ

79 670 244 705 μικρότερον
266 669 390 703 οἰηθῆναι
409 669 458 704 τῆς
478 670 542 706 περὶ
557 669 623 696 Θεοῦ
646 670 822 705 ὑπολήψεως,
840 672 870 696 τὸ

77 714 225 749 πεισθῆναι
244 714 288 740 διὰ
305 714 406 749 σαρκὸς
427 713 576 748 πεφηνέναι
597 715 652 745 τοῖς
668 714 822 749 ἀνθρώποις
840 714 870 740 τὸ

77 760 173 786 Θεῖον·
198 760 244 786 τοῦ
262 760 289 786 δὲ
311 760 348 794 μὴ
374 759 462 793 λόγοις
482 760 603 791 εἰπόντος
622 760 670 795 τὴν
696 761 759 795 περὶ
775 761 868 787 τούτου

77 806 172 833 πίστιν
188 805 377 842 κρατύνεσθαι,
394 807 449 837 τοῖς
462 806 489 832 δὲ
506 807 559 832 τῶν
580 806 728 840 γινομένων
748 806 867 841 θαύμασι

925 211 1032 246 spicere
1059 213 1169 245 soleret,
1201 217 1348 248 antequam
1380 213 1518 242 datntones
1540 224 1574 243 ex
1594 216 1709 243 delubro

924 257 1003 292 ejecti
1017 262 1120 286 essent.
1139 258 1245 290 Quibus
1264 259 1345 286 rebus
1367 260 1496 294 peractis,
1511 268 1572 287 eum
1590 261 1709 296 ccepisse

924 304 1056 338 cogitare,
1089 304 1162 338 quod
1184 304 1277 331 divina
1311 305 1436 338 quaedam
1458 306 1544 334 virtus
1575 306 1708 341 Gregorio

924 348 1044 379 adesset,
1060 357 1107 383 per
1124 356 1204 383 quam
1220 349 1391 376 daemonibus
1409 350 1523 377 validior
1537 351 1614 378 visus
1624 357 1705 378 esset.

923 393 991 420 Cum
1018 399 1107 421 autem
1145 402 1240 421 rursus
1273 403 1334 422 eum
1364 394 1516 422 festinando
1540 401 1707 424 consecutus

923 443 1008 471 esset,
1030 439 1187 474 priusquam
1216 439 1384 474 pervenisset
1415 440 1442 467 in
1471 440 1578 472 urbem,
1602 442 1707 476 rogavit

923 493 984 512 eum
1013 490 1041 512 ιιι
1065 486 1115 513 sibi
1136 487 1295 521 mysterium
1312 487 1345 513 ab
1360 487 1417 521 ipso
1433 487 1539 513 discere
1558 487 1662 518 liceret,
1679 491 1706 514 ct

922 530 1048 565 quisnam
1072 535 1145 558 esset
1167 531 1213 558 ille
1236 531 1318 563 Deus,
1339 532 1386 566 qui
1404 537 1528 558 naturam
1552 531 1704 559 daemonum

922 577 1066 603 obnoxiam
1098 577 1218 604 haberet.
1243 577 1310 604 Cum
1341 581 1431 604 autem
1461 585 1576 613 magnus
1599 578 1646 605 ille
1665 578 1706 604 vir

922 623 1017 657 paucis
1047 623 1207 657 mysterium
1235 623 1346 657 pietatis
1364 623 1549 658 exposuisset,
1572 623 1706 651 accidisse

920 669 1050 702 quiddam
1077 669 1178 695 dicitur
1207 670 1321 696 antistiti
1344 670 1423 704 quale
1440 677 1488 704 par
1506 674 1565 696 erat
1581 670 1706 697 aeciderc

920 714 957 745 ei,
981 715 1027 749 qui
1049 714 1075 740 in
1098 715 1180 742 rebus
1210 715 1311 742 divinis
1329 724 1383 742 non
1410 720 1483 743 esset
1508 716 1653 743 initiatus:
1673 723 1705 742 ac

920 760 1001 787 vilius
1015 768 1076 788 esse
1087 765 1206 794 putasse,
1223 768 1303 796 quam
1320 761 1354 789 de
1366 761 1420 788 Deo
1437 762 1587 789 existimari
1604 769 1704 789 conve—

920 806 1006 838 niret,
1028 807 1139 833 credere
1166 806 1237 841 quod
1260 814 1359 833 numen
1386 806 1508 833 divinum
1528 814 1576 841 per
1593 814 1704 833 carnem

77 851 110 878 τὸ
131 852 226 878 πιστὸν
243 852 323 887 ἔχειν,
339 852 454 886 ζητῆσαι
476 851 515 877 ἔτι
530 853 594 886 παρ’
610 852 690 878 αὑτοῦ
711 852 802 887 θαῦμα
823 853 868 879 τὸν

921 851 1078 879 hominibus
1090 852 1278 887 apparuisset;
1291 859 1407 887 cumque
1419 852 1463 879 ille
1474 857 1568 879 contra
1577 851 1702 883 dixisset,

79 899 214 933 νεωκόρον
230 898 302 927 ἰδεῖν.
318 898 355 929 ὡς
370 896 419 924 εἷθ’
441 898 527 929 οὕτως
550 898 736 933 προσαχθῆναι
758 898 801 924 διὰ
822 899 868 926 τοῦ

77 943 223 978 γινομένου
236 943 302 977 πρὸς
316 943 364 978 τὴν
374 943 422 976 τῆς
435 943 550 974 πίστεως
563 943 767 976 συγκατάθεσιν.
786 944 868 970 Ἔνθα

76 989 111 1024 δὴ
134 990 164 1016 τὸ
181 990 289 1016 πάντων
310 990 487 1015 ἀπιστότατον
511 989 619 1023 λέγεται
643 990 821 1023 πεποιηκέναι
838 990 868 1015 τὸ

79 1033 154 1068 μέγα
175 1033 267 1068 θαῦμα
286 1034 330 1060 τὸν
355 1034 441 1069 μέγαν
458 1034 570 1060 ἐκεῖνον.
593 1033 799 1068 Ἐπιζητοῦντος
815 1035 868 1068 γὰρ

76 1079 126 1105 τοῦ
152 1079 287 1114 νεωκόρου
312 1078 384 1105 λίθον
403 1078 464 1105 τινὰ
481 1079 536 1105 τῶν
559 1079 715 1113 εὐμεγεθῶν
735 1079 789 1106 τῶν
809 1081 868 1106 κατ’

76 1125 235 1159 ὀφθαλμοὺς
250 1123 322 1159 αὐτῷ
338 1124 572 1160 προφαινομένων,
586 1125 647 1159 δίχα
660 1125 749 1160 χειρὸς
764 1125 868 1160 ἀνθρω-

77 1171 161 1206 πίνης
178 1170 331 1205 κινηθῆναι,
346 1170 389 1197 διὰ
403 1171 430 1196 δὲ
449 1170 531 1206 μόνης
547 1171 597 1206 τῆς
620 1171 690 1197 κατὰ
708 1171 755 1206 τὴν
778 1171 868 1198 πίστιν

77 1217 230 1252 δυνάμεως,
250 1217 440 1252 προστάγματι
461 1217 507 1243 τοῦ
524 1217 674 1252 Γρηγορίου
691 1217 758 1252 πρὸς
774 1218 868 1252 ἕτερον

79 1262 261 1297 μετατεθῆναι
275 1262 377 1298 χᾶ·ρον“
397 1263 479 1297 μηδὲν
494 1262 709 1296 ἀναϐαλλόμενον
722 1263 766 1288 τὸν
782 1262 868 1296 μέγαν

77 1309 193 1339 ἐκεῖνον,
214 1308 292 1339 εὐθὺς
308 1307 457 1343 προστάξαι
479 1308 604 1342 καθάπερ
620 1307 734 1342 ἐμψύχῳ
752 1308 789 1342 τῷ
803 1307 868 1343 λίθῳ

80 1354 230 1390 μεταϐῆναι
252 1354 320 1389 πρὸς
335 1354 436 1380 ἐκεῖνον
460 1354 504 1380 τὸν
527 1354 621 1385 τόπον,
648 1354 677 1379 ὃν
701 1356 716 1381 ὁ
735 1354 867 1389 νεωκόρος

78 1399 229 1431 ὑπέδειξεν.
245 1399 345 1425 Τούτου
359 1399 386 1425 δὲ
403 1399 559 1434 γενομένου,
576 1399 745 1435 παραχρῆμα
761 1399 868 1426 πιστεῦ-

79 1454 125 1471 σαι
146 1445 184 1480 τῷ
206 1445 277 1480 λόγῳ
303 1446 347 1471 τὸν
371 1445 470 1480 ἄνδρα·
497 1446 543 1472 καὶ
566 1446 654 1472 πάντα
675 1445 866 1478 καταλιπόντα,

921 897 994 931 quod
1013 905 1065 924 non
1083 897 1174 925 verbis
1192 905 1223 925 ac
1235 898 1389 925 rationibus
1402 897 1484 931 hujus
1503 897 1541 924 rei
1558 897 1623 923 ﬁdes
1642 903 1704 923 cou-

921 942 1085 973 lirmarctur,
1098 943 1144 970 sed
1164 951 1196 970 ex
1214 943 1295 971 rebus
1315 944 1498 976 mirabilibus,
1520 951 1580 978 qua:
1595 943 1702 974 tierent,

919 989 972 1015 vim
985 989 1045 1016 ﬁdei
1059 989 1188 1016 faciendae
1205 990 1364 1024 mysterium
1381 990 1492 1017 haberet
1511 999 1517 1016 :
1538 989 1652 1016 antistes
1669 989 1704 1016 ab

919 1042 952 1062 eo
969 1035 1081 1069 petiisse
1107 1034 1203 1068 fertur,
1231 1039 1259 1061 ut
1283 1035 1334 1062 sibi
1361 1036 1455 1062 liceret.
1478 1035 1587 1070 aliquod
1616 1035 1649 1062 ab
1671 1043 1704 1062 eo

920 1080 1081 1107 miraculum
1098 1081 1201 1111 videre,
1217 1085 1247 1107 ut
1264 1088 1293 1108 re
1307 1081 1364 1116 ipsa
1381 1089 1441 1115 quae
1457 1081 1543 1112 ﬁeret,
1559 1081 1591 1107 ad
1610 1089 1704 1108 assen-

919 1126 1024 1153 sionem
1049 1131 1075 1153 et
1098 1126 1324 1161 approbationem
1350 1127 1410 1153 fidei
1445 1126 1638 1154 adduceretur.
1664 1126 1704 1154 lbi

921 1178 984 1197 vero
1004 1171 1042 1203 id,
1060 1171 1130 1205 quod
1154 1171 1276 1201 omnium
1297 1171 1416 1198 maxime
1439 1171 1513 1199 dictu
1544 1171 1704 1199 incredibile

918 1219 970 1246 est,
987 1223 1113 1250 magnum
1134 1216 1200 1243 illud
1217 1217 1315 1244 fecisse
1335 1224 1452 1251 magnus
1473 1216 1519 1245 ille
1533 1217 1634 1245 dicitur
1654 1217 1705 1244 tui-

918 1262 1054 1288 raculum.
1073 1262 1139 1289 Cum
1160 1262 1231 1290 enim
1245 1263 1397 1297 postularet
1418 1263 1544 1295 antistes,
1562 1267 1590 1290 ut
1606 1271 1703 1291 saxum

918 1307 1053 1342 quoddam
1078 1308 1185 1342 ingens,
1211 1308 1284 1342 quod
1317 1309 1404 1336 oculis
1429 1316 1523 1336 eorum
1549 1308 1703 1343 subjectum

918 1354 1130 1388 prospiceretur,
1156 1358 1182 1381 et
1208 1362 1262 1381 non
1289 1358 1455 1386 moveretur,
1488 1354 1592 1389 absque
1621 1362 1703 1381 manu

919 1399 1038 1425 humana
1059 1402 1226 1430 moveretur,
1253 1407 1285 1426 ac
1313 1407 1360 1434 per
1373 1400 1458 1427 solam
1479 1400 1538 1426 lidei
1561 1400 1701 1430 virtutem,

915 1444 993 1480 jussu
1023 1444 1146 1480 Gregorii
1175 1445 1208 1471 ad
1231 1445 1345 1472 alterum
1373 1445 1461 1472 locum
1486 1445 1701 1473 transferretur:

77 1491 164 1525 γένος.
190 1491 287 1522 οὶκίαν,
304 1491 425 1526 γαμετὴν
437 1512 443 1523 ,
463 1491 570 1522 παῖδας,
589 1491 690 1525 φίλους,
706 1491 864 1526 ἱερωσύνην,

920 1492 993 1518 nulla
1019 1492 1161 1525 iuterjccta
1193 1499 1268 1518 mora
1297 1499 1412 1526 magnus
1437 1492 1481 1518 ille
1504 1492 1596 1519 statim
1617 1492 1703 1526 impe-

78 1538 183 1570 ὲστίαν,
203 1539 338 1572 κτήματα,
356 1538 415 1564 ἀντὶ
433 1538 540 1564 πάντων
555 1538 608 1564 τῶν
623 1538 777 1572 προσόντων
793 1537 867 1572 αὐτῷ

78 1584 262 1618 ποιήσασθαι,
277 1584 323 1610 τοῦ
341 1585 456 1610 συνεῖναι
475 1584 512 1619 τῷ
536 1584 661 1619 μεγάλῳ,
678 1584 724 1610 καὶ
747 1593 867 1619 συμμετ-

77 1629 152 1663 έχειν
165 1629 218 1655 τῶν
234 1630 322 1655 πόνων
339 1629 412 1664 αὑτῷ
431 1630 539 1663 καὶτῆς
554 1630 627 1660 θείας
643 1630 750 1664 ἐκείνης
763 1630 868 1664 φιλοσο-

78 1676 145 1708 φίας
167 1683 196 1701 τε
213 1675 259 1701 καὶ
278 1675 453 1706 παιδεύσεως.
475 1676 580 1709 Σιγάτω
601 1675 668 1710 πρὸς
688 1675 773 1701 ταῦτα
793 1676 866 1701 πᾶσα

77 1720 192 1756 τεχνικὴ
213 1721 264 1748 τῶν
285 1720 462 1755 λογογράφων
488 1721 612 1755 περίνοια
632 1721 680 1751 τὰς
704 1721 867 1755 ἐπαυξήσεις

77 1766 135 1793 τῶν
160 1765 304 1801 θυωμάτων
329 1766 372 1793 διά
397 1775 469 1798 τινος
493 1767 634 1801 ῥητορείας
659 1766 705 1792 ἐπὶ
724 1766 754 1792 τὸ
777 1765 867 1800 μεῖζον

78 1812 237 1847 ὲξαίρουσα.
252 1812 289 1838 Οὐ
305 1812 357 1847 γὰρ
377 1812 493 1838 τοιοῦτόν
510 1813 582 1838 ἐστιν
597 1813 624 1838 ἐν
640 1813 695 1843 τοῖς
713 1811 867 1846 εἰρημένοις

77 1857 111 1883 τὸ
134 1857 236 1892 θαῦμα,
254 1857 291 1890 ὡς
308 1859 340 1893 τῇ
359 1858 469 1892 δυνάμει
491 1857 537 1883 τοῦ
554 1857 678 1891 λέγοντος
702 1857 811 1884 ἔλαττον
835 1857 867 1884 ἂν

78 1903 97 1939 ἢ
116 1905 207 1938 μεῖζον
221 1903 317 1929 ἑαυτοῦ
330 1903 464 1938 γενέσθαι.
478 1903 510 1930 Τί
524 1904 577 1938 γάρ
591 1911 632 1934 τις
645 1904 729 1929 εἰπὼν
745 1903 820 1938 παρὰ
834 1903 868 1930 τὰ

79 1950 226 1985 εἰρημένα.
241 1950 399 1986 προσθήκην
415 1950 494 1976 δώσει
507 1948 546 1984 τῷ
563 1949 698 1983 θαύματι;
715 1949 777 1980 Πῶς
797 1949 819 1975 δ’
836 1949 868 1976 ἄν

77 2002 124 2024 τις
142 1993 301 2020 ἐλαττώσειε
318 1995 372 2025 τοῖς
391 1994 533 2020 ἀκούουσιν
554 1994 600 2020 ἐπὶ
619 1992 657 2028 τῷ
677 1994 799 2027 γεγονότι
819 1993 868 2029 τὴν

78 2038 228 2073 ἕκπλτ,ξιν;
243 2039 322 2070 Λίθος
335 2039 462 2074 ἀφίστησι
475 2039 528 2064 τῶν
538 2038 619 2065 λίθων
630 2039 690 2070 τοὺς
704 2038 868 2073 δεδουλωμέ-

79 2092 145 2114 νους
159 2085 215 2115 τοῖς
230 2083 324 2115 λίθοις,
340 2084 411 2115 λίθος
426 2083 513 2120 κῆρυξ
525 2084 574 2118 τῆς
591 2083 664 2115 θείας
680 2084 806 2116 πίστεως,
822 2084 868 2110 καὶ

79 2129 179 2164 ὀδηγὺς
194 2131 249 2161 τοῖς
266 2130 391 2161 ἀπίστοις
409 2131 447 2161 εἰς
464 2130 597 2165 σωτηρίαν
612 2129 724 2164 γίνεται,
740 2130 770 2156 οὐ
792 2131 866 2164 φωνῇ

919 1545 996 1564 rasse
1016 1537 1118 1564 dicitur
1142 1545 1207 1564 saxo
1235 1542 1362 1572 tauquam
1379 1537 1510 1571 animato,
1533 1541 1561 1564 ut
1574 1538 1703 1565 transiret

918 1583 951 1610 ad
984 1583 1059 1609 illum
1083 1583 1185 1615 locum,
1216 1591 1295 1618 quem
1324 1583 1506 1618 designasset,
1538 1591 1593 1618 quo
1621 1583 1702 1616 facto,

918 1629 1054 1662 extemplo
1072 1628 1223 1656 credidisse
1243 1629 1362 1656 sermoni
1391 1629 1495 1656 dicitur
1517 1629 1648 1661 antistes,
1671 1637 1703 1656 ac

918 1674 1022 1701 relictis
1041 1674 1181 1706 omnibus,
1199 1675 1372 1709 cognatione,
1391 1675 1503 1708 familia,
1522 1683 1618 1706 uxore.
1636 1675 1704 1703 libe-

919 1720 968 1749 ris,
986 1719 1093 1750 amicis.
1112 1719 1277 1752 sacerdotio,
1296 1719 1370 1752 sede,
1388 1721 1624 1755 possessionibus,
1641 1721 1703 1748 loco

918 1765 1039 1792 omnium
1054 1766 1199 1798 bonorum,
1220 1767 1320 1802 quibus
1345 1767 1510 1799 abundaret,
1533 1767 1655 1800 duxisse,
1679 1767 1702 1795 si

919 1811 1008 1845 magni
1026 1811 1098 1838 illius
1113 1811 1313 1839 consuetudine
1330 1811 1395 1844 frui,
1413 1815 1440 1839 ct
1458 1812 1581 1839 laborum
1595 1812 1704 1839 divinae-

918 1864 970 1890 que
987 1856 1060 1884 illius
1080 1857 1261 1892 pbilosopbize
1277 1861 1359 1892 atque
1380 1858 1543 1885 eruditionis
1565 1865 1617 1884 una
1641 1865 1703 1885 cum

919 1902 965 1928 illo
981 1903 1106 1937 participi
1125 1903 1176 1930 sibi
1192 1911 1253 1930 esse
1270 1903 1372 1930 liceret.
1393 1902 1478 1930 Sileat
1495 1903 1528 1930 ad
1546 1905 1601 1930 haec
1614 1903 1704 1930 omnis

919 1946 1065 1974 artiﬁciosa
1091 1947 1256 1982 scriptorum
1280 1947 1411 1979 inventio,
1432 1956 1475 1975 res
1499 1948 1603 1982 amplas
1623 1951 1705 1981 atque

919 1994 1065 2027 praeclaras
1088 1997 1146 2021 arte
1166 1994 1283 2028 quadam
1310 1993 1416 2021 dicendi
1436 1993 1571 2028 augendo,
1593 1992 1705 2027 amplili-

919 2038 1008 2064 cando
1021 2043 1101 2072 atque
1123 2039 1313 2073 exaggerando
1333 2039 1358 2066 in
1378 2039 1467 2073 majus
1482 2039 1627 2065 extollens.
1644 2038 1704 2065 Non

919 2083 990 2110 enim
1007 2084 1140 2118 ejusmodi
1162 2085 1325 2110 miraculqu
1347 2089 1389 2111 est
1402 2085 1428 2110 iu
1451 2084 1495 2116 iis,
1507 2091 1567 2118 quae
1583 2091 1705 2110 comme-

920 2135 1022 2156 morata
1033 2136 1108 2162 sunt,
1124 2130 1194 2164 quod
1209 2131 1232 2156 vi
1243 2139 1274 2157 ac
1289 2131 1417 2157 facultate
1429 2129 1544 2157 dicentis
1561 2129 1601 2156 vel
1615 2129 1704 2163 majus

77 2184 134 2201 ’τινι
149 2176 196 2202 καὶ
210 2175 280 2210 λόγῳ
297 2176 344 2211 τὴν
363 2176 435 2202 θείαν
457 2175 569 2210 δύναμιν
586 2176 792 2211 ἁνακηρύσσων,
809 2175 866 2202 ἀλλ’

920 2175 960 2200 vel
979 2175 1068 2201 minus
1084 2174 1140 2201 lieri
1160 2174 1258 2208 possit,
1270 2182 1351 2209 quam
1365 2182 1393 2201 re
1405 2175 1464 2208 ipsa
1480 2180 1530 2201 est.
1546 2174 1615 2206 Quid
1631 2174 1703 2200 enim

77 2218 121 2252 οἷς
138 2221 225 2247 ἐποίει
242 2221 347 2252 δεικνὺς
362 2221 406 2246 τὸν
427 2220 492 2247 Θεὸν
511 2221 562 2247 ὑπὸ
576 2221 622 2247 τοῦ
640 2221 788 2256 Γρηγορίου
804 2229 868 2247 κατ-

78 2266 295 2302 αγγελλόμενον·
311 2263 333 2300 ᾧ
348 2268 420 2293 πᾶσα
436 2266 505 2293 κατὰ
519 2267 549 2292 τὸ
566 2267 695 2302 ὁμότιμον
716 2266 869 2301 ὑποχείριος

77 2313 206 2339 πείθεται
223 2312 322 2344 κτίσις,
339 2313 388 2347 οὺχ
403 2313 463 2339 ὅσον
478 2311 634 2347 αἰσθητικὸν
656 2313 734 2346 μόνον
755 2312 802 2338 καὶ
820 2311 869 2346 ἔμ-

79 2367 177 2390 πνουν,
192 2358 239 2384 καὶ
250 2357 379 2392 ἔμψυχον,
390 2357 446 2384 ἀλλ’
457 2357 484 2383 εἴ
492 2365 517 2383 τι
529 2356 684 2382 καὶτούτων
696 2357 768 2382 ἐστὶν
780 2356 867 2388 ἐκτὸς,

77 2403 152 2430 οὕτω
167 2403 272 2438 δέχεται
289 2403 318 2429 τὺ
341 2403 386 2430 τοῦ
402 2403 566 2438 θεράποντος
586 2402 739 2437 ἐπίταγμα,
762 2402 799 2433 ὡς
820 2401 869 2428 οὐκ

77 2448 250 2483 ἀμοιροῦντα
272 2448 321 2483 τῆς
340 2448 500 2482 αἰσθήσεως.
517 2449 586 2474 Ποία
604 2447 656 2482 γὰρ
682 2447 750 2482 ἀκοὴ
765 2446 810 2473 τοῦ
831 2446 870 2472 λί-

78 2494 145 2527 θου;
161 2494 226 2519 Ποία
239 2493 287 2528 τῆς
302 2492 347 2519 τοῦ
364 2492 518 2524 κελεύοντος
531 2492 654 2524 ἐξουσίας
665 2492 807 2527 αἵσθησις;
821 2492 869 2523 Τίς

78 2539 196 2573 δύναμις
218 2539 246 2564 ἐν
271 2538 344 2573 αὐτῷ
368 2538 552 2573 nantia-cmi};
575 2537 641 2564 Ποία
662 2537 750 2572 μελῶν
774 2546 803 2563 τε
823 2538 870 2563 καὶ

79 2583 193 2619 ἄρθρων
204 2583 348 2616 διασκευῆς
366 2582 445 2608 Ἀλλὰ
457 2582 545 2608 πάντα
555 2582 640 2608 ταῦτα
651 2582 698 2608 καὶ
711 2581 746 2607 τὰ
758 2582 870 2608 τοιαῦτα

78 2630 148 2664 λίθῳ
175 2630 191 2663 ἡ
217 2629 263 2654 τοῦ
288 2627 443 2659 κελεύοντος
464 2628 578 2662 δύναμις
597 2627 718 2661 γίνεται,
746 2627 813 2662 πρὸς
837 2627 870 2661 ἦν

81 2676 145 2702 ἰδὼν
161 2675 176 2701 ὁ
193 2675 326 2709 νεωκόρος
345 2675 464 2704 ἐκεῖνος,
486 2673 563 2704 εὐθὺς
585 2673 633 2707 τὴν
657 2673 801 2708 γινομένην
825 2673 871 2698 ἐπὶ

79 2721 173 2755 πλάνῃ
187 2720 236 2754 τῆς
248 2719 420 2754 ἀνθρωπίνης
434 2719 540 2752 φύσεως
553 2719 660 2752 ἀπάτην
672 2719 724 2744 τῶν
736 2718 871 2753 δαιμόνων

83 2764 182 2799 ἐνόησὲ
204 2772 234 2789 τε
261 2763 306 2790 καὶ
333 2763 500 2795 ἐϐδελύξατο,
522 2763 568 2789 καὶ
591 2763 658 2798 πρὸς
679 2763 723 2789 τὸν
746 2763 871 2798 ἀληθινδν

83 2811 151 2836 Θεὸν
174 2809 348 2844 μετετάξατο,
364 2809 408 2835 διὰ
425 2809 478 2835 τῶν
494 2809 568 2842 παρὰ
587 2809 633 2835 τοῦ
653 2808 744 2835 δούλου
760 2817 871 2844 γεγενηο

920 2219 1000 2246 dictis
1039 2219 1137 2253 aliquis
1169 2219 1300 2252 adjiciens
1333 2220 1494 2246 miraculum
1527 2219 1705 2253 atupliﬁcabit

919 2268 946 2291 et
962 2265 1158 2299 cxaggorabit?
1176 2273 1230 2299 qua
1247 2266 1355 2292 ratione
1374 2273 1439 2292 vero
1453 2265 1514 2299 quis
1529 2266 1704 2294 audientibus

920 2308 1129 2336 admirationem
1145 2309 1182 2335 rei
1193 2315 1274 2344 gesta:
1289 2309 1438 2338 miuueril?
1453 2310 1554 2336 Saxum
1571 2310 1704 2338 abstrahit

919 2361 934 2380 a
954 2355 1027 2381 saxis
1043 2354 1156 2386 eos,qui
1167 2355 1240 2382 saxis
1254 2359 1280 2381 et
1292 2355 1583 2390 lapidibusmaucipali
1599 2356 1704 2382 servie—

920 2400 986 2427 bant
1003 2409 1009 2427 :
1026 2400 1094 2434 lapis
1113 2407 1201 2434 praeco
1221 2400 1319 2427 divina:
1341 2401 1401 2427 lidci
1424 2405 1451 2427 ct
1475 2402 1526 2427 dux
1551 2401 1704 2427 inﬁdelibus

920 2446 953 2473 ad
965 2447 1078 2473 salutem
1089 2446 1268 2477 exsistit,uon
1283 2454 1349 2473 voce
1359 2447 1474 2480 quadam
1485 2451 1565 2481 atque
1580 2454 1704 2474 sermone

920 2493 1043 2519 divinam
1059 2493 1207 2526 potentiam
1228 2492 1370 2520 celebrans
1388 2497 1469 2527 atque
1486 2493 1640 2527 divulgans,
1656 2493 1704 2520 sed

921 2546 972 2565 suo
992 2538 1064 2564 facto
1091 2537 1185 2569 Deum,
1206 2538 1252 2572 qui
1278 2538 1312 2564 ab
1334 2537 1466 2573 Gregorio
1484 2538 1702 2570 annuntiaretur,

921 2583 1089 2611 ostendens:
1109 2584 1153 2611 cui
1173 2584 1262 2610 omnis
1285 2591 1317 2610 cx
1338 2591 1416 2618 atquo
1443 2585 1559 2611 obnoxia
1577 2587 1704 2611 creatura

921 2630 1100 2663 obtemperat,
1117 2637 1171 2656 non
1190 2629 1277 2656 solum
1293 2637 1464 2664 quaecunque
1485 2637 1567 2656 sensu
1580 2629 1704 2664 praedita,

922 2675 1009 2709 spirat
1018 2678 1044 2701 et
1061 2674 1180 2700 animata
1195 2678 1246 2705 cst.
1260 2682 1352 2701 verum
1365 2674 1446 2700 etiam
1462 2674 1483 2700 si
1499 2681 1550 2708 qua
1565 2677 1642 2701 extra
1654 2674 1704 2702 bas

922 2723 974 2750 est,
998 2719 1033 2745 ita
1054 2719 1131 2753 jussa
1148 2719 1241 2745 l‘muuli
1266 2719 1414 2754 accipiunt,
1438 2719 1516 2752 quasi
1539 2726 1637 2746 sensus
1653 2727 1704 2747 ex-

923 2769 1012 2799 pertes
1031 2772 1084 2790 uon
1096 2770 1196 2791 essent.
1216 2763 1282 2796 Quis
1299 2764 1371 2790 cuitu
1389 2764 1486 2798 lapidis
1499 2763 1626 2790 auditus?
1642 2765 1705 2798 quis

922 2810 1044 2845 jubentis
1068 2810 1210 2844 potestatis
1237 2810 1352 2837 sensus?
1376 2817 1436 2844 quae
1466 2818 1530 2838 vero
1558 2811 1598 2838 vis
1618 2810 1646 2838 in
1670 2817 1705 2838 eo
