1917 3079
230 105 284 135 919

864 102 893 129 S.
913 100 1077 130 CREGORII
1095 101 1242 129 NYSSENI

1821 95 1870 123 920

230 162 408 191 transeundi?
422 169 482 198 qure
497 161 681 189 membrorum
697 164 723 187 et
741 163 850 186 artuum
861 159 1006 187 fabricatio

1074 160 1173 196 μένων,
1192 159 1223 185 τὸ
1238 158 1375 193 ἄφραστον
1390 157 1440 192 τῆς
1452 156 1499 183 τοῦ
1515 155 1652 183 Δεσπότου
1667 154 1818 189 δυνάμεως
1830 153 1870 179 λο-

232 210 284 236 Sed
304 209 395 236 omnia
409 209 466 236 [nec
482 212 508 236 et
522 207 657 242 ejusmodi
673 205 756 241 lapidi
772 210 882 240 praestat
893 206 1017 241 jubentis

232 256 318 282 virtus
339 260 422 289 atque
433 258 563 289 potestas,
582 259 665 287 quam
682 255 809 286 spectans
822 252 936 279 antistes
959 251 1015 283 ille,

232 300 324 327 statim
350 297 472 326 fraudem
494 297 665 327 daemonum,
687 302 747 329 qme
769 295 802 321 ad
829 294 1016 322 seducendum

232 345 378 372 humanam
395 347 520 371 naturam
537 342 724 370 adhiberetur.
740 345 766 367 ct
784 340 977 373 animadvertit
988 344 1016 368 et

231 390 404 417 abominatus
423 392 475 420 est,
489 391 516 415 et
533 387 566 413 ad
587 387 668 414 Deum
696 393 788 412 vcrmn
813 386 955 413 traductus
976 390 1017 413 at-

231 443 285 470 que
302 442 451 462 conversus
464 439 516 465 est,
535 434 635 469 quippe
648 434 693 468 qui
710 439 757 467 per
772 440 813 463 ca,
829 440 890 467 qua:
907 440 921 459 a
936 439 1016 459 servo

231 485 307 516 gesta
327 486 417 509 erant.
438 480 602 507 ineffabilem
618 486 643 507 et
666 480 883 514 inexplicabilem
907 478 1015 505 Domini

231 527 380 561 potentiam
392 533 453 553 esse
468 525 639 560 coniecisset.
661 525 727 552 Nam
746 526 768 553 si
787 529 861 552 tanta
877 525 947 552 servi
969 533 1016 560 po-

232 572 316 597 trntia
331 570 505 604 (inquiebat),
525 573 555 597 ut
567 570 651 597 verbo
667 574 775 597 moveat
790 578 834 597 res
848 569 1014 602 immobiles,

231 619 258 642 et
270 616 384 649 imperio
405 619 499 642 utatur
521 616 654 643 adversus
674 623 716 642 res
733 623 816 642 sensu
836 620 972 646 carentes.
988 620 1016 642 et

232 661 355 687 hortetur
374 668 417 688 res
437 661 602 688 inanimatas
620 669 626 687 :
643 665 772 695 quautam
794 661 900 695 copiam
921 665 1015 694 poten-

231 707 276 733 tia:
299 706 414 733 Domino
431 714 522 733 rerum
548 706 738 733 universarum
770 706 866 732 adesse
895 706 1015 740 cogitare

230 756 312 787 atque
322 752 458 786 conjicere
470 760 517 787 par
531 752 669 787 cst,cujus
688 753 814 779 voluntas
831 752 914 779 veluti
931 756 1015 779 mate-

229 798 270 824 ria
285 798 407 831 quardam
429 798 479 824 fuit
502 802 529 825 et
552 798 708 829 fabricatio,
733 801 761 824 et
781 798 821 824 vis
848 801 904 824 tum
926 797 1014 833 ipsius

230 844 335 875 mundi,
358 852 503 879 rerumque
532 844 664 875 omnium,
687 851 747 878 quae
769 845 795 870 in
815 851 848 871 eo
863 847 937 876 sunt,
956 847 1012 870 tum
1030 844 1050 871 Β

228 896 322 915 earum
339 896 441 920 rerum,
460 897 520 924 quzc
534 897 615 923 supra
630 897 674 916 res
689 888 841 917 mundanas
852 889 932 916 sunt!
946 887 1014 915 Hinc

230 941 344 968 magnus
362 935 408 962 ille
430 943 485 962 rem
506 935 575 962 bene
592 942 686 970 gerere
720 934 852 962 adversus
874 934 1013 962 daamonas

228 987 362 1013 exorsus,
386 989 417 1008 ac
447 982 530 1009 veluti
553 987 684 1017 tropaeum
712 981 849 1017 quoddam
882 982 1013 1009 adversus

227 1026 350 1054 devictos
369 1028 519 1055 antistitem
551 1028 771 1060 circumducens,
799 1036 860 1055 cum
889 1032 916 1055 ct
942 1028 1013 1055 fama

228 1071 270 1097 sui
291 1076 397 1106 gentem
419 1076 482 1099 ante
503 1074 666 1107 perculisset
684 1077 711 1100 et
722 1073 960 1108 obstupefecisset,
976 1073 1013 1099 ita

227 1114 336 1143 dentom
356 1124 418 1143 cum
438 1117 537 1144 fiducia
557 1118 702 1153 animoque
717 1119 799 1146 alacri
820 1123 902 1153 atque
916 1118 1014 1145 confir-

227 1166 302 1188 mato
316 1162 412 1190 urbem
426 1163 615 1196 invehebatur,
635 1171 690 1191 non
705 1165 834 1191 curribus
851 1169 878 1191 et
889 1164 976 1199 equis,
986 1167 1013 1191 et

226 1207 320 1238 mulis,
336 1211 365 1235 et
383 1208 559 1236 multitudine
580 1209 711 1236 comitum
733 1210 928 1237 assectantium
951 1216 1013 1237 sese

226 1256 378 1285 ostentans,
398 1254 445 1280 sed
463 1254 610 1282 virtutibus
633 1254 753 1289 undique
774 1254 901 1289 stipatus,
923 1255 1012 1282 omni-

226 1296 278 1324 bus
289 1301 381 1325 autem
401 1299 476 1327 urbis
493 1299 590 1327 incolis
607 1300 778 1334 populariter
800 1308 831 1327 ac
848 1300 928 1334 vulgo
949 1308 1010 1327 cum

224 1342 387 1378 conjugibus
415 1349 442 1371 et
468 1344 561 1372 liberis
590 1346 663 1372 velut
685 1345 718 1372 ad
746 1354 845 1372 novum
874 1346 1009 1381 quoddam

224 1390 411 1422 spectaculum
431 1390 572 1418 visctulum
593 1391 699 1418 obviam
718 1392 822 1425 cll‘usis,
841 1397 868 1420 et
885 1393 1013 1422 omnibus

1070 206 1227 241 γισάμενος.
1242 204 1272 230 El
1285 204 1339 239 γὰρ
1351 204 1470 237 τοσαύτη
1483 202 1530 229 τοῦ
1547 201 1643 228 δούλου
1657 201 1675 230 ἡ
1691 200 1824 234 δύναμις,
1835 199 1870 230 ὡς

1070 251 1171 285 ῥήματι
1193 250 1277 275 κινεῖν
1291 248 1325 275 τὰ
1342 248 1475 283 ἀκίνητα,
1492 247 1538 274 καὶ
1553 246 1752 282 προστάγματι
1774 245 1870 279 κεχρῆ-

1071 295 1132 322 σθαι
1152 295 1222 322 κατὰ
1243 294 1298 321 τῶν
1314 294 1501 329 ἀναισθήτων,
1527 293 1574 320 καὶ
1595 293 1652 324 τοῖς
1674 291 1796 326 ἀψύχοις
1813 291 1868 317 δια-

1070 341 1244 368 κελεύεσθαι·
1266 340 1353 376 πόσην
1370 340 1442 372 είκός
1462 341 1519 366 ἐστι
1545 337 1706 374 περιουσίαν
1724 337 1868 371 δυνάμεως

1069 389 1098 414 ἐν
1113 387 1152 423 τῷ
1176 387 1300 423 Δεσπότῃ
1323 386 1370 413 τοῦ
1395 386 1496 417 παντὸς
1513 385 1702 419 κατανοῆσαι,
1724 380 1757 410 οὗ
1778 383 1810 409 τὸ
1827 383 1868 408 Θέ-

1069 435 1155 470 λημα,
1171 431 1227 461 οἶόν
1240 442 1282 465 τις
1297 433 1358 468 ὒλη.
1372 433 1418 459 καὶ
1434 431 1591 465 κατασκευὴ
1603 451 1610 462 ,
1624 430 1673 457 καὶ
1686 429 1806 463 δύναμις
1822 429 1866 454 αὺ-

1069 479 1115 506 τοῦ
1129 488 1157 506 τε
1171 478 1218 505 τοῦ
1230 478 1344 514 κόσμου,
1357 478 1404 504 καὶ
1417 477 1470 503 τῶν
1484 478 1512 503 ἐν
1524 476 1598 511 αὐτῷ
1612 475 1737 505 πάντων,
1755 476 1803 500 καὶ
1816 474 1865 500 τῶν

1069 525 1140 560 ὑπὲρ
1150 525 1242 551 τοῦτον
1250 524 1345 554 όντων.
1353 524 1459 558 ἐγένετο
1468 524 1474 549 l
1490 521 1629 549 Ἐντεῦθεν
1638 523 1653 548 ὁ
1663 521 1754 556 μέγας
1766 521 1865 551 ὲκεῖνςς

1068 572 1117 606 τῆς
1133 571 1204 598 κατὰ
1220 570 1274 597 τῶν
1298 570 1432 605 δαιμόνων
1451 569 1592 604 ἀριστείας
1615 568 1793 603 ἀρξάμενος,
1821 568 1865 593 καὶ

1068 616 1124 644 οἷόν
1145 626 1172 643 τι
1188 617 1318 653 τρόπαιον
1333 616 1404 643 κατὰ
1418 615 1472 642 τῶν
1488 614 1653 650 νικηθέντων
1669 614 1716 640 τὸν
1730 614 1865 648 νεωκόρσν

1069 662 1278 696 περιαγόμενος,
1292 660 1523 697 προκαταπλήξας
1537 669 1567 686 τε
1583 661 1617 695 τῇ
1635 660 1673 695 φή
1679 668 1717 694 μη
1734 659 1766 685 τὸ
1779 658 1862 688 ἔθνος,

1067 708 1152 739 οὕτως
1168 707 1217 742 ἤδη
1236 708 1305 742 μετὰ
1322 706 1511 742 πεποιθήσεώς
1529 714 1560 732 τε
1577 706 1624 732 καὶ
1642 706 1808 741 παρρησίας
1827 706 1863 735 εἰς

1067 752 1115 788 τὴν
1132 753 1208 780 πόλιν
1228 753 1385 788 εἰσήλαυνεν
1397 773 1403 783 ,
1425 753 1474 787 οὐχ
1489 752 1593 788 ἅρμασι
1615 752 1664 778 καὶ
1683 752 1799 783 ἵπποις,
1821 751 1864 776 καὶ

1067 799 1189 834 ἡμιόνοις
1200 819 1207 830 ,
1225 799 1273 825 καὶ
1290 799 1328 834 τῷ
1345 798 1439 834 πλήθει
1455 799 1510 825 τῶν
1524 798 1729 833 παρεπομένων
1745 798 1862 832 ἐπικαμ-

1065 845 1169 876 πάζων,
1182 845 1249 872 ἀλλὰ
1262 846 1321 878 ταῖς
1334 845 1444 881 ἀρεταῖς
1457 845 1486 872 ἐν
1504 845 1596 880 κύκλῳ
1610 844 1861 880 δορυφορούμενος,

1065 890 1200 925 πανδημεὶ
1213 890 1241 917 δὲ
1256 890 1364 917 πάντων
1383 890 1569 926 προχεθέντων
1581 890 1635 917 τῶν
1650 889 1808 924 οῑκητόρωγ
1818 889 1862 914 τοῦ

1064 934 1171 967 ἄστεος,
1191 935 1228 966 ὡς
1244 935 1290 961 ἐπί
1311 944 1374 962 τινα
1393 935 1487 962 καινοῦ
1502 935 1642 970 θεάματος
1661 935 1787 970 ἱστορίαν
1798 954 1804 964 ,
1818 935 1862 960 καὶ

1064 981 1175 1008 πάιτων
1198 981 1261 1008 ἰδεῖν
1283 981 1532 1017 προθυμουμένων,
1549 981 1591 1013 τίς
1615 981 1722 1013 ἐκεῖνός
1748 981 1825 1007 ἐστιν
1850 982 1863 1007 ὁ

1064 1027 1214 1063 Γρηγόριος
1226 1048 1232 1060 ,
1250 1028 1280 1060 ὂς
1298 1028 1441 1065 ἄνθρωπος
1462 1028 1500 1054 ῶν
1517 1028 1570 1054 τῶν
1589 1027 1782 1063 νομιζομένων
1800 1028 1862 1061 παρ’

1065 1074 1156 1104 αὐτοῖς
1178 1072 1247 1100 εἶναι
1264 1074 1348 1106 θεῶν.
1373 1074 1500 1110 καθάπερ
1523 1083 1564 1106 τις
1585 1073 1715 1109 βασιλεὺς
1736 1073 1862 1105 ἐξουσίαν

1064 1120 1137 1156 ἔχει,
1158 1121 1349 1155 προστάγματι
1372 1120 1462 1155 φέρων
1488 1121 1535 1147 καὶ
1558 1121 1651 1154 ἄγων,
1678 1120 1807 1153 ὅπουπερ
1832 1119 1862 1145 ἂν

1064 1166 1150 1193 ἐθέλοι
1164 1168 1195 1192 τὰ
1210 1167 1346 1201 δαιμόνια,
1363 1167 1409 1193 καὶ
1420 1166 1480 1192 ὅθεν
1493 1165 1526 1192 ἂν
1541 1165 1680 1200 βούληται,
1692 1165 1766 1200 πρὸς
1777 1165 1809 1191 τό
1821 1165 1862 1190 δο-

1063 1212 1127 1238 κοῦν
1143 1212 1282 1244 ἰξοικίζων
1303 1221 1331 1238 τε
1351 1212 1399 1239 καὶ
1418 1212 1574 1243 ἐνοικίζων,
1593 1211 1689 1246 ὥσπερ
1703 1212 1740 1237 τίι
1763 1210 1862 1245 ἀνδρά-

1065 1257 1144 1290 ποδα,
1161 1259 1208 1283 καὶ
1226 1258 1271 1284 τὸν
1286 1258 1457 1293 θεραπευτὴν
1472 1259 1574 1284 ἐκεῖνον
1588 1257 1679 1292 φέρει,
1690 1256 1824 1291 καθάπερ
1835 1258 1862 1283 ἐν

1065 1303 1174 1339 ἐξουσίᾳ.
1185 1304 1238 1330 τινὶ
1248 1304 1462 1339 δουλωσάμενος,
1478 1304 1641 1339 ὑπεριδόντα
1653 1304 1704 1338 μὲν
1715 1303 1770 1338 τῆς
1780 1303 1861 1338 τιμῆς

1064 1350 1094 1376 ἐν
1139 1350 1170 1376 τὸ
1190 1351 1320 1385 πρότερον
1336 1348 1380 1385 ἦν,
1396 1350 1450 1377 τῶν
1465 1350 1493 1377 δὲ
1509 1350 1666 1386 προσόντων
1687 1350 1804 1377 πάντων
1816 1350 1861 1384 τὴν

1069 1396 1127 1432 μετ’
1141 1397 1223 1423 αὑτοῦ
1239 1397 1376 1434 διαγωγὴν
1395 1397 1589 1432 ἀλλαξάμενον.

223 1435 316 1463 Videre
338 1436 521 1471 cupientibus,
544 1437 606 1472 quis
628 1442 700 1465 esset
717 1438 761 1465 ille
783 1438 941 1474 Gregorius,
961 1441 1006 1476 qui
1028 1441 1110 1469 homo
1131 1443 1193 1470 licet
1230 1448 1312 1476 esset,
1349 1452 1397 1471 eos
1421 1448 1525 1477 tamen,
1553 1444 1599 1479 qui
1618 1443 1692 1478 apud
1715 1444 1797 1478 ipsos
1817 1451 1862 1478 pro

223 1483 276 1511 diis
296 1483 473 1514 haberentur.
511 1490 639 1520 tanquam
670 1493 715 1512 rex
740 1487 851 1521 quidam
865 1488 891 1515 in
911 1492 1045 1524 potestate
1064 1490 1187 1522 haberet,
1211 1499 1260 1526 pro
1283 1493 1397 1527 imperio
1416 1492 1505 1520 ferens
1523 1497 1550 1519 et
1574 1501 1661 1527 agens
1690 1500 1862 1528 quocunque

222 1530 313 1560 vellet,
339 1534 366 1557 et
388 1531 570 1566 undecunque
599 1532 689 1564 vellet,
712 1537 792 1567 prout
815 1534 902 1560 visunt
924 1540 1007 1567 esset,
1029 1536 1169 1565 datmonas
1192 1538 1273 1565 sicuti
1294 1538 1429 1572 mancipia
1444 1538 1570 1573 cjiciens,
1604 1544 1631 1566 et
1669 1540 1790 1567 eosdem
1805 1547 1863 1565 rur-

222 1585 281 1610 sus,
309 1578 331 1604 si
368 1577 517 1609 videretur,
540 1578 720 1607 introducens
744 1590 750 1607 :
791 1582 891 1616 quique
911 1583 1043 1611 cultorem
1064 1585 1174 1613 illorum
1194 1586 1342 1614 adduceret
1360 1592 1491 1622 tanquam
1506 1587 1569 1622 jure
1588 1594 1620 1615 ac
1636 1592 1782 1623 potestate
1797 1595 1862 1623 qua-

222 1624 284 1651 dam
311 1625 363 1653 sibi
393 1627 577 1661 mancipatum
605 1627 720 1661 habens,
747 1630 942 1665 despicientem
980 1636 1006 1659 et
1026 1633 1170 1667 honorem,
1191 1643 1245 1670 quo
1263 1639 1326 1663 ante
1343 1636 1474 1670 pneditus
1492 1640 1576 1667 esset.
1615 1642 1642 1664 et
1681 1636 1773 1670 hujus
1796 1644 1859 1663 cou-

221 1673 395 1699 snetudinem
410 1680 471 1699 cum
491 1674 631 1706 omnibus,
645 1683 706 1710 qum
729 1676 882 1710 habuisset,
903 1677 1080 1707 facultatibus
1094 1686 1120 1708 et
1137 1682 1225 1716 copiis
1242 1687 1473 1710 commutantem.

257 1720 315 1746 Tali
347 1720 475 1746 nimirum
503 1721 593 1748 animo
626 1727 707 1757 atque
727 1724 855 1758 opinione
879 1726 1042 1757 omnibusC

220 1773 281 1792 eum
298 1769 360 1792 ante
379 1766 473 1792 urbem
498 1768 729 1801 exspectantibus,
746 1770 791 1796 ubi
809 1770 842 1796 ad
868 1779 916 1797 eos
944 1780 1005 1806 pcr-

220 1811 305 1843 venit,
319 1811 448 1838 omnibtts
468 1820 530 1838 cttm
548 1813 660 1841 intentis
677 1815 763 1842 oculis
786 1817 981 1844 coutueutibus
998 1837 1005 1848 ,

220 1859 350 1891 tanquam
364 1857 459 1884 silvam
475 1858 620 1892 quamdam
639 1859 786 1887 inanitnam
802 1861 925 1889 homines
942 1871 1008 1898 prae-

221 1905 374 1936 tergressus
389 1922 396 1934 ,
421 1902 453 1929 ad
470 1903 606 1930 neminem
629 1912 743 1936 eorum,
759 1907 804 1940 qui
835 1908 941 1935 obviam
962 1917 1007 1936 ve-

219 1948 311 1975 nirent
340 1956 400 1976 sese
419 1954 602 1983 convertens,
625 1952 672 1979 sed
699 1957 773 1980 recta
797 1954 830 1980 ad
847 1955 941 1981 urbem
961 1963 1006 1981 va-

219 1992 287 2021 dens
302 1994 388 2020 multo
416 1995 501 2030 magis
530 2002 578 2023 eos
596 1996 621 2022 in
639 2000 777 2031 stuporem
795 2001 821 2025 et
844 1999 1006 2027 admiratio-

218 2046 280 2066 nem
295 2039 407 2066 detluxit
424 2059 432 2072 ,
450 2040 549 2068 famam
572 2048 704 2076 superare
731 2043 901 2072 intuentibus
923 2053 1006 2081 appa-

217 2093 292 2113 rens.
317 2084 395 2119 Quod
415 2086 487 2114 enim
502 2094 629 2123 magnam
647 2088 741 2115 urbem
760 2090 877 2124 primum
895 2091 1006 2120 invebe-

219 2136 305 2164 retur,
322 2140 384 2159 cum
405 2133 473 2160 nihil
495 2134 519 2160 ei
535 2134 588 2160 tale
606 2139 769 2162 consuetum
795 2143 873 2164 antea
895 2137 1003 2169 fuisset,

217 2178 316 2205 tleinde
331 2187 392 2205 cum
409 2184 519 2213 stupore
534 2187 589 2207 non
604 2180 785 2209 admiraretur
802 2187 906 2210 tantum
925 2191 1005 2218 prop-

217 2228 258 2251 ter
275 2231 304 2250 se
322 2225 449 2259 populant
464 2229 657 2261 congregatum
675 2235 737 2255 esse
749 2247 756 2259 ,
773 2228 820 2256 sed
852 2229 936 2256 veluti
957 2238 1005 2265 per

216 2270 392 2296 solitudinem
410 2271 461 2298 iter
475 2271 583 2299 faciens
605 2273 725 2307 scipsum
742 2274 874 2302 duntaxat
890 2280 916 2302 et
932 2276 1003 2303 viam

216 2319 351 2348 spectaret
366 2334 372 2345 ,
392 2314 425 2340 ad
440 2316 574 2342 neminem
589 2324 696 2348 eorum,
715 2319 760 2352 qui
777 2320 882 2345 circum
903 2328 932 2347 se
948 2321 1003 2346 col-

216 2359 277 2385 lecti
292 2363 394 2391 essent,
423 2368 483 2388 sese
498 2366 677 2390 convertens:
694 2364 743 2390 hoc
762 2365 890 2391 nimirum
920 2374 1001 2401 supra

216 2405 389 2437 miraculum,
406 2406 477 2441 quod
504 2407 530 2433 in
547 2416 613 2435 saxo
641 2411 774 2437 translato
797 2412 899 2439 editum
918 2416 977 2439 erat
995 2434 1001 2444 ,
1022 2406 1041 2432 ί)

216 2450 373 2478 hominibus
396 2458 457 2479 csse
487 2453 638 2480 videbatur.
656 2454 760 2483 Idcirco
774 2464 836 2483 cum
856 2457 1001 2485 admodum

215 2495 293 2530 pauci
313 2499 416 2526 essent,
434 2501 463 2524 ut
489 2505 572 2532 supra
600 2505 844 2528 commemoratum
864 2506 926 2534 est,
955 2503 1002 2537 qui

215 2545 278 2568 ante
307 2540 572 2571 administrationem
597 2545 657 2579 ejus
685 2545 765 2573 fidem
795 2548 1000 2582 suscepissent.

214 2587 293 2621 quasi
312 2591 368 2614 tota
385 2588 482 2616 civitas
505 2590 635 2618 honorem
660 2592 813 2619 sacerdotio
837 2594 898 2628 ejus
918 2594 1001 2622 habe-

213 2635 266 2663 ret,
288 2632 325 2659 ita
344 2633 371 2660 in
400 2634 495 2661 urbem
528 2636 733 2669 ingrediebatur
749 2658 755 2670 ,
776 2640 999 2673 prosequentium

213 2677 293 2704 turba
308 2678 428 2714 undique
448 2680 583 2716 frequenti
607 2682 733 2716 stipatus.
752 2684 885 2717 Quoniam
909 2690 999 2714 autem

1095 1729 1211 1764 Τοιαύτη
1233 1729 1260 1756 δὲ
1281 1730 1376 1766 γνώμῃ
1398 1730 1507 1758 πάντων
1529 1732 1759 1767 προσδεχομένων
1783 1732 1860 1759 absint

1059 1773 1111 1809 πρὸ
1122 1774 1168 1800 τοῦ
1178 1775 1281 1805 ἄστεος,
1294 1775 1385 1810 ἐπειδὴ
1399 1776 1458 1802 κατ’
1466 1776 1563 1807 αὐτοὺς
1571 1777 1689 1810 ἐγένετο,
1700 1777 1813 1803 πάντων
1823 1777 1859 1808 εἰς

1058 1819 1160 1846 ἐκεῖνον
1179 1821 1280 1852 ἀτενῶς
1295 1821 1518 1852 ἀποϐλεπόντων,
1534 1822 1660 1858 καθάπερ
1675 1822 1745 1857 ὕλην
1759 1823 1859 1857 ἀψυχΰν

1059 1865 1165 1900 παριὼν
1179 1868 1240 1898 τοὺς
1258 1867 1426 1902 ἀνθρώπους,
1444 1868 1511 1903 πρὸς
1528 1869 1622 1895 οὐδένα
1644 1869 1702 1895 τῶν
1726 1871 1857 1905 ἐντυγχα-

1058 1911 1156 1937 νόντων
1172 1913 1363 1950 στρεφόμενος,
1379 1914 1425 1940 καὶ
1441 1915 1499 1941 κατ’
1515 1915 1621 1941 εὐθεῖαν
1642 1916 1691 1942 ἐπὶ
1712 1916 1765 1951 τὴν
1784 1917 1858 1942 πόλιν

1059 1954 1184 1989 βαδίζων,
1204 1956 1270 1982 πολὺ
1294 1957 1394 1991 μᾶλλον
1410 1959 1508 1990 αὐτοὺς
1528 1960 1567 1990 εἰς
1589 1959 1723 1994 ἔκπληξιν
1743 1961 1856 1995 ἢγαγεν,

1058 2002 1127 2037 ὑπὲρ
1142 2003 1190 2038 τὴν
1208 2004 1302 2039 φήμην
1314 2006 1369 2036 τοῖς
1384 2005 1467 2040 ὁρῶσι
1483 2006 1654 2040 φαινόμενος.
1669 2006 1708 2032 Τὸ
1719 2010 1777 2042 γὰρ
1790 2008 1856 2042 1193-3-

1056 2055 1110 2079 τως
1124 2048 1311 2075 εἰσελαύνοντα
1333 2049 1407 2076 πόλει
1426 2050 1541 2086 μεγάλῃ,
1558 2051 1694 2086 μηδεμιᾶς
1712 2052 1855 2087 συνηθείας

1057 2093 1189 2128 τοσαύτης
1218 2094 1446 2131 προϋπαρχούσης
1473 2096 1556 2130 αὐτῷ,
1578 2096 1673 2123 ἔπειτα
1703 2097 1742 2133 μὴ
1774 2107 1853 2124 κατα⁴

1056 2138 1191 2173 πλαγῆναι
1207 2139 1291 2173 δῆμον
1304 2139 1429 2166 τοσοῦτον
1446 2141 1488 2166 ἐπ’
1507 2141 1601 2175 ἐκείνῳ
1628 2143 1851 2178 συνειλεγμένον,

1055 2183 1113 2210 ἀλλ’
1132 2181 1186 2210 οἷον
1204 2184 1238 2211 δι’
1259 2186 1361 2220 ἐρήμου
1386 2185 1542 2220 βαδίζοντα,
1560 2187 1628 2222 πρὸς
1649 2188 1748 2214 ἑαυτὸν
1776 2190 1853 2224 μόνον

1056 2231 1103 2257 καὶ
1126 2232 1192 2266 πρὸς
1216 2231 1264 2266 τὴν
1291 2232 1349 2259 ὁδὸν
1375 2233 1556 2266 ἀποϐλέπειν,
1584 2234 1652 2267 πρὸς
1677 2235 1776 2261 οὐδένα
1802 2236 1852 2261 τῶν

1055 2278 1118 2312 περὶ
1131 2278 1210 2304 αὑτὸν
1227 2279 1454 2314 ἐπιστρεφόμενον
1467 2280 1653 2315 ἡθροισμένων
1663 2301 1670 2311 ,
1679 2280 1763 2308 τοῦτο
1785 2282 1851 2317 ὑπὲρ

1053 2323 1102 2357 τὴν
1116 2324 1145 2349 ἐν
1161 2324 1199 2358 τῷ
1214 2324 1280 2359 λίθῳ
1296 2324 1508 2359 θαυματοποιίαν
1520 2327 1574 2356 τοῖς
1586 2326 1744 2361 ἀνθρώποις
1756 2328 1848 2355 ἐδόκει.

1055 2368 1155 2395 Τούτου
1164 2370 1255 2406 χάριν,
1264 2370 1408 2404 όλιγοστῶν
1415 2371 1508 2403 ὅντων,
1516 2371 1607 2403 καθὼς
1615 2373 1644 2398 ἐν
1654 2375 1712 2404 τοῖς
1719 2374 1850 2407 φθάςαειν

1056 2415 1173 2450 εἴρηται,
1193 2416 1245 2442 τῶν
1263 2416 1316 2450 πρὸ
1328 2416 1376 2451 τῆς
1394 2417 1552 2448 ἐπιστασίας
1566 2417 1649 2444 αὐτοῦ
1664 2419 1849 2454 καταδεξαμέ-

1055 2468 1108 2486 νων
1129 2461 1179 2495 τὴν
1200 2461 1299 2490 πίστιν,
1322 2461 1359 2493 ὡς
1378 2462 1469 2497 πάσης
1491 2463 1539 2496 τῆς
1563 2463 1669 2495 πόλεως
1693 2465 1777 2491 αὑτοῦ
1803 2466 1848 2500 τὴν

1055 2506 1205 2541 ἱερωσύνην
1231 2507 1366 2541 τιμώσης,
1386 2506 1472 2539 οὕτως
1490 2508 1576 2543 εἰσῄει
1596 2511 1847 2545 στενοχωρούμενος

1053 2553 1237 2587 ἁπανταχόθεν
1257 2553 1312 2584 τοῖς
1331 2554 1570 2588 παραπέμπουσιν.
1593 2554 1672 2582 Ἐπεὶ
1691 2556 1719 2583 δὲ
1744 2558 1846 2583 πάντων

1053 2597 1119 2632 ὁμοῦ
1129 2597 1209 2629 εὐθὺς
1218 2617 1224 2629 ,
1234 2598 1278 2624 ὅτε
1292 2598 1340 2633 τῆς
1353 2598 1510 2632 φιλοσοφίας
1521 2599 1632 2633 ἥπτετο,
1643 2601 1773 2635 καθάπερ
1780 2602 1847 2631 sui;

1053 2643 1153 2678 ἀχθους
1169 2644 1263 2670 ἐαυτὸν
1280 2644 1310 2679 ὴ)
1316 2644 1461 2680 ευθέρωσε,
1471 2646 1571 2681 καίπερ
1581 2643 1616 2680 ἦν
1631 2646 1708 2682 αὐτῷ
1716 2648 1770 2673 τῶν
1782 2648 1845 2682 πρὶς

1048 2689 1096 2724 τὴν
1109 2689 1181 2725 ζωὴν
1195 2690 1350 2724 ἀναγκαίων
1368 2690 1454 2723 οὐδὲν,
1466 2692 1515 2717 οὐκ
1529 2691 1626 2727 ἀγρὸς,
1638 2693 1670 2719 ού
1689 2693 1782 2725 τόπος,
1799 2694 1845 2720 οὐκ

213 2724 339 2757 protinus
357 2729 386 2752 ut
403 2726 492 2761 attigit
507 2727 707 2762 philosophiam
727 2731 854 2758 omnibus
872 2731 953 2759 rebus
970 2739 999 2760 se

1063 2734 1135 2766 ίκία,
1159 2734 1226 2761 ἀλλὰ
1248 2735 1337 2761 πάντα
1364 2732 1397 2770 ἦν
1423 2736 1502 2768 αὐτὸς
1531 2724 1621 2772 ἐαυτῷ
1643 2738 1761 2773 (μᾶλλον
1779 2739 1808 2765 δὲ
1830 2740 1844 2773 ἠ

212 2768 294 2795 veluti
316 2777 400 2797 onere
427 2772 546 2806 quodam
563 2772 715 2808 levaverat,
737 2783 786 2803 nrc
799 2777 946 2811 quidquam
971 2779 996 2806 ei

213 2820 303 2841 rerum
316 2813 349 2841 ad
368 2815 439 2843 hanc
452 2817 534 2844 vitam
549 2820 710 2846 necessariai
720 2828 762 2847 um
777 2829 927 2857 supererat,
941 2831 994 2850 non

1044 2779 1130 2815 ἀρετὴ
1147 2781 1220 2816 καὶὴ
1237 2780 1337 2812 πίστις,
1357 2783 1454 2817 πατρὶς
1475 2782 1548 2817 αὐτῷ
1560 2781 1605 2819 ἦν,
1624 2784 1675 2811 καὶ
1693 2786 1781 2817 ἑστία,
1801 2786 1843 2812 καὶ

1045 2825 1180 2860 πλοῦτος)”
1195 2827 1232 2858 ὼς
1253 2825 1299 2854 οὖν
1315 2828 1364 2863 τῆς
1381 2829 1430 2863 μὲν
1452 2829 1549 2861 πόλεως
1565 2830 1642 2862 ἐντὸς
1663 2830 1708 2867 ἧν,
1725 2831 1798 2863 οἶκος
1817 2832 1842 2858 δὲ
