1917 3079
75 99 132 127 9.7.1

75 158 155 191 αὑτῴ
174 159 241 195 πρὸς
261 161 414 190 ἀνάπαυσιν
432 164 561 202 οὐδαμοῦ,
578 168 608 194 οὐ
632 169 683 204 τῆς
701 169 872 205 Ἐκκλησίας,

74 204 131 231 οὐκ
146 205 226 237 ἴδιος.
243 207 448 244 θορυϐουμένων
471 212 526 238 τῶν
543 213 607 250 περὶ
628 215 718 247 αὑτὸν,
737 215 784 242 καὶ
799 216 873 248 ὅπως

75 250 112 275 ἂν
136 251 284 288 καταχθείη
304 254 351 280 καὶ
375 256 450 292 παρὰ
467 258 519 284 τίνι
541 259 590 295 τὴν
609 260 713 296 σκέπην
728 260 802 296 εὖροι
817 262 874 288 δια-

74 296 251 330 πορούντων·
271 300 301 326 Ti
315 301 419 333 ταῦτα,
435 304 501 339 φησὶ
518 305 586 340 πρὸς
602 306 699 338 αὐτοὺς
717 307 731 333 ὁ
747 307 873 335 διδάσκα-

72 340 135 373 λος,
146 342 247 378 ὥσπερ
265 344 323 378 ἔξω
338 347 392 381 τῆς
408 349 460 375 τοῦ
481 350 555 378 Θεοῦ
572 352 688 386 σκέπης
701 352 796 386 ὄντες,
811 354 873 380 δια-

72 388 204 421 «opsita.
222 390 299 418 ὅπου
311 393 370 427 χρὴ
393 393 596 424 διαναπαῦσαι
620 398 655 425 τὰ
671 398 811 434 adigam;
826 409 873 434 μι-

73 433 151 479 κρὸς
166 435 236 469 ὑμῖν
246 435 329 470 οἶκος
342 439 417 466 εἶναι
430 441 448 467 ό
463 441 535 475 Θεὸς
550 443 639 476 δοκεῖ,
652 433 734 479 εἶπερ
744 445 779 473 ἐν
792 446 873 479 αὐτῷ

72 478 172 514 aliger
192 483 239 509 καί
257 485 417 519 κινούμεθα
434 486 482 513 καὶ
501 487 611 523 ὲσμέη
629 490 664 517 Ἦ
680 478 872 526 σέενοχωρεῖέ

70 527 132 552 σθε
147 526 185 560 τῇ
202 529 330 562 οὐρανίῳ
352 531 460 566 σκέπῃ,
486 534 534 560 καὶ
558 533 667 568 ζητεῖτε
683 537 763 571 παρὰ
783 539 871 566 τοῦτο

70 573 260 608 καταγώγιον
287 576 381 609 d110,-
413 577 464 612 Εἷς
495 578 579 614 οἶκος
610 582 679 616 ὑμῖν
714 583 792 610 ἔστω
821 585 872 613 διὰ

69 621 215 655 σπουδῆς
230 623 246 649 ό
266 622 397 651 ἑκάστου
414 625 499 658 ἴδιος,
524 628 540 653 ὀ
561 627 608 655 διὰ
628 628 686 655 τῶν
699 630 813 663 ἀρετῶν
828 633 870 659 cl-

69 665 304 701 κοδομούμενος,
319 669 367 695 καὶ
381 671 424 703 εἰς
436 671 513 706 ὕψος
525 673 764 709 ἀνατεινόμενος.
780 676 870 704 Τοῦτο

67 712 206 738 λυπείτω
219 713 325 747 μόνον,
345 715 388 749 μὴ
410 716 442 742 τὸ
458 718 594 745 τοιοῦτον
610 719 682 754 ἡμῖν
699 722 871 756 οἰκητήριον

68 757 288 791 ἀπαράσκευον
306 757 340 796 ᾗ·
356 763 386 788 ul
403 762 457 796 γὰρ
472 762 531 790 τῶν
542 765 654 798 γηΐνων
667 767 774 802 τοίχων
789 776 870 803 περι-

69 803 159 830 ϐολαί
190 804 252 838 τοῖς
273 805 308 832 ὲν
330 807 422 841 ἀρετῇ
449 808 518 838 ζῶσι
543 810 647 844 κέρδος
673 813 709 839 οὺ
732 813 867 848 φέρουσι.

587 109 632 137 DE
652 109 730 137 VITA
745 110 774 138 Β.
795 110 959 141 GREGORH
975 114 1240 147 THAUMATURGL

1663 126 1716 154 922

889 175 912 203 Δ
926 180 1009 208 ager.
1033 182 1089 202 non
1104 175 1191 208 locus,
1208 184 1262 205 non
1282 178 1399 206 domus:
1415 180 1462 208 sed
1482 181 1575 210 omnia
1590 182 1647 218 ipse
1662 185 1714 212 sibi

924 223 983 246 erat
998 220 1070 255 (imo
1085 230 1147 249 vero
1164 223 1250 250 virtus
1265 229 1290 251 et
1305 225 1371 253 ﬁdes
1385 226 1410 253 ei
1426 227 1513 261 patria
1524 234 1582 256 erat
1595 234 1622 257 et
1635 231 1716 259 sedes

923 269 950 291 et
963 264 1098 300 divitite),
1117 272 1143 294 ut
1161 267 1243 303 igitur
1255 269 1348 297 urbem
1367 271 1491 306 ingresso
1510 272 1607 301 donius
1627 276 1659 302 ad
1673 285 1714 304 re-

923 310 1120 346 quiescendum
1139 313 1162 339 ei
1186 321 1320 349 nusquam
1346 315 1388 342 vel
1405 315 1534 345 Ecclesia:
1560 319 1602 346 rel
1627 320 1714 355 ipsius

923 356 1033 390 propria
1048 361 1127 389 erat,
1152 359 1300 387 comitibus
1327 360 1388 395 ejus
1410 362 1609 396 trepidantibus
1632 371 1713 400 atque

922 402 1051 429 sollicitis
1067 404 1204 437 quomodo
1222 405 1417 440 dirersaretur,
1433 412 1460 435 et
1477 416 1492 435 a
1507 410 1608 443 quibus
1639 415 1712 438 tecto

922 448 1110 483 reciperetur,
1136 451 1225 479 anxiis
1246 461 1252 480 :
1285 452 1356 486 Quid
1374 453 1439 492 Ιιιιιε,
1470 455 1556 490 inquit
1583 457 1712 492 magister

922 494 955 521 ad
970 502 1028 526 eos,
1048 497 1124 530 quasi
1137 502 1212 523 eJtra
1228 500 1417 532 protectionem
1437 500 1483 528 Dei
1499 502 1647 533 constituti.
1662 512 1711 530 Im-

921 541 960 567 :rii
973 545 1049 576 atque
1062 542 1171 570 solliciti
1185 544 1330 578 inquii-itis.
1343 545 1387 572 ubi
1403 555 1516 581 corpora
1537 549 1642 582 reﬁcere
1672 555 1711 576 at-

921 594 969 620 que
988 595 1083 614 curare
1105 594 1221 622 oporteat
1236 591 1249 618 ?
1268 599 1300 617 an
1325 600 1408 626 parva
1425 594 1497 620 vobis
1526 594 1621 622 domus
1641 594 1709 622 Deus

921 640 977 659 esse
996 632 1109 666 ridetur,
1132 635 1261 670 siquidem
1287 645 1333 670 per
1356 646 1414 664 eum
1440 639 1548 666 z-irinms
1572 645 1596 666 et
1622 648 1709 667 more-

921 686 981 704 mur
1000 684 1024 706 et
1054 688 1146 707 sumus
1163 681 1176 707 .9
1195 682 1235 708 An
1263 689 1367 710 ararum
1385 689 1408 710 et
1436 690 1582 719 angustum
1608 686 1710 713 caeleste

921 728 1015 751 tortum
1027 726 1098 753 tabis
1113 726 1225 759 videtur,
1241 733 1265 755 ct
1278 736 1375 763 pra'ter
1388 730 1436 757 ltoc
1450 731 1524 758 aliud
1535 731 1707 758 dirersorium
1726 755 1729 759 .

919 772 1039 805 quiet-itis
1056 773 1068 800 ἰ)
1082 781 1135 800 una
1147 773 1217 800 vobis
1236 774 1330 802 domus
1360 777 1447 803 studio
1471 786 1591 812 cura'que
1605 778 1658 811 sit,
1676 787 1708 805 ea

920 817 1048 847 videlicet.
1064 827 1121 852 qua:
1139 819 1266 855 cujusque
1292 822 1399 856 propria
1413 828 1463 853 est.
1480 831 1538 857 qua:
1560 831 1606 858 per
1626 829 1709 851 virtu-

67 848 200 876 Μᾶλλον
215 850 240 876 ὃ*
256 850 295 878 ἂν
308 852 428 885 εἰκότως
440 854 501 881 ὑπὸ
517 853 577 881 τῶν
589 856 624 883 ἐν
638 858 727 891 κακίᾳ
737 861 859 893 μολυνο·

915 867 953 889 (es
972 863 1122 898 a'di/icatur
1142 871 1166 891 et
1185 848 1297 892 tollitur,
1312 867 1338 893 iu
1352 868 1447 894 altum.
1463 848 1519 895 Illac
1534 848 1619 896 stilum
1635 869 1706 896 vobis

66 894 172 929 μένων
195 896 214 930 ἡ
236 896 296 923 τῶν
319 898 427 932 τοίχων
448 901 531 934 χρεία
553 903 767 934 σπουδάζεται·
793 905 868 934 διότι

67 941 271 977 προκάλυμμα
284 944 433 978 πολλάκις
441 946 499 973 τῶν
507 948 643 982 κρυπτῶν
657 950 712 984 τῆς
718 952 867 986 αἰσχύνης

66 987 84 1014 ό
105 985 191 1021 οἶκος
207 989 328 1024 γίνεται.
347 989 396 1024 οἷς
413 991 447 1019 δὲ
461 993 498 1020 δι’
514 994 623 1029 ἀρετῆς
638 997 654 1022 ὀ
669 996 740 1030 ,βίος
758 985 867 1025 donod-

67 1033 191 1066 διισται,
204 1035 258 1062 οὐκ
267 1036 394 1070 ἔχουσιν
401 1039 428 1065 ol
436 1038 539 1074 τοῖχοι,
549 1040 566 1067 ὅ
574 1049 600 1067 τι
607 1044 864 1077 περικαλύψωσιν.

67 1079 164 1106 Ταῦτα
180 1080 208 1107 δὲ
225 1082 294 1117 πρὸς
310 1083 372 1115 τοὺς
389 1085 516 1118 συνέντας
529 1086 683 1120 διεξιόντος,
696 1090 810 1121 ἐπιστάς
824 1098 866 1121 τις

66 1125 123 1172 ’τῶν
139 1126 282 1162 ἐπισήμων
297 1129 377 1165 ἀνὴρ,
393 1130 466 1164 γένει
484 1133 529 1159 καὶ
542 1132 659 1169 πλούτῳ,
675 1136 721 1161 καὶ
739 1137 771 1171 τῇ
784 1136 863 1172 λοιπῇ

66 1171 212 1208 δυναστείᾳ
236 1175 292 1205 τοῖς
319 1175 436 1211 πρώτοις
457 1178 612 1214 ἐναρίθμιος
631 1180 682 1207 ὧν·
707 1171 864 1214 Μουσώνιος

66 1217 154 1253 δνομα
177 1218 217 1253 τῷ
240 1220 334 1260 δενδρίθ
358 1221 394 1253 ὼς
415 1221 484 1249 εἶδεν
500 1224 614 1258 πολλοὺς
635 1227 697 1261 περὶ
714 1227 763 1263 τὴν
781 1228 864 1265 αὐτὴν

68 1264 189 1299 σπουδὴν
206 1265 456 1302 προθυμουμένους,
473 1269 546 1301 ὅπως
567 1269 599 1297 ἂν
613 1273 670 1303 τοῖς
689 1272 762 1306 ξδῖοις
780 1264 864 1306 οἴκοις

65 1310 112 1336 τὺν
128 1311 213 1346 ἄνδρα
231 1312 356 1346 δέξοιντο,
374 1314 479 1348 φθάτας
499 1317 562 1348 τοὺς
584 1317 689 1350 ἄλλους,
707 1320 863 1356 ὐφαρπάζει

65 1357 116 1392 τὴν
133 1358 224 1393 χάριν,
240 1359 329 1395 ἐαυτῷ
347 1362 511 1396 παρακαλῶν
534 1364 729 1402 ἐπιξενωθῆναι
750 1368 796 1394 τὸν
817 1369 864 1404 μέ-

66 1410 128 1436 γαν,
143 1403 191 1429 καὶ
205 1405 317 1439 τιμῆσαι
331 1407 363 1441 τῇ
379 1406 472 1442 εἰσόδῳ
492 1408 537 1434 τὸν
560 1408 633 1436 οἷκον
643 1419 650 1426 ·
666 1411 703 1442 ὡς
716 1412 749 1438 ἂν
764 1403 862 1448 σεμνὸ⁸

66 1447 146 1483 τερός
162 1457 192 1474 τε
216 1449 262 1475 καὶ
283 1450 403 1485 ἀοίδιμος
426 1452 465 1487 τῷ
489 1454 558 1488 μετὰ
579 1455 666 1482 ταῦτα
681 1456 785 1490 γένοιτο
798 1447 860 1494 βίῳ,

65 1492 113 1519 τοῦ
131 1493 228 1528 χρόνου
246 1495 293 1521 καὶ
308 1496 363 1527 τοῖς
380 1496 478 1533 ἐφεξῆς
497 1499 547 1535 τὴν
569 1501 679 1536 μνήμην
701 1502 750 1538 τῆς
771 1504 862 1531 τοιαύ-

67 1546 116 1572 της
132 1538 216 1574 τιμῆς
233 1539 473 1575 παραπέμποντος.

919 917 991 937 cura:
1007 911 1268 945 atqucsollicitudini
1281 914 1330 945 sit,
1346 922 1377 941 ne
1390 914 1521 948 ejusmodi
1537 915 1608 942 vobis
1631 915 1707 941 habi-

920 956 1036 983 taculum
1049 965 1098 984 non
1111 963 1236 991 paratum
1251 967 1296 986 nec
1313 959 1471 987 instructum
1483 962 1529 993 sit;
1545 969 1606 987 nam
1622 966 1707 988 terre-

918 1003 944 1028 ni
955 1003 1068 1037 parietes
1083 1004 1127 1034 iis.
1143 1005 1188 1039 qui
1199 1013 1257 1031 cuni
1268 1006 1361 1032 virtute
1375 1006 1455 1033 vitam
1475 1007 1635 1041 transigunt.
1653 1008 1706 1034 cir-

917 1046 1036 1073 cumdati
1046 1047 1114 1074 nihil
1130 1049 1262 1076 commodi
1285 1050 1416 1083 afferunt.
1438 1051 1562 1083 Quinima
1579 1059 1629 1085 par
1647 1060 1707 1078 con-

916 1097 1119 1128 sentaneumque
1142 1095 1222 1129 fuerit
1238 1096 1271 1122 ab
1292 1097 1336 1129 iis,
1354 1097 1398 1131 qui
1427 1097 1497 1124 uitiis
1522 1103 1601 1132 atque
1615 1098 1705 1131 nequi-

917 1138 954 1165 tia
966 1139 1181 1174 coinquinantur,
1193 1141 1325 1175 parietum
1343 1150 1419 1168 usum
1435 1142 1552 1169 studiose
1561 1147 1638 1177 atque
1645 1151 1703 1169 cum

916 1191 981 1211 cura
1004 1184 1109 1212 institui
1132 1190 1208 1220 atque
1223 1187 1317 1220 parari
1341 1192 1479 1221 propterea
1510 1188 1579 1223 quod
1609 1188 1703 1216 domus

916 1227 1080 1255 occultarum
1114 1229 1264 1265 plerumque
1296 1232 1490 1265 turpitudinum
1528 1232 1703 1260 velamentum

915 1274 1031 1302 exsistit.
1056 1274 1091 1301 At
1112 1283 1223 1309 quorum
1246 1277 1301 1304 vita
1327 1285 1384 1304 cum
1406 1279 1502 1306 virtute
1529 1279 1702 1314 transigitur.

915 1320 943 1346 in
974 1320 1015 1346 Itis
1040 1320 1105 1347 nihil
1123 1326 1180 1353 est,
1204 1323 1274 1357 quod
1295 1323 1410 1358 parietes
1434 1323 1555 1360 ablegant
1577 1330 1601 1352 et
1627 1324 1703 1352 obve-

915 1366 977 1394 lent.
994 1366 1082 1401 Atque
1099 1366 1155 1394 haec
1168 1375 1200 1394 eo
1221 1368 1255 1395 ad
1269 1367 1418 1396 fatiiiliares
1433 1369 1551 1401 dirente,
1567 1370 1703 1399 assistens

913 1413 956 1440 vir
972 1412 1083 1447 quidam
1099 1413 1229 1448 insignis.
1248 1415 1295 1449 qui
1316 1421 1429 1449 genere,
1447 1415 1550 1443 divitiis
1575 1417 1702 1451 reliquis-

912 1465 965 1493 que
981 1458 1078 1492 opihus
1093 1458 1164 1486 inter
1181 1459 1284 1493 primos
1303 1465 1494 1488 numeraretur
1505 1463 1512 1494 (
1523 1461 1665 1489 Musonius
1675 1461 1700 1488 ei

911 1511 1011 1531 nomen
1024 1507 1083 1531 erat
1093 1504 1114 1538 ),
1126 1507 1156 1531 ut
1171 1505 1238 1532 vidit
1256 1506 1356 1533 multos
1369 1506 1438 1534 idem
1454 1507 1572 1534 ollicium
1593 1507 1701 1535 deferre

870 1546 892 1575 C
908 1553 1029 1583 paratos.
1044 1552 1071 1576 et
1087 1549 1112 1576 id
1129 1554 1241 1584 agentes
1254 1570 1261 1582 ,
1282 1554 1312 1577 ut
1336 1551 1361 1578 in
1381 1559 1445 1580 suas
1464 1553 1536 1580 a-des
1550 1553 1638 1580 virum
1657 1560 1700 1580 re-

66 1583 279 1618 ciperent.cum
296 1589 410 1616 ctetcros
425 1589 617 1618 antevertisset
629 1591 764 1625 ,gratiam
799 1592 920 1627 praeripit
942 1601 1041 1628 rogans
1057 1583 1185 1630 magnum
1217 1595 1292 1622 illum
1317 1596 1405 1624 virum
1423 1617 1430 1628 ,
1453 1601 1482 1624 ut
1514 1606 1564 1625 suo
1580 1598 1700 1634 hospitio

68 1636 201 1664 uteretur,
219 1638 245 1661 et
263 1634 378 1662 introitu
394 1635 504 1662 domum
521 1637 688 1670 honestaret,
704 1647 760 1674 quo
775 1643 802 1667 et
817 1641 961 1676 augustior
979 1647 1006 1669 et
1024 1642 1050 1669 in
1071 1643 1197 1677 sequenti
1228 1646 1328 1670 saccqu
1366 1645 1482 1673 celebris
1513 1650 1540 1673 et
1565 1654 1700 1674 memora-

67 1680 129 1708 bilis
144 1689 175 1708 ea
192 1682 335 1715 eraderet,
350 1687 471 1718 tempore
489 1685 572 1712 etiam
590 1686 624 1713 ad
652 1693 778 1722 posteros
794 1689 953 1716 memoriam
971 1689 1106 1723 ejusmodi
1137 1690 1250 1719 honoris
1271 1693 1487 1720 transmittente.

107 1729 185 1756 Ἐπεὶ
204 1730 231 1757 δὲ
245 1731 292 1758 καὶ
308 1732 381 1760 ἄλλοι
404 1733 496 1761 πολλοὶ
518 1735 715 1770 συνδραμόντες
730 1736 793 1770 περὶ
807 1736 861 1763 τῶν

65 1776 167 1810 ὁμοίων
193 1777 331 1810 ἱκέτευον,
356 1779 457 1807 δίκαιον
483 1777 551 1807 εἶναι
576 1781 670 1816 κρίνας
696 1781 786 1809 δοῦναι
812 1783 861 1818 τὴν

67 1823 147 1857 χάριν
170 1821 207 1857 τῷ
231 1823 457 1859 προκατάρξαντι,
473 1826 535 1857 τοὺς
556 1826 651 1858 ἄλλους
677 1826 721 1853 διὰ
739 1827 788 1862 τῆς
807 1827 861 1858 τῶν

67 1867 152 1900 Λόγων
174 1867 372 1903 φιλοφροσύνης
396 1869 615 1905 διασπασάμενός
637 1879 666 1897 τε
688 1872 735 1898 καὶ
760 1872 861 1899 ἀντιτι-

68 1913 168 1946 μήσας,
187 1912 262 1948 παρὰ.
281 1912 320 1948 τῷ
346 1914 507 1949 προλαϐόντι
535 1915 695 1948 κατάγεται.
721 1916 751 1943 Et
774 1917 802 1943 δὲ
826 1918 863 1944 δι-

69 1959 227 1994 ηγηματική
242 1959 284 1990 τίς
298 1960 356 1985 ἐστι
378 1960 425 1986 καὶ
448 1961 636 1994 ἀκατάσκευος
651 1962 706 1988 τῶν
730 1963 793 1999 περὶ
813 1964 861 1990 αὒ-

66 2003 113 2030 ἐοὖ
138 2003 225 2038 λόγων
253 2005 269 2040 ή
296 2005 409 2040 ἱστορία,
433 2006 483 2038 τὰς
511 2007 543 2033 ἐκ
565 2007 704 2043 περινοίας
724 2009 794 2041 τινὸς
816 2010 862 2044 ἐφ.

67 2051 264 2086 ευρισκομένας
285 2053 342 2084 τοῖς
363 2053 522 2089 πράγμασιν
543 2055 707 2091 ἐπαυξήσεις
730 2057 860 2090 ἑκουσίως

68 2096 113 2123 τοῦ
138 2098 274 2133 ἡμετέρου
292 2098 491 2134 παραλιπόντος
513 2100 604 2135 λόγου·
632 2102 735 2136 γένοιτο
757 2103 790 2130 ἂν
812 2105 860 2131 καὶ

66 2143 134 2178 αὑτὴ
152 2145 207 2176 τοῖς
228 2143 315 2179 ὀρθῶς
339 2144 374 2171 τὰ
397 2145 546 2181 πράγματα
569 2147 705 2183 κρίνουσιν
722 2150 753 2175 οὐ
773 2149 859 2185 μικρὰ

70 2190 216 2226 μαρτυρία,
239 2190 286 2217 τοῦ
315 2191 397 2226 μηδὲν
421 2191 454 2218 δι’
484 2193 607 2225 ἐπινοίας
630 2194 795 2227 ἐπαύξεσθαι
821 2195 859 2231 τῷ

70 2235 299 2271 μνημονευομένῳ
319 2236 353 2263 τὰ
379 2236 515 2272 θαύματα,
533 2239 589 2265 ἀλλ’
612 2239 706 2274 ἀρκεῖν
725 2240 774 2276 τὴν
794 2243 861 2277 μνή-

70 2287 122 2313 μην
143 2280 198 2306 τῶν
219 2280 280 2306 κατ’
298 2280 379 2306 αὑτὸν
408 2282 576 2316 πραγμάτων
604 2283 672 2317 πρὸς
696 2284 860 2311 τελειότατον

68 2324 194 2352 ἔπαινον·
224 2322 280 2352 οἷόν
299 2334 325 2352 τι
352 2325 448 2358 καλλος
475 2327 607 2361 αὐτοφυὲς
634 2329 680 2354 ἐπὶ
704 2329 858 2364 προσώπου,

68 2370 181 2406 οὐδεμιᾷ
199 2372 344 2407 περιεργίᾳ
366 2373 545 2407 κομμωτικῆς
563 2373 660 2409 τέχνης
680 2374 860 2409 ἐπανοιζόμε-

75 2424 121 2444 ιον.
140 2417 243 2443 ὀντων
264 2417 292 2443 δὲ
309 2417 362 2444 τῶν
387 2420 650 2454 προκατηχουμένων
670 2420 716 2446 τὸν
736 2420 813 2454 λόγον
830 2421 859 2447 ἐν

69 2461 150 2497 ὀλίγῳ
173 2461 212 2497 τῷ
235 2462 354 2498 ἀριθμῷ,
370 2464 433 2498 πρὶν
457 2464 600 2499 παρελθεῖν
617 2464 664 2500 τὴν
679 2466 794 2501 ἡμέραν,
811 2466 859 2493 καὶ

70 2506 97 2533 ὲν
110 2506 226 2542 δυσμαῖς
243 2508 368 2541 γενέσθαι
393 2508 438 2536 τὸν
461 2509 545 2544 ἥλιον,
565 2509 685 2537 τοσοῦτοι
711 2512 786 2548 παρὰ
810 2513 859 2546 τὴν

71 2554 213 2588 συντυχίαν
229 2554 401 2589 προσέθεντο,
419 2555 487 2582 ὥστε
509 2555 576 2591 πρὸς
597 2555 722 2591 σύστημα
742 2556 806 2583 λαοῦ
829 2557 859 2584 τὸ

71 2597 171 2634 πλῆθος
196 2599 250 2625 τῶν
273 2601 492 2628 πεπιστευκότων
515 2601 613 2634 ἱκανῶς
633 2602 714 2637 ἔχειν.
733 2602 856 2638 Ὄρθρνς,

71 2643 116 2670 καὶ
130 2644 211 2670 πάλιν
226 2644 272 2670 ἐπὶ
291 2645 386 2680 θύραις
400 2647 414 2672 ὁ
428 2646 522 2681 δῆμος,
540 2647 615 2673 αὐτοί
629 2656 657 2674 τε
673 2648 718 2674 καὶ
732 2650 858 2682 γυναῖκες

71 2688 113 2713 καὶ
131 2690 235 2721 παῖδες,
252 2691 298 2716 καὶ
313 2691 342 2717 τὸ
355 2691 468 2726 γηραιὸν
480 2692 529 2726 τῆς
543 2692 658 2727 ἡλικίας,
672 2694 718 2720 καὶ
732 2693 772 2726 οἷς
788 2703 858 2722 τισιν

71 2729 103 2767 ἦν
119 2734 150 2760 ἐκ
169 2734 314 2769 δαιμόνων,
329 2736 346 2770 ἢ
364 2736 393 2769 ἐξ
406 2736 487 2772 ἄλλης
501 2738 574 2768 τινὸς
598 2738 738 2773 ἐπηρείας,
754 2739 769 2774 ἡ
790 2748 858 2774 συμ-

73 2778 140 2812 φορὰ
156 2780 220 2815 περὶ
238 2780 268 2806 τι
284 2780 377 2816 σῶμα·
401 2782 448 2808 καὶ
464 2783 493 2808 ἐν
510 2782 599 2817 μέσοις
614 2784 713 2815 ἐκεῖνος
727 2784 795 2819 πρὸς
809 2783 858 2820 τὴν

73 2824 185 2852 ἑκάστου
215 2826 269 2852 τῶν
299 2826 511 2862 συν;ιλεγμ.ἐνο›ν
543 2829 636 2863 χρείαν
662 2830 797 2864 ἁρμοδίως
825 2832 856 2866 τῇ

944 1736 1012 1764 Cum
1026 1741 1118 1764 autem
1147 1738 1225 1765 multi
1253 1738 1336 1766 etiam
1354 1739 1400 1765 alii
1429 1745 1640 1773 concurrerent.
1673 1745 1700 1768 et

909 1782 1003 1810 eadem
1020 1787 1158 1818 rogarent,
1178 1791 1288 1818 aequum
1313 1791 1374 1811 esse
1394 1784 1523 1819 judicans
1550 1786 1698 1821 gratiﬁcari

909 1828 944 1860 ei,
959 1828 1005 1863 qui
1021 1832 1142 1864 tempore
1161 1829 1236 1863 prior
1253 1829 1280 1855 in
1308 1828 1455 1857 deferendo
1474 1829 1562 1857 oﬁieio
1590 1830 1698 1864 fuisset,

909 1881 972 1901 cum
991 1878 1105 1901 caeteros
1118 1874 1236 1909 benigne
1260 1876 1395 1903 salutatos
1421 1875 1511 1904 verbis
1538 1876 1699 1905 honoriﬁcis

911 1919 1027 1946 invicem
1045 1926 1210 1954 prosecutus
1220 1920 1382 1954 dimisisset,
1396 1920 1428 1948 ad
1445 1922 1562 1956 priorem
1575 1921 1697 1950 divertit.

911 1963 990 1997 Quod
1006 1964 1028 1991 si
1046 1964 1162 1991 historia
1182 1973 1273 1991 rerum
1289 1965 1323 1992 ah
1337 1973 1370 1992 eo
1388 1969 1526 1999 gestarum
1543 1966 1610 1993 nihil
1634 1974 1700 2001 prae.

910 2014 952 2037 ter
977 2017 1068 2037 rerum
1087 2010 1275 2038 narrationem
1296 2011 1419 2038 continet
1433 2015 1460 2039 et
1485 2011 1624 2039 incondita
1644 2017 1698 2046 est,

910 2055 984 2091 quod
1015 2063 1107 2084 sermo
1136 2060 1232 2084 noster
1256 2057 1385 2084 consulto
1410 2058 1614 2092 praetermiserit
1638 2066 1697 2091 eas,

911 2110 972 2136 quae
989 2102 1083 2130 solerti
1102 2102 1219 2137 quadam
1244 2103 1447 2137 excogitatione
1466 2103 1589 2131 adhiberi
1615 2104 1698 2132 rebus

911 2147 1011 2179 solent,
1037 2146 1266 2181 ampliﬁcationes
1291 2151 1318 2175 et
1343 2147 1585 2183 exaggerationes:
1616 2147 1698 2176 fuerit

876 2190 897 2216 ι)
911 2193 992 2219 etiam
1009 2192 1061 2219 hoc
1081 2199 1134 2218 non
1152 2191 1204 2219 levi
1219 2192 1291 2226 apud
1308 2199 1357 2220 eos
1373 2193 1420 2228 qui
1440 2196 1516 2220 recto
1530 2192 1636 2228 judicio
1653 2201 1698 2220 res

910 2238 1057 2270 aestimant,
1072 2237 1230 2265 testimonio
1245 2241 1328 2272 atque
1343 2242 1515 2273 argumento,
1527 2239 1600 2273 quod
1623 2239 1698 2266 nullo

911 2283 991 2311 modo
1005 2283 1039 2311 de
1054 2283 1191 2311 industria
1209 2284 1342 2311 miracula
1359 2285 1410 2311 viri
1431 2285 1511 2319 cujus
1538 2286 1696 2312 memoriam

910 2328 1091 2360 celebramus,
1107 2334 1320 2364 exaggerentur,
1342 2330 1389 2357 sed
1407 2338 1498 2357 rerum
1521 2330 1581 2365 ejus
1595 2338 1697 2358 memo-

910 2375 950 2401 ria
973 2374 1090 2402 sulIiciat
1111 2374 1143 2402 ad
1166 2373 1394 2409 perfectissimam
1411 2376 1540 2404 laudem:
1567 2380 1696 2411 tanquam

909 2421 1001 2448 nativa
1022 2421 1145 2456 quaedam
1164 2422 1351 2457 pulchritudo,
1367 2430 1427 2457 qua:
1447 2422 1551 2450 nullius
1569 2423 1697 2451 lenocinii

909 2472 1079 2500 supervacua
1092 2465 1214 2494 adhibita
1228 2474 1294 2494 cura
1308 2467 1335 2494 in
1351 2466 1422 2495 facie
1442 2467 1599 2495 eﬁlorescit.
1628 2467 1697 2495 Cum

910 2515 1000 2538 autem
1016 2511 1115 2547 exiguo
1132 2520 1247 2540 numero
1261 2517 1366 2546 essent,
1393 2513 1440 2548 qui
1460 2520 1613 2540 sermonem
1634 2516 1698 2540 ante

910 2555 1090 2589 audivissent,
1104 2557 1265 2593 priusquam
1280 2557 1340 2585 dies
1356 2557 1542 2592 praeteriisset,
1554 2562 1580 2584 et
1594 2564 1631 2584 sor
1649 2565 1697 2584 οε-

909 2602 1032 2635 cidisset,
1051 2603 1119 2630 adeo
1137 2603 1215 2630 multi
1240 2603 1329 2638 primo
1352 2611 1488 2630 concursu
1509 2607 1695 2635 accesserunt,

909 2651 938 2674 ut
951 2648 985 2674 ad
1006 2649 1231 2677 constituendum
1261 2649 1391 2684 populum
1415 2648 1560 2675 multitudo
1584 2655 1695 2682 eorum,

909 2694 956 2728 qui
970 2693 1155 2727 crediderant,
1170 2695 1238 2722 satis
1258 2701 1355 2729 magna
1377 2697 1461 2721 esset.
1487 2693 1622 2722 Postridie
1636 2693 1697 2728 ejus

909 2739 962 2767 diei
981 2739 1157 2775 simulatque
1169 2740 1325 2771 diluxisset,
1336 2747 1433 2767 rursus
1447 2739 1587 2767 hominum
1605 2741 1697 2768 multi—

909 2786 976 2813 tudo
991 2785 1121 2821 frequens
1138 2794 1198 2814 eum
1216 2786 1348 2814 uxoribus
1362 2789 1389 2813 et
1401 2785 1504 2818 liberis,
1519 2785 1581 2813 item
1601 2787 1696 2815 senilis

908 2835 986 2864 etas,
1003 2835 1029 2859 et
1042 2832 1253 2867 quibuscuuque
1267 2840 1299 2859 cx
1319 2833 1472 2859 daemonum
1490 2831 1591 2867 injuria
1608 2832 1694 2861 aliave
