1917 3079
41 112 121 143 925

541 115 585 143 ΒΕ
601 115 682 144 νιτΑ
702 115 731 145 S.
750 116 916 147 GREGORII
933 117 1201 149 THAUMATURGI.

1639 121 1693 149 926

40 182 122 206 τος,
140 174 259 210 ἠρκέσθη
275 174 318 201 διὰ
345 176 408 209 μιᾶς
426 175 514 202 πᾶσαν
535 176 580 203 τοῦ
603 177 696 212 ἀνδρὸς
723 178 853 213 παραστῆι

913 181 1075 207 sententiam
1095 188 1325 214 commemorare,
1350 185 1388 213 ut,
1405 181 1481 216 juxta
1499 181 1690 215 proverbium,

45 227 112 246 σαι
136 220 185 254 τὴν
211 219 326 245 σύνεσιν.
342 220 404 245 Ὅτε
430 221 490 251 ταῖς
517 220 563 246 δύο
589 221 705 256 μητράσι
732 221 858 253 δικάζων,

44 265 161 300 ἐπειδὴ
185 265 375 298 ἀνεξέλεγκτον
393 263 426 299 ἦν
449 265 478 291 τὸ
500 265 620 301 ἀδίκημα
633 287 640 299 ,
666 267 736 292 κατὰ
755 267 785 292 τὸ
803 267 859 292 ἴσον

44 311 200 346 ἑκατέρας
217 311 317 342 αὐτῶν,
333 310 363 336 τὸ
384 311 433 345 μὲν
454 311 582 345 τεθνηκὸς
604 312 707 338 παιδίον
729 312 759 338 οὐ
777 321 860 347 προσ-

48 357 189 392 ιεμένης,
215 356 261 383 τοῦ
287 356 315 382 δὲ
341 357 480 391 περιόντος
509 358 698 393 ἀντεχομένης,
728 358 798 392 ἔγνω
825 358 859 384 δι’

45 402 188 433 ἐπινοίας
223 402 377 437 ἀνιχνεῦσαι
410 402 458 437 τὴν
492 405 684 439 κεκρυμμένην
719 404 857 439 ἀλήθειαν.

56 448 183 484 Ἐπειδὴ
197 449 251 484 γὰρ
266 449 423 484 ἀμάρτυρον
440 447 472 484 ἦν
487 449 517 475 τὸ
541 450 670 484 ἀδίκημα,
686 450 731 476 καὶ
754 451 858 476 ἰσοστά-

47 501 125 524 σιος
146 494 188 527 ἐφ’
208 494 343 529 ἑκατέρων
364 494 381 528 ἦ
397 503 424 520 τε
441 494 487 520 τοῦ
503 494 614 528 ψεύδους
636 496 680 522 καί
697 496 711 530 ἡ
728 495 778 530 τῆς
791 495 857 530 ἀλη-

47 537 143 569 θείας
163 539 282 570 ὑπόνοια,
311 538 360 573 τὴν
384 538 463 571 φύσιν
485 539 523 569 είς
553 539 702 574 μαρτυρίαν
725 539 775 574 τῆς
796 539 858 574 ἁλη-

47 581 142 615 Οείας
167 583 255 618 ἑαυτῴ
278 584 484 619 παρεστήσατο,
516 584 558 610 διὰ
585 585 634 618 τῆς
662 584 857 620 σεσοφισμένης

46 629 181 663 ἀπειλῆς
207 629 252 655 τὸν
282 629 381 655 σκοπὸν
408 629 459 662 τῆς
484 629 600 660 διανοίας
625 630 854 665 ἐπικρυψάμενος.

46 673 226 709 Προστάξας
238 674 292 709 γὰρ
306 674 385 709 δῆθεν
409 674 455 700 τοῦ
470 683 499 700 τε
522 675 660 709 περιόντος
679 676 726 702 καὶ
743 676 789 701 τοῦ
811 684 854 701 τε-

47 720 196 755 Θνηκότος
212 720 242 746 τὺ
262 720 340 754 σῶμα
357 720 427 746 κατά
441 720 470 746 τὸ
492 721 547 746 ἴσον
566 720 637 754 ξίφει
654 720 855 756 διατμηθὲν-των

47 766 232 801 ἀμφοτέραις
249 765 469 801 προσνεμηθῆναι
490 768 523 792 τὰ
541 766 594 792 τῶν
611 766 711 793 τέκνων
725 766 853 801 ἡμίτομα,

47 812 207 846 παρέδωκε
233 814 265 847 τῇ
288 811 366 846 φύσει
394 812 442 847 τῆς
470 811 597 847 ἀληθείας
614 811 663 847 τὴν
690 812 778 847 κρίσιν
807 811 853 838 τοῦ

48 858 236 892 πράγματος.
258 858 300 889 Ὠς
319 859 373 893 γὰρ
397 858 413 893 ὴ
436 858 484 892 μὲν
509 858 633 892 ἀσμένως
655 858 685 885 τὺ
708 867 855 894 προστετα-

46 904 165 938 γμένον
181 904 299 936 ἐδέξατο,
323 904 369 930 καὶ
387 904 432 930 τὸν
448 905 542 939 δήμιον
557 905 686 940 ἤπειγεν·
702 905 718 939 ἡ
741 904 769 931 δὲ
790 913 855 939 συγ-

49 949 206 984 κινηοεῖσα
231 951 286 980 τοῖς
310 949 446 985 μητρῲοις
475 950 648 984 σπλάγχνοις,
671 950 802 985 ἡττῆσθαι
817 950 855 976 δι-

47 995 213 1029 ωμολόγει,
240 995 384 1029 φείσασθαι
402 995 448 1021 τοῦ
470 995 565 1021 τέκνου
587 995 780 1030 παρακαλοῦσα
797 995 855 1030 (χά-

52 1050 105 1076 ριν
122 1042 177 1076 γὰρ
192 1040 274 1076 εἶχεν,
291 1043 313 1068 εἱ
330 1042 452 1068 ὁπωσοῦν
471 1042 500 1067 τὸ
516 1042 611 1077 νήπιον
627 1042 764 1077 σώζοιτο),
777 1042 855 1068 τοῦτο

49 1089 204 1122 κριτῆριον
220 1088 269 1123 τῆς
292 1087 419 1123 ἀληθείας
441 1089 454 1114 ὁ
477 1087 601 1121 βασιλεὺς
618 1088 808 1122 ποιησάμενος,
821 1089 853 1123 τῇ

50 1133 132 1159 κατὰ
149 1133 179 1159 τὸ
202 1133 322 1160 ἑκούσιον
343 1134 392 1168 τὴν
414 1132 531 1159 νικῶσαν
545 1133 633 1168 ψῆφον
648 1133 796 1168 χαρίζεται,
814 1133 855 1160 λο‹

49 1179 209 1213 τισάμενος
228 1180 268 1205 ὃτι
288 1179 304 1213 ὴ
323 1179 468 1212 ἀφειδοῦσα
491 1179 540 1213 τῆς
561 1178 606 1205 τοῦ
630 1179 724 1205 τέκνου
748 1180 853 1213 σφαγῆς

51 1225 255 1259 κατηγορεῖται
272 1223 346 1258 παρὰ
369 1225 418 1257 τῆς
441 1223 556 1257 φύσεως.
584 1223 630 1250 καὶ
655 1224 692 1255 ὡς
715 1224 764 1251 οὑκ
786 1222 853 1250 οὖσα

53 1270 155 1304 μήτηρ
170 1270 285 1301 ἐκείνου,
299 1267 328 1296 εὖ
344 1269 499 1303 κατεπείγει
513 1270 557 1295 τὸν
574 1269 696 1296 Θάνατον.
716 1270 782 1296 Τίνα
799 1271 853 1296 τοί-

49 1324 108 1342 νυν
126 1316 172 1341 καὶ
188 1316 266 1350 ἡμεῖς
280 1316 369 1350 κρίσιν
387 1315 433 1341 τοῦ
455 1315 571 1350 μεγάλου
588 1315 736 1350 Γρηγορίου
760 1316 853 1350 διηγη-

53 1361 184 1395 σόμεοα;
203 1361 253 1387 Δύο
270 1361 341 1392 τινὲς
366 1360 483 1394 ἀδελφοὶ,
506 1361 561 1386 νέοι
579 1360 627 1395 τὴν
649 1361 766 1395 ἡλικίαν,
791 1361 852 1396 ἄρτι

51 1407 106 1432 τὸν
131 1406 257 1441 πατρῷον
280 1407 308 1433 ὲν
334 1407 439 1437 ἑαυτοῖς
464 1406 609 1441 διελόμενοι
632 1406 740 1442 κλῆρον,
756 1406 852 1441 λίμνης

52 1452 252 1478 ἀντεποιοῦντο
276 1452 348 1486 μιᾶς,
376 1452 465 1477 πᾶσαν
478 1451 548 1485 ἔχειν
564 1451 775 1484 φιλονεικοῦντες
790 1451 853 1477 ἑκά-

51 1506 151 1533 τερος,
183 1497 228 1523 καὶ
251 1497 281 1523 οὑ
307 1497 522 1532 παραδεχόμενος
547 1498 592 1523 τὸν
623 1497 701 1523 ἄλλον
722 1499 735 1524 ό
761 1498 852 1533 ἕτερος

52 1545 99 1574 εἰς
126 1543 267 1569 κοινωνίαν
285 1542 335 1577 τῆς
355 1544 485 1577 κτήσεως.
512 1543 616 1569 Γίνεται
641 1541 686 1569 οὖν
708 1543 758 1578 τῆς
776 1543 851 1578 δίκης

53 1590 157 1624 κύριος
173 1590 186 1616 ὁ
199 1589 365 1620 διδάσκαλος.
382 1590 437 1616 Καὶ
451 1589 520 1615 κατὰ
542 1589 586 1616 τὸν
605 1589 686 1615 τόπον
699 1590 852 1623 γενόμενος,

53 1637 118 1666 τοῖς
138 1635 210 1666 ἰδίοις
226 1634 306 1660 αὑτοῦ
329 1634 421 1669 νόμοις
444 1635 574 1671 ἐκέχρητο
594 1635 660 1670 προς
674 1635 722 1670 τὴν
739 1635 852 1666 δίαιταν,

55 1681 102 1711 εἰς
120 1680 292 1714 καταλλαγὰς
311 1681 394 1714 ἄγων,
409 1681 454 1706 καὶ
471 1681 605 1715 συμϐῆναι
632 1680 795 1716 παρακαλῶν
812 1680 854 1707 διὰ

56 1725 153 1758 φιλίας
176 1725 237 1756 τοὺς
256 1725 341 1756 νέους,
364 1725 409 1750 καὶ
432 1725 461 1751 τὸ
478 1725 526 1760 τῆς
552 1726 662 1761 εἰρήνης
682 1726 775 1760 κέρδος
790 1735 854 1761 προ-

53 1770 203 1805 τιμότερον
230 1770 283 1797 τῶν
312 1771 344 1797 ὲκ
365 1771 414 1806 τῆς
441 1771 570 1806 προσόδου
597 1771 770 1806 ποιήσασθαι.
799 1772 853 1807 Τὴν

57 1816 112 1849 μὲν
127 1815 180 1850 γὰρ
195 1816 235 1847 εἰς
251 1816 293 1842 ἀεὶ
319 1816 486 1851 παραμένειν
510 1817 554 1843 καὶ
572 1816 637 1848 ζῶσι
659 1818 706 1843 καὶ
729 1816 854 1853 τελευτή-

56 1869 155 1887 σασιν·
176 1861 230 1887 τῶν
248 1861 276 1887 δὲ
294 1862 457 1897 πρόσκαιρον
475 1862 523 1897 μὲν
542 1863 592 1898 τὴν
611 1863 769 1894 ἀπόλαυσιν,
785 1864 852 1890 αἰω-

54 1907 120 1933 νίαν
136 1907 164 1933 δὲ
178 1909 209 1942 τῇ
233 1908 277 1933 ἐπὶ
296 1908 343 1943 τὴν
363 1908 452 1944 ἀδικίᾳ
469 1908 628 1943 κατάκρισιν
650 1909 716 1943 ἔχει,
737 1910 783 1935 καὶ
803 1910 852 1936 ὅσα

54 1953 136 1984 εῐκδς
147 1950 180 1987 ἦν
195 1953 297 1979 ἐκεῖνον
312 1953 410 1987 λέγειν,
431 1953 644 1980 καταστέλλοντα
665 1954 695 1980 τὸ
717 1955 850 1981 ἀτακτοῦν

53 2000 110 2032 ’τῆς
129 1999 261 2034 νεότητος.

913 228 986 251 totus
1002 233 1110 259 pannus
1125 233 1156 252 ac
1172 226 1225 252 tela
1239 234 1253 253 a
1271 227 1350 253 nobis
1363 235 1396 253 ex
1415 226 1521 253 (imbria
1542 234 1692 261 cognosca-

911 275 965 297 tur.
981 270 1086 297 Etenim
1103 278 1164 298 cum
1186 272 1284 298 multas
1300 271 1472 298 subditorum
1488 272 1692 298 controversias

911 315 1041 343 Solomon
1068 317 1187 344 decretis
1212 318 1270 344 suis
1296 321 1322 344 et
1354 317 1497 344 sententiis
1522 317 1692 351 interpositis

910 363 1077 394 diremisset,
1091 371 1138 398 per
1155 371 1239 390 unum
1253 363 1385 389 duntaxat
1400 363 1460 396 ejus
1472 363 1610 390 decretqu
1623 364 1691 389 satis

910 408 1004 435 habttit
1021 416 1129 435 omnem
1156 409 1206 435 viri
1234 408 1405 443 prudentiam
1436 408 1580 435 ostendere
1599 408 1691 434 divina

910 453 1064 488 Scriptura.
1093 454 1161 481 Cum
1188 455 1258 481 inter
1290 454 1360 481 duas
1389 459 1492 481 matres
1511 453 1558 488 jus
1584 454 1689 486 dicens,

907 499 1128 534 quandoquidem
1159 500 1258 534 injuria
1283 505 1364 534 atque
1394 500 1553 534 improbitas
1582 500 1690 534 probari

908 548 990 580 atque
1002 545 1127 572 couvinci
1140 553 1194 572 non
1209 549 1325 579 poterat,
1342 549 1456 578 tttraque
1480 551 1574 570 earum
1590 544 1691 578 pariter

907 596 1045 618 mortuum
1059 591 1169 625 quidem
1182 589 1313 617 infantem
1341 593 1496 621 aversante,
1515 588 1689 623 superstitem

907 644 971 663 vero
987 636 1144 663 vindicante
1154 657 1161 669 ,
1175 635 1285 663 solertia
1300 634 1416 669 quadam
1427 642 1457 661 ac
1473 633 1549 661 vafro
1563 633 1689 663 consilio,

906 683 1036 709 latentem
1058 682 1200 709 veritatem
1230 682 1324 708 statuit
1349 681 1525 714 investigare.
1555 679 1689 711 Quoniam

906 728 979 755 enim
1003 728 1118 755 testibus
1138 727 1300 762 improbitas
1322 731 1348 753 et
1369 727 1490 760 nequitia
1511 725 1631 756 carebat,
1658 731 1690 751 ac

906 781 955 808 par
967 774 1094 808 utrinque
1104 778 1160 799 tam
1176 773 1321 804 mendacii,
1336 780 1416 806 quam
1431 771 1554 798 veritatis
1568 769 1689 804 suspicio

906 824 985 846 erat:
1004 823 1129 846 naturam
1145 819 1197 846 sibi
1220 819 1246 845 iu
1266 818 1451 844 testimonium
1468 817 1591 844 veritatis
1612 815 1689 842 adhi-

908 863 976 894 buit,
993 871 1041 897 per
1061 863 1204 889 simulatas
1220 866 1246 890 et
1270 865 1347 889 hctas
1365 862 1453 888 minas
1467 861 1532 896 quid
1554 865 1645 895 ageret
1662 863 1689 886 et

907 909 933 935 iu
947 908 1038 935 auitno
1055 908 1166 935 haberet
1179 908 1334 935 occultans.
1351 907 1419 934 Cum
1437 907 1510 934 enim
1528 905 1608 940 quasi
1627 905 1688 938 jus-

906 955 999 986 sisset,
1029 958 1059 981 ut
1089 959 1143 981 tam
1170 954 1337 988 superstitis,
1367 960 1448 987 quam
1482 951 1581 978 mortui
1598 950 1689 985 gladio

906 1000 1048 1034 aequaliter
1064 999 1247 1026 dissectorum
1271 999 1380 1033 utrique
1395 998 1526 1024 darentur
1542 995 1689 1022 dimidiatae

907 1046 1022 1073 ﬁliorum
1038 1050 1140 1080 partes,
1156 1045 1194 1072 rei
1210 1045 1333 1071 veritatis
1346 1044 1482 1078 judicium
1501 1047 1606 1069 naturae
1628 1049 1689 1075 per-

906 1091 988 1117 misit.
1003 1090 1038 1117 Ut
1052 1091 1124 1117 euim
1142 1099 1194 1117 una
1215 1091 1323 1125 quidem
1344 1091 1458 1117 libenter
1475 1090 1501 1116 id
1517 1089 1588 1123 quod
1606 1088 1690 1122 impe-

905 1141 994 1163 ratqu
1005 1136 1280 1170 erat,accipiebat,et
1294 1135 1449 1162 carniﬁcem
1465 1134 1589 1169 urgebat,
1605 1134 1689 1160 altera

904 1190 969 1210 vero
976 1182 1104 1209 maternis
1112 1181 1261 1209 visceribus
1272 1186 1406 1208 commota
1417 1188 1445 1208 se
1453 1181 1551 1207 victam
1561 1187 1621 1206 esse
1627 1186 1690 1205 con-

904 1228 1028 1257 cedebat.
1048 1234 1147 1261 rogans
1162 1231 1191 1253 ut
1206 1226 1261 1252 tilio
1273 1230 1432 1260 parceretur
1446 1226 1454 1259 (
1468 1225 1582 1260 gratiam
1615 1224 1687 1251 enim

905 1281 965 1300 sese
981 1273 1134 1299 habituram
1161 1279 1222 1298 CSSe
1234 1271 1333 1303 aiebat,
1348 1271 1371 1297 si
1391 1270 1489 1305 quovis
1505 1270 1585 1296 modo
1598 1268 1689 1296 infans

905 1318 1071 1352 servaretur)
1086 1324 1092 1344 :
1106 1317 1157 1343 hoc
1173 1316 1317 1344 arbitrium
1337 1316 1459 1343 veritatis
1475 1323 1522 1342 rex
1535 1323 1595 1342 esse
1611 1322 1688 1350 repu-

904 1369 966 1391 tans
981 1364 1016 1395 ei,
1038 1371 1098 1398 qum
1123 1367 1221 1397 sponte
1245 1370 1294 1389 sua
1315 1361 1506 1389 succumberet
1523 1364 1550 1388 et
1570 1360 1641 1386 vinci
1658 1367 1689 1386 se

904 1413 1055 1444 pateretur,
1081 1408 1245 1436 sententiam
1271 1407 1413 1434 victricem
1440 1406 1566 1441 largitur,
1590 1405 1686 1432 existi-

903 1463 982 1482 mans
997 1454 1069 1489 quod
1089 1462 1132 1485 ea,
1151 1460 1211 1488 qum
1227 1460 1281 1480 non
1308 1456 1417 1479 curaret
1436 1451 1521 1478 [ilium
1543 1450 1686 1482 trucidari,

904 1509 918 1527 a
945 1504 1041 1526 natura
1061 1503 1232 1534 argueretur,
1252 1497 1325 1533 quod
1346 1505 1400 1524 non
1415 1501 1487 1524 esset
1512 1499 1600 1523 tnater
1615 1495 1687 1530 ejus,

906 1546 988 1580 cujus
1012 1553 1106 1572 necem
1136 1545 1260 1580 urgebat.
1290 1543 1377 1576 Quam
1404 1542 1487 1578 igitur
1513 1550 1563 1569 nos
1590 1545 1687 1568 contra

902 1591 993 1626 magni
1009 1590 1133 1625 Gregorii
1144 1597 1235 1617 causa;
1250 1589 1434 1623 cognitionem
1451 1592 1532 1622 atque
1547 1587 1685 1614 decretum

902 1636 1098 1664 narrabimus?
1120 1636 1178 1663 Duo
1203 1635 1313 1670 quidatn
1343 1635 1442 1662 fratres
1460 1638 1538 1661 aetate
1560 1634 1687 1669 juvenes,

902 1683 949 1716 qui
967 1688 1109 1717 paternam
1126 1681 1312 1708 haereditatem
1337 1688 1425 1715 nuper
1449 1680 1520 1707 inter
1537 1687 1598 1706 sese
1617 1679 1687 1705 divi—

903 1729 1018 1761 sissent,
1037 1728 1126 1754 lacum
1148 1734 1233 1754 unum
1252 1726 1446 1756 vindicabant,
1462 1729 1549 1752 totum
1574 1728 1688 1758 uterque

906 1773 1006 1801 habere
1020 1772 1238 1800 contendentes:
1256 1776 1283 1798 ct
1299 1777 1397 1799 neuter
1420 1771 1534 1798 alterum
1551 1771 1577 1797 in
1597 1769 1687 1797 socie-

903 1824 986 1847 tatem
1010 1819 1196 1855 possessionis
1220 1818 1391 1845 admittebat.
1414 1817 1586 1844 Permittitur
1605 1815 1689 1849 igitur

904 1866 1036 1900 magistro
1051 1865 1123 1891 litem
1142 1863 1289 1891 diritnentli
1305 1863 1391 1890 libera
1404 1866 1538 1897 potestas.
1556 1860 1607 1893 Qui
1624 1867 1687 1886 cum

904 1911 936 1938 ad
971 1911 1061 1937 locum
1091 1909 1135 1945 (de
1161 1917 1215 1944 quo
1241 1909 1428 1936 controversia
1456 1907 1525 1942 erat)
1550 1906 1686 1935 venisset.

904 1957 962 1985 suis
998 1956 1086 1991 ipsius
1117 1955 1223 1990 legibus
1236 1955 1360 1981 lllt‘ltilllﬂ'
1384 1954 1416 1979 ad
1437 1953 1590 1983 arbitrium,
1614 1951 1687 1986 quod

904 2006 1055 2038 receperat,
1085 2001 1306 2036 disceptandum,
1341 2000 1592 2027 reconciliationem
1625 2005 1687 2024 sua-

55 2045 141 2075 dens,
158 2048 185 2071 et
203 2049 231 2071 ut
247 2045 334 2072 amice
355 2045 427 2072 inter
442 2053 472 2072 se
489 2046 700 2077 concordarent,
719 2051 746 2073 et
768 2048 844 2082 pacis
866 2049 971 2076 lucrum
992 2048 1090 2083 pluris,
1108 2055 1190 2082 quam
1212 2046 1237 2073 id
1261 2046 1333 2081 quod
1368 2054 1399 2073 ex
1438 2044 1616 2079 proventibus
1641 2050 1688 2069 ca-

56 2095 169 2124 perent,
188 2092 368 2125 :rstimarent,
394 2091 583 2119 adolescentes
610 2093 768 2120 adhortans.
782 2093 849 2121 Nam
869 2103 963 2131 pacem
979 2095 1088 2130 quidem
1118 2095 1145 2121 in
1175 2100 1337 2129 perpetuum
1352 2098 1379 2120 et
1396 2092 1551 2120 viventibus
1565 2094 1593 2117 et
1614 2097 1688 2116 mor-

57 2137 118 2164 tuis
135 2145 313 2171 permanere;
332 2139 469 2166 rcdituum
488 2147 554 2167 vero
570 2141 768 2175 temporarium
803 2143 913 2177 quidem
947 2151 1009 2171 esse
1032 2142 1217 2173 usufructum,
1256 2144 1383 2168 aeternam
1404 2146 1467 2166 vero
1499 2138 1534 2165 ob
1559 2136 1686 2171 injuriam

55 2182 329 2215 candemnationetn,
344 2188 371 2211 et
388 2193 558 2220 quaecunque
573 2194 622 2221 par
657 2191 716 2214 erat
747 2187 824 2215 illum
858 2189 951 2217 dicere
976 2190 1168 2224 reprimentem
1194 2191 1221 2214 ct
1261 2186 1434 2214 cohibentem
1460 2183 1635 2212 insolentiam
1660 2184 1689 2208 et

56 2227 267 2256 immoderatam
288 2229 465 2264 cupiditatem
479 2231 644 2266 juventutis.

100 2315 178 2341 Ἐπεὶ
193 2314 221 2341 δὲ
240 2316 379 2350 ἄπρακτος
392 2314 425 2352 ἦν
439 2318 455 2352 ἡ
474 2318 653 2353 παράκλησις,
669 2319 743 2354 καὶὴ
758 2319 851 2354 νεότης
868 2322 889 2349 1)

58 2361 256 2395 ὲιρλέγμαινεν,
283 2362 328 2388 καὶ
355 2363 393 2394 είς
421 2363 505 2398 θυμὸν
533 2363 669 2395 ἐξεκαίετο
693 2364 793 2390 πλείονι
821 2366 850 2399 τῇ

58 2406 148 2432 ἑλπίδι
160 2406 207 2432 τοῦ
223 2406 334 2441 κέρδους
356 2408 581 2443 περιοιδαίνουσα,
595 2409 641 2435 καὶ
662 2409 773 2444 στρατὸς
788 2410 853 2436 ἑκα-

58 2451 178 2487 τέρωθεν
192 2453 223 2477 ἐκ
241 2452 294 2478 τῶν
310 2453 470 2488 ὑποχειρίων
487 2454 716 2489 παρεσκευάζετο,
732 2455 852 2489 πολυχει-

61 2497 104 2531 ρία
122 2497 231 2531 φονῶσα
244 2497 320 2532 θυμῷ
344 2499 390 2525 καὶ
410 2499 515 2535 νεότητι
547 2500 780 2535 στρατηγουμένη,
806 2502 851 2527 καὶ

58 2543 160 2577 ὥριστο
175 2543 225 2578 τῆς
241 2543 397 2579 συμπλοκῆς
416 2545 430 2570 ὁ
446 2545 539 2579 καιρός
550 2553 557 2560 ·
577 2545 725 2580 μελλούσης
739 2545 768 2571 δὲ
782 2546 851 2572 κατὰ

59 2589 107 2624 τὴν
129 2590 275 2623 ὑστεραίαν
290 2590 340 2625 τῆς
367 2590 455 2624 μάχης
483 2590 512 2621 ἐξ
533 2591 670 2625 ἑκατέρων
699 2592 850 2626 συρρήγνυ-

60 2634 133 2665 σΘαι,
150 2635 321 2669 παραμείνας
335 2637 395 2666 ταῖς
414 2635 505 2670 δχοαις
519 2636 568 2670 τῆς
583 2635 679 2671 λίμνης
695 2636 709 2661 ὁ
723 2636 768 2663 τοῦ
782 2636 849 2662 Θεοῦ

60 2680 213 2716 ἄνθρωπος,
233 2682 279 2707 καὶ
303 2682 520 2717 διακαρτερήσας
541 2683 568 2709 ἐν
587 2683 723 2718 ἀγρυπνίᾳ
744 2683 792 2718 τὴν
808 2683 850 2710 νύ-

61 2734 120 2758 κτα,
144 2727 295 2761 Μωσαῐκήν
319 2735 378 2753 τινα
393 2726 612 2762 θαυματουργίαν
630 2729 675 2755 ἐπὶ
691 2728 736 2755 τοῦ
754 2728 848 2760 ὕδατος

60 2770 173 2803 ἔδειξεν·
196 2771 227 2797 οὐ
254 2772 342 2807 πληγῇ
369 2772 466 2807 ῥάϐδου
483 2774 550 2808 πρὸς
575 2774 622 2800 δύο
649 2775 779 2809 τμήματα
804 2774 849 2800 τὸν

63 2814 141 2848 βυθὸν
156 2816 305 2852 διασχίσας,
321 2817 377 2843 ἀλλ’
389 2818 454 2853 εὐχῇ
468 2819 556 2845 πᾶσαν
571 2819 654 2854 αὐτὴν
670 2819 774 2854 ἀθρόως
788 2820 852 2846 ἀπο-

940 2319 994 2347 Sed
1018 2322 1197 2354 posteaquam
1227 2317 1381 2344 adhortatio
1403 2316 1526 2344 inelIicax
1557 2320 1636 2348 erat,
1661 2320 1688 2342 et

901 2366 1034 2401 juventus
1050 2365 1183 2392 aestuabat
1195 2368 1222 2391 et
1240 2363 1474 2395 inﬂammabatur,
1490 2370 1522 2389 ac
1547 2370 1595 2398 spe
1618 2362 1686 2388 lucri

903 2411 1090 2438 intumescens
1118 2409 1216 2443 majori
1246 2409 1388 2435 iracundia
1424 2408 1630 2438 exardescebat,
1661 2412 1687 2434 et

903 2456 1041 2483 exercitus
1056 2455 1184 2489 utrinque
1195 2462 1227 2481 ex
1246 2454 1364 2481 subditis
1376 2454 1532 2488 parabatur,
1543 2457 1571 2481 et
1590 2461 1687 2480 manus
1726 2457 1729 2460 ί

903 2502 985 2529 caedis
1000 2501 1079 2528 avida
1094 2500 1187 2527 furore
1206 2504 1289 2534 atque
1302 2500 1449 2534 juventute
1465 2499 1582 2527 dueibtts
1606 2502 1686 2525 utens

902 2546 1105 2577 instruebatur,
1140 2550 1301 2579 tempusque
1329 2544 1475 2572 conﬂictus
1503 2544 1684 2579 praestitutum

902 2597 961 2619 erat
974 2601 980 2619 :
994 2592 1082 2626 pridie
1096 2591 1156 2626 ejus
1174 2591 1239 2622 diei,
1254 2598 1308 2625 quo
1320 2591 1446 2625 prmlium
1463 2590 1589 2624 utrinque
1611 2595 1685 2615 cotu-

902 2638 1065 2665 mittendum
1086 2637 1186 2670 fuerat,
1207 2644 1269 2663 cum
1286 2636 1368 2663 homo
1385 2636 1432 2663 Dei
1455 2636 1488 2662 ad
1503 2635 1576 2669 ripas
1596 2634 1684 2669 stagni

902 2683 1112 2717 permansisset,
1129 2686 1293 2716 noctemque
1306 2682 1507 2716 pervigilasset,
1522 2680 1683 2707 miraculum

903 2729 1039 2763 quoddam
1064 2728 1213 2755 Mosaicum
1240 2727 1324 2754 edidit
1350 2727 1376 2753 in
1396 2734 1477 2761 aqua,
1501 2733 1555 2753 non
1572 2733 1684 2760 percus-

903 2774 980 2801 sione
995 2774 1078 2809 virgae
1095 2774 1121 2800 in
1148 2773 1217 2800 duas
1242 2778 1330 2807 partes
1350 2771 1515 2807 profundum
1540 2771 1682 2804 diducens,

903 2819 951 2847 sed
980 2827 1085 2847 onmem
1107 2827 1168 2846 eum
1194 2819 1282 2846 lacum
1307 2819 1333 2845 in
1368 2818 1496 2845 incultam
1523 2820 1550 2845 et
1578 2820 1683 2845 vastam
