  <div class='ocr_page' id='page_1' title='image "/cluster/home/n/w/nwhite01/storage/ocr_20150623/46/njp.32101077772604/515.png"; bbox 0 0 1917 3079; ppageno 0'>
   <div class='ocr_carea' id='block_1_1' title="bbox 227 110 280 138">
    <p class='ocr_par' dir='ltr' id='par_1_1' title="bbox 227 110 280 138">
     <span class='ocr_line' id='line_1_1' title="bbox 227 110 280 138; baseline -0.019 0"><span class='ocrx_word' id='word_1_1' title='bbox 227 110 280 138; x_wconf 73' lang='lat'><strong>9‘27</strong></span> 
     </span>
    </p>
   </div>
   <div class='ocr_carea' id='block_1_2' title="bbox 870 101 1242 132">
    <p class='ocr_par' dir='ltr' id='par_1_2' title="bbox 870 101 1242 132">
     <span class='ocr_line' id='line_1_2' title="bbox 870 101 1242 132; baseline -0.005 0"><span class='ocrx_word' id='word_1_2' title='bbox 870 104 899 132; x_wconf 87' lang='lat' dir='ltr'><strong>S.</strong></span> <span class='ocrx_word' id='word_1_3' title='bbox 915 101 1076 132; x_wconf 83' lang='lat' dir='ltr'><strong>GREGORII</strong></span> <span class='ocrx_word' id='word_1_4' title='bbox 1096 102 1242 130; x_wconf 75' lang='lat' dir='ltr'><strong>NYSSENI</strong></span> 
     </span>
    </p>
   </div>
   <div class='ocr_carea' id='block_1_3' title="bbox 1826 94 1877 123">
    <p class='ocr_par' dir='ltr' id='par_1_3' title="bbox 1826 94 1877 123">
     <span class='ocr_line' id='line_1_3' title="bbox 1826 94 1877 123; baseline -0.059 0"><span class='ocrx_word' id='word_1_5' title='bbox 1826 94 1877 123; x_wconf 67' lang='lat'><strong>9‘18</strong></span> 
     </span>
    </p>
   </div>
   <div class='ocr_carea' id='block_1_4' title="bbox 229 153 1022 198">
    <p class='ocr_par' dir='ltr' id='par_1_4' title="bbox 229 160 1018 198">
     <span class='ocr_line' id='line_1_4' title="bbox 229 160 1018 198; baseline -0.006 -6"><span class='ocrx_word' id='word_1_6' title='bbox 229 171 333 193; x_wconf 86' lang='lat' dir='ltr'><strong>terram</strong></span> <span class='ocrx_word' id='word_1_7' title='bbox 350 163 477 198; x_wconf 76' lang='lat' dir='ltr'><strong>redigens</strong></span> <span class='ocrx_word' id='word_1_8' title='bbox 489 162 677 190; x_wconf 85' lang='lat' dir='ltr'><strong>continentem</strong></span> <span class='ocrx_word' id='word_1_9' title='bbox 697 160 817 190; x_wconf 83' lang='lat' dir='ltr'><strong>diluculo</strong></span> <span class='ocrx_word' id='word_1_10' title='bbox 831 161 965 192; x_wconf 80' lang='lat' dir='ltr'><strong>ostendit.</strong></span> <span class='ocrx_word' id='word_1_11' title='bbox 990 164 1018 188; x_wconf 87' lang='lat' dir='ltr'><strong>et</strong></span> 
     </span>
    </p>
   </div>
   <div class='ocr_carea' id='block_1_5' title="bbox 1082 153 1875 198">
    <p class='ocr_par' dir='ltr' id='par_1_5' title="bbox 1082 153 1875 196">
     <span class='ocr_line' id='line_1_5' title="bbox 1082 153 1875 196; baseline -0.013 -9"><span class='ocrx_word' id='word_1_12' title='bbox 1082 159 1221 196; x_wconf 74' lang='grc' dir='ltr'>ξερσὼσας,</span> <span class='ocrx_word' id='word_1_13' title='bbox 1247 160 1358 195; x_wconf 73' lang='grc' dir='ltr'>ἤπειρον</span> <span class='ocrx_word' id='word_1_14' title='bbox 1384 158 1483 190; x_wconf 76' lang='grc' dir='ltr'>ἔδειξεν</span> <span class='ocrx_word' id='word_1_15' title='bbox 1507 157 1545 192; x_wconf 79' lang='grc' dir='ltr'>τῷ</span> <span class='ocrx_word' id='word_1_16' title='bbox 1566 155 1659 192; x_wconf 78' lang='grc' dir='ltr'>δρθρῳ</span> <span class='ocrx_word' id='word_1_17' title='bbox 1682 154 1734 190; x_wconf 74' lang='grc' dir='ltr'>τὴν</span> <span class='ocrx_word' id='word_1_18' title='bbox 1764 153 1875 188; x_wconf 73' lang='grc' dir='ltr'>λῐμν-ην,</span> 
     </span>
    </p>
   </div>
   <div class='ocr_carea' id='block_1_6' title="bbox 230 208 1017 244">
    <p class='ocr_par' dir='ltr' id='par_1_6' title="bbox 230 208 1017 244">
     <span class='ocr_line' id='line_1_6' title="bbox 230 208 1017 244; baseline -0.005 -6"><span class='ocrx_word' id='word_1_19' title='bbox 230 210 337 239; x_wconf 89' lang='lat' dir='ltr'><strong>aridmu</strong></span> <span class='ocrx_word' id='word_1_20' title='bbox 354 213 382 238; x_wconf 91' lang='lat' dir='ltr'><strong>et</strong></span> <span class='ocrx_word' id='word_1_21' title='bbox 398 210 522 236; x_wconf 86' lang='lat' dir='ltr'><strong>humoris</strong></span> <span class='ocrx_word' id='word_1_22' title='bbox 542 213 692 244; x_wconf 85' lang='lat' dir='ltr'><strong>expertem.</strong></span> <span class='ocrx_word' id='word_1_23' title='bbox 717 208 785 236; x_wconf 86' lang='lat' dir='ltr'><strong>adeo</strong></span> <span class='ocrx_word' id='word_1_24' title='bbox 808 213 837 235; x_wconf 86' lang='grc' dir='ltr'><strong>ιιι</strong></span> <span class='ocrx_word' id='word_1_25' title='bbox 853 216 887 235; x_wconf 88' lang='lat' dir='ltr'><strong>tte</strong></span> <span class='ocrx_word' id='word_1_26' title='bbox 905 209 931 235; x_wconf 94' lang='lat' dir='ltr'><strong>in</strong></span> <span class='ocrx_word' id='word_1_27' title='bbox 950 215 1017 234; x_wconf 80' lang='lat' dir='ltr'><strong>con—</strong></span> 
     </span>
    </p>
   </div>
   <div class='ocr_carea' id='block_1_7' title="bbox 231 247 1016 291">
    <p class='ocr_par' dir='ltr' id='par_1_7' title="bbox 231 247 1016 291">
     <span class='ocr_line' id='line_1_7' title="bbox 231 247 1016 291; baseline -0.003 -9"><span class='ocrx_word' id='word_1_28' title='bbox 231 256 308 283; x_wconf 82' lang='lat' dir='ltr'><strong>cavis</strong></span> <span class='ocrx_word' id='word_1_29' title='bbox 319 255 430 291; x_wconf 84' lang='lat' dir='ltr'><strong>quidem</strong></span> <span class='ocrx_word' id='word_1_30' title='bbox 445 255 513 282; x_wconf 78' lang='lat' dir='ltr'><strong>locis</strong></span> <span class='ocrx_word' id='word_1_31' title='bbox 528 254 634 289; x_wconf 87' lang='lat' dir='ltr'><strong>aliquas</strong></span> <span class='ocrx_word' id='word_1_32' title='bbox 651 254 781 289; x_wconf 84' lang='lat' dir='ltr'><strong>reliquias</strong></span> <span class='ocrx_word' id='word_1_33' title='bbox 798 247 875 288; x_wconf 67' lang='lat' dir='ltr'><strong>aqua:</strong></span> <span class='ocrx_word' id='word_1_34' title='bbox 894 253 1016 285; x_wconf 85' lang='lat' dir='ltr'><strong>haberet,</strong></span> 
     </span>
    </p>
   </div>
   <div class='ocr_carea' id='block_1_8' title="bbox 231 299 1019 336">
    <p class='ocr_par' dir='ltr' id='par_1_8' title="bbox 231 299 1019 336">
     <span class='ocr_line' id='line_1_8' title="bbox 231 299 1019 336; baseline -0.003 -8"><span class='ocrx_word' id='word_1_35' title='bbox 231 301 278 336; x_wconf 87' lang='lat' dir='ltr'><strong>qui</strong></span> <span class='ocrx_word' id='word_1_36' title='bbox 297 305 360 327; x_wconf 85' lang='lat' dir='ltr'><strong>ante</strong></span> <span class='ocrx_word' id='word_1_37' title='bbox 377 308 472 335; x_wconf 81' lang='lat' dir='ltr'><strong>preces</strong></span> <span class='ocrx_word' id='word_1_38' title='bbox 489 300 565 328; x_wconf 81' lang='lat' dir='ltr'><strong>fusas</strong></span> <span class='ocrx_word' id='word_1_39' title='bbox 579 299 665 334; x_wconf 78' lang='lat' dir='ltr'><strong>pelagi</strong></span> <span class='ocrx_word' id='word_1_40' title='bbox 691 300 780 327; x_wconf 90' lang='lat' dir='ltr'><strong>instar</strong></span> <span class='ocrx_word' id='word_1_41' title='bbox 792 302 953 328; x_wconf 79' lang='lat' dir='ltr'><strong>exuntlarel.</strong></span> <span class='ocrx_word' id='word_1_42' title='bbox 970 299 1019 326; x_wconf 80' lang='lat' dir='ltr'><strong>At-</strong></span> 
     </span>
    </p>
   </div>
   <div class='ocr_carea' id='block_1_9' title="bbox 231 346 1017 383">
    <p class='ocr_par' dir='ltr' id='par_1_9' title="bbox 231 346 1017 383">
     <span class='ocr_line' id='line_1_9' title="bbox 231 346 1017 383; baseline -0.003 -9"><span class='ocrx_word' id='word_1_43' title='bbox 231 356 285 383; x_wconf 90' lang='lat' dir='ltr'><strong>que</strong></span> <span class='ocrx_word' id='word_1_44' title='bbox 302 348 348 374; x_wconf 89' lang='lat' dir='ltr'><strong>ille</strong></span> <span class='ocrx_word' id='word_1_45' title='bbox 362 347 473 381; x_wconf 84' lang='lat' dir='ltr'><strong>quidem</strong></span> <span class='ocrx_word' id='word_1_46' title='bbox 490 346 582 373; x_wconf 80' lang='lat' dir='ltr'><strong>divina</strong></span> <span class='ocrx_word' id='word_1_47' title='bbox 593 346 619 372; x_wconf 88' lang='lat' dir='ltr'><strong>vi</strong></span> <span class='ocrx_word' id='word_1_48' title='bbox 634 346 686 372; x_wconf 90' lang='lat' dir='ltr'><strong>ltoc</strong></span> <span class='ocrx_word' id='word_1_49' title='bbox 710 346 873 380; x_wconf 85' lang='lat' dir='ltr'><strong>interposito</strong></span> <span class='ocrx_word' id='word_1_50' title='bbox 896 346 1017 377; x_wconf 81' lang='lat' dir='ltr'><strong>decreto,</strong></span> 
     </span>
    </p>
   </div>
   <div class='ocr_carea' id='block_1_10' title="bbox 234 391 1019 426">
    <p class='ocr_par' dir='ltr' id='par_1_10' title="bbox 234 391 1019 426">
     <span class='ocr_line' id='line_1_10' title="bbox 234 391 1019 426; baseline -0.003 -7"><span class='ocrx_word' id='word_1_51' title='bbox 234 401 331 420; x_wconf 72' lang='lat' dir='ltr'><strong>rursus</strong></span> <span class='ocrx_word' id='word_1_52' title='bbox 348 400 377 420; x_wconf 85' lang='lat' dir='ltr'><strong>se</strong></span> <span class='ocrx_word' id='word_1_53' title='bbox 394 392 505 419; x_wconf 87' lang='lat' dir='ltr'><strong>dontttm</strong></span> <span class='ocrx_word' id='word_1_54' title='bbox 522 391 681 426; x_wconf 77' lang='lat' dir='ltr'><strong>recipiebat.</strong></span> <span class='ocrx_word' id='word_1_55' title='bbox 706 391 937 419; x_wconf 82' lang='lat' dir='ltr'><strong>Adolescentibus</strong></span> <span class='ocrx_word' id='word_1_56' title='bbox 955 399 1019 419; x_wconf 90' lang='lat' dir='ltr'><strong>vero</strong></span> 
     </span>
    </p>
   </div>
   <div class='ocr_carea' id='block_1_11' title="bbox 233 437 1017 471">
    <p class='ocr_par' dir='ltr' id='par_1_11' title="bbox 233 437 1017 471">
     <span class='ocr_line' id='line_1_11' title="bbox 233 437 1017 471; baseline -0.001 -6"><span class='ocrx_word' id='word_1_57' title='bbox 233 438 315 465; x_wconf 84' lang='lat' dir='ltr'><strong>rebus</strong></span> <span class='ocrx_word' id='word_1_58' title='bbox 332 437 399 471; x_wconf 85' lang='lat' dir='ltr'><strong>ipsis</strong></span> <span class='ocrx_word' id='word_1_59' title='bbox 414 437 488 464; x_wconf 91' lang='lat' dir='ltr'><strong>edita</strong></span> <span class='ocrx_word' id='word_1_60' title='bbox 507 437 641 464; x_wconf 88' lang='lat' dir='ltr'><strong>sententia</strong></span> <span class='ocrx_word' id='word_1_61' title='bbox 666 437 883 465; x_wconf 85' lang='lat' dir='ltr'><strong>controversiam</strong></span> <span class='ocrx_word' id='word_1_62' title='bbox 898 437 1017 464; x_wconf 89' lang='lat' dir='ltr'><strong>diremit.</strong></span> 
     </span>
    </p>
   </div>
   <div class='ocr_carea' id='block_1_12' title="bbox 232 482 1020 516">
    <p class='ocr_par' dir='ltr' id='par_1_12' title="bbox 232 482 1020 516">
     <span class='ocr_line' id='line_1_12' title="bbox 232 482 1020 516; baseline 0.001 -7"><span class='ocrx_word' id='word_1_63' title='bbox 232 482 299 509; x_wconf 85' lang='lat' dir='ltr'><strong>Cum</strong></span> <span class='ocrx_word' id='word_1_64' title='bbox 318 483 391 509; x_wconf 89' lang='lat' dir='ltr'><strong>euitn</strong></span> <span class='ocrx_word' id='word_1_65' title='bbox 418 490 473 509; x_wconf 87' lang='lat' dir='ltr'><strong>tton</strong></span> <span class='ocrx_word' id='word_1_66' title='bbox 488 486 573 515; x_wconf 87' lang='lat' dir='ltr'><strong>esset,</strong></span> <span class='ocrx_word' id='word_1_67' title='bbox 599 482 679 516; x_wconf 87' lang='lat' dir='ltr'><strong>cujus</strong></span> <span class='ocrx_word' id='word_1_68' title='bbox 701 483 812 510; x_wconf 92' lang='lat' dir='ltr'><strong>nomine</strong></span> <span class='ocrx_word' id='word_1_69' title='bbox 834 483 933 510; x_wconf 77' lang='lat' dir='ltr'><strong>bellum</strong></span> <span class='ocrx_word' id='word_1_70' title='bbox 951 483 1020 510; x_wconf 83' lang='lat' dir='ltr'><strong>alter</strong></span> 
     </span>
    </p>
   </div>
   <div class='ocr_carea' id='block_1_13' title="bbox 234 527 1018 563">
    <p class='ocr_par' dir='ltr' id='par_1_13' title="bbox 234 527 1018 563">
     <span class='ocr_line' id='line_1_13' title="bbox 234 527 1018 563; baseline 0.003 -9"><span class='ocrx_word' id='word_1_71' title='bbox 234 529 367 555; x_wconf 80' lang='lat' dir='ltr'><strong>adversus</strong></span> <span class='ocrx_word' id='word_1_72' title='bbox 384 528 499 555; x_wconf 87' lang='lat' dir='ltr'><strong>alterum</strong></span> <span class='ocrx_word' id='word_1_73' title='bbox 517 529 660 563; x_wconf 88' lang='lat' dir='ltr'><strong>parabant.</strong></span> <span class='ocrx_word' id='word_1_74' title='bbox 679 536 729 563; x_wconf 78' lang='lat' dir='ltr'><strong>pax</strong></span> <span class='ocrx_word' id='word_1_75' title='bbox 752 527 873 556; x_wconf 70' lang='lat' dir='ltr'><strong>furorem</strong></span> <span class='ocrx_word' id='word_1_76' title='bbox 900 529 1018 563; x_wconf 77' lang='lat' dir='ltr'><strong>excepit.</strong></span> 
     </span>
    </p>
   </div>
   <div class='ocr_carea' id='block_1_14' title="bbox 235 574 1021 609">
    <p class='ocr_par' dir='ltr' id='par_1_14' title="bbox 235 574 1021 609">
     <span class='ocr_line' id='line_1_14' title="bbox 235 574 1021 609; baseline 0.003 -9"><span class='ocrx_word' id='word_1_77' title='bbox 235 581 267 600; x_wconf 82' lang='lat' dir='ltr'><strong>ac</strong></span> <span class='ocrx_word' id='word_1_78' title='bbox 283 581 381 601; x_wconf 87' lang='lat' dir='ltr'><strong>rursus</strong></span> <span class='ocrx_word' id='word_1_79' title='bbox 398 579 495 600; x_wconf 83' lang='lat' dir='ltr'><strong>natura</strong></span> <span class='ocrx_word' id='word_1_80' title='bbox 510 581 570 601; x_wconf 81' lang='lat' dir='ltr'><strong>sese</strong></span> <span class='ocrx_word' id='word_1_81' title='bbox 586 574 612 600; x_wconf 91' lang='lat' dir='ltr'><strong>in</strong></span> <span class='ocrx_word' id='word_1_82' title='bbox 631 574 762 601; x_wconf 83' lang='lat' dir='ltr'><strong>lratribus</strong></span> <span class='ocrx_word' id='word_1_83' title='bbox 779 575 908 602; x_wconf 88' lang='lat' dir='ltr'><strong>ostendit.</strong></span> <span class='ocrx_word' id='word_1_84' title='bbox 932 574 1021 609; x_wconf 81' lang='lat' dir='ltr'><strong>Atque</strong></span> 
     </span>
    </p>
   </div>
   <div class='ocr_carea' id='block_1_15' title="bbox 233 619 1021 648">
    <p class='ocr_par' dir='ltr' id='par_1_15' title="bbox 233 619 1021 648">
     <span class='ocr_line' id='line_1_15' title="bbox 233 619 1021 648; baseline 0.001 -1"><span class='ocrx_word' id='word_1_85' title='bbox 233 620 315 647; x_wconf 79' lang='lat' dir='ltr'><strong>etiam</strong></span> <span class='ocrx_word' id='word_1_86' title='bbox 342 627 415 646; x_wconf 88' lang='lat' dir='ltr'><strong>nuttc</strong></span> <span class='ocrx_word' id='word_1_87' title='bbox 440 619 534 647; x_wconf 69' lang='lat' dir='ltr'><strong>videre</strong></span> <span class='ocrx_word' id='word_1_88' title='bbox 560 619 624 646; x_wconf 88' lang='lat' dir='ltr'><strong>licet</strong></span> <span class='ocrx_word' id='word_1_89' title='bbox 650 620 750 646; x_wconf 69' lang='lat' dir='ltr'><strong>divina:</strong></span> <span class='ocrx_word' id='word_1_90' title='bbox 775 620 849 647; x_wconf 87' lang='lat' dir='ltr'><strong>illius</strong></span> <span class='ocrx_word' id='word_1_91' title='bbox 877 621 1021 648; x_wconf 68' lang='lat' dir='ltr'><strong>sententia!</strong></span> 
     </span>
    </p>
   </div>
   <div class='ocr_carea' id='block_1_16' title="bbox 234 663 1019 698">
    <p class='ocr_par' dir='ltr' id='par_1_16' title="bbox 234 663 1019 698">
     <span class='ocr_line' id='line_1_16' title="bbox 234 663 1019 698; baseline 0.001 -8"><span class='ocrx_word' id='word_1_92' title='bbox 234 663 372 691; x_wconf 80' lang='lat' dir='ltr'><strong>evidentia</strong></span> <span class='ocrx_word' id='word_1_93' title='bbox 390 664 478 698; x_wconf 72' lang='lat' dir='ltr'><strong>signa.</strong></span> <span class='ocrx_word' id='word_1_94' title='bbox 496 663 562 690; x_wconf 88' lang='lat' dir='ltr'><strong>Nam</strong></span> <span class='ocrx_word' id='word_1_95' title='bbox 580 663 700 698; x_wconf 89' lang='lat' dir='ltr'><strong>nttdique</strong></span> <span class='ocrx_word' id='word_1_96' title='bbox 712 665 815 692; x_wconf 82' lang='lat' dir='ltr'><strong>circum</strong></span> <span class='ocrx_word' id='word_1_97' title='bbox 827 666 903 692; x_wconf 84' lang='lat' dir='ltr'><strong>illum</strong></span> <span class='ocrx_word' id='word_1_98' title='bbox 920 666 1019 697; x_wconf 85' lang='lat' dir='ltr'><strong>locum,</strong></span> 
     </span>
    </p>
   </div>
   <div class='ocr_carea' id='block_1_17' title="bbox 233 709 1021 746">
    <p class='ocr_par' dir='ltr' id='par_1_17' title="bbox 233 709 1021 746">
     <span class='ocr_line' id='line_1_17' title="bbox 233 709 1021 746; baseline 0.004 -11"><span class='ocrx_word' id='word_1_99' title='bbox 233 709 281 743; x_wconf 93' lang='lat' dir='ltr'><strong>qui</strong></span> <span class='ocrx_word' id='word_1_100' title='bbox 301 709 438 743; x_wconf 88' lang='lat' dir='ltr'><strong>quondam</strong></span> <span class='ocrx_word' id='word_1_101' title='bbox 462 709 538 736; x_wconf 86' lang='lat' dir='ltr'><strong>lacus</strong></span> <span class='ocrx_word' id='word_1_102' title='bbox 565 714 634 741; x_wconf 86' lang='lat' dir='ltr'><strong>erat,</strong></span> <span class='ocrx_word' id='word_1_103' title='bbox 665 710 779 745; x_wconf 79' lang='lat' dir='ltr'><strong>vestigia</strong></span> <span class='ocrx_word' id='word_1_104' title='bbox 797 710 921 745; x_wconf 78' lang='lat' dir='ltr'><strong>quzedam</strong></span> <span class='ocrx_word' id='word_1_105' title='bbox 944 719 1021 746; x_wconf 69' lang='lat' dir='ltr'><strong>aqua:</strong></span> 
     </span>
    </p>
   </div>
   <div class='ocr_carea' id='block_1_18' title="bbox 235 755 1018 786">
    <p class='ocr_par' dir='ltr' id='par_1_18' title="bbox 235 755 1018 786">
     <span class='ocr_line' id='line_1_18' title="bbox 235 755 1018 786; baseline 0.005 -5"><span class='ocrx_word' id='word_1_106' title='bbox 235 755 383 782; x_wconf 80' lang='lat' dir='ltr'><strong>alluvionis</strong></span> <span class='ocrx_word' id='word_1_107' title='bbox 395 759 422 781; x_wconf 82' lang='lat' dir='ltr'><strong>et</strong></span> <span class='ocrx_word' id='word_1_108' title='bbox 438 755 808 783; x_wconf 88' lang='lat' dir='ltr'><strong>inundationisadhucetiam</strong></span> <span class='ocrx_word' id='word_1_109' title='bbox 819 765 892 785; x_wconf 89' lang='lat' dir='ltr'><strong>nunc</strong></span> <span class='ocrx_word' id='word_1_110' title='bbox 900 762 1018 786; x_wconf 79' lang='lat' dir='ltr'><strong>exstant.</strong></span> 
     </span>
    </p>
   </div>
   <div class='ocr_carea' id='block_1_19' title="bbox 234 801 1021 835">
    <p class='ocr_par' dir='ltr' id='par_1_19' title="bbox 234 801 1021 835">
     <span class='ocr_line' id='line_1_19' title="bbox 234 801 1021 835; baseline 0.005 -8"><span class='ocrx_word' id='word_1_111' title='bbox 234 801 372 835; x_wconf 84' lang='lat' dir='ltr'><strong>Quidquid</strong></span> <span class='ocrx_word' id='word_1_112' title='bbox 391 805 481 828; x_wconf 87' lang='lat' dir='ltr'><strong>autem</strong></span> <span class='ocrx_word' id='word_1_113' title='bbox 498 805 563 828; x_wconf 90' lang='lat' dir='ltr'><strong>ttmc</strong></span> <span class='ocrx_word' id='word_1_114' title='bbox 579 801 753 829; x_wconf 85' lang='lat' dir='ltr'><strong>submersum</strong></span> <span class='ocrx_word' id='word_1_115' title='bbox 774 807 833 830; x_wconf 84' lang='lat' dir='ltr'><strong>erat</strong></span> <span class='ocrx_word' id='word_1_116' title='bbox 850 807 877 831; x_wconf 90' lang='lat' dir='ltr'><strong>et</strong></span> <span class='ocrx_word' id='word_1_117' title='bbox 893 804 919 830; x_wconf 93' lang='lat' dir='ltr'><strong>in</strong></span> <span class='ocrx_word' id='word_1_118' title='bbox 937 804 1021 831; x_wconf 80' lang='lat' dir='ltr'><strong>fundo</strong></span> 
     </span>
    </p>
   </div>
   <div class='ocr_carea' id='block_1_20' title="bbox 234 847 1021 882">
    <p class='ocr_par' dir='ltr' id='par_1_20' title="bbox 234 847 1021 882">
     <span class='ocr_line' id='line_1_20' title="bbox 234 847 1021 882; baseline 0.008 -10"><span class='ocrx_word' id='word_1_119' title='bbox 234 854 323 880; x_wconf 62' lang='lat' dir='ltr'><strong>aqum,</strong></span> <span class='ocrx_word' id='word_1_120' title='bbox 345 851 430 874; x_wconf 82' lang='lat' dir='ltr'><strong>totum</strong></span> <span class='ocrx_word' id='word_1_121' title='bbox 448 847 588 874; x_wconf 84' lang='lat' dir='ltr'><strong>redactum</strong></span> <span class='ocrx_word' id='word_1_122' title='bbox 605 853 647 875; x_wconf 90' lang='lat' dir='ltr'><strong>est</strong></span> <span class='ocrx_word' id='word_1_123' title='bbox 675 848 702 875; x_wconf 93' lang='lat' dir='ltr'><strong>in</strong></span> <span class='ocrx_word' id='word_1_124' title='bbox 718 856 841 882; x_wconf 83' lang='lat' dir='ltr'><strong>nemora,</strong></span> <span class='ocrx_word' id='word_1_125' title='bbox 865 849 925 877; x_wconf 88' lang='lat' dir='ltr'><strong>loca</strong></span> <span class='ocrx_word' id='word_1_126' title='bbox 943 850 1021 878; x_wconf 84' lang='lat' dir='ltr'><strong>babi-</strong></span> 
     </span>
    </p>
   </div>
   <div class='ocr_carea' id='block_1_21' title="bbox 234 893 1021 931">
    <p class='ocr_par' dir='ltr' id='par_1_21' title="bbox 234 893 1021 931">
     <span class='ocr_line' id='line_1_21' title="bbox 234 893 1021 931; baseline 0.009 -14"><span class='ocrx_word' id='word_1_127' title='bbox 234 896 301 924; x_wconf 76' lang='lat' dir='ltr'><strong>tata.</strong></span> <span class='ocrx_word' id='word_1_128' title='bbox 327 897 404 926; x_wconf 90' lang='lat' dir='ltr'><strong>prata</strong></span> <span class='ocrx_word' id='word_1_129' title='bbox 422 898 450 920; x_wconf 90' lang='lat' dir='ltr'><strong>et</strong></span> <span class='ocrx_word' id='word_1_130' title='bbox 474 900 550 919; x_wconf 86' lang='lat' dir='ltr'><strong>arva.</strong></span> <span class='ocrx_word' id='word_1_131' title='bbox 576 893 633 920; x_wconf 87' lang='lat' dir='ltr'><strong>lloc</strong></span> <span class='ocrx_word' id='word_1_132' title='bbox 655 893 801 928; x_wconf 88' lang='lat' dir='ltr'><strong>judicium,</strong></span> <span class='ocrx_word' id='word_1_133' title='bbox 827 896 893 930; x_wconf 90' lang='lat' dir='ltr'><strong>quin</strong></span> <span class='ocrx_word' id='word_1_134' title='bbox 917 896 1021 931; x_wconf 84' lang='lat' dir='ltr'><strong>primas</strong></span> 
     </span>
    </p>
   </div>
   <div class='ocr_carea' id='block_1_22' title="bbox 234 938 1020 974">
    <p class='ocr_par' dir='ltr' id='par_1_22' title="bbox 234 938 1020 974">
     <span class='ocr_line' id='line_1_22' title="bbox 234 938 1020 974; baseline 0.008 -11"><span class='ocrx_word' id='word_1_135' title='bbox 234 940 336 968; x_wconf 81' lang='lat' dir='ltr'><strong>teneat.</strong></span> <span class='ocrx_word' id='word_1_136' title='bbox 356 945 389 964; x_wconf 91' lang='lat' dir='ltr'><strong>ne</strong></span> <span class='ocrx_word' id='word_1_137' title='bbox 402 938 506 964; x_wconf 83' lang='lat' dir='ltr'><strong>clarum</strong></span> <span class='ocrx_word' id='word_1_138' title='bbox 523 938 632 972; x_wconf 88' lang='lat' dir='ltr'><strong>quidem</strong></span> <span class='ocrx_word' id='word_1_139' title='bbox 647 939 723 966; x_wconf 89' lang='lat' dir='ltr'><strong>illutn</strong></span> <span class='ocrx_word' id='word_1_140' title='bbox 740 940 829 974; x_wconf 92' lang='lat' dir='ltr'><strong>ipsunt</strong></span> <span class='ocrx_word' id='word_1_141' title='bbox 845 940 1020 969; x_wconf 81' lang='lat' dir='ltr'><strong>Solomonem</strong></span> 
     </span>
    </p>
   </div>
   <div class='ocr_carea' id='block_1_23' title="bbox 234 980 1020 1019">
    <p class='ocr_par' dir='ltr' id='par_1_23' title="bbox 234 980 1020 1019">
     <span class='ocr_line' id='line_1_23' title="bbox 234 980 1020 1019; baseline 0.01 -13"><span class='ocrx_word' id='word_1_142' title='bbox 234 980 334 1015; x_wconf 89' lang='lat' dir='ltr'><strong>opinor</strong></span> <span class='ocrx_word' id='word_1_143' title='bbox 358 983 574 1010; x_wconf 86' lang='lat' dir='ltr'><strong>controversiam</strong></span> <span class='ocrx_word' id='word_1_144' title='bbox 602 991 663 1011; x_wconf 84' lang='lat' dir='ltr'><strong>esse</strong></span> <span class='ocrx_word' id='word_1_145' title='bbox 683 984 830 1012; x_wconf 83' lang='lat' dir='ltr'><strong>facturum.</strong></span> <span class='ocrx_word' id='word_1_146' title='bbox 860 986 930 1019; x_wconf 87' lang='lat' dir='ltr'><strong>Quid</strong></span> <span class='ocrx_word' id='word_1_147' title='bbox 946 987 1020 1014; x_wconf 86' lang='lat' dir='ltr'><strong>enim</strong></span> 
     </span>
    </p>
   </div>
   <div class='ocr_carea' id='block_1_24' title="bbox 233 1027 1022 1062">
    <p class='ocr_par' dir='ltr' id='par_1_24' title="bbox 233 1027 1022 1062">
     <span class='ocr_line' id='line_1_24' title="bbox 233 1027 1022 1062; baseline 0.009 -10"><span class='ocrx_word' id='word_1_148' title='bbox 233 1030 339 1053; x_wconf 86' lang='lat' dir='ltr'><strong>tantum</strong></span> <span class='ocrx_word' id='word_1_149' title='bbox 355 1027 388 1053; x_wconf 91' lang='lat' dir='ltr'><strong>ad</strong></span> <span class='ocrx_word' id='word_1_150' title='bbox 412 1027 539 1054; x_wconf 83' lang='lat' dir='ltr'><strong>virtutem</strong></span> <span class='ocrx_word' id='word_1_151' title='bbox 566 1028 647 1056; x_wconf 81' lang='lat' dir='ltr'><strong>habet</strong></span> <span class='ocrx_word' id='word_1_152' title='bbox 674 1031 815 1062; x_wconf 86' lang='lat' dir='ltr'><strong>momenti,</strong></span> <span class='ocrx_word' id='word_1_153' title='bbox 842 1039 1022 1059; x_wconf 79' lang='lat' dir='ltr'><strong>conservasse</strong></span> 
     </span>
    </p>
   </div>
   <div class='ocr_carea' id='block_1_25' title="bbox 234 1071 1020 1111">
    <p class='ocr_par' dir='ltr' id='par_1_25' title="bbox 234 1071 1020 1111">
     <span class='ocr_line' id='line_1_25' title="bbox 234 1071 1020 1111; baseline 0.006 -13"><span class='ocrx_word' id='word_1_154' title='bbox 234 1079 319 1098; x_wconf 87' lang='lat' dir='ltr'><strong>unum</strong></span> <span class='ocrx_word' id='word_1_155' title='bbox 338 1071 469 1100; x_wconf 80' lang='lat' dir='ltr'><strong>infantem</strong></span> <span class='ocrx_word' id='word_1_156' title='bbox 483 1073 516 1100; x_wconf 84' lang='lat' dir='ltr'><strong>ad</strong></span> <span class='ocrx_word' id='word_1_157' title='bbox 541 1074 623 1100; x_wconf 79' lang='lat' dir='ltr'><strong>ubera</strong></span> <span class='ocrx_word' id='word_1_158' title='bbox 640 1074 756 1101; x_wconf 83' lang='lat' dir='ltr'><strong>duarum</strong></span> <span class='ocrx_word' id='word_1_159' title='bbox 780 1076 935 1109; x_wconf 84' lang='lat' dir='ltr'><strong>mulierum,</strong></span> <span class='ocrx_word' id='word_1_160' title='bbox 952 1084 1020 1111; x_wconf 88' lang='lat' dir='ltr'><strong>qua-</strong></span> 
     </span>
    </p>
   </div>
   <div class='ocr_carea' id='block_1_26' title="bbox 235 1121 1021 1153">
    <p class='ocr_par' dir='ltr' id='par_1_26' title="bbox 235 1121 1021 1153">
     <span class='ocr_line' id='line_1_26' title="bbox 235 1121 1021 1153; baseline 0.01 -12"><span class='ocrx_word' id='word_1_161' title='bbox 235 1122 295 1142; x_wconf 87' lang='lat' dir='ltr'><strong>rum</strong></span> <span class='ocrx_word' id='word_1_162' title='bbox 312 1121 424 1152; x_wconf 83' lang='lat' dir='ltr'><strong>utraque</strong></span> <span class='ocrx_word' id='word_1_163' title='bbox 446 1125 474 1144; x_wconf 90' lang='lat' dir='ltr'><strong>se</strong></span> <span class='ocrx_word' id='word_1_164' title='bbox 496 1123 608 1145; x_wconf 87' lang='lat' dir='ltr'><strong>matrem</strong></span> <span class='ocrx_word' id='word_1_165' title='bbox 628 1127 690 1147; x_wconf 83' lang='lat' dir='ltr'><strong>esse</strong></span> <span class='ocrx_word' id='word_1_166' title='bbox 713 1121 900 1153; x_wconf 83' lang='lat' dir='ltr'><strong>contenderet.</strong></span> <span class='ocrx_word' id='word_1_167' title='bbox 931 1122 1021 1149; x_wconf 90' lang='lat' dir='ltr'><strong>adltuc</strong></span> 
     </span>
    </p>
   </div>
   <div class='ocr_carea' id='block_1_27' title="bbox 234 1160 1018 1198">
    <p class='ocr_par' dir='ltr' id='par_1_27' title="bbox 234 1160 1018 1198">
     <span class='ocr_line' id='line_1_27' title="bbox 234 1160 1018 1198; baseline 0.009 -11"><span class='ocrx_word' id='word_1_168' title='bbox 234 1160 397 1193; x_wconf 80' lang='lat' dir='ltr'><strong>lactentem.</strong></span> <span class='ocrx_word' id='word_1_169' title='bbox 408 1163 451 1189; x_wconf 91' lang='lat' dir='ltr'><strong>cui</strong></span> <span class='ocrx_word' id='word_1_170' title='bbox 470 1163 503 1190; x_wconf 87' lang='lat' dir='ltr'><strong>ad</strong></span> <span class='ocrx_word' id='word_1_171' title='bbox 516 1164 633 1190; x_wconf 84' lang='lat' dir='ltr'><strong>salutem</strong></span> <span class='ocrx_word' id='word_1_172' title='bbox 651 1172 765 1198; x_wconf 82' lang='lat' dir='ltr'><strong>prorsus</strong></span> <span class='ocrx_word' id='word_1_173' title='bbox 781 1165 848 1193; x_wconf 85' lang='lat' dir='ltr'><strong>nihil</strong></span> <span class='ocrx_word' id='word_1_174' title='bbox 864 1166 1018 1198; x_wconf 82' lang='lat' dir='ltr'><strong>interesset,</strong></span> 
     </span>
    </p>
   </div>
   <div class='ocr_carea' id='block_1_28' title="bbox 235 1209 1021 1247">
    <p class='ocr_par' dir='ltr' id='par_1_28' title="bbox 235 1209 1021 1247">
     <span class='ocr_line' id='line_1_28' title="bbox 235 1209 1021 1247; baseline 0.009 -14"><span class='ocrx_word' id='word_1_175' title='bbox 235 1210 326 1234; x_wconf 88' lang='lat' dir='ltr'><strong>utrum</strong></span> <span class='ocrx_word' id='word_1_176' title='bbox 339 1215 353 1234; x_wconf 86' lang='lat' dir='ltr'><strong>a</strong></span> <span class='ocrx_word' id='word_1_177' title='bbox 374 1213 470 1240; x_wconf 86' lang='lat' dir='ltr'><strong>matre,</strong></span> <span class='ocrx_word' id='word_1_178' title='bbox 490 1216 523 1235; x_wconf 88' lang='lat' dir='ltr'><strong>an</strong></span> <span class='ocrx_word' id='word_1_179' title='bbox 540 1209 574 1236; x_wconf 85' lang='lat' dir='ltr'><strong>ab</strong></span> <span class='ocrx_word' id='word_1_180' title='bbox 591 1209 676 1237; x_wconf 86' lang='lat' dir='ltr'><strong>altera</strong></span> <span class='ocrx_word' id='word_1_181' title='bbox 693 1210 745 1237; x_wconf 90' lang='lat' dir='ltr'><strong>sibi</strong></span> <span class='ocrx_word' id='word_1_182' title='bbox 771 1211 900 1239; x_wconf 90' lang='lat' dir='ltr'><strong>alimenta</strong></span> <span class='ocrx_word' id='word_1_183' title='bbox 923 1220 1021 1247; x_wconf 88' lang='lat' dir='ltr'><strong>procu-</strong></span> 
     </span>
    </p>
   </div>
   <div class='ocr_carea' id='block_1_29' title="bbox 235 1254 1021 1287">
    <p class='ocr_par' dir='ltr' id='par_1_29' title="bbox 235 1254 1021 1287">
     <span class='ocr_line' id='line_1_29' title="bbox 235 1254 1021 1287; baseline 0.01 -9"><span class='ocrx_word' id='word_1_184' title='bbox 235 1256 364 1280; x_wconf 87' lang='lat' dir='ltr'><strong>rarentur</strong></span> <span class='ocrx_word' id='word_1_185' title='bbox 374 1262 380 1279; x_wconf 89' lang='lat'>:</span> <span class='ocrx_word' id='word_1_186' title='bbox 392 1258 524 1287; x_wconf 88' lang='lat' dir='ltr'><strong>quantum</strong></span> <span class='ocrx_word' id='word_1_187' title='bbox 535 1254 644 1282; x_wconf 89' lang='lat' dir='ltr'><strong>duobus</strong></span> <span class='ocrx_word' id='word_1_188' title='bbox 654 1254 875 1284; x_wconf 71' lang='lat' dir='ltr'><strong>adolescentibus</strong></span> <span class='ocrx_word' id='word_1_189' title='bbox 892 1258 1021 1286; x_wconf 82' lang='lat' dir='ltr'><strong>tribuisse</strong></span> 
     </span>
    </p>
   </div>
   <div class='ocr_carea' id='block_1_30' title="bbox 233 1297 1020 1337">
    <p class='ocr_par' dir='ltr' id='par_1_30' title="bbox 233 1297 1020 1337">
     <span class='ocr_line' id='line_1_30' title="bbox 233 1297 1020 1337; baseline 0.009 -14"><span class='ocrx_word' id='word_1_190' title='bbox 233 1297 351 1324; x_wconf 78' lang='lat' dir='ltr'><strong>salutem</strong></span> <span class='ocrx_word' id='word_1_191' title='bbox 367 1318 375 1330; x_wconf 89' lang='lat'><strong>,</strong></span> <span class='ocrx_word' id='word_1_192' title='bbox 399 1299 445 1333; x_wconf 88' lang='lat' dir='ltr'><strong>qui</strong></span> <span class='ocrx_word' id='word_1_193' title='bbox 471 1307 543 1326; x_wconf 90' lang='lat' dir='ltr'><strong>nunc</strong></span> <span class='ocrx_word' id='word_1_194' title='bbox 563 1299 721 1336; x_wconf 92' lang='lat' dir='ltr'><strong>(primum)</strong></span> <span class='ocrx_word' id='word_1_195' title='bbox 746 1301 779 1328; x_wconf 84' lang='lat' dir='ltr'><strong>ad</strong></span> <span class='ocrx_word' id='word_1_196' title='bbox 802 1303 910 1337; x_wconf 73' lang='lat' dir='ltr'><strong>negotia</strong></span> <span class='ocrx_word' id='word_1_197' title='bbox 927 1304 1020 1331; x_wconf 67' lang='lat' dir='ltr'><strong>saeculi</strong></span> 
     </span>
    </p>
   </div>
   <div class='ocr_carea' id='block_1_31' title="bbox 233 1345 1021 1383">
    <p class='ocr_par' dir='ltr' id='par_1_31' title="bbox 233 1345 1021 1383">
     <span class='ocr_line' id='line_1_31' title="bbox 233 1345 1021 1383; baseline 0.01 -14"><span class='ocrx_word' id='word_1_198' title='bbox 233 1345 383 1379; x_wconf 74' lang='lat' dir='ltr'><strong>progressi,</strong></span> <span class='ocrx_word' id='word_1_199' title='bbox 399 1345 425 1372; x_wconf 92' lang='lat' dir='ltr'><strong>itt</strong></span> <span class='ocrx_word' id='word_1_200' title='bbox 443 1345 536 1381; x_wconf 76' lang='lat' dir='ltr'><strong>vigore</strong></span> <span class='ocrx_word' id='word_1_201' title='bbox 546 1346 699 1380; x_wconf 90' lang='lat' dir='ltr'><strong>juventutis</strong></span> <span class='ocrx_word' id='word_1_202' title='bbox 722 1348 795 1375; x_wconf 90' lang='lat' dir='ltr'><strong>circa</strong></span> <span class='ocrx_word' id='word_1_203' title='bbox 819 1348 908 1383; x_wconf 87' lang='lat' dir='ltr'><strong>ipsum</strong></span> <span class='ocrx_word' id='word_1_204' title='bbox 932 1351 1021 1377; x_wconf 64' lang='lat' dir='ltr'><strong>aetatis</strong></span> 
     </span>
    </p>
   </div>
   <div class='ocr_carea' id='block_1_32' title="bbox 233 1388 1020 1425">
    <p class='ocr_par' dir='ltr' id='par_1_32' title="bbox 233 1388 1020 1425">
     <span class='ocr_line' id='line_1_32' title="bbox 233 1388 1020 1425; baseline 0.009 -10"><span class='ocrx_word' id='word_1_205' title='bbox 233 1388 341 1421; x_wconf 79' lang='lat' dir='ltr'><strong>ﬂorem,</strong></span> <span class='ocrx_word' id='word_1_206' title='bbox 357 1390 395 1417; x_wconf 89' lang='lat' dir='ltr'><strong>ira</strong></span> <span class='ocrx_word' id='word_1_207' title='bbox 413 1391 573 1419; x_wconf 85' lang='lat' dir='ltr'><strong>stimulante</strong></span> <span class='ocrx_word' id='word_1_208' title='bbox 589 1400 637 1420; x_wconf 87' lang='lat' dir='ltr'><strong>eos</strong></span> <span class='ocrx_word' id='word_1_209' title='bbox 651 1392 684 1420; x_wconf 83' lang='lat' dir='ltr'><strong>ad</strong></span> <span class='ocrx_word' id='word_1_210' title='bbox 697 1397 817 1420; x_wconf 87' lang='lat' dir='ltr'><strong>mutuam</strong></span> <span class='ocrx_word' id='word_1_211' title='bbox 834 1394 945 1425; x_wconf 63' lang='lat' dir='ltr'><strong>cadem.</strong></span> <span class='ocrx_word' id='word_1_212' title='bbox 958 1402 1020 1422; x_wconf 89' lang='lat' dir='ltr'><strong>cum</strong></span> 
     </span>
    </p>
   </div>
   <div class='ocr_carea' id='block_1_33' title="bbox 234 1436 1020 1473">
    <p class='ocr_par' dir='ltr' id='par_1_33' title="bbox 234 1436 1020 1473">
     <span class='ocr_line' id='line_1_33' title="bbox 234 1436 1020 1473; baseline 0.006 -10"><span class='ocrx_word' id='word_1_213' title='bbox 234 1436 305 1463; x_wconf 80' lang='lat' dir='ltr'><strong>alter</strong></span> <span class='ocrx_word' id='word_1_214' title='bbox 334 1436 361 1463; x_wconf 92' lang='lat' dir='ltr'><strong>in</strong></span> <span class='ocrx_word' id='word_1_215' title='bbox 389 1437 503 1465; x_wconf 80' lang='lat' dir='ltr'><strong>alterius</strong></span> <span class='ocrx_word' id='word_1_216' title='bbox 534 1438 682 1472; x_wconf 85' lang='lat' dir='ltr'><strong>perniciem</strong></span> <span class='ocrx_word' id='word_1_217' title='bbox 720 1447 819 1468; x_wconf 80' lang='lat' dir='ltr'><strong>manus</strong></span> <span class='ocrx_word' id='word_1_218' title='bbox 849 1445 1020 1473; x_wconf 83' lang='lat' dir='ltr'><strong>armasseut,</strong></span> 
     </span>
    </p>
   </div>
   <div class='ocr_carea' id='block_1_34' title="bbox 1069 200 1876 242">
    <p class='ocr_par' dir='ltr' id='par_1_34' title="bbox 1069 200 1876 242">
     <span class='ocr_line' id='line_1_34' title="bbox 1069 200 1876 242; baseline -0.012 -8"><span class='ocrx_word' id='word_1_219' title='bbox 1069 206 1154 242; x_wconf 77' lang='grc' dir='ltr'>ξηράν</span> <span class='ocrx_word' id='word_1_220' title='bbox 1174 215 1203 232; x_wconf 85' lang='grc' dir='ltr'><strong>τε</strong></span> <span class='ocrx_word' id='word_1_221' title='bbox 1221 207 1267 232; x_wconf 76' lang='grc' dir='ltr'><strong>καὶ</strong></span> <span class='ocrx_word' id='word_1_222' title='bbox 1282 206 1413 241; x_wconf 73' lang='grc' dir='ltr'>ἄνικμον,</span> <span class='ocrx_word' id='word_1_223' title='bbox 1430 205 1467 236; x_wconf 86' lang='grc' dir='ltr'>ὡς</span> <span class='ocrx_word' id='word_1_224' title='bbox 1483 204 1550 239; x_wconf 80' lang='grc' dir='ltr'>μηδὲ</span> <span class='ocrx_word' id='word_1_225' title='bbox 1565 204 1593 229; x_wconf 80' lang='grc' dir='ltr'>ἑν</span> <span class='ocrx_word' id='word_1_226' title='bbox 1605 203 1664 233; x_wconf 87' lang='grc' dir='ltr'>τοῖς</span> <span class='ocrx_word' id='word_1_227' title='bbox 1680 202 1791 231; x_wconf 64' lang='grc' dir='ltr'>κοίλοις</span> <span class='ocrx_word' id='word_1_228' title='bbox 1808 200 1876 234; x_wconf 61' lang='grc' dir='ltr'>ἔχειν</span> 
     </span>
    </p>
   </div>
   <div class='ocr_carea' id='block_1_35' title="bbox 1068 244 1877 285">
    <p class='ocr_par' dir='ltr' id='par_1_35' title="bbox 1068 244 1877 285">
     <span class='ocr_line' id='line_1_35' title="bbox 1068 244 1877 285; baseline -0.011 -7"><span class='ocrx_word' id='word_1_229' title='bbox 1068 260 1095 278; x_wconf 83' lang='grc' dir='ltr'><strong>τι</strong></span> <span class='ocrx_word' id='word_1_230' title='bbox 1111 251 1157 278; x_wconf 74' lang='grc' dir='ltr'>τοῦ</span> <span class='ocrx_word' id='word_1_231' title='bbox 1173 251 1267 282; x_wconf 75' lang='grc' dir='ltr'>ὓδατος</span> <span class='ocrx_word' id='word_1_232' title='bbox 1284 251 1418 285; x_wconf 72' lang='grc' dir='ltr'>λείψανον,</span> <span class='ocrx_word' id='word_1_233' title='bbox 1440 249 1489 285; x_wconf 84' lang='grc' dir='ltr'>τὴν</span> <span class='ocrx_word' id='word_1_234' title='bbox 1512 249 1565 284; x_wconf 70' lang='grc' dir='ltr'>πρὸ</span> <span class='ocrx_word' id='word_1_235' title='bbox 1585 248 1636 283; x_wconf 84' lang='grc' dir='ltr'>τῆς</span> <span class='ocrx_word' id='word_1_236' title='bbox 1652 246 1742 282; x_wconf 78' lang='grc' dir='ltr'>εὐχῆς</span> <span class='ocrx_word' id='word_1_237' title='bbox 1769 244 1877 277; x_wconf 62' lang='grc' dir='ltr'>πελαγί-</span> 
     </span>
    </p>
   </div>
   <div class='ocr_carea' id='block_1_36' title="bbox 1070 291 1876 331">
    <p class='ocr_par' dir='ltr' id='par_1_36' title="bbox 1070 291 1876 331">
     <span class='ocr_line' id='line_1_36' title="bbox 1070 291 1876 331; baseline -0.007 -7"><span class='ocrx_word' id='word_1_238' title='bbox 1070 297 1179 329; x_wconf 76' lang='grc' dir='ltr'>ζουσαν.</span> <span class='ocrx_word' id='word_1_239' title='bbox 1199 297 1253 324; x_wconf 77' lang='grc' dir='ltr'>Καὶ</span> <span class='ocrx_word' id='word_1_240' title='bbox 1273 297 1287 323; x_wconf 81' lang='grc' dir='ltr'>ὁ</span> <span class='ocrx_word' id='word_1_241' title='bbox 1306 297 1355 331; x_wconf 83' lang='grc' dir='ltr'>μὲν</span> <span class='ocrx_word' id='word_1_242' title='bbox 1378 296 1464 323; x_wconf 79' lang='grc' dir='ltr'>ταῦτα</span> <span class='ocrx_word' id='word_1_243' title='bbox 1482 296 1515 330; x_wconf 86' lang='grc' dir='ltr'><strong>τῇ</strong></span> <span class='ocrx_word' id='word_1_244' title='bbox 1537 294 1597 329; x_wconf 69' lang='grc' dir='ltr'>θείᾳ</span> <span class='ocrx_word' id='word_1_245' title='bbox 1609 293 1728 328; x_wconf 64' lang='grc' dir='ltr'>δυνάμει</span> <span class='ocrx_word' id='word_1_246' title='bbox 1747 291 1876 321; x_wconf 68' lang='grc' dir='ltr'>δικάσας.</span> 
     </span>
    </p>
   </div>
   <div class='ocr_carea' id='block_1_37' title="bbox 1070 337 1877 378">
    <p class='ocr_par' dir='ltr' id='par_1_37' title="bbox 1070 337 1877 378">
     <span class='ocr_line' id='line_1_37' title="bbox 1070 337 1877 378; baseline -0.01 -9"><span class='ocrx_word' id='word_1_247' title='bbox 1070 343 1151 369; x_wconf 77' lang='grc' dir='ltr'>πάλιν</span> <span class='ocrx_word' id='word_1_248' title='bbox 1166 342 1232 378; x_wconf 79' lang='grc' dir='ltr'>πρὸς</span> <span class='ocrx_word' id='word_1_249' title='bbox 1247 342 1342 369; x_wconf 73' lang='grc' dir='ltr'>ἑαυτὸν</span> <span class='ocrx_word' id='word_1_250' title='bbox 1359 341 1506 377; x_wconf 80' lang='grc' dir='ltr'>ἀνεχώρει·</span> <span class='ocrx_word' id='word_1_251' title='bbox 1523 342 1579 371; x_wconf 84' lang='grc' dir='ltr'>τοῖς</span> <span class='ocrx_word' id='word_1_252' title='bbox 1594 340 1622 367; x_wconf 81' lang='grc' dir='ltr'><strong>δὲ</strong></span> <span class='ocrx_word' id='word_1_253' title='bbox 1640 340 1714 371; x_wconf 87' lang='grc' dir='ltr'><strong>νέοις</strong></span> <span class='ocrx_word' id='word_1_254' title='bbox 1738 339 1758 372; x_wconf 89' lang='grc' dir='ltr'><strong>ἡ</strong></span> <span class='ocrx_word' id='word_1_255' title='bbox 1775 338 1810 363; x_wconf 74' lang='grc' dir='ltr'>ἐκ</span> <span class='ocrx_word' id='word_1_256' title='bbox 1828 337 1877 362; x_wconf 64' lang='lat' dir='ltr'><strong>tE-n</strong></span> 
     </span>
    </p>
   </div>
   <div class='ocr_carea' id='block_1_38' title="bbox 1069 383 1876 424">
    <p class='ocr_par' dir='ltr' id='par_1_38' title="bbox 1069 383 1876 424">
     <span class='ocr_line' id='line_1_38' title="bbox 1069 383 1876 424; baseline -0.009 -8"><span class='ocrx_word' id='word_1_257' title='bbox 1069 389 1158 424; x_wconf 73' lang='grc' dir='ltr'>ἔργων</span> <span class='ocrx_word' id='word_1_258' title='bbox 1175 389 1313 422; x_wconf 67' lang='grc' dir='ltr'>ἀπόφασις</span> <span class='ocrx_word' id='word_1_259' title='bbox 1336 389 1385 423; x_wconf 83' lang='grc' dir='ltr'>τὴν</span> <span class='ocrx_word' id='word_1_260' title='bbox 1408 387 1571 422; x_wconf 79' lang='grc' dir='ltr'>φιλονεικίαν</span> <span class='ocrx_word' id='word_1_261' title='bbox 1592 386 1728 412; x_wconf 83' lang='grc' dir='ltr'>διέλυσεν.</span> <span class='ocrx_word' id='word_1_262' title='bbox 1751 383 1802 419; x_wconf 79' lang='grc' dir='ltr'>Μὴ</span> <span class='ocrx_word' id='word_1_263' title='bbox 1826 384 1876 417; x_wconf 66' lang='grc' dir='ltr'>γὰρ</span> 
     </span>
    </p>
   </div>
   <div class='ocr_carea' id='block_1_39' title="bbox 1066 429 1876 470">
    <p class='ocr_par' dir='ltr' id='par_1_39' title="bbox 1066 429 1876 470">
     <span class='ocr_line' id='line_1_39' title="bbox 1066 429 1876 470; baseline -0.006 -9"><span class='ocrx_word' id='word_1_264' title='bbox 1066 436 1145 467; x_wconf 45' lang='lat' dir='ltr'><strong>bit-ro;</strong></span> <span class='ocrx_word' id='word_1_265' title='bbox 1158 436 1204 461; x_wconf 78' lang='grc' dir='ltr'>τοῦ</span> <span class='ocrx_word' id='word_1_266' title='bbox 1222 435 1293 470; x_wconf 80' lang='grc' dir='ltr'><strong>ὑπὲρ</strong></span> <span class='ocrx_word' id='word_1_267' title='bbox 1302 432 1333 461; x_wconf 76' lang='grc' dir='ltr'><strong>οὗ</strong></span> <span class='ocrx_word' id='word_1_268' title='bbox 1351 436 1405 461; x_wconf 83' lang='grc' dir='ltr'>τῶν</span> <span class='ocrx_word' id='word_1_269' title='bbox 1425 434 1486 461; x_wconf 74' lang='grc' dir='ltr'>κατ’</span> <span class='ocrx_word' id='word_1_270' title='bbox 1501 433 1621 468; x_wconf 78' lang='grc' dir='ltr'><strong>ἀλλήλων</strong></span> <span class='ocrx_word' id='word_1_271' title='bbox 1641 432 1786 467; x_wconf 74' lang='grc' dir='ltr'><strong>ἐξήρτυον</strong></span> <span class='ocrx_word' id='word_1_272' title='bbox 1807 429 1876 456; x_wconf 63' lang='grc' dir='ltr'>πόλε-</span> 
     </span>
    </p>
   </div>
   <div class='ocr_carea' id='block_1_40' title="bbox 1072 476 1874 516">
    <p class='ocr_par' dir='ltr' id='par_1_40' title="bbox 1072 476 1874 516">
     <span class='ocr_line' id='line_1_40' title="bbox 1072 476 1874 516; baseline -0.009 -9"><span class='ocrx_word' id='word_1_273' title='bbox 1072 489 1132 515; x_wconf 83' lang='grc' dir='ltr'>μον,</span> <span class='ocrx_word' id='word_1_274' title='bbox 1147 481 1240 516; x_wconf 77' lang='grc' dir='ltr'>είρήιιη</span> <span class='ocrx_word' id='word_1_275' title='bbox 1255 481 1301 506; x_wconf 84' lang='grc' dir='ltr'>τὸν</span> <span class='ocrx_word' id='word_1_276' title='bbox 1321 479 1406 515; x_wconf 71' lang='grc' dir='ltr'>Θυμὺν</span> <span class='ocrx_word' id='word_1_277' title='bbox 1429 479 1574 511; x_wconf 78' lang='grc' dir='ltr'><strong>διεδέξατο,</strong></span> <span class='ocrx_word' id='word_1_278' title='bbox 1598 478 1646 505; x_wconf 72' lang='grc' dir='ltr'>καὶ</span> <span class='ocrx_word' id='word_1_279' title='bbox 1670 477 1761 504; x_wconf 77' lang='grc' dir='ltr'>πάλιν</span> <span class='ocrx_word' id='word_1_280' title='bbox 1780 476 1874 510; x_wconf 71' lang='grc' dir='ltr'>ἑαυτὴν</span> 
     </span>
    </p>
   </div>
   <div class='ocr_carea' id='block_1_41' title="bbox 1071 523 1874 562">
    <p class='ocr_par' dir='ltr' id='par_1_41' title="bbox 1071 523 1874 562">
     <span class='ocr_line' id='line_1_41' title="bbox 1071 523 1874 562; baseline -0.006 -9"><span class='ocrx_word' id='word_1_281' title='bbox 1071 528 1099 553; x_wconf 70' lang='grc' dir='ltr'>ἔν</span> <span class='ocrx_word' id='word_1_282' title='bbox 1114 528 1169 558; x_wconf 85' lang='grc' dir='ltr'>τοῖς</span> <span class='ocrx_word' id='word_1_283' title='bbox 1191 527 1312 561; x_wconf 74' lang='grc' dir='ltr'>ἀδελφοῖς</span> <span class='ocrx_word' id='word_1_284' title='bbox 1336 527 1352 562; x_wconf 78' lang='grc' dir='ltr'>ἡ</span> <span class='ocrx_word' id='word_1_285' title='bbox 1377 525 1458 559; x_wconf 69' lang='grc' dir='ltr'>φύσις</span> <span class='ocrx_word' id='word_1_286' title='bbox 1482 524 1623 560; x_wconf 75' lang='grc' dir='ltr'>ἐγνώρισε.</span> <span class='ocrx_word' id='word_1_287' title='bbox 1654 524 1715 551; x_wconf 74' lang='grc' dir='ltr'>Καὶ</span> <span class='ocrx_word' id='word_1_288' title='bbox 1735 523 1790 549; x_wconf 79' lang='grc' dir='ltr'><strong>νῦν</strong></span> <span class='ocrx_word' id='word_1_289' title='bbox 1808 523 1874 549; x_wconf 70' lang='grc' dir='ltr'>ἔστιν</span> 
     </span>
    </p>
   </div>
   <div class='ocr_carea' id='block_1_42' title="bbox 1072 568 1875 608">
    <p class='ocr_par' dir='ltr' id='par_1_42' title="bbox 1072 568 1875 608">
     <span class='ocr_line' id='line_1_42' title="bbox 1072 568 1875 608; baseline -0.006 -9"><span class='ocrx_word' id='word_1_290' title='bbox 1072 574 1135 601; x_wconf 76' lang='grc' dir='ltr'>[δεῖν</span> <span class='ocrx_word' id='word_1_291' title='bbox 1164 574 1211 608; x_wconf 81' lang='grc' dir='ltr'>τῆς</span> <span class='ocrx_word' id='word_1_292' title='bbox 1234 573 1307 604; x_wconf 77' lang='grc' dir='ltr'>θείας</span> <span class='ocrx_word' id='word_1_293' title='bbox 1331 572 1438 606; x_wconf 74' lang='grc' dir='ltr'>ἐκείνης</span> <span class='ocrx_word' id='word_1_294' title='bbox 1460 571 1622 605; x_wconf 70' lang='grc' dir='ltr'><strong>ἀποφάσεως</strong></span> <span class='ocrx_word' id='word_1_295' title='bbox 1642 570 1756 605; x_wconf 78' lang='grc' dir='ltr'>ἐναργῆ</span> <span class='ocrx_word' id='word_1_296' title='bbox 1781 568 1816 595; x_wconf 68' lang='grc' dir='ltr'><strong>τὰ</strong></span> <span class='ocrx_word' id='word_1_297' title='bbox 1834 577 1875 603; x_wconf 72' lang='grc' dir='ltr'>σις-</span> 
     </span>
    </p>
   </div>
   <div class='ocr_carea' id='block_1_43' title="bbox 1072 614 1875 654">
    <p class='ocr_par' dir='ltr' id='par_1_43' title="bbox 1072 614 1875 654">
     <span class='ocr_line' id='line_1_43' title="bbox 1072 614 1875 654; baseline -0.006 -9"><span class='ocrx_word' id='word_1_298' title='bbox 1072 619 1261 654; x_wconf 73' lang='grc' dir='ltr'>μεῖσι.·Κύκλῳ</span> <span class='ocrx_word' id='word_1_299' title='bbox 1274 619 1327 653; x_wconf 78' lang='grc' dir='ltr'><strong>γὰρ</strong></span> <span class='ocrx_word' id='word_1_300' title='bbox 1342 618 1391 653; x_wconf 75' lang='grc' dir='ltr'>τῆς</span> <span class='ocrx_word' id='word_1_301' title='bbox 1408 626 1471 643; x_wconf 81' lang='grc' dir='ltr'>ποτε</span> <span class='ocrx_word' id='word_1_302' title='bbox 1486 616 1584 652; x_wconf 80' lang='grc' dir='ltr'>λίμνης</span> <span class='ocrx_word' id='word_1_303' title='bbox 1604 617 1666 651; x_wconf 80' lang='grc' dir='ltr'>ἴχνη</span> <span class='ocrx_word' id='word_1_304' title='bbox 1682 615 1751 641; x_wconf 72' lang='grc' dir='ltr'>τινὰ</span> <span class='ocrx_word' id='word_1_305' title='bbox 1769 614 1822 648; x_wconf 77' lang='grc' dir='ltr'>τῆς</span> <span class='ocrx_word' id='word_1_306' title='bbox 1833 614 1875 640; x_wconf 71' lang='grc' dir='ltr'>τοῦ</span> 
     </span>
    </p>
   </div>
   <div class='ocr_carea' id='block_1_44' title="bbox 1071 660 1876 696">
    <p class='ocr_par' dir='ltr' id='par_1_44' title="bbox 1071 660 1876 696">
     <span class='ocr_line' id='line_1_44' title="bbox 1071 660 1876 696; baseline -0.009 -5"><span class='ocrx_word' id='word_1_307' title='bbox 1071 665 1165 696; x_wconf 80' lang='grc' dir='ltr'>ὓδατος</span> <span class='ocrx_word' id='word_1_308' title='bbox 1185 664 1352 695; x_wconf 78' lang='grc' dir='ltr'>ὲπικλύσεως</span> <span class='ocrx_word' id='word_1_309' title='bbox 1377 664 1417 695; x_wconf 75' lang='lat' dir='ltr'><strong>si;</strong></span> <span class='ocrx_word' id='word_1_310' title='bbox 1440 663 1481 689; x_wconf 79' lang='grc' dir='ltr'>ἔτι</span> <span class='ocrx_word' id='word_1_311' title='bbox 1507 663 1553 689; x_wconf 66' lang='grc' dir='ltr'>καὶ</span> <span class='ocrx_word' id='word_1_312' title='bbox 1573 662 1620 688; x_wconf 83' lang='grc' dir='ltr'>νῦν</span> <span class='ocrx_word' id='word_1_313' title='bbox 1640 661 1827 692; x_wconf 70' lang='grc' dir='ltr'><strong>διασώζεται.</strong></span> <span class='ocrx_word' id='word_1_314' title='bbox 1843 660 1876 685; x_wconf 62' lang='lat' dir='ltr'><strong>re</strong></span> 
     </span>
    </p>
   </div>
   <div class='ocr_carea' id='block_1_45' title="bbox 1070 704 1875 746">
    <p class='ocr_par' dir='ltr' id='par_1_45' title="bbox 1070 704 1875 746">
     <span class='ocr_line' id='line_1_45' title="bbox 1070 704 1875 746; baseline -0.009 -9"><span class='ocrx_word' id='word_1_315' title='bbox 1070 711 1093 737; x_wconf 82' lang='grc' dir='ltr'><strong>δ’</strong></span> <span class='ocrx_word' id='word_1_316' title='bbox 1106 712 1166 737; x_wconf 73' lang='grc' dir='ltr'>ὅσον</span> <span class='ocrx_word' id='word_1_317' title='bbox 1182 711 1272 746; x_wconf 79' lang='grc' dir='ltr'>βύθιον</span> <span class='ocrx_word' id='word_1_318' title='bbox 1295 708 1328 745; x_wconf 83' lang='grc' dir='ltr'>ἦν</span> <span class='ocrx_word' id='word_1_319' title='bbox 1344 711 1404 737; x_wconf 76' lang='grc' dir='ltr'>τότε</span> <span class='ocrx_word' id='word_1_320' title='bbox 1421 709 1468 735; x_wconf 71' lang='grc' dir='ltr'>καὶ</span> <span class='ocrx_word' id='word_1_321' title='bbox 1488 710 1517 735; x_wconf 82' lang='grc' dir='ltr'>ἐν</span> <span class='ocrx_word' id='word_1_322' title='bbox 1540 708 1579 743; x_wconf 87' lang='grc' dir='ltr'>τῷ</span> <span class='ocrx_word' id='word_1_323' title='bbox 1605 708 1732 742; x_wconf 82' lang='grc' dir='ltr'>πυθμένι</span> <span class='ocrx_word' id='word_1_324' title='bbox 1754 705 1805 731; x_wconf 79' lang='grc' dir='ltr'>τοῦ</span> <span class='ocrx_word' id='word_1_325' title='bbox 1822 704 1875 731; x_wconf 72' lang='grc' dir='ltr'>ὓδα-</span> 
     </span>
    </p>
   </div>
   <div class='ocr_carea' id='block_1_46' title="bbox 1070 751 1874 792">
    <p class='ocr_par' dir='ltr' id='par_1_46' title="bbox 1070 751 1874 792">
     <span class='ocr_line' id='line_1_46' title="bbox 1070 751 1874 792; baseline -0.011 -7"><span class='ocrx_word' id='word_1_326' title='bbox 1070 766 1126 789; x_wconf 83' lang='grc' dir='ltr'>τος,</span> <span class='ocrx_word' id='word_1_327' title='bbox 1147 757 1220 784; x_wconf 75' lang='grc' dir='ltr'>ἅπαν</span> <span class='ocrx_word' id='word_1_328' title='bbox 1239 755 1441 792; x_wconf 84' lang='grc' dir='ltr'>μετεσκευάσοη</span> <span class='ocrx_word' id='word_1_329' title='bbox 1458 756 1498 786; x_wconf 87' lang='grc' dir='ltr'><strong>είς</strong></span> <span class='ocrx_word' id='word_1_330' title='bbox 1523 754 1601 787; x_wconf 77' lang='grc' dir='ltr'>ἄλση.</span> <span class='ocrx_word' id='word_1_331' title='bbox 1624 754 1673 780; x_wconf 75' lang='grc' dir='ltr'>καὶ</span> <span class='ocrx_word' id='word_1_332' title='bbox 1696 753 1812 786; x_wconf 76' lang='grc' dir='ltr'>οἴκησιν</span> <span class='ocrx_word' id='word_1_333' title='bbox 1833 751 1874 777; x_wconf 65' lang='grc' dir='ltr'>καὶ</span> 
     </span>
    </p>
   </div>
   <div class='ocr_carea' id='block_1_47' title="bbox 1073 797 1874 837">
    <p class='ocr_par' dir='ltr' id='par_1_47' title="bbox 1073 797 1874 837">
     <span class='ocr_line' id='line_1_47' title="bbox 1073 797 1874 837; baseline -0.006 -8"><span class='ocrx_word' id='word_1_334' title='bbox 1073 803 1223 837; x_wconf 81' lang='grc' dir='ltr'>λειμῶνας,</span> <span class='ocrx_word' id='word_1_335' title='bbox 1240 803 1286 829; x_wconf 74' lang='grc' dir='ltr'>καὶ</span> <span class='ocrx_word' id='word_1_336' title='bbox 1302 802 1394 837; x_wconf 75' lang='grc' dir='ltr'>ἄροσιν</span> <span class='ocrx_word' id='word_1_337' title='bbox 1422 800 1528 835; x_wconf 82' lang='grc' dir='ltr'><strong>Ταύτης</strong></span> <span class='ocrx_word' id='word_1_338' title='bbox 1550 798 1626 834; x_wconf 80' lang='grc' dir='ltr'>οἶμαι</span> <span class='ocrx_word' id='word_1_339' title='bbox 1648 799 1702 830; x_wconf 79' lang='grc' dir='ltr'>τῆς</span> <span class='ocrx_word' id='word_1_340' title='bbox 1719 798 1804 831; x_wconf 74' lang='grc' dir='ltr'>δίκης</span> <span class='ocrx_word' id='word_1_341' title='bbox 1820 797 1874 831; x_wconf 71' lang='grc' dir='ltr'>μηδ’</span> 
     </span>
    </p>
   </div>
   <div class='ocr_carea' id='block_1_48' title="bbox 1075 843 1873 881">
    <p class='ocr_par' dir='ltr' id='par_1_48' title="bbox 1075 843 1873 881">
     <span class='ocr_line' id='line_1_48' title="bbox 1075 843 1873 881; baseline -0.009 -6"><span class='ocrx_word' id='word_1_342' title='bbox 1075 849 1108 876; x_wconf 84' lang='grc' dir='ltr'>ἂν</span> <span class='ocrx_word' id='word_1_343' title='bbox 1137 849 1215 875; x_wconf 79' lang='grc' dir='ltr'>αὑτὸν</span> <span class='ocrx_word' id='word_1_344' title='bbox 1242 849 1344 875; x_wconf 71' lang='grc' dir='ltr'>ἐκεῖνον</span> <span class='ocrx_word' id='word_1_345' title='bbox 1367 848 1411 874; x_wconf 79' lang='grc' dir='ltr'>τὸν</span> <span class='ocrx_word' id='word_1_346' title='bbox 1434 846 1584 881; x_wconf 75' lang='grc' dir='ltr'>ὀνομαστὸν</span> <span class='ocrx_word' id='word_1_347' title='bbox 1608 844 1799 879; x_wconf 73' lang='grc' dir='ltr'>Σολομῶντα,</span> <span class='ocrx_word' id='word_1_348' title='bbox 1825 843 1873 869; x_wconf 74' lang='grc' dir='ltr'>τῶν</span> 
     </span>
    </p>
   </div>
   <div class='ocr_carea' id='block_1_49' title="bbox 1071 890 1873 929">
    <p class='ocr_par' dir='ltr' id='par_1_49' title="bbox 1071 890 1873 929">
     <span class='ocr_line' id='line_1_49' title="bbox 1071 890 1873 929; baseline -0.007 -8"><span class='ocrx_word' id='word_1_349' title='bbox 1071 903 1133 929; x_wconf 82' lang='grc' dir='ltr'>πρω</span> <span class='ocrx_word' id='word_1_350' title='bbox 1150 894 1212 920; x_wconf 81' lang='grc' dir='ltr'>είων</span> <span class='ocrx_word' id='word_1_351' title='bbox 1229 893 1442 928; x_wconf 49' lang='grc' dir='ltr'>ἀμρισεητῆται.</span> <span class='ocrx_word' id='word_1_352' title='bbox 1468 892 1499 918; x_wconf 90' lang='grc' dir='ltr'>Τί</span> <span class='ocrx_word' id='word_1_353' title='bbox 1520 892 1574 926; x_wconf 69' lang='grc' dir='ltr'><strong>γὰρ</strong></span> <span class='ocrx_word' id='word_1_354' title='bbox 1596 890 1727 917; x_wconf 73' lang='grc' dir='ltr'>τοσοῦτον</span> <span class='ocrx_word' id='word_1_355' title='bbox 1747 891 1791 921; x_wconf 83' lang='grc' dir='ltr'><strong>είς</strong></span> <span class='ocrx_word' id='word_1_356' title='bbox 1812 890 1873 924; x_wconf 58' lang='grc' dir='ltr'>ἀρε-</span> 
     </span>
    </p>
   </div>
   <div class='ocr_carea' id='block_1_50' title="bbox 1070 935 1872 974">
    <p class='ocr_par' dir='ltr' id='par_1_50' title="bbox 1070 935 1872 974">
     <span class='ocr_line' id='line_1_50' title="bbox 1070 935 1872 974; baseline -0.005 -9"><span class='ocrx_word' id='word_1_357' title='bbox 1070 940 1129 974; x_wconf 82' lang='grc' dir='ltr'>τὴν.</span> <span class='ocrx_word' id='word_1_358' title='bbox 1148 939 1288 965; x_wconf 72' lang='grc' dir='ltr'>ἀτοσῶσαι</span> <span class='ocrx_word' id='word_1_359' title='bbox 1311 939 1341 964; x_wconf 70' lang='grc' dir='ltr'><strong>τὸ</strong></span> <span class='ocrx_word' id='word_1_360' title='bbox 1362 938 1416 964; x_wconf 77' lang='grc' dir='ltr'>τῶν</span> <span class='ocrx_word' id='word_1_361' title='bbox 1433 937 1565 973; x_wconf 76' lang='grc' dir='ltr'><strong>μητρῴων</strong></span> <span class='ocrx_word' id='word_1_362' title='bbox 1583 936 1629 962; x_wconf 83' lang='grc' dir='ltr'><strong>δύο</strong></span> <span class='ocrx_word' id='word_1_363' title='bbox 1653 936 1756 970; x_wconf 76' lang='grc' dir='ltr'>μαζῶν</span> <span class='ocrx_word' id='word_1_364' title='bbox 1779 935 1872 970; x_wconf 61' lang='grc' dir='ltr'>βρέ-ρος</span> 
     </span>
    </p>
   </div>
   <div class='ocr_carea' id='block_1_51' title="bbox 1071 981 1871 1020">
    <p class='ocr_par' dir='ltr' id='par_1_51' title="bbox 1071 981 1871 1020">
     <span class='ocr_line' id='line_1_51' title="bbox 1071 981 1871 1020; baseline -0.008 -9"><span class='ocrx_word' id='word_1_365' title='bbox 1071 984 1266 1020; x_wconf 75' lang='grc' dir='ltr'>ὲνυπομάζιον,</span> <span class='ocrx_word' id='word_1_366' title='bbox 1289 981 1311 1017; x_wconf 85' lang='grc' dir='ltr'>ᾦ</span> <span class='ocrx_word' id='word_1_367' title='bbox 1336 984 1365 1010; x_wconf 72' lang='grc' dir='ltr'><strong>τὸ</strong></span> <span class='ocrx_word' id='word_1_368' title='bbox 1391 984 1447 1009; x_wconf 82' lang='grc' dir='ltr'><strong>ἱόον</strong></span> <span class='ocrx_word' id='word_1_369' title='bbox 1471 981 1503 1017; x_wconf 77' lang='grc' dir='ltr'>ἦν</span> <span class='ocrx_word' id='word_1_370' title='bbox 1528 983 1637 1012; x_wconf 74' lang='grc' dir='ltr'>πάντως</span> <span class='ocrx_word' id='word_1_371' title='bbox 1659 982 1701 1013; x_wconf 74' lang='grc' dir='ltr'>εἰς</span> <span class='ocrx_word' id='word_1_372' title='bbox 1723 981 1871 1015; x_wconf 79' lang='grc' dir='ltr'>σωτηρίαν,</span> 
     </span>
    </p>
   </div>
   <div class='ocr_carea' id='block_1_52' title="bbox 1071 1026 1872 1065">
    <p class='ocr_par' dir='ltr' id='par_1_52' title="bbox 1071 1026 1872 1065">
     <span class='ocr_line' id='line_1_52' title="bbox 1071 1026 1872 1065; baseline -0.006 -9"><span class='ocrx_word' id='word_1_373' title='bbox 1071 1031 1124 1056; x_wconf 76' lang='grc' dir='ltr'>εἴτε</span> <span class='ocrx_word' id='word_1_374' title='bbox 1139 1030 1214 1065; x_wconf 72' lang='grc' dir='ltr'>παρὰ</span> <span class='ocrx_word' id='word_1_375' title='bbox 1231 1030 1279 1064; x_wconf 82' lang='grc' dir='ltr'>τῆς</span> <span class='ocrx_word' id='word_1_376' title='bbox 1292 1029 1505 1064; x_wconf 75' lang='grc' dir='ltr'>γεννησαμένης.</span> <span class='ocrx_word' id='word_1_377' title='bbox 1521 1029 1574 1054; x_wconf 77' lang='grc' dir='ltr'>εἶτε</span> <span class='ocrx_word' id='word_1_378' title='bbox 1592 1028 1638 1053; x_wconf 68' lang='grc' dir='ltr'>καὶ</span> <span class='ocrx_word' id='word_1_379' title='bbox 1656 1027 1736 1060; x_wconf 70' lang='grc' dir='ltr'>παρὶ</span> <span class='ocrx_word' id='word_1_380' title='bbox 1753 1026 1804 1060; x_wconf 76' lang='grc' dir='ltr'>τῆς</span> <span class='ocrx_word' id='word_1_381' title='bbox 1823 1026 1872 1051; x_wconf 77' lang='grc' dir='ltr'><strong>ἐτέ-</strong></span> 
     </span>
    </p>
   </div>
   <div class='ocr_carea' id='block_1_53' title="bbox 1072 1071 1871 1112">
    <p class='ocr_par' dir='ltr' id='par_1_53' title="bbox 1072 1071 1871 1112">
     <span class='ocr_line' id='line_1_53' title="bbox 1072 1071 1871 1112; baseline -0.008 -9"><span class='ocrx_word' id='word_1_382' title='bbox 1072 1085 1121 1112; x_wconf 78' lang='lat' dir='ltr'><strong>p1;</strong></span> <span class='ocrx_word' id='word_1_383' title='bbox 1148 1075 1236 1110; x_wconf 76' lang='grc' dir='ltr'>ἑαυτῷ</span> <span class='ocrx_word' id='word_1_384' title='bbox 1265 1075 1298 1101; x_wconf 77' lang='grc' dir='ltr'><strong>τὰ</strong></span> <span class='ocrx_word' id='word_1_385' title='bbox 1325 1075 1373 1109; x_wconf 75' lang='grc' dir='ltr'>τῆς</span> <span class='ocrx_word' id='word_1_386' title='bbox 1396 1074 1549 1108; x_wconf 59' lang='grc' dir='ltr'>ἀνατροφῆς</span> <span class='ocrx_word' id='word_1_387' title='bbox 1572 1072 1802 1106; x_wconf 70' lang='grc' dir='ltr'>ἑ·ποιιδὰζετο,ἣ</span> <span class='ocrx_word' id='word_1_388' title='bbox 1830 1071 1871 1097; x_wconf 66' lang='grc' dir='ltr'>δύο</span> 
     </span>
    </p>
   </div>
   <div class='ocr_carea' id='block_1_54' title="bbox 1071 1115 1870 1156">
    <p class='ocr_par' dir='ltr' id='par_1_54' title="bbox 1071 1115 1870 1156">
     <span class='ocr_line' id='line_1_54' title="bbox 1071 1115 1870 1156; baseline -0.008 -9"><span class='ocrx_word' id='word_1_389' title='bbox 1071 1121 1177 1152; x_wconf 75' lang='grc' dir='ltr'>νεανίας</span> <span class='ocrx_word' id='word_1_390' title='bbox 1200 1120 1347 1156; x_wconf 76' lang='grc' dir='ltr'>βραϐεῦσαι</span> <span class='ocrx_word' id='word_1_391' title='bbox 1365 1119 1415 1154; x_wconf 85' lang='grc' dir='ltr'>τὴν</span> <span class='ocrx_word' id='word_1_392' title='bbox 1437 1118 1590 1153; x_wconf 76' lang='grc' dir='ltr'>σωτηρία·ι;</span> <span class='ocrx_word' id='word_1_393' title='bbox 1605 1117 1630 1144; x_wconf 80' lang='grc' dir='ltr'>οἳ</span> <span class='ocrx_word' id='word_1_394' title='bbox 1646 1117 1695 1143; x_wconf 76' lang='grc' dir='ltr'>νῦν</span> <span class='ocrx_word' id='word_1_395' title='bbox 1718 1117 1768 1143; x_wconf 69' lang='grc' dir='ltr'><strong>ἐπὶ</strong></span> <span class='ocrx_word' id='word_1_396' title='bbox 1782 1116 1816 1142; x_wconf 72' lang='grc' dir='ltr'>τὶ</span> <span class='ocrx_word' id='word_1_397' title='bbox 1829 1115 1870 1141; x_wconf 67' lang='grc' dir='ltr'>τοῦ</span> 
     </span>
    </p>
   </div>
   <div class='ocr_carea' id='block_1_55' title="bbox 1072 1161 1870 1201">
    <p class='ocr_par' dir='ltr' id='par_1_55' title="bbox 1072 1161 1870 1201">
     <span class='ocr_line' id='line_1_55' title="bbox 1072 1161 1870 1201; baseline -0.008 -9"><span class='ocrx_word' id='word_1_398' title='bbox 1072 1166 1129 1201; x_wconf 68' lang='grc' dir='ltr'>βίον</span> <span class='ocrx_word' id='word_1_399' title='bbox 1145 1165 1293 1201; x_wconf 74' lang='grc' dir='ltr'>πράγματα</span> <span class='ocrx_word' id='word_1_400' title='bbox 1311 1164 1499 1200; x_wconf 74' lang='grc' dir='ltr'><strong>παρελθόντες,</strong></span> <span class='ocrx_word' id='word_1_401' title='bbox 1516 1164 1545 1189; x_wconf 81' lang='grc' dir='ltr'>ὲν</span> <span class='ocrx_word' id='word_1_402' title='bbox 1568 1164 1644 1198; x_wconf 75' lang='grc' dir='ltr'>ἀκμῇ</span> <span class='ocrx_word' id='word_1_403' title='bbox 1662 1163 1712 1198; x_wconf 81' lang='grc' dir='ltr'>τῆς</span> <span class='ocrx_word' id='word_1_404' title='bbox 1734 1161 1870 1196; x_wconf 80' lang='grc' dir='ltr'>νεότητος.</span> 
     </span>
    </p>
   </div>
   <div class='ocr_carea' id='block_1_56' title="bbox 1071 1207 1872 1246">
    <p class='ocr_par' dir='ltr' id='par_1_56' title="bbox 1071 1207 1872 1246">
     <span class='ocr_line' id='line_1_56' title="bbox 1071 1207 1872 1246; baseline -0.007 -8"><span class='ocrx_word' id='word_1_405' title='bbox 1071 1213 1129 1238; x_wconf 75' lang='grc' dir='ltr'>κατ’</span> <span class='ocrx_word' id='word_1_406' title='bbox 1149 1212 1213 1238; x_wconf 82' lang='grc' dir='ltr'>αὐτὸ</span> <span class='ocrx_word' id='word_1_407' title='bbox 1234 1212 1282 1246; x_wconf 80' lang='grc' dir='ltr'>τῆς</span> <span class='ocrx_word' id='word_1_408' title='bbox 1299 1210 1405 1245; x_wconf 78' lang='grc' dir='ltr'>ἡλικίας</span> <span class='ocrx_word' id='word_1_409' title='bbox 1425 1210 1454 1236; x_wconf 82' lang='grc' dir='ltr'><strong>τὺ</strong></span> <span class='ocrx_word' id='word_1_410' title='bbox 1476 1209 1555 1239; x_wconf 65' lang='grc' dir='ltr'>ἄνθος</span> <span class='ocrx_word' id='word_1_411' title='bbox 1571 1208 1618 1235; x_wconf 80' lang='grc' dir='ltr'>τοῦ</span> <span class='ocrx_word' id='word_1_412' title='bbox 1640 1207 1729 1242; x_wconf 71' lang='grc' dir='ltr'>θυμοῦ</span> <span class='ocrx_word' id='word_1_413' title='bbox 1746 1207 1816 1242; x_wconf 79' lang='grc' dir='ltr'>πρὸς</span> <span class='ocrx_word' id='word_1_414' title='bbox 1831 1207 1872 1232; x_wconf 74' lang='grc' dir='ltr'>τὸν</span> 
     </span>
    </p>
   </div>
   <div class='ocr_carea' id='block_1_57' title="bbox 1072 1252 1873 1293">
    <p class='ocr_par' dir='ltr' id='par_1_57' title="bbox 1072 1252 1873 1293">
     <span class='ocr_line' id='line_1_57' title="bbox 1072 1252 1873 1293; baseline -0.009 -9"><span class='ocrx_word' id='word_1_415' title='bbox 1072 1258 1131 1285; x_wconf 79' lang='grc' dir='ltr'>κατ’</span> <span class='ocrx_word' id='word_1_416' title='bbox 1146 1257 1265 1293; x_wconf 79' lang='grc' dir='ltr'><strong>ἀλλήλων</strong></span> <span class='ocrx_word' id='word_1_417' title='bbox 1287 1257 1365 1291; x_wconf 77' lang='grc' dir='ltr'>φόνον</span> <span class='ocrx_word' id='word_1_418' title='bbox 1391 1256 1480 1287; x_wconf 56' lang='lat' dir='ltr'><strong>avi-toi;</strong></span> <span class='ocrx_word' id='word_1_419' title='bbox 1508 1255 1777 1289; x_wconf 75' lang='grc' dir='ltr'>παροιστρὴσαντος,</span> <span class='ocrx_word' id='word_1_420' title='bbox 1794 1252 1873 1287; x_wconf 74' lang='grc' dir='ltr'>ἔμελ-</span> 
     </span>
    </p>
   </div>
   <div class='ocr_carea' id='block_1_58' title="bbox 1071 1298 1872 1344">
    <p class='ocr_par' dir='ltr' id='par_1_58' title="bbox 1071 1298 1872 1344">
     <span class='ocr_line' id='line_1_58' title="bbox 1071 1298 1872 1344; baseline -0.009 -14"><span class='ocrx_word' id='word_1_421' title='bbox 1071 1304 1115 1330; x_wconf 76' lang='grc' dir='ltr'>λον</span> <span class='ocrx_word' id='word_1_422' title='bbox 1138 1304 1226 1339; x_wconf 77' lang='grc' dir='ltr'>θέαμα</span> <span class='ocrx_word' id='word_1_423' title='bbox 1251 1302 1348 1337; x_wconf 70' lang='grc' dir='ltr'>πικρὸν</span> <span class='ocrx_word' id='word_1_424' title='bbox 1373 1303 1427 1332; x_wconf 82' lang='grc' dir='ltr'>τοῖς</span> <span class='ocrx_word' id='word_1_425' title='bbox 1447 1302 1507 1328; x_wconf 86' lang='grc' dir='ltr'>τότε</span> <span class='ocrx_word' id='word_1_426' title='bbox 1532 1301 1591 1335; x_wconf 83' lang='grc' dir='ltr'>μετ’</span> <span class='ocrx_word' id='word_1_427' title='bbox 1605 1300 1697 1333; x_wconf 75' lang='grc' dir='ltr'>ὀλίγον</span> <span class='ocrx_word' id='word_1_428' title='bbox 1713 1298 1872 1344; x_wconf 49' lang='grc' dir='ltr'>ὲπιδειχθήῖ</span> 
     </span>
    </p>
   </div>
   <div class='ocr_carea' id='block_1_59' title="bbox 1073 1344 1863 1383">
    <p class='ocr_par' dir='ltr' id='par_1_59' title="bbox 1073 1344 1863 1383">
     <span class='ocr_line' id='line_1_59' title="bbox 1073 1344 1863 1383; baseline -0.009 -7"><span class='ocrx_word' id='word_1_429' title='bbox 1073 1350 1185 1381; x_wconf 78' lang='grc' dir='ltr'>σεσθαι,</span> <span class='ocrx_word' id='word_1_430' title='bbox 1210 1349 1269 1376; x_wconf 76' lang='grc' dir='ltr'>κατ’</span> <span class='ocrx_word' id='word_1_431' title='bbox 1292 1349 1413 1383; x_wconf 80' lang='grc' dir='ltr'><strong>ἀλλήλων</strong></span> <span class='ocrx_word' id='word_1_432' title='bbox 1437 1347 1485 1378; x_wconf 69' lang='grc' dir='ltr'><strong>τὰς</strong></span> <span class='ocrx_word' id='word_1_433' title='bbox 1508 1348 1601 1382; x_wconf 82' lang='grc' dir='ltr'>χεῖρας</span> <span class='ocrx_word' id='word_1_434' title='bbox 1626 1345 1804 1375; x_wconf 80' lang='grc' dir='ltr'>ὁπλίσαντες,</span> <span class='ocrx_word' id='word_1_435' title='bbox 1831 1344 1863 1377; x_wconf 61' lang='grc' dir='ltr'><strong>ἑςιμ</strong></span> 
     </span>
    </p>
   </div>
   <div class='ocr_carea' id='block_1_60' title="bbox 1071 1389 1873 1430">
    <p class='ocr_par' dir='ltr' id='par_1_60' title="bbox 1071 1389 1873 1430">
     <span class='ocr_line' id='line_1_60' title="bbox 1071 1389 1873 1430; baseline -0.011 -7"><span class='ocrx_word' id='word_1_436' title='bbox 1071 1395 1108 1423; x_wconf 84' lang='grc' dir='ltr'>ὧν</span> <span class='ocrx_word' id='word_1_437' title='bbox 1124 1396 1201 1426; x_wconf 72' lang='grc' dir='ltr'>ἐλπὶς</span> <span class='ocrx_word' id='word_1_438' title='bbox 1227 1393 1270 1430; x_wconf 78' lang='grc' dir='ltr'><strong>ἦν.</strong></span> <span class='ocrx_word' id='word_1_439' title='bbox 1292 1395 1308 1429; x_wconf 85' lang='grc' dir='ltr'>ἦ</span> <span class='ocrx_word' id='word_1_440' title='bbox 1332 1393 1501 1429; x_wconf 67' lang='grc' dir='ltr'>ἀμφοτέρους</span> <span class='ocrx_word' id='word_1_441' title='bbox 1522 1393 1568 1418; x_wconf 85' lang='grc' dir='ltr'><strong>ὑπ’</strong></span> <span class='ocrx_word' id='word_1_442' title='bbox 1585 1391 1708 1426; x_wconf 77' lang='grc' dir='ltr'>ἀλλήλων</span> <span class='ocrx_word' id='word_1_443' title='bbox 1729 1389 1873 1425; x_wconf 79' lang='grc' dir='ltr'>φθαρήσε-</span> 
     </span>
    </p>
   </div>
   <div class='ocr_carea' id='block_1_61' title="bbox 1073 1436 1872 1477">
    <p class='ocr_par' dir='ltr' id='par_1_61' title="bbox 1073 1436 1872 1477">
     <span class='ocr_line' id='line_1_61' title="bbox 1073 1436 1872 1477; baseline -0.01 -8"><span class='ocrx_word' id='word_1_444' title='bbox 1073 1443 1144 1474; x_wconf 82' lang='grc' dir='ltr'>σθαι,</span> <span class='ocrx_word' id='word_1_445' title='bbox 1160 1442 1175 1477; x_wconf 82' lang='grc' dir='ltr'>ῆ</span> <span class='ocrx_word' id='word_1_446' title='bbox 1190 1442 1235 1468; x_wconf 74' lang='grc' dir='ltr'>τὸν</span> <span class='ocrx_word' id='word_1_447' title='bbox 1257 1441 1303 1467; x_wconf 74' lang='grc' dir='ltr'>ἕνα</span> <span class='ocrx_word' id='word_1_448' title='bbox 1326 1440 1452 1474; x_wconf 77' lang='grc' dir='ltr'>γενέσθαι</span> <span class='ocrx_word' id='word_1_449' title='bbox 1466 1439 1573 1469; x_wconf 82' lang='grc' dir='ltr'>πάντως</span> <span class='ocrx_word' id='word_1_450' title='bbox 1588 1439 1617 1464; x_wconf 81' lang='grc' dir='ltr'>ὲν</span> <span class='ocrx_word' id='word_1_451' title='bbox 1635 1437 1675 1472; x_wconf 85' lang='grc' dir='ltr'>τῷ</span> <span class='ocrx_word' id='word_1_452' title='bbox 1689 1437 1739 1471; x_wconf 80' lang='grc' dir='ltr'><strong>τῆς</strong></span> <span class='ocrx_word' id='word_1_453' title='bbox 1760 1436 1872 1469; x_wconf 73' lang='grc' dir='ltr'>ἀδελφο-</span> 
     </span>
    </p>
   </div>
   <div class='ocr_carea' id='block_1_62' title="bbox 236 1481 1022 1523">
    <p class='ocr_par' dir='ltr' id='par_1_62' title="bbox 236 1482 1022 1522">
     <span class='ocr_line' id='line_1_62' title="bbox 236 1482 1022 1522; baseline 0.005 -12"><span class='ocrx_word' id='word_1_454' title='bbox 236 1483 365 1510; x_wconf 80' lang='lat' dir='ltr'><strong>arerbum</strong></span> <span class='ocrx_word' id='word_1_455' title='bbox 382 1482 538 1511; x_wconf 86' lang='lat' dir='ltr'><strong>hominibus</strong></span> <span class='ocrx_word' id='word_1_456' title='bbox 556 1484 628 1512; x_wconf 87' lang='lat' dir='ltr'><strong>illius</strong></span> <span class='ocrx_word' id='word_1_457' title='bbox 640 1485 728 1513; x_wconf 60' lang='lat' dir='ltr'><strong>atatis</strong></span> <span class='ocrx_word' id='word_1_458' title='bbox 742 1487 928 1520; x_wconf 80' lang='lat' dir='ltr'><strong>spectaculum</strong></span> <span class='ocrx_word' id='word_1_459' title='bbox 941 1487 1022 1522; x_wconf 88' lang='lat' dir='ltr'><strong>paulo</strong></span> 
     </span>
    </p>
   </div>
   <div class='ocr_carea' id='block_1_63' title="bbox 1082 1481 1872 1523">
    <p class='ocr_par' dir='ltr' id='par_1_63' title="bbox 1082 1481 1872 1522">
     <span class='ocr_line' id='line_1_63' title="bbox 1082 1481 1872 1522; baseline -0.01 -7"><span class='ocrx_word' id='word_1_460' title='bbox 1082 1487 1181 1519; x_wconf 87' lang='grc' dir='ltr'>ιτονίας</span> <span class='ocrx_word' id='word_1_461' title='bbox 1197 1487 1329 1522; x_wconf 84' lang='grc' dir='ltr'>μιάσματι</span> <span class='ocrx_word' id='word_1_462' title='bbox 1343 1495 1349 1519; x_wconf 80' lang='grc'>;</span> <span class='ocrx_word' id='word_1_463' title='bbox 1365 1486 1408 1512; x_wconf 84' lang='grc' dir='ltr'><strong>ἴνα</strong></span> <span class='ocrx_word' id='word_1_464' title='bbox 1425 1484 1556 1520; x_wconf 72' lang='grc' dir='ltr'>παρῶμαι</span> <span class='ocrx_word' id='word_1_465' title='bbox 1572 1484 1635 1515; x_wconf 69' lang='grc' dir='ltr'>τοῦς</span> <span class='ocrx_word' id='word_1_466' title='bbox 1650 1482 1796 1517; x_wconf 75' lang='grc' dir='ltr'>ἑκατέροις</span> <span class='ocrx_word' id='word_1_467' title='bbox 1811 1481 1872 1508; x_wconf 73' lang='grc' dir='ltr'><strong>τοὺ-</strong></span> 
     </span>
    </p>
   </div>
   <div class='ocr_carea' id='block_1_64' title="bbox 237 1529 1023 1566">
    <p class='ocr_par' dir='ltr' id='par_1_64' title="bbox 237 1529 1023 1566">
     <span class='ocr_line' id='line_1_64' title="bbox 237 1529 1023 1566; baseline 0.006 -11"><span class='ocrx_word' id='word_1_468' title='bbox 237 1533 300 1564; x_wconf 87' lang='lat' dir='ltr'><strong>post</strong></span> <span class='ocrx_word' id='word_1_469' title='bbox 316 1529 416 1556; x_wconf 88' lang='lat' dir='ltr'><strong>edituri</strong></span> <span class='ocrx_word' id='word_1_470' title='bbox 435 1534 514 1557; x_wconf 87' lang='lat' dir='ltr'><strong>erant</strong></span> <span class='ocrx_word' id='word_1_471' title='bbox 528 1551 535 1562; x_wconf 84' lang='lat'><strong>,</strong></span> <span class='ocrx_word' id='word_1_472' title='bbox 553 1530 579 1557; x_wconf 92' lang='lat' dir='ltr'><strong>in</strong></span> <span class='ocrx_word' id='word_1_473' title='bbox 598 1530 700 1565; x_wconf 92' lang='lat' dir='ltr'><strong>quibus</strong></span> <span class='ocrx_word' id='word_1_474' title='bbox 719 1532 871 1566; x_wconf 81' lang='lat' dir='ltr'><strong>periculum</strong></span> <span class='ocrx_word' id='word_1_475' title='bbox 889 1538 959 1565; x_wconf 87' lang='lat' dir='ltr'><strong>erat,</strong></span> <span class='ocrx_word' id='word_1_476' title='bbox 989 1541 1023 1560; x_wconf 88' lang='lat' dir='ltr'><strong>ne</strong></span> 
     </span>
    </p>
   </div>
   <div class='ocr_carea' id='block_1_65' title="bbox 237 1575 1024 1610">
    <p class='ocr_par' dir='ltr' id='par_1_65' title="bbox 237 1575 1024 1610">
     <span class='ocr_line' id='line_1_65' title="bbox 237 1575 1024 1610; baseline 0.006 -10"><span class='ocrx_word' id='word_1_477' title='bbox 237 1575 278 1601; x_wconf 85' lang='lat' dir='ltr'><strong>vel</strong></span> <span class='ocrx_word' id='word_1_478' title='bbox 295 1575 376 1602; x_wconf 87' lang='lat' dir='ltr'><strong>antbo</strong></span> <span class='ocrx_word' id='word_1_479' title='bbox 395 1575 498 1602; x_wconf 82' lang='lat' dir='ltr'><strong>mutuis</strong></span> <span class='ocrx_word' id='word_1_480' title='bbox 524 1576 643 1603; x_wconf 64' lang='lat' dir='ltr'><strong>caedibus</strong></span> <span class='ocrx_word' id='word_1_481' title='bbox 662 1577 874 1610; x_wconf 80' lang='lat' dir='ltr'><strong>conﬁcerentur,</strong></span> <span class='ocrx_word' id='word_1_482' title='bbox 890 1578 931 1605; x_wconf 87' lang='lat' dir='ltr'><strong>vel</strong></span> <span class='ocrx_word' id='word_1_483' title='bbox 954 1578 1024 1605; x_wconf 83' lang='lat' dir='ltr'><strong>alter</strong></span> 
     </span>
    </p>
   </div>
   <div class='ocr_carea' id='block_1_66' title="bbox 237 1619 1023 1658">
    <p class='ocr_par' dir='ltr' id='par_1_66' title="bbox 237 1619 1023 1658">
     <span class='ocr_line' id='line_1_66' title="bbox 237 1619 1023 1658; baseline 0.005 -12"><span class='ocrx_word' id='word_1_484' title='bbox 237 1620 349 1646; x_wconf 86' lang='lat' dir='ltr'><strong>omnino</strong></span> <span class='ocrx_word' id='word_1_485' title='bbox 359 1628 388 1647; x_wconf 88' lang='lat' dir='ltr'><strong>se</strong></span> <span class='ocrx_word' id='word_1_486' title='bbox 405 1619 523 1647; x_wconf 80' lang='lat' dir='ltr'><strong>fraterna</strong></span> <span class='ocrx_word' id='word_1_487' title='bbox 536 1622 609 1649; x_wconf 61' lang='lat' dir='ltr'><strong>caede</strong></span> <span class='ocrx_word' id='word_1_488' title='bbox 627 1623 829 1650; x_wconf 80' lang='lat' dir='ltr'><strong>contaminaret</strong></span> <span class='ocrx_word' id='word_1_489' title='bbox 842 1632 849 1655; x_wconf 85' lang='lat'>;</span> <span class='ocrx_word' id='word_1_490' title='bbox 867 1627 896 1650; x_wconf 85' lang='grc' dir='ltr'><strong>ιιι</strong></span> <span class='ocrx_word' id='word_1_491' title='bbox 910 1627 1023 1658; x_wconf 65' lang='lat' dir='ltr'><strong>praeter-</strong></span> 
     </span>
    </p>
   </div>
   <div class='ocr_carea' id='block_1_67' title="bbox 238 1666 1024 1704">
    <p class='ocr_par' dir='ltr' id='par_1_67' title="bbox 238 1666 1024 1704">
     <span class='ocr_line' id='line_1_67' title="bbox 238 1666 1024 1704; baseline 0.006 -12"><span class='ocrx_word' id='word_1_492' title='bbox 238 1666 342 1692; x_wconf 89' lang='lat' dir='ltr'><strong>mittam</strong></span> <span class='ocrx_word' id='word_1_493' title='bbox 357 1674 404 1693; x_wconf 85' lang='lat' dir='ltr'><strong>eos</strong></span> <span class='ocrx_word' id='word_1_494' title='bbox 417 1666 463 1701; x_wconf 88' lang='lat' dir='ltr'><strong>qtti</strong></span> <span class='ocrx_word' id='word_1_495' title='bbox 478 1675 530 1694; x_wconf 88' lang='lat' dir='ltr'><strong>ttna</strong></span> <span class='ocrx_word' id='word_1_496' title='bbox 544 1675 605 1695; x_wconf 89' lang='lat' dir='ltr'><strong>cum</strong></span> <span class='ocrx_word' id='word_1_497' title='bbox 619 1673 735 1702; x_wconf 86' lang='lat' dir='ltr'><strong>utroque</strong></span> <span class='ocrx_word' id='word_1_498' title='bbox 747 1669 844 1695; x_wconf 90' lang='lat' dir='ltr'><strong>ltorutn</strong></span> <span class='ocrx_word' id='word_1_499' title='bbox 858 1670 916 1704; x_wconf 84' lang='lat' dir='ltr'><strong>pari</strong></span> <span class='ocrx_word' id='word_1_500' title='bbox 931 1668 1024 1698; x_wconf 74' lang='lat' dir='ltr'><strong>furore</strong></span> 
     </span>
    </p>
   </div>
   <div class='ocr_carea' id='block_1_68' title="bbox 240 1711 1024 1747">
    <p class='ocr_par' dir='ltr' id='par_1_68' title="bbox 240 1711 1024 1747">
     <span class='ocr_line' id='line_1_68' title="bbox 240 1711 1024 1747; baseline 0.005 -9"><span class='ocrx_word' id='word_1_501' title='bbox 240 1711 266 1738; x_wconf 88' lang='lat' dir='ltr'><strong>in</strong></span> <span class='ocrx_word' id='word_1_502' title='bbox 292 1712 351 1738; x_wconf 90' lang='lat' dir='ltr'><strong>acie</strong></span> <span class='ocrx_word' id='word_1_503' title='bbox 375 1716 490 1742; x_wconf 79' lang='lat' dir='ltr'><strong>starent,</strong></span> <span class='ocrx_word' id='word_1_504' title='bbox 512 1721 628 1747; x_wconf 91' lang='lat' dir='ltr'><strong>quorum</strong></span> <span class='ocrx_word' id='word_1_505' title='bbox 654 1714 772 1741; x_wconf 87' lang='lat' dir='ltr'><strong>aliorqu</strong></span> <span class='ocrx_word' id='word_1_506' title='bbox 798 1714 932 1742; x_wconf 87' lang='lat' dir='ltr'><strong>adversus</strong></span> <span class='ocrx_word' id='word_1_507' title='bbox 955 1715 1024 1743; x_wconf 85' lang='lat' dir='ltr'><strong>alios</strong></span> 
     </span>
    </p>
   </div>
   <div class='ocr_carea' id='block_1_69' title="bbox 239 1756 1024 1793">
    <p class='ocr_par' dir='ltr' id='par_1_69' title="bbox 239 1756 1024 1793">
     <span class='ocr_line' id='line_1_69' title="bbox 239 1756 1024 1793; baseline 0.006 -11"><span class='ocrx_word' id='word_1_508' title='bbox 239 1760 356 1784; x_wconf 83' lang='lat' dir='ltr'><strong>conatus</strong></span> <span class='ocrx_word' id='word_1_509' title='bbox 383 1756 416 1783; x_wconf 84' lang='lat' dir='ltr'><strong>ad</strong></span> <span class='ocrx_word' id='word_1_510' title='bbox 443 1757 469 1784; x_wconf 91' lang='lat' dir='ltr'><strong>id</strong></span> <span class='ocrx_word' id='word_1_511' title='bbox 493 1765 576 1784; x_wconf 91' lang='lat' dir='ltr'><strong>unum</strong></span> <span class='ocrx_word' id='word_1_512' title='bbox 602 1759 763 1793; x_wconf 87' lang='lat' dir='ltr'><strong>spectabat,</strong></span> <span class='ocrx_word' id='word_1_513' title='bbox 789 1763 819 1786; x_wconf 91' lang='lat' dir='ltr'><strong>ut</strong></span> <span class='ocrx_word' id='word_1_514' title='bbox 850 1759 1024 1788; x_wconf 82' lang='lat' dir='ltr'><strong>adversarios</strong></span> 
     </span>
    </p>
   </div>
   <div class='ocr_carea' id='block_1_70' title="bbox 238 1801 1023 1839">
    <p class='ocr_par' dir='ltr' id='par_1_70' title="bbox 238 1801 1023 1839">
     <span class='ocr_line' id='line_1_70' title="bbox 238 1801 1023 1839; baseline 0.006 -12"><span class='ocrx_word' id='word_1_515' title='bbox 238 1806 327 1828; x_wconf 89' lang='lat' dir='ltr'><strong>ntorte</strong></span> <span class='ocrx_word' id='word_1_516' title='bbox 347 1801 484 1830; x_wconf 80' lang='lat' dir='ltr'><strong>alliceret?</strong></span> <span class='ocrx_word' id='word_1_517' title='bbox 501 1802 551 1836; x_wconf 88' lang='lat' dir='ltr'><strong>Qui</strong></span> <span class='ocrx_word' id='word_1_518' title='bbox 568 1803 651 1838; x_wconf 81' lang='lat' dir='ltr'><strong>igitur</strong></span> <span class='ocrx_word' id='word_1_519' title='bbox 673 1804 730 1839; x_wconf 86' lang='lat' dir='ltr'><strong>jam</strong></span> <span class='ocrx_word' id='word_1_520' title='bbox 756 1804 895 1832; x_wconf 88' lang='lat' dir='ltr'><strong>decretam</strong></span> <span class='ocrx_word' id='word_1_521' title='bbox 919 1812 935 1832; x_wconf 94' lang='lat' dir='ltr'><strong>a</strong></span> <span class='ocrx_word' id='word_1_522' title='bbox 959 1805 1023 1832; x_wconf 91' lang='lat' dir='ltr'><strong>mali</strong></span> 
     </span>
    </p>
   </div>
   <div class='ocr_carea' id='block_1_71' title="bbox 239 1847 1022 1881">
    <p class='ocr_par' dir='ltr' id='par_1_71' title="bbox 239 1847 1022 1881">
     <span class='ocr_line' id='line_1_71' title="bbox 239 1847 1022 1881; baseline 0.006 -8"><span class='ocrx_word' id='word_1_523' title='bbox 239 1847 313 1873; x_wconf 88' lang='lat' dir='ltr'><strong>illius</strong></span> <span class='ocrx_word' id='word_1_524' title='bbox 340 1849 463 1881; x_wconf 70' lang='lat' dir='ltr'><strong>prtrtoris</strong></span> <span class='ocrx_word' id='word_1_525' title='bbox 491 1849 610 1879; x_wconf 83' lang='lat' dir='ltr'><strong>concilio</strong></span> <span class='ocrx_word' id='word_1_526' title='bbox 638 1848 770 1877; x_wconf 88' lang='lat' dir='ltr'><strong>adversus</strong></span> <span class='ocrx_word' id='word_1_527' title='bbox 787 1858 835 1877; x_wconf 89' lang='lat' dir='ltr'><strong>eos</strong></span> <span class='ocrx_word' id='word_1_528' title='bbox 854 1850 1022 1878; x_wconf 82' lang='lat' dir='ltr'><strong>mortiferam</strong></span> 
     </span>
    </p>
   </div>
   <div class='ocr_carea' id='block_1_72' title="bbox 239 1893 1024 1927">
    <p class='ocr_par' dir='ltr' id='par_1_72' title="bbox 239 1893 1024 1927">
     <span class='ocr_line' id='line_1_72' title="bbox 239 1893 1024 1927; baseline 0.005 -7"><span class='ocrx_word' id='word_1_529' title='bbox 239 1893 402 1920; x_wconf 82' lang='lat' dir='ltr'><strong>Sententiam</strong></span> <span class='ocrx_word' id='word_1_530' title='bbox 420 1901 467 1927; x_wconf 84' lang='lat' dir='ltr'><strong>per</strong></span> <span class='ocrx_word' id='word_1_531' title='bbox 480 1901 575 1927; x_wconf 82' lang='lat' dir='ltr'><strong>preces</strong></span> <span class='ocrx_word' id='word_1_532' title='bbox 591 1894 716 1925; x_wconf 85' lang='lat' dir='ltr'><strong>rescidit,</strong></span> <span class='ocrx_word' id='word_1_533' title='bbox 734 1899 761 1921; x_wconf 91' lang='lat' dir='ltr'><strong>et</strong></span> <span class='ocrx_word' id='word_1_534' title='bbox 779 1900 903 1923; x_wconf 85' lang='lat' dir='ltr'><strong>naturam</strong></span> <span class='ocrx_word' id='word_1_535' title='bbox 927 1904 1024 1924; x_wconf 81' lang='lat' dir='ltr'><strong>rursus</strong></span> 
     </span>
    </p>
   </div>
   <div class='ocr_carea' id='block_1_73' title="bbox 239 1938 1024 1976">
    <p class='ocr_par' dir='ltr' id='par_1_73' title="bbox 239 1938 1024 1976">
     <span class='ocr_line' id='line_1_73' title="bbox 239 1938 1024 1976; baseline 0.006 -12"><span class='ocrx_word' id='word_1_536' title='bbox 239 1945 331 1964; x_wconf 82' lang='lat' dir='ltr'><strong>secum</strong></span> <span class='ocrx_word' id='word_1_537' title='bbox 353 1938 551 1970; x_wconf 88' lang='lat' dir='ltr'><strong>reconciliavit,</strong></span> <span class='ocrx_word' id='word_1_538' title='bbox 563 1942 590 1966; x_wconf 88' lang='lat' dir='ltr'><strong>et</strong></span> <span class='ocrx_word' id='word_1_539' title='bbox 608 1939 690 1966; x_wconf 69' lang='lat' dir='ltr'><strong>caedis</strong></span> <span class='ocrx_word' id='word_1_540' title='bbox 703 1939 823 1967; x_wconf 87' lang='lat' dir='ltr'><strong>studium</strong></span> <span class='ocrx_word' id='word_1_541' title='bbox 840 1941 867 1967; x_wconf 92' lang='lat' dir='ltr'><strong>in</strong></span> <span class='ocrx_word' id='word_1_542' title='bbox 883 1941 1024 1976; x_wconf 75' lang='lat' dir='ltr'><strong>paciﬁcam</strong></span> 
     </span>
    </p>
   </div>
   <div class='ocr_carea' id='block_1_74' title="bbox 239 1984 1024 2022">
    <p class='ocr_par' dir='ltr' id='par_1_74' title="bbox 239 1984 1024 2022">
     <span class='ocr_line' id='line_1_74' title="bbox 239 1984 1024 2022; baseline 0.008 -12"><span class='ocrx_word' id='word_1_543' title='bbox 239 1984 362 2011; x_wconf 55' lang='lat' dir='ltr'><strong>laetitiam</strong></span> <span class='ocrx_word' id='word_1_544' title='bbox 378 1985 532 2013; x_wconf 82' lang='lat' dir='ltr'><strong>convertit:</strong></span> <span class='ocrx_word' id='word_1_545' title='bbox 547 1990 652 2020; x_wconf 84' lang='lat' dir='ltr'><strong>quanto</strong></span> <span class='ocrx_word' id='word_1_546' title='bbox 667 1986 755 2021; x_wconf 75' lang='lat' dir='ltr'><strong>magis</strong></span> <span class='ocrx_word' id='word_1_547' title='bbox 775 1987 799 2014; x_wconf 91' lang='lat' dir='ltr'><strong>is</strong></span> <span class='ocrx_word' id='word_1_548' title='bbox 820 1987 882 2022; x_wconf 87' lang='lat' dir='ltr'><strong>jure</strong></span> <span class='ocrx_word' id='word_1_549' title='bbox 904 1988 1024 2015; x_wconf 85' lang='lat' dir='ltr'><strong>admira-</strong></span> 
     </span>
    </p>
   </div>
   <div class='ocr_carea' id='block_1_75' title="bbox 239 2030 1024 2066">
    <p class='ocr_par' dir='ltr' id='par_1_75' title="bbox 239 2030 1024 2066">
     <span class='ocr_line' id='line_1_75' title="bbox 239 2030 1024 2066; baseline 0.005 -9"><span class='ocrx_word' id='word_1_550' title='bbox 239 2031 315 2058; x_wconf 87' lang='lat' dir='ltr'><strong>tione</strong></span> <span class='ocrx_word' id='word_1_551' title='bbox 328 2030 428 2065; x_wconf 71' lang='lat' dir='ltr'><strong>dignus</strong></span> <span class='ocrx_word' id='word_1_552' title='bbox 443 2031 552 2059; x_wconf 88' lang='lat' dir='ltr'><strong>nomine</strong></span> <span class='ocrx_word' id='word_1_553' title='bbox 570 2032 737 2066; x_wconf 79' lang='lat' dir='ltr'><strong>cognitionis</strong></span> <span class='ocrx_word' id='word_1_554' title='bbox 766 2036 793 2060; x_wconf 89' lang='lat' dir='ltr'><strong>et</strong></span> <span class='ocrx_word' id='word_1_555' title='bbox 807 2033 909 2060; x_wconf 81' lang='lat' dir='ltr'><strong>decreti</strong></span> <span class='ocrx_word' id='word_1_556' title='bbox 937 2034 1024 2062; x_wconf 87' lang='lat' dir='ltr'><strong>videri</strong></span> 
     </span>
    </p>
   </div>
   <div class='ocr_carea' id='block_1_76' title="bbox 239 2075 1024 2114">
    <p class='ocr_par' dir='ltr' id='par_1_76' title="bbox 239 2075 1024 2114">
     <span class='ocr_line' id='line_1_76' title="bbox 239 2075 1024 2114; baseline 0.006 -13"><span class='ocrx_word' id='word_1_557' title='bbox 239 2075 331 2106; x_wconf 83' lang='lat' dir='ltr'><strong>debet.</strong></span> <span class='ocrx_word' id='word_1_558' title='bbox 344 2083 427 2110; x_wconf 89' lang='lat' dir='ltr'><strong>quam</strong></span> <span class='ocrx_word' id='word_1_559' title='bbox 455 2076 488 2108; x_wconf 85' lang='lat' dir='ltr'><strong>is.</strong></span> <span class='ocrx_word' id='word_1_560' title='bbox 506 2077 551 2111; x_wconf 89' lang='lat' dir='ltr'><strong>qui</strong></span> <span class='ocrx_word' id='word_1_561' title='bbox 575 2077 757 2105; x_wconf 63' lang='lat' dir='ltr'><strong>meretriculae</strong></span> <span class='ocrx_word' id='word_1_562' title='bbox 784 2077 908 2106; x_wconf 82' lang='lat' dir='ltr'><strong>fraudem</strong></span> <span class='ocrx_word' id='word_1_563' title='bbox 932 2079 1024 2114; x_wconf 79' lang='lat' dir='ltr'><strong>depre-</strong></span> 
     </span>
    </p>
   </div>
   <div class='ocr_carea' id='block_1_77' title="bbox 239 2120 1021 2157">
    <p class='ocr_par' dir='ltr' id='par_1_77' title="bbox 239 2120 1021 2157">
     <span class='ocr_line' id='line_1_77' title="bbox 239 2120 1021 2157; baseline 0.006 -10"><span class='ocrx_word' id='word_1_564' title='bbox 239 2120 357 2148; x_wconf 78' lang='lat' dir='ltr'><strong>hendit?</strong></span> <span class='ocrx_word' id='word_1_565' title='bbox 372 2120 438 2148; x_wconf 87' lang='lat' dir='ltr'><strong>Nam</strong></span> <span class='ocrx_word' id='word_1_566' title='bbox 456 2122 530 2156; x_wconf 90' lang='lat' dir='ltr'><strong>quod</strong></span> <span class='ocrx_word' id='word_1_567' title='bbox 548 2122 575 2149; x_wconf 89' lang='lat' dir='ltr'><strong>itt</strong></span> <span class='ocrx_word' id='word_1_568' title='bbox 593 2130 664 2157; x_wconf 87' lang='lat' dir='ltr'><strong>aqua</strong></span> <span class='ocrx_word' id='word_1_569' title='bbox 678 2123 780 2151; x_wconf 89' lang='lat' dir='ltr'><strong>editum</strong></span> <span class='ocrx_word' id='word_1_570' title='bbox 795 2124 1021 2157; x_wconf 80' lang='lat' dir='ltr'><strong>estmiraculunt,</strong></span> 
     </span>
    </p>
   </div>
   <div class='ocr_carea' id='block_1_78' title="bbox 1073 1525 1872 1568">
    <p class='ocr_par' dir='ltr' id='par_1_78' title="bbox 1073 1525 1872 1568">
     <span class='ocr_line' id='line_1_78' title="bbox 1073 1525 1872 1568; baseline -0.009 -8"><span class='ocrx_word' id='word_1_571' title='bbox 1073 1542 1126 1560; x_wconf 84' lang='grc' dir='ltr'><strong>των</strong></span> <span class='ocrx_word' id='word_1_572' title='bbox 1146 1532 1459 1568; x_wconf 79' lang='grc' dir='ltr'>συμπαρατασσομένους</span> <span class='ocrx_word' id='word_1_573' title='bbox 1478 1532 1506 1557; x_wconf 74' lang='grc' dir='ltr'>ὲν</span> <span class='ocrx_word' id='word_1_574' title='bbox 1529 1529 1568 1564; x_wconf 82' lang='grc' dir='ltr'>τῷ</span> <span class='ocrx_word' id='word_1_575' title='bbox 1591 1529 1641 1564; x_wconf 84' lang='grc' dir='ltr'><strong>ῐσῳ</strong></span> <span class='ocrx_word' id='word_1_576' title='bbox 1662 1528 1753 1563; x_wconf 81' lang='grc' dir='ltr'>θυμῷ,</span> <span class='ocrx_word' id='word_1_577' title='bbox 1772 1525 1817 1559; x_wconf 71' lang='grc' dir='ltr'>οἷς</span> <span class='ocrx_word' id='word_1_578' title='bbox 1833 1525 1872 1558; x_wconf 79' lang='grc' dir='ltr'>εἷς</span> 
     </span>
    </p>
   </div>
   <div class='ocr_carea' id='block_1_79' title="bbox 1073 1574 1872 1615">
    <p class='ocr_par' dir='ltr' id='par_1_79' title="bbox 1073 1574 1872 1615">
     <span class='ocr_line' id='line_1_79' title="bbox 1073 1574 1872 1615; baseline -0.009 -9"><span class='ocrx_word' id='word_1_579' title='bbox 1073 1580 1135 1615; x_wconf 81' lang='grc' dir='ltr'>ὅρος</span> <span class='ocrx_word' id='word_1_580' title='bbox 1144 1579 1194 1614; x_wconf 76' lang='grc' dir='ltr'>τῆς</span> <span class='ocrx_word' id='word_1_581' title='bbox 1206 1579 1265 1606; x_wconf 77' lang='grc' dir='ltr'>κατ’</span> <span class='ocrx_word' id='word_1_582' title='bbox 1279 1578 1399 1612; x_wconf 75' lang='grc' dir='ltr'>ἀλλήλων</span> <span class='ocrx_word' id='word_1_583' title='bbox 1414 1576 1511 1611; x_wconf 77' lang='grc' dir='ltr'>ὁρμῆς,</span> <span class='ocrx_word' id='word_1_584' title='bbox 1534 1577 1548 1601; x_wconf 83' lang='grc' dir='ltr'><strong>ὸ</strong></span> <span class='ocrx_word' id='word_1_585' title='bbox 1562 1575 1615 1601; x_wconf 84' lang='grc' dir='ltr'>τῶν</span> <span class='ocrx_word' id='word_1_586' title='bbox 1634 1574 1872 1608; x_wconf 76' lang='grc' dir='ltr'>ἀντιτεταγμένων</span> 
     </span>
    </p>
   </div>
   <div class='ocr_carea' id='block_1_80' title="bbox 1074 1619 1872 1658">
    <p class='ocr_par' dir='ltr' id='par_1_80' title="bbox 1074 1619 1872 1658">
     <span class='ocr_line' id='line_1_80' title="bbox 1074 1619 1872 1658; baseline -0.009 -7"><span class='ocrx_word' id='word_1_587' title='bbox 1074 1624 1187 1655; x_wconf 76' lang='grc' dir='ltr'>θάνατος</span> <span class='ocrx_word' id='word_1_588' title='bbox 1200 1621 1243 1658; x_wconf 83' lang='grc' dir='ltr'><strong>ἦν.</strong></span> <span class='ocrx_word' id='word_1_589' title='bbox 1264 1624 1293 1649; x_wconf 82' lang='grc' dir='ltr'><strong>ὐ</strong></span> <span class='ocrx_word' id='word_1_590' title='bbox 1312 1623 1402 1649; x_wconf 86' lang='grc' dir='ltr'>τοίνυν</span> <span class='ocrx_word' id='word_1_591' title='bbox 1425 1621 1474 1656; x_wconf 78' lang='grc' dir='ltr'>ἢδη</span> <span class='ocrx_word' id='word_1_592' title='bbox 1501 1621 1561 1647; x_wconf 77' lang='grc' dir='ltr'>κατ’</span> <span class='ocrx_word' id='word_1_593' title='bbox 1585 1620 1675 1646; x_wconf 72' lang='grc' dir='ltr'>αὐτῶν</span> <span class='ocrx_word' id='word_1_594' title='bbox 1698 1619 1872 1654; x_wconf 76' lang='grc' dir='ltr'>κυρωθεῖσαί</span> 
     </span>
    </p>
   </div>
   <div class='ocr_carea' id='block_1_81' title="bbox 1075 1664 1871 1704">
    <p class='ocr_par' dir='ltr' id='par_1_81' title="bbox 1075 1664 1871 1704">
     <span class='ocr_line' id='line_1_81' title="bbox 1075 1664 1871 1704; baseline -0.006 -9"><span class='ocrx_word' id='word_1_595' title='bbox 1075 1669 1126 1697; x_wconf 78' lang='grc' dir='ltr'>ὑπὸ</span> <span class='ocrx_word' id='word_1_596' title='bbox 1148 1669 1197 1704; x_wconf 83' lang='grc' dir='ltr'>τῆς</span> <span class='ocrx_word' id='word_1_597' title='bbox 1218 1668 1264 1695; x_wconf 84' lang='grc' dir='ltr'>τοῦ</span> <span class='ocrx_word' id='word_1_598' title='bbox 1288 1667 1403 1703; x_wconf 79' lang='grc' dir='ltr'>πονηροῦ</span> <span class='ocrx_word' id='word_1_599' title='bbox 1427 1666 1593 1702; x_wconf 76' lang='grc' dir='ltr'>στρατηγίας</span> <span class='ocrx_word' id='word_1_600' title='bbox 1615 1667 1665 1700; x_wconf 78' lang='grc' dir='ltr'>τὴν</span> <span class='ocrx_word' id='word_1_601' title='bbox 1683 1665 1731 1692; x_wconf 82' lang='grc' dir='ltr'>τοῦ</span> <span class='ocrx_word' id='word_1_602' title='bbox 1754 1664 1871 1691; x_wconf 69' lang='grc' dir='ltr'>θανάτου</span> 
     </span>
    </p>
   </div>
   <div class='ocr_carea' id='block_1_82' title="bbox 1073 1711 1872 1749">
    <p class='ocr_par' dir='ltr' id='par_1_82' title="bbox 1073 1711 1872 1749">
     <span class='ocr_line' id='line_1_82' title="bbox 1073 1711 1872 1749; baseline -0.008 -7"><span class='ocrx_word' id='word_1_603' title='bbox 1073 1714 1163 1749; x_wconf 79' lang='grc' dir='ltr'>ψῆφον</span> <span class='ocrx_word' id='word_1_604' title='bbox 1176 1714 1220 1741; x_wconf 79' lang='grc' dir='ltr'>διὰ</span> <span class='ocrx_word' id='word_1_605' title='bbox 1240 1714 1289 1749; x_wconf 79' lang='grc' dir='ltr'>τῆς</span> <span class='ocrx_word' id='word_1_606' title='bbox 1303 1714 1385 1748; x_wconf 70' lang='grc' dir='ltr'>εὐχῆς</span> <span class='ocrx_word' id='word_1_607' title='bbox 1405 1713 1551 1743; x_wconf 75' lang='grc' dir='ltr'>ἀναλύσας,</span> <span class='ocrx_word' id='word_1_608' title='bbox 1565 1712 1612 1738; x_wconf 83' lang='grc' dir='ltr'>καὶ</span> <span class='ocrx_word' id='word_1_609' title='bbox 1626 1712 1675 1746; x_wconf 80' lang='grc' dir='ltr'>τὴν</span> <span class='ocrx_word' id='word_1_610' title='bbox 1691 1711 1774 1745; x_wconf 72' lang='grc' dir='ltr'>φύσιν</span> <span class='ocrx_word' id='word_1_611' title='bbox 1792 1711 1872 1737; x_wconf 75' lang='grc' dir='ltr'>πάλιν</span> 
     </span>
    </p>
   </div>
   <div class='ocr_carea' id='block_1_83' title="bbox 1074 1758 1872 1796">
    <p class='ocr_par' dir='ltr' id='par_1_83' title="bbox 1074 1758 1872 1796">
     <span class='ocr_line' id='line_1_83' title="bbox 1074 1758 1872 1796; baseline -0.006 -9"><span class='ocrx_word' id='word_1_612' title='bbox 1074 1760 1143 1796; x_wconf 76' lang='grc' dir='ltr'>πρὸς</span> <span class='ocrx_word' id='word_1_613' title='bbox 1157 1760 1253 1795; x_wconf 76' lang='grc' dir='ltr'>ἑαυτὴν</span> <span class='ocrx_word' id='word_1_614' title='bbox 1267 1758 1445 1791; x_wconf 77' lang='grc' dir='ltr'>καταλλάξας,</span> <span class='ocrx_word' id='word_1_615' title='bbox 1461 1759 1507 1785; x_wconf 70' lang='grc' dir='ltr'>καὶ</span> <span class='ocrx_word' id='word_1_616' title='bbox 1532 1758 1690 1792; x_wconf 75' lang='grc' dir='ltr'>μεταὸαλὼν</span> <span class='ocrx_word' id='word_1_617' title='bbox 1713 1758 1755 1788; x_wconf 85' lang='grc' dir='ltr'>εἰς</span> <span class='ocrx_word' id='word_1_618' title='bbox 1770 1758 1872 1792; x_wconf 78' lang='grc' dir='ltr'>εἰρηνι-</span> 
     </span>
    </p>
   </div>
   <div class='ocr_carea' id='block_1_84' title="bbox 1074 1803 1871 1841">
    <p class='ocr_par' dir='ltr' id='par_1_84' title="bbox 1074 1803 1871 1841">
     <span class='ocr_line' id='line_1_84' title="bbox 1074 1803 1871 1841; baseline -0.006 -9"><span class='ocrx_word' id='word_1_619' title='bbox 1074 1806 1125 1837; x_wconf 81' lang='grc' dir='ltr'>κὰς</span> <span class='ocrx_word' id='word_1_620' title='bbox 1136 1805 1302 1841; x_wconf 75' lang='grc' dir='ltr'>εὐφροσύνας</span> <span class='ocrx_word' id='word_1_621' title='bbox 1316 1806 1365 1840; x_wconf 83' lang='grc' dir='ltr'>τὴν</span> <span class='ocrx_word' id='word_1_622' title='bbox 1380 1806 1444 1840; x_wconf 74' lang='grc' dir='ltr'>περὶ</span> <span class='ocrx_word' id='word_1_623' title='bbox 1459 1805 1520 1836; x_wconf 76' lang='grc' dir='ltr'>τοὺς</span> <span class='ocrx_word' id='word_1_624' title='bbox 1536 1805 1631 1839; x_wconf 80' lang='grc' dir='ltr'>φόνους</span> <span class='ocrx_word' id='word_1_625' title='bbox 1646 1803 1767 1837; x_wconf 74' lang='grc' dir='ltr'>σπουδήν</span> <span class='ocrx_word' id='word_1_626' title='bbox 1777 1812 1785 1817; x_wconf 90' lang='grc'>·</span> <span class='ocrx_word' id='word_1_627' title='bbox 1798 1803 1871 1837; x_wconf 68' lang='grc' dir='ltr'>πόσῳ</span> 
     </span>
    </p>
   </div>
   <div class='ocr_carea' id='block_1_85' title="bbox 1076 1849 1871 1887">
    <p class='ocr_par' dir='ltr' id='par_1_85' title="bbox 1076 1849 1871 1887">
     <span class='ocr_line' id='line_1_85' title="bbox 1076 1849 1871 1887; baseline -0.005 -9"><span class='ocrx_word' id='word_1_628' title='bbox 1076 1852 1174 1887; x_wconf 77' lang='grc' dir='ltr'>μᾶλλον</span> <span class='ocrx_word' id='word_1_629' title='bbox 1189 1852 1299 1883; x_wconf 75' lang='grc' dir='ltr'>εἰκότως</span> <span class='ocrx_word' id='word_1_630' title='bbox 1315 1851 1361 1877; x_wconf 70' lang='grc' dir='ltr'><strong>ἐπὶ</strong></span> <span class='ocrx_word' id='word_1_631' title='bbox 1425 1851 1516 1886; x_wconf 78' lang='grc' dir='ltr'>κρίσει</span> <span class='ocrx_word' id='word_1_632' title='bbox 1537 1850 1706 1885; x_wconf 77' lang='grc' dir='ltr'>θαυμάζοιτο</span> <span class='ocrx_word' id='word_1_633' title='bbox 1730 1849 1810 1883; x_wconf 74' lang='grc' dir='ltr'>παρὰ</span> <span class='ocrx_word' id='word_1_634' title='bbox 1829 1849 1871 1875; x_wconf 66' lang='grc' dir='ltr'><strong>τὸν</strong></span> 
     </span>
    </p>
   </div>
   <div class='ocr_carea' id='block_1_86' title="bbox 1073 1895 1871 1934">
    <p class='ocr_par' dir='ltr' id='par_1_86' title="bbox 1073 1895 1871 1934">
     <span class='ocr_line' id='line_1_86' title="bbox 1073 1895 1871 1934; baseline -0.005 -10"><span class='ocrx_word' id='word_1_635' title='bbox 1073 1899 1123 1934; x_wconf 78' lang='grc' dir='ltr'>τὴν</span> <span class='ocrx_word' id='word_1_636' title='bbox 1148 1898 1314 1933; x_wconf 85' lang='grc' dir='ltr'>κακουργίαν</span> <span class='ocrx_word' id='word_1_637' title='bbox 1339 1898 1388 1932; x_wconf 81' lang='grc' dir='ltr'><strong>τῆς</strong></span> <span class='ocrx_word' id='word_1_638' title='bbox 1407 1898 1541 1932; x_wconf 81' lang='grc' dir='ltr'>ὲταιρίδος</span> <span class='ocrx_word' id='word_1_639' title='bbox 1559 1897 1744 1932; x_wconf 81' lang='grc' dir='ltr'>φωράσαντα;</span> <span class='ocrx_word' id='word_1_640' title='bbox 1765 1895 1804 1921; x_wconf 81' lang='grc' dir='ltr'><strong>Τὸ</strong></span> <span class='ocrx_word' id='word_1_641' title='bbox 1820 1896 1871 1930; x_wconf 68' lang='grc' dir='ltr'><strong>γὰρ</strong></span> 
     </span>
    </p>
   </div>
   <div class='ocr_carea' id='block_1_87' title="bbox 1073 1941 1871 1978">
    <p class='ocr_par' dir='ltr' id='par_1_87' title="bbox 1073 1941 1871 1978">
     <span class='ocr_line' id='line_1_87' title="bbox 1073 1941 1871 1978; baseline -0.005 -8"><span class='ocrx_word' id='word_1_642' title='bbox 1073 1943 1121 1970; x_wconf 67' lang='grc' dir='ltr'><strong>ἐπὶ</strong></span> <span class='ocrx_word' id='word_1_643' title='bbox 1135 1943 1173 1978; x_wconf 85' lang='grc' dir='ltr'>τῷ</span> <span class='ocrx_word' id='word_1_644' title='bbox 1195 1943 1270 1970; x_wconf 77' lang='grc' dir='ltr'>ὕδατι</span> <span class='ocrx_word' id='word_1_645' title='bbox 1286 1943 1395 1978; x_wconf 81' lang='grc' dir='ltr'>θαῦμα,</span> <span class='ocrx_word' id='word_1_646' title='bbox 1421 1944 1479 1975; x_wconf 78' lang='grc' dir='ltr'><strong>πῶς</strong></span> <span class='ocrx_word' id='word_1_647' title='bbox 1499 1942 1605 1978; x_wconf 72' lang='grc' dir='ltr'>ἀθρόως</span> <span class='ocrx_word' id='word_1_648' title='bbox 1624 1942 1664 1973; x_wconf 84' lang='grc' dir='ltr'><strong>είς</strong></span> <span class='ocrx_word' id='word_1_649' title='bbox 1688 1941 1789 1976; x_wconf 76' lang='grc' dir='ltr'>χέρσον</span> <span class='ocrx_word' id='word_1_650' title='bbox 1812 1949 1871 1975; x_wconf 82' lang='grc' dir='ltr'>μετ-</span> 
     </span>
    </p>
   </div>
   <div class='ocr_carea' id='block_1_88' title="bbox 1072 1987 1870 2024">
    <p class='ocr_par' dir='ltr' id='par_1_88' title="bbox 1072 1987 1870 2024">
     <span class='ocr_line' id='line_1_88' title="bbox 1072 1987 1870 2024; baseline -0.005 -8"><span class='ocrx_word' id='word_1_651' title='bbox 1072 1989 1224 2024; x_wconf 80' lang='grc' dir='ltr'>εσκευάσθη</span> <span class='ocrx_word' id='word_1_652' title='bbox 1241 1989 1271 2016; x_wconf 79' lang='grc' dir='ltr'>τὸ</span> <span class='ocrx_word' id='word_1_653' title='bbox 1287 1988 1418 2024; x_wconf 83' lang='grc' dir='ltr'>πλώϊμον,</span> <span class='ocrx_word' id='word_1_654' title='bbox 1439 1989 1485 2015; x_wconf 77' lang='grc' dir='ltr'>καὶ</span> <span class='ocrx_word' id='word_1_655' title='bbox 1505 1988 1594 2015; x_wconf 85' lang='grc' dir='ltr'>πεδίον</span> <span class='ocrx_word' id='word_1_656' title='bbox 1608 1987 1727 2021; x_wconf 75' lang='grc' dir='ltr'>ἐγένετο,</span> <span class='ocrx_word' id='word_1_657' title='bbox 1745 1987 1794 2013; x_wconf 72' lang='grc' dir='ltr'>καὶ</span> <span class='ocrx_word' id='word_1_658' title='bbox 1818 1988 1870 2013; x_wconf 74' lang='grc' dir='ltr'>κοῖ-</span> 
     </span>
    </p>
   </div>
   <div class='ocr_carea' id='block_1_89' title="bbox 1073 2029 1869 2069">
    <p class='ocr_par' dir='ltr' id='par_1_89' title="bbox 1073 2029 1869 2069">
     <span class='ocr_line' id='line_1_89' title="bbox 1073 2029 1869 2069; baseline -0.003 -10"><span class='ocrx_word' id='word_1_659' title='bbox 1073 2033 1118 2060; x_wconf 90' lang='grc' dir='ltr'>λον</span> <span class='ocrx_word' id='word_1_660' title='bbox 1143 2034 1159 2069; x_wconf 77' lang='grc' dir='ltr'><strong>ἡ</strong></span> <span class='ocrx_word' id='word_1_661' title='bbox 1181 2033 1262 2068; x_wconf 76' lang='grc' dir='ltr'>λίμνη</span> <span class='ocrx_word' id='word_1_662' title='bbox 1276 2053 1282 2064; x_wconf 88' lang='grc'><strong>,</strong></span> <span class='ocrx_word' id='word_1_663' title='bbox 1302 2034 1348 2060; x_wconf 68' lang='grc' dir='ltr'>καὶ</span> <span class='ocrx_word' id='word_1_664' title='bbox 1372 2034 1431 2065; x_wconf 84' lang='grc' dir='ltr'>πῶς</span> <span class='ocrx_word' id='word_1_665' title='bbox 1455 2035 1471 2068; x_wconf 80' lang='grc' dir='ltr'>ἡ</span> <span class='ocrx_word' id='word_1_666' title='bbox 1494 2033 1555 2060; x_wconf 82' lang='grc' dir='ltr'>ἀντὶ</span> <span class='ocrx_word' id='word_1_667' title='bbox 1582 2031 1720 2066; x_wconf 74' lang='grc' dir='ltr'>θαλάσσης</span> <span class='ocrx_word' id='word_1_668' title='bbox 1745 2029 1814 2058; x_wconf 74' lang='grc' dir='ltr'>οὖσα</span> <span class='ocrx_word' id='word_1_669' title='bbox 1835 2031 1869 2065; x_wconf 82' lang='grc' dir='ltr'><strong>τῷ</strong></span> 
     </span>
    </p>
   </div>
   <div class='ocr_carea' id='block_1_90' title="bbox 1073 2076 1868 2114">
    <p class='ocr_par' dir='ltr' id='par_1_90' title="bbox 1073 2076 1868 2114">
     <span class='ocr_line' id='line_1_90' title="bbox 1073 2076 1868 2114; baseline -0.005 -9"><span class='ocrx_word' id='word_1_670' title='bbox 1073 2078 1148 2114; x_wconf 81' lang='grc' dir='ltr'><strong>τόπῳ</strong></span> <span class='ocrx_word' id='word_1_671' title='bbox 1167 2078 1196 2105; x_wconf 71' lang='grc' dir='ltr'><strong>τὸ</strong></span> <span class='ocrx_word' id='word_1_672' title='bbox 1212 2079 1352 2113; x_wconf 81' lang='grc' dir='ltr'>πρότερον,</span> <span class='ocrx_word' id='word_1_673' title='bbox 1370 2078 1417 2105; x_wconf 82' lang='grc' dir='ltr'>νῦν</span> <span class='ocrx_word' id='word_1_674' title='bbox 1434 2078 1501 2114; x_wconf 77' lang='grc' dir='ltr'>πρὸς</span> <span class='ocrx_word' id='word_1_675' title='bbox 1522 2078 1636 2112; x_wconf 84' lang='grc' dir='ltr'>καρπῶν</span> <span class='ocrx_word' id='word_1_676' title='bbox 1659 2076 1748 2103; x_wconf 78' lang='grc' dir='ltr'>ἄνεισι</span> <span class='ocrx_word' id='word_1_677' title='bbox 1768 2076 1868 2111; x_wconf 69' lang='grc' dir='ltr'>φορὰν,</span> 
     </span>
    </p>
   </div>
   <div class='ocr_carea' id='block_1_91' title="bbox 1073 2122 1868 2159">
    <p class='ocr_par' dir='ltr' id='par_1_91' title="bbox 1073 2122 1868 2159">
     <span class='ocr_line' id='line_1_91' title="bbox 1073 2122 1868 2159; baseline -0.005 -8"><span class='ocrx_word' id='word_1_678' title='bbox 1073 2125 1152 2151; x_wconf 81' lang='grc' dir='ltr'>τοῦτο</span> <span class='ocrx_word' id='word_1_679' title='bbox 1164 2125 1242 2159; x_wconf 83' lang='grc' dir='ltr'>σιγᾷν</span> <span class='ocrx_word' id='word_1_680' title='bbox 1254 2123 1329 2159; x_wconf 73' lang='grc' dir='ltr'>οἶμαι</span> <span class='ocrx_word' id='word_1_681' title='bbox 1344 2124 1433 2155; x_wconf 80' lang='grc' dir='ltr'>καλῶς</span> <span class='ocrx_word' id='word_1_682' title='bbox 1446 2124 1517 2158; x_wconf 79' lang='grc' dir='ltr'>ἔχειν</span> <span class='ocrx_word' id='word_1_683' title='bbox 1531 2123 1641 2158; x_wconf 76' lang='grc' dir='ltr'>μᾶλλον,</span> <span class='ocrx_word' id='word_1_684' title='bbox 1656 2122 1674 2158; x_wconf 82' lang='grc' dir='ltr'>ἢ</span> <span class='ocrx_word' id='word_1_685' title='bbox 1690 2122 1822 2155; x_wconf 78' lang='grc' dir='ltr'>διεξιέναι</span> <span class='ocrx_word' id='word_1_686' title='bbox 1836 2122 1868 2155; x_wconf 79' lang='grc' dir='ltr'>τῷ</span> 
     </span>
    </p>
   </div>
   <div class='ocr_carea' id='block_1_92' title="bbox 238 2161 1022 2206">
    <p class='ocr_par' dir='ltr' id='par_1_92' title="bbox 238 2167 1022 2206">
     <span class='ocr_line' id='line_1_92' title="bbox 238 2167 1022 2206; baseline 0.008 -14"><span class='ocrx_word' id='word_1_687' title='bbox 238 2173 293 2200; x_wconf 86' lang='lat' dir='ltr'><strong>qua</strong></span> <span class='ocrx_word' id='word_1_688' title='bbox 311 2167 418 2195; x_wconf 86' lang='lat' dir='ltr'><strong>ratione</strong></span> <span class='ocrx_word' id='word_1_689' title='bbox 437 2173 548 2202; x_wconf 90' lang='lat' dir='ltr'><strong>repente</strong></span> <span class='ocrx_word' id='word_1_690' title='bbox 573 2169 600 2195; x_wconf 93' lang='lat' dir='ltr'><strong>in</strong></span> <span class='ocrx_word' id='word_1_691' title='bbox 622 2173 723 2196; x_wconf 90' lang='lat' dir='ltr'><strong>terram</strong></span> <span class='ocrx_word' id='word_1_692' title='bbox 751 2169 882 2197; x_wconf 89' lang='lat' dir='ltr'><strong>incultam</strong></span> <span class='ocrx_word' id='word_1_693' title='bbox 907 2178 939 2198; x_wconf 88' lang='lat' dir='ltr'><strong>ea</strong></span> <span class='ocrx_word' id='word_1_694' title='bbox 962 2179 1022 2206; x_wconf 60' lang='lat' dir='ltr'><strong>quer</strong></span> 
     </span>
    </p>
   </div>
   <div class='ocr_carea' id='block_1_93' title="bbox 1082 2161 1868 2206">
    <p class='ocr_par' dir='ltr' id='par_1_93' title="bbox 1082 2167 1868 2206">
     <span class='ocr_line' id='line_1_93' title="bbox 1082 2167 1868 2206; baseline -0.005 -9"><span class='ocrx_word' id='word_1_695' title='bbox 1082 2171 1157 2205; x_wconf 59' lang='grc' dir='ltr'>λόγῳ,</span> <span class='ocrx_word' id='word_1_696' title='bbox 1187 2170 1224 2206; x_wconf 84' lang='grc' dir='ltr'>μὴ</span> <span class='ocrx_word' id='word_1_697' title='bbox 1252 2170 1392 2205; x_wconf 79' lang='grc' dir='ltr'>δυναμένῳ</span> <span class='ocrx_word' id='word_1_698' title='bbox 1416 2170 1476 2197; x_wconf 85' lang='grc' dir='ltr'>κατ’</span> <span class='ocrx_word' id='word_1_699' title='bbox 1498 2169 1577 2201; x_wconf 81' lang='grc' dir='ltr'>ἀξίαν</span> <span class='ocrx_word' id='word_1_700' title='bbox 1600 2168 1808 2203; x_wconf 81' lang='grc' dir='ltr'>συνεπαρθῆναι</span> <span class='ocrx_word' id='word_1_701' title='bbox 1835 2167 1868 2201; x_wconf 76' lang='grc' dir='ltr'>τῷ</span> 
     </span>
    </p>
   </div>
   <div class='ocr_carea' id='block_1_94' title="bbox 239 2211 1023 2251">
    <p class='ocr_par' dir='ltr' id='par_1_94' title="bbox 239 2211 1023 2251">
     <span class='ocr_line' id='line_1_94' title="bbox 239 2211 1023 2251; baseline 0.008 -14"><span class='ocrx_word' id='word_1_702' title='bbox 239 2211 402 2246; x_wconf 76' lang='lat' dir='ltr'><strong>navigabilis</strong></span> <span class='ocrx_word' id='word_1_703' title='bbox 424 2218 497 2240; x_wconf 79' lang='lat' dir='ltr'><strong>esset</strong></span> <span class='ocrx_word' id='word_1_704' title='bbox 519 2218 719 2247; x_wconf 81' lang='lat' dir='ltr'><strong>transmutata,</strong></span> <span class='ocrx_word' id='word_1_705' title='bbox 742 2215 819 2242; x_wconf 86' lang='lat' dir='ltr'><strong>lacus</strong></span> <span class='ocrx_word' id='word_1_706' title='bbox 846 2216 874 2243; x_wconf 89' lang='lat' dir='ltr'><strong>in</strong></span> <span class='ocrx_word' id='word_1_707' title='bbox 898 2223 1023 2251; x_wconf 87' lang='lat' dir='ltr'><strong>campum</strong></span> 
     </span>
    </p>
   </div>
   <div class='ocr_carea' id='block_1_95' title="bbox 1077 2216 1236 2251">
    <p class='ocr_par' dir='ltr' id='par_1_95' title="bbox 1077 2216 1236 2251">
     <span class='ocr_line' id='line_1_95' title="bbox 1077 2216 1236 2251; baseline 0 -9"><span class='ocrx_word' id='word_1_708' title='bbox 1077 2216 1236 2251; x_wconf 81' lang='grc' dir='ltr'>διηγήματι.</span> 
     </span>
    </p>
   </div>
   <div class='ocr_carea' id='block_1_96' title="bbox 238 2256 1866 2296">
    <p class='ocr_par' dir='ltr' id='par_1_96' title="bbox 238 2256 1866 2296">
     <span class='ocr_line' id='line_1_96' title="bbox 238 2256 1866 2296; baseline -0.001 -12"><span class='ocrx_word' id='word_1_709' title='bbox 238 2256 399 2291; x_wconf 76' lang='lat' dir='ltr'><strong>depressum</strong></span> <span class='ocrx_word' id='word_1_710' title='bbox 426 2258 554 2286; x_wconf 86' lang='lat' dir='ltr'><strong>redactus</strong></span> <span class='ocrx_word' id='word_1_711' title='bbox 570 2260 607 2286; x_wconf 83' lang='lat' dir='ltr'><strong>sit</strong></span> <span class='ocrx_word' id='word_1_712' title='bbox 625 2269 631 2286; x_wconf 94' lang='lat'>:</span> <span class='ocrx_word' id='word_1_713' title='bbox 653 2260 716 2287; x_wconf 87' lang='lat' dir='ltr'><strong>item</strong></span> <span class='ocrx_word' id='word_1_714' title='bbox 740 2268 795 2295; x_wconf 87' lang='lat' dir='ltr'><strong>quo</strong></span> <span class='ocrx_word' id='word_1_715' title='bbox 817 2265 898 2296; x_wconf 85' lang='lat' dir='ltr'><strong>pacto</strong></span> <span class='ocrx_word' id='word_1_716' title='bbox 923 2261 949 2288; x_wconf 92' lang='lat' dir='ltr'><strong>id</strong></span> <span class='ocrx_word' id='word_1_717' title='bbox 974 2262 1046 2296; x_wconf 83' lang='lat' dir='ltr'><strong>quod</strong></span> <span class='ocrx_word' id='word_1_718' title='bbox 1067 2269 1117 2296; x_wconf 90' lang='lat' dir='ltr'><strong>pro</strong></span> <span class='ocrx_word' id='word_1_719' title='bbox 1135 2263 1202 2288; x_wconf 86' lang='lat' dir='ltr'><strong>mari</strong></span> <span class='ocrx_word' id='word_1_720' title='bbox 1222 2262 1260 2288; x_wconf 91' lang='lat' dir='ltr'><strong>illi</strong></span> <span class='ocrx_word' id='word_1_721' title='bbox 1292 2262 1353 2288; x_wconf 77' lang='lat' dir='ltr'><strong>loco</strong></span> <span class='ocrx_word' id='word_1_722' title='bbox 1372 2261 1447 2295; x_wconf 88' lang='lat' dir='ltr'><strong>prius</strong></span> <span class='ocrx_word' id='word_1_723' title='bbox 1471 2265 1554 2290; x_wconf 84' lang='lat' dir='ltr'><strong>esset.</strong></span> <span class='ocrx_word' id='word_1_724' title='bbox 1576 2267 1650 2286; x_wconf 86' lang='lat' dir='ltr'><strong>nunc</strong></span> <span class='ocrx_word' id='word_1_725' title='bbox 1673 2267 1707 2286; x_wconf 88' lang='lat' dir='ltr'><strong>eo</strong></span> <span class='ocrx_word' id='word_1_726' title='bbox 1732 2259 1866 2285; x_wconf 86' lang='lat' dir='ltr'><strong>redactum</strong></span> 
     </span>
    </p>
   </div>
   <div class='ocr_carea' id='block_1_97' title="bbox 240 2301 1588 2340">
    <p class='ocr_par' dir='ltr' id='par_1_97' title="bbox 240 2301 1588 2340">
     <span class='ocr_line' id='line_1_97' title="bbox 240 2301 1588 2340; baseline 0.004 -14"><span class='ocrx_word' id='word_1_727' title='bbox 240 2302 286 2331; x_wconf 87' lang='lat' dir='ltr'><strong>sit,</strong></span> <span class='ocrx_word' id='word_1_728' title='bbox 305 2305 334 2327; x_wconf 86' lang='lat' dir='ltr'><strong>ut</strong></span> <span class='ocrx_word' id='word_1_729' title='bbox 353 2301 458 2329; x_wconf 80' lang='lat' dir='ltr'><strong>fructus</strong></span> <span class='ocrx_word' id='word_1_730' title='bbox 477 2303 630 2336; x_wconf 74' lang='lat' dir='ltr'><strong>producat,</strong></span> <span class='ocrx_word' id='word_1_731' title='bbox 661 2303 689 2330; x_wconf 92' lang='lat' dir='ltr'><strong>id</strong></span> <span class='ocrx_word' id='word_1_732' title='bbox 715 2307 807 2332; x_wconf 87' lang='lat' dir='ltr'><strong>tacere</strong></span> <span class='ocrx_word' id='word_1_733' title='bbox 827 2309 909 2339; x_wconf 88' lang='lat' dir='ltr'><strong>atqtte</strong></span> <span class='ocrx_word' id='word_1_734' title='bbox 932 2306 1042 2333; x_wconf 89' lang='lat' dir='ltr'><strong>silentio</strong></span> <span class='ocrx_word' id='word_1_735' title='bbox 1063 2306 1201 2340; x_wconf 68' lang='lat' dir='ltr'><strong>prteterire</strong></span> <span class='ocrx_word' id='word_1_736' title='bbox 1229 2306 1385 2332; x_wconf 84' lang='lat' dir='ltr'><strong>consultius</strong></span> <span class='ocrx_word' id='word_1_737' title='bbox 1417 2313 1479 2332; x_wconf 87' lang='lat' dir='ltr'><strong>esse</strong></span> <span class='ocrx_word' id='word_1_738' title='bbox 1503 2310 1588 2339; x_wconf 87' lang='lat' dir='ltr'><strong>puto,</strong></span> 
     </span>
    </p>
   </div>
   <div class='ocr_carea' id='block_1_98' title="bbox 1630 2304 1866 2339">
    <p class='ocr_par' dir='ltr' id='par_1_98' title="bbox 1630 2304 1866 2339">
     <span class='ocr_line' id='line_1_98' title="bbox 1630 2304 1866 2339; baseline -0.004 -8"><span class='ocrx_word' id='word_1_739' title='bbox 1630 2312 1715 2339; x_wconf 86' lang='lat' dir='ltr'><strong>quam</strong></span> <span class='ocrx_word' id='word_1_740' title='bbox 1745 2304 1866 2339; x_wconf 83' lang='lat' dir='ltr'><strong>persequi</strong></span> 
     </span>
    </p>
   </div>
   <div class='ocr_carea' id='block_1_99' title="bbox 236 2348 1614 2385">
    <p class='ocr_par' dir='ltr' id='par_1_99' title="bbox 236 2348 1614 2385">
     <span class='ocr_line' id='line_1_99' title="bbox 236 2348 1614 2385; baseline 0.001 -11"><span class='ocrx_word' id='word_1_741' title='bbox 236 2348 377 2379; x_wconf 79' lang='lat' dir='ltr'><strong>oratione,</strong></span> <span class='ocrx_word' id='word_1_742' title='bbox 398 2355 458 2382; x_wconf 58' lang='lat' dir='ltr'><strong>quae</strong></span> <span class='ocrx_word' id='word_1_743' title='bbox 473 2356 502 2375; x_wconf 88' lang='lat' dir='ltr'><strong>se</strong></span> <span class='ocrx_word' id='word_1_744' title='bbox 517 2357 569 2375; x_wconf 83' lang='lat' dir='ltr'><strong>Utta</strong></span> <span class='ocrx_word' id='word_1_745' title='bbox 582 2357 642 2375; x_wconf 79' lang='lat' dir='ltr'><strong>cum</strong></span> <span class='ocrx_word' id='word_1_746' title='bbox 659 2349 791 2385; x_wconf 80' lang='lat' dir='ltr'><strong>dignitate</strong></span> <span class='ocrx_word' id='word_1_747' title='bbox 804 2355 831 2378; x_wconf 90' lang='lat' dir='ltr'><strong>et</strong></span> <span class='ocrx_word' id='word_1_748' title='bbox 845 2350 1021 2385; x_wconf 64' lang='lat' dir='ltr'><strong>amplitudine</strong></span> <span class='ocrx_word' id='word_1_749' title='bbox 1044 2351 1082 2377; x_wconf 87' lang='lat' dir='ltr'><strong>rei</strong></span> <span class='ocrx_word' id='word_1_750' title='bbox 1097 2359 1157 2385; x_wconf 73' lang='lat' dir='ltr'><strong>qua:</strong></span> <span class='ocrx_word' id='word_1_751' title='bbox 1174 2355 1313 2382; x_wconf 85' lang='lat' dir='ltr'><strong>narretur,</strong></span> <span class='ocrx_word' id='word_1_752' title='bbox 1329 2351 1433 2385; x_wconf 77' lang='lat' dir='ltr'><strong>erigere</strong></span> <span class='ocrx_word' id='word_1_753' title='bbox 1445 2357 1498 2376; x_wconf 91' lang='lat' dir='ltr'><strong>non</strong></span> <span class='ocrx_word' id='word_1_754' title='bbox 1518 2349 1614 2383; x_wconf 88' lang='lat' dir='ltr'><strong>possit.</strong></span> 
     </span>
    </p>
   </div>
   <div class='ocr_carea' id='block_1_100' title="bbox 277 2393 1027 2428">
    <p class='ocr_par' dir='ltr' id='par_1_100' title="bbox 277 2393 1027 2428">
     <span class='ocr_line' id='line_1_100' title="bbox 277 2393 1027 2428; baseline 0.007 -9"><span class='ocrx_word' id='word_1_755' title='bbox 277 2393 346 2425; x_wconf 83' lang='lat' dir='ltr'><strong>Quid</strong></span> <span class='ocrx_word' id='word_1_756' title='bbox 361 2394 434 2420; x_wconf 92' lang='lat' dir='ltr'><strong>enim</strong></span> <span class='ocrx_word' id='word_1_757' title='bbox 455 2394 591 2428; x_wconf 86' lang='lat' dir='ltr'><strong>ejusmodi</strong></span> <span class='ocrx_word' id='word_1_758' title='bbox 608 2395 756 2423; x_wconf 89' lang='lat' dir='ltr'><strong>didicimus</strong></span> <span class='ocrx_word' id='word_1_759' title='bbox 776 2396 803 2423; x_wconf 90' lang='lat' dir='ltr'><strong>in</strong></span> <span class='ocrx_word' id='word_1_760' title='bbox 819 2396 853 2424; x_wconf 87' lang='lat' dir='ltr'><strong>iis</strong></span> <span class='ocrx_word' id='word_1_761' title='bbox 873 2397 1027 2427; x_wconf 83' lang='lat' dir='ltr'><strong>miraculis.</strong></span> 
     </span>
    </p>
   </div>
   <div class='ocr_carea' id='block_1_101' title="bbox 239 2440 1027 2477">
    <p class='ocr_par' dir='ltr' id='par_1_101' title="bbox 239 2440 1027 2477">
     <span class='ocr_line' id='line_1_101' title="bbox 239 2440 1027 2477; baseline 0.006 -12"><span class='ocrx_word' id='word_1_762' title='bbox 239 2448 302 2474; x_wconf 71' lang='lat' dir='ltr'><strong>quae</strong></span> <span class='ocrx_word' id='word_1_763' title='bbox 317 2440 416 2469; x_wconf 85' lang='lat' dir='ltr'><strong>litteris</strong></span> <span class='ocrx_word' id='word_1_764' title='bbox 435 2442 563 2468; x_wconf 83' lang='lat' dir='ltr'><strong>mandata</strong></span> <span class='ocrx_word' id='word_1_765' title='bbox 591 2445 673 2476; x_wconf 87' lang='lat' dir='ltr'><strong>atque</strong></span> <span class='ocrx_word' id='word_1_766' title='bbox 690 2443 841 2477; x_wconf 88' lang='lat' dir='ltr'><strong>perscripta</strong></span> <span class='ocrx_word' id='word_1_767' title='bbox 858 2447 932 2475; x_wconf 87' lang='lat' dir='ltr'><strong>sunt,</strong></span> <span class='ocrx_word' id='word_1_768' title='bbox 955 2442 1027 2477; x_wconf 89' lang='lat' dir='ltr'><strong>quod</strong></span> 
     </span>
    </p>
   </div>
   <div class='ocr_carea' id='block_1_102' title="bbox 241 2486 1029 2522">
    <p class='ocr_par' dir='ltr' id='par_1_102' title="bbox 241 2486 1029 2522">
     <span class='ocr_line' id='line_1_102' title="bbox 241 2486 1029 2522; baseline 0.003 -9"><span class='ocrx_word' id='word_1_769' title='bbox 241 2486 306 2513; x_wconf 86' lang='lat' dir='ltr'><strong>huic</strong></span> <span class='ocrx_word' id='word_1_770' title='bbox 321 2487 505 2521; x_wconf 88' lang='lat' dir='ltr'><strong>contparando</strong></span> <span class='ocrx_word' id='word_1_771' title='bbox 528 2495 576 2522; x_wconf 86' lang='lat' dir='ltr'><strong>par</strong></span> <span class='ocrx_word' id='word_1_772' title='bbox 593 2487 651 2515; x_wconf 83' lang='lat' dir='ltr'><strong>ﬁeri</strong></span> <span class='ocrx_word' id='word_1_773' title='bbox 678 2488 785 2522; x_wconf 78' lang='lat' dir='ltr'><strong>possit?</strong></span> <span class='ocrx_word' id='word_1_774' title='bbox 803 2488 925 2515; x_wconf 89' lang='lat' dir='ltr'><strong>ltthibuit</strong></span> <span class='ocrx_word' id='word_1_775' title='bbox 947 2488 1029 2516; x_wconf 79' lang='lat' dir='ltr'><strong>Jesus</strong></span> 
     </span>
    </p>
   </div>
   <div class='ocr_carea' id='block_1_103' title="bbox 243 2532 1028 2568">
    <p class='ocr_par' dir='ltr' id='par_1_103' title="bbox 243 2532 1028 2568">
     <span class='ocr_line' id='line_1_103' title="bbox 243 2532 1028 2568; baseline 0.003 -10"><span class='ocrx_word' id='word_1_776' title='bbox 243 2533 316 2560; x_wconf 78' lang='lat' dir='ltr'><strong>(ilius</strong></span> <span class='ocrx_word' id='word_1_777' title='bbox 334 2533 409 2560; x_wconf 76' lang='lat' dir='ltr'><strong>Nave</strong></span> <span class='ocrx_word' id='word_1_778' title='bbox 424 2541 535 2560; x_wconf 88' lang='lat' dir='ltr'><strong>eursutn</strong></span> <span class='ocrx_word' id='word_1_779' title='bbox 552 2533 671 2560; x_wconf 85' lang='lat' dir='ltr'><strong>ﬂuminis</strong></span> <span class='ocrx_word' id='word_1_780' title='bbox 687 2532 827 2565; x_wconf 67' lang='lat' dir='ltr'><strong>Iordanis,</strong></span> <span class='ocrx_word' id='word_1_781' title='bbox 842 2533 890 2560; x_wconf 85' lang='lat' dir='ltr'><strong>sed</strong></span> <span class='ocrx_word' id='word_1_782' title='bbox 906 2534 1028 2568; x_wconf 86' lang='lat' dir='ltr'><strong>qttandiu</strong></span> 
     </span>
    </p>
   </div>
   <div class='ocr_carea' id='block_1_104' title="bbox 242 2578 1028 2613">
    <p class='ocr_par' dir='ltr' id='par_1_104' title="bbox 242 2578 1028 2613">
     <span class='ocr_line' id='line_1_104' title="bbox 242 2578 1028 2613; baseline 0.001 -9"><span class='ocrx_word' id='word_1_783' title='bbox 242 2586 307 2604; x_wconf 82' lang='lat' dir='ltr'><strong>arca</strong></span> <span class='ocrx_word' id='word_1_784' title='bbox 320 2582 379 2606; x_wconf 86' lang='lat' dir='ltr'><strong>erat</strong></span> <span class='ocrx_word' id='word_1_785' title='bbox 400 2579 426 2605; x_wconf 91' lang='lat' dir='ltr'><strong>in</strong></span> <span class='ocrx_word' id='word_1_786' title='bbox 443 2586 522 2613; x_wconf 82' lang='lat' dir='ltr'><strong>aqua.</strong></span> <span class='ocrx_word' id='word_1_787' title='bbox 541 2579 730 2613; x_wconf 76' lang='lat' dir='ltr'><strong>&#39;l‘ransgresso</strong></span> <span class='ocrx_word' id='word_1_788' title='bbox 747 2581 837 2604; x_wconf 82' lang='lat' dir='ltr'><strong>autent</strong></span> <span class='ocrx_word' id='word_1_789' title='bbox 860 2578 972 2612; x_wconf 88' lang='lat' dir='ltr'><strong>pnpttlo,</strong></span> <span class='ocrx_word' id='word_1_790' title='bbox 987 2584 1028 2605; x_wconf 83' lang='lat' dir='ltr'><strong>at-</strong></span> 
     </span>
    </p>
   </div>
   <div class='ocr_carea' id='block_1_105' title="bbox 242 2623 1027 2658">
    <p class='ocr_par' dir='ltr' id='par_1_105' title="bbox 242 2623 1027 2658">
     <span class='ocr_line' id='line_1_105' title="bbox 242 2623 1027 2658; baseline -0.003 -7"><span class='ocrx_word' id='word_1_791' title='bbox 242 2632 296 2658; x_wconf 88' lang='lat' dir='ltr'><strong>que</strong></span> <span class='ocrx_word' id='word_1_792' title='bbox 318 2632 380 2651; x_wconf 84' lang='lat' dir='ltr'><strong>arca</strong></span> <span class='ocrx_word' id='word_1_793' title='bbox 405 2626 539 2654; x_wconf 76' lang='lat' dir='ltr'><strong>traducta.</strong></span> <span class='ocrx_word' id='word_1_794' title='bbox 557 2624 674 2651; x_wconf 55' lang='lat' dir='ltr'><strong>reddidit</strong></span> <span class='ocrx_word' id='word_1_795' title='bbox 699 2630 797 2650; x_wconf 88' lang='lat' dir='ltr'><strong>rursus</strong></span> <span class='ocrx_word' id='word_1_796' title='bbox 818 2623 891 2649; x_wconf 89' lang='lat' dir='ltr'><strong>antni</strong></span> <span class='ocrx_word' id='word_1_797' title='bbox 917 2631 1027 2650; x_wconf 87' lang='lat' dir='ltr'><strong>eursttm</strong></span> 
     </span>
    </p>
   </div>
   <div class='ocr_carea' id='block_1_106' title="bbox 242 2669 1028 2705">
    <p class='ocr_par' dir='ltr' id='par_1_106' title="bbox 242 2669 1028 2705">
     <span class='ocr_line' id='line_1_106' title="bbox 242 2669 1028 2705; baseline -0.003 -8"><span class='ocrx_word' id='word_1_798' title='bbox 242 2674 417 2698; x_wconf 86' lang='lat' dir='ltr'><strong>consuetum.</strong></span> <span class='ocrx_word' id='word_1_799' title='bbox 435 2671 512 2705; x_wconf 83' lang='lat' dir='ltr'><strong>Aqua</strong></span> <span class='ocrx_word' id='word_1_800' title='bbox 535 2670 653 2697; x_wconf 91' lang='lat' dir='ltr'><strong>nudatur</strong></span> <span class='ocrx_word' id='word_1_801' title='bbox 676 2671 704 2697; x_wconf 89' lang='lat' dir='ltr'><strong>in</strong></span> <span class='ocrx_word' id='word_1_802' title='bbox 735 2671 796 2697; x_wconf 76' lang='lat' dir='ltr'><strong>sinu</strong></span> <span class='ocrx_word' id='word_1_803' title='bbox 828 2669 921 2696; x_wconf 76' lang='lat' dir='ltr'><strong>Rubro</strong></span> <span class='ocrx_word' id='word_1_804' title='bbox 940 2670 1028 2696; x_wconf 85' lang='lat' dir='ltr'><strong>solum</strong></span> 
     </span>
    </p>
   </div>
   <div class='ocr_carea' id='block_1_107' title="bbox 245 2714 1028 2752">
    <p class='ocr_par' dir='ltr' id='par_1_107' title="bbox 245 2714 1028 2752">
     <span class='ocr_line' id='line_1_107' title="bbox 245 2714 1028 2752; baseline -0.001 -9"><span class='ocrx_word' id='word_1_805' title='bbox 245 2716 382 2752; x_wconf 72' lang='lat' dir='ltr'><strong>profundo</strong></span> <span class='ocrx_word' id='word_1_806' title='bbox 398 2716 561 2751; x_wconf 87' lang='lat' dir='ltr'><strong>subjectum,</strong></span> <span class='ocrx_word' id='word_1_807' title='bbox 578 2716 611 2743; x_wconf 87' lang='lat' dir='ltr'><strong>ad</strong></span> <span class='ocrx_word' id='word_1_808' title='bbox 629 2719 776 2751; x_wconf 80' lang='lat' dir='ltr'><strong>utrumque</strong></span> <span class='ocrx_word' id='word_1_809' title='bbox 801 2716 873 2742; x_wconf 87' lang='lat' dir='ltr'><strong>latus</strong></span> <span class='ocrx_word' id='word_1_810' title='bbox 890 2723 905 2742; x_wconf 86' lang='lat' dir='ltr'><strong>a</strong></span> <span class='ocrx_word' id='word_1_811' title='bbox 931 2714 1028 2750; x_wconf 88' lang='lat' dir='ltr'><strong>spiritu</strong></span> 
     </span>
    </p>
   </div>
   <div class='ocr_carea' id='block_1_108' title="bbox 249 2760 1029 2795">
    <p class='ocr_par' dir='ltr' id='par_1_108' title="bbox 249 2760 1029 2795">
     <span class='ocr_line' id='line_1_108' title="bbox 249 2760 1029 2795; baseline -0.001 -8"><span class='ocrx_word' id='word_1_812' title='bbox 249 2762 318 2788; x_wconf 88' lang='lat' dir='ltr'><strong>mari</strong></span> <span class='ocrx_word' id='word_1_813' title='bbox 331 2762 458 2789; x_wconf 87' lang='lat' dir='ltr'><strong>submoto</strong></span> <span class='ocrx_word' id='word_1_814' title='bbox 473 2770 481 2794; x_wconf 83' lang='lat'>;</span> <span class='ocrx_word' id='word_1_815' title='bbox 500 2762 548 2789; x_wconf 81' lang='lat' dir='ltr'><strong>sed</strong></span> <span class='ocrx_word' id='word_1_816' title='bbox 565 2761 727 2788; x_wconf 88' lang='lat' dir='ltr'><strong>miraculum</strong></span> <span class='ocrx_word' id='word_1_817' title='bbox 754 2761 887 2795; x_wconf 85' lang='lat' dir='ltr'><strong>tantisper</strong></span> <span class='ocrx_word' id='word_1_818' title='bbox 900 2760 1029 2793; x_wconf 85' lang='lat' dir='ltr'><strong>durabat,</strong></span> 
     </span>
    </p>
   </div>
   <div class='ocr_carea' id='block_1_109' title="bbox 246 2805 1030 2842">
    <p class='ocr_par' dir='ltr' id='par_1_109' title="bbox 246 2805 1030 2842">
     <span class='ocr_line' id='line_1_109' title="bbox 246 2805 1030 2842; baseline -0.003 -7"><span class='ocrx_word' id='word_1_819' title='bbox 246 2807 314 2835; x_wconf 81' lang='lat' dir='ltr'><strong>dum</strong></span> <span class='ocrx_word' id='word_1_820' title='bbox 332 2807 480 2840; x_wconf 84' lang='lat' dir='ltr'><strong>exercitus,</strong></span> <span class='ocrx_word' id='word_1_821' title='bbox 504 2807 551 2842; x_wconf 86' lang='lat' dir='ltr'><strong>qui</strong></span> <span class='ocrx_word' id='word_1_822' title='bbox 571 2808 598 2835; x_wconf 93' lang='lat' dir='ltr'><strong>in</strong></span> <span class='ocrx_word' id='word_1_823' title='bbox 615 2805 752 2841; x_wconf 82' lang='lat' dir='ltr'><strong>profundo</strong></span> <span class='ocrx_word' id='word_1_824' title='bbox 775 2813 822 2841; x_wconf 86' lang='lat' dir='ltr'><strong>per</strong></span> <span class='ocrx_word' id='word_1_825' title='bbox 838 2806 942 2834; x_wconf 86' lang='lat' dir='ltr'><strong>aridam</strong></span> <span class='ocrx_word' id='word_1_826' title='bbox 965 2806 1030 2840; x_wconf 87' lang='lat' dir='ltr'><strong>ibat,</strong></span> 
     </span>
    </p>
   </div>
   <div class='ocr_carea' id='block_1_110' title="bbox 1115 2395 1866 2431">
    <p class='ocr_par' dir='ltr' id='par_1_110' title="bbox 1115 2395 1866 2431">
     <span class='ocr_line' id='line_1_110' title="bbox 1115 2395 1866 2431; baseline -0.004 -8"><span class='ocrx_word' id='word_1_827' title='bbox 1115 2396 1147 2423; x_wconf 87' lang='grc' dir='ltr'>Τί</span> <span class='ocrx_word' id='word_1_828' title='bbox 1165 2396 1218 2431; x_wconf 75' lang='grc' dir='ltr'>γὰρ</span> <span class='ocrx_word' id='word_1_829' title='bbox 1233 2396 1351 2423; x_wconf 80' lang='grc' dir='ltr'>τοιοῦτον</span> <span class='ocrx_word' id='word_1_830' title='bbox 1368 2397 1397 2422; x_wconf 84' lang='grc' dir='ltr'>ὲν</span> <span class='ocrx_word' id='word_1_831' title='bbox 1417 2397 1473 2427; x_wconf 81' lang='grc' dir='ltr'>τοῖς</span> <span class='ocrx_word' id='word_1_832' title='bbox 1486 2395 1674 2430; x_wconf 78' lang='grc' dir='ltr'>ἀναγράπτοις</span> <span class='ocrx_word' id='word_1_833' title='bbox 1688 2395 1811 2430; x_wconf 74' lang='grc' dir='ltr'>θαύμασι</span> <span class='ocrx_word' id='word_1_834' title='bbox 1826 2403 1866 2429; x_wconf 77' lang='grc' dir='ltr'>με-</span> 
     </span>
    </p>
   </div>
   <div class='ocr_carea' id='block_1_111' title="bbox 1081 2439 1867 2476">
    <p class='ocr_par' dir='ltr' id='par_1_111' title="bbox 1081 2439 1867 2476">
     <span class='ocr_line' id='line_1_111' title="bbox 1081 2439 1867 2476; baseline -0.003 -9"><span class='ocrx_word' id='word_1_835' title='bbox 1081 2441 1254 2476; x_wconf 80' lang='grc' dir='ltr'>μαθήκαμεν,</span> <span class='ocrx_word' id='word_1_836' title='bbox 1276 2441 1312 2472; x_wconf 82' lang='grc' dir='ltr'>ὠς</span> <span class='ocrx_word' id='word_1_837' title='bbox 1326 2440 1454 2467; x_wconf 81' lang='grc' dir='ltr'>δύνασθαι</span> <span class='ocrx_word' id='word_1_838' title='bbox 1471 2440 1511 2471; x_wconf 84' lang='grc' dir='ltr'><strong>εἰς</strong></span> <span class='ocrx_word' id='word_1_839' title='bbox 1534 2440 1591 2466; x_wconf 76' lang='grc' dir='ltr'>ἴσον</span> <span class='ocrx_word' id='word_1_840' title='bbox 1615 2439 1705 2465; x_wconf 76' lang='grc' dir='ltr'>ἐλθεῖν</span> <span class='ocrx_word' id='word_1_841' title='bbox 1722 2440 1811 2474; x_wconf 80' lang='grc' dir='ltr'>τούτῳ</span> <span class='ocrx_word' id='word_1_842' title='bbox 1830 2439 1867 2466; x_wconf 76' lang='grc' dir='ltr'><strong>διὰ</strong></span> 
     </span>
    </p>
   </div>
   <div class='ocr_carea' id='block_1_112' title="bbox 1081 2484 1865 2520">
    <p class='ocr_par' dir='ltr' id='par_1_112' title="bbox 1081 2484 1865 2520">
     <span class='ocr_line' id='line_1_112' title="bbox 1081 2484 1865 2520; baseline -0.003 -8"><span class='ocrx_word' id='word_1_843' title='bbox 1081 2486 1267 2520; x_wconf 77' lang='grc' dir='ltr'>συγκρίσεως;</span> <span class='ocrx_word' id='word_1_844' title='bbox 1278 2486 1409 2519; x_wconf 81' lang='grc' dir='ltr'>Ἔστησεν</span> <span class='ocrx_word' id='word_1_845' title='bbox 1421 2486 1434 2511; x_wconf 87' lang='grc' dir='ltr'>ὀ</span> <span class='ocrx_word' id='word_1_846' title='bbox 1447 2485 1494 2511; x_wconf 83' lang='grc' dir='ltr'>τοῦ</span> <span class='ocrx_word' id='word_1_847' title='bbox 1504 2484 1580 2519; x_wconf 82' lang='grc' dir='ltr'>Ναυὴ</span> <span class='ocrx_word' id='word_1_848' title='bbox 1588 2484 1696 2518; x_wconf 78' lang='grc' dir='ltr'>Ἰησοῦς</span> <span class='ocrx_word' id='word_1_849' title='bbox 1706 2485 1739 2511; x_wconf 74' lang='grc' dir='ltr'><strong>τὸ</strong></span> <span class='ocrx_word' id='word_1_850' title='bbox 1753 2484 1800 2511; x_wconf 68' lang='grc' dir='ltr'>τοῦ</span> <span class='ocrx_word' id='word_1_851' title='bbox 1810 2485 1865 2519; x_wconf 75' lang='grc' dir='ltr'>Ἰορ‹</span> 
     </span>
    </p>
   </div>
   <div class='ocr_carea' id='block_1_113' title="bbox 1080 2529 1865 2566">
    <p class='ocr_par' dir='ltr' id='par_1_113' title="bbox 1080 2529 1865 2566">
     <span class='ocr_line' id='line_1_113' title="bbox 1080 2529 1865 2566; baseline -0.003 -8"><span class='ocrx_word' id='word_1_852' title='bbox 1080 2531 1158 2558; x_wconf 84' lang='grc' dir='ltr'>δάνου</span> <span class='ocrx_word' id='word_1_853' title='bbox 1183 2530 1288 2566; x_wconf 79' lang='grc' dir='ltr'>ῥεῖθρον</span> <span class='ocrx_word' id='word_1_854' title='bbox 1301 2538 1307 2545; x_wconf 90' lang='grc'><strong>·</strong></span> <span class='ocrx_word' id='word_1_855' title='bbox 1330 2530 1387 2557; x_wconf 82' lang='grc' dir='ltr'><strong>ἀλλ’</strong></span> <span class='ocrx_word' id='word_1_856' title='bbox 1404 2530 1456 2562; x_wconf 72' lang='grc' dir='ltr'>ἕως</span> <span class='ocrx_word' id='word_1_857' title='bbox 1473 2532 1488 2562; x_wconf 81' lang='grc' dir='ltr'>ἡ</span> <span class='ocrx_word' id='word_1_858' title='bbox 1505 2531 1620 2562; x_wconf 71' lang='grc' dir='ltr'>κιϐωτὸς</span> <span class='ocrx_word' id='word_1_859' title='bbox 1634 2529 1669 2565; x_wconf 80' lang='grc' dir='ltr'>ἦν</span> <span class='ocrx_word' id='word_1_860' title='bbox 1684 2532 1714 2557; x_wconf 72' lang='grc' dir='ltr'>ἐν</span> <span class='ocrx_word' id='word_1_861' title='bbox 1731 2530 1771 2565; x_wconf 79' lang='grc' dir='ltr'><strong>τῷ</strong></span> <span class='ocrx_word' id='word_1_862' title='bbox 1786 2530 1865 2556; x_wconf 74' lang='grc' dir='ltr'>ὕδατι.</span> 
     </span>
    </p>
   </div>
   <div class='ocr_carea' id='block_1_114' title="bbox 1082 2575 1865 2611">
    <p class='ocr_par' dir='ltr' id='par_1_114' title="bbox 1082 2575 1865 2611">
     <span class='ocr_line' id='line_1_114' title="bbox 1082 2575 1865 2611; baseline -0.001 -9"><span class='ocrx_word' id='word_1_863' title='bbox 1082 2575 1282 2611; x_wconf 80' lang='grc' dir='ltr'>Ιιεραιωοέντος</span> <span class='ocrx_word' id='word_1_864' title='bbox 1294 2575 1321 2602; x_wconf 82' lang='grc' dir='ltr'><strong>δὲ</strong></span> <span class='ocrx_word' id='word_1_865' title='bbox 1333 2575 1379 2601; x_wconf 84' lang='grc' dir='ltr'>τοῦ</span> <span class='ocrx_word' id='word_1_866' title='bbox 1387 2575 1452 2602; x_wconf 83' lang='grc' dir='ltr'><strong>λαοῦ</strong></span> <span class='ocrx_word' id='word_1_867' title='bbox 1461 2576 1563 2611; x_wconf 77' lang='grc' dir='ltr'>καὶτῆς</span> <span class='ocrx_word' id='word_1_868' title='bbox 1575 2575 1695 2602; x_wconf 78' lang='grc' dir='ltr'>κιϐωτοῦ</span> <span class='ocrx_word' id='word_1_869' title='bbox 1705 2575 1865 2609; x_wconf 81' lang='grc' dir='ltr'>διελθούσης,</span> 
     </span>
    </p>
   </div>
   <div class='ocr_carea' id='block_1_115' title="bbox 1082 2620 1865 2656">
    <p class='ocr_par' dir='ltr' id='par_1_115' title="bbox 1082 2620 1865 2656">
     <span class='ocr_line' id='line_1_115' title="bbox 1082 2620 1865 2656; baseline -0.003 -8"><span class='ocrx_word' id='word_1_870' title='bbox 1082 2622 1205 2648; x_wconf 80' lang='grc' dir='ltr'>ἀπέδωκε</span> <span class='ocrx_word' id='word_1_871' title='bbox 1230 2621 1309 2648; x_wconf 76' lang='grc' dir='ltr'>πάλιν</span> <span class='ocrx_word' id='word_1_872' title='bbox 1330 2621 1368 2656; x_wconf 82' lang='grc' dir='ltr'>τῷ</span> <span class='ocrx_word' id='word_1_873' title='bbox 1392 2621 1491 2656; x_wconf 79' lang='grc' dir='ltr'>ῥείθρῳ</span> <span class='ocrx_word' id='word_1_874' title='bbox 1515 2622 1547 2648; x_wconf 78' lang='grc' dir='ltr'>τὸ</span> <span class='ocrx_word' id='word_1_875' title='bbox 1567 2621 1695 2656; x_wconf 82' lang='grc' dir='ltr'>σύνηθες.</span> <span class='ocrx_word' id='word_1_876' title='bbox 1721 2620 1865 2655; x_wconf 68' lang='grc' dir='ltr'>Γυμνοῦται</span> 
     </span>
    </p>
   </div>
   <div class='ocr_carea' id='block_1_116' title="bbox 1083 2665 1864 2703">
    <p class='ocr_par' dir='ltr' id='par_1_116' title="bbox 1083 2665 1864 2703">
     <span class='ocr_line' id='line_1_116' title="bbox 1083 2665 1864 2703; baseline -0.003 -9"><span class='ocrx_word' id='word_1_877' title='bbox 1083 2668 1129 2694; x_wconf 77' lang='grc' dir='ltr'>τοῦ</span> <span class='ocrx_word' id='word_1_878' title='bbox 1145 2667 1239 2699; x_wconf 81' lang='grc' dir='ltr'>ὓδατος</span> <span class='ocrx_word' id='word_1_879' title='bbox 1264 2669 1292 2693; x_wconf 84' lang='grc' dir='ltr'>ὲν</span> <span class='ocrx_word' id='word_1_880' title='bbox 1313 2667 1351 2702; x_wconf 84' lang='grc' dir='ltr'>τῷ</span> <span class='ocrx_word' id='word_1_881' title='bbox 1374 2668 1525 2703; x_wconf 79' lang='grc' dir='ltr'>Ἐρυθραίῳ</span> <span class='ocrx_word' id='word_1_882' title='bbox 1541 2667 1656 2701; x_wconf 81' lang='grc' dir='ltr'>πελάγει</span> <span class='ocrx_word' id='word_1_883' title='bbox 1677 2668 1710 2693; x_wconf 78' lang='grc' dir='ltr'>τὸ</span> <span class='ocrx_word' id='word_1_884' title='bbox 1727 2667 1777 2694; x_wconf 78' lang='grc' dir='ltr'>τοῦ</span> <span class='ocrx_word' id='word_1_885' title='bbox 1795 2665 1864 2701; x_wconf 72' lang='grc' dir='ltr'>βυθοῦ</span> 
     </span>
    </p>
   </div>
   <div class='ocr_carea' id='block_1_117' title="bbox 1085 2711 1864 2747">
    <p class='ocr_par' dir='ltr' id='par_1_117' title="bbox 1085 2711 1864 2747">
     <span class='ocr_line' id='line_1_117' title="bbox 1085 2711 1864 2747; baseline -0.004 -8"><span class='ocrx_word' id='word_1_886' title='bbox 1085 2712 1273 2747; x_wconf 78' lang='grc' dir='ltr'>ὑποκείμενον,</span> <span class='ocrx_word' id='word_1_887' title='bbox 1286 2712 1459 2747; x_wconf 84' lang='grc' dir='ltr'>ἁπωσθείσης</span> <span class='ocrx_word' id='word_1_888' title='bbox 1476 2713 1528 2739; x_wconf 82' lang='grc' dir='ltr'><strong>ὑπὸ</strong></span> <span class='ocrx_word' id='word_1_889' title='bbox 1543 2713 1590 2739; x_wconf 77' lang='grc' dir='ltr'>τοῦ</span> <span class='ocrx_word' id='word_1_890' title='bbox 1605 2712 1767 2747; x_wconf 73' lang='grc' dir='ltr'>πνεύματος</span> <span class='ocrx_word' id='word_1_891' title='bbox 1785 2713 1830 2739; x_wconf 74' lang='grc' dir='ltr'><strong>ἐπὶ</strong></span> <span class='ocrx_word' id='word_1_892' title='bbox 1841 2711 1864 2737; x_wconf 75' lang='lat'><strong>1‘1</strong></span> 
     </span>
    </p>
   </div>
   <div class='ocr_carea' id='block_1_118' title="bbox 1086 2755 1864 2793">
    <p class='ocr_par' dir='ltr' id='par_1_118' title="bbox 1086 2755 1864 2793">
     <span class='ocr_line' id='line_1_118' title="bbox 1086 2755 1864 2793; baseline -0.003 -9"><span class='ocrx_word' id='word_1_893' title='bbox 1086 2758 1187 2791; x_wconf 82' lang='grc' dir='ltr'>πλάγια</span> <span class='ocrx_word' id='word_1_894' title='bbox 1197 2758 1246 2792; x_wconf 78' lang='grc' dir='ltr'>τῆς</span> <span class='ocrx_word' id='word_1_895' title='bbox 1258 2758 1404 2792; x_wconf 84' lang='grc' dir='ltr'>θαλάσσης·</span> <span class='ocrx_word' id='word_1_896' title='bbox 1416 2758 1483 2784; x_wconf 80' lang='grc' dir='ltr'><strong>ἀλλὰ</strong></span> <span class='ocrx_word' id='word_1_897' title='bbox 1498 2759 1512 2784; x_wconf 81' lang='grc' dir='ltr'><strong>ὁ</strong></span> <span class='ocrx_word' id='word_1_898' title='bbox 1527 2758 1620 2793; x_wconf 82' lang='grc' dir='ltr'>χρόνος</span> <span class='ocrx_word' id='word_1_899' title='bbox 1631 2758 1679 2784; x_wconf 82' lang='grc' dir='ltr'>τοῦ</span> <span class='ocrx_word' id='word_1_900' title='bbox 1691 2758 1832 2793; x_wconf 83' lang='grc' dir='ltr'>θαύματος</span> <span class='ocrx_word' id='word_1_901' title='bbox 1841 2755 1864 2791; x_wconf 73' lang='grc' dir='ltr'><strong>ἦν</strong></span> 
     </span>
    </p>
   </div>
   <div class='ocr_carea' id='block_1_119' title="bbox 1088 2801 1865 2839">
    <p class='ocr_par' dir='ltr' id='par_1_119' title="bbox 1088 2801 1865 2839">
     <span class='ocr_line' id='line_1_119' title="bbox 1088 2801 1865 2839; baseline -0.001 -10"><span class='ocrx_word' id='word_1_902' title='bbox 1088 2804 1105 2838; x_wconf 80' lang='grc' dir='ltr'>ὴ</span> <span class='ocrx_word' id='word_1_903' title='bbox 1119 2803 1165 2829; x_wconf 77' lang='grc' dir='ltr'>τοῦ</span> <span class='ocrx_word' id='word_1_904' title='bbox 1180 2802 1295 2838; x_wconf 55' lang='grc' dir='ltr'>στρατοῦ</span> <span class='ocrx_word' id='word_1_905' title='bbox 1309 2803 1438 2839; x_wconf 65' lang='grc' dir='ltr'>τάροδος,</span> <span class='ocrx_word' id='word_1_906' title='bbox 1467 2804 1483 2838; x_wconf 85' lang='grc' dir='ltr'>ὴ</span> <span class='ocrx_word' id='word_1_907' title='bbox 1505 2803 1549 2830; x_wconf 79' lang='grc' dir='ltr'><strong>διὰ</strong></span> <span class='ocrx_word' id='word_1_908' title='bbox 1572 2802 1618 2829; x_wconf 76' lang='grc' dir='ltr'>τοῦ</span> <span class='ocrx_word' id='word_1_909' title='bbox 1641 2802 1729 2838; x_wconf 79' lang='grc' dir='ltr'>ξηροῦ</span> <span class='ocrx_word' id='word_1_910' title='bbox 1745 2802 1816 2829; x_wconf 75' lang='grc' dir='ltr'>κατὰ</span> <span class='ocrx_word' id='word_1_911' title='bbox 1830 2801 1865 2828; x_wconf 61' lang='grc' dir='ltr'><strong>τὸν</strong></span> 
     </span>
    </p>
   </div>
  </div>
