1917 3079
59 146 124 173 929

564 137 608 165 DE
628 135 708 164 VITA
726 134 754 163 S.
772 133 936 168 GRICCOIHI
959 133 1225 163 TllAUMATURGl.

1653 132 1706 161 93’:

59 204 153 240 βυθὸν
164 201 309 237 γενομένη.
321 198 400 227 Μετά
415 196 531 224 τοῦτοδὲ
546 196 627 223 πάλιν
642 195 692 229 μία
705 194 752 220 τοῦ
769 193 863 225 ὓδατος

916 194 1110 220 traduceretur
1123 202 1131 225 ;
1146 197 1238 227 postea
1253 199 1318 219 vero
1333 199 1431 218 rursus
1448 198 1502 217 una
1520 198 1597 225 aquae
1622 189 1706 219 facies

59 237 82 285 ἦ
108 248 254 282 ἐπιφάνεια
267 246 372 280 γίνεται
383 252 390 259 ·
417 243 465 269 καὶ
488 241 519 268 τὸ
536 240 604 276 πρὸς
621 240 711 273 ὀλίγον
728 237 862 274 διαιρεθὲν

61 284 252 327 συνεκλύσθη.
271 289 405 317 Ἐνταῦθα
422 288 449 315 δὲ
465 288 495 314 τὺ
508 286 582 318 ἅπαξ
596 285 741 321 γενόμενον
755 284 862 319 ἔμεινεν

58 337 127 366 οἷον
141 338 258 373 ἐγένετο,
271 336 309 368 ὼς
326 336 365 371 μὴ
376 332 547 361 ἀπιστεῖσθαι
561 332 599 366 τῷ
613 331 701 366 χρόνῳ
714 330 743 356 τὸ
758 329 860 364 θαῦμα,

59 385 115 412 διὰ
125 385 180 411 τῶν
200 382 370 418 φαινομένων
390 381 429 411 εἰς
444 375 474 406 τὺ
487 378 611 413 διηνεκὲς
627 375 860 412 μαρτυρούμενον.

60 432 111 458 Τὰ
134 431 182 466 μὲν
197 430 229 465 δὴ
246 429 316 456 κατὰ
330 428 379 462 τὴν
390 426 487 461 λίμνην
501 423 637 459 λεγόμενὰ
650 431 680 448 τε
693 422 739 449 καὶ
755 421 861 448 δεικνύ-

62 486 144 513 μενα
161 476 255 503 τοῦτον
271 475 327 509 ἔχει
342 474 387 500 τδν
399 472 510 508 τρόπον.
524 471 637 504 Ἕτερον
650 468 678 495 δὲ
701 467 769 503 μετὰ
783 467 862 493 τοῦτο

60 521 165 557 θαῦμα
178 520 297 547 τοιοῦτον
315 518 379 553 παρ’
394 516 477 544 αὑτοῦ
499 513 636 542 δείκνυταί
651 521 681 539 τε
695 513 741 539 καὶ
758 520 862 546 μνημοη

61 567 190 594 γεύεται.
205 564 329 600 Ποταμός
344 572 385 594 τις
398 562 463 597 παρ’
479 561 570 592 αὐτοῖς
584 559 690 595 διαρρεῖ
703 557 748 584 τὸν
762 557 860 592 χῶρον,

61 613 148 648 αὑτῷ
165 612 203 647 τῷ
219 611 329 646 ὀνόματι
346 609 376 635 τὸ
390 608 477 643 τραχὺ
498 608 545 633 καὶ
558 607 695 640 ἀνήμερον
713 602 862 638 ἐπισημαί-

61 668 125 686 νων
134 646 181 685 τοῦ
189 646 325 693 ῥεύματος
338 663 344 669 ·
357 654 444 685 Λύκος
454 653 518 688 γὰρ,
528 652 571 678 διὰ
582 651 612 677 τὸ
622 649 768 686 βλαπτικὺν
780 646 859 679 εἶναι,

62 703 149 739 παρὰ
158 703 210 730 τῶν
221 700 439 738 προσοικούντων
451 697 659 733 ἐπονομάζεται.
676 695 769 726 Οὕτως
778 694 862 725 πολὺς

65 750 123 786 μὲν
142 750 189 776 καὶ
203 750 234 776 ὲκ
249 748 303 774 τῶν
318 746 413 782 πηγῶν
431 744 615 779 καταφέρεται
633 742 683 777 τῆς
704 741 860 776 Ἀρμενίας,

62 785 120 831 ’τῆς
133 795 224 831 χώρας
238 793 312 829 αύτῷ
326 793 368 819 διὰ
379 791 433 818 τῶν
447 788 652 826 ὑπερκειμένων
666 787 737 823 ὁρῶν
752 785 861 820 δαψιλὲς

65 839 291 875 ὲπιχορηγούσης
306 837 336 864 τὸ
352 836 468 872 ῥεῖθρον.
498 834 594 863 Κοῖλος
611 832 640 859 δὲ
655 831 792 866 πανταχοῦ
812 831 862 862 τὰς

65 886 212 921 ὑπωρείας
226 884 279 910 τῶν
296 881 426 918 κρημνῶν
440 879 582 915 ὑπορρέων
600 878 667 904 πολὺ
688 877 787 912 μᾶλλον
801 877 860 907 mi“;
877 875 900 904 Β

65 929 225 966 χειμερίαις
238 928 388 964 χαράδραις
400 924 628 961 ἀποτραχύνεται,
644 923 733 954 πάσας
746 923 785 953 είς
797 922 861 947 ἑαυ-

65 976 117 1002 τὸν
131 975 180 1006 τὰς
196 976 228 1001 ὲκ
239 973 292 1000 τῶν
308 972 379 1008 ὀρῶν
394 971 523 1006 συρῤοίας
539 968 747 1003 ὑπολαμϐάνων.
778 967 822 992 ‘Ev
834 966 862 993 δὲ

66 1022 109 1056 τῷ
133 1020 221 1055 ὑπτίῳ
241 1020 290 1054 τῆς
302 1018 412 1054 χώρας,
435 1017 467 1043 δι’
488 1014 522 1052 ἦς
536 1014 718 1049 διεξέρχεται,
735 1012 862 1044 πολλάκις

66 1069 130 1098 ’ταῖς
149 1065 317 1100 ἑκατέρωθεν
332 1064 446 1099 κρηπῖσι
467 1060 717 1096 στενοχωρούμενος
727 1080 734 1090 ,
751 1058 822 1094 κατά
836 1067 862 1084 τι

69 1114 158 1149 μέρος
172 1112 328 1147 ὑπερχείται
343 1111 392 1144 τῆς
409 1108 502 1143 ὄχθης,
516 1106 585 1133 κατὰ
600 1105 630 1131 τὸ
643 1105 767 1138 πλάγιον,
789 1104 862 1130 ᾶπαν

68 1158 227 1190 ἐπικλύζων
242 1156 279 1191 τῷ
295 1154 395 1191 ῥείθρῳ
418 1154 448 1180 τὸ
465 1152 680 1187 ὑπερκείμενον·
708 1149 779 1176 ὥστε
799 1157 862 1174 συν-

68 1205 145 1239 εχεῖς
156 1202 226 1230 κατὰ
238 1202 268 1228 τὸ
282 1199 484 1236 ἀπροσδόκητον
498 1199 554 1228 τοῖς
567 1194 727 1232 παροικοῦσι
739 1193 776 1228 τῷ
788 1193 863 1227 τόπῳ

68 1250 136 1281 τοὺς
149 1248 286 1279 κινδύνους
303 1245 472 1279 ἐπάγεσθαι,
495 1243 565 1277 ἀωρὶ
580 1242 633 1268 τῶν
652 1239 757 1267 νυκτῶν
779 1239 795 1273 ἢ
816 1237 864 1265 καὶ

72 1294 135 1330 μεθ’
151 1293 256 1328 ἡμέραν
277 1291 406 1322 πολλάκις
419 1289 465 1316 τοῦ
488 1287 612 1322 ποταμοῦ
633 1287 688 1317 τοῖς
709 1285 804 1320 ἀγροῖς
814 1284 862 1309 ὲπ-

71 1340 259 1375 εμὸαίνοντος.
286 1337 367 1364 Ὅθεν
388 1336 417 1362 οὺ
444 1334 514 1369 φυτά
542 1333 621 1369 μόνον
644 1332 692 1358 καὶ
718 1331 864 1365 σπέρματα

70 1386 123 1413 καὶ
151 1385 309 1420 βοσκήματα
331 1384 364 1418 τῇ
385 1382 439 1408 τῶν
461 1381 564 1407 ὑδάτων
590 1378 660 1413 φορᾷ
685 1376 862 1411 διεφθείρετο,

71 1431 143 1459 ἁλλά
157 1430 204 1457 καὶ
229 1429 318 1455 αὐτῶν
334 1428 436 1463 ἥπτετο
454 1426 507 1452 τῶν
524 1424 674 1460 οἰκητόρων
693 1424 707 1449 ὁ
730 1422 862 1453 κίνδυνος,

71 1477 237 1512 ἀπροόπτως
250 1476 278 1501 ὲν
291 1476 324 1510 τῇ
339 1472 478 1500 ἐπικλύσει
490 1471 536 1498 τοῦ
548 1470 643 1500 ὕδατος
655 1470 682 1495 ὲν
692 1469 752 1499 ταῖς
764 1466 862 1497 οἰκίαις

71 1523 274 1557 ναυαγούντων.
292 1520 352 1547 Τῶν
365 1519 454 1546 τοίνυν
469 1515 748 1552 προκατορθωθέντων
763 1513 802 1547 τῷ
815 1521 863 1548 με-

72 1571 153 1606 γάλῳ
166 1569 311 1604 θαυμάτων
326 1567 365 1598 είς
383 1567 455 1593 ἅπαν
474 1563 722 1597 διαπεφοιτηκύτων
734 1559 764 1585 τὸ
778 1558 863 1591 ἔθνος,

72 1616 241 1645 ἀναστάντες
255 1615 279 1640 οἱ
292 1612 362 1639 κατὰ
374 1611 404 1638 τὸ
420 1612 500 1646 μέρος
513 1610 601 1636 ἐκεῖνο
612 1608 650 1642 τῷ
659 1605 773 1641 ποταμῷ
785 1613 866 1639 προσ-

72 1661 224 1691 οικοῦντες,
240 1659 335 1694 ἄνδρες
354 1657 401 1683 καὶ
413 1656 541 1689 γυναῖκες
559 1653 606 1679 καὶ
622 1651 715 1682 παῖδες
731 1649 865 1684 πανδημεὶ

73 1708 177 1738 πάντες
195 1706 280 1732 ἱκέται
296 1703 343 1730 τοῦ
363 1701 479 1737 μεγάλου
496 1700 633 1734 γίνονται,
649 1697 769 1731 δεόμενοι
788 1695 865 1721 λύσιν

73 1755 169 1784 αὐτοῖς
185 1761 245 1779 τινα
268 1750 321 1777 τῶν
346 1748 439 1776 κακῶν
456 1747 486 1779 ἐξ
506 1745 674 1772 ἀνελπίστων
689 1741 863 1778 πορίσασθαι.

74 1801 203 1828 Ἀπαντα
216 1797 270 1833 γὰρ
286 1798 315 1823 ὲν
337 1794 411 1829 αὺτῷ
429 1793 474 1819 τὸν
490 1792 554 1818 Θεὸν
574 1791 649 1825 ἔλεγε
662 1788 801 1819 δύνασθαι,
815 1788 865 1813 ὅσα

73 1847 134 1877 ταῖς
152 1843 335 1879 ἀνθρωπίναις
351 1840 483 1870 ἐπινοίαις
506 1839 554 1865 καὶ
567 1837 697 1867 διανοίαις
708 1835 780 1861 ἐστὶν
793 1834 865 1869 ἀμή-

73 1901 158 1928 χανα.
174 1890 264 1925 Μηδὲν
278 1889 330 1924 γὰρ
343 1887 397 1914 τῶν
412 1887 451 1917 εἱς
468 1885 565 1920 βουλήν
582 1892 612 1910 τε
628 1882 675 1909 καὶ
689 1881 802 1916 δύναμιν
818 1882 865 1906 ἀν-

74 1937 216 1974 θρωπίνην
237 1935 356 1971 ἡκόντων
378 1932 443 1967 παρ’
463 1931 553 1958 αὐτῶν
570 1928 759 1963 ἐλλειφθῆναι,
782 1926 865 1957 λίθοις

74 1983 123 2011 καὶ
137 1982 256 2018 χώμασι,
273 1980 319 2007 καὶ
330 1979 355 2005 εἴ
369 1988 394 2004 τι
407 1977 470 2004 ἄλλο
487 1976 554 2011 πρὸς
570 1975 603 2001 τά
621 1973 732 2001 τοιαῦτα
745 1972 799 1998 τῶν
815 1979 866 1997 κα-

74 2029 132 2056 κῶν
150 2027 243 2054 εἴωθεν
265 2023 445 2054 ἐπινοεῖσθαι,
472 2022 561 2048 πάντα
587 2019 792 2053 πεποιηκότων,
818 2016 865 2042 καὶ

74 2077 212 2110 ἀντισχεῖν
228 2073 295 2109 πρὸς
309 2072 357 2106 τὴν
369 2071 414 2096 τοῦ
430 2068 514 2095 κακοῦ
532 2067 568 2102 μὴ
583 2064 749 2099 δυνηθέντων
767 2062 863 2097 φοράν.

75 2123 131 2150 Καὶ
141 2122 179 2153 ὡς
190 2121 222 2148 ἂν
238 2120 354 2155 μάλιστα
371 2117 434 2152 παρ’
452 2114 540 2141 αὐτῶν
556 2112 681 2147 ἐναχθείη
697 2111 764 2147 πρὸς
780 2110 862 2141 ἔλεον,

74 2168 213 2202 αὐτόπτην
230 2166 322 2201 ἠξίουν
334 2163 459 2198 γενέσθαι
472 2161 521 2194 τῆς
537 2159 688 2194 συμφορᾶς,
708 2157 754 2183 καὶ
769 2156 864 2191 μαθεῖν

74 2214 112 2246 ὡς
127 2213 191 2240 οὔτε
210 2210 330 2242 δυνατῶς
344 2207 417 2244 εἶχον
441 2206 595 2242 μεταθεῖναι
610 2204 658 2239 τὴν
676 2204 780 2238 οἴκησιν
791 2223 798 2235 ,
816 2202 862 2228 καὶ
878 2215 901 2243 ι)

74 2259 116 2286 ὅτι
133 2258 250 2285 πάντοτε
265 2256 354 2286 αὐτοῖς
368 2255 382 2280 ὁ
396 2253 508 2283 θάνατος
522 2252 567 2277 ἐπὶ
581 2252 613 2286 τῇ
630 2250 700 2284 ὁρμῇ
717 2249 805 2274 κεῖται
816 2247 862 2273 τοῦ

75 2306 183 2335 ὕδατος.
196 2302 342 2337 Γενόμενος
357 2300 446 2326 τοίνυν
462 2298 533 2324 κατὰ.
546 2297 591 2322 τὸν
604 2296 685 2322 τόπον
705 2294 800 2329 (οὐδεὶς
810 2293 863 2327 γὰρ

74 2351 153 2382 ὖκνος
165 2348 240 2384 αὐτῷ
252 2348 301 2384 τὴν
321 2346 389 2381 πρὸς
401 2345 432 2371 τὸ
444 2344 545 2378 ἀγαθὸν
560 2342 676 2376 σπουδὴν
695 2339 862 2373 διεκώλυεν)-

75 2398 137 2425 οῠτε
157 2397 303 2431 ὀχήματος,
326 2393 388 2420 οὔτε
414 2392 523 2422 ἵππων,
543 2388 605 2416 οὗτε
627 2387 705 2415 ἄλλου
724 2385 795 2416 τινὸς
809 2384 864 2410 τῶν

75 2430 214 2478 διαγαγεῖν
232 2440 312 2468 αὑτὸν
328 2437 484 2473 δυναμένων
511 2433 704 2471 προσδεηθεὶς,
728 2431 795 2458 ἀλλὰ
815 2430 864 2465 βα.-

76 2476 174 2525 κτηρίᾲ
198 2488 250 2515 τινὶ
267 2485 474 2522 στηριζόμενος,
496 2482 585 2508 πᾶσαν
608 2480 714 2514 διήνυσε
731 2478 779 2513 τὴν
794 2476 862 2506 ὁδὸν,

76 2539 123 2563 καὶ
144 2537 203 2571 ἅμα
221 2530 444 2570 προσφιλοσοφῶν
464 2531 519 2560 τοῖς
542 2529 591 2564 τῆς
616 2526 675 2554 ὁδοῦ
692 2524 864 2552 κοινωνοῦσιν

77 2582 150 2617 αὐτῷ
158 2568 279 2617 περὶτῆς
294 2577 463 2612 ὑψηλοτέρας
475 2574 594 2606 ἐλπίδος,
606 2573 635 2599 ὲν
648 2570 688 2603 οἷς
702 2571 744 2598 ἀεὶ
756 2568 865 2596 κατὰτὸ

77 2626 283 2663 προηγούμενον
296 2622 451 2657 διατρίϐων,
462 2619 497 2646 τὰ
510 2619 576 2646 ἄλλα
590 2618 716 2654 πάρεργα
735 2618 784 2651 τῆς
798 2624 860 2650 προ-

77 2660 221 2707 τιμοτέρας
233 2670 350 2696 ἐποιεῖτο
363 2667 481 2701 σπουδῆς
492 2675 498 2680 ·
517 2666 554 2696 ὡς
568 2663 614 2691 οὖν
630 2662 773 2697 ύπεδείχθη
790 2660 865 2695 παρά

77 2727 107 2744 τε
131 2718 186 2744 τῶν
219 2713 506 2751 προκαθηγησαμένων
529 2712 547 2747 ὴ
571 2710 618 2737 τοῦ
643 2709 751 2745 ῥείθρου
776 2717 865 2743 παρα-

78 2763 175 2799 τροπὴ,
189 2763 236 2790 καὶ
248 2761 314 2788 αὐτὸ
330 2760 360 2786 τὸ
375 2759 534 2794 φαινόμενον
546 2757 596 2792 τὴν
613 2755 755 2790 συμφορὰν
769 2754 863 2788 διεμή-

80 2819 151 2842 νυεν,
169 2809 210 2840 είς
224 2807 333 2843 βαθεῖαν
346 2803 564 2840 χαραδρωθὲντος
580 2802 626 2829 τοῦ
640 2801 720 2827 τόπου
734 2800 864 2835 φαράγγα

79 2854 121 2882 διὰ
127 2855 175 2891 τῆς
183 2853 238 2881 τῶν
248 2853 350 2880 ὑδάτων
358 2850 522 2886 ὲμπτώσεως
532 2858 538 2865 ·
548 2849 635 2876 ταῦτα
646 2857 711 2882 φησι
724 2847 790 2882 πρδς
802 2847 863 2877 τοὺς

877 1541 900 1572 ο

916 239 1053 274 apparuit,
1069 244 1152 273 atque
1164 245 1196 265 ea
1211 245 1273 272 quae
1285 237 1318 264 ad
1331 238 1458 272 exiguum
1473 241 1581 271 tempus
1594 237 1706 265 diducta

916 286 1018 317 Ποιναὶ,
1043 292 1142 311 rursus
1166 287 1310 311 contracta
1337 287 1419 317 atque
1442 283 1557 309 confusa
1582 287 1633 309 est.
1656 282 1707 310 llic

916 339 981 359 vero
996 330 1068 365 qttod
1086 330 1171 358 semel
1187 329 1337 361 acciderat,
1357 329 1439 356 sicuti
1457 328 1560 354 factum
1585 333 1652 358 erat.
1667 329 1705 356 ita

916 379 1028 408 mansit,
1047 378 1115 404 adeo
1141 381 1171 403 ut
1185 384 1218 403 ne
1239 376 1305 403 ﬁdes
1328 375 1439 409 quidem
1460 377 1602 410 miraculo,
1632 377 1705 411 quod

916 424 1006 451 sancti
1025 423 1099 450 illius
1116 430 1229 458 precum
1246 421 1365 448 eilicacia
1380 420 1482 448 editum
1499 426 1552 453 est,
1566 422 1705 449 diuturni-

914 473 972 496 tate
988 469 1120 503 temporis
1134 468 1261 503 abrogari
1279 468 1385 503 possit:
1401 467 1503 502 quippe
1519 467 1595 502 signa
1620 475 1705 502 appa—

916 515 1004 542 rentia
1023 522 1079 541 rent
1095 518 1200 548 gestant
1222 514 1248 540 in
1266 517 1429 548 perpetuum
1452 517 1599 540 testantur.
1617 514 1706 548 Atque

914 569 947 589 ea
962 569 1024 595 qua:
1039 561 1073 588 de
1090 562 1148 587 lacu
1163 560 1272 594 quidem
1288 563 1315 587 et
1329 559 1461 586 dicuntur
1473 563 1499 586 et
1510 559 1703 591 ostenduntur,

915 607 951 634 ita
973 614 1002 634 se
1020 606 1133 633 habent.
1149 606 1273 632 Alterura
1289 612 1354 632 vero
1375 605 1525 631 secundum
1555 605 1607 632 hoc
1624 605 1703 631 mira-

914 653 1006 681 culum
1022 652 1159 687 ejusmodi
1173 652 1208 679 ab
1222 659 1255 678 eo
1271 651 1375 678 factum
1394 654 1421 677 et
1439 650 1594 677 ostenditur
1608 656 1635 677 et
1649 658 1706 677 me-

914 703 1050 726 moratur.
1066 699 1160 726 Amnis
1173 697 1285 733 quidam
1297 705 1345 732 per
1357 697 1497 732 regionem
1512 697 1623 724 illorum
1635 697 1704 728 lluit,

916 745 977 780 ipso
993 744 1104 771 nomine
1123 743 1302 778 asperitatem
1322 747 1349 769 et
1367 743 1570 770 inclementiam
1585 742 1705 769 ﬂuminis

915 798 970 825 pra:
986 798 1015 817 se
1036 789 1141 821 ferens;
1157 789 1245 821 Λύκος
1258 789 1340 820 enim,
1358 789 1385 815 id
1402 792 1453 820 est,
1476 789 1566 822 lupus,
1584 795 1617 815 eo
1632 788 1705 822 quod

916 836 1015 863 noxius
1036 843 1097 863 esse
1117 835 1215 865 soleat,
1234 835 1268 861 ab
1284 834 1387 861 accolis
1407 834 1629 868 cognominatur.
1655 833 1705 860 Hic

915 882 1045 917 copiosus
1060 882 1171 916 quidem
1194 885 1221 908 et
1237 880 1385 907 vehemens
1412 880 1494 907 ctiam
1520 888 1553 908 ex
1581 880 1704 907 fontibus

913 928 1061 961 delabitur,
1080 927 1210 954 Armenia
1231 935 1280 961 per
1304 926 1497 961 impendentes
1522 931 1630 953 montes
1649 927 1704 953 lar-

913 981 976 1009 gum
1005 972 1030 1000 ei
1055 972 1155 999 ﬂumen
1182 971 1388 1006 suppeditante.
1418 970 1580 999 Profundus
1611 975 1706 999 autem

914 1018 1015 1052 ubique
1031 1022 1057 1044 et
1074 1018 1152 1044 alveo
1170 1017 1303 1051 depresso
1316 1017 1425 1050 rupium
1441 1023 1473 1043 ac
1488 1016 1703 1051 prtecipitiorum

914 1067 1115 1098 pra-ruptorum
1134 1069 1266 1089 saxorum
1285 1060 1394 1088 radices
1408 1061 1602 1093 subterﬂuens,
1619 1061 1704 1088 multo

914 1109 1000 1142 magis
1013 1106 1191 1141 voraginibus
1212 1105 1338 1132 hibernis
1353 1109 1548 1139 exasperatur,
1565 1113 1660 1132 omnes
1671 1113 1705 1133 ex

915 1154 1054 1180 montibus
1069 1151 1240 1179 confluentes
1258 1158 1344 1185 aquas
1359 1150 1385 1177 in
1401 1157 1431 1177 se
1444 1150 1593 1184 recipiens.
1609 1149 1661 1177 Sed
1676 1151 1705 1177 in

914 1198 1012 1233 supina
1029 1196 1186 1232 patentique
1199 1203 1231 1222 ac
1247 1196 1326 1230 plana
1345 1195 1458 1229 regione
1470 1214 1477 1226 ,
1493 1202 1542 1229 per
1559 1202 1640 1228 quam
1658 1202 1706 1221 ex-

914 1244 1011 1275 currit,
1029 1243 1094 1270 dum
1112 1241 1301 1276 crepidinibus
1319 1245 1345 1268 et
1361 1240 1481 1267 molibus
1504 1241 1588 1275 jactis
1613 1241 1705 1268 utrin-

914 1299 967 1326 que
981 1290 1139 1324 frequenter
1151 1291 1352 1321 coarctaretur,
1374 1287 1400 1314 in
1423 1291 1501 1322 parte
1521 1287 1639 1322 quadam
1658 1295 1706 1315 su-

915 1344 963 1371 per
989 1335 1064 1370 ripas
1089 1334 1301 1363 effundebatur,
1332 1339 1415 1359 omne
1439 1331 1592 1366 subjectum
1616 1332 1706 1359 solum

915 1382 997 1409 undis
1013 1389 1046 1408 ex
1060 1386 1219 1407 transverso
1232 1379 1388 1409 involvens,
1410 1378 1479 1404 adeo
1494 1381 1524 1404 ut
1541 1377 1638 1404 crebra
1656 1385 1705 1405 nec

914 1427 1092 1461 opinantibus
1117 1425 1221 1452 accolis
1257 1425 1308 1451 loci
1339 1423 1463 1458 pericula
1495 1422 1704 1456 inveherentur,

915 1478 997 1501 nocte
1017 1480 1089 1507 stepe
1104 1473 1278 1506 intempesta,
1293 1474 1340 1497 aut
1356 1470 1438 1496 etiam
1456 1469 1577 1496 interdiu
1594 1469 1705 1497 ﬂtrntine

916 1528 997 1554 agros
1014 1518 1172 1546 invadente.
1196 1516 1273 1543 Unde
1294 1523 1347 1542 non
1371 1515 1473 1549 plantae
1498 1515 1579 1542 modo
1608 1519 1635 1542 et
1660 1523 1700 1542 se-

916 1570 991 1600 getes
1012 1568 1039 1592 et
1058 1570 1158 1599 pecora
1174 1570 1309 1597 aquarum
1331 1561 1432 1595 impetu
1453 1561 1592 1596 peribant,
1607 1568 1705 1588 verum

915 1611 997 1638 etiam
1015 1609 1048 1637 ad
1068 1609 1143 1644 ipsos
1164 1608 1335 1635 habitatores
1349 1607 1501 1641 periculum
1517 1606 1703 1642 perveniebat,

915 1657 1017 1691 quippe
1042 1664 1076 1682 ex
1100 1654 1251 1689 improviso
1276 1653 1356 1687 aquis
1385 1652 1585 1680 inundantibus
1617 1651 1706 1680 veluti
1744 1663 1773 1685 κ,

916 1702 1061 1737 naufragio
1076 1701 1195 1736 quodam
1210 1700 1237 1726 in
1255 1698 1375 1734 propriis
1391 1698 1496 1725 aedibus
1510 1691 1720 1732 opprimeban-~

916 1754 971 1776 tur.
986 1749 1054 1775 Cum
1072 1747 1157 1782 igitur
1174 1745 1246 1772 fama
1271 1744 1468 1772 miraculorum
1487 1748 1549 1770 ante
1564 1751 1578 1769 a
1606 1750 1706 1778 magno

916 1795 970 1822 isto
985 1794 1045 1821 viro
1059 1793 1197 1821 editorum
1218 1799 1264 1826 per
1282 1791 1441 1818 universam
1460 1789 1598 1816 nationetn
1616 1789 1705 1816 incre-

916 1841 1022 1868 buisset
1043 1847 1075 1866 ac
1092 1839 1231 1873 divulgata
1252 1841 1344 1865 esset:
1363 1837 1410 1871 qni
1434 1837 1508 1863 illam
1524 1839 1628 1870 partem
1654 1834 1706 1861 ﬂu-

916 1886 998 1913 minis
1013 1885 1187 1914 aceolebaut,
1221 1883 1301 1917 \‘ulgo
1328 1882 1411 1909 domo
1439 1880 1554 1916 profecti
1583 1880 1705 1907 universi

915 1932 967 1960 viri
984 1931 1065 1958 simul
1086 1938 1148 1957 cum
1167 1929 1302 1956 uxoribus
1320 1932 1348 1955 et
1368 1927 1464 1955 liberis
1492 1925 1629 1961 supplices
1645 1933 1705 1952 ma-

916 1985 969 2013 gno
983 1978 1021 2005 illi
1038 1978 1098 2004 viro
1113 1977 1193 2007 tiuut,
1222 1979 1350 2010 rogantes
1375 1979 1405 2001 ut
1422 1973 1532 2008 aliquod
1549 1974 1589 2000 eis
1608 1981 1640 1999 ex
1661 1973 1705 1998 in-

916 2028 1027 2060 sperato
1043 2024 1179 2050 malortttu
1194 2022 1344 2049 remedium
1363 2024 1499 2056 quaereret
1516 2023 1542 2047 et
1561 2019 1704 2052 excogita-

916 2075 968 2098 ret.
990 2069 1088 2098 Omnia
1112 2070 1184 2096 enim
1208 2069 1234 2095 in
1255 2076 1288 2095 eo
1314 2067 1397 2093 Deum
1423 2073 1513 2100 posse,
1532 2071 1708 2099 qmecunque

916 2115 1134 2151 cogitationibus
1167 2120 1250 2148 atqtte
1269 2112 1424 2139 rationibus
1459 2109 1585 2137 humanis
1603 2108 1706 2136 conﬁci.

915 2167 942 2190 et
961 2161 1091 2196 explicari
1114 2162 1306 2194 nonpossent.
1331 2157 1405 2184 Nihil
1422 2157 1495 2184 enim
1514 2156 1549 2182 ab
1566 2162 1627 2182 sese
1656 2161 1705 2181 eo-

915 2216 976 2236 rum
994 2215 1055 2243 qua
1070 2206 1208 2241 pertinent
1225 2205 1258 2232 ad
1275 2203 1420 2231 consilium
1438 2206 1464 2229 et
1477 2203 1551 2229 vires
1568 2201 1707 2227 humanas

916 2254 1130 2290 praetermissum
1145 2260 1218 2284 esse,
1236 2258 1368 2279 saxorum
1384 2249 1502 2276 molibus
1517 2252 1543 2274 et
1555 2247 1707 2282 aggeribus

916 2299 1091 2333 objiciendis.
1115 2300 1143 2324 et
1165 2297 1188 2324 si
1206 2295 1272 2331 quid
1302 2294 1376 2321 aliud
1409 2294 1541 2319 adversus
1565 2291 1702 2326 ejusmodi

916 2346 987 2373 mala
1002 2343 1152 2378 excogitari
1165 2343 1245 2375 solet,
1261 2342 1351 2369 omnia
1371 2344 1498 2375 expertos
1521 2347 1592 2369 esse,
1611 2342 1635 2364 et
1655 2338 1704 2363 ad-

916 2399 1012 2418 versus
1034 2390 1166 2424 impetutn
1189 2388 1252 2415 ntali
1277 2388 1405 2414 resistere
1425 2394 1478 2412 non
1504 2385 1638 2419 potuisse.
1665 2384 1703 2409 Ac

915 2445 969 2472 quo
982 2438 1100 2463 maxime
1117 2436 1149 2462 ad
1170 2434 1389 2462 misericordiam
1406 2432 1440 2458 ah
1460 2432 1494 2458 iis
1508 2430 1703 2461 adduceretur,

917 2483 1061 2512 rogabant.
1076 2486 1105 2507 ut
1124 2481 1182 2515 ipse
1199 2481 1339 2514 inspector
1356 2477 1522 2503 calamitatis
1539 2483 1600 2503 esse
1621 2476 1704 2501 vellet

916 2532 998 2562 atque
1015 2534 1196 2561 cognoscere,
1214 2524 1288 2560 quod
1310 2525 1367 2550 lteri
1389 2531 1443 2550 nou
1465 2526 1557 2556 posset
1582 2525 1610 2546 ut
1626 2520 1703 2546 imbi—

916 2576 1048 2601 tationem
1075 2572 1281 2604 transferrent,
1313 2571 1443 2605 quodque
1470 2568 1546 2595 omni
1581 2573 1704 2600 tempore

916 2628 992 2647 mors
1007 2620 1048 2646 eis
1065 2618 1099 2644 ab
1114 2618 1216 2651 impetu
1237 2616 1359 2643 (luminis
1374 2614 1539 2641 immineret.
1558 2612 1625 2639 Cum
1652 2611 1703 2645 igi-

916 2671 960 2692 tur
972 2665 1005 2692 ad
1022 2665 1112 2691 locum
1135 2663 1256 2690 vertisset
1281 2661 1376 2696 (nulla
1394 2660 1466 2686 enim
1486 2658 1510 2685 ei
1534 2656 1643 2692 pigritia
1659 2659 1702 2682 at-

916 2719 968 2746 que
991 2710 1096 2737 desidia
1121 2709 1155 2735 ad
1180 2708 1299 2735 studium
1315 2706 1377 2733 boui
1396 2704 1592 2738 impedimento
1609 2701 1701 2735 erat),

916 2765 1004 2792 neque
1025 2757 1150 2783 vehiculo
1166 2759 1308 2789 praeterea,
1323 2760 1372 2779 nec
1392 2750 1481 2785 cquis.
1497 2757 1585 2784 neth
1604 2747 1656 2774 alia
1673 2754 1704 2774 ro

915 2802 1054 2837 quapiam,
1070 2808 1124 2835 qua
1143 2797 1327 2834 (commode)
1350 2795 1489 2823 transvchi
1512 2797 1614 2829 posset,
1634 2798 1703 2819 usus

914 2853 1007 2878 οςςιχι,
1035 2847 1081 2874 sed
1109 2846 1206 2873 baculo
1229 2844 1346 2879 qttodam
1374 2841 1511 2869 innitens.
1541 2844 1627 2867 totum
1647 2838 1698 2865 iter
