1917 3079
67 133 135 163 933

578 135 620 162 DE
639 136 718 164 VITA
741 137 770 164 ὃ.
791 137 956 166 GREGORII
973 137 1236 167 THAUMATURGI.

1659 138 1711 165 934

68 191 220 226 ῥεύματος
243 192 369 223 διαϐατὸς
396 192 410 217 ὁ
437 192 572 227 Ἰορδάνης
594 193 716 227 ἐγένετο,
749 193 875 220 τοσοῦτον

930 194 1023 222 horum
1037 195 1243 230 prophetarum,
1259 202 1318 222 cum
1334 202 1385 223 usu
1398 199 1528 229 posccnle
1544 202 1613 230 aqua
1625 195 1713 222 scissa

67 236 202 272 διασχὼν
218 237 246 264 ἐν
271 237 360 272 ἐαυτῷ
374 237 403 263 τὸ
421 237 538 272 ῥεῖθρον,
553 238 613 264 ὅσον
628 239 683 270 τοῖς
706 239 769 265 ποσὶ
784 247 873 274 παρα-

70 283 158 317 σχεῖν
172 282 226 308 τῶν
256 283 403 318 προφητῶν
420 282 463 309 διὰ
484 282 565 318 ξηροῦ
578 284 624 310 τοῦ
638 283 772 319 πυθμένος
792 285 874 310 ἐνδιο-

66 328 186 361 δεῦσαι,
200 330 239 365 τῷ
255 330 282 356 δέ
296 330 394 364 ἐφεξῆς
407 330 495 366 χρόνῳ
510 331 556 357 καὶ
574 331 628 362 τοῖς
641 331 744 361 λοιποῖς
759 331 813 357 τῶν
827 331 873 357 ἁν-

70 374 200 409 Ορώπων
225 375 343 407 τοιοῦτος
366 374 418 411 ἦν,
441 374 496 408 οἷος
514 377 561 402 καὶ
585 376 701 408 πρόσθεν
722 375 766 412 ἦν.
785 377 873 408 Λύκος

70 419 186 452 ἐκεῖνος
204 420 277 453 ἅπαξ
294 421 430 453 ἀπωσθεὶς
446 422 495 456 τῆς
520 421 637 448 ἀτάκτου
663 423 758 457 φορᾶς,
782 423 822 453 εἰς
844 422 873 449 τὸ

71 463 126 489 ἀεὶ
140 464 171 490 τὸ
185 465 279 500 θαῦμα
299 465 345 491 τοῦ
361 465 508 501 Γρηγορίου
526 467 608 497 ποιεῖ,
628 467 709 493 παντὶ
725 466 764 502 τῷ
775 466 872 502 ἐφεξῆς

71 511 172 546 χρόνῳ
185 512 304 542 τοιοῦτος
320 512 418 546 μένων,
439 509 494 538 οἷον
510 513 590 539 αὑτὸν
603 514 619 548 ἡ
633 513 679 539 τοῦ
700 513 818 548 μεγάλου
830 513 873 539 πί-

69 552 143 587 ﬁt;
165 557 193 582 ἐν
215 557 254 592 τῷ
273 557 361 593 καιρῷ
375 558 424 592 τῆς
439 559 659 594 θαυματουργίας
683 559 822 594 ἐποίησεν.
843 559 872 585 Ὀ

75 602 186 634 σκοπὸς
205 603 232 628 δὲ
255 603 308 629 τῶν
333 603 483 638 γινομένων
503 604 564 639 οὐχὶ
580 606 596 639 ἠ
617 604 671 630 τῶν
688 604 812 639 ὁρώντων
826 604 872 630 ἕκ-

74 649 182 684 πληξις
203 647 236 684 ἦν
250 670 257 682 ,
278 649 364 685 ἀλλ’-ἡ
387 650 440 676 τῶν
456 650 672 686 προσοικούντων
696 650 735 686 τῷ
759 650 873 686 ποταμῷ

77 695 216 730 σωτηρία.
244 695 325 721 Ὥστε
346 695 394 721 τοῦ
409 695 548 730 θαύματος
559 696 590 721 τὸ
603 697 659 722 ἴσον
675 695 781 730 ἔχοντος
797 695 873 731 (ὑπο-

76 743 170 776 χωρεῖ
187 741 241 776 γὰρ
267 741 313 767 καὶ
338 743 393 772 τοῖς
411 742 564 777 προφήταις
580 742 626 768 καὶ
639 741 677 777 τῷ
695 743 800 777 μιμητῇ
820 741 873 768 τῶν

77 787 234 822 προφητῶν
253 787 324 813 κατὰ
338 787 368 813 τὸ
387 787 442 814 ἴσον
456 788 472 823 ἠ
490 787 537 814 τοῦ
559 787 654 819 ὕδατος
671 787 771 822 φύσις),
784 789 807 813 εἰ
821 787 873 823 χρὴ

81 834 156 868 μετὰ
172 833 327 869 παρρησίας
344 834 441 865 εἰπεῖν,
461 834 617 860 πλεονεκτεῖ
631 833 670 868 τῷ
691 833 872 868 φιλανθρώπῳ

925 246 1016 273 esset,
1040 241 1156 273 accidit,
1179 246 1208 268 ut
1227 241 1278 276 ipsi
1301 241 1351 269 soli
1379 243 1517 276 propheta:
1542 251 1589 276 per
1611 242 1713 269 ﬂumen

924 285 1053 313 Jordanis
1072 286 1190 313 transire
1206 290 1338 320 possent,
1362 294 1425 313 cum
1447 286 1542 313 tandiu
1560 287 1649 315 amnis
1668 287 1713 314 ille

926 332 954 358 in
972 339 1032 360 sese
1050 331 1152 359 ﬂumen
1167 332 1329 365 diduxissct,
1352 332 1415 359 dum
1434 333 1517 359 siccis
1537 332 1651 367 pedibus
1666 341 1714 368 per

927 378 1035 405 aridum
1063 378 1169 405 alveum
1203 377 1341 412 propheta:
1366 378 1525 404 transirent.
1556 377 1713 414 Insequenti

924 433 989 453 vero
1005 430 1126 460 tempore
1141 424 1254 459 reliquis
1276 432 1384 459 quoque
1401 424 1556 452 hominibus
1568 425 1630 452 talis
1641 429 1712 456 erat,

914 472 1013 506 tqualis
1029 471 1110 499 etiam
1123 476 1184 497 ante
1202 470 1347 497 transitum
1363 470 1472 497 illorum
1491 479 1497 496 :
1515 469 1604 504 Lycus
1620 473 1711 496 autem

924 517 969 545 ille
984 517 1068 544 seruet
1091 517 1126 543 ab
1142 516 1271 543 insolenti
1292 519 1375 550 atque
1396 515 1553 542 inordinato
1568 523 1652 542 cursu
1671 522 1714 541 rc-

924 563 1031 598 pulsus,
1054 570 1152 590 recens
1174 562 1201 588 in
1220 566 1381 597 perpetuum
1404 561 1528 596 Gregorii
1549 561 1713 587 miraculum

925 608 1001 640 facit,
1022 608 1097 635 omni
1114 611 1264 634 consecnto
1284 611 1407 642 tempore
1425 607 1487 633 talis
1502 614 1626 639 manens,
1643 614 1713 640 qua-

923 653 976 679 lem
991 660 1052 679 eum
1066 653 1156 687 magni
1168 653 1242 679 illius
1257 651 1335 684 ﬁdes,
1350 659 1404 686 quo
1418 656 1537 686 tempore
1551 651 1713 677 miraculum

924 698 1076 730 edebatur,
1106 698 1207 726 eﬂ‘ccit.
1232 697 1299 724 Nam
1323 698 1494 733 propositum
1527 697 1566 724 rei
1589 696 1714 731 gerenda:

924 751 978 770 non
1003 750 1036 770 eo
1053 744 1205 778 spectabat,
1221 748 1250 770 ut
1265 744 1311 778 qui
1328 743 1453 770 viderent
1473 743 1712 777 obstupescercnt,

925 789 971 816 sed
985 793 1013 816 ut
1025 789 1125 816 accolae
1138 788 1259 816 ﬂuminis
1276 794 1461 816 servarentur.
1480 788 1574 822 Itaque
1585 795 1646 814 cum
1665 795 1715 821 par

926 836 961 862 sit
975 835 1138 862 miraculum
1158 835 1248 870 (cedit
1273 835 1344 862 enim
1365 842 1397 862 ex
1415 842 1494 869 aequo
1514 838 1611 861 natura
1636 841 1714 868 aqua:

77 879 114 905 τὸ
131 879 207 914 παρὰ
219 878 313 906 τούτου
327 879 486 914 γενόμενον,
499 879 532 905 δι’
547 877 576 906 οὗ
589 878 643 905 τῶν
657 879 872 914 προσοικούντων

930 885 982 908 tam
1001 882 1153 916 prophetis.
1172 889 1252 916 quam
1276 881 1408 908 imitatori
1433 880 1662 915 prophetarum),
1689 879 1713 906 si

78 923 99 956 ἡ
125 923 247 957 σωτηρία
270 923 489 958 κατησφαλίσθη,
515 923 561 950 τοῦ
588 922 684 955 ὕδατος
711 923 872 958 πεδηθέντος

78 967 160 1000 ἅπαξ
173 969 231 994 κατ’
251 969 339 995 ἐκεῖνο
358 968 404 995 τοῦ
430 968 575 1004 ῥεύματος,
597 969 644 996 καὶ
656 970 783 1004 ἀκινήτου
806 968 872 1004 πρὸς

77 1013 113 1039 τὸ
126 1013 224 1048 ἐφεξῆς
238 1013 420 1048 διαμένοντος.
434 1013 553 1049 Ἐπειδὴ,
568 1013 704 1047 πανταχοῦ
721 1013 770 1047 τῆς
782 1012 873 1049 χώρας

78 1059 138 1085 τῶν
156 1058 284 1085 τοιούτων
307 1058 454 1094 θαυμάτων
475 1058 690 1093 διαφοιτώντων,
711 1060 744 1093 τῇ
760 1058 873 1093 δυνάμει

77 1107 134 1140 τῆς
144 1106 184 1137 εἰς
200 1104 317 1140 Χριστὸν
333 1105 448 1136 πίστεως
460 1105 627 1140 ἐνεργεῖσθαι
640 1104 872 1139 πεπιστευμένων,

79 1151 132 1177 καὶ
149 1151 248 1183 πάντες
264 1151 385 1186 μετέχειν
400 1151 552 1186 ἐπεθύμουν
571 1150 677 1185 ἐκείνης
693 1151 741 1185 τῆς
759 1149 874 1180 πίστεως

80 1196 136 1230 τῆς
161 1197 212 1222 ὑπὸ
233 1196 287 1223 τῶν
308 1196 436 1223 τοιούτων
463 1196 689 1232 μαρτυρουμένης
715 1195 873 1230 θαυμάτων,

82 1243 133 1268 καὶ
145 1242 280 1277 πανταχοῦ
300 1242 396 1278 προῄει
410 1242 439 1269 τὸ
453 1243 593 1278 κήρυγμα,
610 1242 656 1268 καὶ
672 1241 782 1275 ἐνεργὸν
796 1239 829 1276 ἦν
843 1240 873 1266 τὸ

82 1289 237 1323 μυστήριον
257 1288 304 1314 καὶ
318 1289 334 1323 ἡ
349 1288 449 1323 σπουδὴ
468 1288 536 1322 πρὸς
551 1288 581 1314 τὸ
596 1287 697 1321 ἀγαθὸν
712 1286 874 1319 ἐπετείνετο,

80 1333 135 1368 τῆς
154 1333 303 1368 ἱερωσύνης
320 1333 395 1368 παρὰ
413 1333 481 1359 πᾶσι
502 1331 716 1367 καθισταμένης,
733 1331 769 1362 ὠς
785 1330 817 1357 ἂν
832 1329 875 1356 διὰ

82 1379 198 1405 πάντων
212 1380 228 1414 ἡ
244 1379 334 1410 πίστις
347 1378 488 1410 πλεονάζοι
504 1379 550 1405 καὶ
565 1377 686 1411 αὔξοιτο·
709 1377 812 1411 γίνεται
829 1374 875 1402 οὖν

82 1424 220 1460 πρεσϐεία
235 1425 300 1460 πρὸς
324 1425 405 1451 αὐτὸν
421 1425 452 1451 ἐκ
470 1424 572 1455 πόλεώς
593 1433 664 1455 τινος
677 1423 874 1457 ἀστυγείτονος,

82 1471 174 1497 ἐλθεῖν
191 1471 258 1507 πρὸς
274 1472 381 1503 αὐτοὺς,
399 1473 446 1498 καὶ
467 1472 516 1507 τὴν
541 1473 604 1507 παρ’
621 1472 712 1503 αὐτοῖς
730 1470 875 1505 ἐκκλησίαν

81 1517 130 1545 διὰ
143 1518 191 1553 τῆς
204 1518 352 1553 ἱερωσύνης
364 1519 559 1553 συστήσασθαι.
582 1518 704 1553 Κώμανα
715 1518 742 1544 δὲ
755 1519 787 1552 τῇ
801 1517 875 1543 πόλει

926 928 1042 963 ingenue
1057 928 1148 956 dicere
1161 927 1205 960 (id
1222 927 1294 962 quod
1311 935 1354 954 res
1370 926 1429 961 est)
1446 929 1570 960 oportet:
1585 926 1673 960 major
1686 925 1713 951 in

926 974 1016 1007 hujus,
1036 981 1117 1008 quam
1139 974 1165 1000 in
1185 973 1292 1000 illorum
1315 972 1388 999 facto
1412 972 1570 998 humanitas
1588 975 1641 1002 est,
1665 978 1714 1004 per

925 1019 998 1054 quod
1016 1020 1091 1046 salus
1107 1019 1208 1046 accolis
1220 1019 1246 1045 in
1266 1022 1326 1045 tuto
1344 1019 1476 1045 collocata
1491 1021 1542 1049 est.
1566 1025 1628 1044 cum
1643 1024 1714 1051 aqua

925 1065 999 1091 circa
1024 1064 1097 1091 illam
1121 1068 1224 1099 partem
1248 1063 1368 1090 ﬂuminis
1388 1064 1471 1090 semel
1493 1063 1612 1090 coercita
1632 1067 1715 1096 atque

925 1116 1051 1143 repressa
1073 1108 1155 1136 etiam
1174 1108 1200 1135 in
1227 1113 1365 1142 posterqu
1390 1110 1570 1142 permanserit
1588 1108 1712 1133 immota.

926 1154 1105 1188 Posteaquam
1133 1157 1225 1180 autem
1252 1153 1386 1188 ejusmodi
1416 1153 1628 1184 miraculorum,
1652 1161 1715 1187 qua:

926 1200 1027 1228 virtute
1043 1199 1104 1227 ﬁdei
1119 1200 1145 1227 in
1162 1200 1300 1227 Christum
1320 1199 1378 1226 ﬁeri
1390 1199 1582 1230 credebantur,
1597 1199 1668 1225 fama
1687 1199 1715 1225 in

926 1254 1021 1273 omnes
1047 1249 1142 1281 partes
1170 1246 1294 1281 regionis
1320 1245 1496 1276 dimanante,
1523 1253 1620 1272 omnes
1642 1245 1716 1271 illitis

927 1293 1001 1324 ﬁdei,
1016 1300 1076 1327 quae
1093 1293 1188 1319 talium
1207 1292 1404 1319 miraculorum
1418 1291 1575 1318 testimonio
1590 1299 1717 1325 compro-

927 1339 1051 1368 baretur,
1074 1338 1220 1373 participes
1236 1345 1298 1365 esse
1311 1337 1468 1372 cupiebant,
1487 1341 1514 1364 ct
1531 1337 1631 1371 ubique
1646 1344 1716 1371 pne—

927 1385 1030 1413 dicatio
1052 1384 1228 1419 procedebat,
1249 1384 1411 1419 mysterium
1429 1383 1584 1417 (strenue)
1601 1390 1716 1410 exerce-

927 1430 1026 1461 hatur,
1049 1429 1171 1457 sttldium
1197 1429 1261 1456 boni
1288 1428 1502 1455 intendebatur:
1520 1427 1621 1462 quippe
1645 1428 1716 1462 apud

928 1483 1023 1503 omnes
1042 1475 1226 1502 sacerdotium
1252 1474 1490 1506 constituebatur,
1507 1478 1536 1501 ut
1552 1481 1600 1508 per
1621 1473 1718 1501 omnia

930 1521 996 1548 ﬁdes
1018 1524 1155 1547 cresceret
1175 1523 1202 1547 et
1225 1523 1393 1553 augeretur:
1411 1519 1514 1546 idcirco
1547 1527 1580 1546 ex
1601 1519 1718 1546 ﬁnitima

81 1563 215 1599 τοῦνομα,
266 1564 462 1599 ἐπιξενωθῆναι
476 1564 521 1591 τὸν
534 1565 620 1600 μέγαν
634 1564 726 1599 ἠξίουν
743 1563 877 1598 πανδημεὶ

931 1566 1048 1601 quadam
1062 1567 1174 1593 civitate
1187 1566 1304 1592 mittitur
1317 1565 1349 1592 ad
1363 1573 1426 1593 eum
1445 1566 1554 1600 legatio,
1572 1571 1601 1592 ut
1613 1566 1719 1593 veniret

87 1609 193 1642 πάντες
211 1611 260 1646 τὴν
273 1610 354 1645 χάριν
366 1611 530 1646 αἰτούμενοι.

933 1611 965 1638 ad
984 1611 1069 1646 ipsos,
1081 1617 1108 1638 ct
1126 1611 1288 1642 Ecclesium,
1301 1618 1362 1646 qum
1379 1615 1452 1638 esset
1467 1611 1538 1644 apud
1553 1618 1611 1643 eos,
1628 1619 1719 1638 sacer-

84 1661 152 1685 dote
169 1657 314 1693 designato
334 1660 525 1686 constitueret.
547 1658 668 1685 Comana
688 1662 778 1685 autent
803 1658 908 1685 civitati
927 1667 1026 1686 nomen
1061 1663 1119 1686 erat
1137 1667 1144 1685 :
1180 1658 1310 1694 cujus_ut
1343 1659 1443 1694 hospes
1476 1666 1592 1693 magnus
1611 1658 1662 1686 iste
1678 1659 1720 1686 vir

85 1714 152 1734 esse
172 1706 272 1737 vellet,
294 1706 375 1741 vulgo
401 1714 497 1733 omnes
525 1706 597 1733 hanc
616 1707 721 1732 veniam
747 1706 798 1733 sibi
818 1706 878 1732 dari
899 1711 1022 1741 petentes
1038 1706 1163 1734 orabant.

126 1752 272 1786 Γενόμενος
295 1752 382 1778 τοίνυν
412 1752 477 1787 παρ’
503 1752 594 1784 αὐτοῖς
615 1752 662 1778 καὶ
695 1751 882 1786 συνδιαγαγὼν

85 1798 199 1833 ἡμέρας
215 1797 300 1829 τινὰς,
317 1797 364 1823 καὶ
382 1797 480 1832 μᾶλλον
492 1797 582 1828 αὐτοῖς
595 1796 642 1831 τὴν
656 1796 718 1831 περὶ
734 1796 764 1822 τὸ
782 1797 883 1832 μυστή-

87 1853 149 1879 ριον
169 1843 315 1878 ἐπιθυμίαν
331 1843 433 1878 ἐξάψας
451 1841 492 1874 οἷς
509 1843 595 1870 ἐποίει
607 1851 636 1869 τε
653 1843 699 1869 καὶ
717 1843 881 1877 ἐφθέγγετο·

86 1889 184 1924 ἐπειδὴ
198 1889 292 1925 καιρὸς
304 1887 337 1925 ἦν
353 1889 399 1916 xui.
413 1890 463 1924 τὴν
478 1889 626 1925 πρεσϐείαν
642 1889 730 1916 αὐτῶν
742 1890 781 1920 εἰς
797 1889 882 1924 πέρας

87 1933 188 1962 ἐλθεῖν.
201 1934 247 1960 καὶ
260 1934 451 1969 ἀναδειχθῆναι
462 1943 522 1960 τινα
535 1934 583 1969 τῆς
593 1935 658 1970 παρ’
670 1933 879 1968 αὐτοῖςἙκκλη-

89 1978 154 2010 σίας
164 1979 294 2014 ἀρχιερέα
305 1987 311 1993 ·
325 1978 384 2004 τότε
398 1979 452 2004 τῶν
465 1979 513 2014 μὲν
525 1979 553 2005 ἐν
563 1978 634 2005 τέλει
649 1979 758 2005 πάντων
772 1979 798 2005 ul
810 1977 880 2012 γνῶ-

91 2025 212 2059 μαιτοὺς
225 2024 351 2059 προέχειν
363 2024 508 2056 δοκοῦντας
517 2025 588 2059 λόγῳ
598 2033 627 2051 τε
639 2025 687 2051 καὶ
700 2025 783 2058 γένει,
791 2024 836 2051 καὶ
846 2025 878 2059 τῇ

90 2070 173 2104 λοιπῇ
188 2071 350 2105 περιφανείᾳ
361 2070 591 2106 περιειργάζοντο.
604 2071 698 2106 ᾬοντο
710 2070 773 2104 γὰρ,
787 2069 879 2104 ἐπειδὴ

91 2115 239 2142 καὶταῦτα
251 2116 315 2151 περὶ
326 2116 372 2142 τὸν
389 2115 474 2150 μέγαν
484 2115 631 2151 Γρηγόριον
642 2114 686 2151 ἦν,
700 2116 766 2150 μηδέ
778 2115 880 2142 τούτων

90 2162 148 2188 δεῖν
166 2161 279 2197 ἄμοιρον
295 2159 381 2195 εἶναι,
398 2163 442 2188 τὸν
465 2163 511 2188 ἐπὶ
531 2162 580 2197 τὴν
597 2162 676 2197 χάριν
690 2162 791 2196 ταύτην
805 2161 881 2196 ἐρχό-

968 1753 1036 1780 (lum
1060 1753 1181 1780 venisset
1205 1760 1270 1786 ergo
1286 1752 1319 1780 ad
1335 1760 1400 1785 eos,
1423 1756 1450 1779 et
1473 1752 1577 1787 aliquot
1591 1752 1651 1780 dies
1666 1760 1719 1780 una

932 1801 1112 1826 conversatus
1130 1801 1186 1824 tum
1205 1797 1304 1830 dictis,
1321 1801 1378 1824 tum
1396 1797 1477 1824 factis
1492 1798 1549 1824 suis
1566 1797 1654 1832 magis
1672 1804 1720 1825 eo-

932 1853 992 1872 rum
1008 1845 1128 1872 studium
1139 1853 1203 1879 erga
1218 1845 1376 1880 mysterium
1393 1844 1572 1877 incendisset,
1587 1852 1651 1872 cum
1663 1844 1719 1879 jam

932 1895 1040 1925 tempus
1063 1894 1137 1918 esset
1164 1890 1248 1917 etiam
1277 1889 1302 1916 id
1332 1889 1489 1924 negotium,
1517 1893 1628 1924 propter
1645 1889 1720 1924 quod

934 1936 1013 1971 legati
1036 1935 1069 1962 ad
1089 1943 1151 1963 eum
1175 1935 1252 1962 missi
1274 1939 1364 1967 erant,
1385 1935 1418 1962 ad
1433 1935 1537 1962 exitum
1555 1934 1719 1966 deducendi,

932 1989 964 2008 ac
980 1981 1144 2016 designandi
1162 1980 1280 2014 aliquem
1303 1987 1397 2007 eorum
1415 1979 1543 2007 Ecclesiae
1559 1980 1720 2014 primarium

932 2028 1102 2054 sacerdotem
1123 2033 1128 2052 :
1148 2030 1213 2052 tunc
1231 2025 1385 2060 principtun
1406 2025 1518 2060 quidem
1536 2029 1563 2052 et
1576 2026 1721 2060 magistra-

933 2078 1008 2100 tuum
1023 2072 1144 2100 civilatis
1162 2072 1285 2099 omnium
1304 2072 1445 2099 sententia:
1465 2072 1492 2099 in
1509 2072 1560 2099 hoc
1582 2078 1721 2107 occupant:

933 2123 1021 2151 eranl,
1039 2123 1068 2145 ut
1087 2117 1168 2145 anxie
1189 2123 1271 2152 atque
1287 2118 1397 2145 curiose
1416 2117 1589 2152 inquirerent
1604 2125 1635 2145 ac
1652 2118 1722 2145 scis-

934 2165 1096 2196 citarentur,
1114 2163 1160 2198 qui
1175 2163 1343 2198 eloquentia,
1357 2163 1403 2198 qui
1424 2171 1535 2198 genere.
1558 2164 1722 2198 reliquoque

94 2216 187 2242 μενον.
204 2208 326 2243 [Ιολλαχῆ
339 2208 367 2234 δὲ
379 2210 439 2240 ταῖς
453 2208 553 2243 ψήφοις
568 2208 764 2244 μεριζομένων,
781 2208 827 2235 καὶ
842 2207 879 2235 ἄλ·

936 2210 998 2237 vitae
1013 2209 1161 2245 splendore
1178 2214 1294 2236 caeteros
1307 2209 1459 2243 praecedere
1475 2209 1623 2237 videretur.
1639 2209 1723 2236 Puta-

93 2255 148 2280 λων
163 2254 242 2280 ἄλλον
256 2255 489 2290 προαιρουμένων,
506 2255 636 2288 ἀνέμενεν
657 2256 671 2281 ὁ
693 2255 778 2289 μέγας
791 2253 883 2280 θεόθεν

93 2299 171 2334 αὐτῷ
188 2300 313 2333 γενέσθαι
323 2301 384 2326 τινὰ
398 2301 465 2335 πρὸς
482 2300 513 2326 τὸ
528 2301 706 2335 προκείμενον
718 2299 881 2334 συμϐουλήν.

93 2346 151 2372 Καὶ
158 2345 250 2377 καθὼς
257 2347 270 2372 ὁ
279 2346 404 2381 Σαμουὴλ
412 2345 620 2381 μνημονεύεται,
632 2346 668 2380 μὴ
676 2345 883 2380 καταπλαγῆναι

95 2393 194 2424 κάλλος
213 2394 346 2428 σωμάτων
365 2393 413 2419 καὶ
434 2393 546 2427 μέγεθος
569 2393 596 2419 ἐν
618 2394 649 2428 τῇ
672 2393 722 2426 τῆς
748 2392 884 2427 βασιλείας

93 2440 196 2475 κρίσει,
211 2439 278 2465 ἀλλὰ
291 2439 378 2474 ψυχὴν
387 2438 524 2473 ἐπιζητεῖν
535 2438 684 2473 βασιλικὴν,
695 2439 745 2465 κᾶν
762 2439 790 2464 ἐν
802 2447 885 2464 κατα-

95 2485 273 2520 φρονουμένῳ
290 2484 394 2519 σώματι
407 2484 492 2519 τύχῃ·
516 2484 561 2510 τὸν
585 2484 664 2510 αὐτὸν
679 2484 778 2518 τρόπον
791 2484 884 2510 κάκεῖ-

95 2541 155 2562 νος,
185 2532 234 2562 τὰς
258 2530 321 2566 περὶ
344 2530 460 2556 ἑκάστου
479 2528 533 2555 τῶν
555 2528 746 2564 ἐψηφισμένων
769 2530 886 2561 σπουδὰς

96 2576 300 2611 παραϐλέπων,
326 2575 392 2611 πρὸς
410 2575 438 2601 ἒν
463 2574 576 2609 ἀφεώρα
599 2574 695 2610 μόνον,
725 2575 750 2601 εἴ
771 2583 812 2606 τις
839 2575 886 2601 καὶ

97 2624 152 2657 πρὸ
166 2622 216 2656 τῆς
230 2621 423 2655 ἁνακηρύξεως
434 2640 441 2652 ,
466 2620 499 2646 δι’
516 2620 674 2655 ἐπιμελείας
689 2620 745 2655 βίου
760 2621 806 2646 καὶ
823 2621 886 2656 ἀρε-

96 2669 158 2703 τῆς.
170 2669 199 2694 ὲν
215 2667 255 2701 τῷ
265 2668 357 2702 τρόπῳ
371 2667 418 2701 τὴν
435 2666 583 2702 ἱερωσύνην
595 2667 682 2701 φέροι.
704 2667 747 2698 Ὡς
758 2667 784 2693 δὲ
796 2666 820 2692 οἰ
838 2667 886 2701 μὲν

97 2714 224 2749 παρῆγον
241 2713 303 2743 τοὺς
318 2712 556 2748 ὺπεῲηφισμένους
580 2713 636 2746 μετ’
653 2712 809 2747 ἐγκωμίων,
820 2712 886 2738 hu-

99 2769 161 2792 στος
176 2760 222 2786 τὸν
239 2760 305 2794 παρ’
328 2759 410 2785 αὐτοῦ
431 2758 662 2793 προϐαλλόμενος,
688 2759 701 2784 ὁ
715 2759 741 2784 δὲ
756 2759 801 2784 καὶ
819 2757 887 2793 πρὸς

99 2807 162 2836 τοὺς
177 2804 384 2838 εὐτελεστέρους
399 2802 469 2829 κατὰ
486 2802 572 2828 τὸτοῦ
591 2802 648 2836 βίου
665 2802 758 2836 σχῆμα
779 2801 887 2836 βλέπειν

99 2850 243 2877 ἐκελεύετο
266 2848 390 2883 (δυνατὸν
415 2846 469 2881 γὰρ
483 2844 551 2872 εἶναι
574 2847 620 2872 καὶ
636 2848 664 2872 ἐν
686 2847 740 2877 τοῖς
758 2847 886 2876 τοιούτοις

935 2255 1000 2282 bant
1019 2254 1104 2284 enim.
1123 2254 1251 2288 quoniam
1270 2254 1352 2281 etiam
1367 2254 1409 2280 bis
1429 2254 1506 2281 bonis
1521 2261 1636 2288 magnus
1654 2254 1722 2281 Gre-

934 2301 1029 2335 gorius
1051 2299 1208 2326 cumulatus
1231 2303 1304 2331 erat,
1326 2306 1377 2326 nec
1390 2306 1486 2326 earum
1506 2299 1616 2334 quidem
1629 2307 1722 2327 rerum

935 2348 1063 2380 oportere
1078 2349 1216 2378 expertem
1234 2351 1306 2375 esse,
1324 2343 1370 2378 qui
1384 2343 1417 2370 ad
1436 2343 1488 2370 hoc
1501 2351 1601 2371 munus
1618 2344 1723 2379 delige-

936 2395 1021 2417 retur.
1037 2390 1105 2416 Cum
1117 2393 1208 2416 autem
1226 2389 1252 2416 in
1268 2389 1367 2417 multas
1384 2393 1475 2424 partes
1493 2389 1631 2424 suffragiis
1649 2390 1724 2417 scin-

935 2436 1077 2467 derentur,
1089 2441 1113 2462 ct
1124 2436 1168 2462 alii
1179 2435 1261 2462 alium
1272 2439 1453 2470 prteoptarcnt
1462 2439 1542 2469 atque
1551 2435 1722 2470 praeferrent,

936 2482 1113 2516 exspectabat
1130 2481 1174 2509 ille
1190 2481 1231 2507 vir
1248 2488 1364 2515 magnus
1387 2480 1520 2508 divinitus
1543 2481 1652 2515 aliquod
1669 2481 1723 2508 sibi

937 2529 1084 2556 consilium
1101 2527 1134 2554 ad
1148 2527 1320 2562 propositum
1335 2527 1474 2561 negotium
1489 2527 1666 2561 suppeditari.
1684 2527 1723 2554 Ac

937 2573 1168 2608 quemadmodum
1185 2572 1295 2600 Samuel
1310 2573 1337 2599 in
1350 2572 1474 2606 eligendo
1489 2579 1551 2606 rege
1568 2571 1653 2598 fertur
1668 2580 1722 2598 non

937 2619 1141 2654 pulchritudine
1168 2626 1217 2645 nec
1242 2618 1431 2652 magnitudine
1457 2624 1601 2651 corporum
1631 2621 1723 2644 motus

937 2671 1009 2694 esse,
1033 2663 1079 2690 sed
1102 2663 1224 2689 animum
1244 2663 1346 2697 regium
1365 2661 1553 2696 requisivisse,
1571 2661 1678 2688 etiamsi
1696 2662 1723 2689 in

938 2711 1096 2742 contemplo
1113 2707 1182 2733 forte
1198 2714 1314 2741 corpore
1333 2706 1496 2740 reperiretur
1513 2716 1519 2732 :
1536 2705 1630 2732 eodem
1644 2707 1724 2733 modo

938 2754 1020 2780 etiam
1044 2752 1099 2782 ille,
1119 2751 1218 2779 studiis
1239 2758 1302 2785 erga
1317 2757 1537 2784 unumquemque
1550 2756 1655 2782 corum,
1675 2751 1722 2784 qui

938 2799 1162 2830 destinabantur,
1186 2797 1335 2832 neglectis,
1351 2797 1375 2823 id
1391 2804 1474 2822 unum
1493 2795 1625 2822 duntaxat
1643 2803 1722 2831 spee-

938 2844 1032 2876 tabat,
1053 2851 1086 2870 an
1105 2842 1205 2878 aliquis
1225 2842 1307 2869 etiam
1329 2844 1392 2869 ante
1410 2840 1624 2869 declarationem
1640 2841 1706 2868 indu
