1917 3079
233 138 285 166 935

854 135 883 162 S.
903 132 1064 161 GREGORII
1084 132 1230 160 NYSSENI

1822 127 1871 156 958

232 195 300 223 stria
321 194 383 221 vitae
407 197 489 229 atque
513 192 616 220 virtute
631 192 658 219 in
683 191 807 220 moribus
833 191 1016 219 sacerdotium

1073 189 1215 225 εὑρεθῆναί
1233 197 1294 216 τινα
1319 188 1373 215 τῶν
1394 189 1632 224 περιφανεστέρων
1654 186 1697 222 τῷ
1722 185 1777 222 βίῳ
1804 186 1872 211 κατα

232 244 362 276 gestaret.
380 239 448 267 Cum
474 243 566 266 autem
587 238 626 265 illi
650 237 760 272 quidem
776 237 957 273 producerent
972 244 1020 265 eos

233 288 267 313 de
279 286 379 321 quibus
396 285 557 320 suﬂragium
579 283 707 316 ferretur,
728 291 809 318 quem
826 283 944 318 quisque
958 291 1020 318 pro-

234 336 354 359 moveret
380 331 441 365 ejus
470 329 649 357 honoriﬁcam
678 330 845 357 mentionem
873 329 1020 361 facientes,

235 383 316 412 atque
330 377 383 409 hic,
397 382 426 403 ut
442 376 524 404 etiam
539 375 666 402 viliorum
681 375 766 410 (quod
782 375 814 402 ad
830 375 890 402 vita:
903 374 1021 409 speciem

235 422 343 456 attinet)
367 423 499 449 rationem
524 421 658 448 baberent
678 428 726 449 eos
749 421 906 448 hortaretur
930 422 1023 455 (posse

235 468 309 495 enim
332 468 413 495 etiam
437 468 464 494 in
483 467 583 494 talibus
598 467 711 502 reperiri
728 467 857 501 aliquem,
877 466 923 501 qui
938 466 1021 494 animi

236 514 316 541 bonis
329 521 411 549 super
427 521 475 541 eos
492 513 635 545 emineret,
648 514 694 548 qui
710 513 773 540 vita:
788 512 936 548 splendore
953 519 1023 547 prae-

237 561 379 594 starent):
402 559 513 594 quidam
532 567 566 586 ex
586 559 636 590 iis,
661 559 706 593 qui
727 563 860 593 praeerant
887 557 1024 592 suffragiis

237 603 373 635 ferendis,
393 610 453 630 eam
478 603 569 638 magni
594 603 667 630 illius
683 602 845 630 sententiam
862 609 912 636 pro
926 605 1023 629 contu-

237 649 318 676 melia
331 652 413 683 atque
424 648 561 676 derisione
575 648 689 682 accepit,
703 648 738 680 si,
751 655 812 674 cum
827 647 919 674 nullus
929 653 1023 674 eorum

238 695 285 729 qui
307 697 334 721 et
352 694 509 729 eloquentia
533 699 561 721 et
580 695 712 729 dignitate
729 697 755 720 et
772 692 916 720 manifesto
936 692 1024 719 facul-

238 742 324 764 tatutn
345 738 407 764 vita:
428 737 572 773 splendore
594 738 702 764 caeteris
726 737 830 772 pra-lati
859 741 966 766 essent.
991 737 1023 763 ad

238 783 421 810 sacerdotium
440 783 639 814 admitteretur,
654 791 686 809 ex
703 782 848 816 opiﬁcibus
864 783 1024 814 sellulariis,

238 827 341 861 quique
361 827 454 854 labore
469 835 599 854 manuttm
616 827 700 854 vitam
717 827 882 859 tolerarent,
903 827 936 854 ad
949 828 1025 861 ejus-

1069 235 1116 261 τὸν
1127 235 1241 262 πλοῦτον
1255 235 1305 270 τῆς
1315 235 1405 271 ψυχῆς
1420 235 1607 270 ὑψηλότερον),
1625 233 1711 270 ὓϐριν
1730 231 1816 268 ᾠήθη
1832 240 1871 263 τκ

1069 280 1124 307 τῶν
1150 280 1359 316 προεστηκότων
1381 281 1432 316 τῆς
1452 281 1541 317 ψήφου
1562 280 1611 307 καὶ
1637 278 1801 314 χλευασμὸν
1825 278 1871 313 τὴν

1070 325 1198 361 τοιαύτην
1219 325 1266 353 τοῦ
1288 327 1406 361 μεγάλου
1428 326 1532 361 κρίσιν,
1550 327 1585 358 εί,
1608 326 1648 361 τῷ
1660 325 1736 360 λόγῳ
1761 324 1813 351 καὶ
1836 324 1871 358 τῷ

1071 370 1206 406 ἀξιώματι.
1227 371 1273 398 καὶ
1295 373 1327 407 τῇ
1347 372 1496 407 φαινομένῃ
1513 371 1560 398 τοῦ
1585 371 1643 406 βίου
1661 369 1809 406 μαρτυρίᾳ
1829 378 1872 396 κε-

1072 415 1209 451 κριμένων
1234 415 1289 442 τῶν
1313 416 1416 447 ἄλλων,
1444 415 1558 451 μηδενὸς
1581 416 1628 442 ἐπὶ
1645 415 1698 450 τὴν
1715 413 1871 449 ἱερωσύνη-ι

1073 461 1298 497 παραδεχθέντος,
1308 463 1340 488 ὲκ
1351 462 1405 488 τῶν
1416 462 1557 496 βαναύσων
1566 462 1634 496 πρὸς
1644 460 1781 495 τοιαύτην
1791 461 1870 495 χάριν

1072 508 1225 543 νομίζοιντο
1233 516 1305 539 τινες
1315 507 1467 543 ἀξιώτεροι·
1477 507 1524 534 καὶ
1535 508 1592 542 ἅμα
1601 507 1870 541 κατειρωευόμενος

1073 553 1229 589 προσελθὼν
1245 553 1314 589 πρὸς
1333 553 1414 580 αὐτὸν
1427 574 1434 585 ,
1457 554 1492 580 Et
1509 552 1602 580 ταῦτα
1620 553 1773 585 κελεύεις,
1794 552 1868 586 φησι,

1073 601 1199 632 τούτους
1215 599 1273 634 μὲν
1290 600 1444 632 τοιούτους
1468 599 1558 632 ὄντας
1576 598 1780 633 περιοφθῆναι
1801 597 1871 629 τοὺς

1074 645 1176 678 πάσης
1187 645 1413 680 ἐξειλεγμένους
1425 644 1480 678 τῆς
1490 645 1615 678 πόλεως,
1626 645 1662 671 ἐκ
1671 643 1706 670 δὲ
1720 643 1786 670 τῶν
1800 651 1872 677 cvp-

1074 690 1171 725 φετῶν
1183 692 1226 724 είς
1236 691 1426 725 προστασίαν
1440 691 1495 725 τῆς
1514 690 1680 725 ιερωσύνης
1694 688 1871 723 ἀναληφθῆ-

1074 736 1125 763 vat’
1134 744 1215 768 τινα,
1235 736 1297 770 ὥρα
1311 743 1361 763 σοι
1383 736 1493 763 ,λοιπὸν
1512 736 1567 762 τὸν
1588 735 1742 769 ἀνθρακέα
1765 733 1871 761 καλεῖν

1075 781 1125 808 ἐπὶ
1143 782 1199 815 τὴν
1221 782 1390 816 ἱερωσύνην
1408 781 1603 816 Ἀλέξανδρον
1614 789 1622 796 ·
1653 781 1703 808 καὶ
1718 781 1870 815 μεταϐάν-

1075 835 1125 859 τες
1149 827 1196 853 ἐπὶ
1218 827 1343 859 τοῦτον,
1359 828 1384 854 ει
1403 827 1500 859 δοκεῖ,
1523 826 1779 862 συμφωνήσωμεν
1795 825 1870 859 πρὲις

239 872 312 899 molli
326 879 425 899 munus
441 872 525 906 aliqui
546 873 632 907 magis
648 873 702 907 apti
724 876 751 899 ct
770 873 859 900 idonei
881 873 1022 900 existima-

1075 872 1231 906 ἀλλήλους
1245 873 1309 906 ταῖς
1325 873 1438 908 ψήφοις
1451 874 1470 907 ἡ
1485 874 1573 906 πόλις
1584 872 1679 900 πᾶσα.
1713 872 1745 899 '0
1760 872 1812 907 μὲν
1826 869 1870 898 οὖν

240 921 352 949 rentur,
367 922 395 945 et
417 918 500 945 simul
520 918 653 945 cavillans
674 926 737 945 cunt
754 919 871 953 quadam
896 919 1025 946 irrisione

239 962 272 989 ad
287 970 349 989 eum
362 982 370 994 ,
392 962 421 990 Si
435 963 501 995 Ita-5,
518 963 618 998 inquit,
630 963 719 998 jubet,
736 971 763 991 ut
782 964 809 990 lii
827 965 932 999 quidem
946 965 1023 996 Iulos,

237 1008 283 1042 qui
297 1014 330 1034 ea:
351 1008 423 1034 omni
439 1009 534 1035 civium
555 1017 664 1036 numero
683 1010 759 1036 electi
780 1014 851 1039 sunt.
867 1015 1025 1043 praterean-

239 1058 293 1085 lur,
311 1059 391 1088 atque
406 1062 439 1081 ea;
457 1054 607 1088 quisquiliis
624 1059 648 1081 et
665 1055 757 1089 infima
770 1055 842 1089 plebe
857 1064 1025 1083 assumamus

239 1099 351 1134 aliquem
375 1100 409 1125 ad
435 1100 695 1127 administrationem
721 1101 879 1133 sacerdotii,
905 1103 950 1136 qui
977 1103 1025 1129 tali

238 1144 341 1171 civitati
356 1145 458 1177 ιλτιιιείι,
474 1150 575 1179 tempus
592 1145 640 1172 tibi
661 1145 781 1179 ιίςιιιτεμε
800 1147 879 1180 fuerit
897 1148 1025 1175 carbona-

238 1190 309 1216 rium
327 1190 508 1217 Alexandrum
534 1191 568 1217 ad
596 1192 717 1218 sarerdot
729 1200 774 1219 um
801 1193 930 1225 vocandi,
948 1199 1026 1229 atque

237 1236 274 1261 ad
286 1235 355 1262 Itunr
370 1236 530 1263 transitione
543 1237 628 1271 facla,
643 1237 666 1264 si
682 1238 796 1270 videtur,
808 1239 944 1274 sti/[ragiis
959 1241 1026 1267 in!"

237 1289 286 1308 nos
304 1282 418 1308 universi
440 1283 507 1308 ciues
524 1283 728 1309 consentiamus.
749 1283 839 1318 Atque
855 1285 900 1312 ille
914 1285 1024 1320 quidem

237 1324 295 1352 huc
312 1326 486 1360 loquebatur,
509 1327 652 1353 sententite
672 1327 734 1361 ejus
748 1327 918 1360 obtrectans,
931 1336 962 1356 ac
979 1337 1026 1364 per

237 1370 289 1397 hoc
314 1372 472 1398 simulatttut
497 1377 525 1399 et
548 1373 748 1400 cavillatorium
769 1373 928 1409 sum-agium
949 1383 1025 1402 sutu-

238 1423 311 1443 mam
327 1420 354 1444 et
373 1421 496 1444 exactam
518 1418 687 1454 diligentiam
706 1419 732 1445 in
749 1420 937 1454 superioribus
954 1422 1024 1448 vitu-

237 1470 339 1497 perans
358 1470 388 1490 ac
409 1464 625 1499 reprehendens.
645 1465 698 1492 Sed
719 1474 818 1502 magno
839 1467 878 1494 illi
900 1475 947 1503 per
968 1469 1024 1496 haec

235 1508 310 1534 dicta
326 1508 400 1536 subit
416 1510 537 1536 anitnnm
559 1512 707 1546 cogitatio,
728 1512 800 1547 quod
822 1520 876 1540 non
897 1514 957 1542 sine
973 1523 1022 1541 nn-

238 1553 312 1581 tnine
325 1554 419 1581 divino
433 1554 581 1582 Alexandri
599 1564 613 1583 a
630 1557 846 1586 deliberantibus
860 1559 931 1586 inter
944 1564 1024 1587 caete-

237 1606 283 1626 ros
306 1600 407 1627 mentio
428 1600 500 1627 facta
525 1606 608 1629 esset.
636 1602 667 1629 Et
686 1604 761 1638 quis,
787 1604 892 1639 inquit,
909 1610 948 1632 est
963 1607 1022 1633 Ale-

234 1646 357 1678 xander,
384 1646 461 1681 cujus
496 1649 653 1675 mentionem
680 1649 804 1683 fecislis?
834 1650 935 1679 Deinde
961 1660 1023 1680 cum

236 1690 348 1726 quidam
364 1699 397 1718 ex
409 1693 452 1721 iis.
466 1692 512 1727 qui
529 1700 582 1719 una
600 1693 759 1727 intererant,
774 1702 834 1722 cum
850 1696 907 1723 risu
922 1705 1024 1724 memo-

236 1739 327 1762 ratum
350 1736 378 1762 in
397 1736 516 1762 medium
538 1738 732 1772 produxisset,
757 1741 855 1774 pannis
874 1741 975 1769 vilibus
991 1751 1023 1770 ac

236 1781 355 1807 sordidis
370 1790 402 1807 ne.
418 1786 474 1808 toto
488 1782 598 1815 quidem
613 1791 728 1818 corpore
744 1786 886 1818 amictum,
903 1793 927 1815 et
940 1788 1022 1815 simul

236 1827 434 1860 apparentibus
450 1828 542 1860 rebus,
558 1829 687 1856 manibus
703 1831 805 1864 pariter
822 1836 849 1859 et
864 1832 942 1865 facie,
960 1835 1023 1861 ΙΨΙῘ-

236 1879 349 1906 quoque
374 1880 491 1907 corpore
515 1872 683 1902 carbonibus
706 1875 809 1903 infecto
826 1884 858 1904 ac
882 1879 1022 1906 sordidato

236 1918 373 1953 opiﬁcium
386 1923 411 1945 et
424 1924 557 1953 qtuestum
572 1921 760 1948 ostendentem
775 1923 899 1955 ;ca:teris
911 1925 1020 1959 quidem

235 1965 309 1992 risus
326 1965 440 1992 materia
457 1968 515 1991 erat
530 1965 592 1993 talis
613 1966 641 1992 in
658 1966 747 1993 medio
761 1971 839 1995 stans
855 1969 1019 1997 Alexander.

234 2012 267 2038 At
284 2011 469 2046 perspicacem
485 2012 560 2038 illum
581 2012 690 2039 oculum
708 2012 821 2041 valde'ul
836 2017 1019 2049 spectaculum

233 2056 467 2092 obstupefaciebat
491 2057 557 2083 :vir
586 2057 611 2083 in
640 2062 764 2085 extrema
788 2063 966 2094 paupertate,
989 2069 1021 2088 ac

234 2103 358 2137 neglecto
373 2110 489 2137 corpore
501 2103 622 2137 seipsum
635 2103 724 2131 solum
740 2109 879 2138 spectans,
893 2113 925 2133 ac
937 2108 1020 2135 veluti

233 2149 285 2175 sibi
312 2148 423 2183 placens
445 2154 470 2175 et
496 2149 618 2184 gaudens
645 2156 679 2176 eo
705 2149 817 2183 habitu,
839 2152 886 2186 qui
910 2151 1020 2180 habitus

1075 919 1161 945 ταῦτα
1182 919 1329 954 ἐφθέγγετο
1347 919 1392 954 τὴν
1408 919 1521 954 γνώμην
1536 918 1687 945 διαῆἁλλων
1703 917 1804 949 αὐτοῦ,
1826 917 1870 944 καὶ

1075 965 1119 992 διὰ
1135 965 1186 1000 τῆς
1206 966 1350 1001 είρωνικῆς
1372 966 1473 1001 ταύτης
1489 966 1580 1000 diﬁcit
1598 965 1648 1000 τὴν
1664 965 1710 991 ἐπὶ
1730 965 1789 995 τοῖς
1804 972 1870 998 προ-

1076 1010 1203 1038 λαόοὖσιν
1218 1011 1362 1047 ἀκρίϐειαν
1377 1012 1635 1047 καταμεμφόμενος.
1649 1010 1696 1045 Τῷ
1708 1011 1740 1037 δὲ
1755 1010 1869 1045 μεγάλῳ

1075 1056 1180 1089 γίνεται
1194 1056 1238 1083 διὰ
1256 1056 1310 1082 τῶν
1326 1057 1478 1092 εἰρημένων
1502 1056 1639 1090 ἐνθύμιον,
1664 1055 1703 1091 μὴ
1726 1055 1807 1081 ἀθεεὶ
1826 1055 1869 1080 τὸν

1083 1102 1254 1137 Ἀλέξανδρον
1267 1102 1296 1129 ὲν
1312 1102 1406 1138 μνήμῃ
1415 1102 1469 1128 τῶν
1485 1101 1678 1137 ψηφιζομένων
1691 1101 1741 1127 καὶ
1753 1101 1867 1136 εἰρημέ-

1076 1155 1128 1173 νων
1134 1147 1268 1181 γενέσθαι.
1277 1147 1331 1174 Kal.
1338 1145 1488 1180 τΙςοῦτος,
1496 1147 1587 1181 φησὶν,
1594 1148 1610 1174 ό
1618 1143 1867 1180 Ἀλέξανδρος,οὗ

1076 1192 1133 1226 τὴν
1143 1193 1267 1228 μνήμην
1276 1194 1441 1227 πεποίησθε
1453 1201 1461 1225 ;
1473 1191 1537 1220 Εἶτά
1547 1202 1618 1224 τινος
1634 1193 1689 1218 τῶν
1705 1192 1867 1227 συμπαράνι

1075 1247 1129 1265 των
1141 1240 1170 1265 ὲν
1185 1239 1281 1273 γέλωτι
1296 1240 1503 1275 παραγαγόντος
1515 1240 1555 1270 εἰς
1564 1239 1646 1274 μέσον
1653 1238 1698 1265 τὸν
1711 1247 1764 1273 μνη
1770 1246 1867 1272 μονεν-

1076 1285 1167 1317 θέντα,
1183 1286 1289 1321 ῥακίοις
1311 1286 1435 1321 πιναροῖς
1457 1285 1662 1320 ⁴ἠμφιεσμένον,
1680 1284 1743 1310 οὐδὲ
1759 1284 1815 1319 ὅλῳ
1831 1283 1867 1317 τῷ

1077 1330 1202 1366 σώματι,
1240 1331 1288 1357 καὶ
1317 1331 1374 1366 ἅμα
1403 1330 1545 1357 δεικνύντα
1571 1330 1609 1365 τῷ
1639 1329 1797 1364 φαινομένῳ
1821 1328 1868 1362 τὴν

1076 1376 1206 1411 ἐργασίαν
1230 1376 1308 1412 χερσί
1329 1384 1360 1402 τε
1384 1376 1431 1402 καὶ
1458 1375 1616 1411 προσώπῳ,
1644 1374 1692 1401 καὶ
1716 1373 1758 1409 τῷ
1782 1373 1867 1407 λοιπῷ

1077 1421 1182 1456 σώματι
1202 1421 1449 1457 κατερρυπωμένον
1458 1422 1490 1456 τῇ
1503 1421 1619 1456 ἐργασία
1639 1420 1693 1446 τῶν
1707 1419 1866 1454 ἀνθράκων,

1075 1467 1131 1498 τοῖς
1164 1466 1212 1502 μὲν
1244 1468 1348 1498 λοιποῖς
1376 1468 1492 1500 γέλωτος
1524 1464 1558 1502 ἦν
1594 1465 1740 1497 ὑπόθεσις,
1767 1466 1799 1491 ὲν
1821 1465 1868 1499 μέ-

1077 1520 1132 1544 σοις
1154 1512 1273 1544 τοιοῦτος
1298 1512 1382 1544 ἑστὼς
1410 1514 1424 1539 ὀ
1446 1512 1630 1547 Ἀλέξανδρος,
1656 1511 1696 1546 τῷ
1722 1510 1751 1537 δὲ
1776 1510 1868 1544 διορα-

1074 1558 1143 1594 τικῷ
1159 1558 1256 1593 ἐκείνῳ
1268 1558 1400 1594 ὀφθαλμῷ
1421 1558 1520 1594 πολλὴν
1541 1559 1671 1593 παρεῖχεν
1691 1556 1825 1592 ἔκπληξιν
1839 1556 1868 1582 τὸ

1073 1603 1214 1639 γινόμενόν
1233 1613 1262 1631 τε
1277 1605 1324 1630 καὶ
1347 1604 1485 1639 ὁρώμενον
1497 1611 1504 1618 '
1527 1604 1595 1639 ἀνὴρ
1607 1604 1636 1630 ὲν
1652 1603 1757 1639 ἐσχάτῃ
1773 1603 1867 1638 πενία,

1074 1650 1121 1676 καὶ
1143 1650 1346 1685 ἀπημελημένῳ
1362 1650 1400 1685 τῷ
1420 1650 1526 1685 σώματι
1540 1650 1608 1684 πρὸς
1634 1650 1731 1676 ἑαυτὸν
1747 1650 1867 1685 βλέπων,

1073 1695 1120 1722 καὶ
1142 1693 1197 1722 οἷον
1217 1695 1435 1730 ἐπαγαλλόμενος
1455 1695 1542 1730 τούτῳ
1561 1695 1599 1730 τῷ
1621 1696 1761 1731 σχήματι,
1786 1696 1801 1721 ὂ
1814 1697 1867 1726 τοῖς

1072 1741 1245 1773 ἀπαιδεύτοις
1269 1741 1417 1777 ὀφθαλμοῖς
1440 1739 1474 1776 ἦν
1504 1741 1690 1774 ὲπιγέλαοτον.
1730 1741 1789 1768 Καὶ
1815 1741 1868 1776 γὰρ

1072 1783 1161 1815 οὕτως’
1180 1784 1247 1819 ἔχει.
1275 1785 1330 1811 Καὶ
1356 1785 1406 1812 οὐκ
1423 1785 1530 1821 ἀνάγκῃ
1553 1785 1647 1817 πενίας
1671 1785 1720 1811 ἐπὶ
1741 1785 1790 1812 τὸν
1815 1794 1865 1812 τοιρ

1071 1829 1149 1856 οὖτον
1165 1831 1289 1866 ἐληλύθει
1307 1831 1382 1866 βίον,
1408 1832 1476 1859 ἀλλὰ
1498 1833 1545 1858 καὶ
1564 1832 1710 1867 φιλόσοφός
1727 1842 1772 1864 τις
1799 1831 1834 1868 ἦν
1855 1834 1867 1859 ὁ

1072 1876 1152 1911 ἀνὴρ,
1172 1877 1210 1909 ὡς
1225 1878 1239 1903 ὁ
1257 1878 1326 1912 μετὰ
1341 1878 1427 1905 ταῦτα
1444 1878 1500 1913 βίος
1519 1877 1662 1914 ἐγνώρισε,
1681 1879 1730 1905 καὶ
1745 1879 1803 1905 τῶν
1817 1879 1868 1905 λοι-

1072 1921 1131 1947 πῶν
1144 1922 1324 1958 ὑψηλότερος,
1347 1923 1383 1954 ὡς
1404 1924 1451 1950 καὶ
1469 1923 1549 1959 μέχρι
1571 1924 1725 1959 μαρτυρίου
1752 1925 1865 1959 φθάσαι.

1072 1967 1115 1994 διὰ
1127 1968 1212 2003 πυρὸς
1230 1968 1377 2000 τελειώσας
1389 1969 1434 1995 τὸν
1448 1969 1556 2004 δρόμον.
1571 1970 1607 1996 Τὸ
1620 1969 1648 1996 δὲ
1661 1970 1809 1997 λανθάνειν
1820 1971 1865 1997 ἑπ-

1071 2013 1222 2049 εχείρησεν,
1243 2014 1259 2050 ἢ
1278 2014 1377 2049 μᾶλλον
1394 2015 1567 2050 ἐπετήδευσε,
1582 2016 1717 2051 κρείττων
1733 2016 1864 2052 ὑπάρχων

1071 2060 1122 2094 τῇς
1146 2060 1369 2096 ἐσπουδασμένης
1396 2061 1471 2096 παρὰ
1496 2060 1550 2087 τῶν
1574 2061 1681 2087 πολλῶν
1702 2062 1861 2098 εὐκληρίας,

1073 2106 1120 2133 καὶ
1136 2107 1193 2133 ἀντ’
1204 2107 1312 2139 οὐδενὸς
1323 2108 1368 2134 τὸν
1384 2108 1439 2143 βίον
1451 2108 1620 2143 ποιούμενος,
1631 2109 1681 2144 τῆς
1693 2110 1863 2145 ὑῂλοτέρας

1070 2161 1100 2178 τε
1115 2153 1162 2179 καὶ
1179 2152 1295 2188 ἀληθοῦς
1308 2153 1378 2188 ζωῆς
1393 2154 1441 2188 τὴν
1454 2154 1600 2189 ἐπιθυμίαν
1615 2154 1695 2190 ἔχων.
1713 2156 1770 2182 Καὶ
1782 2156 1820 2187 ὡς
1833 2156 1861 2183 ἂν

232 2193 320 2219 oculis
348 2193 480 2226 imperitis
506 2193 642 2221 ridiculus
658 2198 727 2221 erat.
751 2193 857 2222 Etenim
875 2196 910 2222 ita
927 2205 956 2224 se
973 2205 1017 2225 res

1073 2196 1188 2232 μάλιστα
1205 2199 1250 2224 τὸν
1267 2198 1334 2233 πρὸς
1348 2199 1449 2234 ἀρετὴν
1472 2200 1572 2226 σκοπὸν
1585 2200 1787 2235 κατορθώσειε,
1804 2201 1861 2227 hv—

233 2239 360 2265 liabebat.
376 2238 433 2264 Non
451 2243 564 2272 urgente
584 2244 745 2274 paupertate
756 2240 790 2267 ad
809 2240 943 2275 ejusmodi
960 2243 1020 2270 vitae

230 2292 319 2319 genus
331 2284 488 2316 devenerat,
506 2284 553 2311 sed
571 2285 752 2320 philosophus
770 2287 879 2321 quidam
896 2288 938 2314 vir
948 2293 1019 2321 erat,

230 2329 460 2364 quemadmodum
493 2330 618 2357 insecuta
644 2331 698 2358 vita
730 2332 880 2365 indicavit,
907 2334 975 2361 adeo
990 2339 1020 2361 ut

230 2377 312 2402 etiam
329 2375 361 2402 ad
381 2375 540 2410 martyrium
566 2383 655 2410 usque
676 2378 846 2411 pervenerit,
865 2386 912 2413 per
929 2379 1018 2414 ignem

231 2433 314 2452 cursu
327 2425 466 2452 confecto.
479 2425 579 2452 Latere
593 2429 684 2452 autem
698 2425 788 2452 dedita
802 2432 884 2458 opera
898 2425 1016 2456 volebat,

231 2472 322 2498 altiori
346 2471 439 2498 animo
453 2471 583 2506 praeditus
598 2491 605 2503 ,
621 2478 702 2506 quam
720 2474 746 2497 ul
761 2478 820 2497 eam
834 2491 841 2503 ,
860 2479 920 2505 quae
936 2471 1016 2505 vulgo

230 2518 376 2552 expetitur,
393 2517 548 2544 felicitatem
572 2522 690 2547 curaret.
714 2524 745 2543 ac
763 2524 812 2551 pro
828 2516 913 2543 nihilo
928 2524 1015 2544 saecu-

232 2565 285 2589 lum
309 2563 443 2595 ducebat,
467 2571 498 2589 eo
526 2563 596 2597 quod
622 2568 647 2590 et
671 2562 796 2589 sublimis
819 2566 846 2588 et
870 2570 940 2589 vera:
954 2563 1016 2589 vitae

1070 2240 1159 2268 θάνειν
1174 2243 1330 2277 ἐμηχανᾶτο
1359 2244 1479 2275 τοιοῦτος
1496 2244 1547 2277 ὢν,
1566 2244 1607 2279 τῷ
1629 2245 1791 2281 ἀτιμοτέρῳ
1811 2246 1861 2271 τῶν

1069 2287 1293 2323 ἐπιτηδευμάτων
1308 2286 1363 2315 οἷον
1377 2289 1492 2324 εἰδεχθεῖ
1505 2290 1672 2325 προσωπείῳ
1688 2291 1860 2326 famme

1071 2340 1160 2366 μενος.
1179 2333 1283 2366 Ἄλλως
1297 2335 1335 2365 δὲ.
1352 2336 1399 2362 καὶ
1414 2336 1573 2371 ὑπερανθῶν
1588 2338 1622 2371 τῇ
1640 2337 1767 2372 νεότητι,
1794 2346 1858 2370 σφα-

1068 2377 1145 2412 λερὸν
1161 2379 1253 2413 ἡγεῖτο
1268 2380 1306 2415 τῷ
1331 2383 1381 2416 τῆς
1404 2381 1581 2416 σωφροσύνης
1605 2383 1717 2417 σκοπῷ,
1747 2382 1859 2417 φανερὸν

1070 2426 1156 2450 ποιεῖν
1175 2426 1204 2451 τὸ
1232 2426 1327 2459 κάλλος
1351 2427 1398 2453 τοῦ
1424 2427 1548 2462 σώματος
1565 2427 1666 2458 αὑτοῦ,
1691 2428 1789 2463 ὥσπερ
1812 2430 1857 2462 ἑμ-

1071 2471 1219 2507 πομπεύων
1234 2474 1266 2507 τῇ
1282 2472 1414 2508 εὐκληρίᾳ.
1429 2473 1478 2507 τῆς
1495 2473 1601 2507 φύσεως
1614 2481 1621 2487 ·
1637 2473 1697 2508 ᾔδει
1711 2474 1768 2508 γὰρ
1783 2473 1858 2508 χαλε-

1071 2518 1128 2544 πῶν
1145 2519 1371 2553 καταπτωμάτων
1386 2519 1513 2555 ἀφορμὴν
1525 2520 1582 2550 τοῖς
1602 2519 1714 2551 πολλοῖς
1727 2519 1758 2546 τὸ
1777 2519 1858 2546 τοιοῦ-

1068 2573 1113 2590 τον
1129 2564 1279 2599 γινόμενον.

231 2611 321 2637 studio
338 2615 484 2638 teneretur.
500 2612 533 2638 Et
551 2615 580 2637 ut
601 2611 719 2638 maxime
738 2610 868 2637 virtutem
885 2610 919 2637 ad
953 2618 1036 2646 quam
1057 2613 1219 2646 aspirabat,
1243 2619 1452 2648 assequeretur,
1474 2621 1584 2649 operam
1612 2614 1715 2646 dabat,
1747 2619 1778 2640 ut
1800 2613 1856 2639 talis

231 2664 291 2683 esse
305 2656 489 2692 ignoraretur,
507 2656 706 2690 coutetnptiure
729 2662 827 2689 genere
847 2655 909 2682 vitae
929 2656 1013 2683 veluti
1052 2657 1123 2691 turpi
1157 2658 1274 2692 quadam
1291 2666 1407 2693 persona
1423 2666 1484 2686 sese
1506 2660 1659 2686 occultans.
1678 2662 1774 2693 Atque.
1795 2659 1856 2685 alio-

229 2702 295 2737 quin
319 2702 415 2735 etiam,
430 2701 501 2737 quod
515 2703 614 2728 eximio
635 2701 699 2727 Πλιιό
712 2700 865 2734 juventutis
879 2701 1010 2735 praeditus
1030 2706 1121 2735 esset,
1140 2703 1326 2737 periculosum
1342 2712 1404 2731 esse
1417 2705 1535 2731 ducebat
1566 2704 1609 2736 ei,
1644 2705 1692 2739 qui
1713 2704 1855 2731 continen-

230 2747 295 2774 tiatn
321 2747 372 2775 sibi
398 2748 555 2775 sectandam
583 2746 789 2781 proposuisset.

830 2746 955 2781 corpOrEs
986 2747 1031 2774 sui
1068 2749 1298 2782 pulchritudian
1320 2750 1491 2784 patefacere,
1519 2750 1649 2778 felicitate
1673 2755 1785 2778 natura:
1801 2754 1854 2777 tan-

230 2801 311 2827 quam
332 2793 359 2819 in
383 2800 480 2828 pompa
504 2801 564 2819 sese
586 2796 768 2819 ostentantem
784 2801 790 2819 :
806 2796 919 2820 noverat
939 2792 1010 2820 enim
1031 2792 1166 2826 ejusmodi
1188 2803 1244 2822 rem
1262 2797 1384 2831 gravium
1419 2796 1599 2824 olIcnsionum
1620 2804 1652 2823 ac
1694 2797 1852 2825 delictorum

231 2839 403 2867 occasionem
420 2840 553 2874 plerisque
571 2839 692 2873 praebere
707 2838 807 2866 solere.
