  <div class='ocr_page' id='page_1' title='image "/cluster/home/n/w/nwhite01/storage/ocr_20150623/46/njp.32101077772604/520.png"; bbox 0 0 1917 3079; ppageno 0'>
   <div class='ocr_carea' id='block_1_1' title="bbox 83 137 137 165">
    <p class='ocr_par' dir='ltr' id='par_1_1' title="bbox 83 137 137 165">
     <span class='ocr_line' id='line_1_1' title="bbox 83 137 137 165; baseline -0.019 0"><span class='ocrx_word' id='word_1_1' title='bbox 83 137 137 165; x_wconf 72' lang='lat'><strong>951</strong></span> 
     </span>
    </p>
   </div>
   <div class='ocr_carea' id='block_1_2' title="bbox 552 136 1210 170">
    <p class='ocr_par' dir='ltr' id='par_1_2' title="bbox 552 136 1210 170">
     <span class='ocr_line' id='line_1_2' title="bbox 552 136 1210 170; baseline -0.003 0"><span class='ocrx_word' id='word_1_2' title='bbox 552 143 597 170; x_wconf 81' lang='lat' dir='ltr'><strong>DE</strong></span> <span class='ocrx_word' id='word_1_3' title='bbox 619 136 695 170; x_wconf 74' lang='lat' dir='ltr'><strong>\‘ITA</strong></span> <span class='ocrx_word' id='word_1_4' title='bbox 719 143 747 169; x_wconf 83' lang='lat' dir='ltr'><strong>S.</strong></span> <span class='ocrx_word' id='word_1_5' title='bbox 765 140 929 168; x_wconf 62' lang='lat' dir='ltr'><strong>GliEllUllil</strong></span> <span class='ocrx_word' id='word_1_6' title='bbox 947 139 1210 169; x_wconf 72' lang='lat' dir='ltr'><strong>TllAleATlJllGl.</strong></span> 
     </span>
    </p>
   </div>
   <div class='ocr_carea' id='block_1_3' title="bbox 1656 142 1710 171">
    <p class='ocr_par' dir='ltr' id='par_1_3' title="bbox 1656 142 1710 171">
     <span class='ocr_line' id='line_1_3' title="bbox 1656 142 1710 171; baseline -0.019 0"><span class='ocrx_word' id='word_1_7' title='bbox 1656 142 1710 171; x_wconf 76' lang='lat'><strong>938</strong></span> 
     </span>
    </p>
   </div>
   <div class='ocr_carea' id='block_1_4' title="bbox 128 196 878 236">
    <p class='ocr_par' dir='ltr' id='par_1_4' title="bbox 128 196 870 236">
     <span class='ocr_line' id='line_1_4' title="bbox 128 196 870 236; baseline 0.003 -13"><span class='ocrx_word' id='word_1_8' title='bbox 128 196 172 228; x_wconf 78' lang='grc' dir='ltr'>Ὠς</span> <span class='ocrx_word' id='word_1_9' title='bbox 188 197 221 224; x_wconf 85' lang='grc' dir='ltr'>ἂν</span> <span class='ocrx_word' id='word_1_10' title='bbox 239 196 285 224; x_wconf 80' lang='grc' dir='ltr'>οὖν</span> <span class='ocrx_word' id='word_1_11' title='bbox 306 199 374 234; x_wconf 76' lang='grc' dir='ltr'>μήτε</span> <span class='ocrx_word' id='word_1_12' title='bbox 397 199 478 226; x_wconf 76' lang='grc' dir='ltr'>πάθοι</span> <span class='ocrx_word' id='word_1_13' title='bbox 501 209 527 227; x_wconf 80' lang='grc' dir='ltr'><strong>τι</strong></span> <span class='ocrx_word' id='word_1_14' title='bbox 546 200 602 227; x_wconf 88' lang='grc' dir='ltr'><strong>τῶν</strong></span> <span class='ocrx_word' id='word_1_15' title='bbox 620 200 785 236; x_wconf 74' lang='grc' dir='ltr'>ἀϐουλήτων,</span> <span class='ocrx_word' id='word_1_16' title='bbox 804 200 870 235; x_wconf 79' lang='grc' dir='ltr'>μήτε</span> 
     </span>
    </p>
   </div>
   <div class='ocr_carea' id='block_1_5' title="bbox 929 196 1708 236">
    <p class='ocr_par' dir='ltr' id='par_1_5' title="bbox 957 197 1708 236">
     <span class='ocr_line' id='line_1_5' title="bbox 957 197 1708 236; baseline 0.005 -12"><span class='ocrx_word' id='word_1_17' title='bbox 957 197 996 226; x_wconf 91' lang='lat' dir='ltr'><strong>Nc</strong></span> <span class='ocrx_word' id='word_1_18' title='bbox 1023 199 1106 233; x_wconf 79' lang='lat' dir='ltr'><strong>igitur</strong></span> <span class='ocrx_word' id='word_1_19' title='bbox 1128 199 1169 226; x_wconf 85' lang='lat' dir='ltr'><strong>vel</strong></span> <span class='ocrx_word' id='word_1_20' title='bbox 1193 199 1301 235; x_wconf 73' lang='lat' dir='ltr'><strong>siliiipsi</strong></span> <span class='ocrx_word' id='word_1_21' title='bbox 1326 199 1432 235; x_wconf 80' lang='lat' dir='ltr'><strong>aliquid</strong></span> <span class='ocrx_word' id='word_1_22' title='bbox 1449 200 1587 228; x_wconf 84' lang='lat' dir='ltr'><strong>accideret</strong></span> <span class='ocrx_word' id='word_1_23' title='bbox 1603 201 1708 236; x_wconf 92' lang='lat' dir='ltr'><strong>impru-</strong></span> 
     </span>
    </p>
   </div>
   <div class='ocr_carea' id='block_1_6' title="bbox 83 243 871 282">
    <p class='ocr_par' dir='ltr' id='par_1_6' title="bbox 83 243 871 282">
     <span class='ocr_line' id='line_1_6' title="bbox 83 243 871 282; baseline 0.001 -13"><span class='ocrx_word' id='word_1_24' title='bbox 83 243 191 275; x_wconf 76' lang='grc' dir='ltr'>πάθους</span> <span class='ocrx_word' id='word_1_25' title='bbox 214 244 341 276; x_wconf 82' lang='grc' dir='ltr'>ὑπόθεσις</span> <span class='ocrx_word' id='word_1_26' title='bbox 363 245 513 282; x_wconf 73' lang='grc' dir='ltr'><strong>ἀλλοτρίοις</strong></span> <span class='ocrx_word' id='word_1_27' title='bbox 539 247 687 282; x_wconf 78' lang='grc' dir='ltr'><strong>ὀφθαλμοῖς</strong></span> <span class='ocrx_word' id='word_1_28' title='bbox 709 245 871 280; x_wconf 77' lang='grc' dir='ltr'><strong>κατασταίη,</strong></span> 
     </span>
    </p>
   </div>
   <div class='ocr_carea' id='block_1_7' title="bbox 82 288 872 326">
    <p class='ocr_par' dir='ltr' id='par_1_7' title="bbox 82 288 872 326">
     <span class='ocr_line' id='line_1_7' title="bbox 82 288 872 326; baseline 0.001 -11"><span class='ocrx_word' id='word_1_29' title='bbox 82 288 131 315; x_wconf 70' lang='grc' dir='ltr'>διὰ</span> <span class='ocrx_word' id='word_1_30' title='bbox 153 289 232 315; x_wconf 73' lang='grc' dir='ltr'>τοῦτο</span> <span class='ocrx_word' id='word_1_31' title='bbox 254 289 378 326; x_wconf 71' lang='grc' dir='ltr'>καθάπερ</span> <span class='ocrx_word' id='word_1_32' title='bbox 396 299 423 317; x_wconf 78' lang='grc' dir='ltr'><strong>τι</strong></span> <span class='ocrx_word' id='word_1_33' title='bbox 440 292 608 326; x_wconf 78' lang='grc' dir='ltr'>προσωπεῖον</span> <span class='ocrx_word' id='word_1_34' title='bbox 624 290 741 326; x_wconf 81' lang='grc' dir='ltr'><strong>εἰδεχθὲς</strong></span> <span class='ocrx_word' id='word_1_35' title='bbox 755 289 803 326; x_wconf 82' lang='grc' dir='ltr'>τὴν</span> <span class='ocrx_word' id='word_1_36' title='bbox 825 291 872 316; x_wconf 89' lang='grc' dir='ltr'>ἀν-</span> 
     </span>
    </p>
   </div>
   <div class='ocr_carea' id='block_1_8' title="bbox 83 331 873 372">
    <p class='ocr_par' dir='ltr' id='par_1_8' title="bbox 83 331 873 372">
     <span class='ocr_line' id='line_1_8' title="bbox 83 331 873 372; baseline 0.001 -13"><span class='ocrx_word' id='word_1_37' title='bbox 83 333 264 368; x_wconf 76' lang='grc' dir='ltr'>Θραχοποιίαν</span> <span class='ocrx_word' id='word_1_38' title='bbox 287 336 417 367; x_wconf 76' lang='grc' dir='ltr'><strong>ἑκουσίως</strong></span> <span class='ocrx_word' id='word_1_39' title='bbox 441 336 529 371; x_wconf 79' lang='grc' dir='ltr'>ἑαυτῷ</span> <span class='ocrx_word' id='word_1_40' title='bbox 550 336 715 372; x_wconf 73' lang='grc' dir='ltr'><strong>περιτίθησι,</strong></span> <span class='ocrx_word' id='word_1_41' title='bbox 738 335 771 361; x_wconf 82' lang='grc' dir='ltr'>δι’</span> <span class='ocrx_word' id='word_1_42' title='bbox 786 331 820 370; x_wconf 78' lang='grc' dir='ltr'>ἦς</span> <span class='ocrx_word' id='word_1_43' title='bbox 843 335 873 360; x_wconf 65' lang='grc' dir='ltr'><strong>τδ</strong></span> 
     </span>
    </p>
   </div>
   <div class='ocr_carea' id='block_1_9' title="bbox 84 380 873 418">
    <p class='ocr_par' dir='ltr' id='par_1_9' title="bbox 84 380 873 418">
     <span class='ocr_line' id='line_1_9' title="bbox 84 380 873 418; baseline 0.001 -13"><span class='ocrx_word' id='word_1_44' title='bbox 84 380 168 414; x_wconf 84' lang='grc' dir='ltr'>σῶμα</span> <span class='ocrx_word' id='word_1_45' title='bbox 190 381 247 412; x_wconf 80' lang='grc' dir='ltr'>τοῖς</span> <span class='ocrx_word' id='word_1_46' title='bbox 267 380 359 413; x_wconf 78' lang='grc' dir='ltr'>πόνοις</span> <span class='ocrx_word' id='word_1_47' title='bbox 376 381 444 416; x_wconf 67' lang='grc' dir='ltr'>πρὸς</span> <span class='ocrx_word' id='word_1_48' title='bbox 467 381 566 418; x_wconf 76' lang='grc' dir='ltr'>ἀρετὴν</span> <span class='ocrx_word' id='word_1_49' title='bbox 582 382 759 417; x_wconf 76' lang='grc' dir='ltr'><strong>ἐγυμνάζετο,</strong></span> <span class='ocrx_word' id='word_1_50' title='bbox 782 380 873 407; x_wconf 77' lang='grc' dir='ltr'>καὶτὸ</span> 
     </span>
    </p>
   </div>
   <div class='ocr_carea' id='block_1_10' title="bbox 85 426 873 463">
    <p class='ocr_par' dir='ltr' id='par_1_10' title="bbox 85 426 873 463">
     <span class='ocr_line' id='line_1_10' title="bbox 85 426 873 463; baseline 0.003 -12"><span class='ocrx_word' id='word_1_51' title='bbox 85 426 185 457; x_wconf 83' lang='grc' dir='ltr'>κάλλος</span> <span class='ocrx_word' id='word_1_52' title='bbox 205 426 244 461; x_wconf 82' lang='grc' dir='ltr'><strong>τῷ</strong></span> <span class='ocrx_word' id='word_1_53' title='bbox 261 426 339 462; x_wconf 73' lang='grc' dir='ltr'>ῥύπῳ</span> <span class='ocrx_word' id='word_1_54' title='bbox 363 428 417 453; x_wconf 86' lang='grc' dir='ltr'>τῶν</span> <span class='ocrx_word' id='word_1_55' title='bbox 438 427 580 463; x_wconf 80' lang='grc' dir='ltr'><strong>ἀνθράκων</strong></span> <span class='ocrx_word' id='word_1_56' title='bbox 599 427 811 460; x_wconf 81' lang='grc' dir='ltr'>ἐπεκαλύπτετο,</span> <span class='ocrx_word' id='word_1_57' title='bbox 828 427 873 453; x_wconf 76' lang='grc' dir='ltr'>καὶ</span> 
     </span>
    </p>
   </div>
   <div class='ocr_carea' id='block_1_11' title="bbox 84 471 875 508">
    <p class='ocr_par' dir='ltr' id='par_1_11' title="bbox 84 471 875 508">
     <span class='ocr_line' id='line_1_11' title="bbox 84 471 875 508; baseline 0.001 -10"><span class='ocrx_word' id='word_1_58' title='bbox 84 472 147 506; x_wconf 83' lang='grc' dir='ltr'>ἅμα</span> <span class='ocrx_word' id='word_1_59' title='bbox 162 471 192 497; x_wconf 78' lang='grc' dir='ltr'><strong>τὸ</strong></span> <span class='ocrx_word' id='word_1_60' title='bbox 207 473 239 498; x_wconf 78' lang='grc' dir='ltr'>ἐκ</span> <span class='ocrx_word' id='word_1_61' title='bbox 255 472 310 498; x_wconf 87' lang='grc' dir='ltr'>τῶν</span> <span class='ocrx_word' id='word_1_62' title='bbox 328 472 415 499; x_wconf 85' lang='grc' dir='ltr'>πόνων</span> <span class='ocrx_word' id='word_1_63' title='bbox 431 473 504 508; x_wconf 82' lang='grc' dir='ltr'>αὐτῷ</span> <span class='ocrx_word' id='word_1_64' title='bbox 519 473 727 507; x_wconf 74' lang='grc' dir='ltr'>προσγινόμενον</span> <span class='ocrx_word' id='word_1_65' title='bbox 742 473 781 504; x_wconf 83' lang='grc' dir='ltr'><strong>εἰς</strong></span> <span class='ocrx_word' id='word_1_66' title='bbox 801 474 875 500; x_wconf 83' lang='grc' dir='ltr'>ὲντο-</span> 
     </span>
    </p>
   </div>
   <div class='ocr_carea' id='block_1_12' title="bbox 84 518 875 555">
    <p class='ocr_par' dir='ltr' id='par_1_12' title="bbox 84 518 875 555">
     <span class='ocr_line' id='line_1_12' title="bbox 84 518 875 555; baseline 0.001 -11"><span class='ocrx_word' id='word_1_67' title='bbox 84 518 141 544; x_wconf 78' lang='grc' dir='ltr'>λῶν</span> <span class='ocrx_word' id='word_1_68' title='bbox 158 518 308 554; x_wconf 83' lang='grc' dir='ltr'><strong>ὑπηρεσίαν</strong></span> <span class='ocrx_word' id='word_1_69' title='bbox 322 518 490 554; x_wconf 82' lang='grc' dir='ltr'>ᾡκονόμητο,</span> <span class='ocrx_word' id='word_1_70' title='bbox 509 519 618 554; x_wconf 81' lang='grc' dir='ltr'>Ἐπειδὴ</span> <span class='ocrx_word' id='word_1_71' title='bbox 636 519 724 546; x_wconf 81' lang='grc' dir='ltr'>τοίνυν</span> <span class='ocrx_word' id='word_1_72' title='bbox 740 520 875 555; x_wconf 83' lang='grc' dir='ltr'>μεταστή-</span> 
     </span>
    </p>
   </div>
   <div class='ocr_carea' id='block_1_13' title="bbox 85 563 874 600">
    <p class='ocr_par' dir='ltr' id='par_1_13' title="bbox 85 563 874 600">
     <span class='ocr_line' id='line_1_13' title="bbox 85 563 874 600; baseline 0 -10"><span class='ocrx_word' id='word_1_73' title='bbox 85 573 138 595; x_wconf 82' lang='grc' dir='ltr'><strong>σας</strong></span> <span class='ocrx_word' id='word_1_74' title='bbox 164 564 244 590; x_wconf 73' lang='grc' dir='ltr'>αὑτὸν</span> <span class='ocrx_word' id='word_1_75' title='bbox 259 563 305 590; x_wconf 79' lang='grc' dir='ltr'>τοῦ</span> <span class='ocrx_word' id='word_1_76' title='bbox 330 564 477 600; x_wconf 77' lang='grc' dir='ltr'>συνεδρίου,</span> <span class='ocrx_word' id='word_1_77' title='bbox 495 564 541 590; x_wconf 75' lang='grc' dir='ltr'>καὶ</span> <span class='ocrx_word' id='word_1_78' title='bbox 557 566 645 591; x_wconf 81' lang='grc' dir='ltr'>πάντα</span> <span class='ocrx_word' id='word_1_79' title='bbox 661 564 696 591; x_wconf 85' lang='grc' dir='ltr'><strong>τὰ</strong></span> <span class='ocrx_word' id='word_1_80' title='bbox 720 564 780 591; x_wconf 77' lang='grc' dir='ltr'>κατ’</span> <span class='ocrx_word' id='word_1_81' title='bbox 794 564 874 591; x_wconf 75' lang='grc' dir='ltr'>αὑτὸν</span> 
     </span>
    </p>
   </div>
   <div class='ocr_carea' id='block_1_14' title="bbox 86 609 875 646">
    <p class='ocr_par' dir='ltr' id='par_1_14' title="bbox 86 609 875 646">
     <span class='ocr_line' id='line_1_14' title="bbox 86 609 875 646; baseline 0 -10"><span class='ocrx_word' id='word_1_82' title='bbox 86 610 159 645; x_wconf 82' lang='grc' dir='ltr'>μετὰ</span> <span class='ocrx_word' id='word_1_83' title='bbox 175 609 316 645; x_wconf 77' lang='grc' dir='ltr'>ἀκριϐείας</span> <span class='ocrx_word' id='word_1_84' title='bbox 338 610 462 642; x_wconf 77' lang='grc' dir='ltr'>ἐπύθετο,</span> <span class='ocrx_word' id='word_1_85' title='bbox 485 610 529 636; x_wconf 63' lang='grc' dir='ltr'>τὸν</span> <span class='ocrx_word' id='word_1_86' title='bbox 556 611 605 646; x_wconf 83' lang='grc' dir='ltr'>μὲν</span> <span class='ocrx_word' id='word_1_87' title='bbox 621 610 713 637; x_wconf 79' lang='grc' dir='ltr'>δίδωσι</span> <span class='ocrx_word' id='word_1_88' title='bbox 734 611 790 641; x_wconf 86' lang='grc' dir='ltr'>τοῖς</span> <span class='ocrx_word' id='word_1_89' title='bbox 811 610 875 645; x_wconf 77' lang='grc' dir='ltr'>περὶ</span> 
     </span>
    </p>
   </div>
   <div class='ocr_carea' id='block_1_15' title="bbox 85 655 874 691">
    <p class='ocr_par' dir='ltr' id='par_1_15' title="bbox 85 655 874 691">
     <span class='ocr_line' id='line_1_15' title="bbox 85 655 874 691; baseline 0.003 -10"><span class='ocrx_word' id='word_1_90' title='bbox 85 656 168 682; x_wconf 83' lang='grc' dir='ltr'>αὑτὸν</span> <span class='ocrx_word' id='word_1_91' title='bbox 181 656 365 690; x_wconf 73' lang='grc' dir='ltr'>ἐντειλάμενος</span> <span class='ocrx_word' id='word_1_92' title='bbox 376 656 393 682; x_wconf 77' lang='grc' dir='ltr'><strong>ἃ.</strong></span> <span class='ocrx_word' id='word_1_93' title='bbox 411 655 540 691; x_wconf 80' lang='grc' dir='ltr'>πράττειν</span> <span class='ocrx_word' id='word_1_94' title='bbox 551 656 633 691; x_wconf 79' lang='grc' dir='ltr'>ἐχρῆν</span> <span class='ocrx_word' id='word_1_95' title='bbox 643 664 650 671; x_wconf 82' lang='lat'>&#39;</span> <span class='ocrx_word' id='word_1_96' title='bbox 663 656 742 687; x_wconf 76' lang='grc' dir='ltr'>αὐτὸς</span> <span class='ocrx_word' id='word_1_97' title='bbox 754 656 781 682; x_wconf 83' lang='grc' dir='ltr'>δὲ</span> <span class='ocrx_word' id='word_1_98' title='bbox 795 656 874 683; x_wconf 77' lang='grc' dir='ltr'>πάλιν</span> 
     </span>
    </p>
   </div>
   <div class='ocr_carea' id='block_1_16' title="bbox 85 700 876 736">
    <p class='ocr_par' dir='ltr' id='par_1_16' title="bbox 85 700 876 736">
     <span class='ocr_line' id='line_1_16' title="bbox 85 700 876 736; baseline 0 -10"><span class='ocrx_word' id='word_1_99' title='bbox 85 700 249 727; x_wconf 76' lang='grc' dir='ltr'>καταλασὼν</span> <span class='ocrx_word' id='word_1_100' title='bbox 262 701 292 726; x_wconf 72' lang='grc' dir='ltr'>τὸ</span> <span class='ocrx_word' id='word_1_101' title='bbox 308 701 454 736; x_wconf 85' lang='grc' dir='ltr'>συνέδριον,</span> <span class='ocrx_word' id='word_1_102' title='bbox 469 701 500 727; x_wconf 81' lang='grc' dir='ltr'>ὲκ</span> <span class='ocrx_word' id='word_1_103' title='bbox 513 701 567 727; x_wconf 75' lang='grc' dir='ltr'>τῶν</span> <span class='ocrx_word' id='word_1_104' title='bbox 583 701 611 726; x_wconf 75' lang='grc' dir='ltr'>ἐν</span> <span class='ocrx_word' id='word_1_105' title='bbox 625 701 701 736; x_wconf 80' lang='grc' dir='ltr'>χερσὶ</span> <span class='ocrx_word' id='word_1_106' title='bbox 713 701 776 733; x_wconf 84' lang='grc' dir='ltr'>τοὺς</span> <span class='ocrx_word' id='word_1_107' title='bbox 792 705 876 727; x_wconf 81' lang='grc' dir='ltr'>συνει-</span> 
     </span>
    </p>
   </div>
   <div class='ocr_carea' id='block_1_17' title="bbox 85 745 873 781">
    <p class='ocr_par' dir='ltr' id='par_1_17' title="bbox 85 745 873 781">
     <span class='ocr_line' id='line_1_17' title="bbox 85 745 873 781; baseline 0.001 -10"><span class='ocrx_word' id='word_1_108' title='bbox 85 745 237 780; x_wconf 71' lang='grc' dir='ltr'>λεγμένους</span> <span class='ocrx_word' id='word_1_109' title='bbox 256 745 394 777; x_wconf 76' lang='grc' dir='ltr'><strong>ἐπαίδευε,</strong></span> <span class='ocrx_word' id='word_1_110' title='bbox 414 746 477 777; x_wconf 75' lang='grc' dir='ltr'>τοὺς</span> <span class='ocrx_word' id='word_1_111' title='bbox 506 746 570 781; x_wconf 78' lang='grc' dir='ltr'>περὶ</span> <span class='ocrx_word' id='word_1_112' title='bbox 588 746 636 780; x_wconf 88' lang='grc' dir='ltr'>τῆς</span> <span class='ocrx_word' id='word_1_113' title='bbox 661 745 809 781; x_wconf 79' lang='grc' dir='ltr'>ἱερωσύνης</span> <span class='ocrx_word' id='word_1_114' title='bbox 824 746 873 772; x_wconf 86' lang='grc' dir='ltr'><strong>αὺ-</strong></span> 
     </span>
    </p>
   </div>
   <div class='ocr_carea' id='block_1_18' title="bbox 84 790 874 826">
    <p class='ocr_par' dir='ltr' id='par_1_18' title="bbox 84 790 874 826">
     <span class='ocr_line' id='line_1_18' title="bbox 84 790 874 826; baseline 0.001 -10"><span class='ocrx_word' id='word_1_115' title='bbox 84 791 143 821; x_wconf 81' lang='grc' dir='ltr'>τοῖς</span> <span class='ocrx_word' id='word_1_116' title='bbox 156 790 251 823; x_wconf 80' lang='grc' dir='ltr'>λόγους</span> <span class='ocrx_word' id='word_1_117' title='bbox 271 790 495 826; x_wconf 80' lang='grc' dir='ltr'>παρατιθέμενος,</span> <span class='ocrx_word' id='word_1_118' title='bbox 515 791 562 817; x_wconf 70' lang='grc' dir='ltr'>καὶ</span> <span class='ocrx_word' id='word_1_119' title='bbox 578 791 622 817; x_wconf 84' lang='grc' dir='ltr'><strong>διὰ</strong></span> <span class='ocrx_word' id='word_1_120' title='bbox 639 791 740 817; x_wconf 81' lang='grc' dir='ltr'>τούτων</span> <span class='ocrx_word' id='word_1_121' title='bbox 756 791 800 817; x_wconf 76' lang='grc' dir='ltr'>τὸν</span> <span class='ocrx_word' id='word_1_122' title='bbox 815 792 874 818; x_wconf 78' lang='grc' dir='ltr'>κατ’</span> 
     </span>
    </p>
   </div>
   <div class='ocr_carea' id='block_1_19' title="bbox 85 835 874 871">
    <p class='ocr_par' dir='ltr' id='par_1_19' title="bbox 85 835 874 871">
     <span class='ocr_line' id='line_1_19' title="bbox 85 835 874 871; baseline 0.004 -11"><span class='ocrx_word' id='word_1_123' title='bbox 85 835 189 870; x_wconf 82' lang='grc' dir='ltr'>ἀρετὴν</span> <span class='ocrx_word' id='word_1_124' title='bbox 203 836 369 870; x_wconf 81' lang='grc' dir='ltr'>ὑπογράφων</span> <span class='ocrx_word' id='word_1_125' title='bbox 382 836 449 871; x_wconf 85' lang='grc' dir='ltr'>βίον.</span> <span class='ocrx_word' id='word_1_126' title='bbox 468 836 522 862; x_wconf 70' lang='grc' dir='ltr'><strong>Καὶ</strong></span> <span class='ocrx_word' id='word_1_127' title='bbox 535 836 626 871; x_wconf 83' lang='grc' dir='ltr'>διῆγεν</span> <span class='ocrx_word' id='word_1_128' title='bbox 639 838 667 863; x_wconf 85' lang='grc' dir='ltr'>ὲν</span> <span class='ocrx_word' id='word_1_129' title='bbox 678 838 734 868; x_wconf 83' lang='grc' dir='ltr'>τοῖς</span> <span class='ocrx_word' id='word_1_130' title='bbox 745 837 874 868; x_wconf 85' lang='grc' dir='ltr'>τοιούτοις</span> 
     </span>
    </p>
   </div>
   <div class='ocr_carea' id='block_1_20' title="bbox 923 243 1708 280">
    <p class='ocr_par' dir='ltr' id='par_1_20' title="bbox 923 243 1708 280">
     <span class='ocr_line' id='line_1_20' title="bbox 923 243 1708 280; baseline 0.008 -10"><span class='ocrx_word' id='word_1_131' title='bbox 923 243 1015 275; x_wconf 84' lang='lat' dir='ltr'><strong>denti,</strong></span> <span class='ocrx_word' id='word_1_132' title='bbox 1038 245 1110 280; x_wconf 86' lang='lat' dir='ltr'><strong>quod</strong></span> <span class='ocrx_word' id='word_1_133' title='bbox 1138 245 1239 271; x_wconf 81' lang='lat' dir='ltr'><strong>factum</strong></span> <span class='ocrx_word' id='word_1_134' title='bbox 1261 246 1412 280; x_wconf 79' lang='lat' dir='ltr'><strong>doluisset,</strong></span> <span class='ocrx_word' id='word_1_135' title='bbox 1432 248 1476 275; x_wconf 77' lang='lat' dir='ltr'><strong>‘vel</strong></span> <span class='ocrx_word' id='word_1_136' title='bbox 1500 248 1597 276; x_wconf 86' lang='lat' dir='ltr'><strong>alienis</strong></span> <span class='ocrx_word' id='word_1_137' title='bbox 1619 249 1708 276; x_wconf 86' lang='lat' dir='ltr'><strong>oculis</strong></span> 
     </span>
    </p>
   </div>
   <div class='ocr_carea' id='block_1_21' title="bbox 923 286 1708 326">
    <p class='ocr_par' dir='ltr' id='par_1_21' title="bbox 923 286 1708 326">
     <span class='ocr_line' id='line_1_21' title="bbox 923 286 1708 326; baseline 0.008 -11"><span class='ocrx_word' id='word_1_138' title='bbox 923 295 1006 315; x_wconf 82' lang='lat' dir='ltr'><strong>casus</strong></span> <span class='ocrx_word' id='word_1_139' title='bbox 1022 293 1049 315; x_wconf 88' lang='lat' dir='ltr'><strong>et</strong></span> <span class='ocrx_word' id='word_1_140' title='bbox 1064 288 1225 317; x_wconf 82' lang='lat' dir='ltr'><strong>oﬂ&#39;ensionis</strong></span> <span class='ocrx_word' id='word_1_141' title='bbox 1240 292 1381 318; x_wconf 87' lang='lat' dir='ltr'><strong>materiam</strong></span> <span class='ocrx_word' id='word_1_142' title='bbox 1396 286 1529 326; x_wconf 61' lang='lat' dir='ltr'><strong>praberet</strong></span> <span class='ocrx_word' id='word_1_143' title='bbox 1539 313 1546 326; x_wconf 91' lang='lat'><strong>,</strong></span> <span class='ocrx_word' id='word_1_144' title='bbox 1565 293 1667 321; x_wconf 90' lang='lat' dir='ltr'><strong>idcirco</strong></span> <span class='ocrx_word' id='word_1_145' title='bbox 1678 302 1708 321; x_wconf 91' lang='lat' dir='ltr'><strong>se</strong></span> 
     </span>
    </p>
   </div>
   <div class='ocr_carea' id='block_1_22' title="bbox 923 333 1707 371">
    <p class='ocr_par' dir='ltr' id='par_1_22' title="bbox 923 333 1707 371">
     <span class='ocr_line' id='line_1_22' title="bbox 923 333 1707 371; baseline 0.008 -12"><span class='ocrx_word' id='word_1_146' title='bbox 923 333 1088 360; x_wconf 87' lang='lat' dir='ltr'><strong>carbonario</strong></span> <span class='ocrx_word' id='word_1_147' title='bbox 1103 334 1213 368; x_wconf 88' lang='lat' dir='ltr'><strong>opilicio</strong></span> <span class='ocrx_word' id='word_1_148' title='bbox 1228 335 1311 362; x_wconf 89' lang='lat' dir='ltr'><strong>veluti</strong></span> <span class='ocrx_word' id='word_1_149' title='bbox 1327 344 1443 371; x_wconf 83' lang='lat' dir='ltr'><strong>persona</strong></span> <span class='ocrx_word' id='word_1_150' title='bbox 1456 340 1575 371; x_wconf 87' lang='lat' dir='ltr'><strong>quadam</strong></span> <span class='ocrx_word' id='word_1_151' title='bbox 1590 338 1707 366; x_wconf 79' lang='lat' dir='ltr'><strong>deformi</strong></span> 
     </span>
    </p>
   </div>
   <div class='ocr_carea' id='block_1_23' title="bbox 924 379 1707 417">
    <p class='ocr_par' dir='ltr' id='par_1_23' title="bbox 924 379 1707 417">
     <span class='ocr_line' id='line_1_23' title="bbox 924 379 1707 417; baseline 0.008 -12"><span class='ocrx_word' id='word_1_152' title='bbox 924 379 1052 406; x_wconf 85' lang='lat' dir='ltr'><strong>consulto</strong></span> <span class='ocrx_word' id='word_1_153' title='bbox 1065 379 1221 406; x_wconf 82' lang='lat' dir='ltr'><strong>ctrctundat</strong></span> <span class='ocrx_word' id='word_1_154' title='bbox 1232 400 1239 412; x_wconf 94' lang='lat'><strong>,</strong></span> <span class='ocrx_word' id='word_1_155' title='bbox 1258 389 1313 415; x_wconf 85' lang='lat' dir='ltr'><strong>quo</strong></span> <span class='ocrx_word' id='word_1_156' title='bbox 1328 382 1383 408; x_wconf 76' lang='lat' dir='ltr'><strong>tam</strong></span> <span class='ocrx_word' id='word_1_157' title='bbox 1399 388 1501 417; x_wconf 87' lang='lat' dir='ltr'><strong>corpus</strong></span> <span class='ocrx_word' id='word_1_158' title='bbox 1518 383 1657 412; x_wconf 91' lang='lat' dir='ltr'><strong>laboribus</strong></span> <span class='ocrx_word' id='word_1_159' title='bbox 1674 384 1707 411; x_wconf 85' lang='lat' dir='ltr'><strong>ad</strong></span> 
     </span>
    </p>
   </div>
   <div class='ocr_carea' id='block_1_24' title="bbox 924 425 1708 463">
    <p class='ocr_par' dir='ltr' id='par_1_24' title="bbox 924 425 1708 463">
     <span class='ocr_line' id='line_1_24' title="bbox 924 425 1708 463; baseline 0.009 -12"><span class='ocrx_word' id='word_1_160' title='bbox 924 425 1055 452; x_wconf 85' lang='lat' dir='ltr'><strong>virtutem</strong></span> <span class='ocrx_word' id='word_1_161' title='bbox 1074 430 1261 459; x_wconf 74' lang='lat' dir='ltr'><strong>exerceretur,</strong></span> <span class='ocrx_word' id='word_1_162' title='bbox 1280 435 1362 462; x_wconf 89' lang='lat' dir='ltr'><strong>quam</strong></span> <span class='ocrx_word' id='word_1_163' title='bbox 1383 428 1562 463; x_wconf 74' lang='lat' dir='ltr'><strong>pulchritudo</strong></span> <span class='ocrx_word' id='word_1_164' title='bbox 1580 430 1708 458; x_wconf 89' lang='lat' dir='ltr'><strong>sordibus</strong></span> 
     </span>
    </p>
   </div>
   <div class='ocr_carea' id='block_1_25' title="bbox 924 472 1707 510">
    <p class='ocr_par' dir='ltr' id='par_1_25' title="bbox 924 472 1707 510">
     <span class='ocr_line' id='line_1_25' title="bbox 924 472 1707 510; baseline 0.006 -13"><span class='ocrx_word' id='word_1_165' title='bbox 924 472 1073 498; x_wconf 91' lang='lat' dir='ltr'><strong>carbonum</strong></span> <span class='ocrx_word' id='word_1_166' title='bbox 1096 472 1197 499; x_wconf 82' lang='lat' dir='ltr'><strong>inlecta</strong></span> <span class='ocrx_word' id='word_1_167' title='bbox 1218 473 1409 508; x_wconf 83' lang='lat' dir='ltr'><strong>obtegeretur.</strong></span> <span class='ocrx_word' id='word_1_168' title='bbox 1431 479 1459 501; x_wconf 90' lang='lat' dir='ltr'><strong>et</strong></span> <span class='ocrx_word' id='word_1_169' title='bbox 1478 475 1559 503; x_wconf 89' lang='lat' dir='ltr'><strong>simul</strong></span> <span class='ocrx_word' id='word_1_170' title='bbox 1580 476 1707 510; x_wconf 82' lang='lat' dir='ltr'><strong>pecunia.</strong></span> 
     </span>
    </p>
   </div>
   <div class='ocr_carea' id='block_1_26' title="bbox 924 518 1708 554">
    <p class='ocr_par' dir='ltr' id='par_1_26' title="bbox 924 518 1708 554">
     <span class='ocr_line' id='line_1_26' title="bbox 924 518 1708 554; baseline 0.005 -11"><span class='ocrx_word' id='word_1_171' title='bbox 924 525 1005 552; x_wconf 86' lang='lat' dir='ltr'><strong>quam</strong></span> <span class='ocrx_word' id='word_1_172' title='bbox 1023 525 1054 545; x_wconf 77' lang='lat' dir='ltr'><strong>ex</strong></span> <span class='ocrx_word' id='word_1_173' title='bbox 1076 518 1217 546; x_wconf 78' lang='lat' dir='ltr'><strong>laboribus</strong></span> <span class='ocrx_word' id='word_1_174' title='bbox 1235 519 1390 554; x_wconf 72' lang='lat' dir='ltr'><strong>quaerebat,</strong></span> <span class='ocrx_word' id='word_1_175' title='bbox 1407 520 1438 546; x_wconf 89' lang='lat' dir='ltr'><strong>ad</strong></span> <span class='ocrx_word' id='word_1_176' title='bbox 1454 520 1643 547; x_wconf 89' lang='lat' dir='ltr'><strong>mandatorum</strong></span> <span class='ocrx_word' id='word_1_177' title='bbox 1660 528 1708 547; x_wconf 82' lang='lat' dir='ltr'><strong>ex-</strong></span> 
     </span>
    </p>
   </div>
   <div class='ocr_carea' id='block_1_27' title="bbox 925 563 1708 601">
    <p class='ocr_par' dir='ltr' id='par_1_27' title="bbox 925 563 1708 601">
     <span class='ocr_line' id='line_1_27' title="bbox 925 563 1708 601; baseline 0.003 -11"><span class='ocrx_word' id='word_1_178' title='bbox 925 563 1097 590; x_wconf 83' lang='lat' dir='ltr'><strong>secutionem</strong></span> <span class='ocrx_word' id='word_1_179' title='bbox 1113 563 1332 598; x_wconf 86' lang='lat' dir='ltr'><strong>dispensaretur.</strong></span> <span class='ocrx_word' id='word_1_180' title='bbox 1351 563 1533 600; x_wconf 87' lang='lat' dir='ltr'><strong>Posteaquam</strong></span> <span class='ocrx_word' id='word_1_181' title='bbox 1548 565 1630 601; x_wconf 71' lang='lat' dir='ltr'><strong>igitur</strong></span> <span class='ocrx_word' id='word_1_182' title='bbox 1646 573 1708 592; x_wconf 82' lang='lat' dir='ltr'><strong>eum</strong></span> 
     </span>
    </p>
   </div>
   <div class='ocr_carea' id='block_1_28' title="bbox 924 609 1710 646">
    <p class='ocr_par' dir='ltr' id='par_1_28' title="bbox 924 609 1710 646">
     <span class='ocr_line' id='line_1_28' title="bbox 924 609 1710 646; baseline 0.005 -12"><span class='ocrx_word' id='word_1_183' title='bbox 924 617 955 634; x_wconf 75' lang='lat' dir='ltr'><strong>t-x</strong></span> <span class='ocrx_word' id='word_1_184' title='bbox 973 609 1091 636; x_wconf 87' lang='lat' dir='ltr'><strong>concilio</strong></span> <span class='ocrx_word' id='word_1_185' title='bbox 1107 609 1237 641; x_wconf 83' lang='lat' dir='ltr'><strong>abduxit,</strong></span> <span class='ocrx_word' id='word_1_186' title='bbox 1253 618 1285 637; x_wconf 89' lang='lat' dir='ltr'><strong>ac</strong></span> <span class='ocrx_word' id='word_1_187' title='bbox 1301 610 1335 638; x_wconf 87' lang='lat' dir='ltr'><strong>de</strong></span> <span class='ocrx_word' id='word_1_188' title='bbox 1351 614 1423 638; x_wconf 86' lang='lat' dir='ltr'><strong>statu</strong></span> <span class='ocrx_word' id='word_1_189' title='bbox 1438 611 1498 646; x_wconf 90' lang='lat' dir='ltr'><strong>ejus</strong></span> <span class='ocrx_word' id='word_1_190' title='bbox 1517 616 1600 646; x_wconf 88' lang='lat' dir='ltr'><strong>atque</strong></span> <span class='ocrx_word' id='word_1_191' title='bbox 1614 611 1710 639; x_wconf 88' lang='lat' dir='ltr'><strong>condi-</strong></span> 
     </span>
    </p>
   </div>
   <div class='ocr_carea' id='block_1_29' title="bbox 925 654 1708 690">
    <p class='ocr_par' dir='ltr' id='par_1_29' title="bbox 925 654 1708 690">
     <span class='ocr_line' id='line_1_29' title="bbox 925 654 1708 690; baseline 0.006 -10"><span class='ocrx_word' id='word_1_192' title='bbox 925 654 1001 681; x_wconf 89' lang='lat' dir='ltr'><strong>tione</strong></span> <span class='ocrx_word' id='word_1_193' title='bbox 1015 655 1106 681; x_wconf 85' lang='lat' dir='ltr'><strong>omnia</strong></span> <span class='ocrx_word' id='word_1_194' title='bbox 1118 656 1263 690; x_wconf 77' lang='lat' dir='ltr'><strong>diligenter</strong></span> <span class='ocrx_word' id='word_1_195' title='bbox 1275 660 1415 684; x_wconf 86' lang='lat' dir='ltr'><strong>scrutatus</strong></span> <span class='ocrx_word' id='word_1_196' title='bbox 1436 662 1463 684; x_wconf 88' lang='lat' dir='ltr'><strong>et</strong></span> <span class='ocrx_word' id='word_1_197' title='bbox 1476 658 1634 685; x_wconf 79' lang='lat' dir='ltr'><strong>sciSCitatus</strong></span> <span class='ocrx_word' id='word_1_198' title='bbox 1648 662 1690 685; x_wconf 88' lang='lat' dir='ltr'><strong>est</strong></span> <span class='ocrx_word' id='word_1_199' title='bbox 1701 678 1708 689; x_wconf 87' lang='lat'><strong>,</strong></span> 
     </span>
    </p>
   </div>
   <div class='ocr_carea' id='block_1_30' title="bbox 924 699 1710 738">
    <p class='ocr_par' dir='ltr' id='par_1_30' title="bbox 924 699 1710 738">
     <span class='ocr_line' id='line_1_30' title="bbox 924 699 1710 738; baseline 0.006 -13"><span class='ocrx_word' id='word_1_200' title='bbox 924 699 1002 726; x_wconf 91' lang='lat' dir='ltr'><strong>illum</strong></span> <span class='ocrx_word' id='word_1_201' title='bbox 1018 700 1127 734; x_wconf 86' lang='lat' dir='ltr'><strong>quidem</strong></span> <span class='ocrx_word' id='word_1_202' title='bbox 1143 700 1327 729; x_wconf 82' lang='lat' dir='ltr'><strong>familiaribus</strong></span> <span class='ocrx_word' id='word_1_203' title='bbox 1341 703 1399 729; x_wconf 91' lang='lat' dir='ltr'><strong>suis</strong></span> <span class='ocrx_word' id='word_1_204' title='bbox 1413 703 1515 735; x_wconf 87' lang='lat' dir='ltr'><strong>tradit,</strong></span> <span class='ocrx_word' id='word_1_205' title='bbox 1528 703 1710 738; x_wconf 88' lang='lat' dir='ltr'><strong>exsequijus-</strong></span> 
     </span>
    </p>
   </div>
   <div class='ocr_carea' id='block_1_31' title="bbox 925 745 1708 782">
    <p class='ocr_par' dir='ltr' id='par_1_31' title="bbox 925 745 1708 782">
     <span class='ocr_line' id='line_1_31' title="bbox 925 745 1708 782; baseline 0.004 -10"><span class='ocrx_word' id='word_1_206' title='bbox 925 745 965 772; x_wconf 87' lang='lat' dir='ltr'><strong>sis</strong></span> <span class='ocrx_word' id='word_1_207' title='bbox 984 753 1044 780; x_wconf 76' lang='lat' dir='ltr'><strong>quae</strong></span> <span class='ocrx_word' id='word_1_208' title='bbox 1059 753 1102 773; x_wconf 87' lang='lat' dir='ltr'><strong>res</strong></span> <span class='ocrx_word' id='word_1_209' title='bbox 1118 747 1273 781; x_wconf 77' lang='lat' dir='ltr'><strong>postulabat</strong></span> <span class='ocrx_word' id='word_1_210' title='bbox 1286 756 1292 773; x_wconf 95' lang='lat'><strong>:</strong></span> <span class='ocrx_word' id='word_1_211' title='bbox 1310 747 1368 782; x_wconf 89' lang='lat' dir='ltr'><strong>ipse</strong></span> <span class='ocrx_word' id='word_1_212' title='bbox 1382 756 1447 775; x_wconf 81' lang='lat' dir='ltr'><strong>vero</strong></span> <span class='ocrx_word' id='word_1_213' title='bbox 1461 749 1488 775; x_wconf 94' lang='lat' dir='ltr'><strong>in</strong></span> <span class='ocrx_word' id='word_1_214' title='bbox 1501 748 1650 775; x_wconf 84' lang='lat' dir='ltr'><strong>concilium</strong></span> <span class='ocrx_word' id='word_1_215' title='bbox 1663 757 1708 776; x_wconf 83' lang='lat' dir='ltr'><strong>re-</strong></span> 
     </span>
    </p>
   </div>
   <div class='ocr_carea' id='block_1_32' title="bbox 924 793 1710 829">
    <p class='ocr_par' dir='ltr' id='par_1_32' title="bbox 924 793 1710 829">
     <span class='ocr_line' id='line_1_32' title="bbox 924 793 1710 829; baseline 0.005 -11"><span class='ocrx_word' id='word_1_216' title='bbox 924 799 1021 819; x_wconf 85' lang='lat' dir='ltr'><strong>versus</strong></span> <span class='ocrx_word' id='word_1_217' title='bbox 1035 799 1067 819; x_wconf 77' lang='lat' dir='ltr'><strong>ex</strong></span> <span class='ocrx_word' id='word_1_218' title='bbox 1078 793 1205 826; x_wconf 63' lang='lat' dir='ltr'><strong>praesenti</strong></span> <span class='ocrx_word' id='word_1_219' title='bbox 1221 793 1417 820; x_wconf 77' lang='lat' dir='ltr'><strong>deliberatione</strong></span> <span class='ocrx_word' id='word_1_220' title='bbox 1428 799 1536 829; x_wconf 88' lang='lat' dir='ltr'><strong>sumpto</strong></span> <span class='ocrx_word' id='word_1_221' title='bbox 1548 801 1710 829; x_wconf 77' lang='lat' dir='ltr'><strong>argumento</strong></span> 
     </span>
    </p>
   </div>
   <div class='ocr_carea' id='block_1_33' title="bbox 925 838 1708 873">
    <p class='ocr_par' dir='ltr' id='par_1_33' title="bbox 925 838 1708 873">
     <span class='ocr_line' id='line_1_33' title="bbox 925 838 1708 873; baseline 0.005 -10"><span class='ocrx_word' id='word_1_222' title='bbox 925 842 1105 873; x_wconf 74' lang='lat' dir='ltr'><strong>congregatos</strong></span> <span class='ocrx_word' id='word_1_223' title='bbox 1118 838 1294 871; x_wconf 74' lang='lat' dir='ltr'><strong>instituebat,</strong></span> <span class='ocrx_word' id='word_1_224' title='bbox 1313 839 1346 866; x_wconf 92' lang='lat' dir='ltr'><strong>de</strong></span> <span class='ocrx_word' id='word_1_225' title='bbox 1369 840 1518 867; x_wconf 87' lang='lat' dir='ltr'><strong>sacerdotii</strong></span> <span class='ocrx_word' id='word_1_226' title='bbox 1539 840 1628 867; x_wconf 85' lang='lat' dir='ltr'><strong>oﬂicio</strong></span> <span class='ocrx_word' id='word_1_227' title='bbox 1649 848 1708 867; x_wconf 87' lang='lat' dir='ltr'><strong>ser-</strong></span> 
     </span>
    </p>
   </div>
   <div class='ocr_carea' id='block_1_34' title="bbox 85 881 878 919">
    <p class='ocr_par' dir='ltr' id='par_1_34' title="bbox 85 881 875 918">
     <span class='ocr_line' id='line_1_34' title="bbox 85 881 875 918; baseline 0.001 -11"><span class='ocrx_word' id='word_1_228' title='bbox 85 881 179 915; x_wconf 73' lang='grc' dir='ltr'>λόγοις</span> <span class='ocrx_word' id='word_1_229' title='bbox 195 882 392 917; x_wconf 83' lang='grc' dir='ltr'>παρακατέχων</span> <span class='ocrx_word' id='word_1_230' title='bbox 409 882 453 908; x_wconf 65' lang='grc' dir='ltr'><strong>τὸν</strong></span> <span class='ocrx_word' id='word_1_231' title='bbox 467 882 604 916; x_wconf 79' lang='grc' dir='ltr'>σύλλογον,</span> <span class='ocrx_word' id='word_1_232' title='bbox 616 882 669 913; x_wconf 74' lang='grc' dir='ltr'>ἕως</span> <span class='ocrx_word' id='word_1_233' title='bbox 682 882 875 918; x_wconf 73' lang='grc' dir='ltr'>ἐκπληρώσαν-</span> 
     </span>
    </p>
   </div>
   <div class='ocr_carea' id='block_1_35' title="bbox 929 881 1711 919">
    <p class='ocr_par' dir='ltr' id='par_1_35' title="bbox 929 883 1711 919">
     <span class='ocr_line' id='line_1_35' title="bbox 929 883 1711 919; baseline 0.005 -11"><span class='ocrx_word' id='word_1_234' title='bbox 929 888 1021 910; x_wconf 90' lang='lat' dir='ltr'><strong>mones</strong></span> <span class='ocrx_word' id='word_1_235' title='bbox 1031 883 1071 910; x_wconf 91' lang='lat' dir='ltr'><strong>eis</strong></span> <span class='ocrx_word' id='word_1_236' title='bbox 1085 891 1239 918; x_wconf 89' lang='lat' dir='ltr'><strong>proponens</strong></span> <span class='ocrx_word' id='word_1_237' title='bbox 1250 904 1257 916; x_wconf 88' lang='lat'><strong>,</strong></span> <span class='ocrx_word' id='word_1_238' title='bbox 1270 892 1301 911; x_wconf 83' lang='lat' dir='ltr'><strong>ac</strong></span> <span class='ocrx_word' id='word_1_239' title='bbox 1314 893 1361 919; x_wconf 86' lang='lat' dir='ltr'><strong>per</strong></span> <span class='ocrx_word' id='word_1_240' title='bbox 1376 884 1425 911; x_wconf 87' lang='lat' dir='ltr'><strong>hos</strong></span> <span class='ocrx_word' id='word_1_241' title='bbox 1437 885 1519 911; x_wconf 86' lang='lat' dir='ltr'><strong>vitam</strong></span> <span class='ocrx_word' id='word_1_242' title='bbox 1534 892 1596 912; x_wconf 88' lang='lat' dir='ltr'><strong>cmn</strong></span> <span class='ocrx_word' id='word_1_243' title='bbox 1610 885 1711 912; x_wconf 76' lang='lat' dir='ltr'><strong>virtute</strong></span> 
     </span>
    </p>
   </div>
   <div class='ocr_carea' id='block_1_36' title="bbox 84 927 877 963">
    <p class='ocr_par' dir='ltr' id='par_1_36' title="bbox 84 927 877 963">
     <span class='ocr_line' id='line_1_36' title="bbox 84 927 877 963; baseline 0.001 -10"><span class='ocrx_word' id='word_1_244' title='bbox 84 930 135 958; x_wconf 64' lang='grc' dir='ltr'>ἱες</span> <span class='ocrx_word' id='word_1_245' title='bbox 160 928 184 953; x_wconf 86' lang='lat' dir='ltr'><strong>ot</strong></span> <span class='ocrx_word' id='word_1_246' title='bbox 203 927 403 962; x_wconf 78' lang='grc' dir='ltr'>ὑπηρετοῦντες</span> <span class='ocrx_word' id='word_1_247' title='bbox 424 927 498 963; x_wconf 81' lang='grc' dir='ltr'>αὐτῷ</span> <span class='ocrx_word' id='word_1_248' title='bbox 521 928 552 954; x_wconf 86' lang='grc' dir='ltr'><strong>τὺ</strong></span> <span class='ocrx_word' id='word_1_249' title='bbox 573 928 806 963; x_wconf 72' lang='grc' dir='ltr'>προστεταγμένον</span> <span class='ocrx_word' id='word_1_250' title='bbox 828 929 877 954; x_wconf 72' lang='lat' dir='ltr'><strong>tr:-</strong></span> 
     </span>
    </p>
   </div>
   <div class='ocr_carea' id='block_1_37' title="bbox 85 973 876 1010">
    <p class='ocr_par' dir='ltr' id='par_1_37' title="bbox 85 973 876 1010">
     <span class='ocr_line' id='line_1_37' title="bbox 85 973 876 1010; baseline 0.001 -11"><span class='ocrx_word' id='word_1_251' title='bbox 85 973 217 1007; x_wconf 82' lang='grc' dir='ltr'>έστησαν,</span> <span class='ocrx_word' id='word_1_252' title='bbox 229 973 334 1008; x_wconf 77' lang='grc' dir='ltr'>ἔχοντες</span> <span class='ocrx_word' id='word_1_253' title='bbox 347 973 405 1008; x_wconf 79' lang='grc' dir='ltr'>μεθ’</span> <span class='ocrx_word' id='word_1_254' title='bbox 417 973 520 1001; x_wconf 71' lang='grc' dir='ltr'>ἑαυτῶν</span> <span class='ocrx_word' id='word_1_255' title='bbox 529 974 574 1000; x_wconf 79' lang='grc' dir='ltr'>τὸν</span> <span class='ocrx_word' id='word_1_256' title='bbox 582 973 763 1009; x_wconf 74' lang='grc' dir='ltr'>Ἀλέξανδρον,</span> <span class='ocrx_word' id='word_1_257' title='bbox 772 974 876 1010; x_wconf 84' lang='grc' dir='ltr'>λουτρῴ</span> 
     </span>
    </p>
   </div>
   <div class='ocr_carea' id='block_1_38' title="bbox 85 1019 876 1056">
    <p class='ocr_par' dir='ltr' id='par_1_38' title="bbox 85 1019 876 1056">
     <span class='ocr_line' id='line_1_38' title="bbox 85 1019 876 1056; baseline 0.003 -12"><span class='ocrx_word' id='word_1_258' title='bbox 85 1027 119 1044; x_wconf 87' lang='grc' dir='ltr'><strong>τε</strong></span> <span class='ocrx_word' id='word_1_259' title='bbox 133 1019 182 1053; x_wconf 86' lang='grc' dir='ltr'>τὴν</span> <span class='ocrx_word' id='word_1_260' title='bbox 197 1020 229 1046; x_wconf 86' lang='grc' dir='ltr'>ὲκ</span> <span class='ocrx_word' id='word_1_261' title='bbox 249 1019 303 1045; x_wconf 88' lang='grc' dir='ltr'><strong>τῶν</strong></span> <span class='ocrx_word' id='word_1_262' title='bbox 325 1019 445 1046; x_wconf 75' lang='grc' dir='ltr'>ἀσϐόλων</span> <span class='ocrx_word' id='word_1_263' title='bbox 468 1020 565 1056; x_wconf 78' lang='grc' dir='ltr'>ἀηδίαν</span> <span class='ocrx_word' id='word_1_264' title='bbox 581 1020 813 1055; x_wconf 78' lang='grc' dir='ltr'>ἀποκλυσάμενον,</span> <span class='ocrx_word' id='word_1_265' title='bbox 830 1021 876 1047; x_wconf 82' lang='grc' dir='ltr'>καὶ</span> 
     </span>
    </p>
   </div>
   <div class='ocr_carea' id='block_1_39' title="bbox 85 1064 876 1103">
    <p class='ocr_par' dir='ltr' id='par_1_39' title="bbox 85 1064 876 1103">
     <span class='ocr_line' id='line_1_39' title="bbox 85 1064 876 1103; baseline 0.005 -13"><span class='ocrx_word' id='word_1_266' title='bbox 85 1066 146 1096; x_wconf 76' lang='grc' dir='ltr'>τοῖς</span> <span class='ocrx_word' id='word_1_267' title='bbox 160 1064 205 1091; x_wconf 86' lang='grc' dir='ltr'>τοῦ</span> <span class='ocrx_word' id='word_1_268' title='bbox 229 1066 346 1100; x_wconf 82' lang='grc' dir='ltr'>μεγάλου</span> <span class='ocrx_word' id='word_1_269' title='bbox 363 1066 479 1101; x_wconf 74' lang='grc' dir='ltr'>ἱματίοις</span> <span class='ocrx_word' id='word_1_270' title='bbox 502 1067 700 1102; x_wconf 76' lang='grc' dir='ltr'>ἐστολισμένον.</span> <span class='ocrx_word' id='word_1_271' title='bbox 719 1067 810 1094; x_wconf 81' lang='grc' dir='ltr'>Ταῦτα</span> <span class='ocrx_word' id='word_1_272' title='bbox 823 1067 876 1103; x_wconf 84' lang='grc' dir='ltr'><strong>γὰρ</strong></span> 
     </span>
    </p>
   </div>
   <div class='ocr_carea' id='block_1_40' title="bbox 84 1108 877 1148">
    <p class='ocr_par' dir='ltr' id='par_1_40' title="bbox 84 1108 877 1148">
     <span class='ocr_line' id='line_1_40' title="bbox 84 1108 877 1148; baseline 0.005 -12"><span class='ocrx_word' id='word_1_273' title='bbox 84 1108 123 1145; x_wconf 76' lang='grc' dir='ltr'>ἦν</span> <span class='ocrx_word' id='word_1_274' title='bbox 143 1111 234 1142; x_wconf 83' lang='grc' dir='ltr'>αὐτοῖς</span> <span class='ocrx_word' id='word_1_275' title='bbox 247 1112 435 1147; x_wconf 82' lang='grc' dir='ltr'>ἐντειλάμενος</span> <span class='ocrx_word' id='word_1_276' title='bbox 446 1113 565 1148; x_wconf 80' lang='grc' dir='ltr'>ποιῆσαι.</span> <span class='ocrx_word' id='word_1_277' title='bbox 582 1113 694 1140; x_wconf 80' lang='grc' dir='ltr'>Πάντων</span> <span class='ocrx_word' id='word_1_278' title='bbox 706 1113 733 1140; x_wconf 79' lang='grc' dir='ltr'>δὲ</span> <span class='ocrx_word' id='word_1_279' title='bbox 750 1113 817 1148; x_wconf 75' lang='grc' dir='ltr'>πρὸς</span> <span class='ocrx_word' id='word_1_280' title='bbox 831 1113 877 1140; x_wconf 77' lang='grc' dir='ltr'>τὸν</span> 
     </span>
    </p>
   </div>
   <div class='ocr_carea' id='block_1_41' title="bbox 95 1155 876 1193">
    <p class='ocr_par' dir='ltr' id='par_1_41' title="bbox 95 1155 876 1193">
     <span class='ocr_line' id='line_1_41' title="bbox 95 1155 876 1193; baseline 0.004 -12"><span class='ocrx_word' id='word_1_281' title='bbox 95 1155 270 1191; x_wconf 78' lang='grc' dir='ltr'>Ἀλέξανδρον</span> <span class='ocrx_word' id='word_1_282' title='bbox 288 1157 518 1192; x_wconf 80' lang='grc' dir='ltr'>ὲπιστραφὲντων,</span> <span class='ocrx_word' id='word_1_283' title='bbox 539 1157 585 1183; x_wconf 69' lang='grc' dir='ltr'><strong>καὶ</strong></span> <span class='ocrx_word' id='word_1_284' title='bbox 599 1157 790 1191; x_wconf 79' lang='grc' dir='ltr'>θαυμαστικῶς</span> <span class='ocrx_word' id='word_1_285' title='bbox 809 1157 876 1193; x_wconf 72' lang='grc' dir='ltr'>πρὸς</span> 
     </span>
    </p>
   </div>
   <div class='ocr_carea' id='block_1_42' title="bbox 86 1200 877 1238">
    <p class='ocr_par' dir='ltr' id='par_1_42' title="bbox 86 1200 877 1238">
     <span class='ocr_line' id='line_1_42' title="bbox 86 1200 877 1238; baseline 0.005 -12"><span class='ocrx_word' id='word_1_286' title='bbox 86 1200 120 1226; x_wconf 83' lang='grc' dir='ltr'><strong>τὺ</strong></span> <span class='ocrx_word' id='word_1_287' title='bbox 138 1201 299 1237; x_wconf 75' lang='grc' dir='ltr'>φαινόμενον</span> <span class='ocrx_word' id='word_1_288' title='bbox 324 1202 514 1238; x_wconf 79' lang='grc' dir='ltr'>διακειμένων,</span> <span class='ocrx_word' id='word_1_289' title='bbox 531 1203 626 1230; x_wconf 84' lang='grc' dir='ltr'>Οὐδὲν</span> <span class='ocrx_word' id='word_1_290' title='bbox 641 1203 746 1230; x_wconf 79' lang='grc' dir='ltr'>καινὸν</span> <span class='ocrx_word' id='word_1_291' title='bbox 766 1204 877 1231; x_wconf 74' lang='grc' dir='ltr'>πεπόν-</span> 
     </span>
    </p>
   </div>
   <div class='ocr_carea' id='block_1_43' title="bbox 86 1248 876 1284">
    <p class='ocr_par' dir='ltr' id='par_1_43' title="bbox 86 1248 876 1284">
     <span class='ocr_line' id='line_1_43' title="bbox 86 1248 876 1284; baseline 0.005 -13"><span class='ocrx_word' id='word_1_292' title='bbox 86 1248 172 1278; x_wconf 66' lang='grc' dir='ltr'>θατε,</span> <span class='ocrx_word' id='word_1_293' title='bbox 196 1248 262 1282; x_wconf 72' lang='grc' dir='ltr'>φησὶ</span> <span class='ocrx_word' id='word_1_294' title='bbox 285 1248 353 1283; x_wconf 73' lang='grc' dir='ltr'>πρδς</span> <span class='ocrx_word' id='word_1_295' title='bbox 369 1248 468 1280; x_wconf 78' lang='grc' dir='ltr'>αὐτοὺς</span> <span class='ocrx_word' id='word_1_296' title='bbox 488 1250 502 1275; x_wconf 84' lang='grc' dir='ltr'>ὁ</span> <span class='ocrx_word' id='word_1_297' title='bbox 521 1248 690 1281; x_wconf 78' lang='grc' dir='ltr'>διδάσκαλος,</span> <span class='ocrx_word' id='word_1_298' title='bbox 713 1249 876 1284; x_wconf 63' lang='grc' dir='ltr'>ὀφθαλμοῖς</span> 
     </span>
    </p>
   </div>
   <div class='ocr_carea' id='block_1_44' title="bbox 87 1291 877 1329">
    <p class='ocr_par' dir='ltr' id='par_1_44' title="bbox 87 1291 877 1329">
     <span class='ocr_line' id='line_1_44' title="bbox 87 1291 877 1329; baseline 0.006 -13"><span class='ocrx_word' id='word_1_299' title='bbox 87 1291 303 1324; x_wconf 76' lang='grc' dir='ltr'>ἀπατηθέντες,</span> <span class='ocrx_word' id='word_1_300' title='bbox 328 1292 376 1318; x_wconf 80' lang='grc' dir='ltr'><strong>καί</strong></span> <span class='ocrx_word' id='word_1_301' title='bbox 393 1292 429 1327; x_wconf 77' lang='grc' dir='ltr'>τῇ</span> <span class='ocrx_word' id='word_1_302' title='bbox 444 1293 584 1327; x_wconf 77' lang='grc' dir='ltr'>αἰσθήσει</span> <span class='ocrx_word' id='word_1_303' title='bbox 607 1295 682 1328; x_wconf 74' lang='grc' dir='ltr'>μόνῃ</span> <span class='ocrx_word' id='word_1_304' title='bbox 697 1295 754 1328; x_wconf 80' lang='grc' dir='ltr'>τὴν</span> <span class='ocrx_word' id='word_1_305' title='bbox 777 1295 877 1329; x_wconf 78' lang='grc' dir='ltr'>κρίσιν</span> 
     </span>
    </p>
   </div>
   <div class='ocr_carea' id='block_1_45' title="bbox 89 1336 876 1375">
    <p class='ocr_par' dir='ltr' id='par_1_45' title="bbox 89 1336 876 1375">
     <span class='ocr_line' id='line_1_45' title="bbox 89 1336 876 1375; baseline 0.006 -13"><span class='ocrx_word' id='word_1_306' title='bbox 89 1336 146 1363; x_wconf 76' lang='grc' dir='ltr'>τοῦ</span> <span class='ocrx_word' id='word_1_307' title='bbox 159 1336 290 1370; x_wconf 76' lang='grc' dir='ltr'>κάλλους</span> <span class='ocrx_word' id='word_1_308' title='bbox 300 1337 522 1372; x_wconf 72' lang='grc' dir='ltr'>ἐπιτρέψαντες.</span> <span class='ocrx_word' id='word_1_309' title='bbox 538 1340 693 1374; x_wconf 72' lang='grc' dir='ltr'>Σφαλερὸν</span> <span class='ocrx_word' id='word_1_310' title='bbox 706 1340 760 1375; x_wconf 74' lang='grc' dir='ltr'>γὰρ</span> <span class='ocrx_word' id='word_1_311' title='bbox 777 1340 876 1374; x_wconf 74' lang='grc' dir='ltr'>κριτή-</span> 
     </span>
    </p>
   </div>
   <div class='ocr_carea' id='block_1_46' title="bbox 88 1381 878 1420">
    <p class='ocr_par' dir='ltr' id='par_1_46' title="bbox 88 1381 878 1420">
     <span class='ocr_line' id='line_1_46' title="bbox 88 1381 878 1420; baseline 0.006 -13"><span class='ocrx_word' id='word_1_312' title='bbox 88 1390 158 1413; x_wconf 78' lang='grc' dir='ltr'>ριον</span> <span class='ocrx_word' id='word_1_313' title='bbox 165 1381 220 1416; x_wconf 83' lang='grc' dir='ltr'>τῆς</span> <span class='ocrx_word' id='word_1_314' title='bbox 232 1382 292 1409; x_wconf 85' lang='grc' dir='ltr'>τῶν</span> <span class='ocrx_word' id='word_1_315' title='bbox 301 1383 396 1410; x_wconf 78' lang='grc' dir='ltr'>ὄντων</span> <span class='ocrx_word' id='word_1_316' title='bbox 403 1384 545 1418; x_wconf 73' lang='grc' dir='ltr'>ἀληθείας</span> <span class='ocrx_word' id='word_1_317' title='bbox 555 1385 573 1419; x_wconf 72' lang='grc' dir='ltr'><strong><em>ἡ</em></strong></span> <span class='ocrx_word' id='word_1_318' title='bbox 582 1386 734 1419; x_wconf 78' lang='grc' dir='ltr'>αῑσθησις.</span> <span class='ocrx_word' id='word_1_319' title='bbox 741 1385 878 1420; x_wconf 59' lang='grc' dir='ltr'>τὴν-πρὸς</span> 
     </span>
    </p>
   </div>
   <div class='ocr_carea' id='block_1_47' title="bbox 89 1427 877 1465">
    <p class='ocr_par' dir='ltr' id='par_1_47' title="bbox 89 1427 877 1465">
     <span class='ocr_line' id='line_1_47' title="bbox 89 1427 877 1465; baseline 0.006 -11"><span class='ocrx_word' id='word_1_320' title='bbox 89 1427 126 1454; x_wconf 64' lang='grc' dir='ltr'>τὸ</span> <span class='ocrx_word' id='word_1_321' title='bbox 138 1427 233 1460; x_wconf 85' lang='grc' dir='ltr'>,βάθος</span> <span class='ocrx_word' id='word_1_322' title='bbox 251 1429 306 1462; x_wconf 76' lang='grc' dir='ltr'>τῆς</span> <span class='ocrx_word' id='word_1_323' title='bbox 321 1429 455 1462; x_wconf 77' lang='grc' dir='ltr'>διανοίας</span> <span class='ocrx_word' id='word_1_324' title='bbox 481 1430 603 1457; x_wconf 76' lang='grc' dir='ltr'>είσοδον</span> <span class='ocrx_word' id='word_1_325' title='bbox 618 1431 655 1458; x_wconf 79' lang='grc' dir='ltr'><strong>δι’</strong></span> <span class='ocrx_word' id='word_1_326' title='bbox 677 1431 787 1465; x_wconf 75' lang='grc' dir='ltr'>ἑαυτῆς</span> <span class='ocrx_word' id='word_1_327' title='bbox 804 1432 877 1459; x_wconf 79' lang='grc' dir='ltr'>ἁπο-</span> 
     </span>
    </p>
   </div>
   <div class='ocr_carea' id='block_1_48' title="bbox 90 1475 878 1511">
    <p class='ocr_par' dir='ltr' id='par_1_48' title="bbox 90 1475 878 1511">
     <span class='ocr_line' id='line_1_48' title="bbox 90 1475 878 1511; baseline 0.005 -11"><span class='ocrx_word' id='word_1_328' title='bbox 90 1475 248 1501; x_wconf 74' lang='grc' dir='ltr'>κλείουσα.</span> <span class='ocrx_word' id='word_1_329' title='bbox 264 1475 337 1510; x_wconf 78' lang='grc' dir='ltr'><strong>Ἅμα</strong></span> <span class='ocrx_word' id='word_1_330' title='bbox 362 1475 396 1502; x_wconf 79' lang='grc' dir='ltr'>δὲ</span> <span class='ocrx_word' id='word_1_331' title='bbox 418 1477 466 1502; x_wconf 80' lang='grc' dir='ltr'><strong>καί</strong></span> <span class='ocrx_word' id='word_1_332' title='bbox 482 1476 562 1509; x_wconf 78' lang='grc' dir='ltr'>αὐτῷ</span> <span class='ocrx_word' id='word_1_333' title='bbox 584 1476 624 1509; x_wconf 84' lang='grc' dir='ltr'>τῷ</span> <span class='ocrx_word' id='word_1_334' title='bbox 647 1476 702 1511; x_wconf 83' lang='grc' dir='ltr'>τῆς</span> <span class='ocrx_word' id='word_1_335' title='bbox 723 1477 878 1511; x_wconf 78' lang='grc' dir='ltr'>εὐσεῦείας</span> 
     </span>
    </p>
   </div>
   <div class='ocr_carea' id='block_1_49' title="bbox 88 1519 877 1558">
    <p class='ocr_par' dir='ltr' id='par_1_49' title="bbox 88 1519 877 1558">
     <span class='ocr_line' id='line_1_49' title="bbox 88 1519 877 1558; baseline 0.005 -13"><span class='ocrx_word' id='word_1_336' title='bbox 88 1519 187 1554; x_wconf 77' lang='grc' dir='ltr'>ἐχθρῷ</span> <span class='ocrx_word' id='word_1_337' title='bbox 207 1520 324 1555; x_wconf 79' lang='grc' dir='ltr'>δαίμονι</span> <span class='ocrx_word' id='word_1_338' title='bbox 344 1521 432 1549; x_wconf 85' lang='grc' dir='ltr'>τοῦτο</span> <span class='ocrx_word' id='word_1_339' title='bbox 452 1523 544 1557; x_wconf 61' lang='grc' dir='ltr'>φίλον</span> <span class='ocrx_word' id='word_1_340' title='bbox 558 1521 597 1558; x_wconf 80' lang='grc' dir='ltr'>ἦν</span> <span class='ocrx_word' id='word_1_341' title='bbox 615 1523 733 1556; x_wconf 80' lang='grc' dir='ltr'>πάντως</span> <span class='ocrx_word' id='word_1_342' title='bbox 748 1522 877 1558; x_wconf 76' lang='grc' dir='ltr'>ἀργῆσαι</span> 
     </span>
    </p>
   </div>
   <div class='ocr_carea' id='block_1_50' title="bbox 90 1565 878 1603">
    <p class='ocr_par' dir='ltr' id='par_1_50' title="bbox 90 1565 878 1603">
     <span class='ocr_line' id='line_1_50' title="bbox 90 1565 878 1603; baseline 0.004 -11"><span class='ocrx_word' id='word_1_343' title='bbox 90 1567 123 1592; x_wconf 78' lang='grc' dir='ltr'>τὸ</span> <span class='ocrx_word' id='word_1_344' title='bbox 141 1565 195 1599; x_wconf 80' lang='grc' dir='ltr'>τῆς</span> <span class='ocrx_word' id='word_1_345' title='bbox 206 1566 333 1601; x_wconf 77' lang='grc' dir='ltr'>ἐκλογῆς</span> <span class='ocrx_word' id='word_1_346' title='bbox 346 1568 457 1601; x_wconf 80' lang='grc' dir='ltr'>σκεῦος</span> <span class='ocrx_word' id='word_1_347' title='bbox 468 1567 504 1602; x_wconf 79' lang='grc' dir='ltr'>τῇ</span> <span class='ocrx_word' id='word_1_348' title='bbox 515 1568 620 1603; x_wconf 75' lang='grc' dir='ltr'>ἀγνοίᾳ</span> <span class='ocrx_word' id='word_1_349' title='bbox 632 1569 878 1603; x_wconf 57' lang='grc' dir='ltr'>συηαλυπτόμε-</span> 
     </span>
    </p>
   </div>
   <div class='ocr_carea' id='block_1_51' title="bbox 89 1612 877 1649">
    <p class='ocr_par' dir='ltr' id='par_1_51' title="bbox 89 1612 877 1649">
     <span class='ocr_line' id='line_1_51' title="bbox 89 1612 877 1649; baseline 0.004 -12"><span class='ocrx_word' id='word_1_350' title='bbox 89 1617 158 1644; x_wconf 71' lang='grc' dir='ltr'>νον,</span> <span class='ocrx_word' id='word_1_351' title='bbox 166 1612 244 1646; x_wconf 81' lang='grc' dir='ltr'>μηδὲ</span> <span class='ocrx_word' id='word_1_352' title='bbox 254 1613 414 1647; x_wconf 70' lang='grc' dir='ltr'>παρελθεῖν</span> <span class='ocrx_word' id='word_1_353' title='bbox 422 1615 464 1646; x_wconf 82' lang='grc' dir='ltr'>εις</span> <span class='ocrx_word' id='word_1_354' title='bbox 474 1613 571 1648; x_wconf 80' lang='grc' dir='ltr'>μέσον</span> <span class='ocrx_word' id='word_1_355' title='bbox 580 1614 683 1648; x_wconf 76' lang='grc' dir='ltr'>ἄνδρα,</span> <span class='ocrx_word' id='word_1_356' title='bbox 695 1614 750 1649; x_wconf 83' lang='grc' dir='ltr'>τῆς</span> <span class='ocrx_word' id='word_1_357' title='bbox 760 1614 877 1641; x_wconf 83' lang='grc' dir='ltr'>ἐκείνου</span> 
     </span>
    </p>
   </div>
   <div class='ocr_carea' id='block_1_52' title="bbox 88 1655 878 1693">
    <p class='ocr_par' dir='ltr' id='par_1_52' title="bbox 88 1655 878 1693">
     <span class='ocr_line' id='line_1_52' title="bbox 88 1655 878 1693; baseline 0.004 -11"><span class='ocrx_word' id='word_1_358' title='bbox 88 1655 274 1690; x_wconf 67' lang='grc' dir='ltr'>δυναστείας</span> <span class='ocrx_word' id='word_1_359' title='bbox 298 1659 475 1692; x_wconf 82' lang='grc' dir='ltr'>καθαιρέτην</span> <span class='ocrx_word' id='word_1_360' title='bbox 500 1659 656 1693; x_wconf 77' lang='grc' dir='ltr'>ἐσόμενον.</span> <span class='ocrx_word' id='word_1_361' title='bbox 676 1658 769 1685; x_wconf 83' lang='grc' dir='ltr'>Ταῦτα</span> <span class='ocrx_word' id='word_1_362' title='bbox 794 1659 878 1686; x_wconf 63' lang='grc' dir='ltr'>εἰπὼν</span> 
     </span>
    </p>
   </div>
   <div class='ocr_carea' id='block_1_53' title="bbox 91 1703 879 1740">
    <p class='ocr_par' dir='ltr' id='par_1_53' title="bbox 91 1703 879 1740">
     <span class='ocr_line' id='line_1_53' title="bbox 91 1703 879 1740; baseline 0.004 -12"><span class='ocrx_word' id='word_1_363' title='bbox 91 1703 228 1737; x_wconf 77' lang='grc' dir='ltr'>προσάγει</span> <span class='ocrx_word' id='word_1_364' title='bbox 242 1703 281 1738; x_wconf 82' lang='grc' dir='ltr'>τῷ</span> <span class='ocrx_word' id='word_1_365' title='bbox 299 1704 358 1739; x_wconf 80' lang='grc' dir='ltr'>Θεῷ</span> <span class='ocrx_word' id='word_1_366' title='bbox 372 1704 416 1731; x_wconf 72' lang='grc' dir='ltr'><strong>διὰ</strong></span> <span class='ocrx_word' id='word_1_367' title='bbox 426 1704 476 1739; x_wconf 84' lang='grc' dir='ltr'>τῆς</span> <span class='ocrx_word' id='word_1_368' title='bbox 494 1705 643 1740; x_wconf 77' lang='grc' dir='ltr'>ἱερωσύνης</span> <span class='ocrx_word' id='word_1_369' title='bbox 656 1705 701 1731; x_wconf 85' lang='grc' dir='ltr'>τὸν</span> <span class='ocrx_word' id='word_1_370' title='bbox 714 1704 797 1740; x_wconf 73' lang='grc' dir='ltr'>ἄνδρα</span> <span class='ocrx_word' id='word_1_371' title='bbox 809 1705 879 1732; x_wconf 74' lang='grc' dir='ltr'>κατὰ</span> 
     </span>
    </p>
   </div>
   <div class='ocr_carea' id='block_1_54' title="bbox 90 1749 875 1787">
    <p class='ocr_par' dir='ltr' id='par_1_54' title="bbox 90 1749 875 1787">
     <span class='ocr_line' id='line_1_54' title="bbox 90 1749 875 1787; baseline 0.004 -12"><span class='ocrx_word' id='word_1_372' title='bbox 90 1749 139 1775; x_wconf 79' lang='grc' dir='ltr'>τὸν</span> <span class='ocrx_word' id='word_1_373' title='bbox 155 1749 346 1785; x_wconf 74' lang='grc' dir='ltr'>νενομισμένον</span> <span class='ocrx_word' id='word_1_374' title='bbox 359 1750 459 1785; x_wconf 77' lang='grc' dir='ltr'>τρόπον</span> <span class='ocrx_word' id='word_1_375' title='bbox 474 1751 621 1783; x_wconf 78' lang='grc' dir='ltr'>τελειώσας</span> <span class='ocrx_word' id='word_1_376' title='bbox 641 1753 673 1787; x_wconf 79' lang='grc' dir='ltr'><strong>τῇ</strong></span> <span class='ocrx_word' id='word_1_377' title='bbox 690 1752 789 1787; x_wconf 86' lang='grc' dir='ltr'>χάριτι.</span> <span class='ocrx_word' id='word_1_378' title='bbox 807 1752 875 1778; x_wconf 87' lang='grc' dir='ltr'>Πάν-</span> 
     </span>
    </p>
   </div>
   <div class='ocr_carea' id='block_1_55' title="bbox 89 1795 879 1833">
    <p class='ocr_par' dir='ltr' id='par_1_55' title="bbox 89 1795 879 1833">
     <span class='ocr_line' id='line_1_55' title="bbox 89 1795 879 1833; baseline 0.005 -12"><span class='ocrx_word' id='word_1_379' title='bbox 89 1803 148 1821; x_wconf 77' lang='grc' dir='ltr'><strong>των</strong></span> <span class='ocrx_word' id='word_1_380' title='bbox 160 1795 189 1821; x_wconf 82' lang='grc' dir='ltr'>δὲ</span> <span class='ocrx_word' id='word_1_381' title='bbox 210 1796 277 1830; x_wconf 75' lang='grc' dir='ltr'>πρὸς</span> <span class='ocrx_word' id='word_1_382' title='bbox 289 1795 335 1822; x_wconf 73' lang='grc' dir='ltr'>τὸν</span> <span class='ocrx_word' id='word_1_383' title='bbox 348 1796 408 1823; x_wconf 89' lang='grc' dir='ltr'>νέον</span> <span class='ocrx_word' id='word_1_384' title='bbox 430 1797 503 1833; x_wconf 78' lang='grc' dir='ltr'>ἱερέα</span> <span class='ocrx_word' id='word_1_385' title='bbox 522 1797 738 1829; x_wconf 75' lang='grc' dir='ltr'>ἀποῢλεπόντων,</span> <span class='ocrx_word' id='word_1_386' title='bbox 759 1806 879 1833; x_wconf 85' lang='grc' dir='ltr'>προτρα-</span> 
     </span>
    </p>
   </div>
   <div class='ocr_carea' id='block_1_56' title="bbox 92 1840 878 1878">
    <p class='ocr_par' dir='ltr' id='par_1_56' title="bbox 92 1840 878 1878">
     <span class='ocr_line' id='line_1_56' title="bbox 92 1840 878 1878; baseline 0.004 -12"><span class='ocrx_word' id='word_1_387' title='bbox 92 1840 156 1871; x_wconf 83' lang='grc' dir='ltr'>πείς</span> <span class='ocrx_word' id='word_1_388' title='bbox 177 1849 237 1867; x_wconf 81' lang='grc' dir='ltr'>τινα</span> <span class='ocrx_word' id='word_1_389' title='bbox 260 1842 328 1877; x_wconf 74' lang='grc' dir='ltr'>πρὸς</span> <span class='ocrx_word' id='word_1_390' title='bbox 348 1842 398 1877; x_wconf 86' lang='grc' dir='ltr'>τὴν</span> <span class='ocrx_word' id='word_1_391' title='bbox 423 1842 570 1878; x_wconf 74' lang='grc' dir='ltr'>ἐκκλησίαν</span> <span class='ocrx_word' id='word_1_392' title='bbox 597 1842 675 1877; x_wconf 85' lang='grc' dir='ltr'>λόγον</span> <span class='ocrx_word' id='word_1_393' title='bbox 700 1843 878 1878; x_wconf 85' lang='grc' dir='ltr'>ποιήσασθαι,</span> 
     </span>
    </p>
   </div>
   <div class='ocr_carea' id='block_1_57' title="bbox 94 1883 880 1923">
    <p class='ocr_par' dir='ltr' id='par_1_57' title="bbox 94 1883 880 1923">
     <span class='ocr_line' id='line_1_57' title="bbox 94 1883 880 1923; baseline 0.006 -13"><span class='ocrx_word' id='word_1_394' title='bbox 94 1883 195 1916; x_wconf 70' lang='grc' dir='ltr'>ἔδειξεν</span> <span class='ocrx_word' id='word_1_395' title='bbox 214 1886 294 1918; x_wconf 73' lang='grc' dir='ltr'>εὐθὺς</span> <span class='ocrx_word' id='word_1_396' title='bbox 309 1887 337 1913; x_wconf 79' lang='grc' dir='ltr'>ὲν</span> <span class='ocrx_word' id='word_1_397' title='bbox 352 1887 502 1922; x_wconf 85' lang='grc' dir='ltr'>προοιμίοις</span> <span class='ocrx_word' id='word_1_398' title='bbox 513 1887 563 1922; x_wconf 86' lang='grc' dir='ltr'>τῆς</span> <span class='ocrx_word' id='word_1_399' title='bbox 575 1887 663 1923; x_wconf 81' lang='grc' dir='ltr'>ἀρχῆς</span> <span class='ocrx_word' id='word_1_400' title='bbox 678 1888 693 1914; x_wconf 80' lang='lat'><strong>6</strong></span> <span class='ocrx_word' id='word_1_401' title='bbox 710 1887 880 1923; x_wconf 68' lang='grc' dir='ltr'>Ἀλέξανδρος</span> 
     </span>
    </p>
   </div>
   <div class='ocr_carea' id='block_1_58' title="bbox 93 1930 881 1969">
    <p class='ocr_par' dir='ltr' id='par_1_58' title="bbox 93 1930 881 1969">
     <span class='ocr_line' id='line_1_58' title="bbox 93 1930 881 1969; baseline 0.005 -13"><span class='ocrx_word' id='word_1_402' title='bbox 93 1930 229 1965; x_wconf 76' lang='grc' dir='ltr'>ἄψευστον</span> <span class='ocrx_word' id='word_1_403' title='bbox 247 1932 291 1957; x_wconf 79' lang='grc' dir='ltr'><strong>ἐπ’</strong></span> <span class='ocrx_word' id='word_1_404' title='bbox 311 1930 385 1966; x_wconf 82' lang='grc' dir='ltr'>αὐτῷ</span> <span class='ocrx_word' id='word_1_405' title='bbox 399 1932 446 1958; x_wconf 86' lang='grc' dir='ltr'>τοῦ</span> <span class='ocrx_word' id='word_1_406' title='bbox 462 1933 580 1967; x_wconf 82' lang='grc' dir='ltr'>μεγάλου</span> <span class='ocrx_word' id='word_1_407' title='bbox 596 1933 744 1968; x_wconf 85' lang='grc' dir='ltr'>Γρηγορίου</span> <span class='ocrx_word' id='word_1_408' title='bbox 759 1933 807 1969; x_wconf 87' lang='grc' dir='ltr'>τὴν</span> <span class='ocrx_word' id='word_1_409' title='bbox 822 1933 881 1968; x_wconf 82' lang='grc' dir='ltr'>κρί-</span> 
     </span>
    </p>
   </div>
   <div class='ocr_carea' id='block_1_59' title="bbox 94 1974 881 2015">
    <p class='ocr_par' dir='ltr' id='par_1_59' title="bbox 94 1974 881 2015">
     <span class='ocr_line' id='line_1_59' title="bbox 94 1974 881 2015; baseline 0.005 -14"><span class='ocrx_word' id='word_1_410' title='bbox 94 1984 148 2003; x_wconf 87' lang='grc' dir='ltr'>σιν.</span> <span class='ocrx_word' id='word_1_411' title='bbox 162 1974 216 2002; x_wconf 83' lang='grc' dir='ltr'>Ἦν</span> <span class='ocrx_word' id='word_1_412' title='bbox 231 1977 285 2013; x_wconf 82' lang='grc' dir='ltr'><strong>γὰρ</strong></span> <span class='ocrx_word' id='word_1_413' title='bbox 308 1977 381 2012; x_wconf 80' lang='grc' dir='ltr'>αὐτῷ</span> <span class='ocrx_word' id='word_1_414' title='bbox 403 1977 509 2013; x_wconf 81' lang='grc' dir='ltr'>πλήρης</span> <span class='ocrx_word' id='word_1_415' title='bbox 529 1978 647 2010; x_wconf 80' lang='grc' dir='ltr'>διανοίας</span> <span class='ocrx_word' id='word_1_416' title='bbox 668 1980 682 2005; x_wconf 84' lang='grc' dir='ltr'><em>ὁ</em></span> <span class='ocrx_word' id='word_1_417' title='bbox 698 1979 785 2013; x_wconf 83' lang='grc' dir='ltr'>λόγος,</span> <span class='ocrx_word' id='word_1_418' title='bbox 802 1977 881 2015; x_wconf 82' lang='grc' dir='ltr'>ἦττον</span> 
     </span>
    </p>
   </div>
   <div class='ocr_carea' id='block_1_60' title="bbox 93 2021 882 2059">
    <p class='ocr_par' dir='ltr' id='par_1_60' title="bbox 93 2021 882 2059">
     <span class='ocr_line' id='line_1_60' title="bbox 93 2021 882 2059; baseline 0.005 -12"><span class='ocrx_word' id='word_1_419' title='bbox 93 2021 134 2056; x_wconf 84' lang='grc' dir='ltr'>τῷ</span> <span class='ocrx_word' id='word_1_420' title='bbox 158 2021 233 2048; x_wconf 72' lang='grc' dir='ltr'>ἄνθει</span> <span class='ocrx_word' id='word_1_421' title='bbox 254 2023 509 2059; x_wconf 79' lang='grc' dir='ltr'>κεκαλλωπισμένος</span> <span class='ocrx_word' id='word_1_422' title='bbox 534 2024 584 2058; x_wconf 81' lang='grc' dir='ltr'>τῆς</span> <span class='ocrx_word' id='word_1_423' title='bbox 611 2023 718 2057; x_wconf 81' lang='grc' dir='ltr'>λέξεως.</span> <span class='ocrx_word' id='word_1_424' title='bbox 737 2024 818 2051; x_wconf 82' lang='grc' dir='ltr'>Ὅθεν</span> <span class='ocrx_word' id='word_1_425' title='bbox 840 2033 882 2056; x_wconf 89' lang='grc' dir='ltr'><strong>τις</strong></span> 
     </span>
    </p>
   </div>
   <div class='ocr_carea' id='block_1_61' title="bbox 93 2067 880 2105">
    <p class='ocr_par' dir='ltr' id='par_1_61' title="bbox 93 2067 880 2105">
     <span class='ocr_line' id='line_1_61' title="bbox 93 2067 880 2105; baseline 0.004 -12"><span class='ocrx_word' id='word_1_426' title='bbox 93 2067 150 2094; x_wconf 83' lang='grc' dir='ltr'>τῶν</span> <span class='ocrx_word' id='word_1_427' title='bbox 168 2068 235 2094; x_wconf 75' lang='grc' dir='ltr'>νέων</span> <span class='ocrx_word' id='word_1_428' title='bbox 250 2068 390 2104; x_wconf 81' lang='grc' dir='ltr'>ἀγέρωχος</span> <span class='ocrx_word' id='word_1_429' title='bbox 412 2070 444 2096; x_wconf 80' lang='grc' dir='ltr'>ὲκ</span> <span class='ocrx_word' id='word_1_430' title='bbox 459 2070 510 2104; x_wconf 84' lang='grc' dir='ltr'>τῆς</span> <span class='ocrx_word' id='word_1_431' title='bbox 531 2069 649 2101; x_wconf 83' lang='grc' dir='ltr'>Ἀτθίδος</span> <span class='ocrx_word' id='word_1_432' title='bbox 669 2070 760 2101; x_wconf 84' lang='grc' dir='ltr'>αὐτοῖς</span> <span class='ocrx_word' id='word_1_433' title='bbox 781 2070 880 2105; x_wconf 75' lang='grc' dir='ltr'><strong>ὲπιχω⁴</strong></span> 
     </span>
    </p>
   </div>
   <div class='ocr_carea' id='block_1_62' title="bbox 95 2113 882 2150">
    <p class='ocr_par' dir='ltr' id='par_1_62' title="bbox 95 2113 882 2150">
     <span class='ocr_line' id='line_1_62' title="bbox 95 2113 882 2150; baseline 0.004 -11"><span class='ocrx_word' id='word_1_434' title='bbox 95 2113 208 2149; x_wconf 79' lang='grc' dir='ltr'>ριάζων,</span> <span class='ocrx_word' id='word_1_435' title='bbox 224 2113 255 2140; x_wconf 76' lang='grc' dir='ltr'>τὸ</span> <span class='ocrx_word' id='word_1_436' title='bbox 276 2114 391 2146; x_wconf 77' lang='grc' dir='ltr'>ἀκαλλὲς</span> <span class='ocrx_word' id='word_1_437' title='bbox 405 2115 455 2149; x_wconf 83' lang='grc' dir='ltr'>τῆς</span> <span class='ocrx_word' id='word_1_438' title='bbox 469 2115 567 2148; x_wconf 79' lang='grc' dir='ltr'>λέξεως</span> <span class='ocrx_word' id='word_1_439' title='bbox 585 2115 763 2149; x_wconf 80' lang='grc' dir='ltr'>ὑπεγέλασεν,</span> <span class='ocrx_word' id='word_1_440' title='bbox 778 2116 819 2142; x_wconf 81' lang='grc' dir='ltr'>ὅτι</span> <span class='ocrx_word' id='word_1_441' title='bbox 845 2114 882 2150; x_wconf 81' lang='grc' dir='ltr'>μὴ</span> 
     </span>
    </p>
   </div>
   <div class='ocr_carea' id='block_1_63' title="bbox 92 2158 882 2195">
    <p class='ocr_par' dir='ltr' id='par_1_63' title="bbox 92 2158 882 2195">
     <span class='ocr_line' id='line_1_63' title="bbox 92 2158 882 2195; baseline 0.001 -11"><span class='ocrx_word' id='word_1_442' title='bbox 92 2160 130 2193; x_wconf 78' lang='grc' dir='ltr'><strong>τῇ</strong></span> <span class='ocrx_word' id='word_1_443' title='bbox 147 2158 292 2194; x_wconf 74' lang='grc' dir='ltr'>περιεργίᾳ</span> <span class='ocrx_word' id='word_1_444' title='bbox 306 2160 339 2194; x_wconf 80' lang='grc' dir='ltr'>τῇ</span> <span class='ocrx_word' id='word_1_445' title='bbox 359 2160 469 2195; x_wconf 82' lang='grc' dir='ltr'>Ἀττικῇ</span> <span class='ocrx_word' id='word_1_446' title='bbox 485 2158 687 2187; x_wconf 80' lang='grc' dir='ltr'>κεκαλλώπιστο</span> <span class='ocrx_word' id='word_1_447' title='bbox 697 2168 703 2176; x_wconf 87' lang='grc'>·</span> <span class='ocrx_word' id='word_1_448' title='bbox 715 2161 744 2187; x_wconf 81' lang='grc' dir='ltr'><strong>δν</strong></span> <span class='ocrx_word' id='word_1_449' title='bbox 759 2168 840 2194; x_wconf 74' lang='grc' dir='ltr'>φασιν</span> <span class='ocrx_word' id='word_1_450' title='bbox 851 2160 882 2185; x_wconf 80' lang='grc' dir='ltr'>ἐκ</span> 
     </span>
    </p>
   </div>
   <div class='ocr_carea' id='block_1_64' title="bbox 927 928 1711 964">
    <p class='ocr_par' dir='ltr' id='par_1_64' title="bbox 927 928 1711 964">
     <span class='ocr_line' id='line_1_64' title="bbox 927 928 1711 964; baseline 0.006 -11"><span class='ocrx_word' id='word_1_451' title='bbox 927 928 1104 963; x_wconf 85' lang='lat' dir='ltr'><strong>conjunctam</strong></span> <span class='ocrx_word' id='word_1_452' title='bbox 1131 929 1322 964; x_wconf 73' lang='lat' dir='ltr'><strong>przescribens.</strong></span> <span class='ocrx_word' id='word_1_453' title='bbox 1353 930 1550 958; x_wconf 84' lang='lat' dir='ltr'><strong>Perseverabat</strong></span> <span class='ocrx_word' id='word_1_454' title='bbox 1570 935 1661 958; x_wconf 89' lang='lat' dir='ltr'><strong>autem</strong></span> <span class='ocrx_word' id='word_1_455' title='bbox 1681 931 1711 958; x_wconf 90' lang='lat' dir='ltr'><strong>in</strong></span> 
     </span>
    </p>
   </div>
   <div class='ocr_carea' id='block_1_65' title="bbox 926 972 1711 1012">
    <p class='ocr_par' dir='ltr' id='par_1_65' title="bbox 926 972 1711 1012">
     <span class='ocr_line' id='line_1_65' title="bbox 926 972 1711 1012; baseline 0.006 -14"><span class='ocrx_word' id='word_1_456' title='bbox 926 972 1061 1006; x_wconf 78' lang='lat' dir='ltr'><strong>ejusmodi</strong></span> <span class='ocrx_word' id='word_1_457' title='bbox 1083 974 1256 1001; x_wconf 88' lang='lat' dir='ltr'><strong>sermonibus</strong></span> <span class='ocrx_word' id='word_1_458' title='bbox 1271 980 1438 1002; x_wconf 89' lang='lat' dir='ltr'><strong>conventum</strong></span> <span class='ocrx_word' id='word_1_459' title='bbox 1457 975 1601 1010; x_wconf 79' lang='lat' dir='ltr'><strong>detinens,</strong></span> <span class='ocrx_word' id='word_1_460' title='bbox 1620 976 1711 1012; x_wconf 83' lang='lat' dir='ltr'><strong>quoad</strong></span> 
     </span>
    </p>
   </div>
   <div class='ocr_carea' id='block_1_66' title="bbox 927 1018 1712 1054">
    <p class='ocr_par' dir='ltr' id='par_1_66' title="bbox 927 1018 1712 1054">
     <span class='ocr_line' id='line_1_66' title="bbox 927 1018 1712 1054; baseline 0.005 -10"><span class='ocrx_word' id='word_1_461' title='bbox 927 1018 1050 1045; x_wconf 84' lang='lat' dir='ltr'><strong>exsecuti</strong></span> <span class='ocrx_word' id='word_1_462' title='bbox 1067 1018 1208 1050; x_wconf 82' lang='lat' dir='ltr'><strong>mandata.</strong></span> <span class='ocrx_word' id='word_1_463' title='bbox 1228 1019 1274 1054; x_wconf 92' lang='lat' dir='ltr'><strong>qui</strong></span> <span class='ocrx_word' id='word_1_464' title='bbox 1299 1027 1408 1054; x_wconf 87' lang='lat' dir='ltr'><strong>operam</strong></span> <span class='ocrx_word' id='word_1_465' title='bbox 1434 1021 1458 1047; x_wconf 83' lang='lat' dir='ltr'><strong>ei</strong></span> <span class='ocrx_word' id='word_1_466' title='bbox 1485 1021 1639 1054; x_wconf 85' lang='lat' dir='ltr'><strong>navabant,</strong></span> <span class='ocrx_word' id='word_1_467' title='bbox 1664 1028 1712 1048; x_wconf 85' lang='lat' dir='ltr'><strong>su-</strong></span> 
     </span>
    </p>
   </div>
   <div class='ocr_carea' id='block_1_67' title="bbox 926 1064 1710 1101">
    <p class='ocr_par' dir='ltr' id='par_1_67' title="bbox 926 1064 1710 1101">
     <span class='ocr_line' id='line_1_67' title="bbox 926 1064 1710 1101; baseline 0.004 -11"><span class='ocrx_word' id='word_1_468' title='bbox 926 1068 1129 1099; x_wconf 83' lang='lat' dir='ltr'><strong>pervenerunt,</strong></span> <span class='ocrx_word' id='word_1_469' title='bbox 1149 1072 1241 1092; x_wconf 83' lang='lat' dir='ltr'><strong>secum</strong></span> <span class='ocrx_word' id='word_1_470' title='bbox 1258 1064 1426 1093; x_wconf 86' lang='lat' dir='ltr'><strong>adducentes</strong></span> <span class='ocrx_word' id='word_1_471' title='bbox 1442 1065 1627 1093; x_wconf 88' lang='lat' dir='ltr'><strong>Alexandrum</strong></span> <span class='ocrx_word' id='word_1_472' title='bbox 1639 1086 1646 1099; x_wconf 88' lang='lat'><strong>,</strong></span> <span class='ocrx_word' id='word_1_473' title='bbox 1663 1067 1710 1101; x_wconf 89' lang='lat' dir='ltr'><strong>qui</strong></span> 
     </span>
    </p>
   </div>
   <div class='ocr_carea' id='block_1_68' title="bbox 928 1110 1711 1145">
    <p class='ocr_par' dir='ltr' id='par_1_68' title="bbox 928 1110 1711 1145">
     <span class='ocr_line' id='line_1_68' title="bbox 928 1110 1711 1145; baseline 0.001 -8"><span class='ocrx_word' id='word_1_474' title='bbox 928 1114 954 1137; x_wconf 84' lang='lat' dir='ltr'><strong>ct</strong></span> <span class='ocrx_word' id='word_1_475' title='bbox 987 1111 1098 1137; x_wconf 87' lang='lat' dir='ltr'><strong>lavacro</strong></span> <span class='ocrx_word' id='word_1_476' title='bbox 1127 1110 1252 1145; x_wconf 77' lang='lat' dir='ltr'><strong>fuliginis</strong></span> <span class='ocrx_word' id='word_1_477' title='bbox 1272 1110 1501 1145; x_wconf 90' lang='lat' dir='ltr'><strong>injucunditalem</strong></span> <span class='ocrx_word' id='word_1_478' title='bbox 1521 1111 1711 1144; x_wconf 83' lang='lat' dir='ltr'><strong>absterserat,</strong></span> 
     </span>
    </p>
   </div>
   <div class='ocr_carea' id='block_1_69' title="bbox 927 1156 1710 1190">
    <p class='ocr_par' dir='ltr' id='par_1_69' title="bbox 927 1156 1710 1190">
     <span class='ocr_line' id='line_1_69' title="bbox 927 1156 1710 1190; baseline 0.003 -8"><span class='ocrx_word' id='word_1_479' title='bbox 927 1161 954 1183; x_wconf 84' lang='lat' dir='ltr'><strong>et</strong></span> <span class='ocrx_word' id='word_1_480' title='bbox 975 1156 1065 1190; x_wconf 71' lang='lat' dir='ltr'><strong>magni</strong></span> <span class='ocrx_word' id='word_1_481' title='bbox 1086 1156 1167 1184; x_wconf 87' lang='lat' dir='ltr'><strong>istius</strong></span> <span class='ocrx_word' id='word_1_482' title='bbox 1186 1156 1309 1184; x_wconf 82' lang='lat' dir='ltr'><strong>vestibus</strong></span> <span class='ocrx_word' id='word_1_483' title='bbox 1329 1156 1443 1184; x_wconf 90' lang='lat' dir='ltr'><strong>indutus</strong></span> <span class='ocrx_word' id='word_1_484' title='bbox 1461 1160 1488 1184; x_wconf 89' lang='lat' dir='ltr'><strong>et</strong></span> <span class='ocrx_word' id='word_1_485' title='bbox 1508 1161 1622 1185; x_wconf 82' lang='lat' dir='ltr'><strong>ornatus</strong></span> <span class='ocrx_word' id='word_1_486' title='bbox 1641 1163 1710 1185; x_wconf 84' lang='lat' dir='ltr'><strong>erat.</strong></span> 
     </span>
    </p>
   </div>
   <div class='ocr_carea' id='block_1_70' title="bbox 928 1200 1712 1236">
    <p class='ocr_par' dir='ltr' id='par_1_70' title="bbox 928 1200 1712 1236">
     <span class='ocr_line' id='line_1_70' title="bbox 928 1200 1712 1236; baseline 0.004 -8"><span class='ocrx_word' id='word_1_487' title='bbox 928 1200 991 1228; x_wconf 55' lang='lat' dir='ltr'><strong>Haec</strong></span> <span class='ocrx_word' id='word_1_488' title='bbox 1010 1201 1082 1228; x_wconf 87' lang='lat' dir='ltr'><strong>enitn</strong></span> <span class='ocrx_word' id='word_1_489' title='bbox 1102 1209 1200 1228; x_wconf 88' lang='lat' dir='ltr'><strong>curare</strong></span> <span class='ocrx_word' id='word_1_490' title='bbox 1215 1201 1287 1236; x_wconf 91' lang='lat' dir='ltr'><strong>jussi</strong></span> <span class='ocrx_word' id='word_1_491' title='bbox 1308 1206 1396 1229; x_wconf 84' lang='lat' dir='ltr'><strong>erant.</strong></span> <span class='ocrx_word' id='word_1_492' title='bbox 1418 1201 1551 1230; x_wconf 86' lang='lat' dir='ltr'><strong>Omnibus</strong></span> <span class='ocrx_word' id='word_1_493' title='bbox 1571 1207 1662 1231; x_wconf 86' lang='lat' dir='ltr'><strong>autem</strong></span> <span class='ocrx_word' id='word_1_494' title='bbox 1684 1204 1712 1231; x_wconf 90' lang='lat' dir='ltr'><strong>in</strong></span> 
     </span>
    </p>
   </div>
   <div class='ocr_carea' id='block_1_71' title="bbox 927 1246 1711 1283">
    <p class='ocr_par' dir='ltr' id='par_1_71' title="bbox 927 1246 1711 1283">
     <span class='ocr_line' id='line_1_71' title="bbox 927 1246 1711 1283; baseline 0.005 -11"><span class='ocrx_word' id='word_1_495' title='bbox 927 1246 1113 1273; x_wconf 75' lang='lat' dir='ltr'><strong>Alexandrum</strong></span> <span class='ocrx_word' id='word_1_496' title='bbox 1131 1246 1272 1273; x_wconf 83' lang='lat' dir='ltr'><strong>conversis</strong></span> <span class='ocrx_word' id='word_1_497' title='bbox 1284 1266 1291 1277; x_wconf 89' lang='lat'><strong>,</strong></span> <span class='ocrx_word' id='word_1_498' title='bbox 1308 1250 1335 1272; x_wconf 86' lang='lat' dir='ltr'><strong>ct</strong></span> <span class='ocrx_word' id='word_1_499' title='bbox 1352 1247 1384 1273; x_wconf 88' lang='lat' dir='ltr'><strong>ad</strong></span> <span class='ocrx_word' id='word_1_500' title='bbox 1403 1255 1500 1274; x_wconf 92' lang='lat' dir='ltr'><strong>novam</strong></span> <span class='ocrx_word' id='word_1_501' title='bbox 1515 1256 1575 1275; x_wconf 86' lang='lat' dir='ltr'><strong>eam</strong></span> <span class='ocrx_word' id='word_1_502' title='bbox 1593 1249 1711 1283; x_wconf 88' lang='lat' dir='ltr'><strong>speciem</strong></span> 
     </span>
    </p>
   </div>
   <div class='ocr_carea' id='block_1_72' title="bbox 928 1290 1712 1326">
    <p class='ocr_par' dir='ltr' id='par_1_72' title="bbox 928 1290 1712 1326">
     <span class='ocr_line' id='line_1_72' title="bbox 928 1290 1712 1326; baseline 0.001 -9"><span class='ocrx_word' id='word_1_503' title='bbox 928 1291 1110 1318; x_wconf 77' lang='lat' dir='ltr'><strong>admiratione</strong></span> <span class='ocrx_word' id='word_1_504' title='bbox 1128 1290 1236 1324; x_wconf 81' lang='lat' dir='ltr'><strong>deﬁxis,</strong></span> <span class='ocrx_word' id='word_1_505' title='bbox 1255 1290 1333 1317; x_wconf 83' lang='lat' dir='ltr'><strong>Nihil</strong></span> <span class='ocrx_word' id='word_1_506' title='bbox 1348 1291 1423 1323; x_wconf 73' lang='lat' dir='ltr'><strong>noui,</strong></span> <span class='ocrx_word' id='word_1_507' title='bbox 1441 1291 1529 1326; x_wconf 91' lang='lat' dir='ltr'><strong>inquit</strong></span> <span class='ocrx_word' id='word_1_508' title='bbox 1541 1292 1574 1318; x_wconf 86' lang='lat' dir='ltr'><strong>ad</strong></span> <span class='ocrx_word' id='word_1_509' title='bbox 1591 1300 1638 1320; x_wconf 80' lang='lat' dir='ltr'><strong>eos</strong></span> <span class='ocrx_word' id='word_1_510' title='bbox 1653 1300 1712 1319; x_wconf 84' lang='lat' dir='ltr'><strong>Ina-</strong></span> 
     </span>
    </p>
   </div>
   <div class='ocr_carea' id='block_1_73' title="bbox 928 1336 1713 1371">
    <p class='ocr_par' dir='ltr' id='par_1_73' title="bbox 928 1336 1713 1371">
     <span class='ocr_line' id='line_1_73' title="bbox 928 1336 1713 1371; baseline 0.004 -9"><span class='ocrx_word' id='word_1_511' title='bbox 928 1337 1024 1371; x_wconf 70' lang='lat' dir='ltr'><strong>gister.</strong></span> <span class='ocrx_word' id='word_1_512' title='bbox 1040 1336 1136 1363; x_wconf 82' lang='lat' dir='ltr'><strong>accidit</strong></span> <span class='ocrx_word' id='word_1_513' title='bbox 1151 1337 1221 1364; x_wconf 78' lang='lat' dir='ltr'><strong>vobis</strong></span> <span class='ocrx_word' id='word_1_514' title='bbox 1235 1357 1242 1369; x_wconf 88' lang='lat'><strong>,</strong></span> <span class='ocrx_word' id='word_1_515' title='bbox 1258 1337 1282 1363; x_wconf 84' lang='lat' dir='ltr'><strong>si</strong></span> <span class='ocrx_word' id='word_1_516' title='bbox 1297 1337 1379 1363; x_wconf 84' lang='lat' dir='ltr'><strong>oculis</strong></span> <span class='ocrx_word' id='word_1_517' title='bbox 1393 1337 1493 1371; x_wconf 78' lang='lat' dir='ltr'><strong>decepti</strong></span> <span class='ocrx_word' id='word_1_518' title='bbox 1509 1338 1573 1364; x_wconf 85' lang='lat' dir='ltr'><strong>estis</strong></span> <span class='ocrx_word' id='word_1_519' title='bbox 1584 1358 1591 1369; x_wconf 82' lang='lat'>.</span> <span class='ocrx_word' id='word_1_520' title='bbox 1610 1342 1634 1365; x_wconf 86' lang='lat' dir='ltr'><strong>et</strong></span> <span class='ocrx_word' id='word_1_521' title='bbox 1652 1346 1713 1365; x_wconf 84' lang='lat' dir='ltr'><strong>sen-</strong></span> 
     </span>
    </p>
   </div>
   <div class='ocr_carea' id='block_1_74' title="bbox 928 1382 1714 1417">
    <p class='ocr_par' dir='ltr' id='par_1_74' title="bbox 928 1382 1714 1417">
     <span class='ocr_line' id='line_1_74' title="bbox 928 1382 1714 1417; baseline 0.001 -8"><span class='ocrx_word' id='word_1_522' title='bbox 928 1383 971 1409; x_wconf 86' lang='lat' dir='ltr'><strong>sui</strong></span> <span class='ocrx_word' id='word_1_523' title='bbox 987 1383 1037 1409; x_wconf 88' lang='lat' dir='ltr'><strong>soli</strong></span> <span class='ocrx_word' id='word_1_524' title='bbox 1048 1382 1181 1417; x_wconf 81' lang='lat' dir='ltr'><strong>judicium</strong></span> <span class='ocrx_word' id='word_1_525' title='bbox 1204 1382 1409 1416; x_wconf 74' lang='lat' dir='ltr'><strong>pulchritudinis</strong></span> <span class='ocrx_word' id='word_1_526' title='bbox 1424 1383 1593 1417; x_wconf 81' lang='lat' dir='ltr'><strong>permisistis.</strong></span> <span class='ocrx_word' id='word_1_527' title='bbox 1611 1383 1714 1410; x_wconf 59' lang='lat' dir='ltr'><strong>Fallax</strong></span> 
     </span>
    </p>
   </div>
   <div class='ocr_carea' id='block_1_75' title="bbox 927 1428 1713 1463">
    <p class='ocr_par' dir='ltr' id='par_1_75' title="bbox 927 1428 1713 1463">
     <span class='ocr_line' id='line_1_75' title="bbox 927 1428 1713 1463; baseline 0.004 -9"><span class='ocrx_word' id='word_1_528' title='bbox 927 1429 996 1455; x_wconf 84' lang='lat' dir='ltr'><strong>enim</strong></span> <span class='ocrx_word' id='word_1_529' title='bbox 1018 1433 1042 1455; x_wconf 85' lang='lat' dir='ltr'><strong>et</strong></span> <span class='ocrx_word' id='word_1_530' title='bbox 1068 1429 1196 1455; x_wconf 84' lang='lat' dir='ltr'><strong>incertum</strong></span> <span class='ocrx_word' id='word_1_531' title='bbox 1222 1436 1308 1455; x_wconf 82' lang='lat' dir='ltr'><strong>rerum</strong></span> <span class='ocrx_word' id='word_1_532' title='bbox 1329 1429 1447 1455; x_wconf 77' lang='lat' dir='ltr'><strong>veritatis</strong></span> <span class='ocrx_word' id='word_1_533' title='bbox 1463 1428 1596 1463; x_wconf 78' lang='lat' dir='ltr'><strong>judicium</strong></span> <span class='ocrx_word' id='word_1_534' title='bbox 1621 1438 1713 1457; x_wconf 75' lang='lat' dir='ltr'><strong>sensus</strong></span> 
     </span>
    </p>
   </div>
   <div class='ocr_carea' id='block_1_76' title="bbox 927 1471 1714 1507">
    <p class='ocr_par' dir='ltr' id='par_1_76' title="bbox 927 1471 1714 1507">
     <span class='ocr_line' id='line_1_76' title="bbox 927 1471 1714 1507; baseline 0.001 -7"><span class='ocrx_word' id='word_1_535' title='bbox 927 1478 966 1500; x_wconf 82' lang='lat' dir='ltr'><strong>est</strong></span> <span class='ocrx_word' id='word_1_536' title='bbox 977 1493 983 1504; x_wconf 91' lang='lat'><strong>,</strong></span> <span class='ocrx_word' id='word_1_537' title='bbox 1001 1473 1102 1503; x_wconf 81' lang='lat' dir='ltr'><strong>aditum</strong></span> <span class='ocrx_word' id='word_1_538' title='bbox 1115 1480 1160 1506; x_wconf 78' lang='lat' dir='ltr'><strong>per</strong></span> <span class='ocrx_word' id='word_1_539' title='bbox 1174 1481 1201 1499; x_wconf 87' lang='lat' dir='ltr'><strong>se</strong></span> <span class='ocrx_word' id='word_1_540' title='bbox 1216 1471 1251 1499; x_wconf 84' lang='lat' dir='ltr'><strong>ad</strong></span> <span class='ocrx_word' id='word_1_541' title='bbox 1263 1473 1471 1507; x_wconf 76' lang='lat' dir='ltr'><strong>profunditatem</strong></span> <span class='ocrx_word' id='word_1_542' title='bbox 1486 1473 1581 1500; x_wconf 70' lang='lat' dir='ltr'><strong>utentis</strong></span> <span class='ocrx_word' id='word_1_543' title='bbox 1595 1478 1620 1501; x_wconf 85' lang='lat' dir='ltr'><strong>et</strong></span> <span class='ocrx_word' id='word_1_544' title='bbox 1635 1474 1714 1503; x_wconf 77' lang='lat' dir='ltr'><strong>intel-</strong></span> 
     </span>
    </p>
   </div>
   <div class='ocr_carea' id='block_1_77' title="bbox 929 1517 1714 1554">
    <p class='ocr_par' dir='ltr' id='par_1_77' title="bbox 929 1517 1714 1554">
     <span class='ocr_line' id='line_1_77' title="bbox 929 1517 1714 1554; baseline 0.001 -8"><span class='ocrx_word' id='word_1_545' title='bbox 929 1519 1041 1554; x_wconf 78' lang='lat' dir='ltr'><strong>ligentia:</strong></span> <span class='ocrx_word' id='word_1_546' title='bbox 1054 1517 1228 1552; x_wconf 73' lang='lat' dir='ltr'><strong>prwrludens.</strong></span> <span class='ocrx_word' id='word_1_547' title='bbox 1243 1518 1330 1545; x_wconf 83' lang='lat' dir='ltr'><strong>Simul</strong></span> <span class='ocrx_word' id='word_1_548' title='bbox 1344 1523 1431 1545; x_wconf 81' lang='lat' dir='ltr'><strong>autent</strong></span> <span class='ocrx_word' id='word_1_549' title='bbox 1446 1519 1525 1545; x_wconf 84' lang='lat' dir='ltr'><strong>etiam</strong></span> <span class='ocrx_word' id='word_1_550' title='bbox 1540 1519 1647 1553; x_wconf 71' lang='lat' dir='ltr'><strong>pietatis</strong></span> <span class='ocrx_word' id='word_1_551' title='bbox 1661 1519 1714 1547; x_wconf 81' lang='lat' dir='ltr'><strong>ini-</strong></span> 
     </span>
    </p>
   </div>
   <div class='ocr_carea' id='block_1_78' title="bbox 929 1563 1713 1597">
    <p class='ocr_par' dir='ltr' id='par_1_78' title="bbox 929 1563 1713 1597">
     <span class='ocr_line' id='line_1_78' title="bbox 929 1563 1713 1597; baseline 0.003 -7"><span class='ocrx_word' id='word_1_552' title='bbox 929 1565 996 1590; x_wconf 73' lang='lat' dir='ltr'><strong>mico</strong></span> <span class='ocrx_word' id='word_1_553' title='bbox 1008 1563 1121 1590; x_wconf 65' lang='lat' dir='ltr'><strong>damoni</strong></span> <span class='ocrx_word' id='word_1_554' title='bbox 1132 1571 1241 1597; x_wconf 75' lang='lat' dir='ltr'><strong>prorsus</strong></span> <span class='ocrx_word' id='word_1_555' title='bbox 1255 1563 1282 1590; x_wconf 78' lang='lat' dir='ltr'><strong>id</strong></span> <span class='ocrx_word' id='word_1_556' title='bbox 1296 1563 1383 1590; x_wconf 84' lang='lat' dir='ltr'><strong>studio</strong></span> <span class='ocrx_word' id='word_1_557' title='bbox 1394 1568 1451 1590; x_wconf 75' lang='lat' dir='ltr'><strong>erat</strong></span> <span class='ocrx_word' id='word_1_558' title='bbox 1461 1584 1468 1597; x_wconf 88' lang='lat'><strong>,</strong></span> <span class='ocrx_word' id='word_1_559' title='bbox 1484 1569 1512 1590; x_wconf 86' lang='lat' dir='ltr'><strong>ut</strong></span> <span class='ocrx_word' id='word_1_560' title='bbox 1524 1573 1568 1591; x_wconf 78' lang='lat' dir='ltr'><strong>ws</strong></span> <span class='ocrx_word' id='word_1_561' title='bbox 1579 1565 1713 1592; x_wconf 85' lang='lat' dir='ltr'><strong>electionis</strong></span> 
     </span>
    </p>
   </div>
   <div class='ocr_carea' id='block_1_79' title="bbox 928 1609 1712 1644">
    <p class='ocr_par' dir='ltr' id='par_1_79' title="bbox 928 1609 1712 1644">
     <span class='ocr_line' id='line_1_79' title="bbox 928 1609 1712 1644; baseline 0.004 -9"><span class='ocrx_word' id='word_1_562' title='bbox 928 1610 1095 1644; x_wconf 80' lang='lat' dir='ltr'><strong>ignoratione</strong></span> <span class='ocrx_word' id='word_1_563' title='bbox 1122 1613 1284 1640; x_wconf 76' lang='lat' dir='ltr'><strong>contectum,</strong></span> <span class='ocrx_word' id='word_1_564' title='bbox 1313 1609 1426 1635; x_wconf 85' lang='lat' dir='ltr'><strong>otiosum</strong></span> <span class='ocrx_word' id='word_1_565' title='bbox 1449 1614 1474 1636; x_wconf 88' lang='lat' dir='ltr'><strong>et</strong></span> <span class='ocrx_word' id='word_1_566' title='bbox 1503 1610 1598 1637; x_wconf 85' lang='lat' dir='ltr'><strong>inutile</strong></span> <span class='ocrx_word' id='word_1_567' title='bbox 1625 1616 1712 1643; x_wconf 83' lang='lat' dir='ltr'><strong>esset,</strong></span> 
     </span>
    </p>
   </div>
   <div class='ocr_carea' id='block_1_80' title="bbox 929 1653 1713 1690">
    <p class='ocr_par' dir='ltr' id='par_1_80' title="bbox 929 1653 1713 1690">
     <span class='ocr_line' id='line_1_80' title="bbox 929 1653 1713 1690; baseline 0.003 -9"><span class='ocrx_word' id='word_1_568' title='bbox 929 1662 978 1681; x_wconf 87' lang='lat' dir='ltr'><strong>neu</strong></span> <span class='ocrx_word' id='word_1_569' title='bbox 993 1653 1111 1688; x_wconf 84' lang='lat' dir='ltr'><strong>prodiret</strong></span> <span class='ocrx_word' id='word_1_570' title='bbox 1127 1654 1153 1680; x_wconf 85' lang='lat' dir='ltr'><strong>iu</strong></span> <span class='ocrx_word' id='word_1_571' title='bbox 1167 1653 1282 1680; x_wconf 82' lang='lat' dir='ltr'><strong>medium</strong></span> <span class='ocrx_word' id='word_1_572' title='bbox 1297 1654 1346 1685; x_wconf 77' lang='lat' dir='ltr'><strong>vir,</strong></span> <span class='ocrx_word' id='word_1_573' title='bbox 1362 1655 1406 1688; x_wconf 86' lang='lat' dir='ltr'><strong>qui</strong></span> <span class='ocrx_word' id='word_1_574' title='bbox 1429 1655 1512 1688; x_wconf 85' lang='lat' dir='ltr'><strong>ipsius</strong></span> <span class='ocrx_word' id='word_1_575' title='bbox 1534 1656 1713 1690; x_wconf 73' lang='lat' dir='ltr'><strong>principatum</strong></span> 
     </span>
    </p>
   </div>
   <div class='ocr_carea' id='block_1_81' title="bbox 927 1699 1715 1734">
    <p class='ocr_par' dir='ltr' id='par_1_81' title="bbox 927 1699 1715 1734">
     <span class='ocr_line' id='line_1_81' title="bbox 927 1699 1715 1734; baseline 0.004 -8"><span class='ocrx_word' id='word_1_576' title='bbox 927 1708 1066 1727; x_wconf 82' lang='lat' dir='ltr'><strong>eversurus</strong></span> <span class='ocrx_word' id='word_1_577' title='bbox 1081 1705 1159 1727; x_wconf 79' lang='lat' dir='ltr'><strong>esset.</strong></span> <span class='ocrx_word' id='word_1_578' title='bbox 1177 1699 1240 1727; x_wconf 65' lang='lat' dir='ltr'><strong>llaec</strong></span> <span class='ocrx_word' id='word_1_579' title='bbox 1255 1700 1364 1727; x_wconf 87' lang='lat' dir='ltr'><strong>locutus</strong></span> <span class='ocrx_word' id='word_1_580' title='bbox 1375 1721 1382 1732; x_wconf 86' lang='lat'><strong>,</strong></span> <span class='ocrx_word' id='word_1_581' title='bbox 1400 1708 1462 1727; x_wconf 90' lang='lat' dir='ltr'><strong>cum</strong></span> <span class='ocrx_word' id='word_1_582' title='bbox 1477 1708 1539 1727; x_wconf 88' lang='lat' dir='ltr'><strong>eum</strong></span> <span class='ocrx_word' id='word_1_583' title='bbox 1553 1701 1632 1734; x_wconf 86' lang='lat' dir='ltr'><strong>juxta</strong></span> <span class='ocrx_word' id='word_1_584' title='bbox 1647 1709 1715 1729; x_wconf 72' lang='lat' dir='ltr'><strong>cun-</strong></span> 
     </span>
    </p>
   </div>
   <div class='ocr_carea' id='block_1_82' title="bbox 930 1745 1715 1780">
    <p class='ocr_par' dir='ltr' id='par_1_82' title="bbox 930 1745 1715 1780">
     <span class='ocr_line' id='line_1_82' title="bbox 930 1745 1715 1780; baseline 0.001 -8"><span class='ocrx_word' id='word_1_585' title='bbox 930 1749 1037 1772; x_wconf 86' lang='lat' dir='ltr'><strong>suetum</strong></span> <span class='ocrx_word' id='word_1_586' title='bbox 1054 1753 1160 1772; x_wconf 88' lang='lat' dir='ltr'><strong>morem</strong></span> <span class='ocrx_word' id='word_1_587' title='bbox 1184 1746 1310 1780; x_wconf 87' lang='lat' dir='ltr'><strong>ritusque</strong></span> <span class='ocrx_word' id='word_1_588' title='bbox 1326 1745 1465 1773; x_wconf 88' lang='lat' dir='ltr'><strong>solemnes</strong></span> <span class='ocrx_word' id='word_1_589' title='bbox 1494 1745 1527 1772; x_wconf 92' lang='lat' dir='ltr'><strong>ad</strong></span> <span class='ocrx_word' id='word_1_590' title='bbox 1547 1746 1598 1773; x_wconf 88' lang='lat' dir='ltr'><strong>hoc</strong></span> <span class='ocrx_word' id='word_1_591' title='bbox 1616 1754 1715 1774; x_wconf 85' lang='lat' dir='ltr'><strong>munus</strong></span> 
     </span>
    </p>
   </div>
   <div class='ocr_carea' id='block_1_83' title="bbox 930 1791 1716 1827">
    <p class='ocr_par' dir='ltr' id='par_1_83' title="bbox 930 1791 1716 1827">
     <span class='ocr_line' id='line_1_83' title="bbox 930 1791 1716 1827; baseline 0.001 -9"><span class='ocrx_word' id='word_1_592' title='bbox 930 1791 1058 1819; x_wconf 88' lang='lat' dir='ltr'><strong>idoneum</strong></span> <span class='ocrx_word' id='word_1_593' title='bbox 1075 1791 1228 1823; x_wconf 81' lang='lat' dir='ltr'><strong>eil‘ecisset,</strong></span> <span class='ocrx_word' id='word_1_594' title='bbox 1244 1799 1293 1827; x_wconf 86' lang='lat' dir='ltr'><strong>per</strong></span> <span class='ocrx_word' id='word_1_595' title='bbox 1306 1791 1491 1819; x_wconf 86' lang='lat' dir='ltr'><strong>sacerdotium</strong></span> <span class='ocrx_word' id='word_1_596' title='bbox 1506 1791 1562 1819; x_wconf 89' lang='lat' dir='ltr'><strong>Deo</strong></span> <span class='ocrx_word' id='word_1_597' title='bbox 1574 1792 1663 1819; x_wconf 84' lang='lat' dir='ltr'><strong>virum</strong></span> <span class='ocrx_word' id='word_1_598' title='bbox 1677 1792 1716 1819; x_wconf 59' lang='lat' dir='ltr'><strong>div</strong></span> 
     </span>
    </p>
   </div>
   <div class='ocr_carea' id='block_1_84' title="bbox 930 1837 1717 1867">
    <p class='ocr_par' dir='ltr' id='par_1_84' title="bbox 930 1837 1717 1867">
     <span class='ocr_line' id='line_1_84' title="bbox 930 1837 1717 1867; baseline 0.001 -3"><span class='ocrx_word' id='word_1_599' title='bbox 930 1842 986 1864; x_wconf 87' lang='lat' dir='ltr'><strong>cat.</strong></span> <span class='ocrx_word' id='word_1_600' title='bbox 1005 1837 1140 1865; x_wconf 87' lang='lat' dir='ltr'><strong>Omnibus</strong></span> <span class='ocrx_word' id='word_1_601' title='bbox 1159 1842 1370 1866; x_wconf 76' lang='lat' dir='ltr'><strong>autemnovum</strong></span> <span class='ocrx_word' id='word_1_602' title='bbox 1391 1837 1564 1866; x_wconf 81' lang='lat' dir='ltr'><strong>sacerdotem</strong></span> <span class='ocrx_word' id='word_1_603' title='bbox 1584 1838 1717 1867; x_wconf 78' lang='lat' dir='ltr'><strong>iumenti-</strong></span> 
     </span>
    </p>
   </div>
   <div class='ocr_carea' id='block_1_85' title="bbox 932 1883 1718 1919">
    <p class='ocr_par' dir='ltr' id='par_1_85' title="bbox 932 1883 1718 1919">
     <span class='ocr_line' id='line_1_85' title="bbox 932 1883 1718 1919; baseline 0.004 -9"><span class='ocrx_word' id='word_1_604' title='bbox 932 1884 1001 1915; x_wconf 78' lang='lat' dir='ltr'><strong>bus,</strong></span> <span class='ocrx_word' id='word_1_605' title='bbox 1034 1888 1147 1919; x_wconf 81' lang='lat' dir='ltr'><strong>rogatus</strong></span> <span class='ocrx_word' id='word_1_606' title='bbox 1174 1889 1204 1911; x_wconf 93' lang='lat' dir='ltr'><strong>ut</strong></span> <span class='ocrx_word' id='word_1_607' title='bbox 1229 1884 1349 1919; x_wconf 84' lang='lat' dir='ltr'><strong>aliquam</strong></span> <span class='ocrx_word' id='word_1_608' title='bbox 1377 1883 1412 1911; x_wconf 87' lang='lat' dir='ltr'><strong>ad</strong></span> <span class='ocrx_word' id='word_1_609' title='bbox 1434 1884 1580 1911; x_wconf 85' lang='lat' dir='ltr'><strong>ecclesiam</strong></span> <span class='ocrx_word' id='word_1_610' title='bbox 1603 1883 1718 1913; x_wconf 74' lang='lat' dir='ltr'><strong>haberet</strong></span> 
     </span>
    </p>
   </div>
   <div class='ocr_carea' id='block_1_86' title="bbox 932 1929 1718 1962">
    <p class='ocr_par' dir='ltr' id='par_1_86' title="bbox 932 1929 1718 1962">
     <span class='ocr_line' id='line_1_86' title="bbox 932 1929 1718 1962; baseline 0.001 -6"><span class='ocrx_word' id='word_1_611' title='bbox 932 1929 1103 1962; x_wconf 83' lang='lat' dir='ltr'><strong>orationem,</strong></span> <span class='ocrx_word' id='word_1_612' title='bbox 1124 1929 1217 1957; x_wconf 83' lang='lat' dir='ltr'><strong>statim</strong></span> <span class='ocrx_word' id='word_1_613' title='bbox 1242 1929 1269 1956; x_wconf 93' lang='lat' dir='ltr'><strong>in</strong></span> <span class='ocrx_word' id='word_1_614' title='bbox 1293 1929 1374 1956; x_wconf 83' lang='lat' dir='ltr'><strong>initio</strong></span> <span class='ocrx_word' id='word_1_615' title='bbox 1395 1936 1451 1956; x_wconf 68' lang='lat' dir='ltr'><strong>suae</strong></span> <span class='ocrx_word' id='word_1_616' title='bbox 1471 1929 1718 1957; x_wconf 65' lang='lat' dir='ltr'><strong>administrationis</strong></span> 
     </span>
    </p>
   </div>
   <div class='ocr_carea' id='block_1_87' title="bbox 931 1974 1716 2010">
    <p class='ocr_par' dir='ltr' id='par_1_87' title="bbox 931 1974 1716 2010">
     <span class='ocr_line' id='line_1_87' title="bbox 931 1974 1716 2010; baseline 0.001 -8"><span class='ocrx_word' id='word_1_617' title='bbox 931 1976 1089 2003; x_wconf 79' lang='lat' dir='ltr'><strong>Alexander</strong></span> <span class='ocrx_word' id='word_1_618' title='bbox 1106 1975 1245 2006; x_wconf 89' lang='lat' dir='ltr'><strong>ostendit,</strong></span> <span class='ocrx_word' id='word_1_619' title='bbox 1264 1974 1337 2001; x_wconf 84' lang='lat' dir='ltr'><strong>haud</strong></span> <span class='ocrx_word' id='word_1_620' title='bbox 1353 1974 1453 2001; x_wconf 82' lang='lat' dir='ltr'><strong>falsum</strong></span> <span class='ocrx_word' id='word_1_621' title='bbox 1473 1974 1500 2001; x_wconf 94' lang='lat' dir='ltr'><strong>in</strong></span> <span class='ocrx_word' id='word_1_622' title='bbox 1518 1981 1580 2002; x_wconf 84' lang='lat' dir='ltr'><strong>sese</strong></span> <span class='ocrx_word' id='word_1_623' title='bbox 1590 1974 1716 2010; x_wconf 70' lang='lat' dir='ltr'><strong>Gregorii</strong></span> 
     </span>
    </p>
   </div>
   <div class='ocr_carea' id='block_1_88' title="bbox 930 2014 1717 2057">
    <p class='ocr_par' dir='ltr' id='par_1_88' title="bbox 930 2014 1717 2057">
     <span class='ocr_line' id='line_1_88' title="bbox 930 2014 1717 2057; baseline 0 -9"><span class='ocrx_word' id='word_1_624' title='bbox 930 2021 1066 2056; x_wconf 85' lang='lat' dir='ltr'><strong>judicium</strong></span> <span class='ocrx_word' id='word_1_625' title='bbox 1087 2020 1181 2048; x_wconf 81' lang='lat' dir='ltr'><strong>fuisse.</strong></span> <span class='ocrx_word' id='word_1_626' title='bbox 1207 2020 1270 2047; x_wconf 86' lang='lat' dir='ltr'><strong>Erat</strong></span> <span class='ocrx_word' id='word_1_627' title='bbox 1286 2020 1358 2047; x_wconf 91' lang='lat' dir='ltr'><strong>enim</strong></span> <span class='ocrx_word' id='word_1_628' title='bbox 1379 2020 1467 2047; x_wconf 84' lang='lat' dir='ltr'><strong>oratio</strong></span> <span class='ocrx_word' id='word_1_629' title='bbox 1483 2019 1543 2054; x_wconf 84' lang='lat' dir='ltr'><strong>ejus</strong></span> <span class='ocrx_word' id='word_1_630' title='bbox 1560 2014 1717 2057; x_wconf 65' lang='lat' dir='ltr'><strong>intelligen-</strong></span> 
     </span>
    </p>
   </div>
   <div class='ocr_carea' id='block_1_89' title="bbox 933 2063 1718 2101">
    <p class='ocr_par' dir='ltr' id='par_1_89' title="bbox 933 2063 1718 2101">
     <span class='ocr_line' id='line_1_89' title="bbox 933 2063 1718 2101; baseline -0.001 -7"><span class='ocrx_word' id='word_1_631' title='bbox 933 2068 979 2093; x_wconf 78' lang='lat' dir='ltr'><strong>tiae</strong></span> <span class='ocrx_word' id='word_1_632' title='bbox 999 2066 1255 2101; x_wconf 85' lang='lat' dir='ltr'><strong>sententiarumque</strong></span> <span class='ocrx_word' id='word_1_633' title='bbox 1280 2065 1378 2100; x_wconf 86' lang='lat' dir='ltr'><strong>plena,</strong></span> <span class='ocrx_word' id='word_1_634' title='bbox 1406 2065 1517 2092; x_wconf 86' lang='lat' dir='ltr'><strong>dicendi</strong></span> <span class='ocrx_word' id='word_1_635' title='bbox 1532 2063 1647 2093; x_wconf 78' lang='lat' dir='ltr'><strong>ﬂoribus</strong></span> <span class='ocrx_word' id='word_1_636' title='bbox 1663 2063 1718 2093; x_wconf 80' lang='lat' dir='ltr'><strong>mi-</strong></span> 
     </span>
    </p>
   </div>
   <div class='ocr_carea' id='block_1_90' title="bbox 933 2103 1717 2146">
    <p class='ocr_par' dir='ltr' id='par_1_90' title="bbox 933 2103 1717 2146">
     <span class='ocr_line' id='line_1_90' title="bbox 933 2103 1717 2146; baseline -0.001 -6"><span class='ocrx_word' id='word_1_637' title='bbox 933 2121 986 2140; x_wconf 91' lang='lat' dir='ltr'><strong>nus</strong></span> <span class='ocrx_word' id='word_1_638' title='bbox 1014 2117 1157 2140; x_wconf 66' lang='lat' dir='ltr'><strong>exornata.</strong></span> <span class='ocrx_word' id='word_1_639' title='bbox 1189 2111 1267 2138; x_wconf 79' lang='lat' dir='ltr'><strong>l‘nde</strong></span> <span class='ocrx_word' id='word_1_640' title='bbox 1284 2111 1410 2146; x_wconf 85' lang='lat' dir='ltr'><strong>petulans</strong></span> <span class='ocrx_word' id='word_1_641' title='bbox 1436 2111 1547 2146; x_wconf 87' lang='lat' dir='ltr'><strong>quidam</strong></span> <span class='ocrx_word' id='word_1_642' title='bbox 1572 2118 1608 2139; x_wconf 78' lang='lat' dir='ltr'><strong>ex</strong></span> <span class='ocrx_word' id='word_1_643' title='bbox 1626 2103 1717 2139; x_wconf 74' lang='lat' dir='ltr'><strong>Attica</strong></span> 
     </span>
    </p>
   </div>
   <div class='ocr_carea' id='block_1_91' title="bbox 934 2156 1717 2191">
    <p class='ocr_par' dir='ltr' id='par_1_91' title="bbox 934 2156 1717 2191">
     <span class='ocr_line' id='line_1_91' title="bbox 934 2156 1717 2191; baseline -0.001 -6"><span class='ocrx_word' id='word_1_644' title='bbox 934 2158 1096 2185; x_wconf 85' lang='lat' dir='ltr'><strong>adolescens</strong></span> <span class='ocrx_word' id='word_1_645' title='bbox 1115 2156 1188 2191; x_wconf 87' lang='lat' dir='ltr'><strong>apud</strong></span> <span class='ocrx_word' id='word_1_646' title='bbox 1204 2157 1266 2183; x_wconf 84' lang='lat' dir='ltr'><strong>illos</strong></span> <span class='ocrx_word' id='word_1_647' title='bbox 1280 2164 1363 2191; x_wconf 80' lang='lat' dir='ltr'><strong>agens</strong></span> <span class='ocrx_word' id='word_1_648' title='bbox 1379 2156 1547 2191; x_wconf 84' lang='lat' dir='ltr'><strong>incomptam</strong></span> <span class='ocrx_word' id='word_1_649' title='bbox 1564 2156 1717 2184; x_wconf 84' lang='lat' dir='ltr'><strong>dictionem</strong></span> 
     </span>
    </p>
   </div>
   <div class='ocr_carea' id='block_1_92' title="bbox 94 2202 878 2240">
    <p class='ocr_par' dir='ltr' id='par_1_92' title="bbox 94 2203 878 2240">
     <span class='ocr_line' id='line_1_92' title="bbox 94 2203 878 2240; baseline 0 -11"><span class='ocrx_word' id='word_1_650' title='bbox 94 2203 235 2239; x_wconf 70' lang='grc' dir='ltr'>θειοτέρας</span> <span class='ocrx_word' id='word_1_651' title='bbox 253 2204 339 2239; x_wconf 73' lang='grc' dir='ltr'>ὅψεως</span> <span class='ocrx_word' id='word_1_652' title='bbox 362 2204 586 2240; x_wconf 70' lang='grc' dir='ltr'>σωφρονισθῆναι,</span> <span class='ocrx_word' id='word_1_653' title='bbox 604 2204 690 2231; x_wconf 87' lang='grc' dir='ltr'>ίδόντα</span> <span class='ocrx_word' id='word_1_654' title='bbox 711 2204 878 2239; x_wconf 84' lang='grc' dir='ltr'>περιστερῶν</span> 
     </span>
    </p>
   </div>
   <div class='ocr_carea' id='block_1_93' title="bbox 929 2202 1720 2240">
    <p class='ocr_par' dir='ltr' id='par_1_93' title="bbox 935 2202 1720 2237">
     <span class='ocr_line' id='line_1_93' title="bbox 935 2202 1720 2237; baseline -0.001 -7"><span class='ocrx_word' id='word_1_655' title='bbox 935 2203 1051 2234; x_wconf 80' lang='lat' dir='ltr'><strong>derisit,</strong></span> <span class='ocrx_word' id='word_1_656' title='bbox 1068 2203 1139 2237; x_wconf 90' lang='lat' dir='ltr'><strong>quod</strong></span> <span class='ocrx_word' id='word_1_657' title='bbox 1156 2210 1211 2229; x_wconf 90' lang='lat' dir='ltr'><strong>non</strong></span> <span class='ocrx_word' id='word_1_658' title='bbox 1226 2209 1257 2228; x_wconf 85' lang='lat' dir='ltr'><strong>ea</strong></span> <span class='ocrx_word' id='word_1_659' title='bbox 1268 2222 1276 2234; x_wconf 89' lang='lat'><strong>,</strong></span> <span class='ocrx_word' id='word_1_660' title='bbox 1293 2209 1376 2236; x_wconf 90' lang='lat' dir='ltr'><strong>quam</strong></span> <span class='ocrx_word' id='word_1_661' title='bbox 1393 2202 1475 2229; x_wconf 81' lang='lat' dir='ltr'><strong>Attici</strong></span> <span class='ocrx_word' id='word_1_662' title='bbox 1491 2203 1518 2228; x_wconf 91' lang='lat' dir='ltr'><strong>in</strong></span> <span class='ocrx_word' id='word_1_663' title='bbox 1534 2202 1651 2229; x_wconf 85' lang='lat' dir='ltr'><strong>dicenth</strong></span> <span class='ocrx_word' id='word_1_664' title='bbox 1671 2203 1720 2229; x_wconf 86' lang='lat' dir='ltr'><strong>ad-</strong></span> 
     </span>
    </p>
   </div>
   <div class='ocr_carea' id='block_1_94' title="bbox 93 2250 881 2286">
    <p class='ocr_par' dir='ltr' id='par_1_94' title="bbox 93 2250 881 2286">
     <span class='ocr_line' id='line_1_94' title="bbox 93 2250 881 2286; baseline -0.001 -9"><span class='ocrx_word' id='word_1_665' title='bbox 93 2250 197 2285; x_wconf 80' lang='grc' dir='ltr'>ἀγέλην</span> <span class='ocrx_word' id='word_1_666' title='bbox 210 2250 342 2286; x_wconf 83' lang='grc' dir='ltr'>ἀμηχάνῳ</span> <span class='ocrx_word' id='word_1_667' title='bbox 355 2251 409 2277; x_wconf 76' lang='grc' dir='ltr'>τινὶ</span> <span class='ocrx_word' id='word_1_668' title='bbox 418 2251 621 2286; x_wconf 79' lang='grc' dir='ltr'>διαλάμπουσαν</span> <span class='ocrx_word' id='word_1_669' title='bbox 634 2250 735 2282; x_wconf 76' lang='grc' dir='ltr'>κάλλει,</span> <span class='ocrx_word' id='word_1_670' title='bbox 753 2250 798 2276; x_wconf 85' lang='grc' dir='ltr'><strong>καί</strong></span> <span class='ocrx_word' id='word_1_671' title='bbox 809 2258 881 2280; x_wconf 82' lang='grc' dir='ltr'>τινος</span> 
     </span>
    </p>
   </div>
   <div class='ocr_carea' id='block_1_95' title="bbox 92 2295 881 2332">
    <p class='ocr_par' dir='ltr' id='par_1_95' title="bbox 92 2295 881 2332">
     <span class='ocr_line' id='line_1_95' title="bbox 92 2295 881 2332; baseline -0.001 -10"><span class='ocrx_word' id='word_1_672' title='bbox 92 2296 246 2331; x_wconf 77' lang='grc' dir='ltr'>ἀκηκοέναι</span> <span class='ocrx_word' id='word_1_673' title='bbox 270 2296 404 2331; x_wconf 82' lang='grc' dir='ltr'>λέγοντος,</span> <span class='ocrx_word' id='word_1_674' title='bbox 440 2296 612 2332; x_wconf 81' lang='grc' dir='ltr'>Ἀλεξάνδρου</span> <span class='ocrx_word' id='word_1_675' title='bbox 641 2296 688 2328; x_wconf 76' lang='grc' dir='ltr'><strong>τὰς</strong></span> <span class='ocrx_word' id='word_1_676' title='bbox 717 2295 881 2331; x_wconf 75' lang='grc' dir='ltr'>περιστερὰς</span> 
     </span>
    </p>
   </div>
   <div class='ocr_carea' id='block_1_96' title="bbox 92 2340 882 2376">
    <p class='ocr_par' dir='ltr' id='par_1_96' title="bbox 92 2340 882 2376">
     <span class='ocr_line' id='line_1_96' title="bbox 92 2340 882 2376; baseline -0.003 -8"><span class='ocrx_word' id='word_1_677' title='bbox 92 2340 166 2368; x_wconf 77' lang='grc' dir='ltr'>εἶναι</span> <span class='ocrx_word' id='word_1_678' title='bbox 179 2341 289 2373; x_wconf 83' lang='grc' dir='ltr'>ταύτας,</span> <span class='ocrx_word' id='word_1_679' title='bbox 301 2342 334 2373; x_wconf 78' lang='grc' dir='ltr'>ἃς</span> <span class='ocrx_word' id='word_1_680' title='bbox 348 2343 376 2368; x_wconf 76' lang='grc' dir='ltr'>ὲν</span> <span class='ocrx_word' id='word_1_681' title='bbox 389 2341 486 2376; x_wconf 85' lang='grc' dir='ltr'>γέλωτι</span> <span class='ocrx_word' id='word_1_682' title='bbox 502 2342 605 2373; x_wconf 80' lang='grc' dir='ltr'>ἐκεῖνος</span> <span class='ocrx_word' id='word_1_683' title='bbox 619 2341 772 2376; x_wconf 80' lang='grc' dir='ltr'>πεποίηται.</span> <span class='ocrx_word' id='word_1_684' title='bbox 783 2341 815 2367; x_wconf 89' lang='grc' dir='ltr'>Τί</span> <span class='ocrx_word' id='word_1_685' title='bbox 824 2341 882 2367; x_wconf 88' lang='grc' dir='ltr'>τού-</span> 
     </span>
    </p>
   </div>
   <div class='ocr_carea' id='block_1_97' title="bbox 93 2387 883 2424">
    <p class='ocr_par' dir='ltr' id='par_1_97' title="bbox 93 2387 883 2424">
     <span class='ocr_line' id='line_1_97' title="bbox 93 2387 883 2424; baseline -0.003 -9"><span class='ocrx_word' id='word_1_686' title='bbox 93 2396 150 2415; x_wconf 82' lang='grc' dir='ltr'><strong>των</strong></span> <span class='ocrx_word' id='word_1_687' title='bbox 165 2387 198 2414; x_wconf 82' lang='grc' dir='ltr'><strong>ἀν</strong></span> <span class='ocrx_word' id='word_1_688' title='bbox 216 2396 257 2419; x_wconf 84' lang='grc' dir='ltr'><strong>τις</strong></span> <span class='ocrx_word' id='word_1_689' title='bbox 274 2388 327 2423; x_wconf 77' lang='grc' dir='ltr'>πρὸ</span> <span class='ocrx_word' id='word_1_690' title='bbox 350 2388 395 2414; x_wconf 81' lang='grc' dir='ltr'><strong>τοῦ</strong></span> <span class='ocrx_word' id='word_1_691' title='bbox 415 2388 508 2424; x_wconf 79' lang='grc' dir='ltr'>ἐτέρου</span> <span class='ocrx_word' id='word_1_692' title='bbox 531 2388 696 2423; x_wconf 85' lang='grc' dir='ltr'>θαυμάσειε;</span> <span class='ocrx_word' id='word_1_693' title='bbox 717 2387 747 2413; x_wconf 85' lang='grc' dir='ltr'><strong>τδ</strong></span> <span class='ocrx_word' id='word_1_694' title='bbox 765 2387 802 2423; x_wconf 85' lang='grc' dir='ltr'>μὴ</span> <span class='ocrx_word' id='word_1_695' title='bbox 820 2387 883 2413; x_wconf 89' lang='grc' dir='ltr'>δυσ-</span> 
     </span>
    </p>
   </div>
   <div class='ocr_carea' id='block_1_98' title="bbox 93 2433 881 2469">
    <p class='ocr_par' dir='ltr' id='par_1_98' title="bbox 93 2433 881 2469">
     <span class='ocr_line' id='line_1_98' title="bbox 93 2433 881 2469; baseline -0.003 -9"><span class='ocrx_word' id='word_1_696' title='bbox 93 2433 242 2469; x_wconf 85' lang='grc' dir='ltr'>ωπηθῆναι</span> <span class='ocrx_word' id='word_1_697' title='bbox 264 2434 309 2460; x_wconf 80' lang='grc' dir='ltr'>τὸν</span> <span class='ocrx_word' id='word_1_698' title='bbox 334 2433 418 2468; x_wconf 82' lang='grc' dir='ltr'>ἄνδρα</span> <span class='ocrx_word' id='word_1_699' title='bbox 442 2434 497 2460; x_wconf 87' lang='grc' dir='ltr'>τῶν</span> <span class='ocrx_word' id='word_1_700' title='bbox 526 2434 688 2468; x_wconf 82' lang='grc' dir='ltr'>ἀξιωμάτων</span> <span class='ocrx_word' id='word_1_701' title='bbox 711 2433 761 2469; x_wconf 85' lang='grc' dir='ltr'>τὴν</span> <span class='ocrx_word' id='word_1_702' title='bbox 783 2433 881 2468; x_wconf 73' lang='grc' dir='ltr'>ψῆφον,</span> 
     </span>
    </p>
   </div>
   <div class='ocr_carea' id='block_1_99' title="bbox 94 2477 883 2514">
    <p class='ocr_par' dir='ltr' id='par_1_99' title="bbox 94 2477 883 2514">
     <span class='ocr_line' id='line_1_99' title="bbox 94 2477 883 2514; baseline -0.001 -10"><span class='ocrx_word' id='word_1_703' title='bbox 94 2479 144 2505; x_wconf 76' lang='grc' dir='ltr'><strong>καὶ</strong></span> <span class='ocrx_word' id='word_1_704' title='bbox 173 2478 212 2513; x_wconf 81' lang='grc' dir='ltr'>μὴ</span> <span class='ocrx_word' id='word_1_705' title='bbox 240 2479 460 2514; x_wconf 78' lang='grc' dir='ltr'>συναρπασθῆναι</span> <span class='ocrx_word' id='word_1_706' title='bbox 491 2479 559 2514; x_wconf 80' lang='grc' dir='ltr'>πρὸς</span> <span class='ocrx_word' id='word_1_707' title='bbox 579 2479 628 2510; x_wconf 89' lang='grc' dir='ltr'><strong>τὰς</strong></span> <span class='ocrx_word' id='word_1_708' title='bbox 653 2477 804 2514; x_wconf 84' lang='grc' dir='ltr'>μαρτυρίας</span> <span class='ocrx_word' id='word_1_709' title='bbox 829 2477 883 2503; x_wconf 86' lang='grc' dir='ltr'>τῶν</span> 
     </span>
    </p>
   </div>
   <div class='ocr_carea' id='block_1_100' title="bbox 94 2524 882 2560">
    <p class='ocr_par' dir='ltr' id='par_1_100' title="bbox 94 2524 882 2560">
     <span class='ocr_line' id='line_1_100' title="bbox 94 2524 882 2560; baseline -0.001 -10"><span class='ocrx_word' id='word_1_710' title='bbox 94 2525 269 2560; x_wconf 83' lang='grc' dir='ltr'>προεχόντων</span> <span class='ocrx_word' id='word_1_711' title='bbox 282 2533 289 2540; x_wconf 86' lang='grc'><strong>·</strong></span> <span class='ocrx_word' id='word_1_712' title='bbox 306 2525 323 2560; x_wconf 80' lang='grc' dir='ltr'><strong>ἢ</strong></span> <span class='ocrx_word' id='word_1_713' title='bbox 340 2524 440 2560; x_wconf 75' lang='grc' dir='ltr'>μᾶλλον</span> <span class='ocrx_word' id='word_1_714' title='bbox 452 2524 482 2551; x_wconf 83' lang='grc' dir='ltr'><strong>τδ</strong></span> <span class='ocrx_word' id='word_1_715' title='bbox 500 2524 638 2559; x_wconf 77' lang='grc' dir='ltr'>θαυμάσαι</span> <span class='ocrx_word' id='word_1_716' title='bbox 665 2524 709 2550; x_wconf 64' lang='grc' dir='ltr'>τὶν</span> <span class='ocrx_word' id='word_1_717' title='bbox 727 2524 882 2558; x_wconf 78' lang='grc' dir='ltr'>ἐγκεκρυμ-</span> 
     </span>
    </p>
   </div>
   <div class='ocr_carea' id='block_1_101' title="bbox 97 2567 883 2605">
    <p class='ocr_par' dir='ltr' id='par_1_101' title="bbox 97 2567 883 2605">
     <span class='ocr_line' id='line_1_101' title="bbox 97 2567 883 2605; baseline 0 -10"><span class='ocrx_word' id='word_1_718' title='bbox 97 2569 180 2604; x_wconf 83' lang='grc' dir='ltr'>μένον</span> <span class='ocrx_word' id='word_1_719' title='bbox 196 2571 251 2600; x_wconf 81' lang='grc' dir='ltr'>τοῖς</span> <span class='ocrx_word' id='word_1_720' title='bbox 263 2569 375 2604; x_wconf 79' lang='grc' dir='ltr'>ἄνθραξι</span> <span class='ocrx_word' id='word_1_721' title='bbox 388 2569 511 2602; x_wconf 79' lang='grc' dir='ltr'>πλοῦτον,</span> <span class='ocrx_word' id='word_1_722' title='bbox 528 2567 550 2603; x_wconf 85' lang='grc' dir='ltr'>ᾧ</span> <span class='ocrx_word' id='word_1_723' title='bbox 565 2570 733 2605; x_wconf 79' lang='grc' dir='ltr'>παραχρῆμα</span> <span class='ocrx_word' id='word_1_724' title='bbox 751 2570 825 2604; x_wconf 82' lang='grc' dir='ltr'><strong>παρά</strong></span> <span class='ocrx_word' id='word_1_725' title='bbox 836 2569 883 2595; x_wconf 74' lang='grc' dir='ltr'>τοῦ</span> 
     </span>
    </p>
   </div>
   <div class='ocr_carea' id='block_1_102' title="bbox 94 2614 884 2651">
    <p class='ocr_par' dir='ltr' id='par_1_102' title="bbox 94 2614 884 2651">
     <span class='ocr_line' id='line_1_102' title="bbox 94 2614 884 2651; baseline -0.003 -9"><span class='ocrx_word' id='word_1_726' title='bbox 94 2616 167 2642; x_wconf 80' lang='grc' dir='ltr'>Θεοῦ</span> <span class='ocrx_word' id='word_1_727' title='bbox 189 2616 206 2650; x_wconf 77' lang='grc' dir='ltr'><strong>ἡ</strong></span> <span class='ocrx_word' id='word_1_728' title='bbox 230 2615 281 2650; x_wconf 83' lang='grc' dir='ltr'>τῆς</span> <span class='ocrx_word' id='word_1_729' title='bbox 301 2615 384 2651; x_wconf 77' lang='grc' dir='ltr'>ὀρθῆς</span> <span class='ocrx_word' id='word_1_730' title='bbox 407 2615 523 2651; x_wconf 82' lang='grc' dir='ltr'>κρίσεως</span> <span class='ocrx_word' id='word_1_731' title='bbox 548 2614 683 2649; x_wconf 82' lang='grc' dir='ltr'>μαρτυρία</span> <span class='ocrx_word' id='word_1_732' title='bbox 703 2614 746 2640; x_wconf 78' lang='grc' dir='ltr'><strong>διὰ</strong></span> <span class='ocrx_word' id='word_1_733' title='bbox 767 2614 815 2649; x_wconf 83' lang='grc' dir='ltr'>τῆς</span> <span class='ocrx_word' id='word_1_734' title='bbox 838 2614 884 2640; x_wconf 71' lang='grc' dir='ltr'><strong>τοῦ</strong></span> 
     </span>
    </p>
   </div>
   <div class='ocr_carea' id='block_1_103' title="bbox 96 2659 884 2697">
    <p class='ocr_par' dir='ltr' id='par_1_103' title="bbox 96 2659 884 2697">
     <span class='ocr_line' id='line_1_103' title="bbox 96 2659 884 2697; baseline -0.004 -10"><span class='ocrx_word' id='word_1_735' title='bbox 96 2663 215 2697; x_wconf 73' lang='grc' dir='ltr'>ῥήτορος</span> <span class='ocrx_word' id='word_1_736' title='bbox 235 2660 452 2695; x_wconf 67' lang='grc' dir='ltr'>ἐπηκολούθησεν</span> <span class='ocrx_word' id='word_1_737' title='bbox 468 2660 572 2694; x_wconf 49' lang='grc' dir='ltr'>ὅψεως</span> <span class='ocrx_word' id='word_1_738' title='bbox 595 2660 671 2694; x_wconf 81' lang='grc' dir='ltr'>Ἐμοὶ</span> <span class='ocrx_word' id='word_1_739' title='bbox 693 2659 742 2694; x_wconf 81' lang='grc' dir='ltr'>μὲν</span> <span class='ocrx_word' id='word_1_740' title='bbox 766 2659 820 2695; x_wconf 80' lang='grc' dir='ltr'><strong>γὰρ</strong></span> <span class='ocrx_word' id='word_1_741' title='bbox 842 2659 884 2692; x_wconf 70' lang='grc' dir='ltr'><strong>ἐφ’</strong></span> 
     </span>
    </p>
   </div>
   <div class='ocr_carea' id='block_1_104' title="bbox 96 2702 886 2740">
    <p class='ocr_par' dir='ltr' id='par_1_104' title="bbox 96 2702 886 2740">
     <span class='ocr_line' id='line_1_104' title="bbox 96 2702 886 2740; baseline -0.006 -6"><span class='ocrx_word' id='word_1_742' title='bbox 96 2707 197 2734; x_wconf 71' lang='grc' dir='ltr'>ἑαυτοῦ</span> <span class='ocrx_word' id='word_1_743' title='bbox 208 2706 309 2732; x_wconf 82' lang='grc' dir='ltr'>τούτων</span> <span class='ocrx_word' id='word_1_744' title='bbox 323 2705 451 2740; x_wconf 73' lang='grc' dir='ltr'>ἑκάτερον</span> <span class='ocrx_word' id='word_1_745' title='bbox 464 2705 582 2732; x_wconf 81' lang='grc' dir='ltr'>τοιοῦτον</span> <span class='ocrx_word' id='word_1_746' title='bbox 595 2702 661 2731; x_wconf 79' lang='grc' dir='ltr'>εἶναι</span> <span class='ocrx_word' id='word_1_747' title='bbox 674 2704 755 2736; x_wconf 78' lang='grc' dir='ltr'>δοκεῖ,</span> <span class='ocrx_word' id='word_1_748' title='bbox 770 2704 808 2735; x_wconf 88' lang='grc' dir='ltr'>ὡς</span> <span class='ocrx_word' id='word_1_749' title='bbox 818 2704 886 2739; x_wconf 77' lang='grc' dir='ltr'>πρὸς</span> 
     </span>
    </p>
   </div>
   <div class='ocr_carea' id='block_1_105' title="bbox 52 2749 884 2787">
    <p class='ocr_par' dir='ltr' id='par_1_105' title="bbox 52 2749 884 2787">
     <span class='ocr_line' id='line_1_105' title="bbox 52 2749 884 2787; baseline -0.006 -7"><span class='ocrx_word' id='word_1_750' title='bbox 52 2765 58 2767; x_wconf 91' lang='grc'><strong>-</strong></span> <span class='ocrx_word' id='word_1_751' title='bbox 96 2753 202 2787; x_wconf 73' lang='grc' dir='ltr'>ἄλληλα</span> <span class='ocrx_word' id='word_1_752' title='bbox 227 2752 276 2787; x_wconf 79' lang='grc' dir='ltr'>μὲν</span> <span class='ocrx_word' id='word_1_753' title='bbox 295 2752 367 2787; x_wconf 76' lang='grc' dir='ltr'>ἔχειν</span> <span class='ocrx_word' id='word_1_754' title='bbox 391 2751 440 2786; x_wconf 82' lang='grc' dir='ltr'>τὴν</span> <span class='ocrx_word' id='word_1_755' title='bbox 459 2751 588 2786; x_wconf 81' lang='grc' dir='ltr'>ἅμιλλαν·</span> <span class='ocrx_word' id='word_1_756' title='bbox 615 2751 723 2777; x_wconf 82' lang='grc' dir='ltr'>πάντων</span> <span class='ocrx_word' id='word_1_757' title='bbox 744 2750 773 2776; x_wconf 77' lang='grc' dir='ltr'>δὲ</span> <span class='ocrx_word' id='word_1_758' title='bbox 788 2749 884 2785; x_wconf 76' lang='grc' dir='ltr'>μικροῦ</span> 
     </span>
    </p>
   </div>
   <div class='ocr_carea' id='block_1_106' title="bbox 96 2794 884 2831">
    <p class='ocr_par' dir='ltr' id='par_1_106' title="bbox 96 2794 884 2831">
     <span class='ocr_line' id='line_1_106' title="bbox 96 2794 884 2831; baseline -0.006 -6"><span class='ocrx_word' id='word_1_759' title='bbox 96 2799 155 2825; x_wconf 70' lang='grc' dir='ltr'>δεῖν</span> <span class='ocrx_word' id='word_1_760' title='bbox 176 2797 232 2824; x_wconf 82' lang='grc' dir='ltr'>τῶν</span> <span class='ocrx_word' id='word_1_761' title='bbox 251 2798 297 2823; x_wconf 72' lang='grc' dir='ltr'><strong>ἐπὶ</strong></span> <span class='ocrx_word' id='word_1_762' title='bbox 321 2797 441 2831; x_wconf 81' lang='grc' dir='ltr'>θαύματι</span> <span class='ocrx_word' id='word_1_763' title='bbox 462 2796 704 2831; x_wconf 79' lang='grc' dir='ltr'>μνημονευομένων</span> <span class='ocrx_word' id='word_1_764' title='bbox 725 2794 884 2829; x_wconf 85' lang='grc' dir='ltr'>πρωτεύειν.</span> 
     </span>
    </p>
   </div>
   <div class='ocr_carea' id='block_1_107' title="bbox 98 2840 887 2879">
    <p class='ocr_par' dir='ltr' id='par_1_107' title="bbox 98 2840 887 2879">
     <span class='ocr_line' id='line_1_107' title="bbox 98 2840 887 2879; baseline -0.009 -7"><span class='ocrx_word' id='word_1_765' title='bbox 98 2846 137 2875; x_wconf 82' lang='lat'><strong>&#39;1&#39;6</strong></span> <span class='ocrx_word' id='word_1_766' title='bbox 151 2853 182 2871; x_wconf 81' lang='grc' dir='ltr'><strong>τε</strong></span> <span class='ocrx_word' id='word_1_767' title='bbox 199 2844 254 2879; x_wconf 78' lang='grc' dir='ltr'><strong>γάρ</strong></span> <span class='ocrx_word' id='word_1_768' title='bbox 271 2842 412 2877; x_wconf 77' lang='grc' dir='ltr'>ἀντιϐῆναι</span> <span class='ocrx_word' id='word_1_769' title='bbox 428 2844 460 2878; x_wconf 80' lang='grc' dir='ltr'>τῇ</span> <span class='ocrx_word' id='word_1_770' title='bbox 480 2843 534 2868; x_wconf 83' lang='grc' dir='ltr'>τῶν</span> <span class='ocrx_word' id='word_1_771' title='bbox 549 2841 717 2877; x_wconf 61' lang='grc' dir='ltr'>πρπχὸντων</span> <span class='ocrx_word' id='word_1_772' title='bbox 741 2841 824 2875; x_wconf 85' lang='grc' dir='ltr'>ὁρμῇ,</span> <span class='ocrx_word' id='word_1_773' title='bbox 838 2840 887 2875; x_wconf 86' lang='grc' dir='ltr'>τῆς</span> 
     </span>
    </p>
   </div>
   <div class='ocr_carea' id='block_1_108' title="bbox 262 2889 611 2919">
    <p class='ocr_par' dir='ltr' id='par_1_108' title="bbox 262 2889 611 2919">
     <span class='ocr_line' id='line_1_108' title="bbox 262 2889 611 2919; baseline -0.003 -1"><span class='ocrx_word' id='word_1_774' title='bbox 262 2890 397 2919; x_wconf 77' lang='grc' dir='ltr'>Ρηιιοι.</span> <span class='ocrx_word' id='word_1_775' title='bbox 420 2891 478 2919; x_wconf 78' lang='lat' dir='ltr'><strong>(in.</strong></span> <span class='ocrx_word' id='word_1_776' title='bbox 503 2889 611 2918; x_wconf 84' lang='lat' dir='ltr'><strong>XLVI.</strong></span> 
     </span>
    </p>
   </div>
   <div class='ocr_carea' id='block_1_109' title="bbox 933 2249 1719 2282">
    <p class='ocr_par' dir='ltr' id='par_1_109' title="bbox 933 2249 1719 2282">
     <span class='ocr_line' id='line_1_109' title="bbox 933 2249 1719 2282; baseline -0.004 -6"><span class='ocrx_word' id='word_1_777' title='bbox 933 2249 1074 2279; x_wconf 85' lang='lat' dir='ltr'><strong>biberent,</strong></span> <span class='ocrx_word' id='word_1_778' title='bbox 1086 2252 1183 2274; x_wconf 83' lang='lat' dir='ltr'><strong>exacta</strong></span> <span class='ocrx_word' id='word_1_779' title='bbox 1195 2252 1277 2281; x_wconf 87' lang='lat' dir='ltr'><strong>atqttc</strong></span> <span class='ocrx_word' id='word_1_780' title='bbox 1290 2254 1493 2282; x_wconf 84' lang='lat' dir='ltr'><strong>supervacanea</strong></span> <span class='ocrx_word' id='word_1_781' title='bbox 1507 2254 1572 2273; x_wconf 89' lang='lat' dir='ltr'><strong>cura</strong></span> <span class='ocrx_word' id='word_1_782' title='bbox 1587 2250 1719 2274; x_wconf 76' lang='lat' dir='ltr'><strong>exornata</strong></span> 
     </span>
    </p>
   </div>
   <div class='ocr_carea' id='block_1_110' title="bbox 932 2292 1720 2329">
    <p class='ocr_par' dir='ltr' id='par_1_110' title="bbox 932 2292 1720 2329">
     <span class='ocr_line' id='line_1_110' title="bbox 932 2292 1720 2329; baseline -0.005 -7"><span class='ocrx_word' id='word_1_783' title='bbox 932 2299 1020 2325; x_wconf 81' lang='lat' dir='ltr'><strong>esset,</strong></span> <span class='ocrx_word' id='word_1_784' title='bbox 1035 2301 1114 2329; x_wconf 90' lang='lat' dir='ltr'><strong>quem</strong></span> <span class='ocrx_word' id='word_1_785' title='bbox 1133 2293 1209 2320; x_wconf 92' lang='lat' dir='ltr'><strong>aiunt</strong></span> <span class='ocrx_word' id='word_1_786' title='bbox 1223 2292 1315 2319; x_wconf 89' lang='lat' dir='ltr'><strong>divina</strong></span> <span class='ocrx_word' id='word_1_787' title='bbox 1331 2292 1449 2327; x_wconf 89' lang='lat' dir='ltr'><strong>quadam</strong></span> <span class='ocrx_word' id='word_1_788' title='bbox 1465 2293 1569 2320; x_wconf 89' lang='lat' dir='ltr'><strong>visione</strong></span> <span class='ocrx_word' id='word_1_789' title='bbox 1589 2292 1720 2320; x_wconf 84' lang='lat' dir='ltr'><strong>emenda-</strong></span> 
     </span>
    </p>
   </div>
   <div class='ocr_carea' id='block_1_111' title="bbox 933 2338 1719 2373">
    <p class='ocr_par' dir='ltr' id='par_1_111' title="bbox 933 2338 1719 2373">
     <span class='ocr_line' id='line_1_111' title="bbox 933 2338 1719 2373; baseline -0.004 -6"><span class='ocrx_word' id='word_1_790' title='bbox 933 2346 990 2367; x_wconf 90' lang='lat' dir='ltr'><strong>tum</strong></span> <span class='ocrx_word' id='word_1_791' title='bbox 1016 2347 1093 2371; x_wconf 88' lang='lat' dir='ltr'><strong>esse,</strong></span> <span class='ocrx_word' id='word_1_792' title='bbox 1118 2347 1181 2366; x_wconf 92' lang='lat' dir='ltr'><strong>cum</strong></span> <span class='ocrx_word' id='word_1_793' title='bbox 1209 2338 1400 2365; x_wconf 84' lang='lat' dir='ltr'><strong>columbarum</strong></span> <span class='ocrx_word' id='word_1_794' title='bbox 1426 2346 1535 2373; x_wconf 79' lang='lat' dir='ltr'><strong>gregem</strong></span> <span class='ocrx_word' id='word_1_795' title='bbox 1564 2338 1719 2366; x_wconf 89' lang='lat' dir='ltr'><strong>incredibili</strong></span> 
     </span>
    </p>
   </div>
   <div class='ocr_carea' id='block_1_112' title="bbox 933 2383 1718 2421">
    <p class='ocr_par' dir='ltr' id='par_1_112' title="bbox 933 2383 1718 2421">
     <span class='ocr_line' id='line_1_112' title="bbox 933 2383 1718 2421; baseline -0.003 -8"><span class='ocrx_word' id='word_1_796' title='bbox 933 2386 1052 2421; x_wconf 85' lang='lat' dir='ltr'><strong>quadam</strong></span> <span class='ocrx_word' id='word_1_797' title='bbox 1067 2384 1277 2421; x_wconf 84' lang='lat' dir='ltr'><strong>pulchritudine</strong></span> <span class='ocrx_word' id='word_1_798' title='bbox 1294 2385 1426 2411; x_wconf 86' lang='lat' dir='ltr'><strong>nitentem</strong></span> <span class='ocrx_word' id='word_1_799' title='bbox 1442 2383 1617 2419; x_wconf 79' lang='lat' dir='ltr'><strong>conspicatus</strong></span> <span class='ocrx_word' id='word_1_800' title='bbox 1631 2389 1718 2416; x_wconf 83' lang='lat' dir='ltr'><strong>esset,</strong></span> 
     </span>
    </p>
   </div>
   <div class='ocr_carea' id='block_1_113' title="bbox 933 2430 1721 2467">
    <p class='ocr_par' dir='ltr' id='par_1_113' title="bbox 933 2430 1721 2467">
     <span class='ocr_line' id='line_1_113' title="bbox 933 2430 1721 2467; baseline -0.004 -8"><span class='ocrx_word' id='word_1_801' title='bbox 933 2437 958 2459; x_wconf 86' lang='lat' dir='ltr'><strong>et</strong></span> <span class='ocrx_word' id='word_1_802' title='bbox 975 2431 1120 2467; x_wconf 89' lang='lat' dir='ltr'><strong>quemdam</strong></span> <span class='ocrx_word' id='word_1_803' title='bbox 1134 2430 1303 2462; x_wconf 85' lang='lat' dir='ltr'><strong>audivisset,</strong></span> <span class='ocrx_word' id='word_1_804' title='bbox 1325 2431 1370 2465; x_wconf 92' lang='lat' dir='ltr'><strong>qui</strong></span> <span class='ocrx_word' id='word_1_805' title='bbox 1389 2430 1510 2461; x_wconf 89' lang='lat' dir='ltr'><strong>diceret,</strong></span> <span class='ocrx_word' id='word_1_806' title='bbox 1532 2430 1580 2456; x_wconf 86' lang='lat' dir='ltr'><strong>has</strong></span> <span class='ocrx_word' id='word_1_807' title='bbox 1597 2437 1658 2457; x_wconf 87' lang='lat' dir='ltr'><strong>esse</strong></span> <span class='ocrx_word' id='word_1_808' title='bbox 1674 2438 1721 2456; x_wconf 82' lang='lat' dir='ltr'><strong>co—</strong></span> 
     </span>
    </p>
   </div>
   <div class='ocr_carea' id='block_1_114' title="bbox 934 2475 1722 2511">
    <p class='ocr_par' dir='ltr' id='par_1_114' title="bbox 934 2475 1722 2511">
     <span class='ocr_line' id='line_1_114' title="bbox 934 2475 1722 2511; baseline -0.003 -7"><span class='ocrx_word' id='word_1_809' title='bbox 934 2479 1041 2505; x_wconf 88' lang='lat' dir='ltr'><strong>lumbas</strong></span> <span class='ocrx_word' id='word_1_810' title='bbox 1057 2477 1223 2508; x_wconf 74' lang='lat' dir='ltr'><strong>Alexandri,</strong></span> <span class='ocrx_word' id='word_1_811' title='bbox 1236 2484 1306 2511; x_wconf 84' lang='lat' dir='ltr'><strong>quas</strong></span> <span class='ocrx_word' id='word_1_812' title='bbox 1322 2476 1367 2503; x_wconf 89' lang='lat' dir='ltr'><strong>illc</strong></span> <span class='ocrx_word' id='word_1_813' title='bbox 1384 2476 1539 2504; x_wconf 85' lang='lat' dir='ltr'><strong>derisisset.</strong></span> <span class='ocrx_word' id='word_1_814' title='bbox 1559 2475 1655 2502; x_wconf 89' lang='lat' dir='ltr'><strong>Utrum</strong></span> <span class='ocrx_word' id='word_1_815' title='bbox 1672 2476 1722 2502; x_wconf 82' lang='lat' dir='ltr'><strong>lto-</strong></span> 
     </span>
    </p>
   </div>
   <div class='ocr_carea' id='block_1_115' title="bbox 936 2521 1720 2557">
    <p class='ocr_par' dir='ltr' id='par_1_115' title="bbox 936 2521 1720 2557">
     <span class='ocr_line' id='line_1_115' title="bbox 936 2521 1720 2557; baseline -0.003 -8"><span class='ocrx_word' id='word_1_816' title='bbox 936 2531 994 2550; x_wconf 92' lang='lat' dir='ltr'><strong>rum</strong></span> <span class='ocrx_word' id='word_1_817' title='bbox 1020 2523 1107 2557; x_wconf 76' lang='lat' dir='ltr'><strong>magis</strong></span> <span class='ocrx_word' id='word_1_818' title='bbox 1129 2522 1230 2557; x_wconf 86' lang='lat' dir='ltr'><strong>aliquis</strong></span> <span class='ocrx_word' id='word_1_819' title='bbox 1251 2521 1423 2548; x_wconf 86' lang='lat' dir='ltr'><strong>admiretur?</strong></span> <span class='ocrx_word' id='word_1_820' title='bbox 1440 2521 1512 2556; x_wconf 86' lang='lat' dir='ltr'><strong>quod</strong></span> <span class='ocrx_word' id='word_1_821' title='bbox 1534 2521 1576 2547; x_wconf 87' lang='lat' dir='ltr'><strong>vir</strong></span> <span class='ocrx_word' id='word_1_822' title='bbox 1597 2521 1642 2548; x_wconf 89' lang='lat' dir='ltr'><strong>ille</strong></span> <span class='ocrx_word' id='word_1_823' title='bbox 1666 2529 1720 2547; x_wconf 90' lang='lat' dir='ltr'><strong>non</strong></span> 
     </span>
    </p>
   </div>
   <div class='ocr_carea' id='block_1_116' title="bbox 936 2566 1721 2602">
    <p class='ocr_par' dir='ltr' id='par_1_116' title="bbox 936 2566 1721 2602">
     <span class='ocr_line' id='line_1_116' title="bbox 936 2566 1721 2602; baseline -0.005 -7"><span class='ocrx_word' id='word_1_824' title='bbox 936 2573 1026 2595; x_wconf 91' lang='lat' dir='ltr'><strong>motus</strong></span> <span class='ocrx_word' id='word_1_825' title='bbox 1042 2573 1084 2595; x_wconf 92' lang='lat' dir='ltr'><strong>est</strong></span> <span class='ocrx_word' id='word_1_826' title='bbox 1108 2567 1238 2602; x_wconf 74' lang='lat' dir='ltr'><strong>suil&#39;ragio</strong></span> <span class='ocrx_word' id='word_1_827' title='bbox 1259 2575 1353 2594; x_wconf 89' lang='lat' dir='ltr'><strong>eortun</strong></span> <span class='ocrx_word' id='word_1_828' title='bbox 1366 2587 1373 2598; x_wconf 89' lang='lat'><strong>,</strong></span> <span class='ocrx_word' id='word_1_829' title='bbox 1391 2567 1437 2601; x_wconf 91' lang='lat' dir='ltr'><strong>qui</strong></span> <span class='ocrx_word' id='word_1_830' title='bbox 1461 2566 1593 2602; x_wconf 80' lang='lat' dir='ltr'><strong>dignitate</strong></span> <span class='ocrx_word' id='word_1_831' title='bbox 1607 2570 1721 2602; x_wconf 66' lang='lat' dir='ltr'><strong>prmsta—</strong></span> 
     </span>
    </p>
   </div>
   <div class='ocr_carea' id='block_1_117' title="bbox 935 2611 1721 2648">
    <p class='ocr_par' dir='ltr' id='par_1_117' title="bbox 935 2611 1721 2648">
     <span class='ocr_line' id='line_1_117' title="bbox 935 2611 1721 2648; baseline -0.006 -7"><span class='ocrx_word' id='word_1_832' title='bbox 935 2614 1017 2644; x_wconf 69' lang='lat' dir='ltr'><strong>luant,</strong></span> <span class='ocrx_word' id='word_1_833' title='bbox 1041 2621 1129 2648; x_wconf 91' lang='lat' dir='ltr'><strong>neque</strong></span> <span class='ocrx_word' id='word_1_834' title='bbox 1153 2613 1235 2640; x_wconf 88' lang='lat' dir='ltr'><strong>simul</strong></span> <span class='ocrx_word' id='word_1_835' title='bbox 1258 2613 1291 2639; x_wconf 89' lang='lat' dir='ltr'><strong>ad</strong></span> <span class='ocrx_word' id='word_1_836' title='bbox 1316 2612 1472 2639; x_wconf 89' lang='lat' dir='ltr'><strong>testimonia</strong></span> <span class='ocrx_word' id='word_1_837' title='bbox 1494 2611 1659 2646; x_wconf 84' lang='lat' dir='ltr'><strong>optimatum</strong></span> <span class='ocrx_word' id='word_1_838' title='bbox 1690 2618 1721 2637; x_wconf 88' lang='lat' dir='ltr'><strong>ac</strong></span> 
     </span>
    </p>
   </div>
   <div class='ocr_carea' id='block_1_118' title="bbox 936 2655 1721 2693">
    <p class='ocr_par' dir='ltr' id='par_1_118' title="bbox 936 2655 1721 2693">
     <span class='ocr_line' id='line_1_118' title="bbox 936 2655 1721 2693; baseline -0.005 -8"><span class='ocrx_word' id='word_1_839' title='bbox 936 2659 1090 2693; x_wconf 90' lang='lat' dir='ltr'><strong>principum</strong></span> <span class='ocrx_word' id='word_1_840' title='bbox 1118 2658 1240 2685; x_wconf 90' lang='lat' dir='ltr'><strong>virorum</strong></span> <span class='ocrx_word' id='word_1_841' title='bbox 1268 2662 1362 2692; x_wconf 89' lang='lat' dir='ltr'><strong>raptus</strong></span> <span class='ocrx_word' id='word_1_842' title='bbox 1383 2655 1448 2684; x_wconf 76' lang='lat' dir='ltr'><strong>est?</strong></span> <span class='ocrx_word' id='word_1_843' title='bbox 1465 2663 1499 2683; x_wconf 83' lang='lat' dir='ltr'><strong>an</strong></span> <span class='ocrx_word' id='word_1_844' title='bbox 1518 2655 1608 2692; x_wconf 62' lang='lat' dir='ltr'><strong>magis</strong></span> <span class='ocrx_word' id='word_1_845' title='bbox 1633 2655 1721 2683; x_wconf 73' lang='lat' dir='ltr'><strong>admi-</strong></span> 
     </span>
    </p>
   </div>
   <div class='ocr_carea' id='block_1_119' title="bbox 936 2699 1721 2731">
    <p class='ocr_par' dir='ltr' id='par_1_119' title="bbox 936 2699 1721 2731">
     <span class='ocr_line' id='line_1_119' title="bbox 936 2699 1721 2731; baseline -0.004 -1"><span class='ocrx_word' id='word_1_846' title='bbox 936 2704 991 2731; x_wconf 88' lang='lat' dir='ltr'><strong>rari</strong></span> <span class='ocrx_word' id='word_1_847' title='bbox 1010 2704 1140 2731; x_wconf 81' lang='lat' dir='ltr'><strong>convenit</strong></span> <span class='ocrx_word' id='word_1_848' title='bbox 1160 2704 1186 2731; x_wconf 91' lang='lat' dir='ltr'><strong>in</strong></span> <span class='ocrx_word' id='word_1_849' title='bbox 1207 2703 1377 2730; x_wconf 89' lang='lat' dir='ltr'><strong>carbonibus</strong></span> <span class='ocrx_word' id='word_1_850' title='bbox 1398 2700 1575 2730; x_wconf 62' lang='lat' dir='ltr'><strong>absconditis</strong></span> <span class='ocrx_word' id='word_1_851' title='bbox 1591 2699 1701 2729; x_wconf 70' lang='lat' dir='ltr'><strong>divitias</strong></span> <span class='ocrx_word' id='word_1_852' title='bbox 1713 2720 1721 2731; x_wconf 90' lang='lat'>.</span> 
     </span>
    </p>
   </div>
   <div class='ocr_carea' id='block_1_120' title="bbox 937 2745 1718 2784">
    <p class='ocr_par' dir='ltr' id='par_1_120' title="bbox 937 2745 1718 2784">
     <span class='ocr_line' id='line_1_120' title="bbox 937 2745 1718 2784; baseline -0.006 -8"><span class='ocrx_word' id='word_1_853' title='bbox 937 2757 1005 2784; x_wconf 85' lang='lat' dir='ltr'><strong>quas</strong></span> <span class='ocrx_word' id='word_1_854' title='bbox 1024 2749 1118 2776; x_wconf 87' lang='lat' dir='ltr'><strong>statim</strong></span> <span class='ocrx_word' id='word_1_855' title='bbox 1143 2756 1159 2775; x_wconf 86' lang='lat' dir='ltr'><strong>a</strong></span> <span class='ocrx_word' id='word_1_856' title='bbox 1181 2748 1236 2776; x_wconf 83' lang='lat' dir='ltr'><strong>Deo</strong></span> <span class='ocrx_word' id='word_1_857' title='bbox 1260 2748 1363 2775; x_wconf 84' lang='lat' dir='ltr'><strong>editum</strong></span> <span class='ocrx_word' id='word_1_858' title='bbox 1384 2746 1454 2774; x_wconf 87' lang='lat' dir='ltr'><strong>recti</strong></span> <span class='ocrx_word' id='word_1_859' title='bbox 1474 2745 1573 2781; x_wconf 76' lang='lat' dir='ltr'><strong>judicil</strong></span> <span class='ocrx_word' id='word_1_860' title='bbox 1598 2746 1718 2774; x_wconf 79' lang='lat' dir='ltr'><strong>testimo-</strong></span> 
     </span>
    </p>
   </div>
   <div class='ocr_carea' id='block_1_121' title="bbox 937 2789 1721 2828">
    <p class='ocr_par' dir='ltr' id='par_1_121' title="bbox 937 2789 1721 2828">
     <span class='ocr_line' id='line_1_121' title="bbox 937 2789 1721 2828; baseline -0.006 -8"><span class='ocrx_word' id='word_1_861' title='bbox 937 2794 1012 2821; x_wconf 89' lang='lat' dir='ltr'><strong>nium</strong></span> <span class='ocrx_word' id='word_1_862' title='bbox 1030 2801 1079 2828; x_wconf 92' lang='lat' dir='ltr'><strong>pcr</strong></span> <span class='ocrx_word' id='word_1_863' title='bbox 1095 2793 1228 2821; x_wconf 89' lang='lat' dir='ltr'><strong>visionem</strong></span> <span class='ocrx_word' id='word_1_864' title='bbox 1247 2793 1367 2820; x_wconf 77' lang='lat' dir='ltr'><strong>oratoris</strong></span> <span class='ocrx_word' id='word_1_865' title='bbox 1383 2796 1564 2819; x_wconf 89' lang='lat' dir='ltr'><strong>consecutum</strong></span> <span class='ocrx_word' id='word_1_866' title='bbox 1578 2791 1641 2819; x_wconf 77' lang='lat' dir='ltr'><strong>est?</strong></span> <span class='ocrx_word' id='word_1_867' title='bbox 1654 2789 1721 2817; x_wconf 84' lang='lat' dir='ltr'><strong>Nam</strong></span> 
     </span>
    </p>
   </div>
   <div class='ocr_carea' id='block_1_122' title="bbox 938 2835 1723 2874">
    <p class='ocr_par' dir='ltr' id='par_1_122' title="bbox 938 2835 1723 2874">
     <span class='ocr_line' id='line_1_122' title="bbox 938 2835 1723 2874; baseline -0.008 -7"><span class='ocrx_word' id='word_1_868' title='bbox 938 2839 1133 2874; x_wconf 87' lang='lat' dir='ltr'><strong>mihiquidem</strong></span> <span class='ocrx_word' id='word_1_869' title='bbox 1160 2839 1258 2866; x_wconf 87' lang='lat' dir='ltr'><strong>horum</strong></span> <span class='ocrx_word' id='word_1_870' title='bbox 1275 2843 1421 2872; x_wconf 86' lang='lat' dir='ltr'><strong>utrumque</strong></span> <span class='ocrx_word' id='word_1_871' title='bbox 1447 2837 1476 2864; x_wconf 89' lang='lat' dir='ltr'><strong>in</strong></span> <span class='ocrx_word' id='word_1_872' title='bbox 1500 2844 1563 2864; x_wconf 85' lang='lat' dir='ltr'><strong>sese</strong></span> <span class='ocrx_word' id='word_1_873' title='bbox 1588 2835 1723 2869; x_wconf 80' lang='lat' dir='ltr'><strong>ejusmodi</strong></span> 
     </span>
    </p>
   </div>
   <div class='ocr_carea' id='block_1_123' title="bbox 1568 2882 1606 2911">
    <p class='ocr_par' dir='ltr' id='par_1_123' title="bbox 1568 2882 1606 2911">
     <span class='ocr_line' id='line_1_123' title="bbox 1568 2882 1606 2911; baseline 0 0"><span class='ocrx_word' id='word_1_874' title='bbox 1568 2882 1606 2911; x_wconf 87' lang='grc'><strong>30</strong></span> 
     </span>
    </p>
   </div>
  </div>
