1917 3079
221 126 275 154 959

847 115 876 142 S.
897 111 1060 142 GREGORII
1080 111 1125 141 ΝΥ
1131 111 1228 141 ΞΞΕΜ

1816 111 1868 139 930

222 191 285 212 esse
305 182 421 212 videtur.
438 184 468 207 ut
488 180 561 207 inter
581 186 611 206 se
634 177 745 212 quidem
771 176 847 211 paria
874 177 930 203 sint
943 195 950 208 ,
980 183 1012 202 ac

1076 175 1197 210 ιτρέπτου
1214 175 1261 200 καὶ
1277 173 1382 209 ὑψηλῆς
1397 174 1516 205 διανοίας
1535 173 1742 209 ἐναργέστατον
1758 173 1870 206 ἐγίνετο

226 229 306 265 quasi
332 228 367 255 de
386 226 544 262 principatu
562 228 702 252 certamen
729 223 832 250 habere
855 222 1012 254 videantur,

225 277 297 303 inter
311 274 403 302 omnia
422 276 512 299 autem
529 279 576 303 ea,
593 278 654 306 qua:
671 269 783 296 nomine
800 269 925 296 miraculi
944 269 1015 296 cele-

226 323 353 352 brantur,
373 319 477 354 primas
495 317 693 353 propemodum
711 319 832 344 teneant.
853 314 920 342 Nam
941 315 1014 350 quod

227 366 402 402 optimatium
429 363 531 392 studiis
560 363 723 390 adversatus
752 365 811 393 est,
840 361 1015 393 constantis,

227 413 295 441 recti
318 418 399 447 alque
422 410 523 438 excelsi
547 409 632 436 animi
660 407 918 435 manifestissimum
942 406 1015 433 indi-

227 459 300 486 cium
317 461 396 485 erat:
414 464 428 483 a
445 463 500 492 quo
513 455 622 486 omnia,
641 461 701 489 qua:
720 461 769 488 per
784 453 916 480 mundum
935 460 1018 488 appa-

229 508 309 535 rent,
333 511 365 530 ex
387 509 467 537 :equo
488 500 726 535 despiciebantur,
751 500 810 527 sive
834 499 868 526 ad
891 498 1018 534 magnili-

230 550 346 577 centiam
365 551 447 582 atque
465 545 638 582 splendorem
650 565 657 578 ,
678 545 737 572 sive
756 544 839 571 etiam
857 543 889 571 ad
908 543 1019 571 humili-

231 600 314 622 tatem
328 597 357 621 et
375 591 574 620 obscuritatem
590 591 724 618 accedere
743 589 922 617 viderentur:
939 597 1018 617 eum-

233 649 287 676 quc
316 640 368 668 soli
396 638 493 665 virtuti
521 638 626 672 primas
657 636 811 668 tribueret,
840 639 868 662 et
891 635 1018 662 vitiosam

233 688 316 714 vitam
333 685 419 714 solam
434 683 612 720 rejiciendam
628 690 689 711 esse
700 682 854 717 judicaret,
871 689 921 716 pro
933 680 1020 708 nihilo

237 733 399 761 intuebatur
420 732 530 764 omnia,
553 737 726 765 quaecunque
745 736 794 763 per
816 728 869 755 hoc
888 728 1019 755 szeculum

233 778 275 805 vel
291 778 383 812 aliquo
399 776 507 807 studio,
524 775 565 802 vel
583 774 786 808 contemptione
800 773 882 808 digna
893 773 1021 808 judican-

234 827 290 850 tur.
309 821 387 854 Quod
404 821 532 848 nimirum
548 819 630 846 etiam
649 823 714 845 tunc
733 817 833 846 fecisse
849 818 1022 845 demonstra-

1065 220 1224 256 γνώρισμα·
1241 217 1264 254 ᾦ
1286 221 1374 247 πάντα
1388 221 1423 247 τὰ
1439 219 1510 246 κατὰ
1526 219 1571 246 τὸν
1585 219 1691 254 κόσμον
1712 218 1870 252 φαινόμενα

1066 268 1094 293 ὲν
1107 267 1147 302 τῷ
1160 266 1245 302 ὁμοίῳ
1260 265 1427 301 καθεωρᾶτο,
1444 266 1498 292 εἴτε
1521 265 1587 301 πρὸς
1603 265 1635 291 τὸ
1655 264 1754 299 μεῖζόν
1767 272 1800 290 τε
1822 265 1869 290 καὶ

1066 312 1307 349 περιφανέστερον,
1329 312 1382 338 εἴτε
1405 312 1452 338 καὶ
1474 311 1542 347 πρὸς
1556 312 1585 338 τὸ
1604 310 1737 338 ταπεινόν
1760 319 1795 336 τε
1825 311 1870 336 καὶ

1066 359 1167 393 ἀφανὲς
1183 358 1290 389 οἰκείως
1321 355 1395 393 εἶχε·
1414 358 1482 394 μόνῃ
1505 358 1533 384 δὲ
1547 357 1637 393 νέμων
1654 359 1687 393 τῇ
1712 357 1804 392 ἀρετῇ
1823 357 1869 391 τὴν

1068 405 1242 440 προτίμησιν,
1267 404 1314 430 καὶ
1338 404 1422 439 μόνην
1446 403 1494 438 τὴν
1522 404 1550 430 ἐν
1567 404 1652 438 κακίᾳ
1672 403 1749 438 ζωὴν
1766 402 1870 438 κρίνων

1068 450 1231 485 ἀπόϐλητον,
1244 450 1303 477 ἀντ’
1318 449 1423 482 οὐδενὸς
1439 449 1511 485 ἑώρα
1533 450 1567 476 τὰ
1591 450 1694 482 πάντα,
1722 450 1776 476 ὅσα
1800 449 1870 475 κατὰ

1068 495 1114 522 τὸν
1130 495 1186 530 βίον
1201 495 1218 530 ἢ
1242 495 1359 530 σπουδῆς
1375 503 1456 527 τινος,
1479 495 1495 530 ἢ
1511 495 1622 530 ἀτιμίας
1642 495 1709 527 ἄξια
1729 495 1868 530 κρίνεται.

1071 542 1104 567 '0
1116 541 1148 577 δὴ
1164 541 1212 568 καὶ
1227 542 1287 568 τότε
1303 540 1462 576 πεποιηκὼς
1479 541 1674 568 ἐπιδείκνυται.
1702 541 1803 576 Ζητῶν
1817 540 1869 575 γὰρ

1068 587 1113 614 τὸν
1125 587 1163 622 τῷ
1175 587 1234 621 Θεῷ
1250 586 1447 622 κεχαρισμένον
1461 586 1508 613 καὶ
1524 586 1599 618 ἀξιον
1610 586 1716 621 εὑρεῖν,
1733 586 1788 611 οὐκ
1800 585 1871 618 ἀξιὸ-

1069 640 1164 658 πιστον
1180 633 1220 663 εἰς
1237 631 1390 667 μαρτυρίαν
1409 631 1485 667 ᾠήθη
1502 631 1616 658 πλοῦτον
1630 630 1808 666 παραλαϐεῖν
1826 629 1871 655 καὶ

1069 679 1188 714 ἀξίωμα,
1201 679 1248 706 καὶ
1259 678 1308 710 τὰς
1320 677 1390 705 κατὰ
1400 678 1445 704 τὸν
1456 678 1556 713 κόσμον
1566 678 1662 704 τοῦτον
1671 685 1707 703 πε
1713 676 1871 712 ριφανείας.

1070 721 1107 751 ὧν
1127 724 1204 750 οὐδὲν
1227 725 1256 750 έν
1278 724 1334 756 τοῖς
1357 723 1411 749 τῶν
1436 722 1545 756 ἀγαθῶν
1565 722 1732 756 καταλόγοις
1756 721 1773 746 ὁ
1802 720 1871 751 0Ξῖος

1071 770 1282 806 ἁπηριθμήσατο
1303 769 1391 803 λόγος.
1417 769 1455 796 Οὐ
1475 769 1554 796 τοῦτο
1577 769 1659 804 μόνον
1681 769 1781 795 τοίνυν
1800 769 1871 794 ἐστὶν

1072 816 1182 844 ἐπαίνου
1194 825 1223 843 τε
1239 817 1286 843 καὶ
1306 815 1445 851 θαύματος
1461 815 1546 848 ἄξιον,
1562 815 1593 842 τὸ
1611 816 1649 851 μὴ
1668 815 1813 850 προέσθαι
1827 814 1872 844 τᾶς

233 872 288 895 tur.
303 867 372 894 Cum
390 867 464 894 enim
482 866 562 893 daret
582 872 712 900 operam,
730 868 760 891 ut
783 863 837 891 Deo
858 869 967 900 gratum
989 871 1021 891 ac

1076 863 1125 889 τῶν
1146 862 1363 889 δυναστευόντων
1387 862 1519 893 σπουδάς”
1541 861 1609 888 ἀλλὰ
1625 862 1674 888 καὶ
1690 861 1737 887 διὰ
1754 860 1813 886 τῶν
1827 861 1871 893 ἐς·

234 914 345 949 dignum
360 913 512 943 inveniret,
527 919 582 938 non
604 911 734 944 divitias,
759 918 814 937 non
838 910 1001 945 dignitatem
1013 931 1021 942 ,

235 966 289 986 non
307 957 389 992 hujus
403 957 498 984 mundi
517 955 696 991 splendores,
714 962 830 990 quarum
850 963 940 982 rerum
955 955 1023 982 nihil

235 1004 263 1030 in
275 1003 438 1030 recensione
450 1002 584 1029 bonorum
594 1009 608 1027 a
620 1001 712 1028 divina
725 1000 867 1036 Scriptura
878 1008 1022 1028 enumera-

235 1053 290 1081 tur,
302 1056 346 1076 res
359 1047 471 1075 idoneas
484 1047 597 1082 putabat
608 1054 676 1081 quas
688 1046 720 1073 ad
733 1047 918 1074 testimonium
929 1046 1024 1073 admit-

236 1099 314 1122 teret.
327 1093 385 1121 Non
399 1093 483 1128 igitur
494 1092 547 1120 hoc
558 1092 646 1120 solum
657 1096 710 1122 est.
720 1091 793 1127 quod
805 1096 832 1119 et
846 1091 925 1119 laude
936 1095 963 1119 et
973 1091 1023 1118 ad-

239 1140 388 1167 miratione
406 1139 517 1174 dignum
536 1138 587 1170 sit,
607 1138 680 1173 quod
698 1138 802 1172 respuit
819 1137 908 1165 studia
923 1137 1025 1172 princi-

237 1193 301 1220 pum
312 1191 420 1212 :verum
431 1184 512 1211 etiam
524 1182 597 1218 quod
610 1191 657 1218 per
667 1190 708 1215 ea,
720 1190 780 1216 quae
792 1186 939 1209 consecuta
948 1185 1024 1213 sunt,

237 1232 327 1266 seipse
337 1231 485 1265 superavit.
496 1228 563 1255 Nam
571 1228 618 1263 qui
629 1228 747 1262 ineptam
757 1235 787 1254 ac
797 1227 887 1254 minus
899 1226 1024 1254 idoneam

237 1276 402 1304 sententiam
417 1275 550 1302 duntaxat
563 1273 670 1308 reiicit,
683 1280 771 1308 neque
795 1272 890 1307 adjicit
906 1272 931 1298 id
948 1272 1020 1307 quod

239 1330 284 1350 res
295 1322 397 1356 poscit,
403 1321 504 1348 malum
515 1319 624 1354 quidem
633 1317 875 1354 prohibet,bonum
889 1325 954 1345 vero
966 1326 1021 1345 non

239 1368 359 1395 conficit.
370 1367 404 1393 At
416 1367 462 1401 qui
476 1370 657 1401 praeterquam
669 1363 741 1398 quod
754 1371 807 1390 non
820 1363 960 1390 consentit
971 1363 1018 1391 de-

1071 908 1135 944 εξῆς
1153 908 1234 939 αὐτὸς
1260 907 1356 934 ἑαυτὸν
1384 907 1571 943 ὑπερϐάλλειν.
1587 907 1616 933 '0
1637 907 1693 942 γὰρ
1722 907 1810 941 μόνον
1829 906 1873 940 τὴν

1072 954 1184 987 ἀναξίαν
1201 954 1381 989 ἀπωσάμενος
1391 953 1491 988 ψῆφον,
1506 953 1544 989 μὴ
1557 953 1688 989 προσθεὶς
1700 953 1730 979 δὲ
1745 954 1783 987 τῇ
1798 953 1873 987 χρείᾳ

1072 1000 1101 1026 τὸ
1113 1000 1216 1032 λεῖπον,
1231 999 1262 1025 τὸ
1282 999 1331 1034 μὲν
1360 999 1445 1026 κακὸν
1462 998 1592 1030 ἐκώλυσε,
1605 999 1636 1025 τὸ
1651 999 1680 1025 δὲ
1703 999 1815 1032 ἀγαθὸν
1829 999 1872 1024 οὐκ

1073 1045 1209 1080 ἐποίησεν.
1238 1045 1267 1071 '0
1286 1045 1314 1071 δὲ
1334 1045 1401 1080 πρὸς
1423 1045 1463 1080 τῷ
1484 1045 1521 1080 μὴ
1541 1045 1688 1072 συνθέσθαι
1705 1045 1748 1079 τῷ
1773 1045 1873 1080 χείρονι

1072 1092 1119 1118 καὶ
1136 1092 1165 1118 τὸ
1182 1091 1263 1118 καλὸν
1290 1091 1419 1127 ἐξευρὼν,
1440 1091 1474 1118 δι’
1488 1091 1653 1127 ἀμψοτέρων
1675 1091 1829 1117 ἐτελείωσε
1848 1092 1872 1116 τὲ

1072 1137 1184 1171 ἀγαθὸν,
1197 1137 1259 1164 οὔτε
1275 1137 1313 1172 τῷ
1326 1137 1402 1172 κακῷ
1417 1137 1598 1173 συγχωρήσας
1610 1137 1661 1172 τὴν
1677 1137 1819 1172 πάροδον,
1832 1139 1871 1162 καὶ

1072 1183 1102 1210 τὸ
1117 1183 1198 1210 καλὴν
1222 1183 1406 1218 προσαγαγὼν
1431 1184 1470 1215 εἰς
1492 1184 1634 1219 ἐνέργειαν
1647 1191 1654 1198 ⁵
1670 1184 1713 1215 ὡς
1729 1184 1807 1210 κατὰ
1823 1185 1871 1217 ἀμ

1074 1228 1175 1263 φύτερα
1192 1227 1318 1262 γενέσθαι
1338 1228 1388 1263 τὴν
1407 1229 1568 1265 εὐεργεσίαν
1582 1229 1629 1255 τοῦ
1650 1229 1781 1265 μεγάλου
1808 1229 1872 1264 Γρη-

1074 1273 1165 1308 γορίου
1184 1274 1212 1299 έν
1233 1274 1265 1309 τῇ
1289 1273 1374 1305 πόλει,
1393 1274 1424 1300 τό
1437 1283 1466 1300 τε
1482 1274 1552 1300 κατὰ
1571 1275 1686 1308 ἄγνοιαν
1705 1274 1871 1310 παράὺτιίν

1075 1318 1317 1354 πλημμελούμενον
1332 1319 1555 1354 ἐπιστρέψαντος,
1573 1320 1661 1346 καὶτὸ
1677 1320 1871 1355 κεκρυμμένον

1073 1366 1138 1401 παρ’
1156 1365 1247 1397 αὐτοῖς
1263 1365 1364 1400 ἀγαθὸν
1380 1365 1413 1392 δι’
1424 1365 1522 1392 ἑαυτοῦ
1541 1365 1768 1400 φανερώσαντος.

237 1413 343 1444 teriori,
366 1412 448 1439 etiam
468 1411 572 1438 bonum
595 1410 715 1442 invenit,
738 1417 786 1444 per
807 1412 924 1444 utraque
942 1409 1044 1436 bonum
1065 1410 1190 1444 perficit,
1212 1410 1277 1437 dum
1299 1418 1389 1445 neque
1411 1411 1482 1438 malo
1503 1410 1609 1438 aditum
1625 1412 1692 1444 dat,
1719 1415 1750 1439 et
1773 1412 1870 1439 bonum

238 1459 270 1485 ad
292 1458 420 1486 eli'ectutn
437 1456 586 1492 producit:
607 1457 676 1482 adeo
699 1459 727 1481 ut
749 1458 865 1488 utraque
889 1454 996 1482 ratione
1019 1454 1180 1482 beneficium
1208 1456 1298 1491 magni
1319 1455 1442 1488 Gregorii
1462 1456 1568 1483 civitati
1596 1457 1767 1491 contigerit,
1783 1458 1830 1492 qui
1848 1462 1870 1483 ct

238 1506 264 1532 id
288 1505 362 1540 quod
388 1511 436 1539 per
461 1502 642 1538 ignorantiam
667 1502 702 1529 ab
723 1501 757 1529 iis
779 1501 999 1536 delinquebatur,
1019 1503 1158 1535 averterit,
1181 1507 1209 1530 et
1229 1503 1332 1530 bonum
1355 1503 1427 1538 apud
1453 1511 1501 1530 eos
1522 1503 1719 1530 absconditum
1742 1511 1796 1538 per
1816 1511 1872 1531 sese

238 1551 407 1588 patefecerit.

273 1600 341 1628 Cum
357 1602 449 1626 autem
465 1597 556 1624 omnia
571 1603 669 1631 magno
685 1595 723 1623 illi
737 1595 796 1623 viro
813 1595 916 1623 auxilio
931 1596 1019 1623 sancti

1107 1597 1219 1624 Πάντων
1235 1597 1263 1624 δὲ
1281 1597 1351 1624 κατὰ
1377 1596 1490 1633 γνώμην
1514 1595 1570 1622 τοῦξ
1581 1596 1703 1632 μεγάλου
1728 1603 1871 1631 προκεχω-

239 1646 360 1681 Spiritus
375 1651 408 1671 ex
429 1642 567 1672 sententia
591 1641 791 1673 successerint,
816 1649 871 1668 non
893 1641 1026 1676 intempe-

239 1692 339 1723 stivum
351 1690 442 1721 fuerit,
454 1689 537 1717 etiam
553 1687 736 1716 accessorium
753 1695 824 1723 opus
835 1688 941 1715 itineris
952 1695 1026 1715 com-

239 1743 404 1767 memorare,
424 1743 479 1770 quo
500 1742 548 1769 per
573 1735 666 1761 omnia
687 1733 786 1768 gratia,
811 1741 872 1768 qua:
890 1733 949 1760 viro
973 1741 1025 1760 una

240 1781 349 1813 aderat,
365 1780 540 1807 ostendatur.
556 1778 689 1812 Quoniam
709 1778 782 1805 enim
797 1778 925 1806 omnibus
936 1779 1025 1813 palam

239 1829 311 1857 erat.
331 1825 405 1860 quod
424 1825 476 1852 hoc
491 1829 554 1851 ante
574 1824 666 1850 omnia
687 1823 740 1850 sibi
754 1823 846 1851 studio
860 1823 981 1855 haberet,
998 1828 1027 1850 ut

239 1873 269 1900 in
283 1871 412 1898 omnibus
428 1870 510 1896 rebus
527 1869 559 1895 ad
569 1870 707 1904 egentium
721 1868 940 1896 consolationem
957 1877 1028 1904 pra:-

240 1921 286 1946 sto
306 1920 380 1944 esset
397 1925 403 1942 :
421 1916 476 1942 duo
493 1915 602 1950 quidam
625 1913 742 1947 Hebraei,
758 1915 816 1942 sive
835 1915 940 1941 lucrum
963 1922 1026 1950 spe-

241 1966 360 1994 ctantes,
382 1961 440 1989 sive
464 1959 694 1994 vituperationem
722 1959 867 1994 quamdam
896 1959 1026 1986 adversus

240 2009 341 2039 virum,
364 2010 393 2034 ut
417 2006 464 2041 qui
492 2004 580 2032 fraudi
608 2012 640 2031 ac
670 2004 823 2039 deccptioni
854 2009 1026 2039 opportunus

240 2058 325 2084 esset,
345 2056 500 2088 qurerentes
527 2051 590 2086 ejus
612 2050 729 2077 reditum
753 2050 912 2078 observant.
938 2050 1026 2084 Atque

240 2098 337 2124 horum
363 2105 434 2124 unus
459 2095 581 2131 quidem,
607 2095 654 2130 qui
680 2099 806 2122 mortuus
832 2103 891 2122 esse
915 2095 1026 2122 rideba-

241 2149 295 2173 tur.
309 2143 408 2177 supino
426 2142 519 2169 habitu
540 2146 669 2169 extensus
686 2148 733 2175 per
750 2145 934 2168 transversam
954 2140 1025 2167 \‘iam

241 2188 378 2222 publicam
396 2187 536 2222 proiectus
550 2191 630 2220 erat;
652 2187 721 2214 alter
734 2194 799 2214 vero
814 2186 952 2221 jaccntem
972 2186 1026 2213 sci-

239 2234 303 2260 licet
328 2232 486 2267 deplorans,
512 2232 722 2259 lamentantium
745 2240 828 2259 voces
852 2232 1024 2264 imitabatur,

240 2285 272 2304 ac
288 2281 496 2312 prmtercuntem
513 2285 640 2312 magnum
661 2277 736 2304 illum
751 2277 839 2304 virum
860 2277 1026 2304 inclamabat

240 2324 336 2351 dicens
352 2333 357 2350 :
376 2323 498 2357 Repente
516 2327 603 2350 morte
617 2327 763 2358 correptus
776 2323 820 2350 hic
836 2323 920 2350 miser
935 2323 1025 2350 nudus

238 2369 321 2403 jacet,
347 2368 426 2403 eique
445 2368 520 2396 deest
536 2373 685 2402 apparatus
710 2369 742 2395 ad
767 2369 947 2403 sepulturam.
970 2369 1024 2394 [io-

239 2414 320 2448 gabat
340 2414 424 2448 igitur
449 2421 576 2447 magnum
602 2413 685 2440 istum
704 2414 802 2445 virum,
822 2422 855 2440 ne
878 2414 1026 2448 ncgligcret

238 2461 265 2487 in
281 2460 399 2495 eojusta
419 2464 602 2490 mortuorum,
619 2460 667 2486 sed
689 2460 816 2487 misertus
833 2460 926 2494 aliquo
944 2461 1025 2486 modo

237 2507 417 2541 paupertatis,
438 2506 571 2541 praeberet
594 2514 626 2533 ex
655 2506 688 2534 iis
713 2507 796 2533 rebus
815 2514 875 2540 qua:
893 2511 1022 2541 suppete-

238 2556 307 2584 t'cnl,
333 2559 388 2586 quo
412 2556 548 2579 extremus
573 2554 688 2578 ornatus
717 2551 825 2584 corpori
853 2551 1020 2584 injiccrclur.

238 2597 283 2625 Ille
299 2597 408 2632 quidem
432 2597 489 2625 haec
510 2601 536 2624 et
560 2598 624 2624 talia
641 2597 738 2623 dicens
763 2597 954 2630 supplicabat;
979 2598 1022 2624 hic

238 2651 299 2670 vero
328 2643 395 2670 nihil
420 2646 567 2670 cunctatus
588 2650 671 2677 super
692 2642 828 2676 jnceutem
857 2643 957 2676 injecta
982 2643 1023 2669 di-

238 2689 337 2723 pleide,
363 2695 417 2722 qua
447 2688 634 2715 circumdatus
658 2691 726 2719 erat,
752 2687 802 2714 iter
833 2696 911 2715 suum
942 2696 1023 2722 porro

239 2735 464 2769 prosequebatur.
485 2733 538 2760 Sed
556 2738 733 2768 posteaquam
750 2733 874 2767 digresso
892 2734 948 2766 illo,
973 2735 1024 2762 soli

241 2785 313 2806 erant
330 2789 344 2807 a
370 2781 471 2815 quibus
488 2780 525 2806 ita
545 2779 656 2806 delusus
677 2782 746 2811 erat,
771 2783 872 2806 mutata
895 2779 921 2806 in
939 2781 1023 2807 risum

241 2826 365 2853 simulata
392 2826 585 2853 lamentatione
609 2825 742 2860 impostor
766 2825 811 2853 ille
831 2825 968 2861 jacentcm
994 2830 1023 2853 ut

1078 1643 1199 1678 ρηκότων
1207 1643 1239 1678 τῇ
1253 1642 1395 1678 συμμαχίᾳ
1402 1642 1449 1669 τοῦ
1461 1642 1540 1676 ἁγίου
1552 1641 1722 1677 Πνεῦματος,
1735 1642 1789 1668 οὐκ
1796 1642 1872 1668 ἀκαι-

1079 1697 1124 1723 ρον
1147 1689 1179 1715 ἂν
1199 1688 1253 1724 εἴη,
1268 1689 1314 1715 καὶ
1331 1688 1362 1715 τὸ
1374 1688 1423 1723 τῆς
1444 1688 1504 1714 ὁδοῦ
1521 1688 1660 1724 πάρεργον
1675 1687 1869 1723 διηγήσασθαι.

1077 1734 1114 1766 ὠς
1138 1734 1171 1760 ἂν
1195 1734 1239 1761 διὰ
1262 1734 1369 1761 πάντων
1388 1735 1405 1769 ἡ
1429 1733 1609 1770 συμπαροῦσα
1626 1733 1664 1768 τῷ
1690 1734 1774 1769 ἀνδρὶ
1795 1735 1870 1769 χὰρις

1077 1779 1258 1807 ἐπεδείκνυτο.
1283 1779 1392 1815 Ἐπειδὴ
1417 1779 1472 1815 γὰρ
1498 1779 1585 1806 ἅπασι
1606 1779 1744 1815 πρόδηλον
1766 1777 1813 1815 ἦν,
1832 1780 1870 1805 ὅτι

1077 1824 1155 1852 τοῦτο
1167 1825 1220 1860 πρὸ
1231 1826 1338 1852 πάντων
1349 1825 1387 1861 τῷ
1397 1825 1474 1860 ἀνδρὶ
1485 1825 1652 1851 ἐσπούδαστο
1662 1825 1693 1851 τὺ
1701 1825 1795 1851 πάντα
1807 1825 1871 1860 πρκ

1077 1870 1194 1906 τὴντῶν
1217 1871 1352 1906 δεομένων
1377 1871 1553 1906 παραμυθίαν
1578 1871 1705 1905 βλέπειν·
1724 1872 1782 1897 εἴτε
1807 1872 1870 1906 xy);

1077 1917 1171 1952 κέρδος
1182 1917 1298 1953 ὁρῶντες
1315 1918 1347 1943 ὲκ
1359 1917 1413 1943 τῶν
1431 1917 1563 1953 Ἐϐραίων
1579 1917 1626 1944 δύο
1639 1917 1722 1950 τινὲς,
1740 1918 1796 1944 εἴτε
1813 1918 1869 1943 τινὶ

1079 1962 1172 1998 μῶμον
1183 1962 1253 1990 κατὰ
1261 1962 1307 1989 τοῦ
1319 1963 1414 1999 ἀνδρὸς
1427 1963 1606 1995 ἐπινοοῦντες,
1619 1963 1657 1994 ὡς
1669 1963 1793 1994 εὐκόλως
1807 1963 1870 1998 πρὶς

1077 2008 1106 2034 τὸ
1120 2008 1306 2040 ἐξαπατᾶσθαι
1319 2008 1501 2043 διακειμένου,
1514 2009 1781 2044 παραφυλάσσουσιν
1791 2008 1869 2035 αὑτοῦ

1076 2053 1126 2088 τὴν
1142 2053 1280 2080 ἐπάνοδον.
1299 2054 1354 2080 Καὶ
1370 2048 1472 2080 toti-raw
1487 2056 1501 2081 ὁ
1518 2055 1577 2089 μὲν,
1592 2055 1721 2088 τεθνάναι
1737 2053 1827 2087 δόξας,
1843 2056 1868 2080 ἐν

1077 2097 1164 2131 ὑπτίῳ
1181 2098 1328 2133 τεταμένος
1343 2097 1381 2133 τῷ
1405 2099 1535 2134 σχήματι,
1551 2099 1621 2126 κατὰ
1635 2098 1666 2125 τδ
1690 2099 1810 2133 πλάγιον
1823 2099 1866 2131 τῆς

1076 2143 1213 2179 λεωφόρου
1235 2143 1394 2179 προέκειτο·
1415 2144 1429 2169 ὁ
1445 2144 1474 2170 δὲ
1489 2144 1583 2180 ἕτερος
1605 2144 1774 2171 ὲπικωκύων
1793 2144 1866 2178 δῆἷιεν

1076 2188 1114 2223 τῷ
1131 2188 1249 2223 κειμένῳ
1261 2189 1308 2221 τὰς
1324 2189 1378 2216 τῶν
1392 2189 1562 2224 θρηνούντων
1580 2189 1674 2223 φωνὰς
1691 2190 1865 2225 ὑπεκρίνατο,

1077 2233 1124 2259 καὶ
1147 2233 1277 2269 παριόντα
1302 2234 1347 2260 τὸν
1365 2234 1451 2270 μέγαν
1474 2235 1615 2266 ἐπεϐοᾶτο,
1638 2234 1741 2269 λέγων,
1766 2235 1867 2270 ἁθρόως

1078 2279 1241 2314 συσχεθέντα
1261 2279 1366 2316 θανάτῳ
1380 2281 1426 2307 τὸν
1441 2281 1558 2308 δείλαιον
1571 2281 1677 2312 τοῦτον,
1697 2281 1803 2316 γυμνὸν
1816 2283 1866 2307 κεί-

1076 2324 1137 2350 σθαι
1154 2324 1200 2350 καὶ
1228 2325 1296 2360 προς
1318 2326 1407 2361 ταφὴν
1428 2327 1630 2361 ἀπαράσκευον.
1655 2327 1761 2353 Ἐδεῖτο
1782 2328 1864 2353 τοίνυν

1073 2370 1121 2395 τοῦ
1137 2370 1254 2404 μεγάλου
1272 2372 1309 2406 μὴ
1324 2371 1454 2407 περιιδεῖν
1470 2372 1513 2398 ἐπ’
1526 2372 1597 2408 αὑτῷ
1614 2373 1665 2407 τὴν
1678 2373 1760 2400 ὁσίαν
1772 2373 1864 2408 ψυχὴν,

1074 2416 1131 2442 ἀλλ’
1146 2414 1234 2442 οἶκτόν
1254 2425 1314 2443 τινα
1336 2417 1386 2452 τῆς
1410 2418 1506 2449 πενίας
1526 2418 1643 2444 λαϐόντα
1667 2421 1823 2454 παρασχεῖν
1837 2420 1865 2444 ἐκ

1073 2461 1127 2487 τῶν
1143 2462 1254 2488 ἐνόντων
1269 2462 1314 2488 τὸν
1330 2463 1443 2498 ἔσχατον
1456 2463 1558 2499 κόσμον
1572 2464 1758 2498 ἐπιϐληθῆναι
1771 2465 1810 2499 τῷ
1822 2465 1865 2490 σώ-

1080 2515 1152 2540 ματι.
1162 2505 1191 2532 '0
1205 2506 1253 2542 μὲν
1272 2507 1358 2534 ταῦτα
1373 2508 1419 2534 καὶ
1436 2508 1470 2534 τὰ
1485 2508 1596 2534 τοιαῦτα
1609 2509 1710 2543 λέγων,
1731 2510 1862 2536 ἱκέτευεν·

1077 2553 1091 2578 ό
1103 2552 1130 2578 δὲ
1148 2553 1283 2588 μελλήσας
1293 2553 1380 2586 οὐδὲν,
1392 2554 1441 2588 τὴν
1453 2554 1649 2590 περικειμένην
1661 2555 1739 2589 αὐτῷ
1752 2555 1863 2581 διπλοΐδα

1077 2598 1213 2624 ἐπιϐαλὼν
1235 2598 1274 2633 τῷ
1298 2599 1427 2634 κειμένῳ,
1445 2599 1491 2626 τοῦ
1520 2600 1616 2634 πρόσω
1641 2601 1693 2635 τῆς
1720 2601 1863 2635 ὁδοιπορίας

1077 2645 1173 2679 εἴχετο.
1195 2645 1269 2671 Ἐπεὶ
1282 2645 1310 2671 δὲ
1327 2645 1468 2676 διαϐάντος
1482 2645 1597 2678 ἐκείνου,
1616 2646 1660 2680 ἐφ’
1678 2647 1788 2673 ἑαυτῶν
1804 2645 1862 2681 ἦσαν

1077 2691 1100 2715 οἱ
1120 2690 1205 2716 ταῦτα
1233 2691 1291 2717 κατ’
1308 2691 1390 2717 αὑτοῦ
1411 2691 1567 2723 παίξαντες,
1586 2692 1755 2727 μεταϐαλὼν
1770 2694 1785 2719 ὁ
1803 2693 1863 2719 ἀπ-

1075 2736 1142 2761 τεὼν
1154 2736 1256 2768 ἐκεῖνος
1270 2736 1316 2762 τὸν
1331 2737 1566 2772 ἐσχηματισμένον
1582 2737 1684 2772 θρῆνον
1701 2739 1744 2770 εἰς
1758 2739 1861 2773 γέλωτι,

1074 2781 1258 2808 διανίστασθαι
1276 2781 1314 2817 τῷ
1337 2783 1454 2818 κειμένῳ
1476 2783 1692 2818 παρεκελεύετο,
1716 2785 1764 2820 ὑφ’
1780 2786 1862 2820 ἡδονῆς

1073 2826 1112 2862 τῷ
1123 2827 1154 2853 ἐκ
1169 2827 1218 2862 τῆς
1234 2827 1341 2863 ἀπάτης
1361 2828 1452 2860 αὐτοῖς
1472 2830 1689 2866 προσγενομένῳ
1709 2832 1798 2869 ripis:
1813 2833 1860 2857 ἐπι-

1044 2267 1065 2295 D
