1917 3079
71 153 123 180 S).l

546 151 589 178 οῖς
610 151 688 178 rm
711 151 740 179 s.
761 150 926 180 aumonu
945 144 1211 183 rttqut‘uuct.

1656 161 1717 191 liii.

71 207 234 243 καγχᾶιζων.
258 207 286 233 '0
300 206 330 232 δὲ
350 203 383 241 ἦν
402 206 430 231 ἐν
450 205 535 240 ὁμοίῳ
559 203 596 241 τῷ
620 207 738 241 σχήματι
757 207 862 242 μηδενὸς

923 214 1056 243 surgeret,
1073 209 1247 243 hortabatur,
1259 219 1314 246 pra!
1326 213 1426 246 gaudio
1441 215 1477 241 ob
1488 215 1596 242 lucrum
1613 216 1709 246 fraude

71 255 185 282 ἀκούων
197 253 252 280 τῶν
266 252 430 288 λεγομένων.
445 251 498 278 Τοῦ
512 252 540 278 δὲ
558 252 730 288 Tsytuvmép;
745 254 777 288 τῇ
793 255 868 289 φωνῇ

71 299 260 336 κεχρημένου,
274 299 321 326 καὶ
332 298 390 331 ἅμα
401 297 440 333 τῷ
451 298 512 324 ἐτοδῖ
519 297 708 333 διεγείροντος,
720 298 795 325 οὐδὲν
805 299 869 334 μᾶλ-

71 345 122 372 λον
142 346 156 371 ὁ
175 345 310 379 κείμενος,
325 342 386 370 οὔτε
400 343 450 377 τῆς
470 344 562 378 φωνῆς
575 344 719 379 ἐπήκουεν,
740 344 800 371 οὔτε
820 345 870 380 τῆς

72 391 186 426 πληγῆς
198 389 383 426 ἐπῃσθάνετο·
398 389 456 416 ἀλλ’
469 387 503 424 ἦν
519 389 619 425 ὁμοίως
636 389 815 426 ὲκτεταμένος
830 391 869 426 τῷ

73 437 210 472 σχήματι.
226 435 332 471 Νεκρδς
353 435 407 472 γὰρ
420 433 454 471 ἧν
466 435 534 470 ὁμοῦ
550 437 583 471 τῇ
607 436 719 472 ἐπιϐολῇ
735 436 782 464 τοῦ
803 437 869 472 ίμα-

71 482 147 516 τιου,
165 482 237 509 κατὰ
249 481 377 517 ἀλήθειαν
391 483 420 508 ἐν
433 481 471 517 τῷ
484 481 592 517 θανάτῳ
608 483 764 518 γενόμενος,
777 482 807 509 ὃν
821 483 869 510 ἐπὶ

70 529 108 564 τῇ
135 529 229 565 ἀπάτῃ
256 527 305 555 τοῦ
333 528 453 563 μεγάλου
477 528 712 563 καθυπεκρίνετοο
735 529 805 556 ὥστε
830 529 868 564 μὴ

69 574 228 610 ψευσθῆναι
253 573 299 600 τὸν
319 573 367 600 τοῦ
393 573 461 600 Θεοῦ
482 574 636 609 ἄνθρωπον,
653 573 710 600 ἀλλ’
730 571 761 601 οὗ
789 575 869 609 χάριν

71 619 155 654 ἐδόθη
173 619 239 652 παρ’
253 617 336 645 αὐτοῦ
355 618 386 645 rb
407 618 525 654 ἱμάτιον,
546 619 576 645 ἐν
590 618 678 654 τούτῳ
691 620 746 651 τοῖς
757 619 868 646 λαῆοῦσι

69 665 204 699 γενέσθαι
224 665 372 700 χρήσιμον.
389 665 421 691 Ei.
441 664 469 691 δὲ
484 664 646 701 σκυθρωπὸν
660 663 730 692 εἶναι
752 665 824 692 δοκεί
838 666 869 692 τὸ

70 711 195 738 τοιοῦτον
210 711 289 747 ἔργον
302 711 351 746 τῆς
362 710 409 737 τοῦ
427 711 545 746 μεγάλου
562 710 680 743 πίστεώς
694 720 724 738 τε
737 712 784 738 καὶ
795 712 869 740 δυνά-

72 765 161 792 μεως,
171 755 315 788 ξενιζέσθω
323 756 428 792 μηδεὶς,
441 756 509 790 πρὸς
521 756 666 792 τὺνμέγαν
674 757 776 793 Πέτρον
785 758 866 793 ὁρῶν.

70 802 131 828 Καὶ
146 801 201 837 γὰρ
209 800 322 833 ἐκεῖνος,
334 802 365 828 οὐ
377 802 410 828 δι’
423 798 461 828 ὧν
477 802 620 837 εὐηργέτει
636 802 771 838 μόνοντὴν
785 811 869 839 προσ-

71 847 161 874 οῦσαν
189 847 362 875 ἐπεδείκνυτο
376 848 504 883 δύναμιν,
522 848 568 875 τὸν
590 849 623 875 ἐκ
638 849 770 884 γεννητῆς
783 849 868 884 χωλὸν

922 254 1067 290 quaesitum
1093 255 1275 283 cachinnans.
1308 257 1342 283 At
1369 258 1439 285 alter
1471 264 1530 286 erat
1556 260 1582 287 in
1613 263 1708 290 eodem

921 299 1028 331 habitu,
1054 300 1121 327 nihil
1155 302 1306 330 exaudiens
1327 310 1422 330 eorum
1451 312 1511 339 qum
1534 305 1708 335 dicebantur.

920 343 990 371 Cum
1013 348 1104 372 autem
1128 345 1173 372 ille
1197 346 1316 374 clariore
1339 355 1405 375 voce
1421 353 1554 383 uteretur,
1581 358 1612 378 ac
1627 352 1709 379 simul

920 390 989 425 pede
1005 390 1118 418 trudens
1136 398 1198 418 eum
1214 392 1335 419 excitare
1352 394 1496 427 niteretur,
1522 396 1607 424 nihilo
1622 399 1709 433 magis

919 436 966 471 qui
984 435 1094 471 jacebat
1105 436 1145 463 vel
1165 444 1258 464 vocem
1284 439 1459 473 exaudiebat,
1476 442 1518 468 vel
1542 441 1625 470 ictum
1644 452 1709 471 sen-

919 482 1020 514 tiebat,
1043 483 1091 510 sed
1111 483 1138 510 in
1161 483 1257 510 eodem
1281 484 1375 511 habitu
1391 490 1524 516 extensus
1543 493 1611 515 crat.
1635 489 1707 517 Mor-

919 533 984 555 tuus
1007 527 1081 556 enitn
1104 533 1180 559 erat,
1201 536 1277 561 cum,
1295 529 1376 556 simul
1390 537 1472 566 atque
1490 533 1601 567 pallium
1625 543 1708 570 super

919 581 981 601 eum
1002 573 1132 608 injectum
1156 579 1227 607 erat,
1253 583 1316 603 \‘era
1336 581 1435 611 morte,
1452 586 1535 613 quain
1555 579 1707 615 decipiendi

919 620 1011 656 magni
1026 620 1100 648 illius
1115 628 1199 649 causa
1208 621 1398 655 simulaverat,
1409 629 1553 660 correptus
1569 627 1710 661 exspiras-

919 672 972 700 set,
987 666 1056 695 adeo
1077 671 1107 695 ut
1129 668 1213 696 homo
1239 669 1285 696 ille
1312 669 1423 698 divinus
1451 671 1524 699 haud
1547 671 1634 701 falsus
1660 673 1708 706 sit,

919 713 968 742 sed
988 714 1070 749 cujus
1097 714 1135 742 rei
1161 715 1249 750 gratia
1266 715 1379 750 pallium
1410 717 1446 744 ab
1470 724 1502 744 co
1520 717 1613 745 datttnt
1636 723 1706 750 erat.

919 760 952 788 ad
975 760 1046 788 hanc
1064 768 1119 788 rent
1144 761 1168 788 ei
1192 762 1238 796 qui
1262 762 1425 797 accepisset,
1443 765 1505 791 usui
1528 768 1611 791 esset.
1629 764 1705 797 Quod

920 807 942 833 si
955 814 1084 834 acernum
1098 811 1125 834 et
1138 812 1217 834 atrox
1234 807 1370 842 ejusmodi
1387 809 1495 837 facinus
1511 817 1616 845 magnae
1634 811 1707 837 illius

918 857 945 879 et
960 852 1021 880 lldei
1040 857 1067 880 et
1082 854 1211 888 potentia:
1233 861 1294 881 esse
1314 854 1433 887 videtur,
1454 863 1535 883 neruo
1549 856 1627 891 quasi
1650 864 1707 884 rem

69 895 205 931 τρέχοντα
224 894 262 930 τῷ
286 894 343 930 λαῷ
366 895 495 922 δεικνύων
523 896 569 922 καὶ
593 896 775 932 διαλλόμενον,
798 898 862 933 ἢτῇ

919 906 1016 925 noram
1034 898 1158 931 miretur,
1176 899 1224 926 sed
1245 899 1277 926 ad
1294 907 1422 936 magnum
1444 901 1518 928 illmn
1535 901 1645 928 Petrum
1666 910 1710 929 re-

70 942 140 977 σκιᾷ
155 941 203 967 τοῦ
219 941 283 967 ἰδίου
298 941 424 976 σώματος
441 941 573 977 Ιατρεύων
584 942 639 968 τῶν
654 942 868 978 ἀρρωστούντων

69 987 108 1013 τὰ
126 987 210 1021 πάθη,
244 984 285 1019 οἷς
307 987 340 1013 ἂν
363 987 487 1022 ἐπήγαγε
513 987 584 1014 κατὰ
609 988 658 1023 τὴν
680 987 797 1022 πάροδον
821 987 867 1013 τοῦ

69 1033 222 1061 ἀποστόλου
245 1033 290 1060 διὰ
320 1031 433 1067 πλαγίου
459 1032 498 1068 τῷ
525 1032 631 1069 σώματι
658 1033 835 1069 προσσάλλων
853 1034 868 1060 ὁ

67 1080 166 1114 ἥλιος·
181 1079 249 1106 ἀλλὰ
271 1078 319 1106 καὶ
341 1079 388 1106 τοῦ
410 1079 531 1106 Ἀνανίου
548 1079 616 1115 πρὸς
642 1079 691 1114 τὴν
711 1078 867 1106 ἐνοικοῦσαν

68 1125 112 1160 τῷ
137 1123 279 1160 ἁποστόλῳ
304 1124 419 1160 δύναμιν
440 1124 682 1161 καταφρονητικῶς
701 1124 868 1157 διατεθέντος

68 1171 249 1204 καταδικάζει
262 1171 308 1198 τὸν
321 1171 434 1199 θάνατον
443 1180 450 1188 ·
462 1171 500 1202 ὡς
513 1171 556 1204 ἂν,
573 1170 660 1206 οἶμαι,
672 1171 713 1206 τῷ
724 1171 784 1198 κατ’
798 1172 868 1197 ἐκεί-

68 1227 117 1244 νον
138 1218 212 1253 φόϐῳ
229 1218 283 1244 πᾶν
298 1219 328 1244 τὸ
343 1217 532 1252 καταφρονοῦν
547 1218 575 1244 ἐν
597 1217 636 1253 τῷ
655 1217 712 1253 λαῷ
729 1217 866 1253 σωφρονέ-

69 1272 170 1300 στερον
184 1264 296 1299 γένηται
312 1263 351 1299 τῷ
367 1263 474 1299 φοϐερῷ
490 1263 679 1299 ὑποδείγματι,
696 1263 765 1298 πρὸς
784 1263 814 1289 τὺ
829 1264 866 1299 μὴ

68 1311 129 1342 τοῖς
157 1310 248 1342 αὐτοῖς
270 1309 430 1344 ἐγγενέσθαι
456 1308 727 1344 παιδαγωγούμενον.
747 1308 867 1340 Εἰκότως

67 1357 162 1383 τοίνυν
181 1358 196 1384 ὁ
213 1356 335 1392 μιμητὴς
351 1355 398 1383 τοῦ
420 1356 523 1391 Πέτρου
547 1355 591 1382 διὰ
605 1355 710 1382 πολλῶν
725 1354 780 1381 τῶν
796 1353 867 1381 κατὰ

69 1403 122 1435 τὰς
143 1403 304 1438 εὐεργεσίας
327 1402 476 1438 θαυμάτων
496 1401 586 1434 δεῖξας
605 1400 635 1428 τὸ
661 1401 711 1437 τῆς
725 1401 866 1436 δυνάμεως

70 1448 199 1484 μέγεθος,
211 1445 265 1476 καὶ
280 1448 325 1476 τὸν
341 1448 412 1476 κατὰ
427 1447 474 1476 τοῦ
491 1447 649 1483 Πνεύματος
662 1447 816 1483 χρήσασθαι
831 1447 864 1482 τῇ

68 1495 167 1531 ἀπάτῃ
187 1495 401 1531 ἐπιχειρήσαντα
423 1494 572 1530 ἀληθεῦσαι
594 1494 660 1530 περὶ
683 1494 764 1521 αὑτοῦ
796 1501 866 1529 παρ-

68 1539 310 1569 εσκεύασεν.Ἐδει
321 1542 387 1577 γὰρ,
399 1540 486 1578 οἶμαι,
504 1541 549 1568 τὸν
560 1541 726 1577 καθαιρέτην
740 1540 787 1567 τοῦ
799 1540 865 1575 ψεύ-

919 945 1029 979 spiciat.
1058 944 1126 972 Nam
1151 950 1178 973 et
1207 946 1252 974 ille
1284 955 1338 974 non
1359 947 1555 975 benefacienth
1577 948 1708 975 duntaxat

918 990 1058 1022 virtutem,
1069 997 1122 1025 qua
1134 990 1267 1024 praeditus
1285 995 1354 1023 erat,
1373 992 1589 1024 demonstrabat,
1604 1000 1665 1019 cum
1682 997 1709 1019 rt

917 1043 992 1068 eum,
1020 1036 1067 1071 qui
1092 1036 1208 1064 claudus
1236 1041 1318 1064 natus
1345 1042 1414 1070 erat,
1441 1043 1596 1066 currentem
1627 1043 1708 1073 atque

919 1081 1065 1109 saltantem
1087 1083 1189 1117 populo
1205 1083 1374 1116 ostenderet,
1394 1088 1422 1111 ct
1445 1084 1488 1112 sui
1505 1084 1631 1119 corporis
1648 1093 1707 1110 tttlt-

917 1128 966 1155 bra
990 1129 1024 1155 ad
1040 1136 1223 1164 quoscunque
1245 1137 1306 1156 eatn
1322 1130 1374 1160 sol,
1392 1133 1554 1157 transeunte
1570 1131 1706 1165 apostolo,

917 1180 950 1200 ex
978 1177 1135 1201 transverso
1157 1174 1266 1209 corpori
1285 1174 1448 1202 incumbens
1464 1175 1595 1210 adigeret,
1616 1183 1707 1211 argm-

917 1218 1034 1246 tantium
1059 1219 1171 1247 morbos
1199 1224 1310 1248 sanaret
1327 1229 1332 1247 :
1352 1228 1444 1248 rerum
1463 1221 1545 1248 etiam
1561 1223 1706 1253 Ananiaw.

917 1264 963 1299 qui
984 1263 1100 1291 insitam
1112 1265 1238 1299 apostolo
1254 1266 1382 1294 virtutem
1400 1267 1603 1298 contemnebat.
1620 1273 1708 1294 inerte

916 1310 1093 1343 condemnat,
1121 1315 1150 1338 ut
1174 1311 1258 1344 illius,
1285 1312 1394 1347 opinor,
1423 1320 1503 1348 paena
1523 1313 1652 1348 quisquis
1679 1315 1705 1339 in

916 1356 1020 1391 popttlo
1043 1355 1139 1383 eodem
1162 1357 1376 1392 contemptionis
1393 1358 1491 1385 morbo
1506 1357 1653 1390 laboraret,
1672 1358 1706 1385 ad

916 1402 1055 1430 saniorem
1083 1402 1240 1437 opinionem
1270 1407 1465 1436 revocaretur,
1496 1411 1557 1430 cum
1582 1405 1707 1439 exemplo

916 1448 1057 1476 horrendo
1081 1452 1266 1480 coerceretur,
1286 1456 1319 1476 ne
1345 1453 1371 1476 et
1388 1449 1447 1484 ipse
1468 1449 1653 1477 cOmmitteret
1677 1455 1706 1476 ut

916 1493 1014 1521 iisdem
1030 1495 1121 1530 poenis
1144 1494 1340 1529 subjiceretur.
1368 1494 1465 1522 Merito
1482 1494 1567 1531 igitur
1584 1496 1707 1523 imitator

917 1538 1003 1572 Petri,
1017 1547 1080 1567 cum
1098 1541 1245 1575 permulta
1262 1539 1386 1568 benetica
1411 1541 1543 1568 miracula
1569 1543 1706 1577 magnitu-

67 1588 145 1619 δους,
157 1588 203 1614 καὶ
221 1588 250 1614 ἐν
265 1588 305 1623 τῷ
317 1587 455 1615 ἀπατεῶνι
467 1588 496 1614 τὸ
510 1587 606 1623 ψεῦδος
618 1587 810 1623 μεταλλάττειν
823 1587 862 1618 εἰς

918 1585 1012 1612 dinem
1031 1571 1160 1620 potentia:
1184 1586 1362 1617 ostendisset,
1385 1588 1469 1614 etiam
1487 1594 1561 1618 cum,
1586 1571 1633 1622 qlti
1658 1588 1707 1614 atl-

67 1632 212 1668 ἁλήθειαν,
233 1632 272 1664 ὼς
284 1631 317 1659 ἂν
332 1631 417 1659 ἆπασι
435 1632 480 1659 διὰ
499 1632 579 1659 τοῦτο
595 1633 701 1667 γένοιτο
719 1632 807 1667 δῆλον.
822 1633 862 1659 ὅτι

68 1679 119 1706 καὶ
134 1680 188 1706 πᾶν
198 1679 229 1706 τὸ
246 1679 321 1715 παρὰ
338 1679 386 1706 τοῦ
402 1679 519 1715 μεγάλου
537 1679 684 1714 λεγόμενον
699 1679 798 1715 ἀληθὲς
814 1677 863 1714 ἦν,

67 1725 119 1752 καὶ
131 1725 199 1761 ὅπερ
211 1725 244 1752 ἂν
265 1725 303 1758 ὡς
320 1724 420 1761 ἀληθὲς
443 1724 620 1761 παρεδέξατο,
636 1725 734 1760 ψεῦδος
752 1725 803 1752 οὐκ
817 1723 862 1760 ἦν.

67 1771 102 1797 Οἱ
121 1771 171 1806 μὲν
192 1769 238 1798 οὖν
261 1771 383 1798 Ἰουδαῖοι
401 1771 471 1798 κατὰ
490 1771 535 1799 τὸν
559 1771 677 1807 ρηθέντα
691 1771 792 1807 τρόπον
815 1772 864 1807 τῆς

65 1817 117 1844 τοῦ
133 1817 250 1852 μεγάλου
265 1816 416 1852 δυνάμεως,
430 1817 468 1850 ὡς
478 1818 618 1853 ἐνόμισαν,
633 1817 862 1850 καταπαίξαντες,

67 1863 210 1898 παίδευμα
227 1864 284 1894 τοῖς
303 1863 393 1896 ἄλλοις
410 1863 544 1897 ἐγένοντο,
563 1864 600 1899 μὴ
625 1864 796 1899 κατατολμᾷν
812 1864 861 1898 τῆς

67 1907 192 1943 ἀπάτης,
202 1908 244 1943 ἐφ’
256 1904 294 1935 ὧν
305 1909 320 1935 ὁ
333 1908 400 1941 Θεὸς
407 1908 511 1943 γίνεται
526 1909 580 1936 τῶν
593 1909 783 1944 τολμηθέντων
797 1918 862 1936 κατ-

68 1955 184 1990 ἡγοροςι

918 1638 1015 1658 versus
1041 1630 1174 1666 Spiritum
1203 1631 1326 1659 fraudem
1354 1631 1445 1659 facere
1474 1639 1590 1660 conatus
1617 1638 1705 1663 esset.

916 1683 1042 1703 veracem
1058 1676 1192 1704 adversus
1205 1676 1326 1711 seipsutn
1341 1676 1441 1704 eﬂ'ecit.
1459 1676 1609 1712 Oportebat
1621 1678 1704 1709 cnim,

915 1722 1025 1757 opinor,
1042 1722 1178 1750 mendacii
1188 1730 1346 1750 eversorem
1359 1723 1441 1750 etiam
1455 1723 1609 1758 deceptoris
1627 1732 1706 1750 mvn-

916 1768 1025 1796 daciuut
1044 1771 1206 1796 convertere
1230 1768 1259 1796 in
1283 1769 1438 1801 veritatem,
1461 1774 1491 1796 ut
1511 1770 1638 1797 omnibus
1660 1777 1707 1805 [ur

916 1815 970 1843 hoc
988 1815 1078 1850 palam
1095 1814 1184 1847 fieret,
1206 1814 1279 1850 quod
1303 1818 1330 1842 et
1349 1815 1483 1850 quidquid
1510 1823 1525 1842 a
1546 1823 1644 1851 magno
1660 1817 1706 1843 illo

917 1866 974 1888 tum
998 1861 1148 1892 diceretur.
1166 1866 1224 1889 tum
1250 1861 1336 1895 fieret,
1357 1869 1452 1889 verum
1476 1865 1561 1894 esset,
1576 1866 1603 1890 et
1623 1863 1708 1897 quod-

916 1915 1026 1942 cunque
1046 1915 1095 1942 pro
1117 1915 1181 1935 vero
1203 1908 1366 1942 accepisset,
1385 1908 1558 1936 mendacium
1584 1917 1637 1936 non
1659 1918 1705 1937 es—

919 1960 970 1982 set.
986 1955 1024 1981 Ac
1037 1953 1124 1982 Judtei
1142 1954 1265 1989 quidem.
1280 1954 1510 1989 quemadmodum
1525 1955 1626 1982 dictum
1651 1960 1704 1986 est,

68 2001 166 2037 magni
197 2001 270 2029 illius
290 2001 451 2036 potentiam,
485 2004 514 2027 ut
548 1999 689 2031 rebantur,
717 1999 858 2030 ludificati,
879 1998 1045 2026 documento
1076 1998 1184 2026 caeteris
1214 1996 1326 2026 fuerunt
1348 2007 1355 2025 :
1375 2006 1430 2025 non
1460 1998 1617 2026 tentandam
1644 2007 1706 2027 esse

68 2045 208 2077 fraudem,
234 2045 260 2073 in
277 2046 378 2080 quibus
395 2045 466 2072 Deus
490 2052 596 2078 eorum,
613 2052 674 2079 quze
696 2043 856 2075 tentaveris,
873 2048 1020 2070 accusator
1037 2042 1156 2070 exsistit.

107 2092 186 2120 Μετὰ
207 2092 293 2120 ταῦτα
309 2092 337 2119 δὲ
351 2092 479 2128 συλλόγου
494 2092 567 2124 τινος
587 2093 658 2119 κατὰ
679 2091 709 2118 τὺ
730 2091 861 2126 ὕπαιθρον

66 2137 98 2165 ἐν
113 2147 168 2165 τινι
179 2138 234 2165 τῶν
248 2139 319 2166 κατὰ
333 2138 383 2174 τὴν
394 2138 486 2175 χώραν
495 2138 585 2165 τόπων
592 2137 776 2173 γεγενημένου
786 2137 860 2168 ποτέ,

66 2185 118 2212 καὶ
143 2184 254 2211 πάντων
277 2185 471 2221 θαυμαστικῶς
485 2184 664 2220 διακειμένων
684 2183 752 2218 πρὸς
772 2183 807 2210 τὰ
820 2183 861 2210 δι-

65 2231 208 2266 δάγματα,
228 2231 370 2266 μειράκιόν
386 2240 412 2257 τι
429 2231 497 2266 πρὸς
521 2231 584 2262 τοὺς
599 2229 768 2262 συνεστῶτας
786 2229 860 2262 ἐϐόα,

69 2276 109 2312 μὴ
126 2276 193 2311 παρ’
201 2276 284 2303 αὑτοῦ
297 2276 383 2304 ταῦτα
397 2277 443 2304 τὸν
452 2276 611 2304 διδάσκαλον
627 2276 727 2311 λέγειν,
738 2275 794 2303 ἀλλ’
806 2275 865 2302 ἐτε-

69 2329 118 2357 ρον
137 2321 212 2356 αὐτῷ
230 2322 392 2358 παρεστῶτα
413 2322 538 2355 διεξιέναι
554 2323 616 2354 τοὺς
643 2321 749 2356 λόγους.
777 2322 864 2357 Προσ-

67 2367 201 2403 αχθέντος
213 2367 242 2394 δὲ
252 2367 298 2395 τοῦ
310 2369 405 2400 παιδὸς
417 2368 488 2403 μετὰ
497 2368 527 2395 τὺ
541 2368 696 2403 διαλυθῆναι
710 2368 755 2395 τὸν
769 2367 864 2394 σύλλο-

68 2421 130 2447 γον,
147 2414 236 2440 εἰπεῖν
254 2413 364 2448 λέγεται
383 2415 451 2449 πρὸς
469 2415 533 2446 τοὺς
554 2415 692 2450 παρόντας
705 2414 751 2441 τὸν
765 2414 862 2450 μέγαν,

69 2461 110 2498 μὴ
134 2461 300 2496 καθαρεύειν
313 2463 345 2489 ἐκ
362 2462 488 2497 δαίμονος
506 2462 537 2489 τὸ
561 2463 718 2498 μειράκιον·
744 2462 790 2489 καὶ
806 2461 865 2497 ἅμα

68 2506 266 2542 περιελόμενον
289 2507 385 2534 ἑαυτοῦ
402 2507 432 2534 τὸ
456 2508 501 2534 ἐπὶ
525 2508 570 2534 τὸν
585 2505 659 2543 ὦμον
681 2508 794 2536 ὀθόνιον.
817 2509 864 2535 καὶ

67 2552 233 2587 παραθέντα
254 2552 294 2587 τῷ
312 2553 433 2588 ἄσθματι
448 2553 495 2580 τοῦ
519 2554 585 2580 ἰδίου
611 2555 755 2589 στόματος,
779 2553 864 2586 οὕτως

66 2597 217 2634 ἐπιρῥίψαι
230 2598 270 2634 τῷ
283 2599 345 2634 νέῳ.
359 2599 508 2634 Γενομένου
521 2600 549 2626 δὲ
560 2599 667 2633 τούτου,
679 2601 864 2636 ταράσσεσθαι

67 2644 174 2680 ἦρξα-ιο
194 2644 242 2671 καὶ
269 2645 387 2680 ἀναδοᾷν
401 2646 432 2672 τὸ
448 2646 601 2681 μειράκιον,
619 2646 667 2673 καὶ
683 2647 864 2674 καταπίπτειν

68 2691 118 2717 καὶ¹
132 2691 364 2726 διαρριπτείσθαι,
381 2691 429 2718 καὶ
448 2692 538 2719 πάντα
551 2693 666 2728 πάσχειν
678 2692 712 2719 τὰ
727 2694 759 2719 ἐκ
773 2692 866 2728 δαιμό-

70 2745 126 2762 van
143 2736 229 2772 πάθη.
248 2734 315 2764 Εἶτα
341 2737 516 2770 ἐπιϐαλόντος
537 2738 584 2765 τοῦ
608 2738 686 2773 ἁγίου
704 2738 754 2774 τὴν
775 2740 864 2774 χεῖρα,

70 2785 119 2808 καὶ
132 2782 184 2818 τὴν
197 2782 320 2818 ταραχὴν
334 2783 562 2816 κατευνάσαντος,
578 2785 732 2819 ἁποπτῆναι
751 2785 800 2819 μὲν
817 2785 866 2811 αὐ-

70 2828 119 2854 τοῦ
135 2828 167 2854 τὸ
191 2827 338 2863 δαιμόνιον,
355 2828 401 2854 τὸν
412 2828 440 2855 δὲ
458 2829 538 2856 πάλιν
556 2830 584 2855 ἓν
603 2830 768 2856 καταστάσει
790 2830 866 2863 γενό-

71 2881 164 2908 μενον,
181 2873 278 2909 μηκέτι
293 2873 382 2907 λέγειν
394 2873 460 2909 ὀρᾷν
469 2874 514 2900 ἐπὶ
525 2874 572 2900 τοῦ
580 2875 659 2908 ἁγίου
670 2874 715 2901 τὸν
726 2874 865 2910 συμφθεγ-

953 2089 1018 2117 Post
1032 2089 1089 2118 haec
1114 2098 1177 2117 curti
1194 2091 1305 2125 quidam
1327 2095 1480 2119 conventus
1501 2090 1552 2119 sub
1571 2092 1616 2119 duo
1636 2100 1705 2128 quo-

916 2135 979 2163 dam
995 2135 1022 2162 in
1040 2135 1102 2163 loco
1115 2135 1236 2171 regionis
1253 2136 1400 2171 aliquando
1416 2135 1526 2169 fuisset,
1543 2141 1625 2172 atque
1645 2146 1705 2165 om-

916 2189 965 2209 nes
982 2181 1162 2209 admiratione
1178 2180 1310 2208 doctrinae
1328 2186 1499 2214 tenerentur,
1514 2181 1705 2211 adolescentu-

917 2228 960 2255 lus
977 2227 1090 2263 quidam
1105 2227 1139 2254 ad
1153 2231 1335 2263 congregatos
1355 2228 1502 2260 clamabat,
1513 2236 1568 2256 non
1584 2237 1598 2256 a
1615 2230 1706 2264 seipso

917 2274 1078 2309 magistrum
1102 2281 1134 2302 ea
1148 2273 1251 2306 dicere,
1271 2273 1320 2301 sed
1347 2274 1464 2301 alterum
1482 2275 1507 2302 ei
1530 2275 1705 2302 assistcntetu

917 2321 999 2348 verba
1015 2319 1149 2355 proferre.
1165 2319 1233 2348 Cum
1247 2325 1338 2348 autent
1354 2320 1469 2349 dimisso
1481 2326 1618 2348 conventu
1639 2329 1706 2356 puer

916 2366 950 2394 ad
967 2374 1029 2394 eum
1049 2366 1186 2394 adductus
1198 2369 1282 2399 esset,
1296 2366 1401 2395 dixisse
1418 2375 1534 2402 magnus
1548 2367 1601 2395 istc
1618 2367 1706 2395 fertur-

915 2412 948 2440 ad
969 2420 1028 2444 eos,
1050 2412 1096 2448 qui
1125 2413 1252 2444 aderant,
1279 2413 1518 2441 adolescentulum
1541 2421 1557 2440 a
1583 2414 1706 2441 daemone

916 2458 1053 2493 integrum
1076 2465 1131 2484 non
1154 2465 1217 2485 esse
1232 2467 1239 2485 :
1253 2465 1285 2485 ac
1305 2458 1388 2485 simul
1406 2458 1558 2486 detractum
1583 2459 1636 2486 sibi
1651 2459 1705 2486 liti-

916 2504 1031 2535 teolum,
1062 2503 1135 2538 quod
1162 2503 1189 2530 in
1214 2503 1338 2531 humeris
1361 2503 1502 2538 gestabat,
1528 2508 1555 2531 et
1581 2505 1638 2532 oris
1662 2505 1704 2532 sui

917 2550 1016 2577 anima:
1037 2549 1191 2582 admotum,
1211 2550 1248 2577 ita
1267 2550 1398 2585 iniecisse
1417 2550 1522 2586 juveni.
1539 2550 1599 2583 Quo
1620 2549 1703 2581 facto,

916 2598 1023 2625 turbari
1050 2597 1135 2632 erepit
1165 2601 1193 2624 et
1226 2597 1382 2625 exclamare
1410 2597 1649 2629 adolescentvlus,
1678 2601 1704 2622 (ιι

916 2643 993 2670 humi
1017 2643 1156 2678 prosterni
1182 2647 1209 2669 et
1234 2643 1288 2670 huc
1310 2642 1376 2669 illuc
1390 2641 1500 2676 jactari,
1524 2646 1550 2669 et
1575 2640 1702 2667 munibus

917 2689 986 2716 attici
1017 2689 1210 2720 incommodis,
1238 2697 1299 2723 quzc
1326 2696 1340 2715 a
1365 2687 1535 2715 daemonibus
1562 2687 1704 2721 provenire

916 2736 1016 2764 solent.
1034 2735 1137 2763 Deinde
1154 2742 1215 2762 cum
1232 2739 1345 2763 sanctus
1363 2734 1407 2761 ille
1426 2741 1537 2760 manum
1554 2733 1703 2767 injecisst-t,

916 2787 943 2810 et
959 2782 1145 2809 turbationem
1163 2781 1298 2813 sedasset,
1316 2779 1480 2808 daemonium
1498 2779 1607 2814 quidem
1625 2778 1660 2805 ab
1673 2786 1706 2805 eo

917 2829 1053 2860 avolasse,
1076 2828 1133 2862 ipse
1149 2835 1214 2855 vero
1233 2834 1329 2854 rursus
1349 2826 1382 2853 ad
1408 2826 1528 2860 priorem
1548 2830 1650 2853 statum
1668 2829 1708 2852 at-

917 2883 971 2910 que
989 2874 1215 2910 tranquillitatem
1233 2873 1372 2905 redactus,
1396 2880 1449 2899 non
1467 2873 1582 2908 amplius
1602 2872 1706 2899 dixisse
