1917 3079
210 139 264 169 945

818 123 845 150 S.
867 119 1033 150 GllEGORll
1051 117 1197 146 NYSSENI

1805 113 1861 140 ςιι

214 201 310 230 fertur,
330 195 403 232 quod
419 192 523 220 videret
547 191 644 217 sancto
667 185 843 214 assistentem
865 182 913 232 qui
943 188 998 208 una

1074 179 1177 214 εμενον.
1193 177 1248 205 Καὶ
1260 176 1314 213 γὰρ
1327 176 1359 212 δὴ
1374 176 1422 203 καὶ
1435 175 1514 203 τοῦτο
1529 175 1584 202 τῶν
1602 173 1732 210 μεγάλων
1744 172 1860 199 ἐκείνου

1136 225 1142 232 ι
1217 224 1223 232 ι
1251 223 1269 232 γι
1308 223 1331 232 ιι
1383 223 1418 232 ,e,
1436 222 1473 232 ης
1496 230 1517 232 _,
1532 230 1544 232 ,_
1562 219 1709 232 ___,___,_._
1730 219 1769 232 _;
1786 219 1860 232 ___..

213 227 382 280 loqueretur.
405 238 512 267 Etenim
530 236 613 263 etiam
628 234 680 260 boc
702 231 831 259 nimirum
848 227 883 254 ad
902 233 1000 261 magna

215 274 333 328 pertinet
353 287 414 322 ejus
437 282 580 312 miracula,
598 279 671 316 quod
696 277 772 305 nulla
793 274 952 303 curiositate
974 276 1002 299 et

215 320 350 371 exquisita
369 320 495 368 ‘quadam
531 329 636 356 ratione
667 323 798 352 miracula
828 320 1000 371 sanati-onum

216 364 344 411 efﬁceret.
361 364 409 407 sed
431 381 458 405 et
478 375 512 403 ad
526 374 664 401 ἁεεηιοιιος
684 368 819 404 fugandus
837 370 864 394 et
887 364 921 392 ad
938 371 1000 391 cor-

216 429 292 464 poris
322 425 432 453 morbos
468 419 651 458 proﬂigandos
688 416 826 445 sulliceret
855 413 914 443 oris
941 411 1002 446 ejus

216 457 365 504 anhelitus,
389 470 436 505 qui
455 457 503 503 per
529 467 643 493 linteum
675 461 809 490 laboranti
834 459 941 505 cuique
958 457 1004 485 ad-

217 502 549 543 Inovebatur.‘C:cterum
571 507 665 535 omnia
679 505 789 541 quidem
817 503 890 530 edita
918 502 952 530 ab
970 509 1003 528 eo

218 559 348 587 miracula
371 557 501 590 deinceps
521 553 617 580 ordine
633 549 771 586 persequi.
790 547 904 582 prolixa:
931 545 1003 572 scri-

220 609 306 640 ptura:
331 611 374 631 res
395 602 478 628 fuerit
508 603 535 627 et
557 597 694 626 sermonis
715 595 761 630 qui
783 600 902 629 prmsens
917 591 1003 618 otium

219 638 382 683 superaret:
399 645 481 673 unius
497 648 586 670 autem
599 646 728 677 praeterea
744 638 892 666 alteriusve
909 641 1004 662 eorum

220 682 281 729 quae.
300 693 333 719 de
352 699 385 719 eo
401 691 528 718 feruntur
551 685 746 714 miraculorum
764 682 901 710 mentione
923 684 1005 714 atque

220 723 480 765 commemoratione
497 732 580 761 facta.
604 729 647 756 his
661 734 815 755 sermonem
833 723 1006 752 circumscri-

221 783 293 810 bam.
314 781 379 807 Nam
399 778 529 812 eumjam
552 777 579 803 in
602 781 697 801 omnes
711 777 802 808 partes
824 771 908 798 divini
930 769 1005 796 verbi

221 826 381 862 praedicatio
401 823 541 858 divulgata
563 824 648 849 esset.
663 822 690 846 et
711 825 807 844 omnes
826 820 880 842 tam
896 815 941 850 qui
961 821 1007 841 nr-

1054 225 1202 260 θαυμάτων
1214 223 1284 254 ἐστὶ,
1305 223 1336 249 τὸ
1355 222 1474 258 μηδεμιᾷ
1494 230 1547 249 τινι
1560 219 1711 256 περιεργίᾳ
1729 219 1770 245 τὰ
1786 219 1862 245 κατὰ

1054 270 1103 303 τὰς
1120 270 1206 302 ἰάσεις
1228 268 1362 295 ἐπιτελεῖν
1375 268 1518 303 θαύματα·
1539 266 1596 294 ἀλλ’
1611 267 1710 302 ἀρκεῖν
1731 266 1810 301 πρὸς
1830 273 1861 290 τε

1054 316 1103 351 τὴν
1123 315 1177 342 τῶν
1193 314 1327 350 δαιμόνων
1344 313 1515 349 ἀπαλλαγὴν,
1538 313 1585 339 καὶ
1608 313 1679 347 πρὸς
1703 312 1757 347 τὴν
1784 311 1861 337 ἴασιν

1055 362 1109 388 τῶν
1126 361 1352 398 ἀρρωστημάτων
1366 360 1414 387 τοῦ
1430 359 1556 394 σώματος
1579 359 1610 386 τὸ
1626 360 1659 386 ἐκ
1679 358 1728 384 τοῦ
1750 357 1862 392 στόμα-

1056 417 1100 441 τος
1116 407 1198 435 αὑτοῦ
1218 405 1311 442 ἆσθμα
1322 406 1366 433 διὰ
1382 406 1431 441 τῆς
1446 405 1542 440 ὀθόνης
1555 404 1594 440 τῷ
1613 405 1750 439 κάμνοντι
1771 411 1860 438 προσ-

1056 454 1199 489 αγόμενον.
1231 452 1311 479 Ἀλλὰ
1335 452 1366 479 τὸ
1390 452 1438 488 μὲν
1464 452 1547 478 πᾶσιν
1573 451 1675 486 ἑφεξῆς
1699 451 1762 481 τοῖς
1792 450 1858 484 παρ’

1057 500 1162 527 ἐκείνου
1175 499 1312 534 θαύμασιν
1325 497 1473 531 ἐπεξιέναι,
1489 498 1599 534 μακρᾶς
1615 496 1660 532 εἴη
1674 495 1862 530 συγγραφῆς,

1058 546 1105 574 καὶ
1130 545 1210 580 λόγου
1238 545 1288 580 τὴν
1326 544 1465 580 παροῦσαν
1491 543 1588 579 σχολὴν
1616 541 1860 577 ὑπερϐαίνοντος-

1058 593 1117 625 ἑνὺς
1131 592 1159 619 δὲ
1173 592 1190 627 ἢ
1206 592 1278 618 δυοῖν
1295 591 1336 618 ἔτι
1359 590 1414 617 τῶν
1431 590 1495 625 7:591
1511 589 1594 617 αὐτοῦ
1610 588 1777 623 λεγομένων
1800 587 1859 612 ἑπι-

1060 637 1200 673 μνησθεὶς,
1221 637 1250 664 ὲν
1270 636 1376 668 τούτοις
1391 634 1552 671 περιγράψω
1566 634 1612 661 τὸν
1632 633 1726 667 λόγον.
1753 632 1863 658 Παντα-

1059 683 1106 719 χοῦ
1118 683 1172 719 γὰρ
1188 683 1239 718 ἤδη
1254 681 1494 717 διαπεφοιτηκότος
1507 680 1555 707 τοῦ
1572 680 1644 706 θείου
1661 678 1861 714 κηρύγματος,

1059 729 1107 756 καὶ
1121 729 1229 756 πάντων
1243 728 1314 755 κατά
1336 736 1365 754 τε
1384 727 1433 763 τὴν
1458 726 1545 758 πόλιν,
1562 725 1610 753 καὶ
1625 725 1676 760 τὴν
1702 724 1863 759 περίοικον.

1061 774 1128 810 πρὸς
1140 774 1190 809 τὴν
1203 773 1304 808 εὐσεῦἧ
1321 772 1368 799 τοῦ
1383 772 1516 808 δόγματος
1529 771 1620 798 πίστιν
1637 769 1864 806 μετατεθέντων,

1061 820 1161 856 βωμῶν
1182 828 1212 846 τε
1226 819 1273 846 καὶ
1296 819 1376 855 ιερῶν
1395 819 1442 845 καὶ
1464 817 1580 844 εἰδώλων
1602 819 1631 844 ὲν
1648 817 1748 847 αὐτοῖς
1765 816 1862 843 ἀνατε-

222 861 283 899 bem
303 871 470 901 habitarent,
486 875 568 903 quam
584 866 629 901 (1ιιί
650 872 745 899 agrum
763 863 882 890 vicinmn
901 861 1005 888 incole-

1077 865 1235 902 ραμμένων,
1263 864 1446 900 καθαρθείσης
1470 864 1499 890 δὲ
1522 863 1571 899 ἤδη
1595 863 1647 898 τῆς
1677 862 1865 898 ἀνθρωπίνης

224 922 295 949 rent,
320 917 353 944 ad
384 917 457 951 piam
487 913 618 941 doctrina:
646 910 725 937 [idem
755 908 873 936 traducti
904 909 1008 937 essent,

223 965 356 992 altaribus
386 966 469 997 atquc
491 960 633 990 delubris,
659 964 773 993 qumque
802 955 869 981 inibi
903 954 1010 980 inerant

222 1009 379 1039 siumlacris
395 1007 509 1038 eversis,
533 1010 615 1039 atque
635 1005 754 1032 humana
773 1001 827 1028 vita
841 1000 898 1034 jam
920 999 954 1026 ab
972 998 1011 1025 in-

224 1054 410 1092 quinamentis
424 1053 635 1081 simulacrorum
658 1052 819 1084 expurgatu,
835 1047 942 1080 impuro
959 1045 1010 1071 1ιο-

225 1091 341 1129 stiarum
365 1099 462 1127 nidore
483 1097 620 1125 exstincto
637 1105 644 1122 :
659 1093 788 1120 altarium
812 1091 946 1127 spurcitia
971 1093 1012 1116 at-

225 1155 279 1182 que
293 1153 325 1173 ex
342 1143 506 1172 mactatione
521 1146 548 1168 et
567 1139 753 1168 immolatione
768 1137 926 1164 animalium
946 1142 1013 1162 con-

227 1180 322 1219 tractis
345 1187 563 1224 inquinamentis
589 1184 733 1216 abstersis,
752 1183 880 1209 omnibus
898 1180 1016 1223 item‘in‘

227 1238 300 1264 omni
320 1236 380 1262 loco
395 1233 495 1269 templa
514 1233 546 1258 ad
561 1229 695 1258 orandum
713 1230 765 1256 sub
784 1228 894 1255 nomine
910 1226 1012 1254 Christi

227 1283 350 1310 studiose
375 1278 604 1307 exstruentibus:
624 1276 700 1303 furor
716 1275 826 1310 quidam
847 1278 928 1308 atque
947 1272 1019 1314 invi-‘

227 1328 271 1355 dia
290 1326 388 1355 invasit
407 1333 481 1356 eum,
495 1324 542 1360 qui
561 1327 628 1350 tunc
645 1327 761 1357 prmerat
785 1319 901 1354 imperio
915 1318 1014 1345 Roma-

229 1382 338 1403 norum.
362 1380 395 1400 eo
411 1371 482 1408 quod
496 1369 576 1406 patrii
594 1368 703 1404 quidem
723 1367 784 1394 falsi
799 1366 889 1393 cultus
906 1369 933 1392 et
950 1364 1014 1391 reli-

228 1421 323 1456 giones
345 1418 560 1453 negligerentur,
579 1417 715 1442 cresreret
739 1417 830 1439 autent
854 1410 1014 1446 mysterium

229 1464 459 1494 Christianorum,
475 1467 502 1489 et
522 1461 550 1488 in
570 1458 745 1488 multitudine
765 1457 865 1492 ubique
879 1461 1014 1483 terrarum

231 1513 431 1546 propagaretur
446 1507 569 1535 Ecclesia
585 1514 632 1542 per
643 1512 701 1537 eos.
715 1504 762 1539 qui
778 1510 884 1538 semper
895 1501 1015 1530 sermoni

231 1555 458 1591 adjungcrentur,
486 1552 514 1580 in
541 1550 756 1586 magnitudinem
785 1555 948 1576 excrescens
965 1556 970 1572 :
988 1551 1016 1574 et

231 1601 385 1629 arbitratus
404 1599 461 1627 ﬁeri
487 1606 580 1634 posse,
605 1601 636 1624 ut
656 1603 706 1624 sua
722 1595 827 1623 sazvitia
847 1593 947 1620 divina:
968 1599 1016 1627 po-

234 1648 325 1675 tentiae
353 1646 506 1676 resisteret,
527 1648 554 1672 et
577 1641 823 1679 mysteriiqnidem
847 1639 1017 1675 przedicatio-

233 1701 295 1720 nem
312 1692 458 1723 inhiberet,
483 1694 510 1718 et
531 1689 697 1717 constitutas
714 1686 851 1714 Ecclesias
872 1688 1016 1717 everteret,

233 1738 390 1765 traduceret
404 1740 494 1763 autem
513 1742 611 1763 rursus
625 1741 684 1766 eos,
700 1733 747 1768 qui
762 1731 881 1760 sermoni
896 1730 1017 1766 adiuncti

234 1788 338 1814 essent,
356 1782 388 1808 ad
401 1781 549 1809 simulacra
568 1790 574 1808 :
592 1780 635 1807 his
651 1779 685 1806 de
703 1778 795 1806 causis
819 1777 901 1805 mittit
924 1776 956 1804 ad
974 1783 1018 1803 re-

234 1831 325 1854 ctores
348 1826 470 1861 gentium
489 1825 662 1858 edieta,qme
685 1823 852 1850 terribilium
876 1827 1018 1858 ptenarum

236 1873 263 1900 in
279 1879 327 1899 eos
341 1865 550 1898 statuendarum
567 1870 656 1896 minas
672 1869 859 1900 continebant,
876 1867 929 1895 nisi
944 1866 1019 1894 omni

236 1926 334 1955 genere
356 1921 556 1945 tormentorum
582 1919 664 1950 atqtte
677 1914 872 1949 suppliciorum
889 1913 1019 1940 mulctas—

237 1967 298 1992 sent
320 1970 379 1994 eos.
396 1963 441 1997 qui
459 1961 561 1989 Christi
577 1967 676 1987 nomen
697 1959 857 1986 invocarent
873 1963 899 1986 et
921 1958 1019 1985 adora-

237 2012 310 2041 TCI“,
335 2012 464 2042 metuque
489 2013 521 2034 ac
540 2009 739 2033 tormentorum
756 2004 782 2030 γὶ
805 2011 901 2032 l'lll‘SUS
924 2011 973 2031 COS
987 2003 1020 2030 ad

237 2055 356 2090 patrium
371 2053 524 2080 daemonum
539 2051 643 2078 cultum
662 2049 852 2078 adduxissent.
877 2048 913 2076 Ut
930 2053 1020 2076 autem

239 2100 291 2127 hoc
311 2099 431 2126 terribile
442 2101 524 2133 atque
541 2097 653 2132 impium
670 2095 792 2124 edictum
816 2095 1022 2131 magistratibus

237 2145 390 2173 exhibitum
409 2149 475 2172 est;
500 2143 602 2179 quippe
625 2142 653 2169 in
680 2150 776 2169 omnes
795 2142 903 2176 imperii
929 2145 1022 2176 partes

1060 912 1132 947 ζωῆς
1144 911 1198 938 τῶν
1220 911 1284 946 περὶ
1300 910 1333 936 τὰ
1351 909 1448 936 εἴδωλα
1467 909 1640 944 μιασμάτων,
1658 907 1710 934 καὶ
1725 906 1780 942 τῆς
1799 914 1863 941 μια-

1063 959 1112 992 ρᾶς
1128 957 1182 983 τῶν
1196 956 1297 983 Θυσιῶν
1311 955 1424 990 κνίσσης
1434 954 1661 989 ἀποσϐεσθείσης,
1675 953 1726 980 καὶ
1741 951 1794 979 τοῦ
1804 952 1862 978 ἑπιν

1061 1002 1166 1038 ϐωμίου
1181 1002 1280 1037 λύθρου
1296 1002 1343 1028 καὶ
1362 1000 1415 1028 τῶν
1430 1001 1463 1027 ἐκ
1475 1000 1526 1035 τῆς
1545 999 1701 1032 ζωοθυσίας
1719 998 1863 1035 μολυσμά-

1061 1056 1114 1074 των
1139 1047 1379 1074 ἀποκλυσθέντων·
1393 1046 1501 1073 πάντων
1519 1045 1549 1072 δὲ
1572 1045 1644 1072 κατὰ
1664 1045 1755 1071 τόπον
1774 1045 1861 1071 πάντα

1062 1093 1223 1130 εὐκτηρίους
1238 1093 1284 1120 ἐπὶ
1299 1093 1338 1129 τῷ
1356 1092 1468 1128 ὀνόματι
1479 1092 1525 1119 τοῦ
1544 1091 1665 1127 Χριστοῦ
1683 1091 1762 1118 κατὰ
1778 1099 1859 1117 σπου-

1062 1141 1110 1176 δὴν
1124 1141 1204 1172 ναοὺς
1225 1140 1429 1175 άνεγειρόντων,
1448 1138 1533 1174 θυμδς
1555 1139 1603 1165 καὶ
1619 1137 1721 1172 φθόνος
1741 1136 1859 1172 εἰσέρχε-

1062 1195 1108 1213 ται
1119 1185 1157 1221 τῷ
1172 1185 1323 1222 τηνικαῦτα
1337 1185 1386 1220 τῆς
1406 1185 1493 1221 ἀρχῆς
1508 1184 1562 1211 τῶν
1584 1183 1735 1218 Ῥωμαίων
1749 1183 1860 1209 ἐπιπα-

1063 1231 1163 1262 τοῧντι,
1188 1232 1230 1265 ἐφ’
1245 1227 1285 1262 οἷς
1307 1230 1435 1266 ἠμελεῖτο
1460 1229 1511 1265 μὲν
1525 1229 1608 1256 αὑτοῦ
1629 1229 1666 1256 τὰ
1685 1229 1795 1264 πάτρια
1815 1227 1861 1262 τῆς

1064 1278 1172 1313 ἀπάτης
1195 1276 1365 1312 σεϐάσματα.
1380 1276 1488 1311 ηὐξεῖτο
1514 1276 1542 1302 δὲ
1557 1276 1611 1302 τῶν
1634 1274 1814 1311 Χριστιανῶν
1833 1274 1861 1300 τὸ

1067 1324 1226 1358 μυστήριον,
1252 1323 1299 1350 καὶ
1324 1323 1365 1354 εἰς
1385 1321 1487 1357 πλῆθος
1505 1321 1630 1348 ἐπεδίδου
1655 1320 1804 1356 πανταχοῦ
1816 1321 1863 1355 τῆς

1065 1368 1227 1404 οἰκουμένης
1240 1369 1256 1404 ἡ
1273 1368 1431 1403 Ἐκκλησία,
1443 1367 1487 1394 διὰ
1500 1367 1554 1394 τῶν
1571 1367 1614 1394 ἀεὶ
1635 1366 1862 1402 προστιθεμένων

1065 1417 1104 1452 τῷ
1119 1416 1200 1451 λόγῳ,
1217 1415 1285 1451 πρὸς
1300 1415 1414 1450 μέγεθος
1434 1413 1570 1447 αὓξουσα·
1589 1413 1637 1440 καὶ
1650 1413 1772 1448 νομίσας
1785 1412 1862 1439 Euva-

1065 1463 1111 1490 τὸν
1133 1461 1203 1489 εἶναι
1217 1463 1249 1498 τῇ
1266 1461 1325 1497 θεία
1347 1461 1459 1496 δυνάμει
1479 1460 1529 1498 τὴν
1543 1460 1612 1487 ἰδίαν
1626 1459 1794 1495 ἀντιστῆσαι
1818 1468 1863 1485 πι-

1067 1509 1158 1544 κρίαν,
1173 1508 1220 1534 καὶ
1237 1508 1360 1542 ἐπισχεῖν
1373 1507 1422 1542 μὲν
1439 1506 1486 1532 τοῦ
1503 1505 1654 1541 μυστηρίου
1671 1505 1704 1532 τὸ
1717 1505 1861 1541 κήρυγμα.

1069 1553 1219 1581 καταλῦσαι
1235 1553 1263 1580 δὲ
1278 1552 1332 1580 τῶν
1353 1551 1522 1587 Ἐκκλησιῶν
1536 1551 1569 1579 τὰ
1590 1552 1768 1586 συστήματα,
1782 1560 1863 1587 μετα-

1069 1600 1167 1635 στῆσαι
1176 1600 1205 1626 δὲ
1219 1599 1298 1626 πάλιν
1313 1599 1358 1625 ἐπὶ
1370 1598 1405 1625 τά
1423 1597 1520 1625 εἴδωλα.
1533 1598 1596 1629 τοὺς
1609 1598 1863 1634 προκεχωρηκότας

1067 1644 1107 1680 τῷ
1121 1645 1192 1680 λόγῳ
1201 1653 1208 1660 ’
1222 1644 1325 1680 πέμπει
1337 1644 1425 1671 τοίνυν
1438 1644 1506 1679 πρὸς
1525 1643 1588 1676 τοὺς
1602 1643 1657 1670 τῶν
1672 1643 1761 1670 ἐθνῶν
1776 1643 1861 1678 καθη-

1069 1690 1219 1726 γουμένους
1244 1690 1420 1725 πρόσταγμα,
1451 1689 1570 1725 φοϐερὰν
1599 1689 1660 1717 κατ’
1688 1689 1784 1716 αὐτῶν
1815 1689 1865 1724 τὴν

1070 1735 1185 1771 ἀπειλὴν
1201 1735 1251 1771 τῆς
1275 1736 1411 1771 τιμωρίας
1427 1735 1538 1771 ὁρίζων,
1554 1736 1580 1762 εί
1606 1735 1645 1770 μὴ
1659 1735 1803 1766 παντοίοις
1824 1735 1863 1760 αι-

1071 1782 1179 1816 χισμοίς
1196 1780 1225 1807 τὺ
1238 1780 1323 1816 ὄνομα
1339 1779 1384 1807 τοῦ
1398 1781 1420 1807 Χ
1425 1780 1517 1816 ριστοῦ
1534 1779 1759 1816 προσκυνοῦντας
1771 1779 1864 1806 διαλω-

1070 1827 1206 1863 6ήσοιντο,
1224 1826 1270 1853 καὶ
1287 1826 1487 1861 προσαγάγοιεν
1510 1825 1590 1852 πάλιν
1616 1825 1718 1856 αὐτοὺς
1741 1825 1819 1860 qv}th
1834 1832 1862 1850 τε

1070 1873 1118 1900 καὶ
1137 1874 1170 1909 τῇ
1190 1873 1245 1899 τῶν
1261 1872 1398 1908 αἰκισμῶν
1417 1872 1525 1908 ἀνάγκῃ
1544 1873 1578 1907 τῇ
1597 1871 1714 1907 πατρῴᾳ
1729 1871 1788 1897 τῶν
1810 1870 1863 1896 δαι-

1073 1920 1161 1955 μόνων
1179 1919 1302 1955 λατρείᾳ..
1329 1919 1372 1950 Ὠς
1385 1918 1413 1944 δὲ
1428 1917 1614 1952 περιηγγέλθη
1628 1919 1685 1948 τοίς
1705 1917 1824 1952 ἄρχουσι
1835 1916 1862 1942 τό

1072 1965 1186 2000 φοὸερδν
1205 1964 1284 1991 τοῦτο
1307 1964 1353 1991 καὶ
1378 1963 1458 1991 ἄθεον
1481 1965 1623 1998 κήρυγμα,
1648 1961 1791 1998 πανταχοῦ
1816 1962 1863 1996 τῆς

1072 2011 1160 2047 ἀρχῆς
1178 2010 1425 2045 διαπεφοιτηκότων
1435 2009 1489 2036 τῶν
1501 2010 1541 2041 είς
1554 2009 1620 2036 αὐτὸ
1632 2008 1709 2035 τοῦτο
1727 2009 1804 2044 παρὰ
1818 2008 1862 2042 τῆς

1073 2056 1236 2092 τυραννικῆς
1252 2055 1426 2090 τεταγμένων
1447 2055 1602 2090 ὠμότητος·
1620 2054 1667 2080 καί
1685 2062 1730 2085 τις
1747 2054 1861 2088 ἐπεκρά-

1073 2110 1113 2128 τει
1132 2101 1179 2128 τοῦ
1202 2101 1271 2128 κατὰ
1289 2101 1333 2128 τὴν
1349 2101 1430 2127 τόπον
1455 2101 1547 2132 ἔθνους
1563 2099 1696 2132 τοιοῦτος,
1723 2099 1763 2131 ὡς
1785 2099 1862 2135 μηδὲν

1073 2146 1123 2181 τῆς
1137 2146 1339 2181 ὑπερκειμένης
1355 2146 1479 2179 ἐξουσίας
1492 2145 1560 2181 πρὸς
1573 2145 1623 2181 τὴν
1637 2145 1763 2180 πονηρὰν
1779 2144 1861 2180 ὁρμὴν

238 2195 319 2226 atque
334 2191 490 2226 provincias
508 2193 699 2224 pervenerant,
714 2188 761 2224 qui
779 2188 812 2216 ad
836 2188 888 2215 hoc
903 2189 991 2223 ipsum
1008 2194 1014 2213 :

1074 2191 1211 2227 δεηθῆναι,
1230 2191 1334 2217 οἴκοθεν
1358 2191 1426 2226 ἔχων
1446 2191 1478 2217 ἐκ
1493 2190 1600 2225 φύσεως
1622 2190 1674 2225 τὴν
1690 2190 1822 2225 ὡμότητᾶ
1836 2197 1860 2214 τε

241 2236 384 2272 tyrannica
407 2235 570 2263 crudelitate
591 2234 720 2262 destinati
739 2239 766 2261 et
789 2233 907 2261 ordinati
923 2237 1019 2261 erant:

240 2289 271 2308 ac
289 2281 352 2308 talis
369 2280 478 2316 quidem
503 2280 575 2315 genti
593 2280 668 2307 illius
693 2280 746 2306 loci
770 2282 894 2314 praeerat,
915 2278 961 2312 qui
989 2277 1023 2304 ad

240 2333 353 2361 pravum
377 2325 497 2352 studium
524 2329 606 2358 atque
632 2329 761 2351 conatum
782 2323 848 2350 nihil
872 2323 1024 2358 superioris

241 2370 384 2406 potestatis
416 2370 561 2404 indigeret,
590 2377 652 2397 cum
684 2375 781 2404 suopte
805 2370 915 2404 ingenio
942 2375 1024 2405 atque

240 2420 337 2443 natura
359 2422 458 2447 sa:vus,
474 2419 502 2442 et.
529 2415 563 2442 lis
577 2415 623 2449 qui
645 2416 765 2442 sermoni
782 2415 967 2443 credidissent
986 2417 1025 2443 in-

241 2462 336 2489 fensus
351 2464 424 2488 esset
440 2468 447 2486 :
463 2460 569 2495 publice
590 2461 738 2495 propositis
753 2461 853 2488 edictis
876 2462 911 2488 ab
926 2470 960 2489 eo
981 2460 1025 2489 dc-

241 2505 392 2537 nuutiatur,
413 2504 486 2540 quod
503 2505 545 2531 vel
568 2504 648 2532 [idem
671 2504 808 2539 abjurare,
834 2506 875 2533 vel
890 2506 963 2533 omni
977 2514 1024 2541 ge-

240 2559 306 2578 nere
343 2551 541 2585 suppliciorum
578 2557 610 2577 ac
639 2554 729 2577 nt0rte
755 2551 847 2585 puniri
875 2556 1023 2586 oporteret.

239 2594 375 2630 Nullaque
393 2602 436 2622 res
457 2594 509 2621 alia
532 2594 576 2622 vel
593 2594 703 2630 publica
725 2595 767 2622 vel
786 2597 890 2630 privata
911 2602 976 2624 tunc
992 2598 1025 2626 ab

1075 2237 1122 2263 καὶ
1136 2237 1298 2272 πικρότητα,
1312 2237 1359 2263 καὶ
1372 2236 1423 2272 τὴν
1441 2237 1508 2270 πρὸς
1520 2236 1584 2268 τοὺς
1599 2236 1820 2267 πεπιστευκότας
1828 2235 1860 2269 τῷ

1075 2282 1147 2318 λόγῳ
1165 2282 1341 2318 δυσμένειαν·
1366 2284 1412 2309 καὶ
1429 2283 1533 2316 γίνεται
1550 2282 1615 2317 παρ’
1637 2281 1725 2308 αὑτοῦ
1753 2281 1861 2317 φοϐερδν

1075 2327 1104 2353 ὲν
1118 2327 1256 2362 δημοσίοις
1270 2327 1446 2363 διατάγμασι,
1461 2328 1492 2354 τὸ
1508 2328 1563 2355 δεῖν
1580 2327 1747 2363 ἐξόμνυσθαι
1762 2328 1811 2363 τὴν
1825 2327 1861 2353 τε·

1078 2382 1146 2406 στιν,
1164 2373 1180 2408 ἢ
1201 2374 1346 2410 τιμωρίαις
1366 2374 1550 2406 παντοδαπαῖς
1571 2374 1617 2400 καὶ
1642 2373 1772 2405 θανάτοις
1788 2374 1859 2400 κολά-

1076 2417 1180 2450 ζεσθαι.
1201 2419 1256 2444 Καὶ
1270 2419 1346 2445 οὐδὲν
1365 2416 1399 2454 ἦν
1416 2418 1509 2454 ἕτερον
1524 2418 1678 2454 τηνικαῦτα
1693 2419 1823 2456 δημόσιόν
1837 2427 1860 2445 τε

1076 2463 1123 2489 καὶ
1138 2463 1202 2490 ῐδιον
1215 2463 1291 2498 παρὰ
1307 2463 1361 2489 τῶν
1376 2463 1409 2489 τὰ
1424 2463 1500 2490 κοινὰ
1514 2463 1558 2490 διὰ
1577 2464 1670 2499 χειρὸς
1694 2465 1813 2500 ἑχόντων
1827 2473 1860 2498 γι-

1077 2509 1189 2544 νόμενόν
1205 2517 1235 2534 τε
1253 2510 1300 2536 καὶ
1319 2508 1545 2544 σπουδαζόμενον,
1565 2510 1634 2546 πλὴν
1651 2510 1700 2537 τοῦ
1719 2511 1859 2547 πολιορκεῖν

1076 2563 1105 2582 τε
1133 2556 1180 2582 καὶ
1211 2556 1390 2591 τιμωρεῖσθαι
1421 2557 1484 2588 τοὺς
1514 2556 1718 2593 ἀντεχομένους
1747 2559 1798 2593 τῆς
1825 2557 1859 2583 πί-

1079 2610 1173 2633 στεως.

241 2641 286 2674 iis,
303 2642 349 2676 qui
368 2641 476 2676 publica
499 2642 606 2676 negotia
630 2641 798 2673 tractabant,
825 2643 970 2677 gerebatur
991 2653 1014 2672 at

1074 2648 1204 2682 trahatur,
1221 2648 1273 2676 nisi
1292 2651 1321 2675 ut
1339 2652 1530 2683 oppugnarent
1554 2653 1638 2684 atque
1663 2651 1799 2686 punirent
1813 2657 1858 2677 eoa

241 2686 287 2720 qui
303 2686 383 2713 [idem
401 2686 641 2720 amplecterentur.

276 2731 360 2758 Erant
391 2737 480 2758 autem
509 2738 562 2758 non
578 2732 606 2758 in
623 2731 768 2759 verborum
795 2733 927 2761 duntaxat
943 2735 1024 2763 minis

241 2778 374 2806 terrores,
392 2775 439 2804 sed
455 2783 508 2802 una
523 2783 585 2803 cum
597 2776 639 2804 his
650 2777 743 2805 varius
760 2778 983 2807 earniticinarum
997 2784 1024 2807 et

243 2824 440 2850 tormentorum
451 2826 598 2857 apparatus
611 2830 717 2851 onmem
727 2823 857 2853 all'erebat
865 2826 1025 2854 concussio-

1113 2735 1167 2764 Ἦν
1182 2738 1210 2764 δὲ
1227 2739 1276 2765 οὐκ
1293 2739 1321 2765 ἐν
1337 2739 1398 2770 ταῖς
1410 2738 1465 2765 τῶν
1479 2738 1635 2775 λεγομένων
1652 2739 1784 2774 ἀπειλαῖς
1795 2742 1859 2777 μόνον

1076 2783 1110 2810 τὰ
1127 2783 1260 2819 φόδητρα,
1275 2784 1344 2811 ἀλλὰ
1357 2784 1425 2820 μετὰ
1444 2785 1546 2812 τούτων
1559 2785 1578 2820 ἠ
1597 2786 1711 2822 ποικίλη
1726 2786 1782 2813 τῶν
1797 2787 1859 2814 κολα-

1078 2829 1196 2864 στηρίων
1218 2830 1375 2866 κατασκευὴ
1399 2831 1488 2859 πᾶσαν
1510 2830 1597 2866 ἐπῆγε
1623 2832 1806 2868 κατάπληξιν,
1822 2832 1859 2860 xal
