1917 3079
113 123 175 154 945

582 121 627 148 DE
642 120 724 148 VITA
744 120 774 148 S.
785 119 953 149 GREGORII
971 120 1233 149 'I'HAUMATURGI.

1698 123 1750 151 946

116 179 174 215 πρὸ
187 177 236 213 τῆς
249 177 348 213 πείρας
362 175 514 212 ἐμποιοῦσα
523 177 579 208 τοῖς
590 175 743 213 ἀνθρώποις
756 178 802 204 τὸν
817 177 908 212 φόϐον.

961 185 1035 209 nem,
1050 177 1131 205 etiam
1144 181 1208 205 ante
1227 177 1380 212 periculum
1395 178 1554 205 horninibus
1575 177 1749 206 fortnidinetn

115 224 189 260 Ξίφη
202 232 232 250 τε
248 224 295 250 καὶ
308 223 374 258 πῦρ,
393 223 440 249 καὶ
458 222 549 258 θηρία,
564 223 611 250 καὶ
623 223 715 258 βόθροι
734 223 780 249 καὶ
791 223 826 250 τὰ
837 231 912 258 στρε-

115 267 239 293 ϐλωτικά
255 266 308 293 τῶν
328 266 417 302 μελῶν
434 266 538 302 ὄργανα
550 275 557 282 ·
578 268 626 293 καὶ
642 267 750 303 σιδηραῖ
772 267 843 294 κατὰ
858 276 910 294 πυ-

113 314 165 348 ρὸς
188 313 328 348 καθέδραι,
344 314 392 340 καὶ
415 312 482 346 ξύλα
500 313 589 348 ὗρθια,
606 311 648 345 οἷς
670 314 843 349 ἐντεινόμενα
856 313 910 340 τῶν

115 359 304 395 ἐνισταμένων
324 358 358 386 τὰ
377 360 491 394 σώματα
511 361 571 392 ταῖς
590 359 644 386 τῶν
662 360 786 396 φοϐερῶν
808 360 910 395 ὀνῠχων

117 403 283 438 προσϐολαῖς
307 403 496 436 κατεξαίνετο,
514 404 560 431 καὶ
579 403 646 431 ἄλλα
672 405 757 440 μυρία
774 405 843 440 πρὸς
861 405 909 436 τὰς

93 465 96 466 ν
118 449 271 481 πολυειδεῖς
287 449 419 484 βασάνους
434 449 488 476 τῶν
501 451 635 485 σωμάτων
659 450 830 486 ἐξευρημένα
844 451 910 486 παρ’

118 495 214 527 αὐτοῖς
226 495 363 522 ἐπενοεῖτο
373 504 381 511 ·
395 496 443 522 καὶ
457 496 558 531 σπουδὴ
568 497 625 528 τοῖς
641 496 695 523 τῶν
708 497 836 529 ἐξουσιῶν
849 497 910 523 τού-

117 549 174 566 των
190 540 400 576 ἑπειλημμένοις
415 538 449 576 ἦν
466 541 526 575 μία,
545 541 575 568 τὸ
591 541 692 577 μηδένα
706 541 753 567 τοῦ
773 542 866 576 ἐτέρου
881 543 909 568 ἐν

117 585 256 621 ὑπερϐολῇ
279 585 393 620 πικρίας
414 586 599 621 ἐπιδειχθῆναι
622 587 782 623 πραότερον.
809 589 863 615 Καὶ
883 589 908 615 οἱ

119 632 171 666 μὲν
186 631 376 667 εἰσήγγελλον
389 632 413 658 oi
433 632 461 659 δὲ
485 632 674 659 ἐπεδείκνυον*
691 633 716 659 οἱ
737 634 765 660 δὲ
788 634 909 669 ἠρεύνων

116 679 183 710 τοὺς
209 678 426 714 κεκρυμμένους.
453 679 546 705 Ἄλλοι
568 680 625 711 τοῖς
648 680 798 714 φεύγουσιν
818 681 909 707 ἐπετί-

117 724 212 751 οεντο·
225 724 298 752 ἄλλοι
313 725 341 751 δὲ
358 724 427 760 πρὸς
440 725 491 756 τάς
509 726 619 760 κτήσεις
630 725 685 752 τῶν
701 726 805 753 πιστῶν
824 727 910 761 ὁρῶν-

116 778 176 801 τες,
192 770 230 802 ὡς
247 769 280 797 ἂν
295 771 438 806 ἐγκρατεῖς
452 771 571 805 γένοιντο
593 771 647 798 τῶν
667 772 846 807 πραγμάτων,
862 773 909 799 ἐπὶ

114 816 159 851 τῷ
185 817 362 852 προσχήματι
383 816 434 852 τῆς
454 817 596 848 εὐσεϐείας
622 817 737 853 ήλαυνον
761 819 824 850 τοὺς
845 819 905 845 ἀντ-

115 851 272 898 εχομένουςν
279 851 330 897 τῆς
345 862 473 894 πίστεως.
498 851 638 898 Σύγχυσιςή
646 863 675 890 δὲ
694 861 730 899 ἦν
748 865 822 891 πᾶσα
838 864 909 891 κατὰ
924 851 944 878 Β

115 908 149 933 τὸ
163 908 239 940 ἔθνος
257 908 304 934 καὶ
323 908 465 943 ἀμηχανία
487 908 582 943 πολλὴ⁹
602 908 711 936 πάντων
731 909 857 945 ἀλλήλοις
874 910 908 937 δι’

115 953 239 988 ὑποψίας
263 953 358 985 ὄντων,
376 954 406 981 οὺ
431 953 551 988 πατράσι
567 954 617 990 τῆς
641 955 716 990 παρά
731 955 785 982 τῶν
806 956 908 982 τέκνων

113 1000 226 1031 εὐνοίας
245 1000 275 1026 ὲν
290 1001 346 1031 τοῖς
359 1000 485 1035 φοϐεροῖς
500 1001 723 1036 παραμενούσης,
739 1001 770 1028 οὐ
786 1001 864 1027 παισὶ
877 1001 910 1028 τὺ

113 1045 218 1072 πιστὸν
239 1045 289 1080 τῆς
314 1045 450 1081 πατρικῆς
473 1045 635 1081 κηδεμονίας
662 1046 838 1082 ὲγγυωμένης
858 1047 908 1082 τῆς

113 1090 237 1124 φύσεως.
260 1090 418 1126 Ἐμερίζετο
433 1091 462 1118 δὲ
484 1092 544 1118 κατ’
565 1091 688 1127 ἀλλήλων
704 1092 738 1119 τὰ
757 1092 822 1128 γένη
841 1093 908 1129 πρὸς

113 1136 168 1167 τὰς
184 1135 330 1171 θρησκείας
351 1136 506 1172 σχιζόμενα.
523 1137 577 1164 Καὶ
599 1139 664 1169 παῖς
679 1138 842 1174 Ἐλληνίζων
862 1148 906 1165 πι-

116 1180 191 1206 στῶν
205 1180 305 1214 γονέων
322 1180 454 1216 προδότης
467 1180 580 1215 ἐγίνετο·
602 1181 648 1207 καὶ
666 1181 737 1208 κατὰ.
752 1181 846 1213 παιδὸς
860 1189 909 1207 πε-

115 1225 297 1257 πιστευκότος
319 1227 348 1253 ἐν
366 1226 479 1261 ἀπιστίᾳ
502 1227 590 1262 μένων
608 1227 623 1253 ὁ
648 1226 737 1262 πατὴρ
757 1227 909 1262 κατήγορος

113 1268 162 1306 ἦν.
188 1270 240 1297 Καὶ
267 1272 380 1306 ἀδελφὸς
400 1273 432 1299 ὲκ
453 1272 503 1307 τῆς
524 1273 608 1308 αὐτῆς
625 1273 715 1305 αἰτίας
735 1273 862 1308 ἐπολέμει
875 1275 907 1309 τῇ

115 1315 210 1350 φύσει,
231 1317 304 1343 ὅσιον
329 1317 429 1352 κρίνων
444 1317 490 1344 τὸν
507 1318 626 1353 ὁμογενῆ
647 1318 866 1354 τιμωρήσασθαι,
883 1319 908 1345 εί

114 1360 170 1395 τῆς
183 1361 323 1393 εὐσεϐείας
336 1362 482 1398 ἀντέχοιτο.
492 1363 630 1390 Ἐντεῦθεν
651 1363 763 1399 πλήρεις
778 1364 827 1399 μὲν
839 1361 908 1399 ἦσαν

114 1406 147 1433 αἱ
164 1406 275 1444 ὲρημίαι
287 1407 339 1434 τῶν
354 1407 538 1443 ἐλαυνομένων
547 1428 555 1441 ,
567 1409 644 1435 κεναὶ
653 1408 680 1435 δὲ
694 1408 747 1434 τῶν
758 1409 908 1444 οἰκητόρων

113 1451 148 1479 αἱ
162 1452 255 1480 οἰκίαι.
271 1453 360 1480 Πολλὰ
376 1453 404 1480 δὲ
418 1453 471 1480 τῶν
496 1454 633 1488 δημοσίων
655 1454 822 1489 οἰκημάτων,
847 1456 908 1486 ταῖς

82 1530 89 1534 _
114 1497 174 1524 τῶν
186 1498 424 1534 καθειργνυμένων
439 1499 606 1526 ἀπετέτακτο
624 1500 737 1535 χρείαις.
758 1501 795 1526 Οὐ
811 1500 864 1536 γὰρ
873 1498 907 1535 ἦν

115 1544 202 1571 ικανὰ
220 1544 253 1572 τὰ
266 1545 440 1581 δεσμωτήρια
454 1547 552 1582 χωρεῖν
570 1547 598 1573 ὲν
613 1547 720 1579 ἑαυτοῖς
735 1547 789 1573 τῶν
803 1547 848 1574 διὰ
859 1548 907 1582 τὴν

116 1590 213 1617 πίστιν
232 1591 446 1626 τιμωρουμένων
466 1591 497 1618 τὸ
517 1592 630 1626 πλῆθος.
647 1593 756 1629 Ἀγοραί
777 1601 807 1619 τε
824 1594 909 1620 πᾶσαι

116 1635 169 1662 καὶ
184 1634 318 1670 σύλλογοι,
333 1636 417 1664 κοινοί
434 1645 462 1664 τε
476 1637 523 1664 καὶ
535 1637 693 1670 ίδιάζοντες,
708 1639 768 1665 ἀντὶ
783 1639 832 1674 τῆς
848 1647 910 1666 συν-

116 1680 203 1716 ήθους
223 1681 410 1717 φαιδρότητος,
422 1682 472 1715 τὰς
489 1684 615 1715 τοιαύτας
628 1684 830 1719 μετελάμϐανον
841 1693 911 1721 συμ-

117 1725 207 1761 φορὰς
216 1746 222 1757 ,
235 1725 290 1753 τῶν
304 1727 353 1762 μὲν
372 1728 570 1764 ἐφελκομένων,
592 1730 644 1756 τῶν
658 1729 685 1756 δὲ
709 1730 889 1765 ἀπαγομένων
901 1739 908 1745 ·

116 1771 208 1800 ἀλλων
220 1771 266 1798 ἐπὶ
277 1773 333 1805 τοῖς
348 1774 501 1809 γινομένοις
512 1775 529 1810 ἢ
545 1774 686 1808 γελώντων
697 1775 714 1809 ἣ
727 1775 908 1811 δακρυόντων

115 1818 153 1846 οὐ
167 1818 270 1853 νηπίων
284 1816 318 1854 ἦν
333 1818 416 1852 ἔλεος,
431 1819 461 1846 οὐ
481 1821 547 1856 τιμὴ
568 1821 673 1852 πολιᾶς,
690 1821 739 1848 οὐκ
754 1821 853 1856 ἀρετῆς
865 1822 910 1848 αξ-

117 1862 174 1895 acu;
188 1863 273 1899 εἰσῄει
289 1865 345 1896 τοῖς
357 1865 518 1900 δυσμενέσιν
530 1874 537 1880 ·
549 1866 606 1892 ἀλλ’
622 1866 660 1898 ὡς
680 1868 707 1893 ὲν
724 1866 908 1902 αἰχμαλωσίᾳ,

118 1909 198 1937 πᾶσα
214 1909 307 1944 ἡλικία
323 1911 380 1942 τοῖς
399 1911 538 1946 πολεμίοις
550 1912 599 1947 τῆς
612 1912 729 1944 πίστεως
741 1913 847 1944 ἔκδοτος
863 1911 908 1949 ἦν.

116 1954 189 1981 Οὐδὲ
200 1956 259 1986 ταῖς
274 1955 396 1989 γυναιξὶν
413 1956 525 1992 ἐδίδουή
541 1958 643 1992 φυσικὴ
655 1957 702 1983 τοῦ
720 1958 815 1992 γένους
830 1957 910 1984 ἀσθέ-

119 2009 192 2033 νεια,
206 2001 260 2028 τῶν
279 2001 406 2028 τοιούτων
425 2003 552 2037 ἀναγκῶν
571 2003 649 2035 ἐκτὸς
673 2004 763 2039 μένειν
774 2012 780 2019 ·
799 2004 855 2030 ἀλλ’
869 2001 910 2036 εἷς

117 2043 154 2081 ἦν
165 2046 235 2073 κατά
246 2047 353 2074 πάντων
366 2048 380 2074 ὁ
389 2048 438 2084 τῆς
453 2048 592 2084 ὠμότητος
605 2050 695 2084 νόμος,
708 2049 757 2084 ῖσῳ
768 2050 806 2085 τῷ
818 2050 910 2086 μέτρῳ

116 2092 171 2125 τῆς
185 2092 317 2128 τιμωρίας
330 2092 384 2120 τῶν
402 2094 549 2129 γινομένων
565 2094 678 2129 ὑπάγων
694 2095 738 2122 τὸν
759 2096 814 2122 τῶν
834 2096 909 2122 ειδὼ-

116 2138 173 2164 λων
187 2139 420 2175 ἀλλοτριούμενον,
443 2140 480 2175 μὴ
505 2139 650 2176 διακρίνων
666 2141 716 2176 τὴν
737 2141 824 2175 φύσιν.
842 2141 908 2168 Τότε

963 223 1098 258 injiciens.
1124 223 1221 255 Enses,
1237 223 1318 258 ignis,
1335 223 1440 256 bestitc.
1464 224 1576 252 scrobes
1594 228 1621 251 et
1647 223 1748 257 fovete.

962 270 1025 297 item
1041 270 1234 302 instrumenta,
1248 270 1349 304 quibus
1361 270 1482 297 membra
1496 270 1750 305 constringerentur

961 318 988 342 et
999 318 1206 349 torquerentur,
1227 317 1284 340 tum
1299 314 1392 341 ferrea:
1408 315 1483 342 sellae
1503 314 1611 349 ignitae,
1631 319 1688 342 tum
1699 326 1701 328 ·
1714 316 1749 343 li-

961 368 1013 394 gna
1029 363 1131 392 erecta,
1150 360 1177 386 in
1191 360 1292 394 quibus
1310 360 1442 387 stantium
1456 368 1570 395 corpora
1583 361 1646 388 dum
1661 361 1749 388 inlen-

961 406 1101 437 dercntur,
1118 406 1282 433 terribilium
1309 406 1442 441 unguium
1468 406 1594 434 violentis
1616 407 1749 434 admotio-

961 451 1043 479 nibus
1071 451 1268 483 lacerarentur,
1287 456 1366 486 alque
1390 452 1442 479 alia
1467 452 1530 479 itetn
1553 453 1697 480 innumera
1714 453 1748 480 ad

962 497 1036 524 varia
1060 504 1206 532 corporum
1233 500 1368 524 tormenta
1389 498 1525 533 exquisita
1540 499 1574 525 ab
1591 498 1624 526 iis
1639 499 1748 534 excogi-

961 546 1089 569 tabantur
1107 551 1113 569 ε
1127 550 1158 570 ac
1173 542 1293 570 studiutn
1309 543 1354 575 iis,
1364 543 1410 578 qui
1424 551 1471 572 eas
1491 548 1641 579 potestates
1653 552 1748 571 susce-

960 593 1066 624 perant,
1083 597 1167 616 unum
1184 593 1263 621 erat,
1282 597 1317 617 ne
1342 589 1486 624 quisquam
1509 590 1586 617 alteri
1610 590 1748 617 secundus

959 635 1153 670 exsuperantia
1181 634 1291 662 saevitia:
1321 635 1416 662 mitior
1443 635 1593 662 videretur.
1612 634 1680 661 Nam
1702 635 1747 661 alii

959 681 1068 715 quidem
1085 679 1260 713 deferebant,
1278 680 1323 707 alii
1344 688 1410 708 vero
1427 680 1664 711 demonstrabant,
1677 687 1748 706 non-

961 726 1028 754 nulli
1050 726 1114 753 item
1132 726 1234 753 celatos
1250 730 1276 752 et
1289 726 1440 754 occultatos
1457 726 1661 756 scrutabantur,
1684 732 1747 759 pars

960 770 1126 806 fugientibus
1139 771 1287 801 instabant,
1303 770 1427 797 nonnulli
1442 770 1505 796 item
1524 769 1747 804 pessessionihus

960 816 1080 844 fidelium
1099 815 1237 842 inhiantes
1261 822 1316 850 quo
1334 815 1488 850 potirentur
1498 821 1604 846 earum,
1616 814 1668 840 sub
1680 821 1748 848 prac-

960 867 1034 890 textu
1050 861 1162 896 pietatis
1179 861 1315 888 vexabant
1334 865 1362 888 et
1384 861 1558 895 exagitabant
1574 868 1632 892 eos,
1651 860 1698 894 qui
1717 859 1748 885 ti~

959 907 1021 934 dem
1037 907 1278 941 amplecterentur.
1300 906 1340 934 Ac
1349 913 1457 934 summa
1473 910 1532 933 erat
1550 905 1576 932 in
1589 909 1669 940 gente
1678 912 1746 932 cou-

960 953 1031 980 fusio
1052 960 1203 988 magnaque
1229 953 1386 988 trepidatio,
1406 952 1534 979 omnibus
1552 951 1622 978 inter
1645 958 1675 978 se
1696 959 1745 977 su-

959 998 1070 1033 spectis,
1086 1006 1141 1025 non
1155 998 1280 1032 patribus
1301 998 1417 1025 ﬁliorum
1437 996 1626 1024 benevolentia
1646 996 1673 1023 in
1687 995 1746 1023 dis-

958 1043 1123 1072 criminibus
1148 1048 1229 1078 atque
1254 1043 1384 1078 periculis
1399 1047 1584 1077 permanente,
1607 1049 1660 1069 non
1681 1041 1746 1068 liliis

959 1089 1039 1116 fidam
1055 1094 1196 1124 paternam
1210 1088 1381 1117 curationem
1405 1088 1557 1123 spondente
1571 1093 1680 1115 natura.
1693 1087 1746 1115 Sed

960 1135 1068 1162 familiae
1079 1139 1162 1169 atque
1181 1134 1360 1169 cognationes
1372 1134 1433 1161 alite
1458 1134 1494 1161 ab
1514 1133 1577 1161 aliis
1594 1133 1621 1160 in
1636 1133 1745 1168 religio-

958 1188 1023 1208 num
1039 1184 1131 1208 sectas
1151 1180 1271 1208 diductae
1287 1180 1468 1208 dissidebant.
1486 1179 1524 1206 Ae
1548 1179 1621 1206 filius
1638 1180 1747 1207 Graeco-

959 1234 1019 1253 rum
1038 1234 1148 1254 errores
1164 1227 1344 1261 amplectens,
1354 1226 1475 1254 fidelium
1492 1231 1634 1261 parentum
1656 1226 1748 1260 prodi-

959 1277 1013 1303 tor,
1031 1273 1078 1299 filii
1094 1272 1173 1300 fidem
1191 1273 1307 1307 amplexi
1321 1277 1398 1307 pater
1414 1273 1440 1299 in
1458 1272 1618 1299 inﬁdelitate
1634 1279 1747 1299 mancus

958 1322 1104 1346 θεουειιιον
1118 1322 1187 1346 erat.
1201 1317 1297 1345 Frater
1321 1319 1385 1345 item
1401 1318 1495 1346 eadem
1509 1317 1542 1345 de
1564 1325 1648 1345 causa
1665 1321 1744 1344 natu-

959 1372 1017 1392 ram
1033 1365 1220 1399 oppugnabat,
1235 1364 1276 1391 fas
1293 1372 1355 1391 esse
1372 1364 1498 1398 judicans
1512 1370 1527 1390 a
1543 1364 1747 1398 consanguineo

958 1417 1054 1445 poenas
1077 1415 1213 1444 expetere,
1238 1409 1261 1436 si
1280 1409 1406 1444 pietatem
1430 1409 1652 1443 amplecteretur.
1678 1409 1747 1436 liinc

959 1456 1043 1490 plenae
1051 1455 1162 1491 quidem
1174 1455 1336 1482 solitudines
1351 1458 1429 1481 erant
1442 1462 1548 1487 eorum,
1558 1455 1603 1489 qui
1614 1455 1745 1488 (suspecti

958 1502 1125 1535 accusative)
1142 1501 1327 1537 profugissem
1341 1510 1346 1527 :
1362 1508 1448 1528 vacua
1459 1508 1524 1528 vero
1541 1505 1623 1535 atque
1639 1500 1747 1528 deserta

959 1548 994 1575 ab
1010 1547 1212 1575 habitatoribus
1228 1546 1366 1574 domicilia
1381 1550 1461 1574 erant
1476 1547 1581 1574 :multa
1598 1546 1662 1574 item
1679 1546 1746 1573 tedi-

960 1594 1020 1621 ticia
1045 1601 1140 1622 eorum
1174 1593 1221 1628 qui
1248 1593 1366 1621 vinculis
1395 1597 1589 1620 coercerentur
1605 1613 1611 1625 ,
1628 1592 1747 1627 publicis

960 1640 1056 1668 usibus
1081 1640 1220 1668 destinata
1240 1643 1330 1666 erant.
1346 1639 1479 1667 Carceres
1506 1639 1579 1666 enini
1595 1646 1692 1673 capere
1718 1638 1747 1665 in

959 1693 1020 1713 sese
1035 1693 1088 1712 non
1107 1688 1234 1720 poterant
1250 1691 1346 1712 eorum
1377 1684 1591 1716 multitudinem,
1609 1685 1657 1719 qui
1682 1691 1746 1718 pro-

959 1735 1018 1765 pter
1048 1731 1127 1758 lidem
1145 1731 1318 1766 punirentur.
1331 1731 1479 1765 omniaque
1495 1730 1554 1757 fora
1574 1733 1656 1764 atque
1677 1737 1746 1756 con-

959 1781 1057 1805 ventus
1074 1781 1128 1804 tam
1158 1777 1257 1812 publici
1277 1784 1359 1812 quam
1389 1777 1507 1812 privati,
1538 1783 1588 1811 pro
1609 1779 1746 1803 consueta

960 1824 1097 1851 hilaritate
1108 1827 1191 1858 atque
1207 1823 1300 1851 lmtilia
1317 1822 1452 1858 ejusmodi
1477 1822 1593 1849 invicem
1606 1829 1688 1849 casus
1705 1826 1748 1848 at-

959 1877 1012 1904 que
1028 1869 1198 1896 calamitates
1211 1868 1393 1904 accipiebant.
1408 1876 1471 1895 cum
1489 1867 1534 1895 alii
1549 1867 1657 1903 quidem
1679 1868 1748 1894 arri-

960 1919 1109 1951 pcrentur,
1134 1915 1180 1942 alii
1209 1922 1275 1941 vero
1300 1913 1520 1946 abducerentur,
1536 1913 1627 1940 (επιεπί
1644 1913 1679 1940 ob
1703 1920 1746 1943 ca.

959 1969 1021 1996 qua:
1048 1961 1154 1992 fierent,
1175 1961 1216 1988 vel
1237 1960 1359 1988 riderent
1373 1961 1413 1987 vel
1439 1961 1656 1995 lacrymarcntur
1672 1969 1677 1986 :
1692 1967 1746 1985 non

960 2007 1146 2034 misericordia
1163 2006 1320 2039 infantium,
1346 2013 1398 2033 non
1426 2005 1514 2032 honor
1537 2004 1646 2032 canitiei
1663 2025 1670 2036 ,
1690 2012 1745 2031 non

959 2051 1069 2078 virtutis
1092 2051 1256 2078 verecundia
1283 2051 1311 2078 in
1334 2055 1452 2078 mentem
1471 2050 1598 2077 veniebat
1620 2049 1746 2081 infensis,

960 2097 1007 2125 sed
1031 2101 1161 2132 tanquam
1185 2097 1213 2124 in
1235 2097 1303 2124 urbe
1317 2102 1397 2132 capta
1420 2096 1512 2124 omnis
1526 2101 1593 2124 tetas
1621 2095 1746 2124 hostibus

960 2143 1022 2170 lidei
1038 2143 1117 2178 quasi
1135 2142 1258 2170 dedititia
1273 2146 1355 2177 atque
1371 2142 1488 2169 obnoxia
1502 2146 1571 2169 erat.
1586 2141 1626 2168 Ne
1649 2141 1747 2169 mulic-

115 2181 166 2210 οὖν
182 2183 244 2211 ίδὼν
257 2185 271 2211 ὁ
287 2186 372 2220 μέγας
385 2186 487 2217 ἐκεῖνος
498 2186 545 2221 τῆς
556 2185 728 2222 ἀνθρωπίνης
741 2187 847 2221 φύσεως
857 2187 906 2224 τὴν

960 2197 1019 2216 rum
1039 2188 1148 2224 quidem
1173 2189 1291 2216 naturali
1314 2197 1396 2216 sexus
1411 2188 1562 2215 inlirmitati
1585 2187 1746 2222 indttlgeba»

116 2230 271 2263 ἀσθένειαν,
291 2231 329 2262 ὡς
345 2231 374 2258 οὐ
390 2231 545 2267 δυναμένων
562 2232 615 2259 τῶν
637 2232 741 2259 πολλῶν
765 2233 845 2269 μέχρι
860 2233 907 2261 τοῦ

117 2275 237 2302 θανάτου
259 2276 309 2311 τῆς
327 2277 469 2309 εὐσεϐείας
492 2278 740 2312 προαγωνίσασθαι,
758 2279 908 2314 σύμϐουλος

116 2322 224 2356 γίνεται
237 2323 271 2358 τῇ
294 2322 441 2357 Ἐκκλησία
455 2323 552 2360 μικρὸν
567 2323 743 2358 ὑποχωρῆσαι
755 2326 787 2360 τῇ
806 2325 908 2360 φοϐερᾷ

117 2368 268 2404 προσϐολῇ,
291 2369 413 2404 κρεῖττον
436 2366 505 2396 εἶναι
521 2369 671 2404 ἡγούμενος
688 2369 731 2396 διά
753 2371 840 2405 φυγῆς
858 2371 908 2402 τὰς

115 2414 207 2450 ψυχὰς
220 2415 310 2441 αὐτῶν
333 2414 550 2450 περισώσασθαι,
563 2416 579 2450 ἦ
594 2415 714 2446 ἑστῶτας
728 2416 774 2442 ἐπὶ
791 2417 840 2451 τῆς
854 2417 908 2444 τῶν

115 2459 233 2494 ἀγώνων
254 2460 445 2495 παρατάξεως,
465 2459 644 2492 λιποτάκτους
657 2462 782 2495 γενέσθαι
800 2463 849 2497 τῆς
863 2463 908 2489 πί-

117 2513 221 2536 στεως·
248 2506 295 2533 καὶ
310 2505 347 2536 ὡς
361 2505 394 2532 ἂν
422 2505 538 2540 μάλιστα
562 2506 694 2532 πεισθεῖεν
710 2507 734 2533 οἱ
758 2506 906 2543 ἅνθρωποι,

117 2551 223 2586 μηδένα
238 2551 361 2578 κίνδυνον
376 2551 469 2587 φέρειν
490 2552 523 2587 τῇ
540 2551 623 2587 ψυχῇ,
643 2552 672 2578 τδ
691 2552 739 2588 τὴν
754 2553 843 2580 πίστιν
863 2554 908 2580 διὰ

116 2597 209 2631 φυγῆς
236 2596 450 2631 περισώσασθαι,
465 2597 504 2630 τῷ
522 2596 582 2623 καθ’
600 2598 695 2624 ἑαυτὸν
718 2598 905 2633 ὑποδείγματι,

117 2641 271 2677 σύμϐουλος
282 2642 331 2676 τῆς
347 2642 546 2678 ἀναχωρήσεως
557 2642 680 2677 γίνεται·
696 2643 777 2675 αὺτδς
792 2644 844 2679 πρὸ
854 2644 908 2670 τῶν

116 2687 206 2715 ἄλλων
227 2688 408 2723 ἀναχωρήσας
429 2690 463 2724 τῇ
483 2688 529 2714 τοῦ
556 2688 677 2715 κινδύνου
699 2690 785 2724 φορᾷο
804 2690 861 2724 ἅμα
879 2690 907 2716 δὲ

117 2734 167 2760 καὶ
180 2732 260 2760 τοῦτο
275 2734 331 2764 τοῖς
348 2733 478 2770 κρατοῦσι
495 2734 539 2760 διὰ
555 2734 672 2769 σπουδῆς
690 2735 807 2770 μάλιστα
819 2733 863 2770 ἦν,
878 2735 908 2761 τὺ

115 2779 152 2805 δι’
165 2779 272 2813 ἐκείνου
291 2779 416 2814 καθάπερ
442 2779 595 2815 στρατηγοῦ
618 2780 804 2815 χειρωθέντος,
817 2782 907 2808 πᾶσαν

117 2825 245 2852 διαλῦσαι
270 2825 319 2858 τῆς
344 2826 460 2856 πίστεως
478 2826 526 2861 τὴν
553 2825 716 2861 παράταξιν,
744 2827 790 2853 καὶ
812 2826 905 2853 τούτου

961 2239 1016 2266 tur.
1034 2238 1062 2262 ut.
1077 2234 1211 2269 ejusmodi
1230 2234 1360 2269 periculis
1381 2238 1513 2268 exempla:
1529 2237 1679 2265 manerent,
1697 2232 1745 2259 sed

960 2288 1013 2307 una
1039 2279 1170 2308 adversus
1191 2287 1288 2306 omnes
1303 2279 1477 2306 crudelitatis
1494 2283 1552 2305 erat
1569 2278 1621 2309 lex,
1649 2277 1745 2305 eodetn

960 2331 1047 2358 ptume
1069 2324 1158 2353 modo,
1174 2323 1250 2350 nullo
1276 2323 1435 2350 discrimine
1462 2330 1543 2350 sc\us
1560 2322 1663 2354 habito,
1681 2322 1747 2349 sub-

957 2368 1056 2402 jicicns
1069 2376 1131 2395 cum
1155 2368 1202 2402 qui
1228 2375 1242 2394 a
1263 2367 1418 2395 simulacris
1445 2371 1516 2394 esset
1536 2367 1652 2394 alienus.
1668 2366 1746 2393 Tunc

959 2421 1072 2447 magnus
1102 2413 1148 2440 ille
1175 2413 1227 2444 vir,
1253 2413 1443 2440 animadversa
1468 2417 1550 2447 atque
1573 2413 1746 2440 considerata

960 2459 1147 2487 imbecillitate
1175 2463 1200 2487 et
1220 2459 1367 2494 fragilitate
1391 2459 1517 2486 humane
1543 2463 1658 2489 naturic.
1671 2459 1744 2493 quod

959 2505 1081 2540 plerique
1096 2513 1150 2532 non
1163 2510 1274 2540 possent
1287 2513 1374 2539 usque
1397 2505 1430 2531 ad
1447 2509 1563 2531 mortem
1583 2513 1631 2539 pro
1645 2505 1745 2538 pit-tate

958 2552 1110 2582 decertare,
1131 2557 1226 2580 auctor
1248 2552 1379 2579 Ecclesia:
1398 2552 1437 2584 fit,
1454 2556 1483 2579 ut
1500 2552 1648 2579 terribilem
1665 2552 1742 2578 illntn

959 2599 1090 2632 impetum
1110 2602 1192 2633 atque
1207 2599 1348 2625 incursum
1366 2598 1506 2633 paulisper
1523 2597 1685 2628 declinaret,
1701 2604 1744 2624 sa-

959 2644 1013 2670 tius
1028 2651 1089 2671 esse
1101 2644 1205 2672 ducens
1227 2643 1378 2678 perfugam
1400 2644 1507 2670 animas
1517 2650 1611 2670 eorum
1626 2643 1743 2675 servari,

958 2698 1039 2724 quant
1060 2693 1162 2718 stantes
1178 2690 1205 2716 in
1225 2690 1282 2716 acie
1302 2689 1483 2716 certaminum
1506 2692 1588 2722 atque
1603 2688 1742 2722 periculo-

958 2744 1017 2763 rum
1037 2735 1097 2762 fidei
1114 2736 1170 2762 ficri
1183 2735 1337 2762 deserturos
1353 2742 1361 2762 :
1379 2741 1409 2761 ac
1421 2742 1476 2768 quo
1492 2733 1610 2761 maxime
1622 2733 1742 2760 homini-

958 2781 1010 2808 bus
1034 2781 1253 2815 persuaderetur.
1273 2781 1376 2807 nullum
1397 2780 1494 2806 auium:
1523 2778 1674 2813 periculum
1701 2779 1741 2805 af-

960 2827 1039 2859 ferre,
1053 2827 1074 2855 si
1090 2827 1129 2854 vel
1148 2834 1195 2862 per
1209 2827 1299 2861 fugam
1312 2826 1374 2861 quis
1401 2826 1480 2853 fidem
1494 2830 1678 2857 conservaret,
1689 2833 1740 2853 suo
