1917 3079
222 112 274 139 947

220 169 344 204 exemplo
358 172 456 196 auctor
478 166 622 196 secedendi
638 166 678 198 tit,
697 166 755 201 ipse
768 169 833 194 ante
855 165 924 193 alios
935 173 1011 193 sece-
1026 168 1048 196 Α

221 216 311 242 dendo
336 214 450 250 periculi
481 214 612 249 impetum
641 212 770 240 devitans
790 219 795 236 ε
821 211 903 239 simul
920 215 1010 238 autezn

864 106 896 133 s.
915 103 1082 133 suscouu
1100 90 1250 132 Nissen}

1819 102 1866 130 948

1062 165 1142 200 χάριν
1159 166 1262 192 ἐκεῖνον
1277 164 1330 191 ὑπὸ
1343 165 1421 200 χεῖρα
1437 163 1602 199 ποιήσασθαι
1623 163 1682 194 τοῖς
1699 160 1816 197 ἐχθροῖς
1834 161 1867 187 δι-

1065 211 1243 239 εσπούδαστο.

220 263 303 289 miam
321 262 373 289 hoc
390 262 423 289 iis
437 261 483 296 qui
496 268 588 287 rerum
603 259 789 294 potiebantur.
805 258 928 285 maximo
947 258 1039 286 studio
1052 263 1123 289 erat.
1135 263 1165 285 ut
1177 258 1224 285 illo
1241 263 1371 293 tanquam
1387 258 1457 285 duce
1471 260 1552 292 capto
1565 263 1677 284 omnem
1695 254 1763 282 ﬁdei
1780 252 1864 280 aciem

222 298 374 336 funderent
382 315 414 335 ac
430 306 607 341 dissiparem.
629 309 711 340 atque
726 305 830 332 idcirco
846 304 949 332 inimici
964 303 1171 336 annitebantur,
1185 309 1214 331 ut
1229 305 1306 332 illum
1321 303 1478 339 redigerent
1490 303 1518 331 in
1532 305 1714 336 potestatem.

257 357 291 382 At
307 356 352 383 ille
362 363 415 382 una
427 363 489 382 cum
501 362 534 381 eo
544 361 624 388 quem
636 353 671 381 ab
682 353 761 380 initio
770 352 804 380 ad
815 352 894 380 ﬁdem
905 360 938 380 ex
949 352 1015 379 aedi-

222 406 268 426 tuo
286 400 448 432 adduxerat,
469 399 576 426 diaconi
592 399 648 434 jam
669 406 783 426 munere
804 398 944 432 fungente,
957 398 1015 425 col-

223 447 275 472 lum
292 447 438 480 quemdam
454 446 592 474 desertum
610 450 807 480 occupaverat;
822 449 1013 478 persecutores

223 497 313 519 autem
334 492 435 519 indicio
449 491 592 526 cujusdam
608 491 697 518 edocti
709 499 764 526 quo
779 491 807 518 in
829 490 889 517 loco
905 490 1013 523 lateret,

224 544 322 571 magna
340 537 512 563 multitudine
530 535 654 571 vestigiis
673 535 837 563 inhaerentes
856 543 863 560 :
885 535 932 562 alii
952 535 1014 570 qui-

223 582 284 609 dem
303 583 442 609 radicibus
458 582 536 609 collis
551 582 745 609 circumsessis
765 581 958 613 observabant,
977 589 1011 609 ne

223 636 288 663 qua.
306 628 329 655 si
351 628 441 663 fugam
456 632 589 656 tentasset
599 649 605 660 ,
619 627 736 655 evadere
758 628 846 662 possit
862 637 869 660 ;
883 628 1008 655 nonnulli

223 682 298 705 vero,
320 674 367 708 qui
384 677 502 701 montem
521 673 675 704 subierant,
687 673 714 700 in
739 673 870 700 omnibus
887 674 1010 708 partibus

224 723 390 751 scrutantes,
405 719 461 754 jam
478 726 577 753 magno
594 719 632 745 illi
647 723 725 746 erant
752 719 779 746 in
797 724 947 754 conspectu
969 727 997 748 re

223 769 267 792 rta
282 766 314 792 ad
327 773 389 792 eum
407 765 566 792 subeuntes.
583 764 631 791 Ille
647 772 712 792 vero
727 765 855 792 comitem
873 765 1015 796 hortatus.

223 816 254 838 ut
271 812 346 838 ﬁrma
359 816 440 846 atque
456 811 607 838 indubitata
621 818 686 845 erga
704 811 788 838 Deum
803 811 902 840 ﬁducia
922 814 1013 841 consi-

224 858 320 887 steret,
336 857 416 890 eique
430 857 544 884 salutem
575 857 767 887 committeret.
782 857 907 884 similiter
933 864 1014 893 atque

224 903 282 936 ipse
298 902 410 935 faceret,
426 909 523 930 manus
537 902 570 929 ad
587 902 740 930 orationem
754 905 916 937 extendens,
928 912 960 932 ae
980 913 1014 932 ne

224 949 247 975 si
268 956 352 984 prope
370 948 479 983 quidem
509 953 702 983 persecutores
727 951 921 983 accessissent,
939 955 1012 978 motu

224 993 302 1021 tidem
328 1002 472 1022 excussam
499 993 663 1028 projiceret,
690 995 846 1030 exemplum
871 996 933 1030 ejus
960 997 1012 1029 rei,

223 1046 304 1073 quam
325 1039 500 1074 praecipiebat
516 1039 634 1068 diacono
649 1040 771 1076 seipsuin
785 1042 934 1076 praebebat,
949 1050 1012 1070 cum

222 1089 250 1111 et
281 1085 402 1113 immotis
420 1086 525 1120 oculis,
541 1091 568 1114 et
595 1087 686 1122 passis
707 1087 834 1116 manibus
863 1092 891 1115 et
917 1089 1012 1116 habitu

223 1130 310 1156 arduo
330 1135 411 1165 atque
434 1136 528 1159 erecto
553 1133 654 1160 cwlum
685 1133 850 1162 intueretur.
877 1135 967 1170 Atque
984 1136 1011 1163 lii

222 1175 331 1209 quidem
350 1176 407 1203 lure
434 1176 568 1211 agebant;
587 1178 625 1204 illi
649 1186 727 1210 vero,
744 1179 791 1214 qui
810 1178 843 1206 ad
869 1187 932 1208 eum
948 1188 1013 1208 eva-

222 1226 326 1251 serant.
339 1229 401 1248 cum
421 1223 508 1249 locum
526 1228 612 1250 totum
638 1224 865 1259 perlustrassent,
888 1230 915 1253 et
944 1226 1012 1254 inibi

221 1268 313 1294 otnnia
330 1267 439 1294 dumeta
474 1273 556 1303 atque
583 1269 694 1297 arbusta
704 1290 711 1301 ,
722 1271 814 1298 omnia
828 1272 1012 1307 prominentia

222 1320 299 1343 saxa,
321 1321 415 1341 omnes
429 1321 561 1342 cavernas
583 1317 747 1350 roraginum
765 1325 826 1344 cum
846 1325 955 1346 summa
971 1318 1013 1347 di-

221 1359 332 1392 ligentia
349 1360 512 1393 per-scrutati
527 1365 630 1391 essent.
642 1369 739 1390 rursus
758 1362 792 1390 ad
810 1363 890 1390 collis
905 1363 1012 1392 radices

221 1406 398 1440 contemtum,
423 1411 452 1432 ut
466 1410 538 1432 metu
553 1408 784 1441 perscrutautium
802 1408 849 1436 ille
875 1409 901 1436 in
919 1409 1010 1444 fugam

221 1458 318 1483 versus
335 1451 363 1478 in
391 1455 554 1486 potestatem
574 1460 669 1480 eorum
690 1454 807 1487 veniret,
823 1455 870 1490 qui
889 1455 1010 1483 intimam

222 1502 325 1532 partem
356 1498 437 1526 collis
453 1498 705 1534 circumsepissent.
720 1499 755 1527 Ut
772 1500 856 1536 igitur
872 1509 961 1536 neque
978 1502 1012 1529 ab
1025 1507 1047 1535 ς,

222 1544 264 1571 his
276 1543 403 1571 inventus
418 1549 469 1576 est,
488 1553 577 1580 neque
590 1546 661 1580 apud
685 1547 746 1574 illos
766 1551 835 1579 erat,
849 1551 931 1582 atque
948 1556 1010 1582 spe-

221 1590 328 1620 culator
359 1590 402 1617 ille
427 1590 515 1618 locum
545 1591 590 1618 ubi
616 1599 733 1626 magnus
757 1593 804 1620 ille
832 1593 1008 1627 consisteret,

221 1636 307 1670 signis
321 1637 508 1668 describebat,
523 1638 550 1664 in
569 1646 624 1672 quo
647 1638 709 1666 loco
725 1644 895 1667 scrutatores
910 1646 1009 1675 praeter

221 1684 290 1709 duas
307 1683 442 1710 duntaxat
457 1684 570 1711 arbores
583 1685 724 1719 paululum
742 1685 814 1713 inter
830 1694 860 1714 se
874 1687 1009 1714 distantes

222 1729 356 1756 nemiuem
378 1737 407 1756 se
424 1729 526 1758 vidisse
548 1730 728 1758 aﬂirmabant.
747 1731 883 1767 Digressis
899 1732 1008 1760 tandem

222 1774 424 1801 scrutatoribus
435 1783 495 1801 cum
508 1775 676 1804 substitisset
697 1777 788 1809 index,
806 1782 888 1812 atque
905 1778 932 1805 in
944 1786 1008 1805 ora-

222 1820 296 1848 tione
311 1825 338 1846 ct
357 1821 444 1854 ipsum
471 1821 549 1848 illum
576 1821 664 1849 virum
694 1830 822 1858 magnum
837 1828 865 1850 ct
879 1825 1007 1851 comitant

221 1866 281 1900 ejus
294 1866 463 1897 otl'endisset.
477 1863 560 1902 atquc
581 1869 608 1894 in
632 1876 683 1902 ope
711 1869 804 1895 divina
826 1869 928 1897 factum
946 1879 1008 1898 esse

218 1911 367 1946 judicaret,
383 1916 411 1938 ut
429 1912 466 1938 illi
483 1913 714 1947 persequentibus
729 1914 842 1942 arbores
856 1924 918 1944 esse
932 1917 1008 1943 vide-

217 1958 326 1988 rentur,
343 1959 497 1993 procumbit
511 1959 536 1986 ei
557 1959 589 1986 ad
606 1960 699 1994 pedes,
713 1960 856 1996 creditque
874 1963 1006 1996 sermoni,

219 2007 246 2033 ct
257 2003 303 2037 qui
321 2003 402 2039 paulo
413 2008 475 2031 ante
487 2006 648 2038 persecutor
661 2005 761 2038 fuerat,
780 2014 850 2034 unus
867 2014 900 2034 ex
914 2007 1007 2042 profu-

187 2067 190 2069 μ
220 2051 261 2084 gis
275 2050 364 2078 (iebat.
380 2050 448 2077 Cum
467 2050 550 2085 igitur
564 2051 652 2078 multo
664 2054 787 2086 tempore
803 2052 831 2079 in
858 2053 1008 2080 solitudine

219 2095 363 2122 iuanerent
387 2095 586 2129 (invalescchat
611 2096 683 2124 enim
707 2097 806 2124 bellum
830 2097 962 2125 adversus
976 2098 1007 2124 ﬁ-

220 2141 293 2172 dem,
313 2141 428 2176 praaside
446 2142 592 2175 provinciae
607 2142 726 2176 graviter
748 2143 877 2170 smviente
903 2144 930 2170 in
946 2151 1005 2175 eos,

219 2187 266 2221 qui
278 2186 397 2212 sermoni
407 2186 515 2220 pietatis
522 2186 805 2223 adhmrerent),atquc
812 2196 908 2216 omnes
921 2188 947 2215 in
962 2188 1007 2214 fu-
1024 2186 1046 2212 1)

220 2240 280 2265 gain
303 2232 372 2262 versi
389 2237 501 2259 essent:
519 2237 696 2268 pOsteaquam
724 2233 797 2268 quod
814 2233 847 2260 ad
876 2241 1005 2272 maguum

220 2277 297 2303 illum
311 2277 399 2303 virum
419 2277 524 2308 attinet,
539 2278 754 2313 desperaverant
777 2286 838 2307 cum
857 2279 1006 2313 aliquando

218 2325 246 2351 in
272 2328 435 2359 potestatem
457 2325 678 2359 persequentium
696 2329 841 2352 venturum
855 2334 862 2352 :
879 2330 944 2352 tunc
959 2326 1007 2353 ad-

217 2362 316 2397 versus
329 2370 449 2404 reliquos
462 2370 598 2397 rabiosam
615 2362 749 2398 szcvitiam
764 2379 842 2398 suam
857 2376 1004 2404 vertentes.

220 2417 246 2442 iu
275 2415 404 2442 omnibus
427 2415 552 2449 partibus
582 2415 731 2449 provincia:
762 2417 1006 2450 pcrwrutabantur

219 2469 315 2488 omnes
339 2461 465 2487 similiter
488 2465 542 2486 tam
573 2461 702 2488 mulieres
724 2466 751 2488 ct
783 2470 895 2496 pueros.
923 2471 1004 2496 quam

218 2509 310 2539 viros,
327 2507 486 2541 quicunque
502 2514 600 2534 nomen
626 2506 726 2534 Citriin
747 2513 953 2539 vcnerareutur.
973 2517 1005 2535 ac

218 2553 365 2579 trahebant
387 2553 420 2578 ad
438 2553 543 2582 urbem,
560 2556 588 2579 et
609 2560 734 2579 carceres
749 2553 933 2587 complebant,
948 2554 1005 2587 pie-

219 2602 302 2623 tatem
318 2597 358 2624 cis
379 2597 493 2623 alterius
506 2597 659 2631 cuiuspiam
678 2597 737 2624 loco
753 2597 879 2624 malclicii
896 2599 1003 2625 crimini

218 2643 326 2673 dantes,
342 2642 410 2669 adeo
428 2647 456 2668 ut
471 2642 498 2669 in
514 2643 589 2669 nullo
607 2643 661 2670 alio
679 2643 787 2677 publico
809 2644 1003 2678 ncgotiojudi-

218 2692 258 2716 cia
292 2692 357 2715 tunc
384 2694 517 2723 occupata
543 2692 653 2720 essent,
675 2693 854 2723 praeterquam
879 2690 950 2724 quod
977 2691 1003 2717 id

218 2736 305 2762 solum
326 2735 504 2769 magistratus
522 2735 635 2769 agebat,
654 2739 682 2762 ut
699 2742 780 2762 omne
795 2743 880 2770 genus
900 2737 1003 2771 suppli—

217 2780 321 2805 ciorum
338 2780 467 2813 variaque
484 2783 618 2806 tormenta
629 2779 746 2806 solerter
757 2781 910 2816 excogitata
927 2781 1003 2808 adbi-

218 2826 313 2852 bercnt
332 2825 383 2859 iis,
399 2825 444 2860 qui
463 2826 543 2860 Iidegn
564 2826 802 2860 amplecterentur.

1030 839 1050 865 Β

1103 353 1133 380 ’0
1151 353 1179 380 δὲ
1191 350 1225 388 ἦν
1237 352 1339 388 ἔρημόν
1349 360 1410 378 τινα
1421 349 1583 378 καταλαϐὼν
1595 348 1706 383 λοφιὰν,
1721 346 1797 382 ἔχων
1809 344 1864 380 μεθ’

1062 397 1161 424 ἑαυτοῦ
1176 397 1224 424 τὸν
1236 398 1268 424 ὲκ
1282 397 1417 433 νεωκόρου
1431 397 1491 423 κατ’
1511 395 1599 431 ἀρχὰς
1615 391 1814 429 προσαχθέντα
1832 392 1862 425 τῇ

1063 445 1164 475 πίστει,
1180 444 1230 480 ήδη
1247 445 1279 479 τῇ
1294 444 1386 479 χάριτι
1401 443 1450 478 τῆς
1468 441 1605 472 διακονίας
1622 437 1861 474 ὑπηρετούμενον.

1062 492 1123 518 Τῶν
1145 491 1174 518 δὲ
1193 491 1348 518 διωκόντων
1361 490 1421 516 κατ’
1440 489 1512 524 ἴχνος
1538 487 1683 522 ἑπομένων
1708 486 1740 511 ὲν
1766 483 1862 518 πλήθει

1063 537 1163 573 πολλῷ,
1181 537 1351 573 μηνύσαντος
1361 537 1452 568 αὐτοῖς
1470 535 1515 562 τὸν
1533 535 1616 562 τόπον
1633 533 1710 565 τινὸς
1724 528 1787 565 ὲνῷ
1801 539 1864 558 κατ-

1063 584 1232 620 εκρύπτετοσ
1247 584 1272 610 οἱ
1288 584 1338 618 μὲν
1359 583 1388 609 ἐν
1403 582 1496 617 κύκλῳ
1508 581 1558 617 τὴν
1588 580 1734 616 ὑπώρειαν
1755 579 1808 613 τῆς
1821 578 1862 604 λο-

1065 630 1128 664 φιᾶς
1138 628 1309 659 διαλαϐόντες
1320 627 1476 662 ὲιρύλαττον,
1487 627 1561 657 ὅπως
1569 625 1602 651 ἂν
1612 622 1778 660 μηδαμόθεν
1791 621 1863 656 αὐτῷ

1064 676 1170 710 γένοιτο
1187 675 1339 709 διαφυγεῖν,
1367 674 1446 709 εἴπερ
1462 674 1503 704 εις
1523 672 1603 699 τοῦτο
1624 670 1749 706 τραπείη
1763 678 1772 685 ·
1790 669 1816 695 οἱ
1836 668 1862 694 δὲ

1066 721 1233 756 προσϐάντες
1244 721 1284 756 τῷ
1298 721 1366 756 ὄρει,
1380 719 1452 746 κατὰ
1466 719 1521 745 πᾶν
1539 718 1622 753 μέρος
1636 714 1861 750 διερευνώμενοι,

1065 768 1115 803 ήδη
1141 767 1307 801 καταφανεῖς
1325 765 1446 803 ἐγίνοντο
1467 763 1507 799 τῷ
1531 763 1652 798 μεγάλῳ,
1673 760 1737 788 κατ’
1754 759 1862 786 εὐθεῖαν

1065 814 1132 848 προς
1149 812 1230 840 αὐτὸν
1245 812 1449 847 ἀνατρέχοντες.
1473 811 1591 841 Ἐκεῖνος
1607 809 1634 836 δὲ
1646 806 1861 840 διακελευσάμε-

1065 869 1108 891 νος
1121 859 1159 894 τῷ
1176 860 1234 894 μετ’
1246 858 1340 889 αὑτοῦ,
1353 859 1451 893 στερεᾷ
1467 866 1497 884 τε
1515 856 1561 883 καὶ⁵
1583 855 1743 889 ἀδιστάκτῳ
1758 854 1793 889 τῇ
1815 861 1861 878 πε.-

1065 905 1190 941 ποιοὴσει
1209 905 1305 940 στῆναι
1324 904 1392 940 πρὸς
1409 903 1455 930 τὸν
1470 903 1546 933 Θεὸν,
1567 901 1615 928 καὶ
1639 897 1860 927 καταπιστεῦσαι

1064 951 1114 986 τὴν
1128 950 1266 987 σωτηρίαν
1280 949 1365 985 αὐτῷ.
1383 949 1432 980 τὰς
1449 950 1543 984 χεῐρας
1557 948 1597 979 εἰς
1616 946 1778 982 προσευχὴν
1795 945 1860 971 ἀνα-

1065 997 1201 1029 τείναντα,
1219 996 1266 1023 καὶ
1278 995 1344 1031 μηδὲ
1360 996 1384 1022 εἰ
1402 995 1516 1030 πλησίον
1531 994 1654 1028 γένοιντο
1665 993 1692 1019 οἱ
1713 991 1861 1021 διώκοντες

1065 1043 1264 1079 ὲκκρουσθῆναι
1277 1042 1316 1077 τῷ
1331 1041 1407 1076 φόϐῳ
1422 1041 1471 1076 τὴν
1486 1040 1586 1066 πίστιν·
1599 1038 1760 1072 ὑπόδειγμα
1773 1037 1803 1063 δὲ
1812 1036 1860 1070 τῆς

1064 1089 1251 1124 παραγγελίας
1271 1088 1367 1115 ἑαυτὸν
1387 1087 1472 1114 ἐποίει
1490 1086 1530 1121 τῷ
1548 1085 1683 1119 διακόνῳ,
1706 1083 1818 1118 βλέπων
1834 1091 1859 1108 τε

1065 1135 1132 1171 πρὸς
1146 1135 1260 1170 οὐρανὸν
1280 1133 1480 1169 ἀμετατρέπτῳ
1494 1133 1608 1167 ὄμματι,
1626 1131 1674 1158 καὶ
1692 1129 1858 1163 τεταμέναις

1063 1184 1122 1214 ταῖς
1139 1182 1231 1217 χερσὶν
1244 1182 1273 1208 ὲν
1289 1180 1372 1217 ὀρθίῳ
1387 1179 1426 1215 τῷ
1442 1181 1572 1215 σχήματι·
1589 1178 1636 1205 καὶ
1651 1178 1678 1204 οἱ
1695 1178 1747 1212 μὲν
1759 1177 1788 1202 ὲν
1801 1177 1860 1202 τού-

1063 1239 1120 1261 τοις
1130 1227 1209 1265 ἦσαν.
1227 1230 1258 1256 Ol
1271 1229 1298 1255 δὲ
1312 1228 1379 1264 πρὸς
1389 1229 1488 1260 αὐτοὺς
1501 1227 1715 1262 ἀναδραμόντες,
1733 1224 1858 1259 πανταχῆ

1063 1276 1109 1301 τὸν
1138 1274 1220 1301 τόπον
1247 1273 1494 1309 περισκεψάμενοι,
1524 1272 1570 1299 καὶ
1601 1273 1694 1298 πᾶσαν
1729 1270 1857 1296 ἔνστασιν

1064 1321 1177 1357 θάμνου.
1191 1321 1238 1348 καὶ
1252 1322 1342 1347 πᾶσαν
1357 1320 1458 1356 πέτρας
1479 1318 1642 1356 προσῦοἳὴν,
1659 1318 1706 1344 καὶ
1722 1318 1816 1344 πᾶσαν
1829 1317 1858 1342 ἐκ

1063 1369 1202 1404 χαράδρας
1216 1368 1359 1403 κοιλότητα
1375 1367 1444 1402 μετὰ
1463 1367 1553 1401 πάσης
1564 1365 1709 1400 ἀκριϐείας
1720 1364 1858 1398 διερευνη-

1064 1415 1187 1448 σάμενοι,
1206 1414 1287 1440 πάλιν
1303 1413 1351 1448 τὴν
1371 1412 1510 1449 ὑπώρειαν
1525 1410 1798 1446 καταλαμϐάνουσιν,
1822 1409 1858 1439 ὡς

1063 1461 1138 1496 φόϐῳ
1154 1461 1208 1487 τῶν
1221 1459 1441 1495 διερευνωμένων
1460 1460 1500 1490 είς
1515 1458 1605 1493 φυγὴν
1625 1457 1789 1492 τραποντων
1804 1456 1859 1485 τοῖς

1063 1506 1139 1533 κάτω
1162 1505 1440 1542 περιεστοιχισμένοις
1464 1505 1517 1531 ὑπὸ
1541 1506 1620 1540 χεῖρα
1648 1502 1793 1537 γενέσθαι.
1816 1502 1859 1532 Ὦς

1063 1551 1110 1579 οὖν
1123 1552 1186 1578 οὗτε
1198 1552 1273 1588 παρὰ
1289 1551 1391 1578 τούτων
1408 1550 1518 1586 εὑρέθη,
1536 1550 1583 1576 καὶ
1598 1549 1665 1585 παρ’
1677 1548 1796 1580 ἐκείνοις
1810 1548 1860 1574 οὐκ

1063 1596 1110 1633 ἦν*
1131 1598 1145 1624 ὁ
1164 1598 1192 1624 δὲ
1205 1598 1249 1624 τὸν
1261 1598 1341 1624 τόπον
1356 1597 1406 1632 τῆς
1416 1596 1463 1623 τοῦ
1481 1595 1598 1631 μεγάλου
1616 1594 1757 1630 διαγωγῆς
1772 1603 1860 1621 κατα-

1064 1643 1233 1679 σκεψάμενος
1250 1643 1372 1678 σημείοις
1390 1643 1560 1677 ὺπὲγραφεν,
1574 1643 1603 1668 ὲν
1614 1638 1636 1675 ᾦ
1653 1641 1862 1669 διεϐεϐαιοῦντο

1062 1691 1087 1716 οι
1105 1689 1251 1725 ζητοῦντες
1268 1688 1366 1724 μεδένα
1380 1689 1542 1724 ἑωρακέναι,
1562 1687 1631 1722 πλὴν
1648 1689 1673 1714 εἰ
1689 1688 1728 1723 μὴ
1741 1687 1791 1714 δύο
1804 1688 1860 1714 δέν-

1061 1735 1112 1771 δρα
1126 1735 1206 1770 μόνον
1230 1734 1327 1769 μικρὸν
1341 1734 1389 1761 ἀπ’
1403 1733 1525 1769 ἀλλήλων
1545 1734 1718 1769 διεστηκότα.
1742 1734 1858 1760 Ἀνακ-

1061 1782 1226 1817 χωρηκότων
1241 1781 1268 1808 δὲ
1284 1781 1339 1807 τῶν
1358 1780 1521 1815 ζητούντων,
1541 1780 1714 1815 ὑπολειφθεὶς
1734 1782 1748 1807 ὁ
1768 1789 1857 1816 μηνυ-

1062 1830 1121 1864 τὴς,
1139 1829 1184 1855 καὶ
1198 1828 1358 1855 καταλαϐὼν
1369 1829 1398 1854 ἐν
1411 1829 1548 1864 προσευχῇ
1564 1828 1648 1854 αὐτόν
1662 1837 1691 1854 τε
1707 1828 1754 1854 τὸν
1769 1829 1858 1863 μέγαν

1063 1875 1109 1901 καὶ
1127 1874 1171 1901 τὸν
1189 1875 1237 1900 σὺν
1254 1873 1339 1909 αὐτῷ,
1356 1874 1402 1900 καὶ
1416 1874 1495 1907 γνοὺς
1514 1874 1563 1908 τὴν
1581 1873 1656 1900 θείαν
1672 1874 1809 1909 φρουρὰν.
1824 1874 1860 1900 δι’

1061 1918 1093 1955 ἧς
1107 1921 1204 1946 ἐκεῖνοι
1221 1920 1317 1954 δένδρα
1331 1921 1385 1951 τοῖς
1403 1919 1544 1946 διώκουσιν
1560 1919 1754 1955 ἐνομίσθησαν,
1772 1929 1857 1955 προσ-

1061 1967 1154 1992 πίπτει
1171 1974 1200 1992 τε
1219 1966 1302 2001 αὐτῷ,
1324 1966 1370 1992 καὶ
1389 1965 1511 1992 πιστεύει
1531 1965 1569 2001 τῷ
1586 1965 1668 2001 λογῳ,
1691 1966 1747 1992 Καὶ
1770 1967 1784 1992 ὁ
1804 1967 1858 2001 πρὸ

1061 2011 1175 2047 βραχέος
1190 2011 1317 2047 διώκτης,
1333 2009 1372 2043 εἷς
1385 2011 1438 2038 τῶν
1454 2012 1607 2046 φευγόντων
1618 2012 1736 2045 ἐγένετο.
1755 2013 1859 2039 Μενέν-

1059 2066 1113 2084 των
1125 2058 1214 2084 τοίνυν
1227 2057 1297 2084 κατὰ
1311 2057 1360 2093 τὴν
1380 2057 1483 2093 ἔρημον
1503 2058 1599 2094 χρόνον
1617 2059 1699 2085 πολὺν
1721 2059 1855 2094 (ἐπεκρά-

1059 2113 1101 2130 τει
1115 2104 1170 2138 γὰρ
1190 2105 1202 2131 ξ
1218 2103 1289 2131 κατᾶ
1309 2104 1360 2138 τῆς
1373 2104 1491 2135 πίστεως
1512 2104 1639 2138 πόλεμος,
1659 2104 1792 2139 χαλεπῶς
1811 2105 1855 2131 τοῦ

1060 2149 1267 2185 καθηγουμένου
1279 2149 1350 2177 κατὰ
1363 2150 1417 2176 τῶν
1429 2149 1649 2186 προστιθεμένων
1663 2150 1703 2185 τῷ
1721 2150 1798 2186 λόγῳ
1809 2151 1856 2185 τῆς

1059 2195 1199 2227 εὐσεϐείας
1220 2195 1393 2228 λυσσῶντος),
1416 2197 1462 2222 καὶ
1483 2196 1592 2222 πάντων
1616 2196 1686 2231 πρὸς
1704 2196 1799 2232 φυγὴν
1813 2205 1855 2223 τε.

1059 2241 1242 2276 τραμμὲνων·
1263 2241 1356 2277 ἐπειδὴ
1377 2241 1407 2267 τὸ
1425 2241 1497 2268 κατὰ
1514 2241 1558 2267 τὸν
1583 2242 1669 2276 μέγαν
1687 2242 1785 2274 αὐτοῖς
1809 2242 1856 2268 ἁπ“

1059 2286 1169 2317 ἐλπίδος
1177 2284 1222 2322 ἦν,
1235 2286 1272 2319 ὡς
1287 2287 1336 2313 οὐκ
1353 2287 1386 2313 ἂν
1399 2287 1451 2312 ὑπὸ
1466 2287 1545 2323 χεῖρά
1556 2295 1620 2313 ποτε
1635 2288 1786 2323 γενόμενον
1803 2289 1854 2319 10E;

1059 2329 1202 2356 διώκουσι·
1225 2331 1286 2369 τοτε
1313 2331 1385 2357 κατὰ
1401 2331 1455 2357 τῶν
1475 2331 1632 2359 ὑπολοίπων
1655 2333 1707 2367 τὴν
1728 2333 1853 2367 λυσσώδη

1061 2375 1159 2410 μανίαν
1176 2375 1280 2402 ἑαυτῶν
1298 2376 1458 2411 τρέψαντες,
1480 2376 1605 2412 πανταχῆ
1628 2376 1702 2403 κατὰ
1725 2377 1759 2403 τὸ
1782 2377 1854 2407 ἔθνος

1059 2420 1239 2455 διηρευνῶντο
1262 2422 1366 2452 πάντας
1379 2421 1479 2456 ὁμοίως
1495 2421 1596 2458 ἄνδρας
1613 2431 1644 2449 τε
1659 2423 1708 2449 καὶ
1721 2425 1854 2457 γυναῖκας

1060 2466 1108 2492 καὶ
1131 2467 1240 2498 παῖδας,
1255 2467 1328 2498 ὅσοις
1352 2466 1382 2492 τὸ
1397 2466 1482 2502 ὄνομα
1504 2468 1552 2494 τοῦ
1575 2467 1698 2503 Χριστοῦ
1718 2469 1750 2495 τὸ
1774 2469 1853 2495 σεϐα-

1060 2519 1139 2549 σμιον
1157 2509 1190 2546 ἦν
1203 2519 1209 2525 ⁸
1233 2512 1280 2538 καὶ
1299 2509 1390 2537 εἷλκον
1405 2512 1451 2537 ἐπὶ
1464 2512 1514 2546 τὴν
1526 2512 1615 2543 πᾶλιν,
1632 2513 1681 2538 καὶ
1699 2512 1735 2539 τὰ
1751 2513 1855 2548 ὄεσμωο

1057 2557 1140 2591 τήρια
1150 2558 1270 2592 κατεπλή
1276 2567 1346 2594 ρουν,
1358 2559 1415 2584 ἀντ’
1425 2558 1507 2592 ἄλλης
1522 2559 1594 2590 τινὸς
1608 2558 1718 2590 ἀδικίας
1730 2559 1854 2594 ἔγκλημα

1059 2603 1213 2638 ποιούμενοι
1227 2606 1286 2630 κατ’
1300 2604 1389 2630 αὐτῶν
1402 2604 1450 2638 τὴν
1464 2604 1617 2635 εὺσέδειαν,
1631 2604 1669 2636 ὡς
1685 2605 1783 2639 μηδενὶ
1795 2606 1853 2631 τότε

1057 2648 1111 2674 τῶν
1127 2649 1224 2675 κοινῶν
1241 2649 1483 2684 προσασχολεϊσθαι
1497 2649 1530 2675 τὰ
1547 2650 1725 2684 δικαστήρια,
1743 2651 1759 2685 ἦ
1777 2651 1854 2677 τοῦτ’)

1059 2695 1139 2729 μόνον
1153 2694 1196 2721 διὰ
1217 2695 1335 2728 σπουδῆς
1352 2696 1407 2725 τοῖς
1425 2694 1571 2728 κρατοῦσιν
1591 2692 1674 2726 εἶναι,
1696 2695 1728 2721 τδ
1753 2697 1854 2727 πάντας

1058 2741 1204 2774 αἰκισμοὺς
1231 2740 1278 2766 καὶ
1304 2740 1433 2772 παντοίας
1459 2740 1642 2775 στρεϐλώσας
1667 2741 1703 2767 δι’
1734 2743 1854 2773 invdia;

1058 2787 1171 2821 ἐπάγειν
1185 2788 1257 2814 κατὰ
1271 2786 1324 2813 τῶν
1339 2786 1525 2821 ἀντεχομένων
1540 2786 1589 2822 τῆς
1613 2788 1746 2820 πίστεως.
