1917 3079
100 104 157 133 949

586 109 631 138 DE
648 110 729 138 VlTA
747 111 776 139 Β.
798 112 963 140 GREGORII
976 113 1242 143 TllAUMATUliGl.

1687 114 1741 142 950

143 166 228 193 Ἔνθα
239 166 270 202 δὴ
285 167 333 194 καὶ
351 168 450 204 μᾶλλον
473 170 539 197 πᾶσι
565 171 714 206 κατάῶιιλον
732 172 848 205 γίνεται,
868 173 898 200 τὺ

985 174 1063 201 Tuuc
1081 183 1147 202 vero
1160 175 1242 202 etiam
1258 175 1345 210 magis
1363 175 1452 211 palam
1467 175 1594 203 omnibus
1611 174 1651 208 fit,
1663 175 1738 210 quod

105 212 190 247 μηδὲν
204 213 281 240 ἀθεεὶ
297 213 343 240 τὸν
363 215 450 250 μέγαν
463 216 564 242 ἐκεῖνον
578 216 763 251 βουλεύεσθαι.
774 218 896 250 ΙΙθυλάξιις

102 257 162 293 γὰρ
176 258 274 286 ἑαυτὸν
287 258 331 286 διὰ
353 261 403 295 τῆς
420 260 508 296 φυγῆς
523 260 563 297 τῷ
577 262 651 297 λαῷ,
664 263 740 297 κοινὴ
755 264 897 299 συμμαχία

103 304 162 335 τοῖς
188 304 259 339 ὑπὲρ
274 304 324 339 τῆς
350 305 466 338 πίστεως
490 306 699 343 ἀγωνιζομένοις
729 309 830 336 ἅπασιν
850 307 895 344 ἦν.

104 349 241 385 Καθάπερ
258 350 311 386 γὰρ
330 351 393 386 περὶ
407 351 453 378 τοῦ
466 353 604 385 Μωῡσέως
617 354 762 389 ἀκούομεν,
780 355 820 381 ὅτι
832 355 897 391 τιόρ-

107 394 195 429 ρωθεν
209 395 369 430 ἀφεστηκὼς
379 396 428 432 τῆς
442 397 496 424 τῶν
508 398 696 433 Ἀμαληκιτῶν
707 400 895 435 παρατάξεως,

105 440 151 467 διὰ
165 441 316 476 προσευχῆς
329 441 442 468 ἐνετίθει
454 444 511 475 τοῖς
524 443 670 479 ὁμοφύλοις
686 445 756 472 κατὰ
771 446 825 472 τῶν
845 447 897 473 ὑπ-

104 486 237 512 εναντίων
245 486 295 522 τὴν
306 486 418 522 δύναμιν
429 497 436 503 ·
448 488 518 515 κατὰ
533 489 579 516 τὸν
594 490 674 518 αὐτὸν
687 492 785 526 τρόπον
804 492 897 518 κάκεῖ-

104 539 161 563 νος,
172 530 227 558 οἷον
242 532 348 568 ἐφορῶν
357 533 395 568 τῷ
409 533 539 570 ὀφθαλμῷ
546 535 597 570 τῆς
609 535 699 570 ψυχῆς
707 536 740 562 τὰ
755 537 894 572 γινόμενα,

104 577 157 611 τὴν
173 577 248 603 θείαν
261 578 420 605 ἐπεκαλεῖτο
432 579 589 614 συμμαχίαν
604 580 674 616 ὑπὲρ
685 581 738 607 τῶν
754 582 897 609 ἐναθλούν-

103 630 161 648 των
181 623 213 657 τῇ
228 622 359 658 ὁμολογίᾳ
380 623 430 658 τῆς
451 625 578 656 πίστεως.
599 625 654 652 Καί
678 634 742 652 ποτε
761 627 829 661 μετὰ
841 627 895 654 τῶν

105 669 241 695 συνόντων
259 669 328 695 κατὰ
346 669 375 694 τὺ
397 669 511 704 σύνηθες
527 670 565 705 τῷ
584 669 643 705 Θεῷ
667 672 895 706 προσευχόμενος,

104 713 138 739 ac
144 714 211 749 ρόως
226 714 330 747 ἀγῶνός
340 723 368 740 τε
381 714 428 741 καὶ
441 714 555 750 θορύϐου
567 716 778 752 καταπλησθεὶς,
789 718 896 753 ἔνδηλος

102 757 140 794 ἦν
154 761 182 786 ὲν
199 761 254 792 τοῖς
269 760 400 796 παροῦσιν
413 759 468 788 οἷον
485 761 663 798 ξενιζόμενος,
679 764 726 790 καὶ
741 765 896 799 ὲναγωνιῶν

102 805 147 840 τῷ
172 805 298 841 θεάματι,
321 807 367 832 καὶ
377 807 427 842 τὴν
444 808 528 843 ἀκοὴν
555 809 670 844 ἐπέχων,
689 809 814 845 καθάπερ
829 811 894 846 ἤχου

950 219 1018 246 nihil
1047 219 1108 247 sine
1139 220 1251 248 numine
1276 221 1370 248 divino
1403 221 1510 251 consilii
1541 228 1657 256 magnus
1694 220 1740 248 ille

950 265 992 292 vir
1004 264 1095 292 iniret.
1110 265 1179 292 Nam
1194 273 1256 292 cum
1276 273 1325 301 per
1338 266 1429 301 fugam
1445 273 1475 293 se
1502 267 1603 300 popqu
1626 273 1740 303 conser-

949 317 1052 344 vasset,
1069 319 1215 340 commune
1229 312 1359 340 omnibus
1377 319 1427 347 pro
1458 312 1510 338 ﬁde
1531 312 1739 340 decertantibus

950 357 1082 384 auxilium
1113 361 1195 392 atque
1218 358 1375 392 prmsidium
1403 362 1471 384 crat.
1504 357 1739 390 Quemadmodum

949 403 1022 443 enim
1036 402 1070 430 de
1082 400 1176 438 Moyse
1189 403 1328 435 audimus,
1348 403 1421 437 quod
1439 411 1501 430 cum
1514 404 1610 438 procul
1631 404 1741 431 abesset

950 449 984 475 ab
999 449 1057 476 acie
1074 449 1300 481 Amalecitarnm,
1320 457 1368 484 per
1383 449 1533 477 orationem
1558 449 1739 484 popularibus

950 493 1024 520 vires
1037 493 1168 520 adversus
1181 493 1275 520 hostes
1297 493 1433 527 injiceret,
1447 492 1544 520 eodem
1558 493 1639 520 modo
1654 493 1737 520 etiam

950 540 996 567 ille
1012 539 1093 574 quasi
1108 539 1194 566 animi
1211 539 1299 567 oculis
1312 539 1466 567 intueretur
1480 546 1512 566 ea
1540 547 1600 574 qua:
1627 539 1738 570 fiebant,

949 585 1072 612 divinum
1089 585 1220 612 auxilium
1236 593 1286 620 pro
1316 585 1360 617 iis,
1378 585 1425 620 qui
1450 585 1561 612 nomine
1591 584 1653 612 ﬁdei
1673 591 1738 611 con-

950 631 1080 659 fessionis
1094 630 1279 661 decertarent,
1289 631 1447 662 invocabat,
1465 638 1583 666 cumque
1589 629 1740 665 aliquando

949 685 1003 703 una
1022 684 1084 703 cum
1107 675 1303 709 familiaribus,
1331 680 1361 703 ut
1376 676 1490 708 solebat,
1510 676 1594 704 Deum
1614 682 1740 710 precare-

950 726 1005 753 tur,
1022 725 1133 756 repente
1145 729 1246 756 angore
1262 728 1294 748 ac
1315 721 1499 756 trepidatione
1516 719 1638 754 repletus
1650 718 1684 746 iis
1692 718 1738 753 qui

949 768 1064 795 aderant
1087 768 1166 802 quasi
1194 774 1251 794 rem
1280 774 1377 794 novam
1405 765 1534 793 admirari
1564 768 1591 792 et
1613 772 1645 791 eo
1665 763 1739 798 quod

950 816 1086 848 spectaret
1116 812 1191 847 angi,
1216 816 1243 840 et
1271 812 1354 839 veluti
1380 818 1448 839 sono
1471 810 1588 846 quodam
1619 809 1652 836 ad
1677 816 1739 836 eum

103 852 178 883 τινὸς
204 852 271 887 πρὸς
297 852 378 879 αὑτὸν
403 853 594 887 διαϐαίνοντος.
621 855 677 882 Καὶ
702 856 894 892 διαγενομένου

952 860 1110 893 pertinente,
1125 866 1207 886 aures
1224 858 1369 885 admovere
1385 860 1478 892 aperte
1492 855 1646 885 videbatur,
1660 859 1741 888 atque

101 896 287 932 διαστήματος
305 897 355 923 οὐκ
382 897 473 932 ὀλίγου
485 919 493 932 ,
511 899 606 933 μείνας
629 900 717 926 πάντα
742 900 787 926 τὸν
803 901 832 927 ὲν
858 900 898 936 τῷ

104 942 184 976 μέσῳ
200 942 303 977 χρόνον,
320 943 432 978 ἀκλινὴς
450 945 496 970 καὶ
509 944 647 979 ἀκίνητος,
665 943 715 971 εἷθ’
741 945 835 981 ὥσπερ
849 946 897 973 τοῦ

102 988 287 1022 προκειμένου
303 988 438 1023 θεάματος
449 990 489 1021 είς
504 990 606 1023 ἀγαθὸν
625 989 835 1026 καταλήξαντος,
847 992 898 1018 πά-

102 1033 147 1059 λιν
171 1033 305 1069 ἐπανῆλθέ
327 1042 356 1060 τε
375 1034 442 1069 πρὸς
456 1035 487 1061 τὸ
512 1035 637 1070 σύνηθες,
655 1036 702 1062 καὶ
719 1036 898 1071 ἀνευφήμησε

101 1078 153 1104 τὸν
168 1078 233 1104 Θεὸν
245 1079 274 1104 ὲν
292 1078 560 1115 λαμπροτάτῃ-φωνῇ
572 1101 579 1113 ,
594 1080 640 1107 τὸν
654 1081 787 1107 ἐπινίκιόν
804 1089 833 1107 τε
853 1081 899 1108 καὶ

104 1124 317 1159 ενῖιχαριστὴριον
347 1124 432 1160 ὕμνον
457 1125 752 1161 ἐπιφθεγξάμενος,δν
779 1126 899 1162 πολλαχῆ

102 1169 157 1203 τῆς
184 1169 343 1205 ψαλμῳδίας
369 1170 416 1197 τοῦ
440 1171 523 1198 Δασὶδ
546 1171 681 1207 ἀκούομεν
705 1172 847 1206 λέγοντος,
869 1173 900 1199 τὺ

106 1214 280 1250 Εὐλογητὸς
291 1217 308 1243 ὀ
322 1217 403 1250 Θεὸς,
420 1217 454 1250 ὃς
470 1219 525 1245 οὐκ
535 1219 647 1246 ἔδωκεν
659 1218 735 1253 ἡμᾶς
748 1219 792 1252 εὶς
805 1219 901 1253 θήραν

105 1261 170 1294 τοῖς
189 1261 314 1289 ὀδοῦσιν
327 1262 437 1290 αὐτῶν.
454 1264 513 1291 Τῶν
532 1265 560 1291 δὲ
576 1265 640 1300 περὶ
655 1264 735 1292 αὐτὸν
749 1265 900 1301 θαυμαστι-

107 1307 165 1339 κῶς
191 1308 378 1341 διατεθέντων,
395 1309 442 1336 καὶ
468 1310 563 1345 μαθεῖν
590 1311 747 1343 ἀξιούντων,
759 1311 774 1338 ὃ
789 1311 816 1337 τί
835 1319 900 1338 ποτε

105 1353 151 1388 εἴη
167 1353 197 1379 τὸ
209 1354 238 1380 ἐν
254 1354 402 1390 ὀφθαλμοῖς
425 1355 506 1382 αὑτοῦ
529 1357 672 1392 γινόμενον
689 1357 778 1392 Θέαμα
789 1378 795 1390 ,
813 1358 900 1384 εἰπεῖν

106 1399 230 1433 λέγεται,
248 1399 319 1434 μέγα
334 1401 434 1436 πτῶμα
448 1401 520 1428 κατὰ
535 1402 585 1437 τὴν
601 1402 675 1438 ὥραν
687 1403 795 1439 ἐκείνην
810 1404 899 1439 ἑωρα-

107 1445 196 1477 κέναι,
218 1446 483 1479 καταπαλαισθέντος
512 1447 560 1474 τοῦ
578 1448 702 1475 διαϐόλου
730 1449 782 1476 ὑπὸ
795 1450 900 1476 νεανίου

106 1491 181 1523 τινὸς
195 1493 224 1518 ὲν
237 1493 293 1524 τοῖς
306 1493 377 1528 ὑπὲρ
394 1493 534 1526 εὐσεϐείας
546 1494 644 1528 ἀγῶσι.
659 1495 720 1521 Τῶν
729 1495 758 1522 δὲ
773 1495 900 1529 ἀγνοούν-

107 1546 164 1564 των
176 1537 216 1564 ετι
234 1539 264 1564 τὸ
284 1539 445 1574 εἰρημένον,
458 1540 623 1576 σαφέστερον
640 1540 730 1573 αὐτοῖς
748 1541 898 1576 διηγεῖται,

107 1584 151 1610 ὃτι
167 1585 310 1620 συμμαχίᾳ
324 1585 457 1620 κρείττονι
475 1586 545 1613 κατὰ
559 1587 608 1622 τὴν
624 1586 699 1621 ὥραν
721 1587 829 1623 ἐκείνην
843 1597 901 1615 νεα-

107 1629 169 1660 νίας
187 1638 230 1661 τις
247 1629 300 1656 τῶν
324 1630 510 1666 εὐπατριδῶν,
529 1632 584 1662 τοῖς
605 1631 698 1667 ῑδρῶσι
712 1632 762 1667 τῆς
783 1632 900 1664 πίστεως

107 1676 302 1710 ἐνηγωνισατο,
315 1676 478 1712 προσαχθεὶς
489 1677 540 1703 ὑπὸ
550 1676 604 1704 τῶν
616 1677 721 1713 δημίων
731 1677 768 1713 τῷ
779 1678 899 1714 ἄρχοντι.

109 1720 269 1756 Προσέθηκε
284 1721 311 1747 δὲ
325 1722 372 1748 καὶ
386 1722 416 1748 τὸ
430 1722 530 1757 ὄνομα,
545 1723 682 1758 Τρωάδιον
700 1723 781 1750 αὐτὸν
802 1723 902 1759 ὀνομά-

110 1775 179 1798 σας·
194 1767 241 1794 καὶ
265 1768 306 1794 ὃτι
331 1767 399 1803 μετὰ
422 1768 523 1800 πολλὰς
540 1769 683 1804 βασάνους,
700 1766 745 1801 αῖς
770 1770 902 1804 γενναίως

112 1815 333 1851 ἐνεκαρτέρησε,
350 1816 395 1843 τὸν
425 1816 468 1843 διὰ
494 1817 544 1852 τῆς
576 1818 729 1853 μαρτυρίας
755 1818 902 1853 ἀνεδήσατο

110 1860 254 1894 στέφανον.
271 1861 432 1896 Ἐκπλαγεὶς
445 1862 473 1889 δὲ
493 1863 560 1898 πρὸς
573 1863 621 1898 τὴν
638 1863 723 1898 ἀκοὴν
740 1864 754 1890 ὁ
768 1863 901 1896 διάκονος,

110 1907 160 1932 καὶ
176 1906 237 1933 οὗτε
252 1908 375 1934 ἀπιστεῖν
391 1916 444 1935 τινι
466 1909 520 1935 τῶν
543 1908 696 1944 λεγομένων
719 1909 826 1944 τολμῶν
836 1910 903 1942 ’,καὶ

109 1952 171 1987 ἃμα
187 1955 308 1988 κρεῖττον
320 1954 368 1989 τῆς
384 1955 557 1990 ἀνθρωπίνης
573 1955 680 1990 φύσεως
695 1953 765 1982 εἶναι
779 1956 902 1991 νομίσας,

110 1999 144 2024 τὸ
165 1999 304 2034 πόρρωθεν
315 1999 378 2027 ὄντα
389 2001 439 2035 τῆς
453 2001 565 2033 πόλεως,
581 2000 694 2036 μηδενὸς
712 2001 854 2037 ἀνθρώπου
871 2002 904 2028 τὰ

111 2044 173 2070 κατ’
183 2044 262 2070 αὑτὸν
276 2044 487 2079 διαγγείλαντος.
495 2045 532 2077 ὡς
543 2046 682 2080 ἐφεστῶτα
694 2048 749 2078 τοῖς
762 2047 904 2082 πράγμασι

111 2089 204 2123 λέγειν
215 2090 283 2126 πρὸς
299 2091 362 2123 τοὺς
380 2091 510 2123 συνόντας
525 2092 590 2127 περὶ
601 2092 655 2118 τῶν
669 2093 728 2119 ἐκεῖ
740 2092 903 2127 γενομένων,

112 2134 207 2168 ἱκέτης
221 2135 326 2168 γίνεται
341 2135 388 2162 τοῦ
408 2136 567 2163 διδασκάλου
585 2136 733 2172 ὀφθαλμοῖς
752 2137 905 2172 ἐπιτραπῆ-

948 904 1021 932 haud
1038 903 1137 939 exiguo
1152 904 1291 939 praeterito
1309 903 1398 938 spatio
1413 910 1474 930 cum
1490 905 1548 928 toto
1572 900 1623 927 hoc
1653 899 1740 926 inter--

949 951 1066 978 cedente
1081 954 1205 985 tempore
1221 953 1330 977 erectus
1345 953 1372 976 et
1382 949 1513 976 immotus
1526 945 1739 981 permansisset,

949 995 1047 1023 deinde
1060 994 1138 1029 quasi
1158 994 1328 1029 propositum
1345 992 1532 1028 spectaculum
1549 991 1650 1018 bonum
1662 997 1742 1016 even-

949 1045 1005 1068 tum
1027 1041 1178 1071 habuisset,
1203 1044 1231 1067 et
1245 1039 1278 1066 ad
1296 1043 1398 1066 statum
1423 1038 1572 1074 pristinum
1601 1035 1693 1067 rediit,
1713 1039 1741 1062 et

949 1086 1019 1114 elata
1033 1093 1099 1113 voce
1111 1085 1331 1116 Deumlandarit,
1348 1084 1480 1119 adjiciens
1502 1090 1564 1110 eum
1574 1087 1740 1111 sermonem,

950 1140 1005 1167 quo
1020 1131 1164 1159 victoriam
1184 1130 1277 1165 adepti
1295 1130 1332 1157 uti
1346 1137 1378 1157 ac
1395 1130 1449 1156 Deo
1465 1127 1568 1164 gratias
1582 1125 1740 1161 agercsole-

950 1185 1023 1208 Inus,
1036 1184 1116 1211 quem
1132 1176 1159 1203 in
1172 1176 1266 1203 multis
1283 1175 1420 1203 locislibri
1431 1173 1601 1201 Psalmorum
1611 1169 1740 1197 Davidem

950 1223 1078 1251 audimus
1095 1222 1339 1257 pronuntiantem:
1358 1219 1514 1247 Benedictus
1534 1217 1614 1249 Deus,
1631 1217 1674 1252 qui
1688 1223 1741 1242 non

950 1269 1022 1296 dedit
1038 1278 1084 1296 nos
1100 1269 1128 1296 in
1138 1268 1255 1303 prtedam
1269 1267 1391 1294 dentibus
1406 1273 1497 1293 eorum
1509 1265 1531 1291 ’.
1546 1261 1740 1290 Familiaribus

951 1322 1042 1343 autem
1055 1315 1116 1350 ejus
1129 1313 1330 1342 admirantibus
1341 1317 1366 1340 et
1379 1313 1451 1339 scire
1465 1309 1631 1339 volentibus,
1651 1306 1739 1342 quod-

951 1369 1014 1389 nam
1036 1361 1062 1388 id
1085 1361 1194 1388 tandem
1217 1359 1403 1394 spectaculum
1436 1357 1545 1388 fuisset,
1567 1353 1641 1389 quod
1675 1355 1739 1379 ante

951 1405 1046 1433 oculos
1063 1405 1124 1438 ejus
1138 1405 1343 1434 obversaretur,
1357 1401 1461 1429 dixisse
1488 1400 1585 1431 fertur,
1614 1405 1739 1433 magnam

951 1458 981 1478 se
998 1451 1025 1477 in
1039 1450 1084 1476 illa
1110 1449 1177 1476 hora
1191 1448 1296 1476 vidisse
1320 1447 1440 1479 ruinam,
1460 1445 1572 1473 diabolo
1591 1444 1625 1471 ab
1647 1443 1741 1470 adole-

951 1500 1045 1524 scente
1059 1495 1178 1531 quodam
1195 1495 1223 1521 in
1248 1493 1447 1521 certaminibus
1464 1498 1513 1526 pro
1533 1490 1634 1525 pietate
1645 1496 1741 1517 Susce-

953 1542 1006 1577 ptis
1017 1541 1136 1568 devicto.
1153 1540 1242 1575 Atque
1257 1539 1311 1566 illis
1328 1538 1417 1565 adhuc
1440 1545 1495 1564 non
1523 1534 1739 1571 iulelligentibus

953 1587 980 1614 id
994 1586 1067 1621 quod
1079 1585 1205 1617 dixisset,
1222 1584 1345 1619 apertius
1357 1583 1397 1610 eis
1409 1582 1532 1617 exponit,
1545 1579 1618 1616 quod
1639 1579 1742 1606 auxilio

952 1632 1044 1659 divino
1059 1631 1086 1658 in
1103 1631 1222 1658 illaliora
1229 1630 1389 1656 adolescens
1403 1627 1515 1662 quidam
1530 1626 1630 1653 nobilis
1646 1625 1673 1652 in
1683 1625 1742 1660 pri-

952 1680 1004 1706 mis
1019 1679 1053 1705 ab
1069 1677 1212 1705 lictoribus
1228 1675 1262 1703 ad
1283 1674 1426 1710 praesidem
1453 1673 1597 1703 adductus,
1626 1672 1653 1698 in
1682 1678 1743 1698 cer-

951 1725 1054 1752 tamine
1070 1731 1119 1758 pro
1134 1723 1186 1750 lide
1201 1725 1329 1756 suscepto
1344 1720 1516 1748 desudasset.
1531 1717 1638 1752 Adjecit
1652 1721 1741 1744 autem

952 1771 1034 1798 etiam
1053 1777 1163 1801 nomen,
1181 1768 1329 1795 Troadium
1352 1773 1414 1794 eum
1436 1765 1605 1795 nominans,
1624 1767 1651 1791 et
1670 1762 1742 1797 quod

953 1821 1015 1853 post
1041 1816 1126 1843 multa
1148 1819 1301 1847 tormenta,
1332 1821 1393 1848 qua!
1419 1811 1526 1839 fortiter
1552 1809 1742 1842 toleravisset,

955 1862 1080 1897 martyrii
1108 1868 1211 1888 corona
1244 1859 1390 1887 redimitus
1420 1861 1503 1885 essct.
1531 1854 1743 1890 Obstupefactus

954 1913 1046 1936 autem
1062 1911 1090 1935 et
1100 1907 1235 1934 attonitus
1251 1905 1293 1933 his
1309 1904 1411 1932 auditis
1420 1903 1565 1935 diaconus,
1580 1909 1641 1929 cum
1655 1908 1744 1935 neque

955 1953 1035 1980 fidem
1053 1952 1186 1987 derogare
1201 1950 1246 1981 iis,
1256 1957 1318 1985 qua!
1339 1948 1508 1978 dicerentur,
1530 1946 1654 1978 auderet,
1673 1945 1745 1972 etsi-

955 1998 1011 2025 mul
1026 1998 1205 2026 excellentius
1220 2003 1301 2031 quam
1310 1995 1431 2022 humana
1446 1997 1542 2020 natura
1555 1996 1673 2027 caperet,
1684 1997 1745 2018 esse

952 2044 1100 2078 judicaret,
1121 2043 1167 2077 qui
1187 2041 1283 2076 procul
1303 2040 1412 2067 abesset
1431 2038 1465 2065 ab
1487 2037 1565 2068 urbe,
1582 2044 1643 2063 cum
1665 2043 1745 2062 nemo

955 2089 1096 2116 hominum
1116 2095 1177 2114 eum
1192 2087 1226 2114 de
1256 2086 1313 2113 suis
1342 2085 1426 2112 rebus
1449 2083 1594 2111 certiorem
1622 2081 1743 2110 feciSSet.

956 2135 1029 2161 hunc
1043 2133 1156 2169 perinde
1170 2141 1202 2160 ac
1216 2132 1239 2160 si
1257 2130 1441 2161 interfuisset,
1458 2129 1490 2156 ad
1505 2129 1654 2156 familiares
1667 2126 1744 2162 loqui

112 2186 163 2204 ναι
177 2178 223 2204 καὶ
238 2178 338 2211 γνῶναι
354 2180 388 2206 τὰ
414 2180 595 2215 πεπραγμένα
610 2190 614 2194 ·
629 2182 676 2207 καὶ
690 2181 727 2216 μὴ
749 2181 900 2217 κωλυθῆναι

955 2181 989 2208 de
1005 2180 1087 2207 rebus
1097 2179 1150 2206 illis
1166 2178 1261 2214 gestis,
1271 2181 1331 2204 orat
1345 2176 1517 2211 magistrum,
1534 2179 1562 2201 ut
1573 2174 1745 2210 permittere-

112 2223 179 2256 παρ’
193 2222 275 2248 αὐτοῦ
292 2224 417 2256 γενέσθαι
432 2224 512 2259 μέχρι
527 2224 580 2250 τῶν
600 2225 691 2252 τόπων
708 2225 807 2258 αὐτῶν,
823 2227 851 2252 ὲν
864 2224 904 2257 οἷς

110 2268 144 2294 τὸ
160 2267 253 2303 θαῦμα
266 2268 383 2302 ἐγένετο.
405 2269 457 2296 Τοῦ
474 2270 502 2296 δὲ
519 2270 632 2305 φοϐερὸν
647 2269 715 2298 εἶναι
731 2271 863 2305 λέγοντος,
874 2272 906 2298 τὸ

111 2316 142 2341 ἐν
160 2315 235 2349 μέσῳ
259 2315 313 2341 τῶν
336 2315 471 2350 φονευτῶν
498 2316 633 2350 γενέσθαι,
659 2317 705 2343 καὶ
733 2317 861 2348 πολλάκις
878 2316 907 2349 ἐξ

112 2361 247 2395 ἐπηρείας
262 2360 308 2388 τοῦ
324 2361 510 2396 ἀντικειμένου
523 2371 548 2388 τι
561 2362 615 2389 τῶν
629 2363 784 2398 ἁὸουλήτων
800 2364 905 2395 παθεῖν,

112 2408 272 2443 ἐπιθαρσεῖν
302 2407 393 2442 ἔλεγεν
419 2409 433 2434 ὁ
455 2408 578 2439 διάκονος
593 2410 626 2443 τῇ
646 2408 699 2435 τῶν
720 2409 807 2444 εὐχῶν
824 2408 905 2435 αὐτοῦ

113 2453 270 2488 συμμαχίᾳ,
287 2452 472 2488 φθεγξάμενος
484 2453 585 2488 ταύτην
603 2454 672 2488 πρὸς
686 2453 766 2481 αὑτὸν
786 2454 834 2489 τὴν
852 2463 907 2488 φω-

112 2500 178 2533 νήν·
201 2499 243 2526 Σύ
254 2507 293 2532 με
316 2499 449 2533 παράθου
473 2499 513 2531 τῷ
528 2499 599 2533 Θεῷ,
617 2501 664 2527 καὶ
679 2500 778 2533 οὺδεΙς
795 2509 842 2532 μοι
858 2501 908 2534 φό-

112 2546 166 2577 ϐος
176 2544 226 2571 καὶ
241 2544 300 2571 τῶν
313 2546 464 2579 πολεμίων
474 2545 648 2580 καθάψεται.
661 2546 715 2573 Τοῦ
737 2546 765 2572 δὲ
782 2545 907 2581 καθάπερ

115 2590 287 2625 συνέμπορον
302 2590 376 2626 αὐτῷ
388 2591 436 2626 τὴν
448 2591 494 2617 τοῦ
512 2591 578 2617 θεοῦ
597 2591 723 2627 βοήθειαν
738 2592 782 2618 διὰ
798 2592 847 2627 τῆς
863 2593 907 2619 εὐ-

113 2634 166 2669 χῆς
181 2635 431 2670 συνεκπέμψαντος,
447 2635 584 2668 πεποιθὼς
609 2638 657 2673 τὴν
674 2637 732 2664 ὁδὸν
746 2637 826 2672 διῄει,
838 2637 905 2673 πρὸς

114 2680 211 2707 οὐδένα
225 2681 279 2707 τῶν
302 2681 484 2708 ἀπαντώντων
501 2682 740 2719 ἐπιστρεφόμενος.
765 2683 906 2719 Ἐσπέριος

114 2725 144 2751 δὲ
162 2725 211 2760 τῆς
223 2725 326 2758 πόλεως
349 2726 423 2758 ἐντὸς
439 2726 568 2761 γεγονὼς,
583 2729 630 2755 καὶ
653 2727 778 2762 κοπώδης
801 2728 833 2755 ἐκ
857 2728 906 2764 τῆς

153 2812 164 2828 ⁸
184 2811 255 2839 l‘sal.
272 2820 367 2844 cxxm,
385 2813 411 2841 6.

956 2231 1000 2253 tur
1014 2225 1066 2254 sibi
1082 2225 1170 2252 oculis
1184 2224 1331 2259 inspicere,
1346 2230 1407 2258 quae.
1421 2227 1481 2249 acta
1493 2224 1597 2253 essent,
1612 2228 1665 2248 neu
1684 2227 1745 2254 pro-

956 2273 1096 2300 hiberetur
1105 2272 1139 2299 ab
1154 2279 1187 2298 eo
1200 2270 1342 2306 pervenire
1359 2276 1445 2304 usque
1461 2268 1494 2296 ad
1513 2275 1545 2295 ea
1560 2267 1631 2297 loca.
1649 2267 1675 2293 in
1685 2267 1746 2302 qui-

955 2319 1006 2346 bus
1022 2318 1186 2345 miraculum
1203 2317 1306 2344 editum
1331 2320 1392 2343 crat
1409 2325 1416 2343 :
1441 2319 1467 2342 at
1493 2315 1540 2341 illo
1561 2313 1745 2348 periculosum

955 2373 1016 2392 esse
1027 2365 1135 2391 dicente
1152 2362 1255 2390 versari
1284 2362 1311 2389 in
1336 2361 1425 2388 rnedio
1440 2361 1562 2388 virorum
1576 2358 1659 2386 caedis
1686 2357 1745 2384 avi-

958 2409 1067 2440 dorum,
1083 2416 1115 2435 ac
1131 2415 1203 2442 saape
1218 2415 1252 2434 ex
1268 2407 1380 2433 incursu
1393 2405 1586 2440 atqueimpelu
1596 2402 1744 2430 adversarii

956 2462 1037 2490 posse
1070 2453 1196 2481 accidere
1221 2451 1325 2487 aliquid
1356 2457 1467 2486 repente
1495 2454 1593 2485 praeter
1620 2449 1745 2476 volunta-

956 2502 1021 2530 tem,
1039 2497 1072 2525 de
1087 2506 1142 2532 quo
1158 2497 1308 2532 cogitatum
1327 2503 1381 2523 non
1395 2500 1485 2523 esset:
1500 2494 1632 2521 diaconus
1647 2501 1676 2520 se
1683 2501 1746 2528 prc-

957 2552 1019 2571 cum
1037 2544 1098 2578 ejus
1129 2543 1234 2570 auxilio
1264 2542 1402 2570 confidere
1430 2541 1508 2570 dixit.
1529 2540 1570 2567 his
1591 2538 1683 2566 verbis
1710 2538 1743 2565 ad

957 2597 1019 2617 eum
1037 2593 1116 2616 utens
1134 2598 1140 2616 :
1159 2589 1197 2615 Tu
1219 2596 1260 2615 me
1281 2586 1435 2614 commenda
1460 2586 1524 2617 Deo,
1542 2590 1566 2612 et
1593 2584 1681 2611 uultus
1711 2584 1743 2610 ab

959 2633 1076 2661 hoslibus
1089 2638 1173 2660 terror
1187 2641 1227 2660 me
1238 2632 1352 2659 invadet.
1378 2631 1502 2664 Cumque
1517 2629 1562 2656 ille
1587 2627 1744 2663 praesidium

958 2680 1080 2708 divinum
1095 2688 1145 2714 pro
1160 2679 1258 2707 comite
1269 2685 1317 2713 per
1330 2684 1424 2712 preces
1440 2683 1493 2702 una
1509 2682 1570 2702 cum
1589 2680 1622 2700 co
1640 2672 1746 2700 emisis-

960 2730 1017 2758 set,
1035 2725 1140 2753 ﬁducia:
1158 2725 1255 2761 plenus
1272 2723 1324 2751 iter
1339 2721 1454 2751 faciebat
1473 2720 1506 2747 ad
1535 2719 1670 2747 neminem
1697 2718 1744 2745 ob-
