1917 3079
77 109 138 137 955

580 110 625 138 DE
646 110 725 138 VITA
746 111 775 139 S.
789 111 957 140 GﬂEGOﬂll
977 111 1246 142 THAUMATURGI.

1661 116 1715 144 95.5

78 177 112 194 τε
139 167 185 195 καὶ
201 167 334 203 θαύμασι,
348 167 382 195 δι’
397 164 434 195 ὧν
460 177 490 194 τε
505 167 569 202 εἶδε,
581 170 628 196 καὶ
653 170 688 196 δι’
712 166 751 197 ὦν
765 171 876 206 ἤκουσε,

936 175 953 198 :t
969 171 1130 202 audivisset,
1145 177 1172 199 et
1187 181 1234 207 per
1247 180 1315 207 quas
1333 183 1383 202 suo
1401 175 1524 210 periculo
1539 179 1621 210 atque
1631 183 1716 210 cxpe-

79 214 130 240 καὶ
144 213 178 240 δι’
193 210 230 240 ὦν
245 215 278 250 τῇ
291 213 388 241 ἑαυτοῦ
403 214 485 250 πείρᾳ
499 215 547 250 τῆς
563 215 609 241 τοῦ
626 215 745 250 μεγάλου
758 216 874 248 πίστεως

79 260 211 296 ἐδιδάχθη
230 260 280 297 τὴν
304 261 429 296 δύναμιν,
477 261 724 297 προσεμαρτύρησε
737 262 767 289 τὸ
779 262 874 298 δαιμό-

79 315 152 337 νιον,
166 306 248 333 πάλιν
265 307 410 342 ἀνατρέχει
425 307 493 342 πρὸς
516 306 561 334 τὸν
578 307 752 334 διδάσκαλον·
770 309 824 340 τοῖς
845 317 875 335 τε

80 351 146 378 κατ’
159 351 250 384 αὐτὸν,
267 353 314 378 καὶ
329 354 385 384 τοῖς
403 353 471 387 μετὰ
488 351 575 379 ταῦτα
595 353 682 379 κοινὸν
692 353 772 387 ἀφεὶς
789 353 875 388 φυλα-

81 397 207 433 κτήριον,
222 398 251 424 τδ
263 398 308 424 διὰ
322 398 375 424 τῶν
392 398 487 433 ἱερέων
512 399 627 426 ἕκαστον
651 400 746 427 ἑαυτὸν
760 400 798 436 τῷ
817 400 876 436 Θεῷ

82 441 299 476 παρατίθεσθαι.
322 442 376 469 Καὶ
390 442 438 469 νῦν
453 444 511 470 ἔστι
535 444 584 479 μὲν
616 445 686 471 κατά
712 446 802 472 πᾶσαν
828 445 876 481 τὴν

90 487 267 524 Ἐκκλησίαν,
291 488 437 524 ἐξαιρέτως
453 489 486 520 δὶ
505 491 568 526 παρ’
593 490 707 522 ἐκείνοις
731 492 747 527 ἡ
764 493 876 527 τοιαύτη

83 533 175 573 φωνὴ,
202 535 253 569 τῆς
270 534 330 560 τότε
358 535 544 571 γεγενημένης
569 535 607 571 τῷ
630 536 707 571 ἀνδρὶ
729 537 805 572 παρά
829 537 876 564 τοῦ

83 579 240 616 Γρηγορίου
265 580 391 616 βοηθείας
411 581 591 616 μνημόσυνον.
609 581 665 617 Τῆς
676 582 705 608 δὲ
723 582 878 617 τυραννίδος

85 627 197 662 ἐκείνης
211 626 262 662 ήδη
278 627 349 654 κατά
364 626 438 654 θείαν
459 628 616 663 συμμαχίαν
636 627 817 663 διαλυθείσης,
831 628 879 655 καὶ

85 671 171 698 πάλιν
187 672 298 708 εἰρήνης
322 672 371 707 τὴν
385 672 558 708 ἀνθρωπίνην
582 672 654 708 ζωὴν
668 672 860 708 διαδεξαμένης
870 692 878 704 ,

85 717 151 744 καθ’
169 718 201 753 ἢν
215 717 309 749 ἄνετος
323 715 357 753 ἦν
374 718 433 745 κατ’
453 719 578 751 ἐξουσίαν
599 718 768 754 προκειμένη
796 719 879 745 πᾶσιν

84 765 104 799 ἡ
118 764 182 800 περ)⁸
196 763 225 790 τὺ
235 763 311 790 Θεῖον
325 764 436 799 σπουδὴ,
451 764 572 797 καταϐὰς
580 765 660 792 πάλιν
672 765 719 791 ἐπὶ
731 764 780 800 τὴν
792 764 878 797 πόλιν,

85 809 138 838 καὶ
152 810 241 837 πᾶσαν
260 810 457 845 περινοστήσας
469 811 498 837 ἐν
509 810 600 846 κύκλῳ
613 810 662 846 τὴν
676 810 779 846 χώραν,
797 819 880 846 προσ-

925 217 1024 244 rientia
1036 218 1126 251 magni
1139 218 1213 245 illius
1227 218 1276 245 viri
1294 219 1355 247 ﬁdei
1368 221 1421 247 vim
1431 242 1438 252 ,
1455 222 1499 247 cui
1516 222 1596 249 etiam
1613 222 1715 248 daemo~

926 264 1002 290 nium
1032 263 1145 298 insuper
1168 265 1356 292 testimonium
1381 266 1549 300 perhiberet,
1576 267 1715 294 didicisset

927 308 971 343 (de
988 308 1129 336 miraculis
1150 309 1210 344 ejus
1234 318 1288 337 non
1311 311 1428 345 amplius
1447 311 1599 345 dubitans),
1617 312 1714 339 iterum

926 354 998 381 redit
1020 355 1054 381 all
1076 354 1248 389 magistrum.
1273 360 1302 382 et
1317 363 1373 383 suae
1393 358 1482 383 artatis
1508 356 1666 384 hominibus
1690 362 1715 383 et

928 399 1046 434 posteris
1066 406 1212 426 commune
1236 400 1393 434 praesidium
1416 401 1589 435 relinquens,
1614 405 1643 428 ut
1669 409 1716 436 per

929 445 1085 473 sacerdotes
1104 445 1220 481 quisque
1244 453 1305 474 sese
1326 446 1381 473 Deo
1410 447 1580 475 commendet
1599 456 1606 475 ε
1633 452 1715 481 atque

928 491 1009 518 etiam
1026 498 1100 518 nunc
1114 498 1175 518 cum
1196 499 1243 526 per
1264 499 1371 520 onmem
1391 493 1552 524 Ecclesiam,
1571 497 1627 519 tum
1645 500 1714 528 prae-

928 537 1008 572 cipue
1021 537 1092 572 apud
1108 537 1169 565 illos
1184 538 1319 573 ejusmodi
1338 545 1389 565 vox
1409 545 1459 573 pro
1474 546 1651 566 monumento
1669 539 1716 565 ha-

929 583 1010 623 betur
1025 583 1121 610 auxilii
1141 589 1221 619 atque
1241 585 1372 619 praesidii,
1392 585 1467 620 quod
1491 589 1556 611 tunc
1573 585 1610 611 illi
1629 584 1686 611 viro
1701 591 1716 611 a

929 630 1060 665 Gregorio
1074 630 1224 665 praestitum
1244 635 1296 658 est.
1313 631 1447 658 Cmterum
1466 631 1595 665 cumjam
1615 630 1717 657 auxilio

929 675 1024 703 divino
1038 676 1163 711 tyrannis
1178 676 1224 703 illa
1240 676 1373 704 dissoluta
1389 679 1479 709 esset,
1500 684 1532 703 ac
1548 683 1599 711 pax
1619 683 1717 702 rursus

929 720 1079 747 humanam
1095 721 1178 748 vitam
1196 721 1366 755 excepisset,
1392 729 1438 756 per
1457 728 1540 756 quam
1561 721 1715 755 expeditum

930 771 989 795 erat
1000 767 1035 794 ad
1048 767 1192 794 arbitrium
1206 768 1334 795 omnibus
1353 767 1461 795 abunde
1475 768 1645 802 propositum
1661 771 1719 794 stn-

930 813 1006 840 dium
1021 821 1085 848 erga
1099 821 1199 841 numen
1213 814 1346 846 divinum,
1358 813 1499 841 descendit
1515 820 1611 840 rursus
1624 812 1657 838 ad
1674 820 1720 839 ur«

87 855 180 891 Θήκην
208 856 324 882 ἐποιεῖτο
348 857 405 888 τοῖς
428 856 583 891 ἁπανταχοῦ
608 856 682 888 λαοῖς
700 857 750 892 τῆς
775 856 840 892 περῖ⁷
851 856 882 884 τὺ

936 859 1004 891 bem,
1019 863 1047 885 ct
1063 860 1137 886 omni
1154 859 1229 886 circa
1252 858 1364 893 regione
1379 858 1500 893 undique
1523 860 1667 893 peragrata
1689 864 1720 883 ac

85 901 168 930 Θεῖον
183 901 313 936 σπουδῆς,
326 901 375 933 τὰς
392 902 462 938 ὑπὲρ
477 902 531 929 τῶν
542 903 727 939 ἐνηθληκότων
742 904 775 938 τῇ
790 903 881 930 πίστει

86 946 258 981 πανηγύρεις
272 947 463 983 νομοθετήσας.
482 949 537 975 Καὶ
557 948 728 981 διαλαϐόντες
743 948 821 980 ἄλλος
835 949 882 975 ἀλ-

86 990 161 1026 λαχῆ
177 991 231 1018 τῶν
245 991 392 1028 μαρτύρων
411 993 445 1020 τὰ
465 993 595 1029 σώματα,
613 994 682 1021 κατά
703 994 752 1030 τὴν
773 995 881 1030 ἐτήσιον

87 1037 139 1066 τοῦ
162 1038 325 1065 ἐνιαυσιαίου
349 1038 448 1065 κύκλου
473 1040 596 1075 περίοδον
621 1041 773 1073 συνιόντες,
797 1041 882 1077 ¹ἠγάλ-

87 1082 169 1111 λοντο
194 1085 228 1119 τῇ
249 1085 315 1119 τιμῇ
337 1084 391 1110 τῶν
408 1084 553 1120 μαρτύρων
568 1086 810 1122 πανηγυρίζοντες.
828 1087 882 1113 Καὶ

88 1128 148 1163 γὰρ
163 1128 195 1164 δὴ
212 1129 258 1156 καὶ
274 1129 352 1156 τοῦτο
372 1131 422 1165 τῆς
447 1131 568 1166 μεγάλης
590 1131 672 1159 αὐτοῦ
696 1132 791 1167 σοφίας
814 1132 882 1159 ἀπό-

88 1172 176 1204 δειξις
190 1171 235 1209 ἦν,
256 1174 297 1200 ὅτι
308 1174 376 1210 πρὺς
390 1176 480 1202 καινὸν
493 1176 549 1211 βίον
575 1175 803 1213 μέταῤῥυθμίζων
828 1179 882 1205 πᾶ-

92 1226 145 1245 σαν
164 1219 267 1256 ἀθρόως
289 1221 339 1256 τὴν
362 1223 421 1248 κατ’
436 1223 517 1250 αὑτὸν
529 1223 634 1257 γενεὰν,
649 1221 704 1251 οἶόν
719 1233 761 1256 τις
776 1224 883 1260 ἡνίοχος

93 1266 209 1298 ἐπιστὰς
227 1268 259 1302 τῇ
279 1267 378 1301 φύσει,
394 1269 439 1295 καὶ
461 1271 517 1301 τοῖς
537 1270 586 1305 τῆς
609 1270 725 1302 πίστεως
753 1271 800 1298 καὶ
825 1271 884 1298 θεοο

92 1312 214 1345 γνωσίας
229 1312 345 1347 χαλινοῖς
361 1314 488 1348 ἀσφαλῶς
509 1315 607 1347 αὐτοὺς
627 1316 787 1349 ὑποζεύξας,
800 1317 884 1343 ἐνεδί-

92 1358 142 1385 δου
158 1367 183 1384 τι
208 1358 305 1394 μικρὸν
319 1359 357 1394 τῷ
373 1360 447 1395 ζυγῷ
464 1361 513 1395 τῆς
530 1361 649 1393 πίστεως
663 1362 696 1389 δι’
716 1362 884 1398 εὐφροσύνης

94 1404 264 1440 ὑποσκιρτᾷν
287 1404 318 1431 τὺ
333 1406 461 1440 ὑπήκοον.
479 1406 596 1438 Συνιδὼν
609 1406 663 1443 γὰρ
685 1407 727 1433 ὅτι
749 1409 808 1439 ταῖς
833 1416 885 1434 σω-

95 1450 226 1484 ματικαῖς
241 1450 384 1486 θυμηδίαις
401 1453 433 1487 τῇ
454 1452 518 1487 περὶ
536 1452 570 1479 τὰ
585 1452 680 1479 εἴδωλα
697 1453 785 1488 πλάνῃ
796 1461 885 1489 παρα-

95 1494 174 1529 μένει
189 1495 218 1522 τὸ
231 1495 365 1531 νηπιῶδες
388 1497 442 1523 τῶν
459 1497 564 1524 πολλῶν
588 1498 636 1525 καὶ
651 1498 812 1525 ἀπαίδευτον
823 1507 829 1513 ⁸
847 1499 885 1530 ὼς

933 905 1116 939 perlustrata.
1140 905 1355 932 additamentum
1384 908 1411 931 et
1435 903 1512 939 quasi
1540 902 1719 930 corollarium

932 950 1015 978 studii
1032 958 1095 985 erga
1112 959 1210 978 numen
1229 950 1351 978 divinum
1368 949 1528 977 instituebat
1542 948 1613 983 apud
1624 954 1720 974 omnes

934 996 1033 1031 ubique
1057 997 1171 1031 populos
1188 996 1335 1028 sanciens,
1361 999 1391 1022 ut
1412 994 1521 1022 nomine
1537 1000 1649 1024 eorum,
1675 993 1720 1026 qui

933 1049 984 1076 pro
1005 1041 1058 1069 fide
1078 1041 1284 1073 decertassent,
1311 1040 1371 1068 dies
1395 1039 1457 1067 festi
1481 1042 1562 1073 atque
1585 1038 1721 1065 solemnes

933 1090 1084 1114 conventus
1110 1086 1315 1113 celebrarentur
1332 1093 1340 1112 :
1367 1092 1485 1119 cumque
1500 1083 1569 1110 alius
1594 1083 1621 1109 in
1638 1081 1721 1108 alium

934 1133 1023 1160 locum
1037 1139 1153 1167 corpora
1167 1136 1319 1167 martyrum
1334 1129 1518 1161 diduxissent,
1533 1135 1581 1163 per
1596 1127 1723 1155 anniver—

935 1178 1038 1206 sarium
1056 1177 1153 1205 circuli
1171 1177 1303 1204 ambitum
1325 1175 1482 1211 congregati
1502 1175 1673 1204 laetabantur.
1694 1172 1723 1199 in

935 1223 1066 1250 honorem
1087 1228 1239 1258 martyrum
1265 1221 1349 1249 ferias
1374 1224 1495 1256 agentes.
1521 1219 1625 1247 Etenim
1639 1218 1723 1246 etiam

934 1270 986 1297 hoc
1002 1270 1130 1297 nimirqu
1148 1276 1254 1305 magnae
1267 1268 1408 1303 sapientiae
1423 1271 1504 1301 atque
1530 1265 1648 1293 solertia:
1663 1264 1723 1298 ejus

934 1318 1131 1344 documentum
1152 1320 1210 1348 est,
1236 1315 1309 1351 quod
1330 1322 1392 1342 cum
1418 1321 1514 1354 omnes
1536 1319 1592 1340 suae
1609 1318 1723 1346 prorsus

935 1363 1024 1391 aetatis
1037 1371 1070 1390 ac
1080 1362 1169 1398 gentis
1187 1362 1311 1390 homines
1329 1361 1362 1388 ad
1379 1367 1478 1387 novum
1492 1358 1553 1385 vitae
1569 1357 1723 1385 institutum

935 1409 1157 1440 transformarct.
1183 1412 1210 1435 et
1232 1411 1362 1442 tanquam
1378 1405 1472 1440 auriga
1488 1404 1599 1439 quidam
1619 1407 1724 1430 naturae

939 1453 1087 1488 praefectus
1103 1452 1164 1480 fidei
1181 1459 1213 1479 ac
1225 1451 1274 1479 Dei
1290 1450 1441 1487 agnitionis
1466 1449 1550 1477 frenis
1569 1456 1617 1476 eos
1637 1447 1723 1475 firmi-

935 1503 976 1527 ter
991 1499 1159 1534 subjugaret,
1182 1497 1352 1532 indulgebat,
1375 1501 1405 1523 ut
1429 1495 1570 1530 paululum
1593 1492 1724 1529 quiddam

94 1539 130 1566 ἂν
147 1540 177 1566 τὸ
193 1542 398 1576 προηγούμενον
412 1542 480 1574 τέως
496 1544 525 1569 εν
548 1544 640 1576 αὐτοῖς
653 1543 768 1579 μάλιστα
785 1552 884 1579 κατορ-

937 1544 1039 1572 subditi
1053 1543 1178 1578 subjugo
1191 1543 1252 1570 fidei
1264 1542 1356 1570 laetitia
1364 1542 1544 1569 exsultarent.
1556 1539 1625 1567 Cum
1636 1539 1725 1566 anim-

94 1585 206 1621 θωοείη,
224 1586 254 1612 τ’)
267 1587 335 1622 πρὸς
346 1587 412 1614 Θεὸν
428 1588 487 1614 ἀντὶ
500 1588 554 1615 τῶν
572 1588 693 1624 ματαίων
707 1589 886 1624 σεϐασμάτων

95 1630 217 1665 βλέπειν,
234 1632 375 1667 ἐπαφῆκεν
387 1634 478 1665 αὐτοῖς
491 1635 550 1665 ταῖς
563 1634 617 1660 τῶν
635 1634 719 1667 ἁγίων
740 1634 885 1670 μαρτύρων

94 1675 328 1712 ὲμφαιδρύνεσθαι
344 1678 475 1713 μνήμαις,
489 1678 535 1704 καὶ
554 1679 692 1711 εὐπαθεῖν,
710 1679 756 1705 καὶ
769 1678 885 1712 ἀγάλλε-

95 1721 171 1753 σθαι,
187 1722 224 1753 ὡς
236 1723 324 1759 χρόνῳ
337 1723 402 1750 ποτὲ
414 1724 483 1751 κατά
497 1725 527 1751 τὺ
539 1725 691 1760 αὐτόματον
702 1726 770 1761 πρὸς
787 1727 884 1762 σεμνό-

94 1768 176 1803 τερόν
202 1777 231 1795 τε
255 1770 301 1796 καὶ
322 1771 517 1806 ἀκριϐέστερον
550 1772 801 1808 μετατεθησομένου
837 1773 884 1800 τοῦ

95 1813 169 1847 βίου,
189 1815 236 1841 καὶ
259 1816 327 1851 πρὸς
348 1816 435 1843 ἐκεῖνο
456 1817 664 1852 καθηγουμένης
684 1818 735 1852 τῆς
756 1818 884 1851 πίστεως,

95 1858 167 1895 ὅπερ
180 1859 212 1895 δὴ
226 1861 272 1886 καὶ
287 1862 316 1887 ὲν
329 1862 385 1893 τοῖς
397 1861 505 1893 πολλοῖς
528 1862 579 1897 ἤδη
594 1862 772 1898 κατωρθώθη,
795 1864 885 1898 πάσης

98 1905 232 1940 θυμηδίας
242 1907 295 1934 ἀπὸ
308 1907 364 1934 τῶν
383 1907 428 1934 τοῦ
442 1908 566 1942 σώματος
577 1908 662 1944 ἡδέων
681 1909 749 1944 πρὸς
760 1910 790 1936 τὸ
804 1919 885 1936 πνευ-

100 1952 214 1986 ματικὸν
224 1951 274 1988 τῆς
286 1953 453 1989 εὐφροσύνης
470 1952 538 1986 εἶδος
558 1954 761 1990 μετατεθείσης.

938 1589 1102 1617 advertisset
1118 1590 1191 1616 enim
1211 1588 1285 1623 quod
1302 1591 1413 1623 propter
1425 1586 1552 1621 corporis
1569 1585 1726 1620 voluptates

936 1635 1053 1670 simplex
1066 1638 1094 1662 et
1108 1634 1265 1669 imperitum
1280 1633 1379 1668 vulgus
1396 1633 1424 1659 in
1440 1639 1535 1660 errore
1559 1630 1725 1658 simulacro-

934 1689 996 1708 rum
1013 1680 1106 1708 cultus
1115 1682 1299 1715 permaneret,
1311 1686 1366 1714 quo
1379 1677 1498 1705 maxime
1514 1676 1553 1708 id,
1570 1675 1642 1711 quod
1654 1682 1725 1710 pra:-

934 1727 1044 1762 sipuum
1058 1729 1116 1757 est,
1131 1725 1241 1752 interim
1265 1724 1293 1751 in
1308 1724 1343 1752 iis
1357 1728 1561 1758 assequeretur,
1577 1728 1674 1755 nempe
1691 1723 1722 1747 ut

938 1773 1018 1799 vanis
1030 1771 1274 1807 superstitionibus
1294 1770 1397 1797 relictis
1421 1768 1454 1796 ad
1477 1768 1562 1795 Deum
1585 1770 1727 1794 converte-

939 1823 1043 1850 rentur,
1061 1817 1187 1853 permisit
1202 1817 1260 1848 eis,
1284 1821 1312 1843 ut
1328 1816 1356 1844 in
1383 1814 1543 1842 memoriam
1569 1816 1727 1840 sanctormu

939 1868 1089 1900 martyrum
1109 1872 1171 1891 sese
1191 1863 1378 1891 exhilararent
1403 1860 1632 1890 et.oblectarent,
1647 1862 1729 1892 atque

939 1912 967 1938 in
986 1911 1108 1938 laetitiam
1129 1909 1336 1938 effunderentur
1359 1918 1366 1935 :
1384 1907 1457 1942 quod
1477 1913 1610 1935 successu
1625 1909 1727 1939 tempo-

938 1958 978 1985 ris
992 1956 1142 1991 aliquando
1157 1956 1279 1983 futurum
1289 1958 1412 1985 esset,ut
1429 1960 1478 1981 sua
1494 1955 1593 1987 sponte
1606 1950 1730 1978 homines

99 1997 135 2024 ad
147 1998 329 2026 honestiorem
341 2004 367 2027 et
382 2000 547 2027 exactiorem
561 2000 621 2027 vitm
636 2001 769 2027 rationem
790 2002 951 2034 transirent,
977 2002 1128 2037 prtesertim
1154 2009 1217 2029 cum
1241 2000 1325 2028 etiam
1351 1999 1417 2027 fides
1437 1999 1470 2025 ad
1490 1998 1564 2025 illam
1583 2003 1638 2023 rem
1658 1995 1729 2021 viam

99 2048 323 2078 praemonstraret
340 2054 345 2071 :
362 2053 423 2080 qua:
438 2053 481 2073 res
500 2046 628 2072 nimirum
646 2046 702 2081 jam
716 2046 798 2073 etiam
815 2046 841 2073 in
863 2048 1001 2083 plerisque
1015 2047 1150 2075 successit
1165 2051 1249 2081 atque
1261 2044 1386 2073 confecta
1402 2046 1454 2075 est.
1467 2042 1540 2070 omni
1558 2041 1697 2075 voluptate
1713 2046 1731 2067 τι

99 2091 226 2125 corporis
244 2091 450 2119 oblectamentis
468 2093 499 2119 ad
519 2092 687 2127 spiritualem
706 2093 803 2120 laetitia:
822 2093 936 2120 fortnam
951 2094 1085 2121 traducta.

135 2137 237 2164 Τοῦτον
248 2137 277 2164 δὲ
293 2138 337 2164 τὸν
351 2139 450 2174 τρόπον
467 2139 711 2174 ἐμπολιτευόμενος
722 2140 756 2174 τῇ
773 2139 888 2174 Ἐκκλη-

978 2141 1047 2168 Cum
1064 2144 1153 2167 autem
1168 2139 1219 2166 hoc
1233 2138 1314 2165 modo
1327 2145 1357 2165 se
1374 2139 1492 2172 gereret,
1507 2138 1535 2163 et
1552 2140 1666 2161 munere
1679 2140 1732 2161 suo

97 2181 159 2218 σία,
176 2184 221 2209 καὶ
241 2184 359 2220 σπουδὴν
385 2184 454 2218 ἔχων
484 2184 537 2218 πρὸ
555 2184 604 2219 τῆς
620 2186 651 2210 ὲκ
667 2184 714 2211 τοῦ
733 2185 790 2219 βίου
808 2194 884 2220 μετα-

944 2186 1104 2222 fungeretur
1120 2186 1146 2212 in
1156 2183 1278 2213 Ecclesia
1294 2181 1526 2212 administranda,
1539 2184 1567 2208 et
1581 2183 1729 2214 antequam

99 2229 224 2260 στάσεως
237 2229 341 2261 πάντας
359 2231 421 2256 ἰδεῖν
438 2231 505 2265 πρὸς
517 2230 564 2265 τὴν
583 2231 714 2265 σωτήριον
735 2231 823 2257 πίστιν
839 2231 893 2258 ἀπὸ

96 2275 157 2302 τῶν
180 2275 295 2302 εἰδώλων
319 2276 498 2311 μεταθέντας”
527 2276 620 2310 ἐπειδὴ
649 2277 772 2311 προέγνω
795 2276 892 2303 ἑαυτοῦ

99 2321 152 2356 τὴν
177 2321 352 2357 μετάστασιν,
367 2322 468 2357 σπουδῇ
501 2322 589 2348 πᾶσαν
614 2330 643 2348 τε
659 2321 708 2356 τὴν
742 2321 894 2356 περιοικίδα

98 2368 308 2403 ὂιηρευνήσατο.
327 2368 421 2402 μαθεῖν
439 2368 523 2395 Θέλων
541 2369 567 2394 εἴ
590 2377 662 2400 τινες
689 2367 743 2394 εἶεν
764 2369 788 2394 οἱ
821 2377 894 2404 περι-

100 2412 258 2447 λειφθέντες
284 2412 336 2445 Eia)
367 2415 413 2448 τῆς
444 2413 569 2448 πίστεως.
588 2413 663 2439 Ἐπεὶ
683 2411 729 2439 οὖν
749 2412 818 2447 ἔγνω
831 2413 893 2444 τοὺς

101 2459 371 2494 παραμεμενηκότας
387 2461 418 2494 τῇ
433 2460 533 2494 ἀρχαία
544 2459 631 2495 πλάνῃ
648 2460 684 2494 μὴ
700 2459 808 2491 πλείους
824 2457 894 2485 εἶναι

100 2506 159 2533 τῶν
187 2506 381 2537 ἑπτακαίδεκα,
398 2506 564 2541 Σκυθρωπὺν
581 2506 630 2540 μὲν
652 2506 699 2532 καὶ
725 2505 813 2537 τοῦτο,
828 2506 894 2541 φησὶ

102 2552 174 2587 πρὸς
188 2552 233 2579 τὸν
249 2551 313 2578 Θεὸν
330 2551 494 2586 ἀποϐλέψας,
509 2552 539 2578 τὸ
553 2551 639 2578 λιπεῖν
652 2560 678 2577 τι
693 2551 732 2586 τῷ
744 2551 798 2577 τῶν
812 2550 894 2583 σωζο-

104 2598 196 2634 μένων
223 2598 396 2634 πληρώματι.
411 2598 484 2633 Πλὴν
495 2597 562 2624 ἀλλὰ
577 2596 698 2633 μεγάλης
721 2598 894 2632 εὐχαριστίας

103 2643 182 2675 ἄξιον
195 2662 203 2674 ,
219 2643 260 2669 ὃτι
276 2643 419 2675 τοσούτους
439 2642 598 2669 καταλείπει
623 2642 686 2673 τοὺς
701 2641 895 2677 εἰδωλολάτραις

102 2689 144 2723 τῷ
159 2689 217 2724 μετ’
227 2688 308 2716 αὺτὸν
321 2689 490 2724 ὲκδεχομένῳ
503 2689 551 2724 τὴν
572 2688 745 2724 Ἐκκλησίαν,
755 2688 833 2720 ὅσους
847 2688 896 2714 αύ-

105 2735 152 2767 τὺς
178 2735 358 2770 Χριστιανοὺς
387 2735 543 2767 ὑπεδέξατο.
570 2734 768 2769 Ἐπευξάμενος
789 2734 818 2760 δὲ
840 2735 896 2766 τοῖς

104 2789 136 2806 τε
165 2780 373 2808 πεπιστευκόσιν
387 2781 436 2816 ἤδη
460 2781 508 2816 τὴν
535 2781 574 2812 εἰς
602 2780 632 2807 τὸ
658 2780 757 2807 τέλειον
772 2779 896 2815 αὔξησιν,

106 2827 156 2853 καὶ
171 2827 221 2863 τὴν
238 2826 404 2863 ἐπιστροφὴν
425 2828 481 2858 τοῖς
497 2826 631 2858 ἀπίστοις,
648 2825 718 2852 οὕτω
732 2825 777 2852 τοῦ
789 2824 895 2861 ἀνθρω-

943 2232 1087 2259 excederet
1104 2231 1169 2260 vita.
1184 2233 1297 2265 cuperet
1311 2235 1407 2256 omnes
1431 2234 1446 2254 a
1463 2225 1620 2254 simulacris
1638 2224 1672 2251 ad
1684 2231 1733 2251 53-.

944 2277 1060 2303 lutarem
1076 2275 1154 2303 fidem
1169 2275 1262 2301 videre
1273 2279 1437 2303 conversos,
1464 2270 1513 2298 ubi
1527 2276 1608 2297 suum
1626 2269 1731 2296 obitum

944 2320 1103 2355 praesensit,
1131 2319 1255 2347 studiose
1287 2317 1487 2351 diligenterque
1520 2318 1606 2341 totam
1637 2312 1731 2340 urbem

944 2374 1095 2402 agrumque
1107 2365 1181 2392 circa
1196 2364 1316 2391 vicinum
1334 2365 1535 2397 perscrutatur.
1551 2360 1621 2387 scire
1636 2359 1733 2386 volens

944 2413 1024 2448 eoqui
1040 2413 1129 2440 adhuc
1152 2415 1246 2439 essent
1265 2414 1343 2438 extra
1359 2409 1438 2436 ﬁdem
1462 2407 1562 2435 relicti.
1588 2405 1624 2433 Ut
1650 2405 1734 2440 igitur

945 2460 1083 2495 cognovit,
1100 2467 1153 2486 non
1170 2459 1262 2493 plures
1278 2454 1474 2491 septemdecim
1491 2461 1562 2485 esse,
1579 2453 1625 2487 qui
1645 2452 1672 2478 in
1684 2459 1734 2478 an-

945 2505 1022 2540 tiquo
1033 2513 1125 2532 errore
1136 2503 1354 2539 permansissent
1366 2511 1372 2529 :
1383 2501 1518 2528 Acerbum
1529 2499 1637 2534 quidem
1651 2498 1732 2524 etiam

945 2552 1012 2583 hoc.
1039 2552 1128 2586 inquit
1156 2551 1188 2577 ad
1211 2550 1295 2577 Deum
1318 2546 1484 2582 suspiciens,
1508 2545 1604 2572 deesse
1628 2542 1734 2577 aliquid

945 2603 1040 2623 eorum
1066 2594 1248 2630 plenitudini,
1277 2593 1324 2628 qui
1349 2595 1503 2619 servantur.
1537 2588 1734 2616 Verumtamen

947 2648 1043 2676 magna
1059 2641 1208 2676 gratiarum
1228 2638 1337 2666 actione
1352 2637 1462 2672 dignam
1482 2643 1540 2662 rem
1555 2641 1616 2661 esse
1630 2633 1731 2665 aiebat,

946 2687 1019 2722 quod
1042 2685 1156 2713 totidem
1181 2684 1391 2712 simulacrorum
1411 2681 1532 2709 cultores
1564 2679 1733 2712 relinqueret

946 2732 982 2764 ei,
993 2732 1038 2767 qui
1054 2731 1105 2758 sibi
1120 2737 1301 2758 successurus
1313 2732 1387 2756 esset
1402 2727 1429 2754 in
1442 2725 1577 2755 Ecclesia.
1588 2727 1655 2759 quot
1673 2723 1736 2757 ipso

947 2777 1119 2805 Christianos
1134 2776 1287 2810 accepisset
1307 2783 1312 2801 :
1328 2777 1455 2809 precatus
1470 2776 1566 2799 autem
1583 2776 1612 2798 ct
1627 2770 1671 2801 iis,
1685 2768 1735 2803 qui

941 2824 1002 2859 'janl
1020 2822 1217 2855 credidissent,
1243 2821 1442 2849 incrementum
1467 2818 1500 2846 ad
1523 2816 1735 2852 perfectionem.
