1917 3079
223 102 278 133 955

223 210 342 236 humana
359 210 392 236 ad
409 210 494 238 Deum
520 211 638 246 migrat,
662 213 819 242 obtestatus
839 217 1012 245 necessarios

222 262 299 286 suos,
318 262 351 281 ue
367 255 531 289 peculiarem
548 256 601 284 sibi
623 257 714 285 locum
735 261 884 294 sepultura:
902 270 1013 298 compa-

223 304 324 326 ναι-ειη.
342 301 407 327 Nam
428 301 452 328 si
472 302 550 330 vivus
566 303 668 331 nullius
691 304 743 332 loci
767 306 896 336 dominus
917 310 1010 337 vocari

224 346 364 377 voluisset,
380 347 427 373 sed
444 348 470 374 iu
487 348 585 375 alienis
601 352 732 384 tanquam
748 350 901 386 inquilinus
912 358 938 381 et
952 362 1014 389 per«

223 392 335 426 cgriuus
359 392 486 422 habitans
501 395 583 421 vitam
601 396 789 432 transegisset,
811 406 845 426 ne
863 404 924 434 post
938 408 1012 428 mor-

224 442 276 463 tt-tn
290 438 399 472 quidem
411 445 525 473 prorsus
540 439 734 474 inquilinatum
748 441 799 470 sibi
814 443 943 472 dedecori
956 444 1015 472 fore

224 488 318 517 putare
334 493 339 510 :
354 483 405 510 Sed
415 485 571 518 insequenti,
594 486 693 521 inquit,
711 488 809 515 macula
822 488 896 523 fama
915 490 1013 524 proda-

224 534 277 560 tur,
294 529 362 561 quod
374 529 512 564 Gregorius
526 539 571 558 nec
583 532 667 559 virens
683 533 788 568 quidem
802 534 834 560 ab
852 535 941 571 aliqua
956 536 1014 564 loco

223 576 421 608 cognominatus
437 577 482 607 sit,
496 582 519 603 et
534 582 594 610 post
609 582 719 605 mortem
730 579 879 607 alienorum
895 581 1013 619 locorum

224 617 301 650 fuerit
316 619 468 652 inquilinus,
480 629 539 647 cum
547 621 580 647 ab
593 623 664 649 omni
675 627 776 650 terrena
786 627 949 658 possessione
959 636 1015 655 sese

225 665 406 696 abstinuisset,
433 666 496 692 adeo
511 672 538 693 ut
566 676 597 695 ne
619 669 724 702 sepeliri
741 670 847 704 quidem
864 672 892 698 in
906 674 1014 708 proprio

224 709 280 735 [μω
307 711 481 743 sustinuerit;
515 713 600 740 solam
626 716 694 741 enim
721 716 798 743 illaut
823 719 1013 751 possessionem

223 757 366 788 pretiosum
392 763 417 784 et
437 759 609 791 expetendam
629 768 748 794 putasse,
770 771 829 797 qum
861 764 966 798 fraudis
989 771 1013 792 et

225 804 344 829 (tt'ttrilitl'
365 805 501 838 vestigium
519 806 545 831 in
566 814 622 833 sese
650 815 703 834 non
724 809 851 836 admittit.
878 810 1013 839 Cancrum

224 848 296 881 quod
317 850 441 876 universa
461 855 572 885 repente
588 854 662 880 natio
680 861 694 880 a
715 854 874 883 Grzeranica
892 859 1013 885 vanitate

224 895 255 920 al
287 896 452 929 agnitionem
482 899 605 927 veritatis
634 900 759 927 traducta
783 907 839 935 est,
862 904 1013 933 admiretur

224 941 332 974 quidem
347 943 503 977 quicunque
522 945 572 971 hoc
586 946 720 981 scriptum
740 948 827 983 leget;
851 957 932 977 nemo
949 959 1013 979 vero

225 988 304 1013 tidem
321 988 457 1021 detrahat,
473 991 519 1017 sed
544 991 576 1018 ad
594 992 802 1028 dispositionem
818 1001 901 1031 atque
917 998 1012 1025 consi-

225 1034 289 1059 lium
311 1035 449 1068 respiciat.
467 1044 522 1070 quo
536 1041 609 1064 tanta
629 1040 745 1067 mutatio
764 1041 834 1068 facta
850 1047 893 1070 est
904 1051 1012 1078 eorum,
1044 1047 1048 1050 “

223 1080 269 1113 qui
290 1087 303 1105 a
321 1081 464 1107 mendacio
481 1083 513 1109 ad
539 1084 682 1112 veritatem
707 1086 824 1114 traducti
840 1093 913 1117 sunt.
944 1090 1011 1118 Nam

223 1124 295 1158 quod
311 1125 337 1151 in
354 1126 450 1160 primis
467 1128 613 1156 sacerdotii
631 1130 692 1164 ejus
712 1134 881 1167 temporibus
900 1135 1012 1168 accidit,

223 1171 295 1203 quod
311 1170 344 1196 ad
365 1171 469 1206 reliqua
486 1174 618 1201 miracula
640 1174 775 1204 festinans
791 1178 881 1205 0raIio
903 1184 1013 1214 praeter-

225 1216 308 1246 misit.
327 1224 399 1243 nunc
415 1219 558 1252 repetitum
580 1224 662 1255 atque
682 1228 851 1258 resumptum
864 1232 1011 1260 exponam.

224 1261 310 1289 Ferize
325 1264 447 1297 quaedam
463 1266 578 1298 publicae
590 1271 616 1293 et
632 1268 803 1296 universales
816 1275 894 1297 erant
909 1271 936 1298 in
947 1273 1013 1301 urbe

222 1308 338 1336 dmmoni
353 1310 461 1337 cuidam
478 1310 639 1345 domestico,
656 1315 746 1348 patrio
773 1316 891 1349 quodam
906 1317 960 1345 ritu
980 1326 1013 1346 ac

224 1361 298 1382 more
312 1355 426 1383 solemni
443 1357 575 1384 celebrari
588 1364 737 1392 consuetae,
753 1361 785 1388 ad
800 1370 869 1397 quas
882 1371 934 1390 una
949 1371 1012 1391 cum

224 1400 339 1429 urbanis
362 1401 542 1431 celebrandas
572 1404 700 1432 universa
724 1408 920 1442 propemodum
946 1418 1013 1446 gens

223 1456 255 1475 ex
270 1452 326 1475 tota
349 1457 380 1476 ea
405 1450 515 1484 regione
537 1450 692 1479 conﬂuebat
718 1463 725 1480 :
747 1458 830 1489 atque
846 1463 942 1483 eorum
965 1458 1013 1493 qui

224 1499 432 1526 concurrerant,
448 1496 582 1523 theatrum
600 1498 710 1532 plenum
725 1504 793 1532 crat,
808 1506 835 1528 et
848 1509 955 1534 eorum,
965 1504 1012 1538 qui

225 1542 354 1575 postremi
369 1541 546 1575 allluxcrant.
568 1544 716 1572 multitudo
731 1546 871 1575 subselliis
892 1548 1014 1585 undique

223 1585 483 1621 superfundebatur,
503 1592 585 1623 atque
599 1590 728 1618 omnibus
745 1591 778 1618 ad
795 1594 952 1627 spectacula
972 1598 1014 1621 at-

223 1640 277 1667 que
309 1637 465 1661 acroamata
494 1635 666 1663 orchestram
701 1637 802 1665 intueri
824 1639 1012 1675 cupientibus,

224 1679 304 1713 plena
320 1683 380 1705 erat
397 1687 479 1707 scena
501 1682 636 1709 tumultus
654 1687 681 1709 et
698 1685 901 1718 trepidationis,
920 1687 1013 1714 irrita-

224 1732 277 1760 que
290 1725 534 1761 praestigiatoribus
554 1728 775 1765 mirabiliumque
792 1734 1013 1765 spectaculorum

224 1770 378 1799 artiﬁcibus
392 1772 550 1803 ostentatio.
571 1773 690 1801 tumultu
712 1782 774 1802 sese
794 1780 890 1804 mutuo
907 1779 1013 1806 consti-

225 1816 348 1851 pautium
380 1824 434 1844 non
460 1817 542 1845 modo
565 1818 777 1847 oblectationem
795 1822 907 1849 musica:
930 1823 1015 1858 impe-

224 1862 326 1894 diente,
339 1861 386 1888 sed
401 1867 435 1889 ne
446 1862 658 1891 circulatoribus
671 1864 816 1899 quidemet
830 1867 1013 1902 praestigiato-

226 1908 303 1935 ribus
312 1914 377 1934 suas
387 1911 460 1935 artes
470 1909 626 1936 ostentandi
635 1913 742 1941 tempus
753 1912 930 1941 concedente.
944 1914 1013 1942 Tum

225 1961 290 1980 vero
306 1954 460 1981 communis
483 1955 517 1981 ab
540 1956 615 1982 omni
632 1957 810 1986 multitudine
825 1961 946 1994 erumpit
962 1969 1014 1988 vox

225 2000 438 2031 dzemonem.cui
453 1999 525 2028 diem
539 2000 640 2029 festum
652 2003 779 2037 agebant.
796 2004 1013 2039 implorantium,

225 2051 253 2075 ct
268 2047 302 2075 ab
313 2047 360 2074 illo
372 2047 424 2074 sibi
437 2046 575 2074 laxitatem
589 2047 646 2075 ﬁeri
659 2049 818 2083 petentium.
832 2049 1013 2087 Posteaquam

224 2097 314 2120 autem
337 2093 466 2121 omnibus
483 2093 565 2120 simul
590 2093 768 2128 loquentibus
798 2094 824 2121 in
846 2096 932 2123 altum
961 2104 1014 2123 vox

224 2139 382 2171 tollebatur,
400 2146 431 2166 ac
445 2140 530 2168 totius
547 2139 670 2168 civitatis
684 2140 768 2167 veluti
788 2141 871 2168 unius
884 2143 941 2169 oris
955 2151 1014 2170 ser-

842 110 871 137 s.
902 110 1064 141 cnsconn
1094 109 1240 144 NYSSENI
1818 124 1864 151 θεῖ

221 168 248 190 et
264 162 414 191 incredulis
437 163 644 193 conversionem
655 186 663 199 ,
691 166 728 194 ita
748 166 881 204 (tandem)
905 177 939 197 ex
955 171 1011 199 vita
1026 175 1048 203 Α
1063 174 1141 201 πίνου
1157 174 1215 210 βίου

1232 176 1299 211 πρὸς
1318 177 1364 204 τὸν
1384 178 1450 204 Θεὸν
1471 180 1680 214 μετανίσταται,
1707 182 1864 217 Eutr/.1344;

1062 221 1119 252 τοῖς
1132 221 1303 257 ἐπιτηδείοις,
1320 224 1358 259 μὴ
1375 226 1526 260 κτήσασθαι
1541 227 1624 253 τόπον
1640 228 1720 263 αὑτῷ
1733 228 1805 264 πρὸς
1820 238 1863 255 :1-

1064 265 1116 300 φὴν
1135 266 1278 298 ἰδιάζοντα.
1296 269 1327 295 Εἰ
1350 269 1404 304 γὰρ
1420 271 1490 303 ζῶν,
1516 271 1611 307 κύριος
1626 272 1766 308 κληθῆναι
1785 275 1864 301 τόπου

1063 311 1136 343 τινὸς
1148 313 1197 339 οὐκ
1218 313 1338 346 ἐδέξατο,
1354 315 1422 342 ἀλλὰ
1451 318 1592 352 παροικῶν
1603 318 1633 345 ἐν
1648 318 1810 354 ἀλλοτρίοις
1822 320 1864 346 τὸν

1065 357 1122 392 βίον
1143 357 1282 394 διήγαγεν,
1300 361 1361 388 οὐδὲ
1384 362 1451 396 μετὰ
1468 363 1582 391 θάνατον
1596 366 1629 400 τῇ
1644 365 1783 400 παροικία
1798 366 1863 392 πάν-

1063 412 1118 436 τως
1132 404 1380 441 ἐπαισχυνθήσεται
1395 416 1402 423 υ
1422 409 1497 436 Ἀλλ’
1518 410 1607 443 ἔστω,
1623 412 1693 446 φησὶ
1703 433 1711 442 ,
1729 411 1772 444 τῷ
1793 414 1865 446 μετὰ

1064 449 1157 477 ταῦτα
1168 451 1227 483 ,βίῳ
1238 451 1376 487 διήγημα,
1391 454 1436 480 ὅτι
1451 456 1613 489 Γρητόριος
1635 456 1709 483 οὔτε
1734 456 1795 486 ζῶν
1816 457 1863 483 ἑπ-

1064 495 1223 530 ωνομάσθη
1234 498 1314 531 τόπῳ
1326 498 1393 529 τινὶ,
1408 499 1456 525 καί
1464 499 1539 534 μετὰ
1551 500 1683 527 θάνατον
1694 502 1866 536 ἁλιοτρίων

1064 539 1166 575 τάφων
1182 541 1300 576 ἐγένετο
1327 544 1480 578 πάροικος,
1496 545 1598 579 πάσης
1615 546 1671 580 τῆς
1699 547 1737 573 ἐν
1761 547 1802 581 τῇ
1831 547 1864 581 γῇ

1065 586 1199 620 κτήσεως
1212 588 1321 615 ἑαυτὸν
1336 590 1525 625 ἀποστήσας,
1543 592 1583 625 ὡς
1599 593 1678 627 μηδὲ
1694 593 1865 627 ἐνταφῆναι

1067 632 1129 665 ἰδίῳ
1139 633 1355 666 καταδέξασθαι
1367 637 1447 669 τόπῳ
1457 646 1463 652 ·
1475 638 1573 671 μόνην
1588 639 1644 674 γὰρ
1655 638 1742 671 αὐτῷ
1758 639 1867 673 κτῆσιν

1066 679 1165 713 τιμίαν
1186 678 1262 707 εἴναι
1278 681 1398 715 ἔκρινεν
1411 683 1533 717 ἐκείνην
1544 704 1552 716 ,
1569 684 1588 718 ἢ
1604 685 1796 718 πλεονεξίας
1825 686 1865 719 ἐρ’

1065 724 1177 758 ἑαυτῆς
1190 726 1275 761 ἴχνος
1291 728 1328 754 οὐ
1354 728 1481 762 δέχεται.
1499 730 1554 765 Τὴν
1578 731 1607 757 δὲ
1637 731 1748 766 ἀθρόαν
1770 733 1868 763 naves;

1065 769 1112 797 τοῦ
1127 770 1219 803 ἔθνους
1236 772 1401 807 μετάστασιν
1412 775 1465 801 ἀπὸ
1477 777 1526 811 τῆς
1541 777 1705 813 Ἑλληνικῆς
1719 779 1868 813 ματαιότη-

1065 825 1111 848 τος
1122 817 1162 849 είς
1173 817 1222 853 τὴν
1235 819 1382 853 ἐπίγνωσιν
1402 820 1453 855 τῆς
1473 821 1602 856 ἀληθείας
1616 823 1794 858 θαυμαζέτω
1809 823 1867 850 ἕκα-

1069 871 1130 894 στος
1143 863 1197 889 τῶν
1215 865 1432 900 ἐντυγχανόντων
1448 866 1486 902 τῷ
1511 867 1592 903 λόγῳ,
1609 870 1657 895 καὶ
1685 869 1790 905 μηδεὶς
1808 870 1866 896 ἀει-

1068 909 1164 936 στείτω
1184 910 1251 945 πρὸς
1265 911 1314 946 τὴν
1337 912 1493 947 οἰκονομίαν
1510 913 1626 947 βλέπων,
1640 915 1674 941 δι’
1698 913 1734 951 ἧς

1067 956 1084 990 ἡ
1115 957 1233 993 τοσαύτη
1262 958 1396 994 μεταϐολὴ
1420 961 1474 986 τῶν
1496 962 1720 997 μετατιθεμένων
1749 963 1807 989 ἀπὸ
1825 963 1866 989 to;

1066 1002 1180 1037 ψεύδους
1197 1003 1265 1038 πρὸς
1279 1004 1328 1039 τὴν
1345 1005 1483 1040 ἀλήθειαν.
1498 1007 1535 1033 Τὸ
1549 1006 1604 1043 γὰρ
1625 1008 1655 1033 ὲν
1670 1009 1731 1040 τοῖς
1752 1008 1867 1044 πρώτοις

1067 1048 1150 1075 αὐτοῦ
1166 1049 1216 1084 τῆς
1232 1050 1380 1085 ἱερωσύνης
1392 1052 1573 1087 γεγενημένον
1587 1053 1706 1088 χρόνοις,
1722 1055 1796 1089 ὅπερ
1807 1055 1867 1089 πρὸς

1066 1092 1101 1119 τὰ
1116 1093 1198 1120 λοιπὰ
1221 1094 1276 1120 τῶν
1298 1095 1443 1130 θαυμάτων
1468 1097 1645 1132 ἐπειγόμενος
1659 1100 1674 1125 ὁ
1696 1098 1782 1132 λόγος
1801 1109 1865 1135 παρ-

1067 1139 1178 1175 έδραμε,
1195 1139 1243 1167 νῦν
1263 1141 1442 1168 ὲπαναλαῦὼν
1460 1142 1639 1179 διηγήσομαι.
1657 1144 1762 1179 Ἐορτὴ
1780 1153 1822 1176 τις
1837 1143 1865 1179 ἦν

1758 916 1867 950 γέγονεν

1067 1183 1207 1219 πάνδημος
1222 1186 1251 1211 ὲν
1278 1187 1310 1220 τῇ
1340 1186 1426 1218 πόλει,
1447 1188 1555 1223 δαίμονί
1572 1197 1627 1215 τινι
1652 1189 1710 1216 τῶν
1727 1190 1866 1224 ὲγχωρῖων

1067 1229 1139 1256 κατά
1152 1238 1178 1256 τι
1202 1230 1315 1266 πάτριον
1335 1231 1466 1267 ἀγομένη.
1483 1233 1555 1268 Πρὸς
1564 1233 1668 1269 ταύτην
1687 1234 1767 1261 ἆπαν
1781 1235 1865 1269 σχεδὸν

1068 1276 1194 1311 συνέρρει
1211 1276 1241 1302 τὸ
1259 1276 1345 1308 ἔθνος,
1356 1277 1405 1312 τῆς
1421 1277 1513 1313 χώρας
1528 1279 1617 1313 πάσης
1630 1280 1865 1315 συνεορταζούσης

1066 1323 1099 1357 τῇ
1115 1323 1200 1349 πόλει.
1221 1323 1414 1358 Ἐπεπλὴρωτο
1437 1324 1465 1350 δὲ
1479 1324 1533 1351 τῶν
1557 1325 1825 1361 συνδεδραμηκότων
1839 1328 1864 1352 τδ

1068 1368 1190 1405 θέατρον,
1209 1369 1255 1395 καὶ
1273 1369 1431 1404 ὑπερεχεῖτο
1451 1371 1618 1405 πανταχόθεν
1638 1372 1713 1407 ὑπὲρ
1733 1373 1786 1404 τὰς
1805 1373 1864 1398 καθ-

1068 1413 1147 1449 έδρας
1165 1413 1219 1440 τῶν
1234 1415 1418 1450 ἐπιρῤυέντων
1434 1415 1465 1441 τὸ
1478 1415 1590 1450 πλῆθος,
1606 1417 1656 1443 καὶ
1671 1417 1788 1443 πάντων
1807 1418 1866 1452 περὶ

1067 1459 1101 1486 τὰ
1116 1459 1240 1494 θεάματά
1258 1461 1350 1487 τεκαὶ
1374 1461 1538 1496 ἀκροάματα
1560 1462 1629 1497 πρὸς
1645 1461 1697 1497 τὴν
1713 1462 1866 1497 ὀρχήστραν

1067 1505 1231 1531 ἀποῦλέπειν
1254 1505 1485 1541 προθυμουμένων
1498 1526 1505 1537 ,
1521 1505 1636 1541 θορύϐου
1653 1506 1767 1542 πλήρης
1792 1504 1827 1541 ἦν
1851 1508 1864 1540 ἡ

1068 1551 1165 1585 σκηνὴ,
1180 1552 1227 1577 καὶ
1251 1551 1391 1585 ἄπρακτος
1417 1551 1522 1585 ἐγίνετο
1536 1553 1592 1583 τοῖς
1617 1551 1865 1586 θαυματοποιοίςή

1067 1596 1206 1628 ἐπίδειξις,
1222 1597 1272 1631 τῆς
1288 1597 1410 1632 ταραχῆς
1424 1597 1478 1623 τῶν
1495 1597 1762 1632 στενοχωρουμένων
1776 1598 1809 1623 οὐ
1829 1598 1867 1631 p.6-

1067 1651 1111 1669 νον
1128 1643 1177 1677 τὴν
1191 1642 1339 1669 ἀπόλαυσιν
1356 1642 1405 1677 τῆς
1429 1643 1563 1678 μουσικῆς
1579 1642 1800 1677 ὲπικοπτούσης,
1812 1643 1867 1668 ἀλλ’

1067 1685 1128 1712 οὔτε
1149 1687 1205 1717 τοῖς
1222 1686 1433 1721 θαυματοποιοῖς
1455 1686 1610 1721 ἐνδιδούσης
1629 1686 1729 1721 καιρὸν
1745 1686 1781 1712 τὰ
1809 1687 1868 1712 ἑαν-

1067 1731 1121 1758 τῶν
1150 1731 1361 1758 ἐπιδείκνυσθαι.
1390 1731 1474 1757 Ἔνθα
1499 1731 1527 1757 δὲ
1555 1730 1633 1765 κοινὴ
1660 1730 1740 1766 παρὰ
1769 1731 1866 1760 nemo;

1068 1778 1234 1813 ἐκρήγνυται
1248 1777 1294 1804 τοῦ
1308 1778 1395 1812 δήμου
1410 1777 1495 1811 φωνὴ,
1508 1776 1553 1803 τὸν
1568 1776 1695 1811 δαίμονα,
1745 1776 1798 1811 τὴν
1811 1777 1866 1811 ἐσρ-

1067 1824 1116 1860 τὴν
1132 1822 1209 1858 ἦγον,
1227 1824 1442 1854 ἀνακαλούντων,
1466 1824 1513 1850 καὶ
1534 1824 1598 1858 παρ’
1614 1822 1721 1850 ἐκείνου
1745 1823 1799 1857 τὴν
1825 1823 1866 1848 εὖ-

1069 1869 1208 1905 ρυχωρίαν
1240 1869 1332 1901 αὐτοῖς
1359 1868 1505 1901 ἀξιούντων
1541 1868 1678 1902 γενέσθαι.
1702 1868 1818 1903 Ἐπειδὴ
1841 1868 1866 1894 δὲ

1068 1916 1176 1943 πάντων
1193 1915 1317 1950 ἀλλήλοις
1341 1914 1601 1949 συμφθεγγομένων,
1614 1915 1652 1945 εἰς
1668 1913 1737 1948 ὕψος
1753 1913 1839 1948 ᾔρετο
1852 1914 1866 1946 ἡ

1067 1961 1154 1997 φωνὴ,
1177 1962 1223 1988 κα¹ι
1245 1962 1334 1996 πάσης
1358 1961 1444 1987 ἐδόκει
1463 1961 1514 1995 τῆς
1539 1960 1642 1991 πόλεως
1662 1959 1795 1994 καθάπερ
1812 1960 1866 1989 ἐνὸς

1066 2016 1138 2039 τινος
1171 2008 1301 2042 στόματος
1315 2009 1328 2034 ὁ
1343 2007 1421 2041 λόγος
1438 2005 1519 2038 εἶναι,
1546 2008 1560 2033 ὁ
1582 2007 1632 2041 τὴν
1655 2006 1743 2042 εὐχὴν
1765 2006 1865 2040 ταύτην

1067 2054 1212 2088 προσάγων
1228 2053 1266 2088 τῷ
1284 2054 1390 2088 δαίμονι
1411 2051 1456 2088 (ἦν
1479 2053 1506 2079 δὲ
1535 2054 1550 2087 ἡ
1575 2052 1653 2087 εὐχὴ,
1667 2052 1704 2083 ὡς
1722 2053 1767 2079 ἐπ’
1781 2052 1865 2085 αὐτῆς

1067 2099 1181 2126 ἀκοῦσαι
1194 2100 1242 2134 τῆς
1258 2099 1355 2132 λέξεως
1374 2107 1381 2113 ·
1398 2099 1455 2125 Ζεῦ
1466 2118 1473 2129 .
1486 2099 1618 2132 ποίησον
1636 2098 1709 2133 ἡμῖν
1739 2099 1862 2130 τόπον)-

1067 2145 1186 2177 ἀκούσας
1195 2145 1223 2171 δὲ
1237 2146 1251 2171 ό
1271 2145 1357 2180 μέγας
1383 2145 1486 2176 ἐκεῖνος
1504 2145 1551 2171 τοῦ
1572 2145 1640 2180 ἤχου
1656 2144 1713 2170 τῶν
1734 2144 1863 2178 ὀνομαστὶ

225 2192 270 2212 mo
284 2192 346 2212 esse
362 2185 517 2216 videbatur,
545 2193 601 2220 quo
619 2187 660 2213 lue
681 2195 775 2221 preces
799 2187 914 2214 daemoui
934 2189 1012 2214 adhi-

1068 2190 1260 2226 ἐπιϐοωμένων
1275 2190 1320 2216 τὸν
1335 2190 1449 2225 δαίμονα
1461 2211 1467 2220 ,
1484 2191 1548 2226 παρ’
1563 2187 1593 2216 οὖ
1619 2189 1668 2225 τὴν
1690 2190 1863 2225 εὐρυχωρίαν

224 2230 362 2258 bebantur
377 2230 453 2266 (erat
470 2235 562 2259 autem
577 2233 709 2266 precatio,
726 2238 754 2260 ut
779 2234 836 2268 ipsa
852 2235 935 2261 verba
952 2235 1013 2268 ejus

224 2277 393 2305 audiantur:
417 2276 535 2311 Jupiter,
553 2277 597 2312 {ac
618 2279 693 2307 nobis
714 2280 821 2315 locum).
838 2281 931 2307 audito
949 2290 1014 2308 sane

225 2332 341 2359 magnus
354 2324 400 2351 ille
420 2324 462 2350 vir
481 2331 551 2352 sono
568 2325 732 2353 nominatim
752 2326 939 2354 invocantium
957 2328 1012 2354 dae-

1068 2236 1149 2272 ῇτουν
1160 2236 1285 2270 γενέσθαι
1299 2237 1331 2271 τῇ
1348 2236 1433 2268 πόλει,
1447 2236 1514 2270 φησὶ
1535 2236 1603 2270 πρὸς
1617 2235 1730 2267 αὐτοὺς,
1753 2236 1862 2270 πέμψας

1067 2282 1128 2309 τινὰ
1141 2281 1195 2308 τῶν
1218 2282 1439 2317 παρεστηκότων,
1455 2281 1617 2316 δοθήσεσθαι
1638 2282 1734 2314 αὐτοῖς
1744 2282 1809 2308 ὅσον
1822 2283 1862 2308 οὑ-

1067 2328 1141 2354 δέπω
1155 2327 1266 2354 πλείονα
1280 2328 1330 2362 τῆς
1339 2328 1421 2363 εὐχῆς
1436 2328 1486 2362 τὴν
1499 2327 1681 2363 εὐρυχωρίαν.

225 2378 344 2403 nioncm,
361 2377 376 2397 a
391 2378 446 2405 quo
462 2370 603 2398 laxitatem
620 2371 726 2399 civitati
745 2371 803 2400 ﬁeri
819 2373 960 2407 petebant,
981 2373 1099 2408 quodam
1113 2381 1145 2400 ex
1159 2373 1337 2401 adstantibus
1350 2373 1384 2400 ad
1400 2381 1449 2402 eos
1461 2373 1559 2407 misso,
1576 2374 1724 2402 laxitatem
1740 2375 1780 2402 ait
1798 2375 1859 2410 ipsis

223 2424 287 2443 mox
305 2416 398 2443 datum
419 2417 612 2452 iri‘nlajorem,
628 2427 711 2454 quam
726 2424 865 2456 optarent.

260 2465 317 2492 Hac
331 2469 422 2492 autem
438 2466 472 2492 ab
488 2474 520 2493 eo
545 2474 613 2494 voce
638 2471 770 2502 tanquam
797 2468 872 2495 tristi
897 2469 1014 2503 quadam

224 2513 359 2541 sententia
375 2512 492 2547 prolata,
514 2513 672 2548 pestilentia
690 2513 864 2548 frequentem
879 2515 956 2542 illum
975 2515 1014 2542 fe-

223 2559 279 2586 rias
303 2558 442 2593 agentium
469 2563 497 2586 et
524 2559 605 2586 ludos
626 2559 826 2587 celebrantium
845 2565 1012 2587 conventum

222 2605 336 2640 excipit.
350 2606 388 2631 Ac
406 2605 497 2632 statim
514 2604 728 2639 tripudiantium
742 2604 835 2632 choris
855 2605 1014 2632 lamentatio

223 2651 403 2683 miscebatur,
428 2651 497 2677 adeo
517 2654 546 2676 ut
570 2650 596 2676 in
617 2649 707 2676 luctus
727 2653 754 2677 et
780 2650 951 2678 calamitates
974 2651 1014 2678 eis

223 2696 378 2730 voluptates
399 2699 637 2727 converterentur,
660 2703 722 2723 cum
750 2703 799 2730 pro
825 2696 966 2730 plausibus
986 2700 1013 2723 ct

224 2747 306 2768 rautu
329 2742 458 2769 tibiarum
478 2742 537 2769 alite
558 2749 640 2776 super
658 2743 725 2769 alias
745 2742 840 2770 naenia:
860 2747 1013 2778 cautusque

225 2787 354 2820 lugubres
368 2788 464 2815 urbem
484 2788 586 2823 passim
601 2788 778 2816 invasissent.
800 2789 868 2816 Cum
886 2789 956 2817 cttim
972 2797 1011 2817 se-

226 2833 278 2860 mcl
305 2834 419 2861 morbus
449 2834 574 2862 homines
598 2834 757 2867 invasisset,
778 2835 907 2870 opinione
929 2836 1010 2864 cilius

1098 2468 1207 2502 Ταύτης
1221 2468 1248 2495 δὲ
1259 2469 1326 2504 παρ’
1345 2468 1427 2495 αὐτοῦ
1455 2469 1506 2505 τῆς
1525 2471 1617 2505 φωνῆς
1632 2467 1689 2496 οἷόν
1705 2478 1782 2501 τινος
1804 2478 1860 2496 σκυ-

1064 2513 1175 2549 θρωπῆς
1191 2514 1356 2548 ἀποφάσεως
1367 2514 1553 2550 ἐξενεχθείσης
1564 2536 1571 2548 ,
1583 2515 1679 2551 λοιμὸς
1695 2515 1747 2551 τὴν
1761 2515 1858 2550 πάῆη-

1066 2567 1116 2594 μον
1139 2559 1245 2595 ἐκείνην
1261 2560 1420 2594 ἱερομηνίαν
1448 2559 1598 2594 ἐκδέχεται.
1613 2560 1671 2587 Καὶ
1689 2563 1857 2596 παραχρῆμα

1065 2605 1247 2640 κατεμίγνυτο
1275 2607 1335 2637 ταῖς
1353 2606 1541 2642 χοροστασίαις
1556 2607 1569 2634 ὁ
1586 2606 1698 2641 θρῆνος,
1720 2607 1793 2634 ὥστε
1816 2607 1858 2632 αὺ-

1064 2653 1119 2684 τοῖς
1132 2653 1170 2683 εἰς
1184 2652 1270 2687 πένθη
1285 2652 1331 2679 καὶ
1347 2652 1490 2688 συμφορὰς
1509 2653 1738 2687 μεταστραφῆναι
1751 2653 1801 2684 τὰς
1817 2652 1856 2678 θυ-

1068 2698 1175 2734 μηδίας,
1189 2699 1249 2725 ἀντὶ
1263 2697 1351 2724 αὐλῶν
1368 2697 1414 2724 καὶ
1427 2699 1533 2733 κρότων
1548 2698 1600 2732 τῆς
1620 2698 1776 2734 ἐπαλλήλου
1799 2699 1856 2731 θρη-

1065 2743 1161 2774 νωδίας
1183 2743 1362 2777 διαλαῦούσης
1379 2743 1427 2778 τὴν
1444 2743 1489 2769 πό)
1497 2752 1529 2769 ιν.
1548 2744 1706 2778 Ἐνσκῆψαν
1723 2745 1778 2779 γὰρ
1791 2743 1856 2774 απαξ

1065 2791 1120 2820 τοῖς
1134 2789 1287 2825 ἀνθρώποις
1297 2789 1327 2816 τὺ
1337 2789 1432 2821 πάθος,
1447 2788 1544 2815 θᾶττον
1557 2789 1572 2824 ἢ
1589 2790 1650 2815 κατ’
1668 2790 1782 2822 ἐλπίδας
1794 2788 1855 2821 διεξ-

1065 2834 1107 2870 ῄιι
1134 2835 1217 2869 πυρὸς
1240 2835 1316 2870 δίκην
1341 2835 1402 2867 τοὺς
1424 2835 1513 2867 οἴκους
1536 2835 1770 2873 ὲπιὸοσκὸμενον,
1791 2835 1853 2862 in:
