1917 3079
104 110 159 136 $257

604 109 648 136 DE
664 109 746 137 VITA
766 110 795 138 S.
812 109 976 138 GREGORII
992 110 1260 140 THAUMATURGI.

1691 111 1742 138 958

105 166 274 202 πληροῦσθαι
301 168 349 202 μὲν
362 167 416 194 τῶν
436 169 469 203 τῇ
497 168 566 201 νόσῳ
591 167 851 204 καταφθειρομένων
867 168 898 195 τὰ

953 170 1157 205 propagabatur
1171 173 1256 204 atque
1268 167 1407 203 serpebat,
1427 167 1500 203 Ignis
1518 167 1546 194 in
1562 166 1674 194 modum
1690 167 1741 193 on-

105 212 168 247 ἱερὲ
181 211 234 238 τῶν
257 212 344 239 ἐλπίδι
368 211 515 248 θεραπείας
539 213 767 248 προσφευγόντων
779 221 785 227 ·
800 212 896 248 γέμειν

100 257 133 284 δὲ
148 257 248 293 πηγὰς,
258 258 305 285 καὶ
321 259 511 294 κρουνοὺς,καὶ
528 259 644 294 φρέατα.
653 258 708 285 τῶν
724 258 776 285 ὑπὸ
789 258 839 293 τῆς
849 257 895 285 τοῦ

101 305 257 339 νοσήματος
279 304 432 339 ἀμηχανίας
453 305 649 340 διακαιομένων
662 306 691 332 ἐν
711 306 745 341 τῇ
764 305 828 341 δίψῃ
842 305 896 339 (ἐφ’

101 345 142 375 ὧν
154 349 244 384 ἠτόνει
260 349 290 376 τὸ
316 349 387 385 ὓδωρ
411 351 456 376 τὸν
475 351 507 377 ἐκ
535 350 581 377 τοῦ
603 350 706 383 πάθους
730 350 895 377 κατασόέσαι

102 395 243 430 φλογμὸν,
257 395 358 431 ὁμοίως
382 396 498 431 ἐχόντων
522 397 570 423 καὶ
603 397 672 432 μετὰ
698 397 729 423 τὸ
754 396 896 432 ὖδωρ.καὶ

102 440 159 476 πρὸ
171 440 218 467 τοῦ
233 440 337 472 ὓδατος,
352 441 406 467 τῶν
417 441 489 473 ἅπαξ
500 441 719 477 κατασχεθέντων
734 441 771 476 τῷ
791 441 894 476 πάθει)-

101 486 219 517 πολλοὺς
232 486 260 513 δὲ
277 486 436 522 αὐτομολεῖν
449 486 515 523 πρὸς
528 487 589 519 τοὺς
602 488 713 522 τάφους,
729 487 776 514 καὶ
797 487 895 523 μηκέτι

100 534 168 564 τοὺς
181 533 325 568 περιόντας
343 533 469 568 ἐξαρκεῖν
484 534 544 565 ταῖς
561 533 614 560 τῶν
634 533 834 569 κατοιχομένων
848 542 896 560 τα-

102 579 178 612 φαῖς.
197 578 325 605 Γενέσθαι
336 578 364 605 δὲ
381 579 431 605 οὐκ
441 579 571 614 ἀδόκητον
581 578 628 605 τοῦ
643 578 728 606 κακοῦ
748 579 797 614 τὴν
809 587 896 614 προσ-
914 581 919 583 ⁷

101 621 184 657 δολὴν
198 624 254 654 τοῖς
282 622 452 658 ἀνθρώποις·
478 623 546 650 ἀλλά
572 632 644 655 τινος
667 623 810 658 φάσματος
834 624 896 650 ἐπι--

101 667 246 702 γινομένου
261 669 293 703 τῇ
318 667 451 703 μελλούσῃ
466 668 696 703 καταφθείρισθαι
712 668 794 704 οἰκίᾳ,
809 667 895 700 οὕτως

102 713 298 740 ἐπακολουθεῖν
311 713 360 749 τὴν
378 714 491 749 φθοράν.
511 714 538 740 Ἐ
544 714 587 740 πε).
596 711 643 740 οὖν
657 715 724 740 πᾶσι
737 714 895 749 καταφανὴς

102 760 214 793 ἐγένετο
235 760 252 795 ἡ
276 759 350 786 αίτία
367 760 417 795 τῆς
442 760 531 791 νόσου,
549 759 589 786 ὅτι
614 759 645 786 τὸ
661 758 806 794 ἐπικληθὲν
829 760 894 794 παρ’

101 806 194 832 αὐτῶν
209 806 346 841 δαιμόνιον
360 806 452 838 κακῶς
469 805 589 841 ὲπλῆρου
606 806 655 842 τὴν
669 805 751 841 εὐχὴν
776 804 830 831 τῶν
844 814 895 840 μα-

102 852 198 884 ταίων,
214 852 263 887 τὴν
277 853 398 888 πονηρὰν
420 852 521 888 ταύτην
543 853 575 879 ἐκ
591 852 637 879 τοῦ
657 852 760 884 πάθους
775 851 896 887 εὐρυχω-
912 843 932 871 Β

105 898 167 932 ρίαν
185 898 314 933 ἐμποιοῦν
329 899 362 934 τῇ
385 898 482 925 πόλει·
506 898 570 925 ἔνθα
594 898 682 925 ἱκέται
705 898 825 932 γίνονται
848 897 894 924 τοῦ

104 943 235 978 μεγάλου,
249 944 345 979 στῆσαι
360 944 481 979 δεόμενοι
506 943 553 971 τοῦ
573 943 658 971 κακοῦ
682 944 730 979 τὴν
744 944 830 980 φοράν
852 944 896 970 διὰ

101 989 152 1016 τοῦ
169 990 233 1026 παρ’
249 990 330 1017 αὐτοῦ
346 990 547 1026 γινωσκομένου
568 999 596 1017 τε
619 991 666 1018 καὶ
694 990 895 1026 κηρυττομένου

101 1035 183 1067 θεοῦ,
199 1035 228 1062 ὃν
251 1036 330 1071 μόνον
353 1036 508 1071 ὡμολόγουν
536 1036 645 1072 ἀληθῶς
662 1034 731 1063 εἶναι
748 1036 825 1069 Θεὸν,
849 1036 896 1063 καὶ

102 1081 175 1107 κατὰ
192 1081 299 1108 πάντων
327 1081 357 1107 τὸ
371 1081 471 1117 κράτος
498 1081 580 1117 ἔχειν.
595 1081 649 1107 Τοῦ
671 1081 725 1117 γὰρ
756 1082 896 1116 φάσματος

101 1126 209 1153 ἐκείνου
224 1126 276 1162 πρὸ
293 1126 344 1161 τῆς
368 1126 500 1162 ἐσομένης
513 1126 552 1161 τῷ
568 1126 636 1161 οἴκῳ
659 1126 807 1162 διαφθορᾶς
830 1133 898 1161 προ-

101 1173 276 1207 φαινομένου,
286 1174 333 1199 καὶ
345 1174 515 1209 παραχρῆμα
528 1174 577 1208 τὴν
594 1173 748 1206 ἀπόγνωσιν
759 1172 808 1207 τῆς
824 1170 897 1206 ζωῆς

101 1218 291 1254 ἐμποιοῦντος,
308 1217 347 1251 εἷς
361 1221 465 1254 ἐγίνετο
478 1221 533 1251 τοῖς
553 1218 736 1246 κινδυνεύουσι
762 1217 896 1252 σωτήριος

100 1266 213 1299 τρόπος,
231 1265 261 1291 τὸ
275 1265 349 1297 ἐντὸς
372 1266 475 1293 ἐκείνου
496 1265 622 1300 γενέσθαι
633 1264 679 1291 τοῦ
693 1264 768 1290 οἴκου
784 1263 829 1290 τὸν
848 1263 896 1298 μὲ-

99 1320 156 1345 γαν
172 1312 335 1347 Γρηγόριον,
350 1312 397 1338 καὶ
412 1312 446 1338 δι’
457 1311 540 1347 εὐχῆς
558 1311 588 1337 τὸ
610 1310 748 1345 ὲνσκῆψαν
770 1308 808 1344 τῷ
830 1308 897 1343 οἴκῳ

100 1357 192 1389 πάθος
207 1357 380 1384 ἀπώσασθαι.
398 1357 516 1392 Ταχείας
529 1357 557 1383 δὲ
576 1357 620 1383 διὰ
632 1355 686 1382 τῶν
707 1354 897 1390 τετυχηκότων

101 1404 133 1429 ὲν
151 1403 268 1439 πρώτοις
286 1404 336 1439 τῆς
360 1403 488 1437 τοιαύτης
510 1402 647 1437 σωτηρίας
663 1401 709 1428 ἐπὶ
731 1401 835 1431 πάντας
849 1400 898 1434 τῆς

102 1450 199 1485 φήμης
217 1449 433 1485 διαδραμούσης.
452 1449 540 1476 πάντα
565 1447 639 1483 ἀργὰ
658 1445 708 1483 ἦν,
722 1446 741 1474 ἃ
765 1446 897 1482 πρότερον

101 1495 159 1521 ὑπὸ
182 1495 360 1531 ματαιότητος
378 1495 469 1526 αὐτοῖς
497 1493 686 1526 ἐσπουδάζετο,
703 1492 857 1531 χρηστήρια
867 1499 896 1518 τε

102 1541 153 1568 καὶ
169 1541 314 1577 καθάρσια,
326 1541 373 1567 καὶ
384 1541 401 1576 ἡ
415 1541 443 1567 ὲν
458 1541 512 1571 τοῖς
538 1539 657 1572 εἰδώλοις
673 1529 808 1574 διατριϐὴ,
830 1538 898 1564 πάν-

101 1594 160 1611 των
175 1585 242 1620 προς
254 1585 299 1612 τὸν
316 1585 402 1620 μέγαν
432 1585 508 1620 ἱερέα
535 1584 703 1619 βλεπόντων,
720 1583 768 1610 καὶ
782 1582 897 1609 ἑκάστου

104 1631 176 1667 πρὸς
191 1631 285 1658 ἑαυτὸν
302 1632 348 1658 ἐπὶ
363 1631 484 1667 σωτηρίᾳ
499 1631 598 1662 παντὸς
612 1630 659 1657 τοῦ
678 1630 773 1664 γένους
786 1629 898 1663 ἐφελκο-

106 1677 202 1713 μὲνου.
219 1678 321 1709 Μισθὸς
336 1678 363 1704 δὲ
376 1676 411 1713 ἦν
428 1677 502 1712 αὐτῷ
517 1676 593 1712 παρὰ
613 1676 666 1703 τῶν
694 1675 855 1710 σωζομένων
881 1674 898 1709 ἡ

104 1723 162 1757 τῶν
175 1724 269 1758 ψυχῶν
289 1725 420 1759 σωτηρία.
437 1723 475 1759 Τῇ
491 1724 545 1759 γὰρ
558 1722 669 1759 τοιαύτῃ
686 1722 769 1757 πείρᾳ.
788 1721 837 1757 τῆς
853 1720 899 1747 εὑ-

106 1769 219 1800 σεὸείας
230 1768 276 1794 τοῦ
289 1768 382 1803 ἱερέως
395 1768 611 1803 φανερουμένης,
626 1767 718 1793 οὐκέτι
734 1764 769 1800 ἦν
781 1763 900 1799 ἀναϐολὴ

106 1814 178 1849 πρὸς
194 1814 242 1850 τὴν
253 1814 451 1848 συγκατάθεσιν
465 1813 512 1840 τοῦ
543 1813 702 1848 μυστηρίου,
715 1813 770 1843 τοῖς
784 1811 827 1837 διὰ
846 1810 900 1836 τῶν

107 1861 199 1896 ἔργων
221 1861 423 1895 διδασκομένοις
436 1860 486 1895 τὴν
505 1860 554 1895 τῆς
576 1859 694 1890 πίστεως
709 1857 833 1892 δύναμιν.
850 1855 902 1883 Οὓ-

107 1914 164 1937 τως
179 1906 285 1940 ἐγένετο
298 1907 353 1938 τοῖς
373 1905 526 1941 ἀνθρώποις
542 1905 655 1935 ἐκεινοις
677 1903 838 1939 ἰσχυροτέρα
851 1902 901 1937 τῆς

109 1951 203 1984 ὑγείας
219 1951 235 1985 ἡ
251 1950 338 1982 νόσος.
355 1951 436 1977 Ὅσον
450 1951 505 1985 γὰρ
518 1950 545 1975 ἐν
561 1950 593 1985 τῇ
609 1949 698 1984 ὑγιείᾳ
709 1951 776 1983 πρὸς
788 1948 837 1983 τὴν
854 1946 901 1973 τοῦ

110 1996 263 2032 μυστηρίου
290 1996 446 2031 παραδοχὴν
475 1997 531 2027 τοῖς
561 1995 702 2030 λογισμοῖς
727 1993 903 2024 ἀσθενοῦντες

108 2042 194 2079 ἦσαν,
206 2044 333 2070 τοσοῦτον
347 2045 380 2079 τῇ
397 2044 540 2078 σωματικῇ
562 2042 632 2077 νόσῳ
656 2041 723 2076 πρὸς
743 2040 792 2075 τὴν
810 2040 903 2066 πίστιν

109 2089 298 2126 ἐρῥώσθησαν.
312 2090 366 2116 Καὶ
382 2090 453 2116 οὕτω
469 2089 519 2123 τῆς
548 2088 611 2124 περὶ
626 2087 661 2114 τὰ
688 2086 784 2113 εἴδωλα
800 2086 903 2120 πλάνης

109 2135 303 2171 ἐλεγχθείσης,
333 2135 432 2166 πάντες
458 2134 525 2169 πρὸς
553 2133 583 2160 τὸ
609 2133 692 2168 ὄνομα
717 2131 764 2158 τοῦ
784 2129 903 2167 Χριστοῦ

110 2182 293 2218 μετετίθεντο,
312 2182 336 2208 0i.
356 2182 404 2216 μὲν
418 2181 462 2208 διὰ
479 2181 527 2215 τῆς
539 2178 736 2214 ἐπιγενομένης
752 2178 830 2204 νόσου
847 2185 904 2212 χει-

110 2227 321 2263 ραγωγηθέντες
342 2229 409 2262 προς
426 2227 475 2262 τὴν
495 2227 639 2262 ἀλήθειαν·
651 2225 676 2252 οἱ
695 2224 723 2251 δὲ
737 2225 784 2251 καὶ
802 2232 905 2259 προφυ-

107 2272 197 2307 λακὴν
212 2272 259 2298 τοῦ
276 2271 370 2307 λοιμοῦ
381 2292 388 2304 ,
410 2271 458 2306 τὴν
474 2271 566 2297 πίστιν
590 2269 640 2305 τὴν
664 2270 704 2300 εἰς
719 2268 764 2295 τὸν
788 2268 906 2303 Χριστὸν

109 2317 336 2353 προϐαλλόμενοι.
349 2318 426 2343 Ἐστι
443 2317 471 2343 δὲ
498 2317 544 2343 καὶ
570 2316 637 2342 ἄλλα
658 2317 691 2351 τῇ
710 2316 804 2351 μνήμῃ
825 2314 905 2350 μέχρι

107 2365 158 2391 τοῦ
170 2363 251 2399 δεῦρο
262 2363 448 2398 διασωζόμενα
469 2362 515 2389 τοῦ
534 2362 652 2397 μεγάλου
676 2361 826 2397 Γρηγορίου
840 2360 906 2387 θαύ-

110 2419 197 2446 ματα,
216 2411 287 2444 ὅπερ
312 2409 463 2444 φειδόμενοι
488 2408 539 2443 τῆς
563 2408 731 2442 ἁπιστοὺσης
755 2407 848 2441 ἀκοῆς,
868 2406 905 2438 ὡς

110 2457 145 2483 ἂν
160 2456 198 2490 μὴ
217 2455 340 2490 βλαὸεἴεν
350 2455 374 2481 οἱ
388 2454 419 2480 τὸ
431 2453 530 2487 ἀληθὲς
544 2454 573 2479 ἐν
587 2453 626 2488 τῷ
641 2452 749 2488 μεγέθει
761 2451 815 2478 τῶν
828 2451 905 2485 λεγο-

111 2502 204 2538 μένων
223 2500 319 2535 ψεῦδος
337 2500 464 2534 οἰόμενοι,
482 2500 538 2530 τοῖς
552 2498 755 2533 γεγραμμένοις
773 2498 801 2523 οὐ
820 2505 904 2531 προσ-

110 2548 263 2583 εθήκαμεν.
289 2545 399 2580 Χριστῷ
411 2545 439 2571 δὲ
467 2544 505 2579 τῷ
527 2544 639 2571 τοιαῦτα
662 2544 705 2570 διὰ
723 2544 778 2570 τῶν
805 2543 905 2569 δούλων

110 2592 196 2619 αὑτοῦ
219 2590 447 2626 τερατοιδργοῦντι
469 2590 569 2624 πρέπει
586 2589 659 2622 δόξα,
677 2589 743 2625 τιμὴ
760 2588 806 2614 καὶ
822 2596 905 2623 προσ-

111 2638 239 2673 κύνησις.
252 2636 299 2663 νῦν
315 2637 360 2662 καὶ
379 2636 430 2667 ἀεὶ,
451 2636 497 2661 καὶ
516 2635 554 2666 εἰς
575 2635 638 2667 τοὺς
653 2634 753 2666 αἰῶνας
770 2633 824 2660 τῶν
840 2632 905 2659 aid)-

109 2693 175 2710 νων.
199 2683 228 2708 Ἀ
234 2683 297 2716 μὴν.

949 225 1010 245 mos
1023 217 1189 252 depascens,
1201 215 1271 243 adeo
1287 218 1318 241 ut
1334 214 1407 242 aedes
1427 214 1539 249 quidem
1564 222 1663 245 sacrte,
1688 222 1743 249 quo

948 271 997 298 spe
1011 261 1167 290 sanationis
1179 266 1261 296 atque
1274 260 1389 288 remedii
1409 259 1615 295 confugiebant.
1633 259 1678 292 iis,
1695 261 1741 294 qui

947 309 1045 336 morbo
1059 307 1195 342 peribant,
1209 306 1332 342 repletas:
1346 305 1436 333 fontes
1448 313 1524 336 vero.
1539 313 1617 340 aqua:
1631 306 1741 337 ductus,

948 353 1188 388 scaturiginesque
1201 359 1234 379 ac
1261 351 1334 387 putei
1361 358 1468 382 eorum,
1498 353 1742 391 quosf'atrocitate

947 399 1036 427 morbi
1048 398 1110 426 sitis
1122 398 1265 430 exurebat,
1281 397 1377 425 referti
1392 402 1487 425 essent
1498 395 1654 435 (ignibus
1670 405 1741 433 aqua

947 445 1035 473 morbi
1048 443 1206 472 incendium
1217 443 1391 478 restinguere
1401 451 1455 470 non
1467 443 1585 476 velut,
1598 443 1644 478 qui
1657 444 1741 471 semel

944 491 1042 518 morbo
1051 490 1170 526 correpti
1179 493 1283 522 essent,
1291 489 1405 524 perinde
1415 483 1583 524 post‘aquam
1592 494 1741 524 sumptam,

946 541 1028 572 atque
1050 541 1199 572 antequam
1220 544 1281 564 eam
1306 536 1488 570 sumpsissent
1510 534 1642 569 affectis),
1663 535 1739 561 tnulti

946 583 1011 612 item
1020 584 1092 611 ultro
1101 583 1253 611 transirent
1264 582 1298 610 ad
1307 582 1444 617 sepulcra,
1453 590 1485 609 eo
1496 581 1570 616 quod
1580 581 1742 616 superstites

946 629 1111 663 sepeliendis
1128 628 1245 655 mortuis
1258 635 1313 655 non
1325 627 1445 662 amplius
1455 626 1623 663 suﬂiccrent,
1633 633 1683 652 nec
1700 626 1741 651 in-

946 675 1060 709 opinato
1082 674 1184 700 malum
1204 673 1330 701 homines
1344 659 1501 705 invaderet:
1516 671 1563 699 sed
1579 670 1658 706 quasi
1678 678 1741 705 spe-

946 724 1034 748 etrum
1048 719 1185 754 quoddant
1198 719 1230 746 ad
1242 726 1289 746 eas
1299 718 1372 746 aedes
1384 719 1486 753 quibus
1499 717 1635 753 pernicies
1652 716 1742 744 immi-

946 765 1038 797 nebat,
1062 765 1218 797 acccderet,
1235 765 1271 792 ita
1294 769 1399 791 certutn
1424 763 1539 791 exitium
1560 763 1742 796 subseqpere-

947 815 1001 838 tur.
1024 810 1057 838 Ut
1075 807 1160 846 igitur
1180 804 1265 838 causa
1288 800 1522 837 morbi'omnibus
1536 807 1672 843 patefacta
1687 810 1742 839 est,

947 865 1044 893 nempe
1058 857 1130 892 quod
1146 857 1252 884 datmon
1268 857 1303 883 ab
1319 856 1387 891 ipsis
1402 856 1547 883 invocatus
1561 855 1631 882 male
1642 855 1742 882 stulto-

947 910 1008 930 rum
1024 910 1057 929 ac
1073 902 1239 931 miserorum
1253 909 1349 937 preces
1367 901 1504 936 impleret,
1524 900 1569 935 qui
1591 900 1662 926 hanc
1680 906 1742 933 qum

947 948 1071 975 morbum
1080 953 1229 976 consecuta
1241 952 1325 980 esset,
1335 948 1476 975 laxitatem
1488 947 1516 973 in
1531 945 1598 973 urbe
1612 945 1742 977 efﬁceret,

946 1001 1045 1030 magno
1055 994 1103 1022 isti
1113 995 1173 1022 viro
1183 994 1323 1029 supplices
1339 993 1408 1021 ﬁunt
1424 996 1544 1024 orantes,
1557 995 1587 1018 ut
1604 998 1651 1025 per
1667 998 1741 1021 eum,

946 1047 1026 1075 quem
1039 1040 1098 1075 ipse
1106 1040 1190 1068 Deum
1203 1043 1366 1075 agnosceret
1376 1047 1408 1067 ac
1419 1038 1591 1074 praedicaret,
1605 1044 1684 1071 quem
1697 1043 1743 1063 ξος

946 1086 1002 1113 lum
1016 1093 1110 1113 revera
1119 1085 1204 1113 Deum
1216 1093 1288 1116 esse,
1297 1089 1325 1112 et
1341 1084 1367 1111 in
1381 1091 1477 1112 omnes
1487 1082 1632 1118 imperium
1643 1082 1743 1108 habere

947 1132 1153 1163 confiterentur,
1173 1132 1238 1158 mali
1264 1131 1394 1165 impetum
1416 1130 1526 1156 sisteret
1548 1134 1576 1156 et
1594 1128 1742 1155 inhiberet.

946 1178 1014 1205 Nam
1025 1186 1087 1206 cttm
1101 1182 1241 1213 spectrum
1255 1177 1322 1204 illud
1338 1182 1401 1204 ante
1412 1176 1532 1202 fntttram
1548 1179 1651 1210 prstem
1662 1173 1743 1201 alicui

947 1224 1040 1251 domui
1061 1228 1221 1259 appareret,
1241 1231 1273 1250 ac
1297 1223 1425 1258 protinus
1443 1221 1662 1256 desperationem
1683 1219 1745 1246 vita:

948 1270 1152 1297 habitatoribus
1169 1269 1311 1304 injiceret,
1329 1276 1382 1295 una
1401 1266 1622 1303 periclitantibus
1645 1265 1744 1292 salutis

948 1317 1019 1344 ratio
1034 1321 1103 1348 erat,
1118 1315 1139 1343 si
1157 1315 1219 1342 illas
1231 1314 1304 1342 aedes
1321 1320 1437 1348 magnus
1449 1311 1597 1346 Gregorius
1618 1309 1744 1344 ingrede-

948 1364 1035 1392 retur,
1053 1367 1085 1387 ac
1097 1367 1146 1394 per
1157 1366 1251 1394 preces
1268 1358 1395 1384 tnorbunt
1406 1377 1413 1389 ,
1431 1356 1479 1390 qtti
1500 1355 1611 1382 domum
1625 1353 1744 1380 invasis-

947 1410 1005 1439 set,
1016 1406 1160 1440 repelleret
1171 1412 1203 1432 ac
1214 1404 1400 1432 submoveret.
1422 1401 1491 1428 Cum
1508 1404 1600 1427 autem
1617 1399 1745 1426 celeriter

947 1460 996 1488 per
1018 1459 1081 1484 eos,
1108 1451 1155 1487 qui
1179 1450 1260 1485 primi
1283 1457 1315 1476 ea
1340 1448 1448 1475 ratione
1469 1445 1571 1474 servati
1595 1449 1691 1477 erant,
1708 1444 1742 1471 ad

948 1505 1046 1526 omnes
1060 1497 1131 1524 fama
1147 1499 1350 1531 permanasset,
1365 1493 1475 1525 omnia,
1492 1499 1553 1527 quae
1570 1493 1646 1527 prius
1662 1490 1745 1518 vani-

948 1548 1005 1572 tate
1018 1549 1101 1579 atque
1114 1542 1231 1569 stultitia
1246 1540 1358 1568 adducti
1373 1539 1519 1571 curabant,
1532 1537 1743 1568 omittebantur,

947 1590 1072 1621 oracula.
1093 1589 1230 1617 sacrificia
1250 1586 1414 1623 piacularia.
1436 1585 1463 1612 in
1487 1584 1611 1612 delubris
1630 1583 1745 1610 simula-

949 1643 1059 1664 erorutn
1080 1634 1279 1666 commoratio,
1306 1632 1434 1660 omnibus
1461 1638 1589 1666 magnum
1612 1628 1744 1656 sacerdo-

950 1686 1004 1710 tem
1026 1681 1216 1712 intuentibus,
1235 1685 1262 1707 et
1280 1686 1447 1713 unoquoque
1468 1684 1530 1704 eum
1550 1675 1584 1702 ad
1608 1683 1637 1702 se
1659 1674 1746 1701 totius

950 1727 1060 1754 familia:
1079 1734 1136 1753 sua:
1153 1725 1297 1754 servanda:
1312 1724 1400 1759 gratia
1424 1723 1574 1750 alliciente.
1591 1720 1744 1748 Mercedem

951 1777 1042 1800 autem
1061 1773 1096 1800 ab
1112 1772 1157 1805 iis,
1174 1772 1222 1807 qui
1238 1771 1430 1802 servabantur,
1453 1770 1570 1796 salutem
1589 1767 1745 1794 animarum

951 1819 1187 1854 consequebatur.
1209 1817 1278 1845 Cum
1297 1817 1371 1843 enim
1395 1814 1532 1850 ejusmodi
1554 1813 1747 1848 experimento

951 1867 1040 1901 pietas
1055 1864 1209 1893 sacerdotis
1225 1862 1368 1898 pateﬁeret
1380 1881 1387 1893 .
1408 1869 1463 1888 non
1478 1860 1596 1895 amplius
1614 1857 1746 1885 differen-

952 1912 1017 1939 dum
1031 1910 1198 1942 censebant,
1212 1909 1279 1944 quin
1299 1907 1461 1943 mysterium
1480 1905 1681 1940 approbarent.
1698 1902 1746 1937 qui

953 1966 1000 1993 per
1015 1964 1098 1992 opera
1115 1956 1246 1983 virtutem
1270 1954 1333 1981 fidei
1356 1952 1573 1987 cognoscebant.
1599 1950 1674 1977 Adeo
1692 1949 1747 1977 illis

952 2002 1111 2030 hominibus
1126 2001 1244 2028 sanitate
1258 1999 1373 2026 morbus
1388 1997 1504 2024 validior
1517 2001 1586 2023 erat.
1603 1995 1656 2028 Qui
1670 1994 1746 2021 enim

954 2048 980 2075 in
1003 2048 1121 2076 sanitate
1135 2046 1168 2073 ad
1189 2044 1417 2081 approbationem
1444 2041 1566 2078 mysterii
1588 2040 1748 2067 rationibus

953 2092 1055 2119 infirmi
1071 2095 1174 2123 essent,
1188 2089 1325 2125 corporali
1340 2089 1436 2115 tnorbo
1452 2087 1485 2114 ad
1503 2087 1584 2114 fidem
1597 2085 1747 2113 convalue-

954 2142 1030 2165 runt.
1048 2137 1137 2171 Atque
1154 2137 1192 2162 ita
1211 2135 1423 2163 simulacrorum
1439 2133 1530 2160 cultus
1544 2139 1640 2160 errore
1652 2131 1747 2165 depre

918 2184 1058 2215 Dhenso,
1083 2190 1179 2209 onmes
1206 2182 1239 2208 ad
1266 2188 1365 2207 nomen
1387 2180 1491 2207 Christi
1509 2177 1746 2209 traducebantur,

954 2237 1017 2265 pars
1028 2233 1141 2262 urgente
1157 2228 1255 2254 morbo
1271 2227 1303 2254 ad
1319 2226 1462 2254 veritatem
1480 2225 1559 2260 quasi
1574 2224 1746 2257 manuducti,

954 2283 1018 2310 pars
1034 2275 1115 2301 etiam
1134 2274 1214 2301 fidem
1229 2274 1257 2300 in
1270 2273 1411 2300 Christum
1427 2271 1506 2307 quasi
1523 2270 1723 2299 munimentttm
1736 2289 1745 2301 ,

954 2329 1009 2356 quo
1024 2321 1075 2347 tuti
1096 2323 1190 2347 essent
1207 2319 1342 2346 adversus
1354 2323 1470 2353 pestem,
1484 2315 1657 2350 objicientes.
1676 2315 1747 2341 Sunt

954 2371 1046 2395 autem
1069 2366 1152 2394 etiam
1173 2365 1226 2392 alia
1250 2364 1341 2399 magni
1368 2363 1492 2398 Gregorii
1514 2361 1665 2393 miracula,
1687 2368 1748 2395 qua

954 2413 1087 2439 memoria
1102 2419 1189 2446 usque
1204 2411 1295 2438 adhuc
1310 2414 1438 2438 tenentur
1455 2418 1461 2435 ε
1477 2417 1508 2435 ea
1525 2415 1576 2436 nos
1597 2407 1748 2435 incredulis

954 2459 1067 2486 auribus
1083 2461 1237 2493 parcentes,
1252 2464 1287 2484 ne
1304 2455 1478 2483 oﬂcndantur
1495 2454 1542 2489 qui
1558 2457 1671 2489 propter
1686 2459 1747 2478 am-

954 2505 1117 2540 plitudinem
1132 2511 1226 2530 earum
1244 2510 1337 2529 rerum
1349 2509 1408 2535 qua:
1425 2504 1625 2530 memorantur.
1643 2496 1745 2524 verita

955 2554 1008 2577 tetu
1033 2548 1204 2576 mendacium
1227 2554 1288 2573 esse
1309 2549 1423 2580 putant,
1442 2543 1555 2577 scriptis
1571 2550 1625 2569 non
1642 2540 1747 2575 adjeci-

957 2601 1031 2620 tnus.
1045 2592 1156 2619 Christo
1171 2599 1253 2626 porro
1268 2590 1331 2616 talia
1348 2596 1398 2623 per
1416 2595 1512 2615 servos
1528 2593 1595 2613 suos
1612 2584 1746 2611 miracula

958 2635 1095 2670 operanti,
1109 2634 1237 2662 convenit
1256 2633 1358 2667 gloria.
1375 2632 1463 2657 honor
1480 2634 1505 2656 et
1522 2628 1658 2660 adoratio,
1673 2633 1748 2653 utine

959 2684 985 2706 et
1002 2686 1121 2713 sunper,
1137 2682 1164 2705 et
1179 2678 1205 2704 itt
1223 2675 1322 2704 sarcula
1339 2674 1515 2702 sa‘culorum.
1533 2672 1633 2698 Amen.
