1917 3079
215 120 269 149 θῦτ)

873 118 903 148 S.
922 116 1087 148 GREGORII
1107 118 1255 147 NYSSENI

226 196 1850 215 Μ

542 250 565 275 ⁴
594 276 723 321 ΤΟΥ
753 277 834 320 EN
865 276 1080 320 A-I‘IOIZ‘.
1112 277 1478 322 I‘PHI‘OPIOY

319 377 440 437 ΕΙΣ
476 377 637 436 TON
673 376 862 436 BION
902 377 1053 435 ΤΗΣ

1093 377 1319 436 ΟΣΙΑΣ
1356 378 1775 436 ΜΑΚΡΙΝΗΣ

713 483 872 511 ΔΔΕΔΦΗΣ
894 483 963 511 ΤΟΥ
979 483 1146 513 ΜΕΓΔΛΟΥ
1169 483 1362 512 ΒΔΣΙΔΕΙΟΥ.

1016 578 1053 587 -η

743 650 791 695 S.
830 650 885 695 Ρ.
925 650 986 696 Ν.
1024 649 1321 696 GBEGORII

522 754 699 815 VITA
740 754 801 812 S.
836 755 1190 814 MACRlN/E
1231 756 1557 816 VIRGINIS

827 866 977 895 SORORIS
995 866 1037 894 BA
1042 865 1120 894 SlLll
1139 866 1258 895 MAGNI.

779 947 920 980 lutorprete
940 947 1074 973 Francisco
1084 946 1146 973 Zino
1156 948 1306 974 Veronensi.

260 1098 318 1126 lloe
332 1099 440 1134 quidem
456 1099 602 1128 voluminis
616 1107 702 1136 genus
715 1109 748 1128 ex
761 1100 942 1136 inscriptione
956 1109 1016 1137 ept-
1030 1106 1054 1136 Α

223 1147 296 1173 stola
314 1147 423 1174 videtur
438 1155 499 1174 esse
516 1147 554 1181 (Ι)
572 1156 579 1174 :
596 1147 643 1174 sed
660 1148 720 1182 cjus
744 1148 885 1182 longitudo
905 1147 1016 1175 modum

223 1193 347 1227 epistola:
363 1197 493 1228 superat,
516 1197 543 1220 et
557 1193 658 1228 justam
675 1193 737 1220 libri
753 1194 946 1228 complectitur
959 1201 1018 1220 ma-

223 1239 396 1274 gnitudinem
414 1249 422 1267 :
442 1247 485 1267 me
502 1244 592 1266 tamen
613 1239 663 1270 rei,
681 1246 763 1274 quam
788 1243 817 1265 ιιι
835 1238 934 1265 litteris
950 1245 1018 1266 con-

225 1285 363 1320 signarcm
390 1286 550 1321 imperasti,
583 1284 706 1312 defendit
735 1289 938 1320 argumentum.
970 1284 1018 1312 Est

223 1331 297 1357 enim
316 1331 404 1366 majus
416 1337 444 1358 et
459 1331 584 1362 uberius,
601 1338 682 1365 quam
703 1334 731 1357 ut
748 1331 872 1365 epistola:
893 1331 1019 1358 terminis

224 1377 354 1404 concludi
372 1378 469 1413 possit.
482 1377 601 1405 Omnino
612 1377 821 1405 consuetudinis
832 1377 906 1404 illius
917 1377 1019 1406 oblitus

221 1431 288 1451 esse
306 1432 358 1451 non
375 1424 470 1456 debes,
487 1431 550 1451 cum
567 1423 600 1451 ad
618 1424 714 1450 urbem
732 1420 859 1451 Antiochi
876 1424 1020 1459 congressi

224 1475 342 1503 smnus,
360 1477 415 1505 quo
440 1473 563 1505 tempore
588 1469 698 1505 petebas
729 1469 964 1505 Hierosolymam,
989 1473 1021 1496 ut

224 1520 403 1543 monumenta
420 1516 524 1544 Christi
540 1516 786 1551 peregrinationis,
806 1517 870 1544 dum
889 1517 916 1544 in
936 1524 1020 1545 carne

222 1565 310 1592 cssat,
330 1561 476 1592 lnviseres,
493 1569 644 1597 eorumque
662 1569 833 1593 sermonum,
849 1570 920 1597 quos
934 1562 1019 1591 variis

223 1608 261 1635 sic
283 1609 365 1636 rebus
388 1608 460 1635 inter
481 1616 531 1636 nos
548 1609 729 1637 contulimus.
747 1607 841 1644 Neque
857 1609 930 1637 enim
950 1616 1020 1637 con-

224 1660 339 1688 gressus
356 1654 403 1681 ille
417 1654 518 1682 tacitus
534 1662 596 1682 esse
609 1655 708 1690 potuit.
724 1662 787 1682 cum
805 1655 949 1691 prudentia
973 1660 1020 1683 tua

227 1698 406 1735 multiplicem
420 1699 595 1735 colloquendi
612 1700 787 1728 occasionem
803 1700 964 1736 subjiceret.

264 1744 337 1771 Inter
358 1744 555 1780 disputandum
573 1746 676 1781 igitur.
695 1750 725 1774 ut
743 1747 771 1774 in
791 1746 927 1782 ejusmodi
950 1755 1019 1775 con-

1103 1102 1141 1130 Τὸ
1156 1103 1205 1138 μὲν
1221 1099 1291 1134 εἶδος
1303 1102 1350 1129 τοῦ
1367 1102 1480 1138 βιὸλίου,
1496 1103 1558 1130 ὅσον
1574 1104 1604 1130 ἐν
1621 1103 1663 1138 τῷ
1680 1103 1735 1138 τῆς
1754 1111 1867 1140 προγρα-

1069 1147 1122 1182 φῆς
1137 1147 1224 1183 τύπῳ,
1240 1147 1368 1183 ἐπιστολὴ
1382 1145 1452 1175 εἶναι
1468 1148 1561 1175 δοκεῖ·
1586 1149 1618 1175 τὸ
1632 1149 1662 1176 δὲ
1679 1149 1790 1184 πλῆθος
1808 1150 1867 1185 ὑπὲρ

1068 1193 1114 1219 τὸν
1135 1193 1337 1228 ἐπιστολιμαῖον
1358 1194 1420 1229 ὅρον
1440 1194 1526 1226 ἐστὶν,
1549 1195 1590 1226 είς
1604 1195 1809 1230 συγγραφικήν
1824 1204 1867 1229 μαι

1069 1239 1220 1274 κρηγορίαν
1244 1239 1491 1275 παρατεινόμενον·
1517 1239 1575 1267 ἀλλ’
1600 1239 1786 1274 ἀπολογεῖται
1806 1239 1866 1275 ὑπὲρ

1070 1284 1148 1319 ἡμῶν
1173 1285 1189 1320 ή
1217 1284 1350 1317 σύνθεσις,
1372 1282 1406 1321 ἦς
1422 1285 1515 1312 ἕνεκεν
1530 1285 1635 1321 γράψαι
1661 1287 1865 1321 παρεκελΕὑτω,

1070 1330 1170 1357 πλείων
1183 1329 1259 1362 οὖσα,
1280 1331 1296 1367 ἠ
1318 1333 1378 1358 κατ’
1394 1331 1538 1367 ἐπιστολῆς
1552 1333 1742 1368 συμμετρίαν.
1762 1333 1866 1364 Πάντως

1069 1376 1097 1403 δὲ
1109 1378 1158 1404 οὐκ
1175 1379 1342 1413 ἀμνημονεῖς
1357 1378 1406 1413 τῆς
1424 1378 1578 1413 συντυχίας,
1594 1379 1640 1406 ὅτε
1665 1380 1731 1406 κατ’
1746 1379 1829 1414 εὐχὴν
1844 1380 1866 1404 ὲν

1075 1423 1273 1459 Ἰεροσολύμοις
1282 1424 1426 1460 ἐπιφοιτᾷν
1440 1424 1554 1460 μέλλων,
1570 1425 1612 1459 ἐφ’
1621 1421 1644 1458 ᾧ
1656 1425 1693 1452 τὰ
1707 1427 1815 1460 σημεῖα
1825 1425 1868 1459 τῆς

1069 1470 1116 1497 τοῦ
1130 1470 1232 1505 Κυρίου
1245 1470 1289 1498 διὰ
1302 1471 1402 1507 σαρκὸς
1413 1471 1558 1506 ἐπιδημίας
1571 1471 1600 1499 ὲν
1612 1473 1671 1503 τοῖς
1686 1472 1788 1503 τύποις
1798 1471 1868 1503 ἰδεῖν,

1071 1516 1238 1552 σννέδραμόν
1251 1525 1303 1549 σοι,
1321 1518 1391 1544 κατὰ
1407 1517 1457 1553 τὴν
1475 1518 1610 1553 Ἀντιόχου
1623 1518 1702 1544 πόλιν
1718 1538 1726 1549 ,
1747 1518 1797 1544 καὶ
1808 1527 1869 1544 παν-

1069 1562 1150 1589 τοίων
1164 1562 1384 1598 ἁνακινουμὲνων
1402 1564 1467 1598 ἡμῖν
1481 1563 1569 1597 λόγων
1582 1571 1588 1577 ·
1603 1563 1664 1590 οὐδὲ
1678 1564 1736 1598 γὰρ
1753 1564 1829 1596 εἰκὸς
1840 1562 1868 1599 ἦν

1070 1609 1100 1634 ὲν
1114 1610 1202 1644 σιωπῇ
1220 1608 1267 1644 τὴν
1284 1610 1428 1644 συντυχίαν
1452 1607 1532 1637 εἶναι·
1555 1609 1658 1641 πολλὰς
1672 1609 1712 1645 τῷ
1734 1610 1810 1646 λόγῳ
1825 1610 1869 1641 τὰς

1071 1654 1198 1691 ἀφορμὰς
1212 1656 1262 1691 τῆς
1279 1655 1328 1691 σῆς
1344 1656 1478 1688 συνέσεως
1489 1655 1702 1691 ἐπιϐαλλούσης.

1108 1738 1158 1768 Οἴα
1171 1742 1198 1768 δὲ
1214 1741 1286 1776 φιλεῖ
1297 1742 1426 1774 πολλάκις
1440 1742 1468 1768 ὲν
1480 1741 1584 1774 τούτοις
1599 1741 1739 1776 γίνεσθαι,
1755 1742 1798 1772 εἰς
1809 1743 1870 1777 μνή-

228 1779 418 1825 grvssionibus
445 1792 490 1822 lit.
513 1791 541 1819 in
565 1779 734 1820 mentionem
757 1779 851 1828 proba:
875 1793 1018 1828 cujusdam

1078 1796 1129 1823 μην
1150 1787 1207 1822 βίου
1229 1787 1302 1819 τινὸς
1329 1787 1473 1822 εὐδοκίμου
1498 1779 1618 1823 προῆλθε
1641 1787 1714 1822 ῥέων
1733 1788 1748 1813 ὀ
1775 1787 1869 1821 λόγος·

229 1835 353 1863 mulieris
374 1835 534 1870 incidimus.
560 1836 588 1864 Si
609 1841 700 1864 tamen
721 1844 753 1865 ex
772 1842 869 1865 natura
887 1839 986 1866 mulier
1005 1846 1020 1866 a

229 1881 310 1908 nobis
327 1881 491 1915 appellanda
506 1886 560 1916 est,
578 1890 639 1918 qua:
653 1887 759 1911 natura:
774 1884 934 1913 conditione
951 1893 1022 1920 pm-

229 1927 347 1954 stantlor
374 1926 435 1954 fuit.
457 1926 519 1955 Non
545 1931 638 1956 autem
661 1936 693 1956 ex
722 1929 820 1957 alienis
844 1932 1021 1960 sermonibus

229 1973 383 2000 narrationi
399 1973 478 2001 fidem
495 1973 613 2002 faciebat
632 1975 732 2006 oratio,
748 1975 796 2003 sed
815 1975 963 2012 diligenter
976 1986 1020 2011 ea,

228 2026 346 2054 quorum
362 2019 533 2055 experientia
552 2020 684 2056 magistra
710 2021 815 2053 fuerat,
836 2022 1021 2057 persequeba-

228 2070 285 2098 tur,
303 2070 330 2094 ct
349 2066 419 2094 nihil
436 2065 493 2094 fere
509 2067 603 2094 alieno
620 2067 731 2094 auditus
745 2068 905 2095 testimonio
920 2068 1021 2095 contir-

229 2114 332 2141 mabat.
356 2113 449 2148 Neque
467 2113 541 2141 enim
560 2114 652 2150 virgo,
669 2121 723 2149 qua
745 2114 779 2142 de
795 2115 877 2142 verba
902 2113 1021 2142 facieba-

229 2167 302 2191 nius,
317 2166 417 2193 genere
435 2159 515 2186 nobis
528 2163 588 2187 erat
600 2160 754 2194 peregrina,
773 2163 803 2186 ut
822 2167 883 2195 qua:
898 2160 1020 2187 admira-

229 2205 295 2235 bilia
309 2205 343 2233 de
358 2205 404 2232 illa
416 2205 532 2233 dicenda
546 2209 637 2238 erant,
653 2214 701 2241 per
712 2206 781 2233 alios
793 2214 843 2233 nos
854 2214 1021 2242 cognoscere

228 2254 381 2286 oporteret,
397 2252 444 2279 sed
459 2252 561 2279 eisdem
576 2257 636 2279 orta
654 2252 832 2287 parentibus:
844 2253 946 2287 quippe
958 2260 1021 2288 quas

229 2301 361 2332 tanquam
385 2296 491 2325 fructus
520 2297 703 2332 primitiarum
730 2305 763 2323 ex
793 2301 918 2324 materno
943 2300 1021 2324 utero

230 2343 318 2377 prima
335 2343 526 2377 pullulaverat.
540 2343 675 2376 Quoniam
690 2344 774 2379 igitur
788 2343 922 2371 bonorum
935 2343 1022 2370 histo-

229 2389 297 2416 riam
312 2397 374 2417 esse
398 2388 556 2424 frugiferam
576 2390 709 2417 censuisti
722 2409 729 2421 ,
745 2397 778 2417 ne
801 2390 864 2417 vita:
878 2389 951 2418 illius
967 2390 1021 2417 vir—

227 2435 318 2471 ginis,
334 2444 394 2470 quae
416 2436 449 2462 ad
473 2436 600 2463 humanae
617 2436 728 2464 virtutis
754 2436 896 2471 fastigium
914 2444 961 2471 per
977 2444 1021 2463 sa-

229 2481 339 2516 pientia:
358 2481 478 2508 studium
502 2482 642 2516 pervenit,
660 2481 817 2515 exetnplum
835 2485 961 2515 posteros
981 2481 1022 2507 la-

229 2531 294 2559 teat,
313 2534 380 2553 neve
406 2526 466 2554 sine
491 2525 581 2553 fructu
610 2529 732 2553 transeat
758 2526 929 2556 involutum.
954 2525 1021 2552 milii

229 2572 385 2600 faciendum
402 2572 569 2604 existimavi,
583 2575 613 2599 ut
624 2572 672 2599 tibi
687 2579 823 2606 parerem,
839 2575 866 2598 et
879 2572 1021 2605 incompo-

228 2619 281 2646 sita
308 2619 485 2653 simplicique
511 2618 638 2644 oratione
662 2616 748 2644 vitam
773 2617 834 2651 ejus
855 2624 937 2652 quam
958 2616 1021 2644 bre-

228 2664 342 2692 vissime
359 2671 468 2700 possem
488 2663 666 2698 explicarem.

265 2709 392 2736 Macrinze
412 2709 512 2744 virgini
534 2715 634 2735 nomen
654 2712 734 2740 erat,
756 2708 796 2736 sic
817 2717 832 2736 a
859 2711 1020 2745 parentibus

229 2756 391 2790 appellatae,
412 2754 487 2790 quod
507 2755 574 2782 olim
597 2754 715 2790 insignis
738 2755 862 2790 qumdam
879 2757 906 2784 in
924 2762 1019 2785 nostra

267 2847 308 2883 (l)
324 2847 372 2876 Est
389 2847 504 2883 epistola
518 2847 580 2884 ejus
594 2848 627 2876 ad
637 2847 791 2885 Olympium
804 2851 976 2879 monachum.

1072 1832 1140 1868 γυνὴ
1154 1832 1183 1859 δὲ
1198 1829 1232 1867 ἦν
1247 1832 1264 1868 ἡ
1284 1832 1332 1859 τοῦ
1348 1832 1516 1868 διηγήματος
1529 1833 1641 1868 ἀφορμή
1655 1841 1662 1847 ·
1682 1832 1765 1868 εἴπερ
1782 1833 1850 1866 γυνή
1863 1841 1868 1846 ·

1071 1878 1122 1905 οὐκ
1143 1875 1200 1905 οἶδα
1219 1878 1274 1913 γὰρ
1294 1879 1317 1905 εἰ
1330 1879 1434 1914 πρέπον
1449 1878 1522 1905 ἐστὶν
1547 1880 1580 1906 ἐκ
1595 1879 1646 1913 τῆς
1659 1877 1773 1914 φύσεως
1790 1878 1870 1913 αὐτὴν

1071 1925 1227 1960 ὀνομάζειν,
1251 1925 1301 1961 τὴν
1323 1926 1378 1953 ἄνω
1393 1925 1545 1961 γενομένην
1568 1926 1618 1961 τῆς
1640 1925 1764 1961 φύσεως.
1791 1926 1829 1952 Τὸ
1846 1926 1870 1951 δὲ

1071 1972 1194 2008 διήγημα
1214 1973 1279 2008 ἡμῖν
1299 1973 1348 1999 οὐκ
1367 1972 1397 2005 ἐξ
1412 1972 1498 2006 ἀκοῆς
1519 1972 1621 2007 ἑτέρων
1634 1972 1822 2007 διηγημάτων
1844 1971 1870 1996 τὸ

1072 2018 1167 2045 πιστὸν
1180 2015 1254 2053 εἶχεν
1266 2027 1272 2033 ·
1289 2018 1347 2045 ἀλλ’
1363 2015 1399 2044 ὦν
1414 2019 1430 2053 ἡ
1444 2020 1526 2054 πεῖρα
1542 2018 1704 2050 διδάσκαλος
1723 2016 1771 2053 ἦν,
1788 2018 1869 2044 ταῦτα

1072 2064 1105 2092 δι’
1121 2063 1265 2100 ἀκριῦείας
1281 2064 1389 2100 ἐπεξῄει
1406 2064 1420 2090 ὀ
1435 2063 1523 2098 λόγος,
1540 2065 1580 2095 εἰς
1597 2064 1674 2090 οὐδὲν
1690 2064 1780 2099 ἀκοὴν
1800 2065 1869 2090 ἁλλο-

1071 2111 1148 2146 τρίαν
1171 2110 1450 2147 ὲπιμαρτυρούμενος.
1467 2111 1532 2137 Οὐδὲ
1558 2111 1612 2147 γὰρ
1628 2110 1692 2145 ξένη
1714 2110 1764 2137 τοῦ
1780 2111 1868 2145 γένους

1075 2157 1149 2192 ἡμῶν
1166 2159 1182 2192 ἡ
1199 2158 1414 2193 μνημονευθεῖσα
1437 2157 1582 2193 παρθένος,
1600 2157 1638 2189 ὡς
1661 2157 1793 2193 ἀνάγκην
1808 2156 1868 2184 εἶναι

1071 2204 1105 2230 δι’
1118 2204 1218 2239 ἑτέρων
1232 2203 1377 2238 γινώσκειν
1401 2203 1434 2230 τὰ
1452 2204 1512 2230 κατ’
1527 2203 1636 2238 ἐκείνην
1647 2203 1794 2238 θαύματα,
1818 2203 1867 2230 ἀλλ’

1072 2250 1104 2276 ὲκ
1120 2250 1174 2276 τῶν
1189 2249 1278 2276 αὐτῶν
1294 2250 1360 2285 ἡμῖν
1384 2249 1496 2284 γονέων,
1510 2249 1606 2285 ὥσπερ
1621 2258 1664 2280 τις
1677 2250 1797 2285 ἀπαρχὴ
1810 2258 1867 2284 καρ-

1072 2296 1131 2323 πῶν
1143 2316 1149 2328 ,
1172 2295 1268 2331 πρώτη
1293 2295 1342 2330 τῆς
1360 2295 1490 2331 μητρῴας
1507 2295 1602 2330 νηδύος
1625 2296 1865 2331 ἀναϐλαστήπσι.

1078 2341 1154 2368 Ἐπεὶ
1169 2338 1214 2367 οὖν
1228 2341 1390 2376 ἐδοκίμασας
1406 2341 1498 2376 φέρειν
1511 2349 1537 2367 τι
1554 2341 1651 2375 κέρδος
1670 2341 1722 2377 τὴν
1737 2341 1795 2368 τῶν
1809 2343 1866 2375 ἀγι-

1073 2387 1127 2414 οῶν
1146 2388 1266 2422 ἱστορίαν
1279 2395 1287 2404 ·
1311 2387 1350 2419 ὡς
1365 2387 1397 2414 ἂν
1415 2387 1453 2423 μὴ
1466 2387 1541 2414 λάθοι
1556 2388 1603 2413 τὸν
1618 2388 1693 2414 κατὰ
1711 2388 1802 2415 ταῦτα
1814 2388 1866 2423 χρά-

1073 2443 1117 2461 νον
1131 2435 1145 2460 ὁ
1162 2434 1282 2465 τοιοῦτος
1299 2433 1365 2468 βίος.
1383 2433 1451 2469 μηδὲ
1464 2433 1607 2469 ἀνωφελὴς
1631 2435 1816 2470 παραδράμοι
1831 2435 1866 2460 διὰ

1074 2479 1178 2515 σιωπῆς
1201 2479 1420 2513 συγκαλυφθεῖσα
1445 2479 1462 2514 ἡ
1488 2479 1557 2514 πρὸς
1575 2479 1621 2506 τὸν
1644 2481 1804 2516 ἀκρότατον
1826 2481 1866 2514 τῆς

1072 2525 1247 2561 ἀνθρωπίνης
1270 2524 1370 2560 ἀρετῆς
1385 2525 1448 2560 ὅρον
1462 2524 1560 2560 ἑαυτὴν
1577 2525 1622 2552 διὰ
1646 2526 1813 2560 φιλοσοφίας
1827 2527 1865 2552 ἐπ-

1072 2572 1174 2607 άρασα,
1192 2571 1282 2603 καλῶς
1296 2571 1329 2597 ἂν
1343 2571 1413 2606 ἔχειν
1427 2571 1531 2607 ᾠήθην,
1548 2571 1589 2598 σοί
1604 2580 1634 2598 τε
1651 2573 1812 2608 πεισθῆναι,
1827 2572 1864 2597 καὶ

1071 2618 1103 2644 δι’
1116 2618 1223 2652 ὀλίγων,
1234 2618 1272 2650 ὡς
1287 2618 1320 2645 ἂν
1333 2615 1388 2649 οἷός
1402 2626 1432 2644 τε
1445 2614 1478 2648 ὦ.
1492 2617 1526 2644 τὰ
1539 2619 1600 2644 κατ’
1612 2618 1705 2654 αὐτὴν
1723 2619 1863 2653 ἱστορῆσαι,

1071 2665 1101 2691 ὲν
1117 2664 1297 2700 ἁκατασκεὺῳ
1312 2673 1342 2691 τε
1355 2664 1402 2691 καὶ
1414 2664 1492 2700 ἁπλῷ
1508 2664 1672 2700 διηγήματι.

1104 2711 1232 2746 Μακρίνα
1245 2708 1279 2746 ἦν
1298 2710 1383 2746 ὄνομα
1399 2711 1432 2745 τῇ
1455 2710 1583 2746 παρθένῳ
1594 2718 1600 2725 ·
1623 2711 1777 2746 εὺδὸκιμος
1789 2711 1815 2737 δέ
1831 2717 1864 2740 τις

1069 2757 1151 2785 πάλαι
1165 2757 1236 2786 κατὰ
1245 2757 1275 2784 τὸ
1287 2757 1364 2791 γένος
1377 2754 1411 2793 ἦν
1421 2756 1584 2792 ἠΜακρίνα,
1598 2757 1697 2793 μήτηρ
1711 2757 1760 2784 τοῦ
1775 2755 1864 2790 πατρὸς
