1917 3079
90 119 140 148 9C!

713 126 758 158 DE
773 128 854 158 VITA
871 130 901 159 S.
921 129 1098 161 MACRINIE.

1662 141 1717 174 96¢

89 177 172 212 ἡμῶν
185 177 368 214 γεγενημένη,
379 180 438 211 ταῖς
454 179 526 216 ὑπὲρ
537 182 655 218 Χριστοῦ
670 184 825 219 ὁμολογίαις
843 195 863 212 τι

916 210 918 219 λ
933 187 1037 215 familia
1058 188 1178 217 Macrine
1194 191 1295 226 luerat,
1310 194 1396 228 patris
1411 195 1498 223 nostri
1512 197 1638 226 videlicet
1660 208 1716 228 ma-

89 222 181 257 καιρῷ
191 223 247 249 τῶν
256 223 383 259 διωγμῶν
395 225 574 261 ἐναθλήσασα,
585 228 602 263 ἢ
613 228 793 266 ἐπωνομάσθη
804 232 879 266 παρὰ

87 267 145 294 τῶν
157 268 259 302 γονέων
270 270 286 304 ἡ
303 271 376 303 παῖς.
398 271 478 299 Ἀλλὰ
489 272 568 299 τοῦτο
581 273 630 308 μὲν
640 272 674 310 ἦν
686 275 714 301 ὲν
728 275 838 312 φανερῷ
849 277 879 303 τὸ

87 312 194 347 ὄνομα,
223 313 253 339 τὸ
279 315 355 349 παρὰ
381 315 435 342 τῶν
459 319 648 351 γινωσκόντων
669 320 876 357 ὀνομαζόμενον.

87 356 203 394 Ἕτερον
216 359 244 385 δὲ
259 361 328 387 κατὰ
342 362 372 388 τὸ
388 361 499 397 λεληθὸς
507 364 575 400 αὐτῇ
588 365 768 401 ὲπεκέκλητο-
786 367 800 393 δ
813 368 877 403 πρὶν

87 403 176 430 ἐλθεῖν
191 404 236 431 διὰ
255 405 308 432 τῶν
326 406 428 434 ὠδίνων
442 408 483 439 είς
496 409 564 443 φῶς,
586 410 619 438 ἐκ
632 420 704 444 τινος
719 413 877 447 ἐπιφανείας

85 452 270 488 ἐπωνομάσθη
282 461 290 468 ·
307 451 340 487 ἦν
356 454 410 490 γὰρ
428 455 459 490 δὴ
479 457 591 492 τοιαύτη
610 459 671 485 κατ’
685 459 784 495 ἀρετὴν
800 461 874 496 καὶὴ

86 498 182 533 μήτηρ
193 517 200 530 ,
224 498 263 530 ὡς
283 500 420 535 πανταχοῦ
435 501 473 536 τῷ
487 501 551 538 θείῳ
567 503 717 540 βουλήματι
740 514 875 542 χειραγω-

83 544 193 576 γεῖσθαι
206 553 214 561 ν
238 545 418 581 διαφερόντως
429 547 458 574 δὲ
475 548 524 583 τὴν
545 549 668 585 καθαράν
680 559 708 577 τε
720 551 767 578 καὶ
781 551 876 587 ἁκηλί-

82 589 169 616 δωτον
187 590 234 617 τοῦ
250 591 308 626 βίου
321 591 459 629 διαγωγὴν
479 595 642 630 ὴσπασμένη
655 616 663 628 ,
685 596 723 628 ὡς
742 597 809 632 μηδὲ
829 598 874 624 τὸν

83 634 318 671 γάμον-ἑκουσίως
332 635 448 665 ἑλέσθαι.
469 637 539 665 Ἀλλ’
555 639 648 675 ἐπειδὴ
661 640 765 677 ὀρφανὴ
779 641 827 676 μὲν
844 642 874 676 ἐξ

83 679 248 716 ἀμφοτέρων
263 679 296 717 ἦν
307 690 315 698 ·
337 682 483 719 ὑπερήνθει
497 684 524 711 δὲ
537 686 571 720 τῇ
588 685 647 721 ὥρᾳ
664 686 712 713 τοῦ
726 686 851 722 σώματος
864 696 872 703 ·

84 725 134 752 καὶ
150 725 263 758 πολλοὺς
280 728 296 762 ὴ
314 728 393 763 φήμη
411 728 461 764 τῆς
476 729 625 766 εὐμορφίας
646 731 713 768 πρὸς
736 732 785 768 τὴν
806 742 873 769 μνη-

81 771 177 798 στείαν
192 772 351 807 συνήγειρε*
372 772 493 806 κίνδυνος
512 774 540 800 δὲ
555 772 600 810 ἦν,
618 776 642 802 εί
659 776 695 812 μὴ
711 776 780 803 κατὰ
795 777 872 804 ἑκού-

80 816 142 843 σιόν
158 825 212 843 τινι
227 817 438 854 συναρμοσθείη,
453 819 548 847 παθεῖν
563 829 590 847 τι
605 820 657 847 τῶν
672 821 828 858 ἀϐουλήτων
842 823 872 856 ἐξ

79 862 224 897 ἐπηρείας,
244 863 311 899 πρὸς
326 864 454 900 ἁρπαγὰς
470 867 738 902 παρεσκευασμένων
745 868 798 895 τῶν
809 869 870 896 ὲπι-
886 866 906 893 Β

80 909 243 944 μεμηνότων
250 909 288 945 τῷ
297 909 400 936 κάλλει·
409 910 453 937 διὰ
463 910 541 938 τοῦτο
550 911 663 948 έλομένη
670 912 715 940 τὸν
721 914 767 941 ἐπὶ
777 922 807 941 σε
810 915 870 950 μνό-

78 962 143 989 τητι
159 954 218 989 βίου
236 956 433 992 γνωριζόμενόν
446 965 476 983 τε
489 958 536 984 καὶ
552 959 782 995 μαρτυρούμενον,
798 960 869 988 ὥστε

78 999 189 1035 φύλακα
211 1001 362 1038 κτήσασθαι
385 1002 434 1039 τῆς
459 1004 525 1036 ιδίας
544 1003 616 1041 ζωῆς
629 1025 637 1038 ,
665 1006 745 1039 εὐθὺς
766 1007 795 1034 ὲν
809 1009 869 1040 ταῖς

77 1048 203 1085 πρώταις
217 1048 303 1081 ὠδῖσι,
324 1049 425 1084 ταύτης
441 1050 545 1084 γίνεται
570 1052 680 1088 μήτηρ·
705 1053 751 1080 καὶ
774 1054 868 1090 ἐπειδὴ

77 1094 171 1130 παρῆν
185 1095 199 1121 ὸ
218 1095 323 1130 καιρὸς,
341 1094 402 1121 καθ’
417 1095 446 1121 ὃν
464 1096 518 1123 ἔδει
532 1096 646 1132 λυθῆναι
668 1097 717 1133 τὴν
736 1098 817 1125 ὠδῖνα
829 1099 868 1135 τῷ

76 1140 161 1175 τόκῳ,
183 1141 223 1172 εἰς
238 1140 321 1168 ὕπνον
337 1144 482 1178 τραπεῖσα.
501 1144 593 1180 φέρειν
613 1145 699 1173 ἐδόκει
714 1146 758 1173 διὰ
777 1147 867 1182 χειρὺς

75 1186 109 1213 τὸ
123 1186 160 1218 ὡς
171 1195 197 1213 τι
214 1187 266 1214 ὑπὸ
279 1187 333 1214 τῶν
347 1189 507 1224 σπλάγχνων
521 1191 714 1227 περιεχόμενον
725 1200 732 1208 ο
750 1193 796 1219 καί
807 1202 867 1220 τινα

75 1231 107 1258 ιν
119 1232 183 1258 εἴδει
196 1233 242 1259 καὶ
258 1234 377 1269 σχήματι
395 1235 686 1273 μεγαλοπρεπεστέρα),
706 1238 722 1264 ἢ
738 1238 808 1266 κατὰ
818 1239 866 1266 ἇν-

76 1278 189 1313 ορωπον
210 1280 389 1313 ἐπιφανέντα,
414 1283 572 1317 προσειπεῖν
595 1283 644 1319 τὴν
661 1283 866 1321 βασταζομένην

74 1324 110 1350 ἐκ
128 1324 174 1351 τοῦ
187 1325 318 1360 ὀνόματος
332 1326 435 1362 Θέκλην
449 1336 455 1342 ·
480 1327 584 1364 Θέκλης
599 1329 716 1365 ἐκείνης,
733 1328 766 1366 ἧς
782 1331 866 1364 πολὺς

75 1371 107 1398 ἰν
122 1372 182 1402 ταῖς
195 1371 340 1407 παρθένοις
352 1372 367 1399 ὁ
384 1372 471 1408 λόγος.
494 1374 649 1410 Ποιήσαντα
672 1376 701 1402 δὲ
721 1376 800 1403 τοῦτο
819 1378 865 1404 καὶ

75 1417 301 1453 μαρτυρούμενον
314 1419 352 1450 εἰς
369 1418 440 1454 τρὶς,
459 1420 625 1455 μεταστῆναι
640 1421 693 1448 τῶν
705 1421 803 1457 ὄψεων,
817 1423 865 1450 καὶ

72 1462 168 1490 δοῦναι
182 1464 216 1499 τῇ
229 1463 302 1491 ὼδῖνι
317 1464 366 1500 τὴν
380 1465 503 1492 εὐκολίαν
513 1485 520 1498 ,
544 1466 581 1498 ὡς
594 1466 662 1501 ὁμοῦ
677 1476 703 1493 τε
717 1468 763 1494 τοῦ
780 1468 863 1496 ὕπνου

73 1509 161 1544 αὐτὴν
172 1509 323 1545 διαστῆναι,
336 1510 382 1538 καὶ
396 1510 427 1538 τὸ
442 1511 566 1538 ἐνύπνιον
583 1512 657 1548 ὕπαρ
675 1514 746 1540 ἰδεῖν.
766 1514 802 1540 Τὸ
814 1514 863 1550 μὲν

71 1552 122 1581 οὖν
135 1554 218 1590 δνομα
228 1555 258 1581 τὸ
272 1557 460 1591 κεκρυμμένον
472 1557 559 1584 ἐκεῖνο
570 1555 613 1593 ἦν.
630 1560 708 1585 Δοκεῖ
720 1558 748 1584 δέ
764 1567 808 1594 μοι
825 1559 863 1595 μὴ

71 1600 200 1629 τοσοῦτον
216 1601 285 1637 πρὸς
306 1602 356 1637 τὴν
381 1602 563 1638 ὀνομαστικὴν
585 1604 681 1639 κλῆσιν
693 1604 799 1640 ὁδηγῶν
814 1605 864 1640 τὴν

72 1646 238 1681 γειναμένην
258 1647 273 1673 ὀ
284 1647 426 1681 ἐπιφανεὶς
442 1648 520 1674 τοῦτο
539 1649 760 1684 προφοέγξασθαι
773 1659 779 1665 ·
796 1650 862 1677 ἀλλὰ

72 1691 120 1718 τὸν
143 1691 199 1726 βίον
222 1693 362 1727 προειπεῖν
385 1693 435 1728 τῆς
451 1694 526 1727 νέας,
541 1694 589 1722 καὶ
604 1694 653 1730 τὴν
668 1695 717 1730 τῆς
732 1695 862 1732 προαιρέ-

73 1745 145 1768 σεως
158 1737 303 1773 ὁμοιότητα
319 1737 363 1766 διὰ
376 1740 426 1774 τῆς
441 1740 602 1776 ὁμωνυμίας
616 1740 809 1773 ἐπιδείξασθαι.

109 1782 245 1817 Τρέφεται
265 1783 354 1810 τοίνυν
369 1784 400 1811 τὸ
421 1785 526 1812 παιδίον
540 1794 548 1802 ·
570 1785 653 1822 οὖσης
667 1787 716 1822 μὲν
729 1787 802 1824 αύτῷ
816 1789 863 1814 καὶ

71 1829 185 1865 τιθήνης
202 1829 279 1862 ιδίας,
296 1830 331 1857 τὰ
342 1830 370 1857 δὲ
385 1830 470 1858 πολλὰ
484 1831 533 1866 τῆς
549 1831 650 1867 μητρὸς
667 1833 695 1858 ὲν
707 1833 767 1864 ταῖς
784 1834 862 1870 χερσὶ

69 1877 133 1907 ταῖς
149 1875 226 1908 ἰδίαις
240 1875 445 1913 τιθηνουμένης.
469 1877 626 1913 Ὑπερϐᾱσα
641 1877 670 1904 δὲ
686 1878 734 1914 τὴν
747 1878 801 1906 τῶν
813 1888 861 1915 νη-

70 1922 144 1949 πίων
158 1922 281 1957 ἡλικίαν.
304 1923 427 1959 εὐμαθὴς
447 1921 482 1959 ἦν
505 1923 560 1950 τῶν
576 1923 709 1950 παιδικῶν
734 1924 861 1961 μαθημά-

69 1976 126 1995 των
139 1975 146 1983 ·
161 1969 284 2004 καὶπρὸς
299 1969 367 2005 ὅπερ
381 1969 413 1997 ἂν
426 1970 442 2004 ἡ
456 1970 510 1996 τῶν
523 1970 624 2004 γονέων
637 1971 726 2006 κρίσις
739 1968 789 2006 ἦγε
807 1971 860 2007 μά-

69 2014 148 2050 οημα
158 2035 165 2047 ,
190 2016 250 2042 κατ’
264 2016 352 2043 ἐκεῖνο
367 2017 384 2051 ἠ
399 2015 478 2050 φύσις
491 2016 540 2051 τῆς
557 2016 619 2050 νέας
635 2017 791 2053 διέλαμπεν.
807 2015 860 2044 Ἦν

69 2059 101 2086 δὲ
116 2062 150 2096 τῇ
173 2062 257 2096 μητρὶ
280 2061 391 2097 σπουδὴ,
408 2061 552 2088 παιδεῦσαι
565 2061 614 2097 μὲν
628 2063 677 2099 τὴν
694 2063 776 2090 παῖδα
789 2071 796 2078 °
822 2063 860 2100 μὴ

69 2107 122 2142 μέν
132 2115 174 2134 τοι
187 2107 236 2143 τὴν
248 2107 347 2141 ἔξωθεν
367 2108 468 2142 ταύτην
483 2108 529 2135 καὶ
544 2109 686 2142 ἐγκύκλιον
703 2109 859 2141 παίδευσιν,

67 2153 116 2188 ἣν,
132 2153 170 2184 ὠς
184 2154 217 2180 τὰ
233 2153 328 2185 πολλὰ,
344 2153 388 2180 διὰ
401 2154 455 2180 τῶν
471 2154 630 2189 ποιημάτων
642 2155 670 2181 αί
684 2155 789 2190 πρῶται
806 2155 859 2182 τῶν

931 239 982 266 ter,
1001 242 1063 269 quae
1081 240 1204 271 tempore
1218 240 1440 272 persecutionum
1462 249 1510 276 pro
1526 243 1627 272 Christi
1647 253 1715 273 con-

929 277 1050 307 fessione
1069 287 1246 316 pugnaverat.
1270 283 1328 311 Hoc
1345 285 1455 321 quidem
1473 287 1583 322 vulgan
1603 291 1714 320 nomine

929 330 944 349 a
963 323 1144 354 familiaribus
1160 327 1311 356 vocabatur
1326 338 1333 356 :
1351 330 1400 357 sed
1424 338 1554 360 arcanum
1571 338 1598 361 et
1617 343 1714 363 recou-

927 368 1014 395 ditum
1031 370 1148 398 alterum
1163 372 1281 401 habebat
1295 382 1405 409 nomen,
1419 384 1474 412 quo
1485 385 1533 413 per
1548 379 1637 408 visum
1651 381 1713 408 fue-

927 418 971 440 rat
996 415 1128 451 insignita
1159 419 1320 454 priusquam
1346 421 1374 448 in
1407 422 1496 450 lucem
1518 431 1534 451 a
1559 431 1647 453 matre
1664 434 1713 461 prr

927 460 1038 489 dolores
1059 462 1196 491 ederetur.
1213 463 1281 492 Nam
1298 466 1356 501 ipsa
1374 475 1483 504 quoque
1502 475 1589 498 mater
1606 479 1639 499 ea
1653 460 1710 499 vir-

926 510 985 533 tute
1000 513 1069 541 erat,
1088 515 1117 536 ut
1131 511 1247 538 consilio
1263 511 1310 540 Dei
1327 521 1388 541 sese
1406 514 1434 542 in
1448 516 1577 544 omnibus
1593 522 1710 553 regeret,

926 559 1078 588 puramque
1091 559 1118 582 et
1134 556 1266 592 integrant
1283 555 1393 587 vivendi
1410 561 1546 592 rationem
1564 563 1590 590 in
1614 564 1714 598 primis

925 598 1063 633 diligeret,
1083 601 1150 629 adeo
1167 607 1195 629 ut
1211 611 1265 630 non
1283 609 1391 639 sponte,
1410 607 1456 634 sed
1475 609 1560 635 invita
1577 609 1711 645 quodam-

924 646 1006 673 modo
1027 649 1152 682 nupserit
1170 658 1176 676 :
1199 652 1299 677 etenim
1315 660 1377 679 cum
1399 658 1515 690 utroque
1530 659 1642 690 parente
1664 663 1714 683 ora

924 690 987 718 bata
1014 691 1041 719 in
1065 693 1126 728 ipso
1146 700 1219 723 esset
1240 697 1329 724 aetatis
1344 697 1427 730 ﬂore,
1444 698 1571 736 famaque
1587 701 1710 736 pulchri-

925 737 1028 765 tudinis
1057 740 1175 773 multos,
1205 746 1233 769 ut
1256 750 1315 769 eam
1341 743 1393 771 sibi
1418 751 1529 772 uxorem
1555 751 1705 781 cuperent.

923 782 1061 816 incitaret,
1079 790 1105 813 et
1125 785 1273 821 periculum
1292 793 1365 816 esset
1381 789 1433 817 nisi
1450 791 1545 818 volens
1565 791 1592 819 in
1611 793 1707 819 matri-

924 830 1016 857 monio
1040 831 1157 866 cuipiam
1178 833 1370 867 collocaretur,
1394 844 1429 864 ne
1452 844 1501 871 per
1518 837 1572 866 vim
1597 836 1705 864 adversi

921 875 1024 910 aliquid
1041 876 1065 904 ei
1087 877 1259 914 contingeret
1274 879 1359 915 (nam
1381 881 1442 915 ejus
1469 882 1555 910 forma
1575 882 1648 918 capti
1671 879 1708 910 at}

920 921 1045 956 rapinam
1069 924 1259 960 spectabant),
1283 930 1312 953 ut
1334 927 1418 955 saluti
1444 927 1621 962 consuleret,
1643 927 1708 955 vita:

920 968 1053 1003 gravitate
1067 974 1221 1005 spectatum
1243 972 1521 1008 commendatumque
1542 972 1631 1000 virum
1650 973 1706 1001 sibi

918 1013 1012 1048 elegit,
1028 1015 1171 1050 primoque
1182 1022 1261 1051 partu
1276 1017 1391 1052 hujusce
1401 1023 1443 1046 est
1455 1017 1527 1046 facta
1540 1022 1637 1046 mater.
1653 1017 1706 1046 Ve-

919 1066 978 1086 rum
996 1067 1059 1087 cum
1079 1062 1201 1095 pariettdi
1218 1067 1324 1098 tempus
1340 1063 1471 1096 instaret,
1486 1071 1586 1092 eoitlno
1603 1071 1704 1094 conso-

918 1106 985 1140 pita,
1005 1114 1086 1134 manu
1103 1112 1208 1143 gestare
1226 1109 1278 1136 sibi
1296 1109 1354 1136 visa
1369 1114 1411 1137 est
1428 1109 1455 1136 id
1468 1109 1541 1145 quod
1556 1106 1646 1138 adhuc
1662 1111 1705 1138 in-

918 1156 960 1180 tra
972 1152 1079 1181 viscera
1095 1153 1262 1186 continebat,
1273 1158 1300 1182 et
1315 1154 1459 1189 quemdam
1475 1155 1595 1183 humana
1612 1157 1705 1192 specie

916 1202 944 1225 et
962 1197 1048 1226 forma
1068 1199 1256 1234 augustiorem
1272 1200 1386 1232 intueri,
1405 1201 1452 1236 qui
1468 1199 1575 1228 Thecla:
1592 1202 1685 1229 nomin
1699 1210 1704 1225 ι

918 1243 1028 1270 filiolam
1046 1244 1210 1279 appellavit,
1227 1244 1351 1279 Theclaz,
1377 1245 1511 1282 inquam,
1534 1246 1609 1274 illius
1632 1246 1705 1274 inter

916 1293 1051 1325 martyres
1067 1290 1254 1318 celeberrima:
1272 1301 1279 1318 :
1295 1291 1321 1318 id
1338 1294 1429 1319 autem
1444 1299 1506 1319 cum
1521 1296 1563 1319 ter
1576 1297 1703 1327 repetens

916 1338 1047 1363 testatura
1057 1335 1368 1370 reliquisset,discessit.
1379 1336 1416 1363 Ea
1427 1344 1491 1364 vero
1503 1337 1595 1364 statim
1605 1344 1703 1364 somno

915 1382 1005 1409 soluta
1019 1385 1073 1413 est,
1088 1386 1115 1409 et
1132 1386 1211 1416 partu
1227 1381 1308 1410 facile
1321 1382 1420 1413 levata,
1434 1386 1462 1408 ut
1473 1387 1500 1409 et
1513 1389 1610 1410 somno
1620 1383 1701 1410 simul

915 1427 1034 1453 excitata
1054 1427 1101 1457 sit,
1122 1431 1149 1454 et
1165 1426 1237 1462 quod
1261 1426 1288 1453 in
1309 1427 1402 1461 quiete
1431 1427 1553 1458 viderat,
1572 1427 1700 1454 effectum

915 1471 1076 1506 inspexerit.
1091 1472 1228 1498 Arcanum
1243 1472 1324 1507 igitur
1335 1480 1433 1499 nomen
1453 1473 1505 1500 hoc
1521 1473 1558 1500 illi
1574 1473 1635 1500 fuit.
1654 1472 1700 1500 Vi—

914 1516 995 1544 detur
1014 1521 1106 1545 autem
1122 1518 1193 1545 'mihi
1210 1518 1243 1551 is,
1256 1518 1303 1553 qui
1321 1526 1368 1553 per
1388 1519 1509 1554 quietem
1524 1525 1701 1556 apparuerat,

913 1570 973 1590 eam
1002 1571 1094 1591 vocem
1121 1563 1333 1598 pronuntiasse.
1358 1572 1412 1592 non
1438 1569 1493 1592 tam
1505 1585 1512 1598 ,
1529 1569 1557 1592 ut
1576 1572 1632 1601 quo
1647 1573 1700 1594 tto-

914 1609 988 1636 mine
1008 1609 1169 1643 appellanda
1187 1615 1272 1642 esset,
1290 1609 1434 1640 iudicaret.
1453 1618 1535 1645 quam
1554 1615 1584 1638 ut
1603 1611 1700 1638 simili-

914 1653 1008 1680 tudine
1031 1653 1152 1682 nominis
1175 1654 1246 1682 idem
1263 1655 1422 1683 ostenderet
1447 1656 1556 1684 vivendi
1577 1655 1699 1685 studium

912 1702 939 1725 el
950 1698 1117 1726 institutum.

948 1785 1088 1813 Educatur
1102 1794 1167 1822 ergo
1183 1788 1303 1823 puellula
1320 1791 1346 1815 et
1364 1796 1521 1823 quanquam
1537 1790 1646 1825 propria
1659 1790 1697 1817 illi

911 1831 1005 1858 nutrix
1023 1832 1129 1865 aderat,
1144 1836 1235 1860 tamen
1253 1833 1281 1860 in
1298 1834 1425 1861 manibus
1444 1834 1500 1862 fere
1517 1837 1614 1863 matris
1631 1844 1698 1863 enu-

911 1876 1128 1904 triebatur.Cum
1140 1881 1231 1905 autem
1241 1877 1363 1906 infantia:
1373 1883 1480 1907 {etatem
1491 1887 1566 1908 esset
1575 1890 1697 1917 egressi,

911 1922 1027 1948 docilem
1044 1922 1191 1949 admodum
1208 1927 1333 1950 naturam
1355 1924 1382 1950 in
1400 1924 1590 1959 perdiscendis
1607 1927 1698 1961 pueri-

911 1967 984 1994 libus
1000 1967 1054 1994 illis
1071 1967 1205 1996 iustitutis
1218 1976 1272 2004 prae
1289 1977 1318 1996 se
1335 1970 1415 2003 tulit;
1433 1970 1566 2006 quidquid
1583 1971 1655 1998 enim
1672 1972 1698 1999 ei

911 2013 1072 2040 discendum
1091 2019 1219 2048 parentes
1235 2015 1411 2046 iudicabant,
1434 2015 1462 2042 in
1483 2023 1517 2042 eo
1536 2016 1634 2051 puellae
1653 2017 1696 2043 iu-

911 2059 1020 2094 genium
1035 2060 1197 2087 excellebat.
1222 2060 1356 2088 Studebat
1376 2065 1467 2088 autem
1487 2065 1576 2089 mater
1590 2066 1620 2088 ut
1642 2061 1697 2088 tilia

911 2106 1086 2139 erudiretur,
1110 2106 1158 2133 sed
1183 2114 1238 2133 non
1260 2106 1313 2133 ista
1331 2110 1422 2134 tamen
1443 2111 1558 2134 externa
1574 2107 1698 2142 disciplio

911 2159 1008 2178 narum
1022 2152 1112 2183 serie,
1128 2159 1181 2186 qua
1198 2152 1358 2187 plerumque
1370 2160 1403 2180 ex
1421 2157 1563 2187 poetarum
1580 2153 1698 2180 lectione

68 2199 274 2234 παιδευομένων
283 2200 386 2235 ἡλικίαι
397 2200 578 2228 διδάσκονται.
588 2201 705 2236 Δίσχρὸν
715 2201 770 2236 γὰρ
780 2201 856 2236 ᾤετο,

916 2198 1006 2233 primm
1018 2198 1184 2226 discentium
1197 2202 1293 2225 aetates
1302 2199 1463 2225 imbuuntur
1474 2207 1481 2225 :
1494 2203 1573 2233 turpe
1584 2199 1656 2225 enim
1671 2203 1698 2225 et

67 2245 118 2272 καὶ
137 2246 308 2272 παντάπασιν
327 2246 460 2281 ἀπρεπὲς,
478 2246 495 2281 ἢ
512 2245 546 2272 τὰ
564 2246 683 2282 τραγικὰ
697 2246 787 2284 πάθη,
809 2247 858 2273 ὅσα

66 2292 102 2318 ὲκ
113 2292 251 2326 γυναικῶν
262 2292 311 2324 τὰς
325 2292 412 2328 ἀρχὰς
431 2292 479 2319 καὶ
491 2291 541 2324 τὰς
557 2292 699 2324 ὑποθέσεις
710 2294 766 2324 τοῖς
779 2301 857 2328 ποιη-

65 2338 128 2368 ταῖς
143 2337 246 2364 ἔδωκαν
256 2358 264 2370 ,
282 2338 298 2373 ἢ
319 2337 368 2370 τὰς
392 2337 555 2373 κωμῳδικὰς
569 2337 772 2373 ἀσχημοσύνας,
786 2338 856 2364 ἀπα-

64 2383 117 2420 λὴν
142 2384 188 2411 καὶ
204 2383 354 2411 εὔπλαστον
374 2384 454 2417 φύσιν
475 2384 656 2416 διδάσκεσθαι,
675 2384 856 2419 καταμολυνο-

66 2430 156 2466 μένην
169 2430 268 2465 τρόπον
280 2430 341 2456 τινὰ
355 2431 410 2462 τοῖς
425 2429 616 2465 ἀσεμνοτέροις
627 2430 691 2465 περὶ
702 2429 756 2457 τῶν
767 2437 857 2464 γυναι-

64 2475 150 2504 κείων
164 2475 481 2511 διηγήμασιν.Ἃλλ“ὅσα
507 2476 556 2510 τῆς
581 2474 758 2502 θεοπνεύστου
784 2475 854 2510 Γρα-

63 2522 120 2556 φῆς
137 2521 312 2557 ἀληπτότερα
327 2523 387 2554 ταῖς
398 2521 520 2558 πρώταις
533 2521 653 2557 ἡλικίαις
670 2521 752 2553 δοκεῖ,
767 2521 855 2548 ταῦτα

62 2566 100 2604 ἦν
114 2569 148 2603 τῇ
164 2568 241 2595 παιδὶ
255 2569 290 2596 τὰ
306 2568 465 2604 μαθήματα,
483 2568 531 2595 καὶ
546 2567 664 2603 μάλιστα
681 2569 698 2602 ἡ
715 2567 762 2595 τοῦ
777 2567 855 2594 Σολο-

63 2615 173 2650 μῶντος
190 2615 274 2649 Σοφία
286 2623 294 2631 ·
310 2614 358 2642 καὶ
369 2614 470 2650 ταύτης
485 2614 577 2647 πλέον,
594 2615 644 2641 ὅσα
658 2614 725 2649 πρὸς
739 2614 784 2641 τὸν
795 2613 855 2649 ἠθι-

61 2659 113 2687 κὸν
127 2659 206 2694 ἡμῶν
222 2659 303 2694 ἔφερε
316 2659 383 2694 βίον.
406 2658 485 2685 Ἀλλὰ
501 2659 548 2686 καὶ
559 2659 609 2694 τῆς
619 2658 854 2694 ψαλμῳδουμένης

62 2705 177 2741 Γραφῆς
192 2705 247 2731 οὐδ’
264 2704 352 2732 ὁτιοῦν
371 2704 484 2739 ἠγνόει·
508 2705 614 2740 καιροῖς
640 2703 715 2735 ἰδίοις
740 2703 854 2731 ἕκαστον

63 2748 149 2784 μέρος
162 2750 211 2784 τῆς
223 2749 381 2784 ψαλμῳδίας
396 2748 531 2782 διεξιοῦσα
543 2757 550 2764 ο
568 2748 618 2783 τῆς
627 2757 657 2775 τε
672 2748 765 2784 κοίτης
773 2748 854 2776 διανι-

61 2794 197 2829 σταμένη,
213 2795 261 2821 καὶ
283 2794 336 2820 τῶν
358 2793 508 2820 σπουδαίων
525 2794 664 2829 ἁπτομένη
681 2802 710 2820 τε
726 2794 774 2820 καὶ
789 2794 854 2821 ἀνα-

61 2839 216 2875 παυομένη.
234 2841 280 2867 καὶ
295 2839 459 2874 προσιεμένη
474 2839 576 2875 τροφὴν
588 2859 597 2869 ι
614 2839 660 2866 καὶ
676 2839 852 2875 ἀναχωροῦσα

912 2245 1071 2272 indecorum
1088 2253 1202 2280 prorsus
1221 2244 1407 2277 existimabat,
1424 2244 1467 2271 vel
1485 2245 1599 2280 tragicis
1620 2244 1698 2272 femi-

911 2296 1008 2316 narum
1025 2289 1278 2324 perturbationibus
1291 2309 1297 2320 .
1314 2289 1387 2316 unde
1404 2289 1542 2317 scribendi
1560 2290 1695 2325 principia

910 2338 937 2361 et
955 2340 1115 2369 argumenta
1131 2339 1217 2369 poetw
1230 2339 1424 2370 sumpserunt,
1440 2335 1481 2362 vel
1498 2335 1695 2362 comoediarum

911 2381 1090 2414 fteditatibus,
1113 2382 1153 2409 vel
1167 2381 1301 2416 pudendis
1316 2389 1423 2412 eorum,
1438 2381 1484 2416 qui
1501 2384 1541 2408 tot
1558 2388 1696 2408 aerumnas

910 2425 943 2451 ad
961 2424 1037 2452 lliqu
1049 2427 1234 2460 pertulerant,
1249 2426 1328 2453 factis
1339 2429 1462 2453 tenerum
1472 2429 1498 2453 et
1511 2426 1580 2453 bene
1593 2425 1696 2452 forma-

909 2474 966 2497 tum
985 2472 1106 2497 animum
1124 2470 1216 2502 inﬁci,
1234 2475 1261 2498 et
1277 2471 1367 2498 minus
1381 2471 1512 2506 gravibus
1531 2471 1564 2497 de
1586 2470 1697 2498 feminis

909 2516 1116 2544 narrationibus
1136 2516 1338 2551 quodammodo
1364 2516 1548 2550 coinquinari.
1577 2515 1696 2542 Proinde

909 2569 970 2596 quae
983 2569 1016 2589 ex
1032 2562 1126 2590 divino
1143 2562 1245 2598 Spiritu
1263 2562 1366 2589 dictata
1383 2561 1525 2597 Scriptura
1542 2562 1637 2597 prima:
1656 2562 1694 2588 illi

907 2609 1024 2636 aetatula:
1039 2608 1164 2636 faciliora
1181 2609 1343 2644 aptioraque
1368 2608 1542 2640 videbantur,
1562 2607 1693 2634 discenda

907 2654 1094 2690 proponebat,
1112 2662 1172 2682 cum
1197 2655 1293 2690 primis
1314 2658 1405 2682 autem
1431 2653 1599 2688 Sapientiam
1618 2652 1695 2679 Salo-

908 2700 1009 2732 monis.
1027 2700 1110 2735 idque
1128 2708 1159 2728 ex
1175 2708 1206 2728 ea
1227 2700 1412 2734 potissimum,
1429 2698 1503 2734 quod
1523 2698 1556 2725 ad
1570 2698 1652 2724 vitam
1666 2701 1693 2724 ct

907 2753 998 2773 mores
1012 2746 1131 2774 maxime
1145 2746 1326 2773 conducebat.
1343 2745 1407 2772 Erat
1420 2745 1502 2772 etiam
1520 2743 1692 2772 Psalmorum

907 2792 1119 2827 haudquaquam
1145 2793 1240 2827 ignara
1267 2792 1483 2827 prmlinitamque
1508 2798 1602 2819 eorum
1630 2798 1693 2825 par-

908 2843 959 2866 tem
973 2838 1082 2865 statulis
1097 2838 1267 2874 temporibus
1280 2837 1467 2873 percurrebat.
1479 2836 1546 2864 Nam
1560 2836 1618 2864 sive
1628 2843 1691 2864 ειη-ε
