1917 3079
211 126 265 158 9ῧῖ

211 192 240 214 et
255 183 397 213 habilitate
417 183 536 220 quadam
553 185 586 212 ad
603 185 694 212 omnia
715 185 869 220 peragenda
887 185 1002 220 reliquis
1018 189 1039 216 Α

213 233 373 270 prastabat.
396 231 447 265 Qui
469 239 530 259 cum
552 232 714 258 vicesimum
739 231 890 258 secundum
912 232 1001 258 :etatis

213 286 316 306 annum
347 277 530 309 confecisset.
555 277 728 311 dicendoque
753 277 860 312 publice
877 277 931 304 tale
946 280 1003 304 stn-

215 324 324 350 diorum
348 330 460 349 suorum
478 322 616 357 specimen
643 315 781 353 dedissd,
806 325 836 348 ιιι
855 329 935 348 omne
955 329 1003 348 au-

215 370 350 397 dientium
380 368 518 395 theatrum
552 367 639 402 ipsius
667 366 851 394 admiratione
878 375 1003 394 commo-

215 420 337 447 veretur.
354 415 446 442 divina
462 413 580 449 quadam
598 413 771 449 providentia
787 421 886 448 magno
906 413 1004 441 mentis

218 463 319 497 impetu
337 461 448 493 ductus,
469 460 570 495 spretis
586 460 714 487 omnibus
739 467 801 495 qua:
825 459 854 486 in
877 459 1004 486 manibus

218 509 352 539 habebat,
374 506 407 533 ad
436 506 588 533 solitariam
607 510 634 532 et
656 505 764 539 inopem
781 506 865 532 vitam
888 513 917 532 se
938 513 1006 532 cou-

218 554 291 586 tttlit,
308 554 375 580 nihil
397 560 490 580 secum
507 556 606 587 praeter
623 552 744 586 seipsum
766 550 867 578 ferens.
886 550 1005 578 Secutus

218 604 261 627 est
280 607 342 626 eum
365 606 380 626 e
409 598 570 626 domesticis
595 605 667 625 unus
681 597 870 633 Chrysaphius
896 597 1006 624 nomine

219 647 264 680 qui
280 650 307 673 et
322 645 398 672 illum
421 645 563 679 diligebat.
582 648 609 671 et
625 643 722 671 eodem
739 645 802 671 vitae
822 643 916 671 studio
933 647 1007 671 tene-

219 693 309 718 batur.
333 691 435 718 Nactus
455 691 539 726 igitur
567 697 707 718 secessum
727 690 874 725 quemdam
896 693 1008 725 propter

219 736 318 764 lridem
342 737 403 772 (est
427 740 517 764 autent
545 735 595 763 Iris
624 735 724 764 ﬂuvius
745 736 792 771 qui
820 743 868 770 per
891 735 1008 762 mediam

220 783 298 810 Ponti
313 783 480 818 provinciam
494 782 603 813 labitur,
621 785 699 810 ortus
715 781 881 817 principium
898 782 931 808 ab
949 781 1009 816 ipsa

220 827 326 854 ducens
341 827 479 858 Armenia,
497 833 546 861 per
571 825 765 861 regionemque
780 830 903 853 nostram
921 825 1010 852 inﬂuit

814 126 843 153 S.
865 125 1029 154 GREGORII
1049 127 1069 154 N
1076 125 1196 153 YSSEM

1817 123 1866 152 εδδ

1055 182 1195 220 Προελθὼν
1210 181 1286 217 οὗτος
1301 185 1339 216 εἰς
1352 184 1477 219 δεύτερον
1495 184 1553 216 ἔτος
1574 184 1625 211 καὶ
1641 182 1778 209 εἰκοστὶν
1791 201 1799 212 ,
1821 184 1864 209 καὶ

1055 231 1115 262 δοὺς
1126 231 1180 257 τῶν
1191 231 1298 257 οἰκείων
1311 230 1399 256 πόνων
1414 230 1459 256 ἐπὶ
1476 230 1611 266 δημοσίας
1625 229 1718 264 ἀκοῆς
1732 228 1789 260 τὰς
1801 229 1864 255 ἀπο-

1055 276 1235 308 δείξεις,ὥστε
1245 276 1318 303 ἅπαν
1328 276 1370 302 ἐπ’
1382 276 1456 311 αὐτῷ
1470 276 1612 311 σεισθῆναι
1626 275 1686 302 τῶν
1702 273 1862 301 ἀκουόντων

1056 322 1086 348 τὺ
1097 321 1219 358 θέατρον,
1233 321 1291 356 θείᾳ
1304 321 1357 347 τινὶ
1372 321 1527 358 προμηθείᾳ
1540 321 1595 348 τῶν
1610 322 1641 347 ἐν
1657 320 1763 356 χερσὶν
1784 320 1864 347 ἁπάν-

1056 376 1110 394 των
1126 367 1270 404 ὑπεριδὼν,
1291 368 1359 404 πρὸς
1378 367 1423 394 τὸν
1443 369 1547 404 μονήρη
1563 369 1611 394 καὶ
1628 368 1785 402 ἁκτὴμονα
1812 367 1864 402 βίον

1057 414 1178 449 ἀπῆλθεν
1192 416 1220 441 ὲν
1237 415 1343 451 μεγάλῃ
1354 415 1408 441 τινὶ
1418 415 1467 450 τῆς
1480 415 1598 446 διανοίας
1609 415 1701 450 ὁρμῇ,
1717 413 1801 440 οὐδὲν
1818 415 1863 440 ἐπ-

1059 461 1190 496 αγόμενος
1201 461 1260 496 μεθ’
1271 461 1368 488 ἑαυτοῦ
1379 461 1447 497 πλὴν
1456 461 1563 488 ἑαυτοῦ
1575 461 1672 487 εἵπετο
1688 461 1718 487 δέ
1733 469 1781 492 τις
1794 461 1862 497 αὐτῷ

1059 507 1168 534 καὶτῶν
1175 507 1288 533 οἰκετῶν
1297 508 1453 543 Χρυσὰςριος
1465 507 1594 543 τοῦνομα,
1605 507 1646 542 τῷ
1654 516 1687 533 τε
1697 507 1771 542 πρὸς
1786 507 1861 533 αὑτὸν

1059 553 1103 589 ἔχε
1109 562 1131 581 ιν
1141 554 1243 580 ἐκεῖνον
1255 553 1424 588 ἐπιτηδείως,
1437 553 1483 581 καὶ
1493 553 1532 589 τῷ
1542 554 1591 589 τὴν
1601 553 1692 589 αὐτὴν
1699 552 1860 588 προαίρεσιν

1061 599 1125 634 περὶ
1138 599 1184 626 τὸν
1201 599 1257 634 βίον
1271 599 1461 634 ἐνστήσασθαι.
1484 599 1564 634 Διῆγε
1577 599 1670 626 τοίνυν
1688 598 1757 626 καθ’
1770 598 1860 625 ἐιυτὶν

1061 646 1191 682 ἐσχατιάν
1205 654 1266 673 τινα
1281 645 1452 678 καταλαὸὼν,
1472 645 1540 681 πρὸς
1554 645 1594 681 τῷ
1611 646 1706 681 Ἴριδι.
1735 645 1859 681 Haupt:

1061 692 1090 719 δὲ
1101 693 1116 719 ό
1128 689 1198 728 Ἶρις
1214 692 1281 725 ἐστὶ,
1296 692 1379 727 μέσον
1395 692 1526 727 διαρρέων
1548 692 1594 718 τὸν
1609 693 1716 719 Πόντον
1730 699 1740 707 ·
1769 692 1800 724 ὃς
1818 693 1859 719 ἀπ’

1061 737 1148 773 αὐτῆς
1158 737 1208 773 τῆς
1224 737 1368 774 ’Δρμενίας
1379 737 1427 769 τὰς
1439 737 1526 773 ἀρχὰς
1539 738 1618 773 ἔχων,
1633 738 1680 765 διὰ
1692 738 1752 764 τῶν
1766 738 1860 773 ἠμετέ-

1064 792 1119 819 ρων
1132 783 1234 815 τόπων,
1249 783 1296 810 ἐπὶ
1310 783 1355 809 τὸν
1372 783 1498 816 Εὐξείνου
1515 784 1615 811 Πόντον
1638 784 1670 810 τὸ
1687 783 1802 820 ῥεῖθρον
1818 785 1860 810 Ez-

1063 830 1167 857 δίδωσι.
1187 830 1255 865 Περὶ
1267 829 1361 857 τοῦτον
1376 829 1463 865 εὑρών
1476 838 1535 856 τινα
1556 830 1641 856 τόπον
1655 831 1670 856 ὀ
1685 830 1800 862 νεανίας
1815 829 1862 866 ὕλῃ

221 873 250 900 in
274 873 391 899 Pontum
412 870 582 906 Euxinum),
600 873 671 907 apud
695 873 768 900 hunc
784 872 896 899 ﬂuvium
915 876 1013 899 nactus

1078 876 1160 912 ›αθείᾳ
1175 876 1313 912 κομῶντα,
1336 876 1381 903 καὶ
1397 875 1476 910 λόςρον
1489 875 1550 903 τινὰ
1566 876 1617 909 τῆς
1633 876 1861 912 ὑπερτεταμὲνης

221 919 383 946 adolescens
414 919 505 946 locum
543 919 689 953 quemdam
720 919 815 947 densis
846 919 1008 947 netnoribus

221 964 369 995 consitum.
390 969 417 992 et
435 964 532 991 collem
548 965 632 992 dorso
652 965 775 999 przecelsi
793 965 894 993 montis
909 973 1008 1000 strper-

221 1015 337 1037 extenso
352 1009 534 1041 reconditum,
561 1008 588 1036 in
605 1016 639 1036 eo
654 1010 749 1044 procul
772 1011 806 1038 ab
830 1010 943 1038 urbanis
970 1014 1010 1036 tu-

223 1057 355 1083 multibus
379 1055 561 1090 omnibusque
577 1059 633 1082 tum
654 1055 758 1083 militia:
773 1060 830 1082 tum
843 1056 1009 1091 judiciorum

223 1102 475 1138 perturbationibus
490 1106 516 1129 et
529 1102 645 1136 strepitu
663 1102 840 1135 constitutus,
850 1103 933 1129 vitam
948 1109 1011 1137 age-

223 1147 280 1179 bat,
297 1154 382 1182 seque
406 1146 440 1173 ab
463 1145 517 1173 illis
540 1146 685 1178 molestiis,
701 1146 802 1180 quibus
818 1145 937 1172 humana
955 1145 1011 1172 vita

223 1198 350 1225 vexatur,
366 1194 497 1224 liberans.
515 1200 595 1220 senes
620 1192 754 1227 quosdam
782 1191 863 1219 simul
889 1191 1012 1219 viventes

223 1244 345 1275 egestate
367 1243 394 1266 et
416 1239 514 1265 morbo
534 1238 692 1265 laborantes
703 1237 834 1270 curabat,
849 1236 971 1264 studium
986 1239 1013 1263 et

225 1286 366 1321 negotium
382 1285 448 1312 illud
468 1288 566 1319 putans
582 1291 597 1311 a
620 1291 670 1310 suo
687 1283 795 1310 vivendi
813 1283 942 1310 instituto
957 1290 1012 1309 non

225 1333 383 1359 abhorrere.
407 1330 539 1358 Venando
562 1329 810 1365 igitur(quoniam
828 1328 862 1356 ad
876 1336 957 1356 omne
970 1336 1015 1363 ge-

225 1385 279 1406 nus
300 1377 433 1405 venatica:
448 1376 592 1404 industriae
607 1375 806 1403 solertissimus
815 1375 891 1409 erat)
910 1375 1014 1401 victum

227 1423 340 1451 senibus
357 1422 530 1458 quaeritabat,
552 1425 579 1449 et
590 1421 634 1448 bis
649 1421 789 1448 laboribus
808 1421 911 1456 pariter
924 1420 1016 1447 doma-

227 1470 274 1497 bat
302 1469 537 1496 adolescentiam:
555 1475 606 1495 nec
626 1467 661 1494 ob
688 1467 713 1494 id
742 1467 827 1494 alacri
854 1467 946 1494 animo
963 1473 1017 1493 ma~

229 1523 313 1544 terna:
333 1515 468 1543 voluntati
491 1522 588 1550 parere
607 1514 760 1545 desinebat,
787 1513 810 1542 si
831 1513 898 1548 quid
923 1513 958 1540 ab
984 1520 1015 1540 ea

228 1562 376 1598 aliquando
394 1546 587 1593 mandabatur,
603 1560 707 1596 duplici
728 1560 820 1587 studio
840 1546 915 1587 recte
931 1559 1016 1587 vitam
1029 1546 1054 1577 θ

229 1609 421 1639 instituens,ut
431 1611 458 1634 et
467 1607 560 1634 labore
570 1607 705 1634 fervorem
717 1606 806 1634 aetatis
818 1607 1017 1641 exstingueret,

228 1659 257 1682 et
270 1652 449 1688 obsequendo
466 1651 546 1680 matri
562 1656 636 1680 recta
652 1652 696 1678 via
710 1651 744 1678 ad
761 1651 844 1680 Deum
863 1659 911 1687 per
925 1652 1018 1679 divina

231 1700 361 1727 mandata
377 1699 568 1726 contenderet.

267 1745 314 1773 Sic
327 1745 410 1780 igitur
424 1744 634 1779 philosopharis,
651 1747 678 1770 et
694 1743 748 1770 vita
764 1751 812 1770 sua
830 1747 945 1771 matrem
960 1744 1020 1771 bea-

229 1795 286 1819 tam
309 1791 445 1823 reddens,
473 1790 600 1824 quintum
619 1797 722 1816 annutn
740 1794 887 1824 exegerat,
909 1797 972 1816 cum
993 1793 1020 1817 et

237 1836 422 1871 temperantia
444 1840 541 1870 pectus
558 1835 705 1862 instrueret
720 1838 747 1862 et
765 1835 830 1862 totis
846 1835 950 1862 viribus
967 1842 1021 1862 ma-

230 1882 283 1908 tris
300 1881 501 1916 obsequeretur
515 1880 669 1912 voluntati,
691 1880 803 1915 quando
818 1880 916 1907 misere
937 1881 1019 1914 dolis,

231 1931 262 1954 ut
275 1927 384 1961 opinor.
402 1925 552 1953 adversarii
578 1932 660 1960 grave
676 1929 702 1952 et
714 1925 848 1960 tragicum
867 1926 967 1953 vulnus
983 1926 1022 1954 in-

232 1974 335 2000 ﬂictum
350 1978 392 2000 est
407 1972 480 2007 qttod
496 1971 655 1998 calamitate
669 1977 697 1999 et
709 1978 828 1998 maerore
843 1974 928 1998 totam
946 1971 1022 1999 fatui-

231 2020 296 2046 liam
316 2017 415 2046 aﬂ'ecit.
437 2017 562 2052 Repente
585 2017 658 2044 enim
675 2015 835 2044 adolescens
851 2017 914 2043 vitte
934 2017 1023 2044 subri-

231 2066 317 2101 pitur.
338 2073 392 2092 non
412 2065 508 2092 morbo
532 2064 626 2099 aliquo
644 2067 692 2090 aut
715 2063 796 2091 solita
821 2063 875 2091 ulla
893 2064 1020 2096 ratione,

231 2113 379 2139 immatura
390 2117 478 2139 morte
494 2111 621 2139 sublatus
635 2119 642 2137 :
659 2109 707 2137 sed
721 2118 792 2149 cumI
801 2109 833 2137 ad
847 2111 1021 2138 venationem

233 2157 373 2193 profectus
388 2161 477 2189 esset,
494 2164 549 2192 qua
567 2156 703 2184 industria
723 2156 801 2183 senio
815 2155 948 2184 confectis
968 2156 1022 2184 illis

233 2203 317 2229 victui
342 2202 536 2236 suppeditabat
558 2202 716 2229 necessaria
730 2222 737 2233 ,
759 2205 885 2229 mortuus
911 2202 1021 2228 domum

235 2251 400 2282 reportatur,
415 2254 470 2274 una
483 2254 546 2273 cum
564 2247 613 2273 illo
628 2247 688 2281 ipso
705 2247 782 2274 socio
797 2253 823 2274 et
837 2247 862 2273 in
879 2247 953 2274 omni
970 2248 1024 2274 vita

233 2293 462 2328 conjunctissimo
481 2292 665 2328 Chrysaphio.
693 2292 790 2320 Procul
814 2297 904 2320 autent
933 2294 1026 2321 aberat

235 2342 333 2371 mater,
361 2337 444 2364 trium
469 2337 576 2364 dierum
602 2337 700 2364 itinere
728 2338 763 2365 ab
781 2345 812 2365 ea
831 2342 935 2365 remota
953 2338 1027 2365 cala-

235 2384 341 2411 mitate.
353 2383 419 2416 Quae
442 2383 506 2409 licet
524 2382 550 2409 iu
565 2382 642 2409 omni
659 2391 758 2418 genere
776 2384 886 2411 virtutis
902 2383 1025 2418 perfecta

234 2433 320 2461 esset,
335 2433 426 2456 tamen
442 2436 504 2455 eum
519 2432 573 2455 tam
587 2429 716 2456 acerbutn
731 2429 860 2456 nuntium
874 2436 889 2455 a
905 2429 1024 2464 quodam

234 2475 399 2509 accepisset,
424 2477 534 2506 natura,
551 2477 582 2500 at
599 2481 648 2508 par
661 2477 714 2505 est,
734 2478 891 2509 superante,
902 2475 1023 2510 collapsa

234 2521 447 2554 exanimataque
459 2524 565 2547 tantum
579 2528 634 2548 non
645 2521 727 2548 simul
740 2528 801 2548 eum
812 2528 881 2548 voce
897 2521 1023 2555 spiritum

235 2567 337 2594 amisit.
362 2565 443 2593 Ratio
457 2566 531 2593 enim
546 2566 650 2594 doloris
667 2566 858 2601 magnitudine
872 2566 944 2594 victa
958 2574 1025 2594 suc-

234 2612 347 2644 cubuit,
367 2611 479 2646 ipsaque
501 2611 583 2639 veluti
607 2619 759 2647 generosus
781 2611 894 2646 quidam
924 2612 1024 2640 athleta

235 2657 384 2692 improviso
398 2657 511 2684 vulnere
526 2657 627 2684 afﬂicta
643 2658 740 2692 jacuit.

1060 922 1107 949 τοῦ
1120 922 1200 957 δρους
1213 922 1308 958 ραχίας
1323 922 1556 958 ἐγκεκρυμμένον,
1566 922 1595 948 ὲν
1610 922 1688 956 αὺτῴ
1701 921 1796 957 διῆγε,
1811 922 1862 947 τῶν

1061 968 1187 995 ἀπυκῶν
1207 968 1329 1004 θορύϐων
1347 967 1394 994 καὶ
1408 968 1461 994 τῶν
1475 968 1528 995 ἀπὸ
1543 969 1690 1004 στρατείας
1704 977 1736 995 τε
1751 969 1800 994 καὶ
1812 968 1862 994 τῶν

1063 1015 1091 1040 ὲν
1106 1013 1289 1049 δικαστηρίοις
1304 1014 1451 1049 ῥητορικῆς
1465 1014 1665 1050 άσχολημάτων
1680 1014 1781 1049 τιόρρω
1793 1013 1863 1047 γενό-

1065 1068 1155 1095 μενος.
1187 1059 1242 1086 Καὶ
1256 1059 1366 1086 πάντων
1381 1059 1435 1086 τῶν
1448 1060 1512 1095 περὶ
1524 1059 1569 1085 τὸν
1584 1059 1641 1094 βίον
1655 1058 1862 1095 περιηχούντων

1063 1104 1112 1140 τήν
1137 1103 1309 1140 ἀνθρωπίνην
1335 1104 1406 1138 ζωὴν
1440 1104 1535 1130 ἑαυτὸν
1560 1103 1774 1140 ἐλευθερώσας,
1804 1105 1863 1135 τοὺς

1065 1149 1220 1185 πρεσϐύτας
1234 1149 1309 1182 τινὰς
1331 1149 1409 1186 πενίᾳ
1425 1150 1472 1176 καὶ
1485 1149 1626 1186 ἀρρωστίᾳ
1640 1148 1795 1181 quidne-4,
1808 1150 1863 1180 ut;

1067 1195 1147 1228 ἰδίαις
1159 1195 1251 1231 χερσὶν
1266 1195 1413 1231 ἐθεράπευε
1427 1203 1434 1212 ·
1452 1195 1567 1231 πρέπειν
1582 1195 1740 1231 δοκιμάσας
1753 1195 1794 1230 τῷ

1067 1240 1117 1277 βίῳ
1147 1241 1197 1277 τὴν
1225 1241 1355 1277 τοιαύτην
1384 1241 1512 1276 ἀσχολίαν
1542 1241 1586 1268 διὰ
1615 1241 1761 1276 φροντίδος
1783 1241 1863 1275 ἔχειν.

1067 1287 1196 1323 Θηρεύων
1211 1288 1300 1316 τοίνυν
1318 1288 1413 1323 ἰχθύας
1428 1288 1544 1323 ἧγρευεν
1557 1289 1571 1315 ό
1588 1288 1724 1322 γεννάδας
1738 1296 1745 1303 ·
1760 1287 1809 1314 καὶ
1825 1287 1865 1314 διὰ

1066 1334 1097 1360 τὺ
1110 1333 1177 1369 πρὸς
1192 1334 1246 1360 πᾶν
1270 1331 1341 1365 είδος
1367 1333 1530 1369 θηρευτικῆς
1553 1332 1679 1365 ἐπινοίας
1703 1332 1864 1367 ἐπιτηδεπ

1067 1380 1148 1415 ἔχειν,
1161 1379 1270 1415 ὲπόριζε
1285 1379 1329 1406 διὰ
1343 1379 1392 1414 τῆς
1407 1379 1492 1415 θήρας
1507 1380 1563 1411 τοῖς
1579 1378 1727 1413 στέργουσι
1741 1378 1792 1413 τὴν
1805 1386 1864 1413 τρο-

1068 1426 1121 1460 φήν
1132 1433 1139 1441 ’
1156 1425 1203 1452 καὶ
1217 1425 1265 1460 τήν
1278 1425 1392 1461 νεότητα
1403 1426 1458 1457 τοῖς
1471 1425 1602 1456 τοιούτοις
1615 1424 1674 1460 ἅμα
1691 1424 1864 1459 musam;

1069 1471 1160 1503 πόνοις
1173 1479 1179 1485 ·
1202 1469 1270 1497 ἀλλὰ
1292 1470 1339 1497 καὶ
1358 1471 1413 1502 τοῖς
1429 1469 1565 1506 μητρῴοις
1579 1469 1743 1506 θελήμασιν,
1761 1469 1791 1496 εἴ
1804 1468 1866 1496 ποτέ

1068 1525 1095 1543 τι
1110 1517 1174 1552 παρ’
1188 1517 1272 1552 αὐτῆς
1285 1515 1479 1552 προσταχθείη,
1495 1515 1643 1551 προθύμως
1658 1513 1820 1550 ὑπηρετῶν,
1834 1514 1866 1540 δι’

1069 1563 1232 1599 ἀμφοτέρων
1249 1562 1388 1599 κατώρθου
1405 1562 1451 1589 τὸν
1466 1562 1523 1598 βίον
1536 1570 1542 1576 ·
1557 1562 1614 1594 τοῖς
1627 1570 1657 1588 τε
1673 1561 1767 1592 πόνοις
1782 1570 1867 1588 κατα-

1069 1609 1176 1645 κρατῶν
1187 1609 1237 1644 τῆς
1253 1609 1388 1644 νεότητος,
1403 1609 1435 1644 τῇ
1444 1617 1473 1635 τε
1489 1607 1552 1644 περὶ
1569 1607 1619 1644 τὴν
1633 1607 1744 1643 μητέρα
1754 1607 1866 1641 σπουδῇ,

1068 1652 1113 1679 διὰ
1126 1652 1180 1679 τῶν
1196 1653 1276 1680 θείων
1291 1652 1416 1686 ἐντολῶν,
1440 1652 1509 1690 πρὸς
1526 1652 1573 1679 τὸν
1586 1651 1655 1689 θεὸν
1675 1651 1866 1687 εὐοδούμενος,

1104 1743 1233 1780 Πέμπτον
1247 1743 1376 1778 διήγαγεν
1393 1742 1452 1774 ἔτος
1469 1741 1563 1769 τοῦτον
1579 1741 1624 1769 τὸν
1640 1742 1746 1778 τρόπον
1760 1743 1867 1776 φιλοῦσα

1070 1790 1138 1824 φῶν,
1152 1789 1199 1816 καὶ
1215 1789 1384 1825 μακαριστὴν
1399 1788 1482 1816 ποιῶν
1495 1787 1545 1823 τὴν
1557 1787 1664 1824 μητέρα
1677 1789 1710 1823 τῇ
1729 1788 1786 1823 ἰδίᾳ
1799 1788 1866 1822 ζωῇ,

1070 1833 1110 1868 οἷς
1122 1843 1150 1861 τε
1168 1834 1332 1869 κατεκόσμει
1347 1834 1391 1861 διὰ
1409 1833 1586 1869 σωφροσύνης
1605 1832 1654 1868 τὴν
1672 1833 1764 1860 οἰκίαν
1783 1833 1866 1868 ζωὴν,

1071 1879 1111 1913 οἷς
1131 1890 1161 1908 τε
1183 1882 1295 1917 παρεῖχε
1313 1882 1402 1908 πᾶσαν
1419 1880 1467 1916 τὴν
1482 1879 1598 1915 δύναμιν
1610 1879 1708 1906 ἑαυτοῦ
1725 1879 1766 1914 τῷ
1789 1879 1868 1914 θελή-

1073 1936 1138 1963 ματι
1150 1927 1199 1962 τῆς
1213 1925 1428 1962 γεννησαμένης.
1444 1923 1511 1953 Εἶτα
1527 1924 1596 1960 βαρύ
1616 1933 1643 1951 τι
1666 1925 1714 1951 καὶ
1735 1925 1867 1960 τραγικὸν

1072 1972 1157 2005 πάθος
1169 1973 1197 2006 ἐξ
1215 1971 1377 2007 ὲπιῦουλῆς,
1389 1969 1475 2006 οἶμαι,
1491 1971 1538 1997 τοῦ
1552 1970 1745 2005 ἀντικειμένου
1761 1971 1799 2005 τῇ
1817 1979 1867 2005 μη-

1072 2019 1117 2054 τρὶ
1132 2017 1280 2053 συνηνέχθη
1291 2039 1299 2050 ,
1312 2017 1327 2043 ὃ
1342 2018 1422 2044 παντὶ
1438 2016 1478 2052 τῷ
1499 2016 1572 2050 γένει
1587 2015 1655 2051 πρὸς
1679 2016 1827 2052 συμφοράν
1838 2025 1866 2042 τε

1073 2065 1121 2092 καὶ
1138 2063 1234 2096 πένθος
1253 2063 1417 2099 ἐπήρκεσεν.
1439 2062 1584 2097 Δίφνιδίως
1601 2062 1655 2097 γὰρ
1674 2062 1707 2089 ὲκ
1724 2061 1775 2096 τῆς
1797 2061 1866 2096 ζωῆς

1073 2111 1270 2146 ἀναρπάζεται,
1288 2109 1317 2135 οὺ
1337 2109 1488 2143 νοσήματος
1502 2107 1718 2142 προελπισθῆναι
1736 2107 1768 2133 τὸ
1783 2107 1866 2138 πάθος

1074 2155 1346 2191 παρασκευάσαντος,
1362 2153 1412 2180 οὐκ
1424 2153 1503 2180 ἄλλον
1516 2153 1638 2180 τοιούτου
1651 2153 1725 2185 τινος
1740 2153 1798 2179 τῶν
1809 2161 1868 2179 συν-

1075 2201 1149 2237 ήθων
1173 2201 1220 2227 καὶ
1233 2200 1379 2235 γνωρίμων
1393 2199 1580 2233 ἐπαγαγόντος
1596 2199 1636 2234 τῷ
1655 2199 1707 2234 νέῳ
1722 2199 1770 2225 τὸν
1790 2199 1868 2226 οάνι-

1075 2255 1120 2273 τον
1135 2255 1142 2262 ·
1160 2244 1218 2272 ἀλλ’
1241 2246 1287 2272 ἐπὶ
1303 2245 1388 2280 θήραν
1411 2245 1552 2281 ὁρμήσας,
1569 2244 1603 2270 δι’
1622 2242 1656 2280 ἧς
1676 2246 1796 2279 παρεῖχε
1812 2246 1865 2276 tot;

1075 2291 1331 2328 γηρωκομουμὲνοις
1344 2291 1378 2318 τὰ
1400 2291 1556 2326 ἐπιτήδεια,
1572 2290 1669 2325 νεκρὸς
1683 2290 1723 2326 τῷ
1735 2291 1806 2326 οἴκῳ
1823 2291 1867 2317 αύ-

1074 2337 1122 2365 τοῦ
1136 2337 1302 2371 ἐπανάγεται
1315 2356 1323 2368 ,
1343 2336 1424 2367 αὑτός
1440 2344 1471 2363 τε
1497 2337 1599 2367 ἐκεῖνος
1612 2356 1620 2367 ,
1643 2336 1691 2362 καὶ
1713 2336 1728 2362 ὁ
1744 2336 1868 2367 κοινωνὸς

1075 2383 1149 2418 αὐτῷ
1162 2382 1208 2409 τοῦ
1225 2382 1281 2417 βίον
1299 2381 1466 2417 Χρυσάφιος.
1481 2381 1580 2416 Πόρρω
1593 2380 1622 2407 δὲ
1635 2377 1670 2414 ἦν
1690 2379 1748 2407 τῶν
1761 2381 1868 2415 γινομέ-

1074 2438 1127 2456 νων
1138 2430 1155 2464 ή
1170 2429 1270 2464 μήτηρ,
1282 2427 1363 2463 τριῶν
1379 2427 1490 2462 ἡμερῶν
1505 2426 1565 2453 ὁδὸν
1579 2425 1730 2460 ἀφεστῶσα
1745 2427 1796 2462 τῆς
1811 2436 1869 2461 συμ-

1076 2476 1172 2510 φορᾶς.
1182 2475 1237 2502 Καί
1248 2483 1290 2506 τις
1306 2473 1419 2508 ἀφίκετο
1432 2473 1496 2508 παρ’
1507 2472 1592 2507 αὐτὴν
1608 2471 1722 2507 μηνύων
1733 2473 1766 2500 τὸ
1780 2473 1868 2503 πάθος

1074 2523 1091 2557 ἡ
1107 2521 1135 2548 δὲ
1150 2520 1240 2547 τελεία
1257 2520 1306 2555 μὲν
1320 2520 1376 2551 τοῖς
1401 2519 1463 2546 κατ’
1477 2518 1578 2553 ἀρετὴν
1598 2517 1702 2545 ἂπασιν
1724 2516 1761 2553 ἦν
1775 2538 1784 2548 ,
1808 2518 1869 2552 πλὴν

1075 2566 1184 2602 ἐκράτει
1200 2565 1331 2600 κάκείνης
1357 2564 1428 2591 κατὰ
1444 2563 1475 2591 τὸ
1500 2561 1559 2590 ἴσον
1581 2564 1597 2598 ή
1616 2563 1870 2598 φύσις.’οκλάσας;ι

1076 2613 1130 2648 γὰρ
1146 2612 1195 2647 τὴν
1211 2611 1310 2646 ψυχὴν,
1323 2610 1425 2641 ἄπνους
1435 2618 1466 2636 τε
1481 2610 1529 2636 καὶ
1543 2609 1682 2644 ἄφθογγος
1699 2610 1869 2645 παραχρῆμα

1078 2658 1186 2692 ἐγένετο
1197 2677 1204 2690 ,
1224 2656 1271 2683 τοῦ
1291 2654 1422 2690 λογισμοῦ
1439 2654 1478 2689 τῷ
1501 2653 1582 2681 πάθει
1598 2656 1867 2691 παραχωρήσαπ.

235 2703 283 2730 καὶ
304 2703 392 2730 ἔκειτο
414 2703 482 2738 όμοῦ
499 2704 531 2738 τῇ
549 2702 684 2738 προσϐολῇ
706 2702 757 2738 τῆς
788 2703 908 2738 πονηρᾶς
932 2703 1036 2739 ἀκοῆς,
1055 2703 1181 2738 καθάπερ
1205 2710 1246 2734 τις
1272 2700 1390 2736 ἀθλητὴς
1409 2700 1542 2736 γενναῖος,
1563 2700 1769 2737 ἀπροσδοκήτῳ
1791 2707 1867 2728 κατα-

237 2747 375 2774 σεισθεῖσα
389 2747 444 2783 πλη
448 2749 481 2782 γῇ
487 2767 493 2773 .

274 2792 323 2819 llic
340 2799 443 2826 magna;
469 2791 598 2819 Macrinm
623 2791 710 2819 virtus
730 2792 868 2827 apparuit,
892 2801 952 2828 qua:
968 2801 1024 2821 non

238 2836 326 2864 solum
344 2844 373 2864 se
388 2836 517 2864 invictam
532 2842 613 2872 atque
633 2839 754 2864 erectam
777 2837 906 2870 servavit.
929 2845 1023 2866 verum

1119 2791 1163 2817 Ἐν
1180 2789 1268 2825 τούτῳ
1293 2789 1322 2816 δὲ
1346 2788 1431 2824 ἐφάνη
1460 2788 1511 2824 τῆς
1538 2777 1661 2824 μεγάλης
1685 2791 1832 2827 Μακρίνης
1855 2791 1870 2826 ἡ

1078 2836 1181 2872 ἀρετή²
1205 2835 1279 2867 ὅπως
1297 2834 1336 2870 τῷ
1358 2834 1437 2862 πάθει
1461 2834 1507 2862 τὸν
1523 2834 1653 2870 λογισμὸν
1675 2836 1868 2872 ἁντιστήσαω,
