1917 3079
93 116 149 144 969

719 120 764 147 DE
782 121 863 148 VITA
882 121 910 148 S.
931 121 1111 150 MACRlN/E.

1679 128 1733 157 970

89 171 197 206 ἑαυτήν
221 180 249 198 τε
277 172 400 198 ἄπτωτον
424 172 583 207 διεφύλαξε,
609 174 657 200 καὶ
679 174 729 210 τῆς
753 176 875 210 μητρικῆ

941 176 1023 204 etiam
1040 178 1136 206 matris
1152 178 1367 208 imbecillitatem
1388 181 1465 210 fulsit
1480 187 1564 219 atque
1587 187 1730 215 sustinuit.

89 217 238 248 ἀσθενείας
255 217 371 252 ἔρεισμα
393 217 525 259 γενομένη
538 239 545 251 ,
563 219 644 246 πάλιν
671 221 703 246 ὲκ
727 220 774 247 τοῦ
804 221 886 256 βυθοῦ

88 263 142 298 τῆς
154 263 243 298 λύπης
254 263 339 300 αὐτὴν
349 264 531 291 ἀνενεώσατο·
547 265 584 300 τῷ
599 265 660 292 καθ’
671 266 769 300 ἑαυτὴν
782 267 888 302 στεῤῥῴ

87 318 121 335 τε
146 309 193 336 καὶ
212 310 343 345 ἀνενδότῳ
357 331 363 341 ,
380 310 426 337 καὶ
451 311 501 346 τὴν
518 313 567 346 τῆς
592 311 695 348 μητρὸς
715 312 804 348 ψυχὴν
820 313 887 348 πρὸς

89 356 221 391 ἀνδρείαν
228 356 481 392 -παιδοτριϐήσασα,

128 402 235 429 Οὐκοῦν
258 403 288 429 οὐ
319 403 462 439 παρεσύρη
487 404 556 439 πρὸς
578 405 609 431 τὸ
627 405 711 436 πάθος
737 407 754 440 ἠ
774 406 886 441 μήτηρ,

87 448 154 475 οὐδὲ
174 448 259 475 ἔπαθε
276 448 403 483 δυσγενές
420 458 446 476 τι
472 451 518 476 καὶ
540 453 694 484 γυναικεῖον
707 473 715 484 ,
734 452 805 479 ὥστε
822 452 887 488 βοῆ-

89 501 138 520 σαι
152 494 221 529 πρὸς
237 495 267 521 τδ
287 495 372 521 κακὸν
384 514 392 527 ,
411 495 427 530 ἦ
448 496 664 531 περιρῤήξασθαι
681 497 711 524 τὸ
726 497 832 532 ἱμάτιον
844 519 852 531 ,
868 499 885 533 ἢ

87 539 266 566 ὲπικωκύσαι
280 540 318 576 τῷ
333 540 425 573 πάθει,
439 541 456 577 ἢ
472 543 531 573 ταῖς
542 544 651 578 γοεραῖς
668 543 811 578 μελῳδίαις
822 544 886 571 ἀνα-

86 585 203 621 κινῆσαι
216 586 278 619 τοὺς
293 587 419 623 θρήνους.
440 587 520 614 Ἀλλὰ
536 589 626 624 ἡσυχῆ
645 588 814 625 διεκαρτέρει
831 591 886 622 τᾶς

86 631 250 668 λογισμοῖς,
264 635 324 665 ταῖς
344 634 393 669 τῆς
408 633 515 668 φύσεως
531 634 694 669 προσϐολαῖς
705 635 885 671 διωθουμένη,

85 678 232 714 λογισμοῖς
251 688 281 705 τε
308 680 363 710 τοῖς
384 679 459 710 ίδίοις
482 680 530 707 καὶ
549 681 606 711 τοῖς
627 680 704 717 παρὰ
725 681 775 716 τῆς
800 680 885 714 θυγα-

85 725 157 760 τρὸς
172 725 240 760 αὐτῇ
259 724 328 760 πρὸς
344 725 394 760 τὴν
415 725 463 752 τοῦ
482 725 567 753 κακοῦ
584 725 731 761 θεραπείαν
747 735 885 762 προσαγο-

88 772 195 806 μένοις.
209 772 275 798 Τότε
289 771 343 807 γὰρ
354 771 386 807 δὴ
399 772 518 807 μάλιστα
531 772 620 808 ὑψηλή
635 781 666 799 τε
681 773 728 800 καὶ
742 773 884 809 ἐπηρμένη

85 819 104 853 ή
123 819 175 854 τῆς
187 818 322 854 παρθένου
337 818 410 854 ψυχὴ
425 819 538 854 διεφάνη
552 826 558 833 ·
575 820 616 846 ὅτι
628 821 676 846 καὶ
690 821 718 846 ἐν
731 821 821 856 ἐκείνῃ
835 821 884 856 μὲν

941 222 1008 250 Nam
1024 224 1146 251 animum
1162 225 1223 259 ejus
1240 227 1405 261 gravissimo
1417 236 1486 256 casu
1504 229 1641 264 dejectum
1655 234 1732 261 exci-

940 273 1002 297 tans
1024 275 1051 297 et
1070 278 1210 302 recreans,
1227 271 1330 300 invicto
1343 274 1443 303 robore
1465 282 1517 302 suo
1536 277 1570 304 ad
1589 277 1732 307 fortitudi-

939 321 1001 340 nem
1016 319 1042 342 et
1057 315 1232 342 tolerantiam
1250 316 1384 345 instituit.

976 401 1021 429 Sic
1046 402 1130 438 igitur
1149 405 1260 432 tandem
1284 410 1371 434 mater
1384 407 1472 435 dolori
1491 411 1601 442 restitit,
1624 420 1673 439 nec
1690 413 1731 440 in-

937 448 1051 483 dignum
1068 454 1116 476 aut
1131 450 1318 478 elleminatum
1335 452 1478 487 quidpiam
1499 454 1621 487 admisit,
1640 462 1670 484 ut
1689 459 1730 486 vol

938 495 1147 528 vociferaretur,
1172 496 1215 523 vel
1231 497 1342 531 pallium
1367 499 1522 534 scinderet,
1539 502 1582 529 vel
1602 502 1729 536 cjularet,

939 541 982 567 vel
999 541 1133 569 luctuosis
1147 542 1317 571 clamoribus
1333 544 1544 574 lamentationes
1563 547 1728 576 intenderet.

938 585 992 614 Sed
1011 587 1118 615 ratione
1143 589 1245 616 sensim
1271 589 1390 624 impetus
1413 595 1518 619 natura:
1536 593 1655 628 depulit,
1671 598 1729 622 tum

937 633 1068 668 propriis,
1085 636 1141 660 tum
1159 634 1220 661 filize
1243 636 1368 664 consiliis
1386 638 1545 673 aegritudini
1565 639 1729 668 medicinam

937 679 1126 707 aﬂ'erentibus.
1149 679 1225 708 Tunc
1250 682 1323 708 enim
1341 683 1460 711 maxime
1476 684 1590 719 virginis
1619 686 1730 713 animus

936 725 1064 753 excelsus
1077 730 1104 753 et
1114 726 1241 754 sublimis
1258 728 1375 755 exstitit.
1392 729 1498 756 Etenim
1512 731 1640 765 quamvis
1658 731 1729 759 inea

937 772 991 799 vim
1014 780 1091 800 suam
1115 777 1214 800 natura
1241 779 1386 802 exerceret
1401 776 1478 810 (erat
1504 777 1577 804 enim
1592 777 1676 804 frater
1700 782 1729 805 et

938 819 1054 846 fratrum
1066 819 1248 846 charissimus
1263 822 1310 855 qui
1327 824 1381 847 tam
1398 821 1499 849 acerbo
1512 830 1613 857 genere
1630 824 1728 851 nmrtis

84 864 104 898 ἡ
122 864 204 899 φύσις
218 864 249 891 τὸ
265 864 329 892 ἴδιον
343 864 461 900 ἔπασχεν
475 873 482 880 ·
497 866 611 900 ἀδελφὸς
621 866 675 901 γὰρ
688 864 734 902 ἦν,
749 867 795 893 καὶ
810 867 877 894 ἀδελ-

934 865 1091 893 exstinctus
1107 865 1234 899 fuerat),
1253 865 1345 894 tamen
1359 869 1458 894 natura
1478 868 1624 896 sublimior
1641 868 1725 901 facta,

86 909 151 943 ςῶν
171 910 186 935 ὁ
199 910 407 945 κεχαρισμένος,
427 911 441 936 ὁ
465 909 502 945 τῷ
525 911 638 946 τοιούτῳ
661 912 754 947 τροπῳ
769 912 816 938 τοῦ
836 913 884 938 θα-

84 955 171 982 νάτου
193 955 387 991 ἀναρπασθείς.
406 956 501 990 Ὅμως
517 956 669 993 ὑψηλοτέρα
680 958 812 993 γενομένη
836 958 884 993 τῆς

84 1000 200 1035 φύσεως
210 1020 217 1032 ,
231 1001 366 1037 συνεπῆρε
378 1003 433 1033 τοῖς
450 1002 525 1033 ἰδίοις
541 1002 682 1038 λογισμοῖς
695 1002 745 1038 τὴν
764 1003 882 1038 μητέρα,

84 1047 138 1074 καὶ
155 1047 283 1083 ὑπεράνω
307 1047 354 1074 τοῦ
372 1047 475 1079 πάθους
500 1048 617 1083 ἐστησει
640 1048 678 1084 τῷ
703 1049 765 1075 καθ’
786 1049 884 1084 ἑαυτὴν

84 1093 288 1128 ὑποδείγματι,
303 1093 371 1128 πρὸς
385 1093 524 1129 ὑπομονήν
537 1102 566 1119 τε
583 1094 630 1120 καὶ
645 1093 770 1129 ἀνδρείαν
783 1094 881 1120 nativa

82 1139 240 1174 γωγήσασα
250 1147 257 1155 ·
269 1138 358 1170 ἄλλως
374 1138 402 1165 δὲ
413 1139 459 1165 καὶ
472 1140 487 1166 ὁ
503 1138 560 1174 βίος
571 1139 656 1174 αὐτῆς
673 1139 716 1166 ἀεὶ
729 1138 764 1165 δι’
781 1139 882 1174 ἀρετῆς

933 911 1089 939 rationibus
1113 912 1172 940 suis
1198 917 1313 940 matrem
1339 913 1513 947 sublevabat,
1544 915 1727 950 exemploque

934 965 985 984 suo
1001 957 1034 984 ad
1051 957 1210 991 patientiam
1226 963 1254 985 et
1272 959 1401 987 virtutem
1419 961 1548 988 erudiens
1566 961 1727 995 perﬁciebat

934 1007 964 1030 ut
983 1003 1078 1030 dolore
1104 1004 1231 1039 superior
1251 1005 1400 1033 exsisteret
1419 1015 1425 1033 :
1441 1014 1599 1041 quanquam
1615 1010 1642 1034 et
1665 1007 1727 1041 ejus

934 1049 990 1076 vita
1004 1049 1106 1077 virtute
1128 1057 1236 1085 semper
1259 1052 1399 1080 excellens
1415 1053 1520 1080 nullum
1539 1053 1647 1080 sinebat
1663 1059 1726 1081 esse

935 1097 1055 1129 tempus,
1072 1098 1127 1129 quo
1143 1094 1230 1122 mater
1250 1099 1362 1130 propter
1385 1097 1545 1125 maestitiam
1565 1097 1658 1132 potius
1681 1105 1728 1125 anb

935 1144 1057 1175 geretur,
1071 1148 1152 1175 quam
1169 1141 1298 1176 praesenti
1313 1141 1384 1169 bono
1397 1143 1539 1177 gauderet.

83 1185 256 1221 ὑψούμενος,
274 1187 306 1213 οὐ
320 1187 434 1221 παρεῖχε
447 1187 479 1222 τῇ
500 1186 585 1222 μητρὶ
599 1186 695 1222 καιρὸν
725 1186 770 1212 ὲπὶ
790 1186 829 1222 τῷ
851 1186 970 1214 λείποντι
997 1188 1185 1224 δυσχεραίνειν
1209 1189 1329 1224 μᾶλλον,
1365 1190 1382 1225 ἢ
1406 1190 1445 1226 τῷ
1467 1191 1598 1227 ὁρωμένῳ
1631 1191 1727 1227 ἀγαθῷ

83 1233 300 1267 ὲπαγάλλεσθαι.

130 1280 206 1306 Ἐπεὶ
215 1276 262 1307 οὗν
275 1280 413 1307 ἐπαύσατο
427 1282 462 1316 τῇ
483 1281 576 1316 μητρὶ,
589 1281 606 1316 ἥ
620 1289 649 1307 τε
671 1281 722 1315 τῆς
740 1281 884 1317 παιδοτρο-

83 1327 153 1362 φίας
174 1327 285 1362 φροντὶς
306 1328 354 1354 καὶ
375 1328 392 1363 ἡ
417 1327 468 1362 τῆς
492 1327 660 1360 παιδεύσεώς
679 1336 708 1354 τε
732 1328 780 1354 καὶ
799 1335 884 1354 κατα-

84 1373 212 1406 στάσεως
230 1373 286 1400 τῶν
307 1373 410 1400 τέκνων
433 1374 564 1410 μέριμνα,
583 1374 631 1401 καὶ
655 1375 682 1401 αἱ
700 1373 808 1405 πλείους
831 1374 884 1408 τῆς

84 1421 273 1456 ὑλωδεστέρας
287 1421 359 1456 ζωῆς
375 1422 497 1457 ἀφορμαὶ
510 1443 516 1454 ,
531 1422 572 1453 είς
590 1421 624 1448 τὰ
639 1420 722 1448 τέκνα
734 1421 881 1456 κατεμερί-

85 1467 202 1502 σθησαν·
221 1467 293 1499 τότε,
307 1467 397 1499 καθὼς
413 1468 594 1503 προείρηται,
608 1467 713 1502 γίνεται
729 1467 879 1502 σύμϐουλος

82 1514 136 1549 τῆς
157 1514 260 1549 μητρὸς
287 1514 303 1549 ἡ
321 1514 370 1549 τῆς
390 1513 526 1549 παρθένου
541 1513 597 1548 ζωὴ
621 1513 688 1548 πρὸς
702 1513 751 1548 τὴν
768 1513 880 1548 ἐμφιλό-

85 1569 169 1595 σοφον
192 1559 295 1594 ταύτην
322 1560 368 1586 καὶ
395 1559 475 1586 ᾶῡλον
499 1559 545 1586 τοῦ
578 1559 635 1594 βίου
661 1559 813 1595 διαγωγήν”
834 1560 880 1585 καὶ

83 1606 265 1640 ἀποστήσασα
278 1605 333 1632 τῶν
345 1606 379 1631 ἔν’
395 1604 522 1640 συνηθείᾳ
545 1604 667 1635 πάντων,
691 1605 759 1639 πρὸς
772 1604 801 1630 τὸ
815 1604 879 1630 ἴδιον

83 1652 136 1687 τῆς
152 1651 402 1686 ταπεινοφροσύνης
428 1651 525 1686 μέτρον
551 1651 724 1686 μετήγαγεν·
746 1650 877 1685 ὁμότιμον

83 1699 171 1734 αὐτὴν
183 1698 308 1733 γενέσθαι
325 1697 365 1732 τῷ
381 1697 544 1732 πληρώματι
559 1697 612 1723 τῶν
633 1697 774 1732 παρθένων
789 1705 878 1732 παρα-

85 1745 256 1777 σκευάσασα,
269 1744 307 1776 ὡς
327 1744 374 1770 καὶ
385 1743 526 1780 τραπέζης
541 1744 605 1778 μιᾶς
617 1763 624 1776 ,
639 1738 686 1771 καῖ
705 1743 816 1779 κοίτης,
831 1743 878 1770 καὶ

84 1792 197 1819 πάντων
211 1791 264 1818 τῶν
286 1789 355 1826 πρδς
371 1790 420 1826 τὴν
442 1790 516 1826 ζωὴν
532 1790 604 1817 κατὰ
623 1791 653 1817 τὺ
670 1791 726 1817 ἴσον
742 1790 879 1824 συμμετέ-

83 1846 145 1873 χειν
160 1837 273 1869 αὐταῖς,
298 1836 390 1872 πάσης
414 1836 465 1871 τῆς
486 1835 557 1862 κατὰ
579 1836 629 1872 τὴν
647 1835 726 1868 ἀξίαν
747 1835 878 1871 διαφορᾶς

84 1883 281 1918 ὑφαιρεθείσης
298 1881 386 1909 αὐτῶν
402 1882 451 1917 τῆς
477 1881 561 1916 ζωῆς.
578 1882 632 1908 Καὶ
655 1881 765 1916 τοιαύτη
788 1889 830 1912 τις
844 1879 878 1916 ἦν

83 1931 102 1965 ή
117 1928 166 1956 τοῦ
181 1928 237 1963 βίου
253 1928 346 1961 τάξις,
364 1928 412 1955 καὶ
423 1927 549 1955 τοσοῦτον
564 1927 595 1954 τδ
617 1927 684 1962 ὕψος
706 1927 755 1962 τῆς
771 1927 879 1961 φιλοσο-

84 1975 172 2008 ςίας,
189 1974 236 2001 παὶ
250 1975 267 2009 ἡ
291 1973 376 2009 σεμνὴ
400 1972 449 2008 τῆς
475 1973 548 2007 ζωῆς
569 1972 691 1999 πολιτεία
710 1973 739 1999 ὲν
767 1974 800 2008 τῇ
817 1971 877 1999 καθ’

83 2019 193 2056 ἡμέραν
204 2027 234 2046 τε
248 2018 295 2045 καὶ
311 2018 397 2045 νύκτα
414 2018 556 2053 διαγωγῇ,
581 2017 620 2048 ὡς
638 2016 813 2053 ὑπερϐαίνειν
829 2017 878 2052 τὴν

81 2067 119 2093 ἐκ
130 2065 185 2091 τῶν
200 2065 286 2099 λόγων
306 2064 480 2099 ὑπογραφὴν.
499 2063 634 2098 Καθάπερ
649 2063 703 2099 γὰρ
729 2063 756 2090 αί
770 2063 814 2090 διὰ
826 2063 877 2090 0a-

82 2112 167 2140 νάτου
181 2111 236 2138 τῶν
253 2111 388 2146 σωμάτων
405 2109 558 2137 ἐκλυθεῖσαι
567 2109 662 2145 ψυχαὶ,
677 2109 724 2136 καὶ
737 2108 792 2135 τῶν
806 2109 878 2136 κατὰ

80 2158 132 2185 τὸν
157 2156 213 2192 βίον
229 2156 324 2183 τοῦτον
349 2155 488 2191 μεριμνῶν
504 2154 706 2187 συνεκλύονται,
731 2154 818 2186 οὕτως
832 2163 877 2181 κε-

81 2203 204 2239 χώριστο
223 2202 312 2229 αὐτῶν
327 2202 344 2238 ἡ
359 2201 415 2237 ζωὴ
427 2223 434 2233 ,
455 2201 502 2227 καὶ
516 2200 658 2236 ἁπῴκιστο
683 2201 769 2236 πάσης
786 2201 878 2235 βιωτι-

81 2250 139 2285 κῆς
151 2249 344 2285 ματαιότητος,
357 2248 403 2274 καὶ
416 2242 483 2283 πρὸς
499 2247 614 2283 μίμησιν
625 2247 676 2282 τῆς
687 2247 741 2274 τῶν
753 2247 876 2281 ἀγγέλων

81 2295 159 2332 ζωῆς
170 2294 361 2332 ἑρῥυθμίζετο.
379 2294 423 2320 Ἐν
435 2291 475 2325 οἷς
486 2293 541 2328 γὰρ
559 2293 588 2320 οὐ
605 2292 706 2328 θυμὸς,
723 2293 753 2319 οὐ
768 2292 874 2327 φθόνος,

79 2343 115 2369 οὐ
135 2342 212 2377 μῖσος
226 2361 234 2373 ,
249 2341 298 2377 οὐχ
312 2340 446 2376 ὑπεροψία
459 2360 465 2371 ,
480 2340 530 2366 οὐκ
546 2339 609 2367 ἄλλο
632 2347 659 2365 τι
674 2338 729 2365 τῶν
748 2338 876 2365 τοιούτων

81 2388 236 2423 ὲνεωρᾶτοθ
254 2387 272 2422 ἥ
283 2395 311 2413 τε
327 2386 380 2413 τῶν
397 2386 518 2421 ματαίων
531 2385 675 2420 ἐπιθυμία,
689 2385 771 2420 τιμῆς
788 2393 816 2411 τε
829 2384 876 2411 καὶ

80 2433 181 2468 δόξης,
206 2434 254 2460 καὶ
282 2433 383 2467 τύφου,
401 2432 448 2459 καὶ
473 2431 680 2467 ὑπερηφανίας,
703 2432 749 2457 καὶ
766 2431 875 2458 πάντων

79 2480 139 2506 τῶν
150 2479 277 2506 τοιούτων
297 2478 514 2514 ὲκὸεὸλημένων.
529 2479 625 2514 Τρυφὴ
643 2477 669 2504 δὲ
686 2475 720 2512 ἦν
746 2478 763 2512 ἡ
779 2477 877 2513 ἐγκρά-

81 2533 156 2556 τεια,
178 2525 225 2551 καὶ
238 2523 301 2556 δόξα
322 2524 352 2550 τὸ
369 2523 407 2559 μὴ
424 2522 615 2557 γινώσκεσθαι.
631 2522 749 2554 Πλοῦτος
763 2522 792 2549 δὲ
809 2520 872 2558 ἦνὴ

81 2570 260 2606 ἁκτημοσὺνη
273 2591 280 2602 ,
298 2570 345 2597 καὶ
361 2569 391 2596 τδ
413 2570 502 2596 πᾶσαν
523 2569 571 2605 τὴν
588 2570 684 2604 ὑλικὴν
707 2571 874 2605 περιουσίαν,

79 2613 140 2643 οἷόν
155 2624 214 2642 τινα
231 2616 304 2643 κόνιν
320 2616 373 2643 τῶν
387 2617 531 2652 σωμάτων,
545 2615 875 2651 ἀποτινάξασθαι.Ἐργον

80 2661 111 2688 δὲ
126 2660 180 2687 τῶν
193 2660 263 2687 κατὰ
277 2660 326 2695 τὴν
341 2660 413 2695 ζωὴν
431 2660 533 2695 ταύτην
550 2658 772 2694 σπουδαζομένων
788 2659 874 2690 οὐδὲν,

81 2707 125 2732 ὅτι
141 2705 179 2741 μὴ
194 2707 343 2742 πάρεργον.
361 2705 434 2740 Μόνη
448 2705 476 2731 δὲ
495 2706 512 2740 ἡ
528 2705 582 2731 τῶν
596 2704 675 2731 θείων
696 2703 794 2739 μελέτη
806 2724 812 2734 ,
828 2705 875 2730 καὶ

81 2751 113 2779 τὺ
133 2751 184 2786 τῆς
198 2751 351 2786 προσευχῆς
367 2751 548 2782 ἀδιάλειπτον,
562 2750 610 2777 καὶ
623 2751 639 2786 ἡ
651 2750 788 2781 ἄπαυστος
811 2750 875 2785 ὑμν-

81 2798 160 2834 ῳδία·
175 2798 246 2824 κατὰ
264 2797 294 2824 τδ
311 2797 366 2824 ἴσον
383 2797 654 2833 συμπαρατεινομένη
669 2796 708 2832 τῷ
721 2796 818 2831 χρόνῳ,
833 2795 876 2822 διὰ

81 2843 180 2874 νυκτὸς
201 2844 249 2869 καὶ
263 2843 368 2879 ἡμέρας
388 2843 478 2876 πάσης
490 2851 498 2858 ·
512 2842 582 2869 ὥστε
605 2842 699 2874 αὑταῖς
711 2862 718 2875 ,
735 2842 781 2883 καὶ
796 2841 876 2876 ἔργον

205 2892 344 2921 PATnOL.
367 2891 426 2921 Gn.
452 2891 560 2920 XLVL

1561 1262 1568 1273 ι

970 1279 1038 1307 Cum
1056 1279 1140 1315 igitur
1151 1279 1208 1314 jam
1222 1283 1249 1307 et
1268 1281 1480 1309 nutriendorum
1496 1283 1646 1313 liberorum
1659 1290 1726 1314 cura

933 1328 961 1353 et
976 1325 1150 1353 educationis
1167 1331 1250 1360 atque
1264 1327 1456 1356 collocationis
1474 1337 1567 1357 eorum
1586 1337 1659 1359 esset
1673 1334 1725 1360 solt

932 1371 1077 1400 licitudine
1096 1371 1223 1405 liberata,
1240 1376 1267 1399 et
1290 1373 1423 1401 molestize
1444 1374 1602 1404 domesticae
1619 1378 1726 1414 majore

931 1426 966 1446 ex
980 1421 1057 1453 parte
1081 1418 1152 1445 inter
1179 1418 1254 1452 ipsos
1275 1419 1346 1447 ﬁlios
1366 1420 1462 1449 divisze
1482 1421 1596 1451 forent:
1614 1429 1722 1457 auctor,

934 1467 964 1490 ut
986 1462 1091 1490 dictum
1117 1467 1174 1493 est.
1191 1463 1272 1490 matri
1298 1465 1375 1499 virgo
1394 1465 1456 1498 fuit,
1473 1470 1503 1493 ut
1524 1467 1557 1494 ad
1581 1469 1724 1503 sapientia!

933 1506 1055 1534 studium
1067 1511 1095 1534 et
1109 1514 1205 1542 puram
1220 1507 1328 1535 vivendi
1343 1508 1478 1537 rationem
1491 1518 1552 1539 sese
1561 1512 1701 1541 conferret
1713 1523 1722 1541 ι

932 1559 1049 1588 eamque
1068 1560 1085 1580 a
1101 1553 1218 1588 reliquis
1230 1554 1359 1582 omnibus
1380 1556 1462 1583 rebus
1481 1562 1508 1584 et
1529 1557 1645 1592 pristina
1660 1567 1723 1587 con.

893 1595 914 1622 C
932 1599 1093 1632 suetudine,
1118 1601 1151 1627 ad
1176 1601 1314 1636 propriam
1339 1602 1453 1629 humilis
1468 1603 1636 1640 abjeetazque
1661 1607 1722 1634 vita!

931 1645 1147 1674 moderationem
1168 1647 1293 1679 adduxit,
1313 1651 1342 1675 ut
1367 1649 1393 1675 in
1420 1656 1452 1676 ea
1469 1650 1606 1686 virginum
1628 1652 1722 1679 multi-

931 1691 1028 1720 tudine
1043 1692 1139 1720 eadem
1155 1701 1218 1720 cum
1237 1693 1291 1720 illis
1308 1694 1468 1722 conditione
1477 1695 1591 1727 viveret.
1611 1702 1722 1733 unaque

930 1744 1037 1771 mensa,
1054 1738 1137 1765 simili
1153 1739 1263 1771 lectulo,
1279 1740 1337 1775 pari
1356 1740 1475 1775 denique
1488 1746 1516 1769 et
1529 1749 1607 1777 :equa
1627 1751 1720 1770 rerum

929 1785 1052 1811 omnium
1065 1792 1125 1820 quae
1142 1785 1175 1812 ad
1194 1786 1278 1812 vitam
1295 1787 1441 1821 pertinent,
1460 1788 1568 1816 ratione
1585 1794 1719 1822 uteretur;

929 1830 1004 1857 omni
1018 1838 1052 1858 ex
1069 1831 1191 1865 ipsarum
1209 1831 1264 1858 vita
1276 1832 1421 1867 dignitatis
1433 1833 1587 1862 diﬂ'ercntia
1600 1836 1719 1864 sublata;

928 1875 1113 1908 Quamobrem
1135 1877 1197 1905 talis
1214 1882 1273 1905 erat
1301 1879 1364 1906 vitae
1382 1879 1452 1906 ordo
1470 1884 1602 1916 tantaque
1622 1881 1649 1909 in
1674 1890 1720 1910 sa—

929 1923 1039 1957 pientizn
1067 1923 1161 1951 studio
1186 1925 1345 1958 praestantia
1363 1929 1391 1952 et
1408 1930 1463 1953 tam
1490 1927 1581 1962 gravis
1609 1928 1727 1957 vivendi'

928 1968 1087 2003 disciplina,
1112 1973 1142 1996 ut
1165 1970 1239 1997 nulla
1264 1970 1384 1999 describi
1411 1972 1499 2006 possit
1516 1974 1652 2002 orationis
1677 1974 1719 2002 fa:

928 2015 1051 2042 cultate:
1069 2016 1165 2050 quales
1174 2017 1249 2044 enim
1267 2021 1334 2045 sunt
1347 2017 1443 2050 animi,
1460 2018 1506 2053 qui
1518 2019 1644 2053 corporis
1658 2020 1720 2048 vini

927 2060 998 2089 culis
1019 2061 1103 2089 soluti
1125 2062 1317 2097 molestiisque
1340 2063 1448 2091 liberati
1460 2071 1494 2091 ex
1507 2064 1560 2092 hoc
1577 2065 1641 2093 vita:
1656 2073 1721 2094 ear-

927 2113 991 2135 cere
1012 2107 1194 2135 avolaverunt
1212 2118 1218 2135 :
1234 2109 1299 2136 talis
1316 2113 1377 2136 erat
1401 2117 1497 2137 earum
1519 2111 1590 2144 vita,
1617 2111 1721 2148 quippe

928 2160 990 2188 quae
1010 2153 1045 2180 ab
1066 2154 1141 2180 omni
1161 2161 1253 2181 rerum
1277 2154 1461 2193 humanarum
1484 2156 1607 2184 vanitate
1630 2157 1720 2185 aliena

928 2200 962 2225 ad
986 2199 1146 2234 angelorum
1169 2199 1232 2227 vitae
1256 2200 1466 2228 similitudinem
1496 2202 1621 2236 proxime
1641 2210 1719 2231 acce-

930 2244 1021 2272 debat.
1038 2244 1097 2272 Non
1116 2245 1168 2278 ira,
1192 2253 1246 2272 non
1268 2245 1385 2279 invidia,
1408 2254 1464 2274 non
1484 2247 1589 2280 odium,
1604 2256 1660 2276 non
1674 2257 1721 2277 su-

929 2291 1016 2326 spicio
1034 2291 1106 2318 inter
1116 2299 1164 2319 eas
1179 2291 1364 2326 cernebatur;
1382 2293 1473 2320 omnis
1488 2293 1612 2327 honoris,
1627 2295 1721 2330 gloria:

927 2342 956 2364 et
978 2338 1095 2365 aliarum
1117 2338 1143 2365 id
1169 2341 1257 2374 genus
1290 2338 1413 2366 inaniUm
1445 2346 1537 2367 rerum
1571 2341 1718 2375 cupiditas,

928 2385 1020 2411 omnis
1043 2386 1132 2412 fastus
1152 2390 1179 2412 et
1202 2385 1343 2420 superbia,
1368 2389 1395 2412 et
1411 2386 1516 2422 reliqua
1536 2386 1639 2414 similia
1654 2387 1720 2414 vitia

928 2429 992 2457 inde
1018 2429 1120 2464 reiecta
1147 2434 1236 2458 erant.
1262 2430 1378 2459 Delicias
1396 2439 1463 2460 suas
1492 2433 1520 2459 in
1536 2433 1719 2467 temperantia

927 2476 1116 2509 collocabant;
1136 2477 1252 2512 gloriam
1273 2485 1350 2505 suam
1384 2478 1412 2505 in
1429 2486 1462 2506 eo
1482 2478 1617 2514 putabant
1636 2480 1718 2506 sitam

927 2522 1000 2557 quod
1013 2526 1084 2549 nota:
1099 2527 1193 2550 essent
1209 2522 1461 2556 nemini;divitias,
1477 2524 1551 2558 quod
1567 2523 1636 2550 nihil
1653 2528 1719 2558 pos-

927 2567 1059 2600 siderent,
1071 2567 1201 2603 quodque
1211 2571 1338 2596 terrenas
1353 2576 1449 2596 omnes
1465 2569 1570 2604 copias,
1589 2574 1718 2604 tanquam

929 2614 1082 2649 pulverem,
1100 2622 1116 2642 a
1135 2615 1301 2650 corporibus
1319 2616 1379 2642 suis
1396 2615 1596 2643 excussissem.
1606 2614 1717 2642 Nullum

928 2664 1020 2687 autem
1036 2667 1091 2687 non
1113 2661 1195 2688 inane
1215 2660 1337 2688 studium
1355 2668 1418 2688 esse
1435 2660 1582 2692 ducebant,
1599 2661 1670 2695 quod
1690 2661 1718 2687 iu

929 2706 982 2733 hac
996 2706 1051 2733 vita
1069 2707 1192 2734 curanda
1213 2707 1384 2742 colcndaque
1406 2711 1564 2741 poneretur.
1581 2706 1643 2733 Sola
1663 2706 1719 2734 illic

929 2758 1022 2778 rerum
1056 2751 1211 2778 divinarum
1245 2752 1353 2786 vigebat
1380 2758 1465 2784 cura,
1501 2755 1718 2787 perpetuumque

930 2796 1061 2832 precandi
1081 2797 1221 2828 studium,
1246 2802 1273 2824 et
1293 2798 1403 2825 assidua
1425 2798 1595 2833 psalmorum
1615 2799 1718 2825 decan‘t

930 2843 1008 2877 tatio,
1035 2842 1197 2879 quae'nul‘lo
1219 2851 1339 2878 unquam
1370 2848 1493 2879 tempore
1515 2851 1566 2871 nec
1594 2844 1638 2871 die
1667 2842 1717 2872 hei

1560 2890 1593 2923 3!
