1917 3079
211 121 259 150 9'"
297 130 301 133 '

836 117 865 145 S.
889 117 1053 145 GREGOltll
1073 117 1219 145 NYSSENI

1809 113 1866 140 972

213 181 291 206 nocte
307 175 540 204 intermittebatur
556 184 561 203 :
575 178 604 202 ut
620 174 645 202 in
660 182 691 201 ea
705 182 734 202 re
759 179 787 202 et
798 182 868 211 opus
879 175 1000 210 ipsarum

1067 174 1121 202 ἶναι
1139 175 1227 209 τοῦτο,
1244 177 1289 202 καὶ
1302 176 1391 211 ἔργον.
1407 175 1567 202 ἀνάπαυσιν.
1583 173 1640 209 Τὴν
1654 171 1755 199 τοίνυν
1772 171 1869 197 toni--

213 224 315 259 paritcr
337 227 365 250 et
391 222 471 257 quies
488 222 663 249 consisteret.
685 220 815 254 Quaenam
840 221 925 257 igitur
950 221 1003 248 ltu-

213 277 293 298 mana
307 269 417 297 dicendi
432 269 474 296 vis
484 268 558 295 hanc
573 266 684 295 vivendi
704 267 841 295 rationem
861 268 1004 303 explicare

213 316 312 352 queat?
329 315 394 342 Erat
420 315 545 350 ipsarum
568 314 622 341 vita
646 313 717 341 inter
745 314 894 341 humanam
921 314 1003 342 coale-

215 365 342 396 stemque
358 364 484 388 naturam
511 359 654 394 interjecta
664 380 671 391 ,
687 359 833 394 utriusque
847 360 1003 395 particeps.

216 405 327 441 utrique
358 404 474 432 ﬁnitima
493 413 500 432 :
517 404 621 432 etenim
644 408 781 439 quatenus
805 404 841 432 ab
875 404 1005 433 humanis

216 451 470 487 perturbationibus
485 458 513 479 se
525 450 690 484 vindicarat,
710 450 830 478 hominis
846 450 1006 479 conditione

217 497 392 533 praestantior
413 501 488 530 erat;
507 500 645 531 quatenus
664 500 756 524 autem
774 496 802 524 in
817 503 932 532 corpore
946 505 1006 524 cer-

216 542 345 575 nebatur,
359 545 387 570 et
399 542 522 570 hominis
536 542 732 570 continebatur
744 541 829 577 ﬁgura
838 546 864 570 et
874 551 1005 571 sensuum

216 585 410 615 instrumentis
426 585 567 618 utebatur,
581 583 712 621 angelicae
725 589 752 613 et
763 587 890 621 corporis
900 587 1005 622 experti

216 635 323 658 natura:
339 631 477 659 cedebat:
495 631 569 659 ausit
589 631 704 659 forsitan
732 632 834 667 aliquis
851 633 932 659 etiam
950 641 1006 660 non

218 677 378 705 interiorem
404 685 466 706 esse
487 678 666 705 contendere.
688 677 918 713 Quandoquidem
943 685 1005 706 cum

217 730 300 750 carne
314 724 447 755 viventes,
472 723 506 751 ad
531 723 742 751 similitudinem
764 725 921 751 vacantium
945 732 1007 752 cor-

218 775 284 802 pore
295 772 473 802 potestatum,
489 775 572 796 onere
583 769 710 804 corporis
723 777 778 797 non
795 770 1004 805 premebantur:

218 812 266 841 sed
288 813 398 841 excelsa
423 818 451 842 et
465 814 593 842 sublimis
615 819 676 843 erat
703 823 798 843 earum
814 816 881 849 vita.
906 816 1007 852 quippe

218 866 280 893 qua:
309 859 366 886 alto
388 864 538 895 erectoque
561 860 654 888 animo
677 868 740 888 cum
767 862 927 890 cmlestibus
952 863 1007 890 illis

219 904 404 939 potestatibus
423 905 617 933 versabantur.
641 905 671 933 ln
687 906 740 934 hoc
756 906 864 934 vivendi
881 907 1008 936 instituto

219 957 274 976 non
291 957 375 985 parvo
394 953 517 985 tempore
534 951 672 984 vixerant,
695 959 757 979 enm
772 952 893 980 assiduis
912 953 1009 981 invert-

1053 230 1103 256 την
1118 220 1255 256 διαγωγὴν
1276 221 1318 253 τίς
1332 220 1364 247 ἂν
1389 221 1434 246 ὑπ’
1447 220 1507 254 ὄψιν
1524 220 1625 254 ἀγάγοι
1639 218 1728 253 λόγος
1753 215 1868 251 ἀνθρὼ-

1054 272 1150 296 πινος;
1169 265 1237 299 Παρ¹
1252 260 1293 296 οἷς
1309 264 1435 300 μεθόριος
1451 262 1485 299 ἦν
1507 264 1524 299 ἡ
1540 263 1597 299 ζωὴ
1619 262 1674 297 τῆς
1693 269 1728 288 τε
1755 260 1868 296 ἀνθρω-

1055 309 1135 344 πίνης
1158 309 1204 336 καὶ
1218 309 1267 344 τῆς
1290 308 1436 344 ἀσωμάτου
1452 308 1569 342 φύσεως.
1584 308 1624 334 Τὸ
1639 307 1694 342 μὲν
1711 307 1774 341 γὰρ
1790 305 1869 331 ἐλευ-

1055 354 1207 390 θερωθῆναι
1227 355 1281 381 τῶν
1303 355 1479 390 ἀνθρωπίνων
1501 354 1678 390 παθημάτων
1703 351 1760 387 τὴν
1784 350 1869 385 φύσιν

1056 402 1179 436 κρεῖττον
1206 400 1222 436 ἢ
1249 401 1318 428 κατὰ
1343 400 1486 436 ἄνθρωπον
1502 398 1550 435 ἦν’
1575 399 1607 426 τὸ
1632 398 1662 425 δὲ
1693 398 1726 424 ὲν
1755 395 1866 431 σώματι

1056 446 1197 482 φαίνεσθαι
1208 447 1255 473 καὶ
1270 446 1389 481 σχήματι
1404 444 1604 481 περιειλῆιςθαι,
1622 444 1671 471 καὶ
1688 444 1753 474 τοῖς
1768 442 1867 477 αἰσθη-

1055 494 1140 524 τικοίς
1156 492 1281 528 ὀργάνοις
1297 491 1381 527 συζῇν
1392 512 1399 524 ,
1429 493 1458 518 ὲν
1478 490 1565 526 τούτῳ
1581 490 1633 525 τῆς
1651 488 1816 523 ἀγγελικῆς
1838 497 1864 513 τε

1057 541 1103 567 καὶ
1117 541 1262 575 ἀσωμάτου
1277 539 1384 574 φύσεως
1409 539 1440 566 τὸ
1467 539 1577 565 ἔλαττον
1590 536 1677 573 εἶχον.
1694 535 1781 570 Τάχα
1796 534 1822 560 δ’
1834 534 1865 559 ἂν

1055 594 1097 617 τις
1112 585 1248 620 τολμήσας
1264 586 1335 612 είποι
1352 586 1418 621 μηδὲ
1446 584 1665 618 καταδεεστέραν
1688 582 1743 617 τὴν
1759 581 1866 616 παρειλ-

1056 631 1141 667 λαγὴν
1157 630 1246 658 εἶναι·
1271 631 1311 658 ὅτι
1335 631 1416 666 σαρκὶ
1443 630 1596 663 συζῶντες,
1625 628 1692 656 καθ’
1709 627 1864 662 ὁμοιότητι

1056 677 1110 703 τῶν
1128 677 1280 712 ἀσωμάτων
1293 676 1443 712 δυνάμεων,
1456 677 1505 703 οὐκ
1518 675 1670 712 ἐϐαροῦντο
1683 673 1726 709 τῷ
1742 672 1864 707 ὲφολκίῳ

1057 722 1103 749 τοῦ
1121 722 1262 758 σώματος·
1290 722 1347 750 ἀλλ’
1363 723 1507 758 ἀνωφερὴς
1532 731 1563 749 τε
1585 721 1634 749 καὶ¹
1656 721 1806 757 μετέωρος
1830 717 1862 754 ἦν

1058 768 1146 795 αὐτῶν
1171 769 1187 803 ἡ
1206 768 1281 804 ζωὴ,
1305 769 1366 800 ταῖς
1388 768 1527 804 οὐρανίαις
1548 764 1861 802 συμμετεωροποροῦσει

1057 814 1186 849 δυνάμεσι
1199 823 1205 828 ·
1223 814 1317 849 χρόνος
1338 811 1374 849 ἦν
1397 814 1446 848 τῆς
1470 813 1597 848 τοιαύτης
1624 811 1793 847 διαγωγῆς,
1813 810 1862 836 οὐκ

1059 860 1148 894 ὀλίγος
1161 868 1166 874 ·
1182 860 1229 886 καὶ
1245 858 1391 894 συνηύξετο
1414 859 1452 895 τῷ
1471 859 1559 895 χρόνῳ
1578 859 1614 886 τὰ
1630 858 1842 894 κατορθώματα
1853 875 1861 887 ,

1060 905 1103 932 ἀεὶ
1119 905 1186 940 πρὸς
1200 905 1231 931 τὸ
1249 904 1440 940 καθαρώτερον
1460 906 1518 936 ταῖς
1536 905 1590 931 τῶν
1613 902 1862 939 ὲφευρισκομιένων

1060 951 1171 986 ἀγαθῶν
1187 950 1357 986 προσθήκαις
1369 951 1418 986 τῆς
1434 951 1592 985 φιλοσοφίας
1607 950 1800 984 ὲπιδιδούσης.

219 1000 310 1023 torum
327 995 460 1024 bonorum
478 997 697 1029 accessionibus,
719 998 863 1033 sapientia:
880 999 1002 1027 studium
1021 1002 1154 1035 augentes
1170 998 1203 1025 ad
1239 998 1370 1033 majorem
1402 997 1488 1024 animi
1509 998 1676 1024 munditiam
1703 995 1861 1032 appropin-

219 1046 348 1078 quarent.

254 1087 294 1114 Ad
317 1087 388 1114 hunc
410 1092 500 1115 autem
521 1091 577 1114 tam
604 1089 766 1123 praeclarum
795 1096 909 1124 scopum
930 1097 1007 1118 assc-

219 1133 356 1168 quendum
374 1139 474 1168 magno
486 1138 546 1160 erat
561 1133 721 1168 adjumento
734 1134 818 1163 frater
834 1135 944 1170 quidam
960 1143 1007 1163 eo-

220 1179 283 1206 dem
309 1186 342 1206 ex
370 1181 448 1206 utero
464 1179 565 1211 editus,
584 1180 630 1214 qui
647 1179 744 1208 Petrus
771 1181 969 1216 appellabatur,
983 1182 1010 1208 in

221 1229 277 1258 quo
292 1222 417 1258 pariendi
433 1222 543 1251 dolores
558 1223 664 1251 ﬁnierat
678 1229 764 1252 mater
780 1232 786 1250 :
805 1225 849 1253 hic
859 1225 930 1252 enim
946 1226 1012 1252 ulli-

221 1276 283 1296 mus
299 1275 313 1295 a
328 1268 486 1303 parentibus
504 1273 650 1303 susceptus
663 1275 706 1297 est
721 1269 805 1303 ﬁlius,
822 1272 869 1307 qui
890 1272 972 1299 simul
987 1277 1013 1300 et

219 1317 302 1342 natus
317 1318 354 1343 et.
363 1313 450 1341 orbus
468 1313 527 1341 fuit.
545 1314 605 1347 Quo
620 1314 693 1342 enim
714 1318 836 1351 tempore
856 1317 913 1352 ipse
931 1317 959 1344 in
971 1317 1012 1344 lu-

219 1367 279 1388 cem
309 1358 453 1391 edebatur,
469 1365 546 1393 pater
569 1367 585 1387 e
604 1360 660 1387 vita
687 1360 815 1390 decessit.
842 1361 931 1396 Hunc,
951 1371 1013 1399 qua:

219 1405 290 1432 inter
303 1404 406 1432 liberos
426 1411 486 1432 erat
512 1409 579 1432 natu
600 1406 719 1433 maxima
733 1426 740 1439 ,
753 1414 806 1442 qua
828 1408 862 1435 de
887 1408 1013 1436 instituta

219 1451 277 1479 haec
302 1455 345 1479 est
367 1451 468 1483 oratio,
495 1452 578 1487 paulo
602 1456 665 1486 post
678 1452 740 1488 ejus
765 1459 856 1481 ortum
877 1454 912 1481 ab
928 1455 1013 1483 ubere

1089 1085 1144 1114 Ἶίν
1156 1086 1184 1113 δὲ
1200 1087 1279 1122 αὐτῇ,
1293 1087 1308 1113 ὁ
1322 1086 1438 1122 μάλιστα
1454 1086 1522 1122 πρὸς
1535 1086 1580 1113 τδν
1595 1086 1684 1122 μέγαν
1698 1086 1799 1113 τοῦτον
1814 1086 1859 1113 re;

1057 1133 1115 1169 βίου
1141 1133 1240 1159 σκοπὸν
1264 1133 1417 1169 ὑπηρετῶν,
1443 1133 1557 1168 ἀδελφός
1580 1141 1622 1164 τις
1650 1133 1857 1167 ὁμογάστριος,

1058 1179 1159 1214 Πέτρος
1178 1179 1263 1213 ὄνομα
1276 1178 1351 1214 αὺτῷ
1361 1199 1368 1210 ,
1394 1179 1436 1214 ἐφ’
1449 1176 1471 1213 ᾧ
1485 1178 1583 1214 ἔληξαν
1595 1178 1646 1213 τῆς
1660 1179 1768 1214 μητρὸς
1780 1179 1859 1213 ἡμῖν,

1059 1225 1087 1251 αἱ
1105 1224 1209 1256 ὠδῖνες.
1233 1219 1318 1255 Οὗτος
1334 1223 1388 1259 γὰρ
1404 1221 1437 1260 ἢν
1458 1225 1472 1250 ὁ
1491 1223 1645 1256 τελευταῖος
1670 1223 1728 1250 τῶν
1753 1223 1858 1249 ὠδίνων

1062 1269 1176 1305 βλαστός
1188 1278 1195 1284 ·
1215 1269 1244 1300 ὃς
1265 1269 1332 1305 ὁμοῦ
1353 1278 1383 1296 τε
1406 1269 1476 1301 υίὸς.
1492 1269 1539 1296 καὶ
1555 1270 1673 1304 ὀρφανὸς
1687 1269 1839 1304 ὠνομάσθη
1849 1278 1855 1284 ·

1062 1316 1120 1350 ἅμα
1140 1315 1194 1350 γὰρ
1208 1315 1246 1350 τῷ
1261 1315 1406 1351 παρελθεῖν
1423 1316 1516 1343 τοῦτον
1535 1317 1575 1348 εἰς
1595 1316 1654 1349 φῶς
1665 1336 1673 1349 ,
1694 1316 1857 1343 καταλείπει

1061 1360 1075 1386 ὁ
1089 1360 1178 1395 πατὴρ
1192 1360 1237 1386 τὸν
1251 1359 1318 1395 βίον.
1341 1360 1411 1386 Ἀλλ’
1428 1361 1444 1396 ή
1461 1359 1635 1396 πρεσϐυτάτη
1646 1360 1702 1386 τῶν
1720 1361 1856 1396 ἀδελφῶν,

1061 1405 1125 1440 περὶ
1139 1403 1173 1440 ἦς
1190 1406 1203 1431 ὁ
1219 1405 1297 1438 λόγος
1308 1425 1315 1437 ,
1335 1405 1420 1441 μικρὰ
1433 1405 1483 1440 τῆς
1505 1405 1589 1441 θηλῆς
1603 1406 1685 1433 αὑτὸν
1702 1407 1785 1441 παρὰ
1810 1407 1858 1442 τὴν

1061 1450 1172 1486 πρώτην
1188 1450 1294 1484 γένεσιν
1309 1451 1487 1486 μετασχόντα,
1503 1451 1584 1484 εὐθὺς
1606 1452 1798 1479 ἀποσπάσασα
1811 1452 1859 1486 τῆς

219 1497 336 1526 nutricis
361 1497 498 1526 sublatum
512 1498 569 1533 ipsa
586 1499 680 1526 statim
700 1499 834 1533 enutriit,
852 1502 1011 1528 excellenti-

1067 1496 1273 1532 τιθηνουμένης.
1291 1496 1324 1523 δι’
1339 1497 1436 1533 ἑαυτῆς
1458 1498 1605 1533 ἀνατρέφει
1623 1507 1653 1525 τε
1672 1499 1721 1525 καὶ
1742 1499 1792 1525 ἐπὶ
1807 1500 1860 1524 πᾶ-

220 1552 274 1580 que
295 1544 442 1580 disciplina
463 1543 609 1577 educavit,
627 1545 715 1574 sacris
739 1547 873 1575 institutis
891 1554 906 1574 a
926 1555 1011 1582 puero

220 1590 311 1625 ipsum
325 1590 468 1622 erudiens,
485 1589 554 1618 adeo
571 1594 601 1617 ut
618 1590 687 1618 nihil
703 1591 752 1618 otii
768 1593 946 1625 concesserit,
957 1600 1011 1628 quo

221 1639 314 1671 posset
337 1635 436 1663 studiis
461 1635 591 1664 inanibus
613 1643 728 1668 vacare;
745 1637 856 1665 namilli
883 1645 913 1666 se
925 1641 951 1666 et
965 1645 1013 1673 pa-

220 1686 290 1708 trem
303 1685 330 1708 et
345 1680 508 1715 magistrum
522 1684 549 1708 et
573 1681 728 1714 custodem,
750 1684 778 1708 et
795 1685 920 1713 matrem.
937 1687 964 1710 et
978 1682 1011 1709 ad

221 1724 326 1759 optima
348 1732 464 1760 qumque
495 1725 693 1752 consultricem
721 1726 848 1761 prmbuit,
876 1727 1014 1763 talemque

222 1768 340 1796 reddidit
354 1773 384 1796 ut
403 1773 549 1804 antequam
560 1770 704 1798 excederet
716 1778 732 1798 e
744 1771 859 1805 pueritia
876 1771 903 1799 iu
918 1777 1013 1800 tenero

222 1814 270 1841 illo
291 1815 381 1842 a'tatis
405 1814 474 1841 ﬁore
488 1815 522 1841 ad
547 1815 688 1842 excelsum
704 1816 882 1851 philosophia:
900 1817 1013 1852 gradum

222 1860 389 1888 ascenderit.
405 1860 443 1887 Ea
461 1861 572 1895 quidem
589 1864 648 1888 erat
659 1861 762 1895 ingenii
780 1862 913 1894 bonitate,
935 1869 964 1890 ut
980 1863 1013 1891 ad

222 1906 313 1933 omnia
330 1906 431 1933 artium
446 1913 545 1940 genera
560 1906 642 1932 etiam
666 1908 867 1941 quaemanibus
883 1917 1015 1937 exercen-

222 1955 269 1979 tur
288 1950 473 1987 perdiscenda
486 1955 567 1978 natus
579 1958 641 1978 esse
659 1951 799 1979 videretur
812 1960 820 1979 :
841 1962 926 1989 quare
939 1955 1015 1982 nullo

222 1997 294 2025 duce
311 1996 461 2032 perfectam
479 2003 575 2023 eorum
598 1996 723 2031 peritiam
743 2002 785 2025 est
797 2004 941 2027 assecutus
955 2007 1016 2035 quae

222 2042 315 2070 cazteri
336 2041 424 2068 multo
451 2044 575 2075 tempore
593 2045 621 2068 et
638 2041 730 2069 labore
757 2042 867 2071 discunt
882 2052 897 2071 a
913 2052 1016 2079 prace-

223 2087 359 2123 pturibus.
386 2085 412 2114 ls
427 2092 494 2121 ergo
516 2085 672 2113 studiorum
694 2091 870 2116 externorum
898 2097 1017 2125 occupa-

1063 1550 1112 1568 σαν
1126 1541 1174 1576 τὴν
1185 1541 1353 1577 ὑψηλοτέραν
1368 1543 1454 1577 ήγαγε
1475 1543 1626 1575 παίδευσιν,
1637 1545 1693 1575 τοῖς
1708 1545 1797 1579 ἱεροῖς
1807 1545 1859 1570 τῶν

1064 1586 1232 1622 μαθημάτων
1259 1587 1291 1613 ὲκ
1308 1587 1412 1621 νηπίων
1436 1588 1518 1614 αὑτὸν
1546 1589 1724 1624 ὲνασκήσασα
1738 1609 1746 1620 ,
1763 1589 1804 1621 ὡς
1823 1590 1860 1625 μὴ

1062 1632 1151 1659 δοῦναι
1167 1634 1198 1667 τῇ
1213 1632 1284 1667 ψυχῇ
1299 1632 1396 1668 σχολὴν
1413 1633 1481 1668 πρός
1503 1642 1529 1660 τι
1543 1633 1598 1661 τῶν
1614 1635 1740 1669 ματαίων
1753 1635 1860 1662 ἐπικλι-

1063 1677 1152 1712 θῆναι.
1175 1677 1255 1704 Ἀλλὰ
1270 1678 1358 1705 πάντα
1370 1679 1503 1715 γενομένη
1518 1679 1558 1714 τῷ
1571 1679 1625 1714 νέῳ
1637 1700 1644 1711 ,
1659 1681 1753 1716 πατὴρ
1764 1701 1773 1712 ,
1787 1681 1859 1708 διδά-

1064 1723 1177 1756 σκαλος,
1193 1724 1381 1758 παιδαγωγὸς,
1399 1725 1512 1760 μήτηρ,
1539 1725 1643 1759 ἀγαθοῦ
1662 1727 1765 1758 παντὸς
1789 1727 1857 1762 σ-ἇμ-

1063 1769 1167 1801 ϐουλος,
1188 1769 1307 1796 τοιοῦτον
1324 1770 1405 1796 αὐτὸν
1421 1770 1624 1805 ἀπειργάσατο,
1639 1772 1678 1804 ὠς
1698 1771 1767 1807 πρὶν
1786 1773 1858 1805 ἐξελ-

1064 1813 1120 1840 θεῖν
1135 1813 1184 1848 τὴν
1206 1813 1312 1848 ήλικίαν
1335 1813 1390 1840 τῶν
1415 1814 1519 1841 παίδων
1538 1815 1578 1842 ἔτι
1601 1817 1631 1842 ὲν
1651 1817 1808 1852 μειρακῴ,
1823 1819 1855 1852 τῇ

1064 1859 1213 1893 ἁπαλότητι
1228 1861 1278 1895 τῆς
1297 1859 1406 1894 ἡλικίας
1427 1860 1578 1892 ἀνθοῦντα,
1598 1861 1667 1896 πρὸς
1684 1861 1733 1888 τὸν
1754 1862 1857 1897 mimus

1063 1904 1112 1939 τῆς
1129 1905 1285 1938 φιλοσοφίας
1300 1904 1400 1931 σκοπὸν
1417 1906 1579 1941 ἐπαρθῆναι.
1597 1907 1651 1933 Καί
1673 1915 1727 1934 τινι
1749 1908 1857 1942 φύσεως

1065 1950 1196 1986 εὐκληρίᾳ
1212 1950 1280 1985 πρὸς
1308 1951 1398 1977 πᾶσαν
1414 1951 1512 1986 τέχνην
1539 1951 1606 1979 ιδίαν
1621 1952 1671 1988 τὴν
1695 1953 1741 1979 διὰ
1765 1955 1857 1990 χειρὸς

1064 1995 1263 2030 ἐνεργουμένην
1274 1995 1431 2031 ἐπιτηδείως
1443 1997 1513 2031 ἔχειν
1524 2017 1532 2029 ,
1542 1997 1579 2029 ὡς
1591 1997 1706 2033 μηδενὸς
1720 1999 1856 2034 καθηγου-

1067 2040 1148 2075 μένου
1159 2061 1165 2072 ,
1183 2040 1226 2067 διὰ
1241 2041 1331 2076 πάσης
1346 2041 1489 2077 ἀκριόειας
1508 2042 1624 2070 ἑκάστου
1636 2043 1686 2078 τὴν
1699 2044 1855 2080 ἐπιστήμην

1066 2085 1277 2121 κατωρθωκέναι
1288 2107 1296 2120 ,
1322 2083 1360 2114 ὧν
1379 2087 1467 2123 χρόνῳ
1491 2089 1539 2115 καὶ
1557 2089 1630 2124 πόνῳ
1645 2090 1703 2122 τοῖς
1718 2091 1855 2127 πολλοῖςή

223 2133 315 2160 tiones
343 2136 518 2167 aspernatus,
541 2135 568 2159 et
586 2132 726 2168 ingenium
754 2133 786 2160 ad
804 2141 900 2162 omnes
930 2135 1011 2164 bona:

1067 2131 1184 2166 μάθησις
1197 2131 1309 2165 γίνεται.
1330 2129 1412 2164 Οὗτος
1425 2133 1513 2160 τοίνυν
1528 2133 1579 2169 τῆς
1592 2134 1659 2170 περὶ
1675 2135 1742 2167 τοὺς
1759 2136 1856 2170 ἔξωθεν

224 2176 387 2212 disciplinas
405 2177 597 2213 percipiendas
610 2183 702 2212 aptum
719 2178 834 2212 habens,
851 2188 1011 2217 semperque

1067 2176 1117 2203 τῶν
1133 2176 1220 2211 λόγων
1233 2177 1360 2212 ἀσχολίας
1376 2177 1510 2215 ὑπεριδὼν
1522 2198 1530 2211 ,
1544 2179 1638 2214 ἱκανὴν
1653 2179 1682 2206 δὲ
1696 2180 1855 2209 διδάσκαλον

224 2222 378 2258 respiciens
396 2222 430 2249 ad
457 2229 591 2256 sororem,
606 2230 689 2257 quam
705 2224 759 2252 sibi
786 2229 915 2260 tanquam
930 2227 1014 2255 totius

224 2268 290 2296 boni
317 2275 431 2302 scopum
458 2272 654 2303 proposuerat,
667 2276 715 2296 eos
741 2270 774 2296 ad
792 2271 920 2298 virtutem
949 2279 1014 2307 pro-

225 2321 338 2349 gressus
349 2313 424 2344 fecit,
443 2317 473 2340 ut
496 2313 522 2340 in
539 2314 645 2349 reliqua
661 2315 716 2341 vita
731 2322 830 2351 magno
842 2316 944 2344 Basilio
959 2318 1015 2344 vir-

225 2359 295 2386 tutis
321 2359 478 2394 przestantia
504 2359 590 2386 nihilo
617 2358 730 2387 inferior
746 2359 805 2387 fore
821 2361 1013 2395 judicaretur:

227 2403 305 2432 Tunc
326 2408 417 2432 autem
439 2405 526 2431 sorori
549 2407 576 2431 et
598 2404 678 2431 matri
695 2409 754 2432 erat
779 2406 866 2433 instar
881 2407 1014 2440 omnium,

227 2454 255 2477 et
268 2457 321 2477 una
332 2457 394 2477 cum
414 2449 469 2478 illis
487 2450 519 2477 ad
533 2450 683 2486 angelicam
706 2451 781 2478 illam
808 2453 891 2479 vitam
904 2456 1016 2480 conten-

228 2496 321 2526 debat.

262 2585 331 2612 Cum
352 2587 443 2612 autem
470 2584 546 2619 gravi
569 2583 689 2619 quodam
705 2588 828 2619 tempore
845 2583 1018 2612 laboraretur

228 2629 320 2665 inopia
330 2633 357 2657 et
370 2629 451 2662 fame,
463 2629 596 2664 multique
611 2629 683 2656 fama
699 2629 885 2657 beneﬁcentiae
905 2630 1018 2670 excitati

230 2674 350 2710 undique
361 2675 532 2703 conﬂuerent
552 2675 586 2702 ad
603 2682 665 2702 eum
682 2682 835 2710 recessum,
851 2671 932 2711 quem
946 2675 1020 2703 inco-

229 2720 339 2753 lebant;
359 2724 466 2747 tantum
492 2720 628 2757 industria
647 2728 698 2748 sua
721 2720 888 2755 pauperibus
901 2721 1020 2748 cibario-

229 2774 291 2794 rum
319 2759 558 2799 subministravit,
583 2770 612 2792 ut
641 2766 844 2794 adventantium
864 2766 1018 2801 frequentia

220 2809 309 2847 .locus
321 2810 376 2845 ille,
390 2817 445 2838 non
468 2810 740 2847 solitudovideretur
760 2818 832 2844 esse,
848 2811 896 2840 sed
909 2811 1016 2841 civitas.

798 2859 877 2880 -.-Α
886 2858 899 2870 ⁶’
930 2861 936 2867 '

1066 2222 1165 2253 παντὸς
1181 2222 1284 2256 ἀγαθοῦ
1304 2223 1463 2258 μαθήματος
1488 2224 1538 2259 τὴν
1557 2225 1638 2259 φύσιν
1655 2225 1727 2261 ἔχων
1739 2247 1747 2259 ,
1771 2227 1814 2254 ἀεί
1827 2237 1854 2254 τε

1066 2266 1134 2302 πρὸς
1149 2266 1197 2302 τὴν
1210 2267 1328 2303 ἀδελφὴν
1342 2268 1446 2303 βλέπων
1459 2289 1466 2301 ,
1480 2270 1527 2296 καὶ
1543 2270 1644 2297 σκοπὴν
1663 2271 1771 2305 ἀγαθοῦ
1789 2282 1854 2300 παν-

1065 2314 1110 2346 τὸς
1121 2313 1228 2348 ἐκείνην
1250 2313 1425 2349 ποιούμενος,
1440 2316 1480 2347 είς
1494 2316 1620 2343 τοσοῦτον
1640 2318 1782 2346 ἐπέδωκεν
1795 2320 1855 2354 ἀρε-

1066 2359 1115 2393 τῆς
1135 2357 1203 2391 εἶδος
1214 2380 1222 2392 ,
1239 2360 1278 2391 ὡς
1295 2360 1378 2395 μηδὲν
1391 2360 1501 2388 ἔλαττον
1518 2361 1565 2389 τοῦ
1579 2363 1699 2397 μεγάλου
1718 2364 1857 2392 Βασιλείου

1066 2404 1153 2431 δοκεῖν
1173 2404 1244 2440 ἔχειν
1258 2406 1286 2432 ὲν
1300 2407 1356 2437 τοῖς
1369 2407 1428 2432 κατ’
1441 2406 1542 2442 ἀρετὴν
1559 2409 1771 2444 προτερήμασιν
1784 2412 1812 2438 ὲν
1823 2411 1857 2446 τῷ

1069 2448 1139 2484 μετὰ
1156 2448 1243 2476 ταῦτα
1254 2448 1314 2484 βίῳ.
1330 2450 1396 2476 Τότε
1408 2450 1437 2477 δὲ
1450 2451 1510 2477 ἀντὶ
1524 2451 1633 2479 πάντων
1649 2450 1684 2488 ἦν
1707 2454 1744 2489 τῇ
1762 2455 1856 2491 ἀδελῳῇ

1068 2493 1114 2520 καὶ
1127 2495 1160 2530 τῇ
1176 2494 1270 2530 μητρὶ,
1294 2495 1432 2531 συνεργῶν
1447 2497 1542 2529 αὑταῖς
1555 2497 1623 2533 πρὸς
1638 2499 1690 2533 τὴν
1713 2501 1857 2536 ἀγγελικὴν

1067 2539 1176 2574 ἐκείνην
1193 2539 1276 2575 ζωήν.

1104 2586 1154 2617 ’⁷ος
1169 2593 1234 2612 ποτε
1256 2586 1303 2613 καὶ
1327 2587 1491 2623 σιτολειψίας
1513 2589 1635 2625 χαλεπῆς
1652 2593 1856 2629 γεγενημένης.

1069 2629 1115 2656 καὶ
1139 2629 1244 2656 πολλῶν
1269 2631 1438 2667 πανταχόθεν
1467 2633 1538 2660 κατὰ
1556 2634 1652 2670 φήμην
1671 2636 1726 2671 τῆς
1744 2638 1857 2670 εὐποιίας

1069 2674 1138 2710 πρὸς
1151 2675 1200 2710 τὴν
1215 2676 1342 2710 ἐσχατιὰν
1353 2696 1360 2709 ,
1380 2677 1409 2703 ὲν
1428 2674 1446 2714 ᾖ
1471 2678 1613 2714 κατῴκουν
1623 2700 1631 2714 ,
1657 2681 1856 2719 ἐπιρρεόντων·

1069 2721 1195 2748 τοσοῦτον
1206 2720 1239 2747 δι’
1254 2722 1379 2749 ἐπινοιῶν
1391 2724 1440 2755 τὰς
1453 2725 1556 2759 τροφὰς
1571 2726 1746 2756 ἐπλεόνασεν
1757 2750 1765 2762 ,
1783 2731 1819 2762 ὠς
1828 2730 1857 2765 τῷ

1071 2765 1167 2800 πλήθει
1185 2765 1238 2793 τῶν
1259 2767 1475 2801 ἐπιφοιτώντων,
1498 2769 1575 2796 πόλιν
1587 2768 1659 2798 εἶναι
1680 2773 1734 2807 τὴν
1755 2775 1858 2810 ἐρημίαν

1070 2811 1171 2838 δοκεῖν·
1195 2811 1223 2838 ὲν
1242 2812 1328 2849 τούτῳ
1354 2814 1393 2845 εἰς
1416 2813 1504 2849 γῆρας
1530 2814 1645 2850 λιπαρὸν
1665 2819 1857 2856 προελθοῦσσή
