1917 3079
64 153 122 182 973

688 153 733 181 DE
752 153 835 181 Vl'l'A
851 153 880 181 S.
896 153 1074 181 MACRINE.

1649 156 1702 184 974

65 213 178 248 μήτηρ,
196 212 264 248 πρὸς
278 213 324 239 τὸν
340 212 406 239 Θεὸν
421 214 610 248 μετανίστατο,
621 214 649 240 ὲν
668 215 728 244 ταῖς
740 213 861 249 ἀμφοτέ-

916 213 1024 241 Interim
1048 221 1131 241 senex
1145 213 1293 241 admodum
1323 218 1409 242 mater
1440 215 1467 242 in
1492 212 1637 250 utriusque
1655 216 1702 244 lilii

64 266 124 292 ρων
137 258 194 284 τῶν
211 258 313 284 τέκνων
329 259 408 294 χερσὶ
425 258 470 285 τὺν
486 258 542 293 βίον
556 258 656 294 ἑαυτῆς
669 258 860 285 ἀναπαύσασα.

64 300 122 335 Ἦς
143 303 218 336 ἄξιον
231 303 281 339 τὴν
295 304 344 339 τῆς
359 303 484 338 εὐλογίας
500 304 640 340 ἱστορῆσαι
657 304 748 339 φωνὴν
758 324 765 336 ,
816 304 862 331 ἐπὶ

63 348 123 376 τῶν
137 349 240 375 τέκνων
259 349 404 384 ἐχρήσατο,
417 348 471 375 τῶν
486 357 516 375 τε
538 348 575 384 μὴ
591 349 732 384 παρόντων
745 349 861 376 ἑκάστου

65 394 140 422 κατά
163 395 194 422 τδ
214 395 282 429 πρὸς
296 395 373 429 φίλον
397 395 605 430 ἐπιμνησθεϊσα,
619 395 656 426 ὡς
671 395 739 430 μηδὲ
751 395 799 422 ἕνα
815 403 862 429 γε·

64 440 162 467 νέσοαι
185 441 235 475 τῆς
259 440 384 475 εὐλογίας
404 441 560 476 ἀπὸκληρον
575 460 581 472 ,
610 441 657 467 καὶ
680 441 862 476 διαφερόντως

64 486 132 518 τοὺς
149 486 287 521 παρόντας
302 486 370 522 αὐτῇ
393 486 432 522 τῷ
452 486 511 522 Θεῷ
535 486 580 513 διὰ
602 489 756 523 προσευχῆς
775 496 863 523 παρα-

66 532 185 567 Θεμένη.
204 532 446 567 Παρακαθημένων
465 532 519 568 γὰρ
536 531 604 567 αὐτῇ
620 532 691 559 κατὰ
705 532 736 558 τὸ
749 532 862 566 πλάγιον

65 578 112 612 ἐφ’
129 578 247 614 ἑκάτερα
271 577 322 613 τῆς
340 578 434 612 κλίνης
455 577 508 604 τῶν
532 578 580 604 δύο
603 578 705 604 τούτων
717 598 725 610 ,
745 578 862 614 ἑκατέρᾳ

66 625 143 660 χειρὶ
167 623 331 658 ἐφαψαμένη
346 623 402 650 τῶν
416 624 519 652 τέκνων
531 645 538 656 ,
553 623 639 650 ταῦτα
655 624 723 659 πρὸς
735 624 780 651 τὸν
796 624 862 651 Θεὸν

65 669 148 697 εἶπεν
159 671 190 697 ὲν
200 670 368 701 τελευταίαις
382 671 493 704 φωναῖς·
512 679 521 695 t
532 670 588 702 Σοὶ,
602 669 699 705 Κύριε,
714 670 761 696 καὶ
772 670 863 706 ἀπάρ-

65 724 178 751 χομαι..
196 716 244 743 καὶ
266 715 426 742 ἀποδεκατὼ
455 716 500 743 τδν
531 717 636 752 καρπὸν
667 717 720 743 τῶν
748 717 861 745 ὠδίνων.

72 763 200 797 Ἀπαρχή
217 771 262 797 μοι
287 763 304 797 ή
330 762 502 797 πρωτότοκος
529 762 616 798 αὕτη,
632 762 680 789 καὶ
704 763 863 794 ὲπιδέκατος

64 805 147 840 οὗτος
167 809 184 843 ἡ
206 808 347 834 τελευταία
361 808 434 839 ὼδίς.
450 808 495 835 Σοὶ
514 808 542 834 δὲ
556 809 706 844 ἀφιέρωται
725 810 801 844 παρὰ
815 809 862 837 τοῦ

65 854 153 889 νόμου
168 854 296 889 ἑκάτερα,
314 855 361 881 καὶ
374 854 410 881 σά
423 855 496 880 ἐστιν
509 854 682 890 ἀναθήματα.
701 855 805 882 Οὐκοῦν
819 855 863 882 ἐλ-

65 898 111 926 θοι
131 900 146 925 ὁ
166 899 302 934 ἁγιασμὸς
321 899 366 925 ἐπί
384 907 414 925 τε
438 899 488 934 τὴν
510 899 597 935 ἀρχήν
618 908 668 935 μου
682 899 798 934 ταύτην,
815 900 863 926 καὶ

65 945 116 971 ἐπὶ
126 945 156 972 τὸ
172 945 329 972 ἐπιδέκατον
342 944 421 972 τοῦτο
430 953 436 960 ·
449 954 457 970 ι
474 945 585 978 δείξασα
594 946 653 977 ταῖς
667 946 861 977 ἐπιδεικτικαῖς

65 993 174 1025 φωναῖς
193 991 242 1026 τὴν
269 991 406 1027 θυγατέρα
436 991 546 1018 καὶτὸν
571 991 664 1018 παῖδα.
692 992 724 1019 Ἡ
749 992 797 1027 μὲν
816 990 862 1018 οὖν

63 1038 116 1064 τοῦ
129 1038 249 1072 εὐλογεῖν
262 1037 436 1072 παυσαμένη,
450 1037 497 1064 καὶ
512 1037 558 1063 τοῦ
580 1037 629 1073 ζῇν
644 1036 793 1069 ἐπαύσατο,
806 1038 862 1070 τοῖς

65 1085 165 1111 παισίν
182 1083 357 1119 ὲπισκήψασα
369 1083 399 1110 τὸ
413 1085 445 1119 τῇ
462 1083 577 1119 πατρῴᾳ
597 1083 669 1119 σορῷ
685 1083 731 1110 καὶ
744 1083 776 1110 τὺ
791 1082 862 1110 ὲκεί-

63 1139 118 1165 νης
142 1128 320 1156 ὲναποθέσθαι
343 1129 432 1164 σῶμα.
451 1129 481 1155 Οἱ
497 1129 526 1155 δὲ
543 1129 735 1165 πληρώσαντες
754 1129 785 1155 τὸ
805 1128 862 1155 δια-

63 1175 255 1211 τεταγμένον,
282 1174 448 1210 ὑψηλότερον
475 1175 578 1211 εἴχοντο
605 1175 657 1210 τῆς
685 1174 859 1209 φιλοσοφίας,

63 1221 113 1248 ἀεὶ
142 1220 211 1256 πρὸς
241 1221 288 1248 τὸν
322 1220 385 1247 ι’διον
410 1220 617 1256 διαμιλλώμενοι
647 1220 723 1255 βίον,
755 1221 801 1248 καὶ
826 1221 861 1248 τὰ

65 1266 210 1302 φθάσαντα
239 1267 294 1294 τῶν
323 1266 543 1303 κατορθωμάτων
577 1267 633 1298 τοῖς
662 1266 760 1302 ἐφεξῆς
789 1266 860 1293 ἀπο-

64 1313 247 1349 κρύπτοντες.

111 1361 157 1388 Ὲν
176 1360 263 1396 τούτῳ
279 1360 294 1386 ὁ
312 1360 395 1391 πολὺς
410 1360 440 1386 ὲν
455 1359 541 1394 ἁγίοις
556 1359 696 1391 Βασίλειος
707 1360 758 1395 τῆς
775 1359 861 1394 μεγά-

65 1406 120 1442 λης
133 1406 294 1441 Καισαρέων
313 1405 475 1441 Ἐκκλησίας
489 1406 630 1441 ἀνεδείχθη
646 1406 802 1441 προστάτης
811 1415 817 1421 -
831 1405 861 1437 ὃς

66 1451 117 1478 ἐπὶ
137 1451 182 1479 τὸν
202 1451 303 1486 κλῆρον
323 1451 372 1487 τῆς
388 1451 417 1478 ὲν
434 1450 473 1486 τῷ
492 1451 697 1487 πρεσϐυτερείῳ
713 1450 861 1486 ἱερωσύνης

64 1499 115 1525 τδν
139 1497 252 1532 ἀδελφὸν
284 1497 356 1532 ἄγει,
377 1498 437 1525 ταῖς
462 1498 607 1532 μυστικαῖς
631 1496 728 1524 ἑαυτοῦ
756 1497 861 1532 ἱερουρ-

65 1543 142 1577 γίαις
156 1541 322 1578 ἀφιερώσας.
338 1541 394 1568 Καὶ
410 1542 439 1567 ὲν
458 1540 546 1576 τούτῳ
563 1540 645 1568 πάλιν
659 1541 751 1573 αὐτοῖς
771 1539 817 1566 ἐπὶ
831 1539 862 1566 τὸ

68 1588 232 1625 σεμνότερόν
247 1597 276 1615 τε
289 1588 336 1615 καὶ
349 1587 497 1622 ἀγιώτερον
512 1587 609 1622 προῄει
621 1587 636 1613 ό
648 1586 705 1622 βίος
717 1606 725 1618 ,
739 1588 772 1622 τῇ
788 1587 863 1622 ἱερω-

68 1635 138 1670 σύνῃ
154 1634 204 1669 τῆς
215 1640 218 1643 ’
231 1633 389 1668 φιλοσοφίας
405 1631 614 1667 ὲπαυξηθείσης.
640 1631 727 1658 Ὀκτὼ
748 1631 776 1658 δὲ
795 1632 863 1667 μετά

66 1680 149 1708 τοῦτο
162 1678 361 1714 διαγενομένων
387 1678 456 1704 ἐτῶν
470 1698 476 1709 ,
495 1677 534 1713 τῷ
559 1678 661 1712 ὲννάτῳ
686 1677 803 1713 ἐνιαυτῷ
817 1697 825 1708 ,
848 1677 863 1703 ό

67 1726 141 1753 κατὰ
158 1726 248 1753 πᾶσαν
262 1726 311 1761 τὴν
325 1725 488 1760 οἰκουμένην
504 1723 653 1758 ὀνομαστὸς
672 1723 821 1756 Βασίλειος,
833 1723 864 1757 ἐξ

67 1771 222 1807 ἀνθρώπων
246 1771 314 1807 πρὸς
333 1771 378 1798 τὸν
393 1770 460 1797 Θεὸν
474 1769 678 1805 μετοικίζεται,
696 1768 774 1804 κοινὴ
797 1769 863 1796 πέν-

67 1817 134 1849 θους
153 1817 265 1853 ἀφορμὴ
285 1817 317 1852 τῇ
336 1815 446 1851 πατρίδι
470 1815 518 1842 καὶ
535 1816 567 1850 τῆ
589 1815 735 1851 οἰκουμένῃ
748 1814 863 1849 γενόμε-

66 1872 124 1895 νος.
142 1863 176 1889 'H
190 1863 219 1890 δὲ
237 1862 378 1899 πόρρωθεν
397 1863 430 1889 ὲκ
452 1862 546 1897 φήμης
563 1860 705 1888 ἀκούσασα
722 1861 772 1895 τὴν
794 1869 864 1897 συμ-

66 1910 169 1945 φορὰν,
191 1909 275 1936 ἔπαθε
297 1909 347 1944 μὲν
363 1908 412 1945 τὴν
431 1907 519 1944 ψυχὴν
533 1908 579 1934 ἐπὶ
595 1908 629 1943 τῇ
643 1907 761 1942 τοσαύτῃ
778 1906 864 1942 ζημίᾳ

67 1956 142 1990 (πῶς
157 1955 212 1991 γὰρ
224 1956 274 1982 οὐκ
288 1955 400 1991 ἔμελλεν
420 1954 553 1982 ἅπτεσθαι
571 1953 701 1989 κάκείνης
715 1953 747 1980 τὸ
767 1953 863 1985 πάθος,

66 1998 98 2028 οὗ
115 2001 164 2028 καὶ
177 2002 200 2028 οἰ
214 2001 306 2037 ἐχθροὶ
324 2001 374 2036 τῆς
387 2000 516 2036 ἀληθείας
531 1999 724 2035 timerem/10;)
738 1998 864 2033 καθάπερ

65 2048 96 2074 δὲ
112 2047 164 2083 τὴν
183 2047 230 2073 τοῦ
245 2046 343 2082 χρυσοῦ
357 2055 423 2081 φασι
439 2046 601 2081 δοκιμασίαν
619 2047 646 2072 ἐν
667 2044 804 2080 διαφόροις
820 2044 864 2079 γί-

66 2093 166 2121 νεσθαι
179 2093 372 2128 χωνευτηρὶοις
383 2114 391 2126 ,
407 2093 446 2124 ὡς
458 2092 485 2119 εἴ
500 2101 527 2118 τι
544 2091 593 2127 τὴν
615 2091 727 2129 πρώτην
739 2091 864 2125 διαφύγοι

66 2140 188 2176 χωνείαν
201 2159 208 2171 ,
230 2141 259 2166 ὲν
277 2140 311 2174 τῇ
335 2137 450 2174 δευτέρᾳ
468 2136 657 2173 διακριθῆναι,
677 2136 724 2163 καὶ
740 2136 819 2162 πάλιν
836 2135 865 2161 ὲν

66 2187 101 2222 τῇ
117 2185 262 2220 τελευταίᾳ
278 2184 368 2211 πάντα
382 2183 427 2211 τὸν
443 2182 651 2218 ὲμμεμιγμένον
666 2181 752 2218 ῥύπον
766 2182 799 2217 τῇ
814 2180 865 2216 ὕλῃ

911 259 1040 286 manibus
1061 259 1200 291 moriens,
1216 259 1343 294 migravit
1362 260 1395 287 ad
1414 259 1509 287 Deum.
1535 259 1621 295 Cujus
1643 269 1704 296 qua!

911 303 1115 332 benedictionis
1129 312 1182 331 vox
1212 304 1296 331 fuerit
1323 305 1408 336 illius.
1426 313 1481 340 qua
1502 313 1568 341 erga
1601 306 1704 335 liberos

912 357 962 377 usa
977 353 1031 382 est,
1041 357 1260 378 commemorare
1279 358 1333 378 non
1350 351 1403 378 erit
1414 351 1543 379 alienum.
1562 351 1629 379 Nam
1640 360 1704 380 cum

912 395 947 423 de
960 395 1124 423 absentibus
1136 396 1296 431 singulatim
1310 400 1435 424 amanter
1449 398 1613 425 mentionem
1630 398 1704 431 t‘ecit,

912 445 943 468 ut
962 441 1056 468 nullus
1083 445 1157 469 esset
1183 449 1283 477 expers
1299 442 1524 470 benedictionis:
1546 450 1609 470 cmn
1633 451 1704 478 prae-

913 487 992 522 cipue
1015 491 1167 522 praesentes
1184 487 1244 522 ipsa
1271 488 1401 522 precibus
1427 488 1485 516 suis
1512 489 1613 516 obtulit
1636 488 1702 517 Deo.

913 532 1020 559 Etenim
1044 540 1106 560 cum
1127 533 1153 560 ei
1179 541 1211 560 ex
1238 537 1357 568 utraque
1381 538 1459 568 parte
1486 534 1580 561 lectuli
1594 534 1704 562 adversi

913 578 1078 612 assiderent,
1097 579 1182 606 altera
1209 586 1293 607 manu
1309 583 1458 615 utrumque
1482 583 1616 614 tangens,
1627 579 1705 607 hisee

913 624 1005 651 verbis
1033 624 1182 659 postremis
1205 623 1292 651 Deum
1311 624 1430 652 allocuta
1447 628 1490 652 est
1506 631 1512 650 :
1532 633 1542 650 ‹
1560 623 1635 656 Tibi,
1651 623 1705 651 Do-

914 670 996 701 mine,
1008 675 1034 697 et
1050 671 1187 705 primitias
1198 674 1225 698 et
1236 670 1381 698 decumam
1396 670 1460 698 dico
1476 671 1615 698 fructuum
1633 670 1704 698 uteri

913 717 976 744 mei.
997 716 1184 744 Primitiarum
1211 718 1284 744 enim
1312 717 1404 744 locum
1426 717 1484 744 haec
1509 717 1577 744 mihi
1598 717 1704 744 obtinet

913 762 1113 797 primogenita.
1133 763 1257 790 decumae
1272 770 1338 790 vero
1362 767 1502 791 extremus
1519 763 1563 790 hic
1580 763 1703 790 decimus

915 807 997 835 filius.
1014 807 1075 835 'l‘ihi
1102 813 1193 836 autem
1221 809 1278 844 lege
1306 813 1423 844 utraque
1447 809 1591 842 debentur,
1610 813 1638 837 et
1655 813 1703 836 tua

915 858 979 881 sunt
994 862 1120 881 munera.
1140 854 1168 881 ln
1194 855 1266 882 hanc
1291 855 1375 890 igitur
1389 855 1598 890 primogenitam
1612 862 1702 883 meam

913 903 940 927 et
966 901 1038 928 hunc
1065 900 1202 928 decimum
1234 902 1327 928 veniat
1355 901 1556 934 sanctimonia,
1577 901 1703 929 oratione

913 947 1058 981 perspicua
1087 947 1236 982 designans
1251 951 1278 974 et
1294 947 1376 974 filiam
1394 952 1421 975 et
1449 947 1546 974 ﬁlium.
1561 947 1600 974 lta
1613 951 1641 974 et
1656 946 1703 974 be-

913 993 1063 1020 nedictieni
1081 997 1109 1020 et
1125 993 1187 1020 vitae
1214 993 1294 1021 finem
1320 993 1428 1025 statuit,
1442 1001 1504 1020 cum
1521 993 1598 1028 prius
1621 999 1702 1019 man-

913 1038 1007 1067 dasset
1018 1038 1081 1066 liliis
1094 1045 1124 1066 ut
1135 1047 1165 1067 se
1177 1040 1204 1066 in
1222 1041 1379 1075 sepulcrum
1391 1043 1536 1075 paternum
1551 1038 1700 1066 inferrent:

912 1083 939 1111 id
955 1084 995 1111 illi
1007 1084 1047 1111 uti
1062 1084 1133 1118 jussi
1151 1084 1261 1112 fuerant
1287 1088 1350 1112 cum
1368 1085 1575 1119 praastitissent,
1591 1083 1620 1110 in
1637 1083 1703 1110 reli-

911 1137 998 1165 quum
1027 1133 1136 1164 tempus
1168 1130 1203 1156 ad
1230 1131 1372 1165 sapientiae
1404 1129 1565 1165 fastigium,
1595 1136 1703 1164 semper

911 1182 975 1202 cum
1001 1179 1127 1202 anteacta
1152 1176 1208 1203 vita
1235 1180 1400 1211 pugnantes,
1423 1180 1450 1203 et
1467 1175 1606 1211 praeterita
1621 1175 1704 1202 bene-

912 1221 985 1248 facta
1013 1221 1219 1256 posterioribus
1235 1229 1369 1258 superare
1385 1222 1529 1251 studentes
1553 1222 1704 1250 contende-

911 1266 987 1294 bant.

945 1358 1053 1386 Interea
1078 1358 1195 1394 insignis
1223 1359 1295 1386 inter
1323 1362 1434 1386 sanctos
1451 1358 1704 1394 Basilius,magnae

911 1404 1044 1432 Caesareae
1057 1404 1214 1432 declaratus
1225 1408 1269 1431 est
1288 1405 1414 1436 antistes,
1427 1409 1455 1431 et
1477 1404 1601 1440 mysticis
1615 1404 1704 1432 sacri-

912 1450 981 1478 ficiis
992 1451 1050 1478 suis
1058 1449 1172 1478 fratrem
1188 1457 1365 1483 consecrans,
1376 1450 1409 1477 ad
1422 1457 1530 1478 sacram
1541 1449 1704 1485 presbyterii

911 1496 1071 1532 dignitatem
1097 1497 1232 1532 provexit.
1256 1496 1345 1532 Atque
1377 1496 1422 1524 hic
1450 1504 1547 1525 rursus
1575 1497 1616 1525 eis
1640 1497 1706 1525 vita

912 1550 1011 1570 cursus
1026 1543 1059 1570 ad
1072 1543 1199 1578 graviora
1225 1543 1417 1578 sanctioraque
1442 1543 1628 1578 dirigebatur,
1641 1550 1705 1570 cum

915 1588 1063 1617 sacerdotii
1087 1589 1208 1623 dignitas
1225 1589 1366 1625 sapientiae
1384 1589 1532 1624 conjuncta
1552 1589 1643 1617 studio
1657 1597 1706 1617 cu-

915 1635 1078 1663 mularetur.
1105 1635 1171 1662 Post
1195 1639 1286 1662 autem
1312 1635 1394 1663 annis
1424 1639 1486 1663 octo
1505 1636 1653 1663 transactis
1678 1640 1706 1662 et

915 1688 988 1708 nono
1004 1680 1133 1708 inchoato
1149 1688 1197 1715 per
1216 1684 1306 1708 totum
1329 1681 1424 1709 orbem
1442 1681 1639 1709 celeberrimus
1652 1681 1706 1709 Ba-

915 1725 996 1753 silius
1009 1725 1044 1753 ab
1055 1725 1213 1753 hominibus
1227 1726 1260 1752 ad
1273 1725 1357 1754 Deum
1373 1727 1522 1760 concessit,
1532 1734 1706 1754 communem

915 1768 1010 1803 patriae
1021 1772 1048 1796 et
1058 1767 1190 1797 Ecclesiae
1201 1769 1291 1797 luctus
1299 1770 1474 1798 occasionem
1484 1770 1620 1805 praebens.
1629 1770 1707 1798 Hanc

914 1814 1100 1842 calamitatem
1123 1822 1186 1842 cum
1211 1815 1246 1842 ad
1267 1815 1418 1843 Macrinam
1435 1824 1532 1843 rumor
1551 1816 1706 1849 detulisset.

915 1859 1007 1886 animo
1024 1859 1071 1886 illa
1087 1859 1198 1894 quidem
1215 1867 1272 1888 non
1289 1861 1378 1896 potuit
1403 1860 1431 1888 in
1448 1865 1526 1888 tanto
1540 1861 1708 1890 detrimento

915 1912 971 1932 non
987 1905 1156 1932 commoveri
1171 1915 1178 1932 :
1196 1905 1256 1941 (qui
1281 1906 1354 1933 enim
1376 1913 1499 1934 sororem
1512 1914 1567 1934 non
1585 1911 1709 1943 tangeret

916 1953 993 1980 dolor
1003 1960 1058 1988 quo
1083 1953 1135 1987 ipsi
1154 1960 1264 1988 quoque
1280 1953 1383 1981 inimici
1400 1954 1589 1982 afficiebantut'
1600 1955 1622 1990 ?)
1638 1959 1710 1982 atta-

915 2005 978 2025 men
994 2002 1023 2025 ut
1036 2006 1133 2026 aurum
1151 1999 1268 2027 diversis
1284 2000 1362 2026 aiunt
1386 1999 1546 2028 fornacibus
1559 2001 1708 2035 explorari,

917 2049 946 2071 ut
971 2043 994 2071 si
1018 2044 1133 2079 primam
1158 2044 1288 2078 evaserit,
1310 2046 1337 2071 in
1365 2045 1451 2072 altera
1479 2046 1662 2080 adjndicetur,
1680 2051 1709 2074 et

917 2097 1027 2117 rursum
1048 2089 1076 2116 in
1095 2094 1217 2116 extrema
1236 2096 1333 2117 omnes
1345 2089 1406 2124 ejus
1420 2091 1541 2117 materia:
1557 2091 1710 2121 commislaa

917 2134 1014 2162 sordes
1037 2135 1188 2162 cluantur:
1212 2135 1379 2170 exquisitum
1404 2141 1494 2163 autem
1524 2135 1620 2170 optimi
1648 2136 1709 2164 auri

917 2181 1049 2208 indicium
1061 2189 1133 2215 esse,
1146 2182 1169 2209 si
1188 2189 1237 2217 per
1250 2190 1346 2210 omnes
1359 2183 1499 2210 transiens
1515 2182 1584 2209 nihil
1600 2182 1710 2210 emittat

65 2231 307 2267 ἀποκαθαίρεσθαι
317 2239 324 2246 ο
339 2231 387 2266 τὴν
409 2231 438 2257 δὲ
452 2229 651 2266 ἀκριϐεστέραν
665 2226 735 2255 εἶναι
751 2227 861 2263 βάσανον

917 2227 1060 2255 sordium:
1079 2228 1118 2255 sic
1141 2228 1167 2255 ei
1193 2228 1328 2264 contigit,
1345 2233 1376 2255 ut
1405 2228 1490 2255 variis
1520 2228 1709 2255 molestiarum

66 2277 117 2305 τοῦ
130 2277 245 2312 δοκίμου
261 2276 362 2312 χρυσοῦ
376 2296 384 2308 ,
396 2273 413 2313 ᾖ
426 2275 471 2302 διὰ
487 2275 578 2310 πάσης
595 2273 738 2306 διεξελθὼν
753 2273 867 2309 χωνείας

69 2323 177 2359 μηδένα
204 2321 288 2358 ῥύπον
317 2322 508 2356 ἀποποιήσειε·
536 2320 658 2347 τοιοῦτόν
686 2328 711 2346 τι
743 2319 790 2346 καὶ
823 2319 867 2345 ἐπ’

67 2369 182 2404 ἐκείνης
206 2367 304 2403 συνέὸη
316 2376 323 2382 ·
336 2368 396 2398 ταῖς
410 2367 548 2402 διαφόροις
572 2365 625 2393 τῶν
641 2364 769 2400 λυπηρῶν
783 2372 867 2400 προσ-

67 2414 166 2445 ϐολαῖς
184 2414 234 2448 τῆς
249 2412 354 2447 ὑψηλῆς
377 2412 495 2443 διανοίας
512 2410 722 2446 βασανισθείσης
735 2430 743 2443 ,
761 2417 866 2437 πανταο

69 2460 153 2495 χόοεν
173 2458 364 2494 ἀναδειχθῆναι
389 2458 418 2484 τὸ
445 2458 494 2493 τῆς
513 2457 603 2492 ψυχῆς
627 2456 820 2491 ἀκιϐδήλευτόν
837 2464 866 2482 τε

69 2506 120 2532 καὶ
137 2504 332 2531 ἀταπείνωτον.
351 2503 485 2539 Πρότερον
511 2503 560 2538 μὲν
585 2503 614 2529 ὲν
641 2503 674 2537 τῇ
691 2502 738 2528 τοῦ
753 2501 867 2536 ἀδελφοῦ

68 2551 120 2578 τοῦ
133 2550 214 2578 ἄλλον
227 2550 391 2585 μεταστάσει
402 2558 408 2564 ·
422 2549 491 2584 μετὰ
502 2547 586 2575 ταῦτα
599 2547 627 2574 δὲ
641 2548 670 2574 ὲν
683 2547 722 2582 τῷ
736 2547 868 2583 χωρισμῷ

919 2273 1033 2300 casibus
1042 2274 1361 2311 explorata,pr:estantis
1374 2275 1448 2302 illius
1463 2275 1545 2302 animi
1560 2275 1710 2310 probitate,

919 2319 988 2346 nihil
1013 2327 1132 2354 unquam
1147 2320 1174 2347 in
1202 2328 1234 2348 ea
1251 2321 1368 2352 sordidi,
1385 2321 1452 2347 nihil
1469 2320 1616 2348 adulterini
1633 2328 1712 2356 repe-

920 2365 1033 2392 riretur.
1045 2366 1085 2392 Ac
1098 2365 1188 2401 primo
1203 2367 1312 2401 quidem
1330 2367 1482 2402 periculum
1503 2366 1604 2395 factum
1621 2366 1712 2394 fuerat

919 2411 947 2438 in
963 2411 1040 2439 obitu
1056 2412 1170 2440 alterius
1188 2413 1283 2441 fratris
1299 2423 1305 2441 :
1324 2413 1424 2441 deinde
1438 2414 1466 2441 in
1492 2414 1589 2441 matris
1603 2414 1709 2444 funere.

922 2457 1004 2485 tertio
1014 2459 1126 2494 quando
1139 2466 1284 2487 commune
1298 2460 1408 2495 generis
1422 2459 1508 2487 decus
1523 2459 1643 2487 Basilius
1664 2459 1712 2486 de‘

921 2503 1015 2531 cessit.
1032 2503 1112 2532 Stetit
1126 2504 1221 2540 igitur,
1239 2509 1370 2540 tanquam
1392 2505 1512 2532 invictus
1532 2504 1617 2539 pugil,
1634 2503 1711 2531 nullo

921 2550 1108 2578 calamitatum
1123 2551 1225 2586 impetu
1246 2552 1391 2579 labefacta.

68 2599 123 2634 τῆς
142 2598 262 2634 μητρός·
284 2598 316 2624 ἐκ
331 2597 423 2632 τρίτου
438 2597 484 2629 δὲ,
497 2597 541 2623 ὅτε
558 2596 589 2622 τὺ
605 2596 693 2622 κοινὸν
706 2595 755 2630 τῆς
773 2597 870 2630 γενεᾶς
889 2597 981 2630 καλὸν,
998 2599 1012 2624 ὁ
1029 2598 1116 2633 μέγας
1126 2592 1275 2631 Βασίλειος,
1291 2599 1339 2633 τῆς
1359 2598 1532 2634 ἀνθρωπίνης
1552 2597 1624 2632 ζωῆς
1642 2597 1710 2631 έχω-

71 2646 177 2681 ρίζετο.
198 2644 309 2679 Ἔμεινε
322 2643 424 2676 τοίνυν,
442 2643 567 2678 καθάπερ
585 2651 626 2674 τις
641 2641 759 2677 ἀθλητὴς
772 2642 1003 2677 ἀκαταγώνιστος,
1023 2644 1139 2680 οὐδαμοῦ
1158 2646 1191 2680 τῇ
1210 2645 1343 2680 προσϐολῇ
1378 2644 1432 2670 τῶν
1465 2643 1611 2678 συμφορῶν
1641 2643 1710 2669 ἀπο-

69 2691 212 2718 κλάσασα.

57 2758 60 2767 .
111 2739 244 2769 Ἐννατος
262 2736 296 2773 ἦν
319 2737 388 2772 μετὰ
407 2737 437 2763 τδ
453 2736 538 2768 πάθος
558 2736 638 2763 τοῦτο
653 2735 722 2771 μὴν,
737 2735 754 2771 ἢ
772 2735 868 2770 μικρὸν

69 2783 147 2819 ὑπὲρ
159 2782 240 2809 τοῦτο
250 2803 258 2815 ,
271 2782 318 2809 καὶ
330 2781 437 2812 σύνοδος
449 2781 605 2809 ἐπισκόπων
617 2780 688 2807 κατά
699 2780 749 2815 τὴν
766 2780 868 2806 Ἀντιό-

69 2838 124 2865 χου
145 2829 223 2855 πόλιν
243 2827 385 2863 ἠθροίζετο
396 2847 404 2860 ,
419 2820 454 2862 ἧς
469 2827 515 2853 καὶ
529 2827 608 2861 ἡμεῖς
626 2826 800 2862 μετέσχομεν.
816 2827 869 2853 Καὶ

70 2874 173 2910 ἐπειδὴ
190 2873 272 2901 πάλιν
288 2873 356 2908 πρὸς
372 2873 421 2908 τὴν
438 2872 534 2899 ἑαυτοῦ
554 2871 669 2904 ἕκαστος
683 2871 869 2908 ἀπελύθημεν,

956 2734 1022 2761 Erat
1050 2738 1113 2769 post
1139 2734 1210 2761 hanc
1234 2734 1370 2768 jacturam
1399 2741 1489 2760 nonus
1515 2733 1637 2765 mensis,
1663 2739 1712 2761 aut

920 2781 1003 2816 paulo
1010 2780 1208 2815 amplius,cum
1217 2779 1408 2814 episcoporum
1419 2777 1565 2805 concilium
1578 2778 1711 2806 indictum

921 2831 963 2853 est
978 2824 1142 2856 Antiochim,
1157 2824 1201 2850 cui
1220 2831 1270 2851 nos
1287 2823 1351 2850 item
1365 2822 1552 2850 interfuimus.
1565 2822 1618 2853 Sed
1636 2827 1711 2858 post-

922 2879 1037 2908 eaquam
1061 2871 1172 2899 domum
1188 2869 1304 2905 quisque
1331 2877 1408 2897 suam
1426 2869 1615 2903 discessimus,
1630 2873 1710 2897 aute-
