1917 3079
226 148 278 176 9τ5

227 217 311 245 quam
336 215 425 235 annus
444 204 608 241 prateriret.
633 203 699 230 mihi
725 203 859 238 Gregorio
885 202 1022 237 cupiditas

230 256 325 285 incidit
344 258 373 282 ιιι
387 260 511 282 sororem
527 252 685 279 inviserem.
703 250 830 285 Magnum
848 249 921 277 enim
937 249 1023 275 inter-

229 304 350 330 cesserat
376 299 510 334 temporis
540 297 733 328 intervallum,
759 303 814 331 quo
835 300 929 322 rnutuo
952 296 1023 321 inter

231 356 281 376 nos
297 350 447 381 conspectu
463 352 518 372 non
534 348 714 379 potui-ramus
730 342 795 374 frtri,
814 341 1023 376 prohibentibus

231 393 414 420 tentationum
427 389 564 417 molestiis
577 396 648 424 Quas
663 388 697 415 ab
715 388 829 415 hagresis
849 386 1024 422 principibus

232 438 316 473 patria
331 437 426 471 pulsus
442 435 545 470 ubique
569 435 766 462 Sustinueram.
782 432 851 459 Nam
871 431 1024 459 dimetienti

232 483 297 509 Inibi
313 482 445 517 temporis
457 481 590 516 spatium,
605 479 678 514 quod
691 479 802 506 interim
819 478 944 509 fluxerat,
959 477 1024 503 dum

230 528 366 563 ejusmodi
387 526 645 562 perturbationibus
672 532 841 560 congressus
860 528 953 551 noster
971 523 1024 549 im-

231 575 355 609 peditur,
372 580 436 600 octo
451 574 513 608 plus
531 572 623 598 minus
640 578 774 597 annorqu
790 570 943 596 videbatur.
956 568 1024 595 Cum

232 621 318 655 igitur
337 619 396 654 jam
425 618 541 645 multum
558 617 665 644 itineris
683 615 876 647 confecissem,
900 621 949 641 nec
967 622 1025 640 aui-

232 666 304 701 plius
323 672 406 700 quam
431 665 514 691 unius
532 664 585 691 diei
603 663 646 688 via
663 666 791 691 restaret.
808 660 879 687 visio
894 659 960 686 mihi
979 666 1026 694 per

232 711 351 746 quietem
378 709 556 736 manifestum
586 714 680 734 eorum
700 713 762 740 quae
792 708 871 732 erant
892 709 1025 731 eventura

234 759 367 793 judicium
382 755 512 784 ostendit.
526 752 644 779 Videbar
661 752 734 779 enim
752 751 819 777 mihi
840 754 949 785 gestare
968 757 1026 776 ma-

234 806 315 833 nibus
344 807 495 837 martyrum
528 798 676 833 reliquias,
705 805 736 824 ex
763 797 865 831 quibus
892 795 1026 830 splendor

233 850 370 882 elucebat,
381 847 472 883 qualis
485 854 499 873 e
516 845 567 872 levi
593 843 720 878 speculo,
735 843 757 869 si
775 843 893 870 adverso
906 841 957 869 soli
977 849 1025 875 op-

235 900 363 931 ponatur,
382 892 537 928 egreditur,
561 897 616 924 quo
641 889 752 924 quidem
780 887 893 914 luminis
920 886 1026 922 fulgure

235 942 307 969 oculi
323 940 375 968 mei
391 937 659 975 perstringebantur.
675 935 733 972 lloc
751 938 841 961 autem
855 934 945 960 visum
958 932 1024 959 mihi

235 992 276 1015 ter
291 986 411 1014 occurrit
427 984 521 1011 eadem
537 986 627 1013 nocte,
645 989 694 1009 nec
721 980 800 1015 plane
810 999 818 1013 ,
831 979 898 1014 quid
913 983 1025 1014 porten-

235 1034 310 1060 deret
336 1031 475 1065 conjicere
504 1032 648 1063 potcram;
665 1027 800 1054 sollicitus
825 1026 918 1060 itaque
934 1024 1026 1051 animo

235 1078 384 1114 agitabam,
408 1075 645 1109 observabamque
665 1078 694 1100 ut
712 1073 774 1108 ejus
797 1071 1027 1108 significationem

235 1125 309 1152 exitu
319 1122 484 1157 judicarem.

270 1168 338 1196 Cum
348 1168 404 1202 jam
418 1166 450 1193 ad
461 1172 614 1195 secessum,
625 1164 653 1191 in
665 1171 720 1199 quo
734 1163 807 1190 illam
816 1163 966 1198 angelicam
975 1169 1028 1189 em-

235 1215 388 1249 lestemque
412 1212 495 1239 vitam
512 1211 639 1246 degebat,
654 1209 932 1244 appropinquassent,
947 1208 1028 1235 lanii-

236 1261 348 1288 liarium
363 1258 510 1294 quemdam
526 1256 694 1291 interrogavi
711 1256 828 1290 primum
842 1255 875 1282 de
887 1255 981 1287 fratre,
994 1262 1029 1281 an

235 1306 345 1334 adesset
363 1313 369 1331 :
387 1312 442 1339 quo
471 1302 659 1338 respondente
681 1302 757 1329 illum
777 1301 833 1336 jam
863 1305 963 1335 quarto
986 1301 1030 1327 die

235 1351 410 1384 discessisse,
427 1357 600 1385 cognoscens
614 1355 677 1376 eum
702 1350 788 1375 altera
807 1347 891 1378 nobis,
901 1348 943 1375 via
966 1355 1030 1382 prn-

235 1397 322 1425 diisse
347 1395 469 1426 obviam,
487 1398 543 1420 tum
559 1394 642 1421 etiam
669 1392 704 1420 de
724 1401 822 1428 magna
837 1393 883 1420 illa
911 1400 1030 1427 percon-

236 1447 312 1470 tatus
325 1449 386 1470 sum
406 1450 411 1467 :
425 1447 543 1475 eumque
560 1439 606 1466 ille
621 1437 820 1474 respondisset,
836 1445 896 1465 eam
912 1437 1029 1472 quodam

237 1488 335 1515 morbo
351 1487 488 1518 laborare,
503 1485 607 1519 majore
630 1485 761 1512 incensus
776 1484 878 1516 studio,
896 1484 969 1518 quod
986 1492 1030 1510 re-

237 1534 344 1569 liquum
370 1536 429 1560 erat
456 1532 505 1558 vis:
523 1531 688 1558 festinanter
710 1530 825 1565 arripui.
845 1530 911 1556 Nam
932 1530 1031 1556 timore

851 141 880 168 S.
893 139 1057 168 CREGORII
1078 138 1120 165 ΝΥ
1128 137 1224 165 ΒΞΕΝΙ

1841 132 1869 140 -η

1846 144 1869 158 l-J

1038 203 1058 230 Α
1075 200 1138 234 πρὶν
1155 199 1200 225 τὸν
1214 197 1335 225 ἐνιαυτὸν
1353 196 1507 232 παρελθεῖν,
1524 195 1653 229 ἐνθύμιον
1671 192 1737 228 ἐμοὶ
1755 190 1796 226 τῷ
1809 191 1870 226 Γίιτπ

1075 245 1159 280 γορίῳ
1186 245 1290 278 γίνεται
1319 244 1387 278 πρὸς
1403 243 1487 277 αὐτὴν
1509 241 1647 276 διαίῆναι.
1666 239 1760 270 Πολὶρς
1776 238 1829 272 γὰρ
1845 235 1871 271 ip

1074 292 1088 317 ὁ
1108 291 1152 317 διὰ
1170 291 1251 325 μέσου
1278 290 1388 325 χρόνος,
1412 289 1440 315 ἑν
1455 284 1477 322 ᾧ
1502 288 1551 319 τὰς
1575 286 1745 320 ἐπισκέψεις

1075 336 1237 371 πειρασμῶν
1253 335 1428 370 περιστάσεις
1442 333 1596 365 ἐκώλυσαν,
1609 332 1643 364 ἃς
1658 331 1804 366 ὑπέμενον
1816 338 1873 356 παν-

1075 380 1158 416 ταχοῦ
1177 381 1226 416 τῆς
1245 380 1371 416 πατρίδος
1389 380 1441 406 ὑπὸ
1462 379 1517 406 τῶν
1540 379 1590 414 τῆς
1609 378 1753 414 αἱρέσεως
1771 378 1874 403 ἐπιστα-

1075 427 1192 453 τούντων
1209 426 1426 460 ἐξελαυνόμενος.
1445 426 1501 453 Καὶ
1523 425 1692 461 ἀριθμοῦ-,ντί
1711 433 1761 460 μοι
1781 424 1827 450 τδν
1840 424 1876 450 διὰ

1078 473 1161 508 μέσου
1175 473 1280 507 χρόνον,
1298 473 1325 498 ἐν
1336 469 1358 505 ᾧ
1369 473 1418 507 τὴν
1435 473 1496 498 κατ’
1511 472 1672 507 ὀφθαλμοὺς
1691 470 1844 505 συντυχίαν
1857 471 1877 495 οἱ

1079 520 1225 554 πειρασμοὶ
1242 518 1407 545 διεκώλυσαν
1420 540 1426 551 ,
1441 519 1491 545 οὐκ
1512 519 1603 552 ὀλίγον
1628 518 1768 553 ἐςραίνετο
1783 517 1815 543 τὸ
1827 517 1877 542 διᾶ-

1772 284 1803 310 αἱ
1827 284 1872 309 τῶν

1078 574 1168 600 στημα
1192 565 1264 592 ὀκτὼ
1294 565 1392 600 μικφῦ
1415 565 1470 591 δεῖν
1486 565 1763 600 παραμετρούμενον
1790 563 1876 589 ἔτεσιν.

1084 612 1192 647 Ἐπειδὴ
1206 612 1294 638 τοίνυν
1307 612 1336 638 τδ
1351 612 1418 638 πολὺ
1430 612 1479 646 τῆς
1491 611 1551 637 ὁδοῦ
1566 611 1719 642 διανύσας,
1735 610 1805 645 μιᾶς

1079 666 1128 693 ρας
1147 659 1259 693 ἀπεῖχον
1270 658 1328 685 ὁδὸν
1338 677 1345 689 ,
1361 657 1421 691 ὄψις
1432 665 1472 688 τις
1484 658 1549 692 ἡμῖν
1560 656 1594 689 ἐξ
1603 656 1742 683 ἐνυπνίου
1760 657 1879 689 φανεῖσι,

1077 703 1195 738 φοϐερὰς
1210 703 1296 729 ἐποίει
1313 704 1362 734 τὰς
1380 703 1490 735 ἐλπίδας
1503 703 1550 730 τοῦ
1573 702 1738 738 μέλλοντος.
1764 701 1879 727 Ἐδόχονν

1077 750 1131 785 γὰρ
1153 749 1267 783 λείψανα
1284 749 1430 785 μαρτύρων
1445 749 1490 775 διὰ
1517 749 1608 784 χειρὸς
1632 748 1738 783 φέρειν
1752 755 1760 761 ·
1777 746 1845 772 εἶναι

1077 797 1124 823 ἀπ’
1137 796 1225 822 αὐτῶν
1239 796 1326 830 αὐγὴν
1336 816 1343 827 ,
1357 793 1400 822 οἶα
1414 796 1446 821 ἐκ
1466 795 1586 831 καθαροῦ
1602 803 1680 826 τινος
1698 794 1814 827 γίνεται
1826 800 1879 818 κατ-

1077 844 1178 878 όπτρου
1201 862 1209 873 ,
1232 843 1296 868 ὅταν
1318 842 1386 876 πρὸς
1404 842 1449 868 τὸν
1467 842 1543 877 ἥλιον
1565 841 1632 876 τεθῇ
1656 840 1878 875 ἀντιπρόσωπον,

1044 894 1063 921 η
1077 889 1147 915 ὥστε
1163 897 1208 923 μοι
1222 889 1271 918 τὰς
1285 887 1360 922 ῢᾷεις
1378 887 1446 922 πρὸς
1466 887 1516 922 τὴν
1534 886 1732 921 μαρμαρυγὴν
1756 885 1808 919 τῆς
1820 884 1879 918 λαμ-

1080 933 1190 968 πηδόνος
1209 932 1404 967 ἀμϐλύνεσθαι.
1424 933 1478 958 Καὶ
1491 931 1543 966 τῆς
1560 931 1647 967 αὐτῆς
1662 939 1714 966 μοι
1735 930 1834 962 νυκτὸς
1847 931 1878 960 εἷς

1077 979 1137 1014 τρὶς
1156 978 1307 1013 γενομένης
1320 978 1370 1012 τῆς
1384 977 1512 1012 τοιαύτης
1529 977 1631 1011 ὂψεως,
1660 975 1823 1011 συμϐαλεῖν
1839 976 1880 1010 μὲί

1077 1025 1127 1050 οὐκ
1141 1022 1212 1059 εἶχον
1228 1023 1355 1059 καθαρῶς
1369 1022 1416 1049 τοῦ
1440 1022 1567 1048 ἐνυπνίου
1590 1022 1622 1048 τὸ
1640 1022 1767 1056 αἴνιγμα
1781 1030 1788 1036 ·
1802 1021 1880 1055 λύπην

1078 1070 1105 1096 δέ
1117 1078 1179 1096 τινα
1193 1071 1226 1105 τῇ
1241 1070 1315 1104 ψυχῇ
1332 1070 1508 1105 προσεῶρων,
1522 1069 1568 1095 καὶ
1583 1069 1745 1104 ἐπετήρουν
1758 1069 1794 1102 τῇ
1809 1067 1878 1094 ἐκὸἑ-

1080 1125 1120 1143 σει
1137 1118 1227 1152 κρῖναι
1244 1116 1293 1152 τὴν
1304 1116 1469 1151 φαντασίαν.-

1115 1162 1169 1188 Kal
1185 1161 1217 1197 δὴ
1231 1161 1376 1196 γενόμενος
1390 1162 1503 1196 πλησίον
1518 1161 1568 1196 τῆς
1582 1161 1720 1197 ἐσχατιᾶς
1730 1182 1739 1193 ,
1763 1162 1794 1188 ἐν
1847 1161 1878 1188 δι-

1080 1209 1146 1243 ῆγεν
1162 1208 1253 1243 ἐκείνη
1270 1208 1319 1243 τὴν
1337 1208 1487 1243 ἀγγελικήν
1501 1214 1531 1233 τε
1546 1208 1594 1234 καὶ
1608 1208 1782 1243 ἐπουράνιον
1792 1216 1877 1242 κατορ-

1081 1253 1164 1280 θοῦσα
1180 1253 1252 1289 ζωὴν
1265 1273 1272 1285 ,
1289 1253 1396 1289 ἠρόμην
1413 1253 1466 1280 τῶν
1484 1253 1646 1289 ἐπιτηδείων
1668 1254 1735 1280 τινὰ
1754 1253 1820 1289 περὶ
1839 1253 1878 1279 τιῦ

1081 1298 1196 1333 ἀδελςοῦ
1223 1299 1328 1333 πρῶτον
1340 1319 1348 1331 ,
1364 1300 1387 1325 εἰ
1415 1299 1510 1334 παρὼν
1528 1300 1571 1334 εἴη
1582 1307 1589 1314 ·
1606 1300 1751 1335 φήσαντος
1777 1299 1806 1325 δὲ
1819 1299 1878 1334 πρὸς

1081 1346 1155 1380 ἡμᾶς
1166 1366 1173 1377 ,
1189 1345 1270 1372 αὑτὸν
1286 1344 1490 1381 ὲξωρμηκέναι,
1506 1347 1552 1372 καὶ
1564 1346 1705 1381 τετάρτην
1717 1347 1811 1380 ἄγειν,
1824 1355 1879 1372 συν-

1081 1392 1121 1422 εὶς
1137 1391 1205 1426 ὅπερ
1220 1388 1271 1426 ἦν,
1285 1391 1325 1417 ὅτι
1338 1391 1371 1417 δι’
1385 1391 1480 1427 ἐτέρας
1500 1391 1561 1418 ὁδοῦ
1586 1391 1703 1426 γέγονεν
1723 1392 1803 1427 αὐτῷ
1821 1392 1880 1427 πρὶς

1082 1437 1154 1471 ἡμᾶς
1173 1438 1189 1472 ἡ
1205 1436 1288 1471 ὁρμὴ,
1304 1437 1363 1462 τότε
1380 1438 1428 1463 καὶ
1443 1437 1507 1473 περὶ
1522 1438 1573 1472 τῆς
1588 1438 1723 1473 Μεγάλης
1740 1438 1880 1465 ὲπδνΘανό-

1084 1491 1153 1517 μην”
1171 1482 1217 1509 τοῦ
1228 1482 1255 1508 δὲ
1271 1483 1422 1518 φήσαντος,
1441 1483 1468 1509 ὲν
1483 1484 1625 1519 ἀρρωστίᾳ
1640 1483 1814 1519 γεγενῆσθαί
1826 1492 1882 1512 τινε.

1083 1527 1291 1563 σπουδαιότερον
1305 1528 1419 1563 εἰχόμην
1431 1548 1439 1561 ,
1457 1529 1486 1554 ὲν
1498 1528 1602 1561 ἐπείξει
1614 1529 1645 1555 τὸ
1662 1529 1829 1564 λειπόμενον
1841 1532 1883 1563 ti:

237 1580 319 1608 etiam
341 1578 460 1614 quodam
492 1578 656 1612 perterritus
681 1577 790 1604 animus
816 1576 939 1603 futurum
963 1584 1031 1610 pra:-

1098 1574 1142 1600 δοῦ
1158 1573 1284 1600 διανύων.
1301 1574 1355 1600 Καὶ
1369 1574 1422 1609 γάρ
1443 1583 1476 1609 με
1492 1574 1565 1610 λύπη
1578 1584 1621 1606 τις
1636 1575 1685 1601 καὶ
1700 1576 1787 1610 φόϐος
1805 1584 1882 1610 μηνυ-

239 1625 365 1660 sagiebat
381 1633 387 1651 :
405 1623 452 1652 sed
475 1631 539 1650 eum
565 1623 598 1650 ad
616 1623 707 1650 locum
728 1624 898 1655 accederem,
912 1631 1032 1651 conven-

239 1675 285 1699 tus
299 1671 442 1699 hominum
460 1670 543 1706 (fama
567 1669 640 1697 enim
659 1669 768 1703 mejaui
785 1669 882 1696 adesse
898 1669 1032 1697 fratribus

239 1719 483 1754 prae-nuntiaverat)
501 1725 533 1745 ex
555 1717 625 1744 locis
649 1717 677 1744 in
700 1717 801 1751 quibus
824 1717 985 1744 habitabant
1000 1717 1032 1744 ad

239 1772 290 1792 nos
318 1763 460 1791 confluxit.
476 1762 543 1790 Nam
565 1763 680 1790 honoris
694 1762 781 1797 gratia
801 1762 898 1789 amicis
924 1762 1032 1789 obviam

241 1810 387 1845 procedere
412 1811 625 1836 consueverunt.
649 1808 684 1834 At
707 1807 844 1842 virginum
872 1807 974 1835 chorus
1001 1808 1034 1834 ad

240 1855 386 1883 ecclesiam
402 1855 525 1882 modeste
543 1858 669 1881 nostrum
683 1853 830 1881 adventum
844 1854 1034 1888 exspectabat.

240 1900 344 1928 Verum
363 1907 426 1927 cum
444 1900 609 1927 fecissemus
626 1903 653 1925 et
670 1899 799 1933 precandi
812 1902 839 1926 et
855 1899 1034 1926 benedieemli

242 1945 336 1977 finem,
354 1948 437 1979 atque
465 1944 527 1974 illrc,
549 1943 683 1970 inclina-to
703 1943 781 1977 prius
802 1943 892 1977 capite
920 1943 1034 1971 benedi-

240 1991 327 2018 clioni
339 2010 346 2022 ,
361 1991 478 2017 honeste
494 1989 669 2016 discedentes
689 1989 824 2016 abiissent
846 1989 880 2016 ad
899 1989 957 2016 loca
974 1997 1034 2021 sua,

241 2045 293 2064 nec
323 2043 378 2063 una
409 2035 520 2070 quidem
540 2042 634 2062 carum
663 2035 735 2068 apud
760 2043 810 2062 nos
830 2036 924 2062 relicta
952 2041 1035 2069 esset,

243 2082 324 2109 facile
354 2080 381 2108 id
399 2080 473 2115 quod
501 2084 562 2107 erat
589 2079 716 2114 conjeci,
735 2088 789 2107 non
806 2088 868 2107 esse
892 2081 963 2108 inter
990 2088 1036 2108 eas

244 2128 366 2162 ipsarum
395 2127 512 2160 ducem;
547 2130 575 2154 et
606 2127 778 2161 praecedente
808 2127 927 2161 quodam
956 2132 1038 2162 atque

243 2173 345 2200 05tium
369 2173 537 2207 appericnte.
565 2179 674 2199 sacram
701 2172 774 2199 illam
794 2172 923 2207 domum,
940 2172 967 2199 in
983 2180 1038 2207 qua

244 2218 334 2244 inerat
349 2217 395 2243 illa
422 2224 520 2251 magna
538 2217 679 2252 ingressus
694 2225 753 2244 sum
774 2227 781 2250 ;
797 2218 975 2245 vehementer
992 2226 1037 2245 au-

245 2268 299 2291 tem
316 2267 384 2291 tunc
398 2263 561 2298 aegrotabat,
574 2271 663 2298 neque
674 2271 739 2291 vero
753 2264 780 2290 in
801 2264 871 2291 lecto
883 2267 933 2290 aut
951 2268 1038 2291 strato

244 2308 396 2343 quopiam,
422 2307 469 2335 sed
494 2308 570 2335 humi
597 2309 774 2343 quiescebat,
796 2309 921 2343 sulvjccta
956 2316 1039 2337 sacco

247 2355 351 2387 tabula,
367 2358 395 2381 et
411 2354 496 2380 altera
516 2359 599 2388 caput.
614 2354 677 2389 ejus
692 2356 846 2382 sustinente
865 2355 967 2386 tabula,
979 2362 1039 2389 qua:

247 2400 399 2434 pulvinaris
416 2399 475 2426 loco
493 2399 594 2434 insigni
610 2400 697 2434 figura
716 2400 816 2427 collum
833 2399 892 2433 ejus
918 2400 1038 2431 subibat,

246 2450 274 2473 et
286 2446 421 2473 cervicem
440 2445 527 2480 ipsius
544 2445 572 2471 in
593 2453 622 2473 se
639 2445 738 2472 decore
758 2445 916 2479 recipiebat.

246 2492 358 2528 τοιαύτη
382 2501 423 2524 τις
439 2490 473 2527 ἧν
484 2513 492 2524 ,
508 2492 545 2523 ὡς
567 2492 628 2518 ἀντὶ
643 2491 860 2526 προσκεφαλαίου
880 2493 913 2526 τῇ
935 2492 1040 2528 κεφαλῇ

248 2541 395 2572 ϐαίνουσα,
414 2540 461 2566 καὶ
477 2539 653 2574 καταθυμίως
670 2539 804 2574 ἀνέχουσα
820 2539 862 2572 ἐφ’
880 2539 980 2574 ἑαυτῆς
995 2540 1041 2566 τὸν

283 2585 351 2613 Cum
366 2585 449 2621 igitur
463 2585 577 2612 vidisset
592 2593 634 2612 me
650 2592 733 2620 prope
756 2584 829 2611 fores
845 2592 915 2617 esse,
936 2593 997 2612 sese
1013 2586 1040 2612 in

249 2632 376 2659 cubitum
390 2631 512 2665 erigens,
526 2638 673 2658 accurrere
692 2630 736 2656 illa
756 2630 866 2665 quidem
882 2639 936 2657 non
953 2632 1041 2665 potuit

251 2678 331 2712 (nam
346 2676 414 2703 febri
431 2676 590 2704 defecerant
605 2675 706 2707 vires),
724 2676 772 2703 sed
793 2679 884 2703 tamen
909 2677 968 2703 solo
985 2684 1043 2703 ma-

251 2729 317 2749 num
344 2720 467 2756 amgens.
500 2728 585 2755 seque
603 2725 737 2755 quantum
761 2723 869 2755 poterat
889 2728 922 2748 ex
945 2721 1043 2747 humili

253 2766 355 2793 lectulo
382 2774 559 2801 promovens,
589 2767 722 2793 honorem
748 2766 853 2799 habuit,
879 2775 959 2801 quem
978 2767 1045 2795 mihi

253 2817 368 2839 armaris
387 2815 519 2845 praestare
535 2820 587 2839 nun
599 2816 704 2847 poterat
729 2820 735 2838 :
762 2811 808 2839 sed
824 2819 874 2847 ego
895 2819 1045 2840 accul'rcns

255 2856 436 2892 amnibusque
452 2858 606 2892 suscipiens
622 2858 697 2885 Intuli
718 2857 854 2893 dejectam
870 2858 999 2891 excitavi,
1017 2862 1044 2885 ct

1082 1621 1132 1656 τὴς
1153 1620 1200 1647 τοῦ
1225 1620 1367 1656 μέλλοντος
1386 1621 1553 1657 ὑποδραμὼν
1579 1621 1766 1657 διετάρασσεν
1779 1630 1787 1638 ”
1810 1621 1847 1654 ὥς
1861 1622 1885 1648 δὲ

1084 1668 1131 1694 καὶ
1150 1668 1209 1694 κατ’
1231 1668 1312 1694 αὑτὸν
1328 1668 1463 1703 ἐγενόμην
1478 1668 1523 1694 τὸν
1537 1669 1619 1695 τόπον
1631 1688 1638 1700 ,
1661 1670 1710 1696 καὶ¹
1727 1670 1886 1705 προκατήγ-

1084 1714 1183 1751 rem}:
1202 1716 1235 1750 τῇ
1257 1714 1416 1749 ἀδελφότητι
1433 1714 1481 1750 τὴν
1497 1715 1648 1750 παρουσίαν
1674 1716 1690 1750 ή
1721 1717 1816 1751 φήμη·
1832 1716 1887 1742 τότε

1086 1762 1229 1796 σύνταγμα
1244 1760 1299 1798 τῶν
1314 1760 1420 1796 ἀνδρῶν
1434 1761 1507 1787 ἆπαν
1521 1782 1528 1792 ,
1552 1763 1584 1788 ἐκ
1603 1761 1652 1788 τοῦ
1668 1761 1812 1795 ἀνδρῶνος
1825 1762 1888 1797 πρὸς

1085 1807 1158 1842 ἡμᾶς
1172 1806 1306 1842 προεχέοη
1320 1815 1327 1821 ·
1345 1806 1458 1842 σύνηθες
1476 1807 1530 1841 γὰρ
1544 1807 1637 1839 αὐτοῖς
1650 1809 1737 1843 τιμᾷν
1753 1809 1789 1843 τῇ
1806 1809 1887 1835 012m:-

1086 1854 1162 1887 τήσει
1187 1853 1249 1884 τοὺς
1264 1851 1459 1887 χαταθυμίους,
1480 1852 1508 1877 Ἰ)
1523 1852 1551 1878 δὲ
1568 1853 1596 1878 ἐν
1619 1853 1730 1886 γυναιῇ
1747 1855 1803 1888 τῆς
1819 1862 1887 1888 παρ-

1087 1898 1176 1929 θενίας
1193 1898 1272 1933 χορὸς
1287 1898 1430 1933 εὐκόσμως
1447 1898 1517 1925 κατὰ
1528 1898 1578 1934 τὴν
1593 1898 1744 1933 ἐκκλησίαν
1759 1900 1814 1934 τὴν
1830 1901 1886 1925 εἶε-

1088 1945 1145 1971 οδον
1160 1945 1236 1979 ἡμῶν
1255 1944 1397 1979 ἀνέμενεν.
1418 1945 1493 1970 Ἐπεὶ
1505 1945 1533 1970 δὲ
1551 1945 1629 1975 τέλος
1644 1943 1718 1979 εἶχεν
1741 1946 1759 1979 ἡ
1775 1946 1846 1980 εὑχὴ
1865 1954 1887 1971 τε

1089 1990 1135 2016 καὶ
1153 1990 1168 2024 ἠ
1182 1989 1301 2022 εὐλογία,
1317 1990 1366 2016 καὶ
1380 1990 1408 2016 αἱ
1426 1990 1474 2025 μὲν
1488 1990 1557 2025 μετὰ
1572 1990 1602 2016 τὸ
1617 1991 1750 2025 ὑποσχεῖν
1769 1993 1806 2027 τῇ
1821 1992 1889 2018 εἰλο-

1089 2036 1135 2071 γίᾳ
1152 2036 1199 2070 τὴν
1227 2035 1348 2070 κεφαλὴν
1372 2036 1550 2070 εὐσχημόνως
1577 2036 1802 2068 ἀναποδίςουσαι
1829 2037 1888 2071 πρὸς

1091 2081 1188 2111 ἑαυτὰς
1200 2080 1363 2116 ἀνεχώρουν,
1375 2081 1539 2107 ὑπελείπετο
1550 2081 1578 2107 δὲ
1589 2081 1619 2114 ἐξ
1631 2082 1725 2108 αὐτῶν
1738 2083 1814 2118 πρὸς
1825 2084 1888 2118 ἡμᾶς

1088 2126 1211 2160 οὐδεμία·
1231 2126 1343 2157 εἰκάσας
1361 2126 1429 2160 ὅπερ
1446 2124 1490 2161 ἧν,
1511 2125 1548 2161 μὴ
1565 2128 1594 2152 ὲν
1615 2127 1738 2159 ἐκείναις
1760 2127 1835 2155 εἶναι
1847 2130 1887 2163 τὴν

1091 2171 1315 2207 καθηγουμένην,
1330 2171 1559 2207 προηγησαμένου
1580 2172 1654 2204 τινὸς
1669 2174 1715 2199 ἐπὶ
1735 2174 1787 2201 τὸν
1807 2173 1885 2204 οἷκον.

1091 2218 1119 2243 ὲν
1135 2214 1158 2251 ᾧ
1174 2215 1208 2252 ἦν
1225 2216 1267 2252 [ἡ]
1282 2217 1407 2252 Μεγάλη,
1429 2217 1476 2244 καὶ
1491 2218 1540 2252 τὴν
1556 2218 1643 2253 θύραν
1663 2218 1886 2252 διαπετάσαντος,

1090 2263 1165 2294 ἐντὸς
1185 2264 1234 2297 τῆς
1254 2263 1329 2298 ίερᾶς
1344 2264 1451 2298 ἐκείνης
1468 2264 1603 2298 ἐγενόμην
1625 2265 1730 2299 μονῆς·
1750 2267 1769 2301 ἡ
1787 2267 1817 2293 δὲ
1832 2275 1886 2300 σφο-

1089 2307 1159 2343 δρῶς
1178 2308 1229 2342 ἤδη
1242 2309 1275 2342 τῇ
1290 2308 1431 2343 ἀρρωστίᾳ
1450 2308 1602 2342 κατείχετο·
1622 2310 1784 2337 ἀνεπαύετο
1803 2312 1831 2338 δὲ
1846 2313 1886 2338 οὐκ

1090 2354 1136 2380 ἐπὶ
1151 2354 1244 2388 κλίνης
1259 2354 1330 2385 τινος
1344 2354 1360 2389 ἢ
1378 2356 1520 2390 στρωμνῆς
1532 2375 1539 2386 ,
1552 2356 1610 2382 ἀλλ’
1631 2358 1679 2383 ἐπὶ
1700 2357 1751 2384 τοῦ
1771 2359 1888 2393 casiae;

1092 2399 1196 2430 σανίδος
1219 2399 1423 2434 ὑποτεταμένης
1442 2399 1480 2434 τῷ
1499 2400 1594 2435 σάκκῳ
1607 2422 1614 2433 ,
1635 2404 1683 2429 καὶ
1704 2404 1758 2439 τὴν
1778 2405 1887 2437 κεφαλὴν

1092 2445 1189 2480 ἐτέρας
1207 2444 1287 2470 πάλιν
1313 2444 1416 2476 σανίδος
1443 2445 1657 2482 ὐπερειδούσης,
1673 2446 1710 2484 ἧς
1736 2451 1755 2484 ἡ
1785 2451 1886 2485 ὲργαπέι

1060 2492 1198 2526 γίνεσθαι,
1216 2492 1244 2516 ὲν
1263 2489 1332 2524 λοξῷ
1368 2490 1408 2525 τῷ
1434 2491 1552 2527 σχήματι
1577 2494 1642 2525 τοὺς
1663 2495 1800 2528 τένοντας
1833 2497 1887 2523 ὑπῃ-

1061 2540 1171 2574 αὐχένα.

1133 2585 1209 2611 Ἐπεὶ
1233 2581 1281 2610 οὖν
1294 2582 1364 2611 εἶδεν
1385 2586 1467 2618 ἐγγὺς
1490 2585 1544 2611 τῶν
1566 2585 1660 2621 θυρῶν
1682 2596 1719 2622 με
1741 2589 1886 2624 γενόμενοι

1091 2630 1236 2666 ὀρθώσασα
1264 2629 1363 2664 ἑαυτὴν
1390 2631 1434 2656 ἐπ’
1458 2630 1601 2664 ἀγκῶνος,
1627 2632 1825 2668 προσδραμεῖν
1851 2633 1887 2665 ei;

1093 2677 1135 2703 οἶα
1149 2676 1171 2702 τ’
1185 2674 1230 2711 ἦν,
1247 2676 1276 2702 ὲν
1296 2675 1335 2710 τῷ
1356 2675 1465 2712 πυρετῷ
1488 2675 1538 2711 ἤδη
1561 2676 1612 2711 τῆς
1640 2678 1738 2712 ἰσχύος
1761 2678 1887 2706 ὑπολυθεέ-

1096 2731 1155 2758 σης·
1178 2722 1288 2757 πήξασα
1301 2722 1329 2748 δὲ
1351 2722 1396 2748 ἐπὶ
1413 2722 1461 2748 τοῦ
1473 2722 1588 2758 ἐδάφους
1603 2723 1657 2756 τὰς
1671 2726 1785 2760 χεῖρας,
1799 2725 1844 2752 καὶ

1095 2768 1158 2795 ὅσον
1172 2765 1227 2794 οἶόν
1249 2776 1278 2793 τε
1296 2765 1340 2803 ἦν,
1357 2767 1409 2800 ἔξω
1432 2768 1531 2803 ἑαυτὴν
1548 2768 1596 2795 τοῦ
1611 2771 1771 2805 χαμευνίου
1793 2770 1887 2806 προτεῖ-

1099 2822 1177 2846 νασα,
1201 2813 1251 2848 τὴν
1271 2813 1320 2848 τῆς
1343 2813 1519 2849 ὑπαντήσεως
1539 2814 1661 2850 ἐπλήρου
1688 2818 1795 2851 τιμήν·
1826 2815 1886 2847 κέ,ιί

1100 2858 1300 2894 προσδραμὼν,
1325 2860 1371 2886 καὶ
1392 2861 1450 2890 ταῖς
1470 2860 1563 2894 χερσὶν
1592 2861 1742 2889 ὑποϐαλὼν
1770 2861 1890 2898 χαμαί-5
