1917 3079
45 120 96 146 ΩἹἸ

669 116 714 143 DE
731 117 811 144 Vl’l'A
832 117 860 145 S.
881 117 1057 146 MACIKINAE.

1623 122 1678 151 978

43 175 191 209 πρόσωπον
209 173 379 209 κεκλιμένον,
408 172 559 208 ἁνώρθωσά
586 182 613 199 τε
634 174 720 209 αὐτὴν
746 174 837 206 πάλιν,

909 175 975 203 ubili
994 175 1076 203 solito
1105 177 1223 204 restitui.
1243 176 1292 204 llic
1314 177 1360 205 illa
1388 179 1518 207 manibus
1531 179 1578 208 ,θα
1593 179 1678 208 Deum

23 247 24 250 η
41 221 88 246 καὶ
101 220 232 262 ἀπέδωκα
246 220 286 255 τῷ
304 219 414 255 συνήθει
433 219 484 254 τῆς
497 219 685 252 κατακλίσεως
706 221 837 256 σχήματι.

47 266 77 291 Ἡ
92 265 122 292 δὲ
146 265 310 301 προτείνασα
328 264 367 300 τῷ
383 264 442 299 Θεῷ
455 264 504 299 τὴν
521 266 609 300 χεῖρα,
631 274 640 290 ι
661 265 715 292 Καὶ
736 265 838 301 ταύτην

21 344 22 347 η
45 311 211 346 ἐπλήρωσάς
239 319 302 345 μοι,
323 319 333 336 ι
359 309 437 344 φησὶ,
457 319 465 335 ι
484 309 532 345 τὴν
555 309 645 345 χάριν,
667 311 681 336 ὁ
696 310 775 342 Θεός·
793 311 840 337 καὶ

41 358 91 392 οὐχ
114 356 268 392 ὑστέρησάς
284 364 318 390 με
329 356 362 382 ὲκ
378 355 428 390 τῆς
455 356 603 390 ἐπιθυμίας
631 364 683 390 μου
694 365 701 371 ·
725 357 766 382 ὅτι
782 357 839 383 ὲχί-

43 411 130 438 νήσας
150 402 196 429 silv
211 401 256 428 σὺν
275 401 386 438 οἰκέτην
409 402 450 433 είς
468 401 611 436 ἐπίσκεψιν
627 403 676 437 τῆς
694 402 839 437 παιδίσκης

46 449 104 477 σου.
125 458 135 475 ι
156 449 210 476 Καὶ
223 449 261 480 ὡς
283 448 315 476 ἂν
336 448 471 484 μηδεμίαν
494 448 629 482 ἐπαγάγοι
645 449 678 484 τῇ
696 449 748 484 ὲμῇ
766 448 838 484 ψυχῇ

44 495 206 530 δυσθυμίαν,
221 494 266 521 τον
281 494 431 529 στεναγμὸν
443 493 622 529 κατεπράϋνε,
642 494 689 520 καὶ
711 494 760 530 τὴν
776 503 839 520 συν-

45 539 112 574 οχὴν
138 539 186 566 τοῦ
210 539 347 574 ἄσθματος
378 538 509 574 κρύπτειν
542 548 601 574 πως
628 538 771 570 ἐϐιάζετο·
796 539 841 566 διὰ

46 586 159 623 πάντων
173 594 202 612 τε
218 585 286 621 προς
303 584 333 611 τὸ
353 584 536 620 εὐθυμότερον
554 585 759 621 μεθηρμόζετο,
786 586 841 612 τῶν

45 631 225 666 καταθυμίων
246 631 332 665 λόγων
349 631 416 665 αὐτή
434 639 464 657 τε
488 631 680 666 κατάρχουσα,
706 632 752 662 καὶ
775 632 842 667 ἡμῖν

44 676 97 708 τὰς
113 676 258 712 ἀφορμὰς,
277 676 311 703 δι’
328 673 364 703 ὧν
380 675 492 711 ἠρώτα,
508 676 766 712 παρασκευάζουσα.
787 677 843 712 Τῆς

45 722 74 750 δὲ
94 721 159 757 περὶ
173 722 219 747 τοῦ
233 721 350 756 μεγάλου
367 721 508 748 Βασιλείου
525 723 634 757 μνήμης
649 723 682 757 τῇ
697 722 843 757 ἀκολουθίᾳ

45 765 95 792 τοῦ
115 766 196 800 λόγου
217 766 464 802 παρεμπεσούσης,
492 767 554 802 ἐμοὶ
579 767 629 802 μὲν
651 766 809 800 ὲπὼκλαζεν
825 769 842 803 ἡ

45 810 133 847 ψυχὴ,
155 812 202 838 καὶ
223 811 387 840 συνέπιπτεν
402 812 430 837 ὲν
452 812 587 847 κατηφείᾳ
600 812 631 838 τὸ
651 812 806 847 πρόσωπον·
826 813 843 848 ἡ

45 857 74 893 δὲ
98 857 226 883 τοσοῦτον
252 858 354 892 ἀπέσχε
376 858 415 893 τῷ
441 858 569 894 ἡμετέρῳ
592 859 843 894 συνταπεινωθῆναι

46 901 148 934 πάθει,
162 903 231 929 ὥστε
247 904 374 939 ἀφορμὴν
392 905 565 940 ποιησαμένη
583 905 753 940 ὑψηλοτέρας
768 906 844 939 φιλο-

47 947 150 982 σοφίας
164 948 212 984 τὴν
228 949 291 984 περὶ
307 949 354 975 τοῦ
375 949 467 984 Ἀγίου
489 951 610 985 μνήμην,
626 951 762 983 τοιούτους
774 951 845 983 διεξ-

47 993 116 1028 ῆλοε
135 993 231 1028 λόγους
248 995 445 1029 φυσιολογοῦσά
456 1003 485 1022 τε
499 996 529 1022 τὸ
545 995 724 1032 ἀνθρώπινον,
739 997 786 1023 καὶ
798 997 846 1032 τὴν

47 1039 128 1067 θείαν
148 1041 303 1076 οἰκονομίαν
327 1041 375 1077 τὴν
392 1042 435 1068 διὰ
455 1042 509 1068 τῶν
535 1042 706 1077 σκυθρωπῶν
725 1051 847 1078 κεκρυμ-

48 1085 139 1121 μένην
154 1085 192 1121 τῷ
208 1086 280 1121 λόγῳ
300 1086 522 1113 διακαλύπτουσα
533 1095 539 1102 ·
553 1086 587 1113 τά
598 1095 627 1112 τε
642 1087 705 1122 περὶ
719 1086 769 1121 τῆς
783 1087 846 1121 μελ-

47 1130 153 1167 λούσης
164 1131 245 1166 ζωῆς.
264 1132 389 1168 καθάπερ
407 1132 606 1168 θεοφορουμένη
625 1132 663 1167 τῷ
678 1132 747 1167 ἁγίῳ
762 1132 847 1159 Πνεύ-

50 1186 132 1212 ματι,
156 1178 307 1210 διεξιοῦσιν
333 1177 402 1205 ὥστε
427 1187 471 1208 μοι
495 1178 544 1213 τὴν
563 1178 651 1213 ψυχὴν
671 1177 723 1211 ἔξω
747 1177 846 1213 μικροῦ

47 1223 109 1251 δεῖν
146 1224 195 1260 τῆς
235 1223 408 1259 ἀνθρωπίνης
441 1223 548 1258 φύσεως
569 1221 638 1249 εῖναι
651 1223 738 1250 δοκεῖν
765 1226 980 1260 συνεπαρθεῖσαν
1012 1229 1066 1259 τοῖς
1090 1228 1247 1263 λεγομένοις

48 1272 158 1298 ἀδύτων
170 1271 203 1306 τῇ
218 1270 387 1306 χειραγωγίᾳ
404 1270 450 1297 τοῦ
465 1270 544 1305 λόγου
563 1270 776 1306 καθισταμένην.

87 1317 147 1344 Καὶ
158 1317 252 1353 ὥσπερ
275 1317 320 1344 ἐπὶ
345 1318 394 1352 τῆς
417 1317 463 1343 τοῦ
485 1316 543 1343 Ἰὼϐ
563 1317 682 1352 ἱστορίας
701 1317 846 1353 ἀκούομεν,

50 1363 93 1389 ὅτι
113 1362 283 1397 πανταχόθεν
304 1363 337 1398 τῇ
355 1362 481 1397 σηπεδόνι
495 1362 548 1388 τῶν
567 1363 732 1398 τραυμάτων
746 1363 799 1398 ὅλῳ
812 1362 850 1398 τῷ

53 1409 166 1444 σώματι
180 1408 214 1435 δι’
230 1408 334 1444 ἰχώρων
346 1409 360 1435 ὁ
375 1409 444 1444 ἀνὴρ
464 1409 674 1444 συντηκόμενος,
689 1409 719 1435 οὗ
736 1409 804 1444 πρὸς
820 1409 850 1435 τὸ

53 1455 175 1489 ἀλγύνων
186 1454 234 1490 τὴν
251 1454 376 1490 αἴσθησιν
389 1455 445 1486 τοῖς
456 1454 597 1489 λογισμοῖς
614 1454 779 1485 ὲπεκλίνετο,
793 1453 850 1480 ἀλλ’

55 1502 86 1527 ἐν
100 1501 151 1536 μὲν
164 1500 203 1535 τῷ
221 1499 339 1535 σώματι,
355 1500 387 1526 τὸ
403 1499 502 1533 ἀλγοῦν
522 1497 611 1534 εἶχεν·
637 1500 651 1525 ό
667 1499 694 1526 δὲ
711 1499 779 1534 πρὸς
802 1498 851 1533 τὴν

58 1547 130 1573 ἰδίαν
147 1547 286 1581 ἐνέργειαν
314 1547 364 1572 οὐκ
388 1545 556 1581 ἠμϐλύνετο,
573 1545 633 1571 οὐδὲ
653 1545 778 1572 διέκοπτε
807 1545 853 1571 τὸν

57 1593 141 1628 λόγον
156 1594 212 1624 τοῖς
226 1592 404 1628 ὑψηλοτέροις
416 1592 600 1627 ἐμϐατεύοντα
609 1601 616 1607 ·
632 1592 750 1618 τοιοῦτόν
763 1600 790 1618 τι
809 1592 856 1618 καὶ

58 1639 109 1665 ἐπὶ
126 1639 177 1672 τῆς
194 1639 314 1674 μεγάλης
330 1638 423 1673 ἐώρων
435 1638 552 1673 ἐκείνης,
570 1637 616 1664 τοῦ
632 1638 750 1674 πυρετοῦ
767 1639 856 1664 πᾶσαν

59 1685 113 1720 τὴν
135 1684 251 1720 δύναμιν
274 1684 359 1719 αὐτῆς
387 1684 625 1719 καταφρύγοντος,
658 1684 705 1710 καὶ
731 1683 799 1719 πρὸς
812 1683 857 1710 τὸν

61 1730 180 1757 θάνατον
194 1729 411 1762 συνελαύνοντος,
429 1729 554 1765 καθάπερ
565 1729 653 1765 δρόσῳ
667 1729 721 1756 τινὶ
733 1729 763 1755 τὸ
780 1728 860 1763 σῶμα

62 1775 168 1809 ἑαυτῆς
187 1775 378 1810 ἁναψύχουσα,
400 1774 486 1807 οὕτως
503 1775 723 1812 ἀπαραπόδιστον
742 1774 814 1810 εἶχεν
831 1775 860 1801 ὲν

63 1823 98 1857 τῇ
114 1822 179 1856 περὶ
195 1821 249 1847 τῶν
261 1821 372 1856 ὑψηλῶν
389 1820 490 1856 θεωρίᾳ
504 1821 549 1847 τὸν
564 1820 635 1854 νοῦν,
652 1821 727 1847 οὐδὲν
746 1820 798 1846 ὑπὸ
811 1820 860 1855 τῆς

63 1859 204 1902 τοσαύτης
227 1867 384 1902 ἀρρωστίας
407 1867 680 1903 παραρλαπτόμενον.
705 1866 759 1893 Καὶ
782 1867 806 1892 εἰ
825 1865 862 1901 μὴ

63 1913 138 1949 ’πρὸς
162 1913 274 1949 ἄπειρον
291 1912 438 1949 ἐξετείνετο
463 1914 550 1948 μῆκος
569 1914 585 1948 ή
603 1912 756 1948 συγγραφὴ,
775 1911 863 1939 πάντα

63 1960 100 1985 ἂν
115 1958 233 1996 καθεξῆς
246 1959 420 1994 διηγησάμην
430 1967 437 1973 ·
451 1960 524 1990 ὅπως
536 1959 643 1994 ἐπήρθη
661 1959 699 1994 τῷ
715 1959 786 1994 λόγῳ
800 1958 864 1994 περί

63 2014 97 2031 τε
112 2006 166 2040 τῆς
179 2004 266 2040 ψυχῆς
281 2006 346 2040 ἡμῖν
357 2005 539 2039 φιλοσοφοῦσι
549 2025 556 2037 ,
572 2006 619 2032 καὶ
636 2005 684 2040 τῆς
702 2005 745 2032 διὰ
763 2004 864 2040 σαρκὸς

65 2051 145 2086 ζωῆς
157 2049 206 2087 τὴν
220 2051 308 2078 αἰτίαν
325 2050 477 2083 διεξιοῦσα·
497 2052 543 2077 καὶ
558 2052 620 2077 ὅτου
636 2051 715 2085 χάριν
732 2051 745 2076 ὁ
761 2050 866 2084 ἄνθρω-

66 2105 121 2127 πος
132 2115 140 2128 ,
159 2096 206 2124 καὶ
223 2097 298 2128 ὅπως
318 2097 415 2132 θνητός
425 2105 432 2112 ·
446 2097 492 2124 καὶ
505 2097 565 2123 ὅθεν
577 2097 591 2123 ὁ
603 2097 718 2128 θάνατος
729 2105 736 2111 ·
756 2096 804 2122 κού⁸
824 2096 867 2126 τίς

66 2143 84 2178 ή
105 2142 163 2169 ἀπὸ
175 2141 272 2168 τούτου
287 2143 356 2178 πρὸς
366 2143 415 2178 τὴν
429 2142 501 2178 ζωὴν
514 2143 594 2169 πάλιν
606 2142 744 2173 ἀνάλυσις.
767 2142 810 2168 Ἐν
827 2139 867 2172 οἷς

888 221 1019 249 sublatis:
1035 231 1043 247 I
1055 222 1191 254 Gratias,»
1203 223 1318 258 inguini
1332 224 1379 251 tibi
1390 232 1452 260 ago,
1466 225 1581 255 Domine
1596 227 1678 260 Deus.

890 266 935 300 qui
949 271 975 293 et
991 267 1042 293 hoc
1059 267 1126 294 mihi
1143 267 1261 302 largitus
1277 276 1318 299 es,
1333 276 1384 296 nec
1404 269 1479 305 quod
1495 271 1607 307 optabat
1619 273 1680 301 ani-

890 319 951 338 mus
978 320 1055 340 meus
1079 313 1104 340 ei
1134 314 1274 348 denegasli
1297 323 1303 340 :
1332 315 1379 342 sed
1406 312 1680 350 ἱωριιίὶάζίέέάῐςωη

890 362 979 390 tuitui,
995 363 1023 386 ut
1036 367 1079 386 me
1090 364 1165 387 tuam
1179 360 1307 387 ancillam
1321 361 1461 390 inviseret.
1471 370 1482 388 ι
1499 353 1542 391 Διί
1551 351 1680 398 [trinam

890 403 983 430 animo
1005 405 1159 432 molestiam
1183 409 1351 441 aspergeret,
1374 407 1505 441 gemitum
1530 408 1681 441 molliebat,

890 454 916 476 et
932 449 1024 477 celare
1047 450 1233 478 diﬂicnltatem
1261 452 1384 487 spirandi
1409 454 1571 485 conabatur,
1598 461 1682 489 seque

891 494 924 521 ad
950 494 1116 523 hilaritatem
1145 498 1220 523 omni
1247 497 1355 524 ratione
1384 499 1540 530 revocabat,
1565 499 1681 533 jucundi

892 541 1028 568 sermonis
1059 546 1086 569 et
1112 542 1172 577 ipsa
1187 550 1315 578 quzerens
1336 545 1523 576 occasionem,
1550 549 1577 572 et
1600 545 1682 572 nobis

892 586 1156 621 interrogationibus
1171 589 1230 616 suis
1245 590 1386 616 materiam
1401 590 1535 625 prmbens.
1552 589 1606 617 Sed
1619 597 1683 617 cum

892 633 979 660 series
997 633 1055 668 ipsa
1072 635 1207 662 sermonis
1226 643 1275 663 uos
1291 636 1324 662 ad
1344 636 1510 663 mentionem
1533 636 1567 663 de
1581 635 1685 663 Basilio

894 678 1079 712 perduxisset,
1103 679 1169 706 mihi
1192 680 1302 714 quidem
1325 685 1481 709 commotus
1500 686 1542 709 est
1564 681 1684 711 animus,

893 727 920 750 et
936 731 992 759 pra:
1015 725 1146 752 mmstitia
1173 727 1265 753 vultus
1281 727 1412 760 concidit,
1437 733 1463 754 et
1481 735 1514 754 ex
1530 728 1620 755 Oculis
1646 727 1686 754 la-

894 775 996 803 crymae
1007 767 1174 798 deﬂuebant.
1192 770 1227 797 At
1246 771 1292 797 illa
1308 777 1414 799 tantum
1430 771 1527 804 abfuit,
1545 775 1574 799 ut
1590 771 1686 798 eadem

895 814 1104 848 perturbatione
1127 816 1272 844 uobiscum
1297 817 1474 852 dejiceretur,
1493 822 1522 844 ut
1541 825 1573 845 ex
1593 816 1686 844 Basilii

861 854 881 881 Β
895 859 1040 891 memoria,
1065 860 1236 888 sublimior-is
1259 862 1439 897 philosophiae
1456 862 1600 889 materiam
1617 861 1687 888 arri-

895 903 985 939 piens,
1015 912 1047 932 ea
1075 906 1234 940 disputarit,
1262 915 1354 934 rerum
1378 908 1562 935 humanarum
1587 913 1688 934 causas

894 950 1054 983 exquirens.
1081 956 1109 978 et
1129 952 1269 978 occultam
1295 954 1322 979 in
1341 953 1426 980 rebus
1449 952 1572 979 adVersis
1598 949 1690 985 provi-

895 995 1017 1022 dentiam
1033 995 1080 1023 Dei
1100 997 1218 1024 dicendo
1231 998 1369 1032 aperiens,
1384 1002 1411 1025 et
1425 1005 1487 1033 quae
1502 998 1642 1033 pertinent
1656 996 1690 1023 ad

896 1042 981 1068 vitam
995 1041 1117 1069 futuram
1135 1047 1265 1078 tanquam
1282 1044 1376 1070 divino
1390 1045 1490 1080 spiritu
1512 1043 1612 1074 adlato,
1627 1049 1691 1079 per-

898 1094 1025 1119 currens,
1046 1092 1075 1114 ut
1089 1089 1200 1116 animus
1220 1096 1298 1116 meus
1312 1089 1394 1116 dictis
1418 1090 1492 1116 illius
1507 1089 1646 1116 excitatus
1666 1092 1693 1113 ct

898 1134 959 1168 ejus
971 1135 1097 1161 oratione
1113 1135 1140 1161 in
1154 1135 1315 1162 cmlestihus
1328 1134 1419 1171 adytis
1430 1135 1600 1162 constitutus
1615 1137 1692 1161 extra

899 1184 1026 1206 naturam
1046 1181 1166 1209 hominis
1180 1181 1287 1216 positus
1301 1189 1364 1208 esse
1378 1181 1527 1209 videretur.

1254 1248 1261 1259 ,
1292 1227 1340 1254 καὶ
1365 1227 1440 1260 ἐντὸς
1480 1227 1536 1254 τῶν
1561 1225 1694 1262 οὐρανίων

940 1317 978 1344 Ac
995 1318 1228 1352 quemadmodum
1243 1317 1304 1350 Job,
1322 1322 1352 1344 ut
1368 1317 1396 1345 in
1420 1317 1481 1351 ejus
1498 1317 1611 1344 historia
1629 1317 1695 1353 legi“

903 1371 975 1395 mus,
1008 1365 1134 1399 quamvis
1164 1368 1250 1391 totum
1269 1371 1388 1398 corpus,
1406 1363 1548 1390 ulceribus
1573 1363 1696 1398 undique

903 1410 1139 1444 putrescentibus,
1164 1411 1242 1437 sanie
1272 1409 1492 1440 contabesceret,
1521 1415 1634 1436 sensum
1662 1409 1696 1436 ad

903 1456 1026 1483 dolorem
1043 1457 1237 1483 ratiocinando
1251 1463 1306 1483 non
1320 1455 1485 1483 demittebal
1499 1462 1506 1482 :
1521 1454 1569 1482 sed
1582 1462 1699 1489 corpore

905 1503 1015 1538 quidem
1028 1503 1164 1530 sentiebat
1177 1502 1311 1536 dolorem,
1328 1501 1420 1528 animo
1434 1507 1500 1527 vero
1512 1500 1546 1527 ad
1557 1500 1697 1535 propriam

905 1550 1041 1576 actionem
1069 1549 1155 1575 nihilo
1178 1548 1266 1575 factus
1283 1551 1341 1575 erat
1364 1546 1548 1579 imbecillior;
1568 1554 1618 1573 uec
1637 1553 1700 1574 ser-

907 1602 1014 1621 monem
1028 1593 1173 1621 altioribus
1189 1593 1223 1620 de
1238 1593 1321 1620 rebus
1345 1592 1501 1619 institutum
1516 1591 1701 1626 interrumpe-

907 1641 972 1668 bat:
999 1639 1040 1667 sic
1069 1639 1096 1666 iu
1124 1646 1223 1674 magna
1249 1639 1296 1666 illa
1311 1638 1481 1665 cernebam:
1509 1637 1612 1664 etenim
1639 1637 1703 1664 licet

909 1686 993 1713 febris
1010 1693 1091 1713 omne
1115 1685 1202 1713 robur
1225 1684 1313 1720 ipsius
1337 1683 1518 1714 exsiccasset,
1548 1688 1574 1709 et
1600 1689 1702 1717 corpus

909 1732 969 1767 ejus
984 1735 1113 1766 tanquam
1131 1738 1194 1758 rore
1208 1729 1329 1766 quodam
1345 1728 1523 1763 frigefaciens
1538 1727 1572 1755 ad
1587 1731 1703 1755 mortem

910 1775 1098 1810 compelleret,
1114 1777 1234 1802 mentem
1249 1777 1340 1801 tamen
1353 1773 1521 1808 expeditam,
1536 1777 1563 1800 et
1575 1777 1704 1807 tauquam

912 1822 1009 1849 morbo
1021 1821 1145 1853 illmsam,
1158 1820 1185 1847 iu
1198 1827 1291 1847 rerum
1303 1819 1463 1847 sublintium
1475 1818 1706 1853 contemplatione

913 1867 1062 1895 detinebat.
1078 1866 1156 1900 Quod
1171 1866 1223 1893 nisi
1238 1873 1359 1895 vererer.
1371 1872 1405 1892 ue
1421 1865 1449 1892 in
1465 1865 1629 1892 immensum
1643 1871 1707 1891 ora-

913 1915 952 1941 tio
963 1914 1181 1949 protraheretur,
1195 1912 1293 1939 ordine
1304 1916 1404 1939 cuneta
1419 1916 1582 1946 persecutus
1595 1918 1684 1938 essem
1697 1918 1703 1935 :

915 1959 1053 1996 quomodo
1075 1958 1192 1986 dicendo
1220 1961 1348 1993 provecta
1372 1957 1420 1988 sit,
1440 1960 1470 1983 ut
1488 1960 1515 1983 et
1533 1957 1566 1983 de
1589 1955 1707 1982 hominis

915 2007 1008 2034 animo
1024 2007 1188 2041 disputaret,
1206 2005 1396 2038 rationemque
1410 2003 1473 2030 vita:
1486 2003 1570 2037 hujus
1582 2003 1609 2029 in
1622 2008 1707 2028 carne

917 2056 1101 2088 percurreret,
1122 2056 1149 2079 et
1164 2059 1245 2086 quem
1259 2050 1292 2077 ad
1311 2051 1391 2078 ﬁnem
1410 2051 1505 2082 homo,
1520 2053 1548 2076 et
1569 2047 1708 2083 quomodo

918 2098 1043 2126 mortalis
1055 2102 1082 2125 ct
1097 2105 1151 2133 qua
1168 2098 1201 2125 de
1219 2104 1303 2124 causa
1324 2095 1498 2126 immortalis,
1521 2098 1548 2121 et
1564 2101 1625 2128 qua)
1645 2094 1708 2120 hinc

919 2142 953 2169 ad
970 2142 1083 2169 alteram
1111 2141 1196 2168 vitam
1232 2140 1376 2168 resolutio.
1396 2140 1462 2173 Qua:
1481 2139 1590 2174 quidem
1617 2138 1709 2166 omnia

67 2190 294 2226 ἂπασιν,ὢσπερ
310 2191 510 2226 ὲμπνευσθεῖσα
533 2192 567 2226 τῇ
587 2190 699 2225 δυνάμει
720 2189 768 2215 τοῦ
790 2189 842 2222 tit-(tt

921 2192 1051 2223 tauquam
1071 2188 1096 2214 vi
1119 2187 1234 2222 spiritus
1254 2190 1342 2220 rapta,
1364 2186 1503 2220 sapienter
1527 2184 1711 2219 distincteque

67 2237 234 2273 Πνεύματος
247 2238 334 2264 πάντα
343 2237 441 2272 διεξῄει
454 2236 546 2271 σαφῶς
557 2245 585 2263 τε
599 2236 645 2262 καὶ
658 2235 822 2266 ἀκολούθως,
837 2235 866 2261 ἐν

68 2283 189 2319 εὐκολίᾳ
205 2284 280 2319 πάσῃ
294 2283 341 2309 τοῦ
358 2283 438 2316 λόγου
457 2283 564 2318 ῥέοντος
579 2281 704 2316 καθάπερ
729 2281 760 2307 ὲκ
775 2281 867 2316 πηγῆς

69 2338 162 2360 τινος,
180 2328 227 2355 καὶ
241 2328 468 2364 ἀπαραποῖίστως
479 2328 546 2363 πρὸς
561 2327 590 2354 τὸ
602 2326 703 2362 πρανὲς
718 2325 868 2361 φερομένου

71 2375 124 2402 ’τοῦ
137 2374 243 2406 ὓδατος.
423 2405 426 2408 .

119 2421 199 2447 Ἐπεὶ
210 2420 238 2446 δὲ
253 2420 442 2455 συνεπεράτθη
460 2419 584 2454 ὀλόγος,‹
601 2419 671 2454 Ὥρα
687 2427 738 2450 σοι,
756 2427 765 2443 ι
779 2417 871 2452 φησὶν,

75 2477 86 2493 ε
103 2466 214 2500 ἀδελφὲ,
231 2465 321 2501 πολλῷ
333 2465 371 2500 τῷ
382 2466 458 2500 κόπῳ
474 2466 522 2501 τῆς
530 2465 682 2500 ὁδοιπορίας
695 2463 872 2498 πεπονηκότι,

73 2511 169 2548 βραχύ
180 2519 206 2537 τι
220 2510 400 2537 διαναπαῦσαι
414 2509 444 2536 τὸ
457 2510 545 2545 σῶμα.
562 2519 571 2535 ι
584 2509 674 2544 Καμοὶ
696 2508 802 2543 μεγάλη
824 2507 873 2542 μὲν

73 2557 129 2585 καὶ⁹
141 2556 245 2592 ἀληθὴς
261 2556 353 2587 ἄνεσις
363 2554 397 2592 ἦν
409 2556 439 2583 τὸ
456 2557 593 2592 προσορᾷν
613 2564 642 2582 τε
662 2554 747 2589 αὐτὴν
760 2554 809 2580 καὶ
820 2553 874 2581 τῶν

76 2601 212 2639 μεγάλων
238 2601 426 2637 ἐπακροᾶσθαι
449 2602 535 2635 λόγων
546 2610 553 2618 ο
578 2601 640 2627 ἐπεὶ
656 2601 683 2627 δὲ
700 2600 779 2627 τοῦτο
793 2608 875 2635 κεχα-

78 2647 211 2684 ρισμένον
235 2645 269 2682 ἦν
288 2647 336 2673 καὶ
363 2647 438 2681 φίλον
462 2648 550 2682 αὐτῇ,
578 2647 615 2678 t'o;
641 2647 674 2673 ἂν
697 2646 741 2675 διὰ
767 2646 875 2672 πάντων

77 2693 227 2721 πείθεσθαι
243 2694 276 2729 τῇ
289 2693 440 2728 διδασκάλῳ
453 2694 570 2729 δοκοίην,
587 2693 615 2719 ἔν
636 2702 688 2719 τινι
712 2692 768 2718 τῶν
787 2700 877 2726 παρα-

78 2738 221 2774 κειμένων
234 2739 342 2773 κηπίων
366 2739 514 2775 χαρίεσσαν
539 2748 598 2766 τινα
619 2738 784 2773 καταγωγὴν
804 2745 877 2773 παρ-

80 2784 293 2819 εσκευασμένην
309 2783 413 2819 εὑρὼν,
436 2784 489 2810 ὑπὸ
516 2784 564 2819 τὴν
592 2784 646 2811 τῶν
675 2782 877 2818 ἀναδενδράδων

84 2830 373 2867 σκιὰνέᾰνεπαυόμην·
390 2830 445 2857 ἀλλ’
462 2831 511 2858 οὐκ
525 2828 551 2866 ἧι
570 2830 681 2857 δυνατὸν
698 2828 752 2855 τῶν
766 2829 879 2863 εὐφραι-

922 2234 1083 2266 dcclaravit,
1098 2234 1225 2261 oratione
1241 2233 1327 2268 ipsius
1348 2231 1427 2259 facile
1444 2235 1575 2266 tanquam
1591 2238 1660 2266 aqua
1677 2238 1710 2257 ex

922 2281 1015 2315 aliquo
1029 2280 1104 2306 fonte
1124 2279 1259 2306 deﬂuente
1276 2282 1302 2305 el
1316 2278 1375 2305 sine
1390 2277 1445 2304 ullo
1458 2277 1654 2312 impedimento
1665 2284 1712 2311 pct-

923 2335 1040 2363 pronum
1056 2327 1155 2354 delata.

959 2415 1041 2443 Facto
1056 2419 1146 2443 autem
1156 2414 1265 2442 dicendi
1281 2415 1334 2442 ﬁne
1349 2423 1355 2441 :
1371 2425 1380 2440 ι
1393 2415 1513 2449 'l‘etnpus
1528 2418 1597 2444 est.»
1614 2413 1713 2447 inquit,

925 2471 935 2488 (
957 2461 1051 2493 frater,
1067 2467 1095 2488 ut
1119 2461 1260 2496 paulisper
1282 2460 1419 2495 quiescas,
1446 2464 1473 2487 et
1496 2465 1597 2494 corpus
1616 2466 1710 2489 cures,

924 2508 1025 2543 quippe
1050 2508 1096 2543 qui
1117 2508 1151 2534 de
1165 2507 1207 2533 via
1231 2507 1312 2541 longa
1340 2506 1430 2533 fessus
1452 2506 1523 2532 sis.)
1544 2505 1600 2540 Ego
1622 2507 1714 2530 autem

923 2554 1050 2589 quamvis
1070 2554 1097 2580 in
1117 2553 1177 2587 cjus
1191 2555 1303 2587 aspectu
1315 2555 1341 2578 et
1357 2557 1494 2580 sermone,
1511 2553 1568 2575 tam
1585 2547 1716 2582 gravibus

926 2600 960 2628 de
975 2600 1059 2627 rebus
1078 2599 1254 2626 vehementer
1278 2604 1397 2632 vereque
1411 2595 1648 2630 conquiescerem,
1671 2597 1716 2619 ta-

928 2652 989 2672 men
1003 2644 1132 2679 quoniam
1151 2644 1191 2671 sic
1203 2643 1227 2670 ei
1245 2645 1354 2678 gratum
1375 2646 1445 2673 erat,
1467 2648 1501 2667 ne
1516 2639 1609 2667 nonin
1626 2638 1717 2665 omni-

929 2689 979 2717 bus
996 2689 1133 2724 magistra:
1147 2695 1281 2724 parerem,
1302 2687 1330 2714 in
1355 2686 1442 2714 hortis
1456 2684 1590 2720 proximis
1606 2687 1716 2719 gratum

928 2735 1064 2769 quoddam
1077 2734 1262 2761 diversorium
1279 2737 1388 2764 nactus,
1404 2732 1456 2759 sub
1467 2731 1641 2757 arbustorum
1657 2735 1718 2754 nm-

931 2780 980 2806 bra
997 2779 1186 2814 quiescebant.
1218 2777 1265 2805 sed
1291 2778 1393 2804 nullam
1419 2784 1453 2803 ex
1480 2775 1562 2802 rebus
1586 2772 1718 2809 jucundis

933 2829 1055 2861 poteram
1086 2823 1296 2851 oblectationem
1329 2823 1482 2858 percipere,
1513 2828 1574 2847 cum
1609 2818 1719 2846 animus
