1917 3079
236 95 291 124 979

869 94 898 124 S.
918 93 1081 123 GREGORll
1098 92 1241 121 NYSSENI

1832 93 1880 122 {80

235 154 313 183 intus
323 162 416 182 rerum
423 155 545 182 tristium
556 154 765 190 exspectatione
773 158 954 190 premeretur.
963 153 1026 180 Nam

1083 152 1182 178 νὸντων
1197 152 1247 187 τὴν
1267 151 1394 186 αἴσθησιν
1419 151 1503 187 ἔχειν,
1530 151 1579 186 τῆς
1607 151 1701 186 ψυχῆς
1717 150 1827 177 ἔνδοθεν
1849 154 1877 187 τῇ

236 208 332 228 eorum
355 209 418 236 quae
442 209 491 237 per
513 202 631 237 quietem
658 209 820 237 aspexeram
855 201 971 235 aenigma
994 208 1026 227 ex

236 248 421 282 prmsentibus
430 248 561 283 explicari
574 248 731 275 videbatur.
747 248 942 282 Spectaculum
954 247 1027 274 enim

237 293 409 329 propositum
419 301 483 321 vere
496 294 584 320 sancti
594 294 723 328 martyris
735 293 868 328 reliquias
882 293 1027 322 referebat,

237 346 300 373 quae
316 343 430 373 peccato
443 339 554 373 quidem
580 342 694 365 mortuzc
717 337 888 364 inbabitanlc
908 338 1028 371 Spiritus

239 383 327 419 gratia
348 384 582 420 splendescerent.
606 383 640 410 Et
656 383 714 410 haec
736 382 843 410 cuidam
865 390 959 409 eorum
980 382 1027 417 qui

238 436 347 456 mecum
381 433 459 456 erant
491 428 629 463 exposui:
657 435 719 455 cum
748 431 838 454 autem
866 427 1029 454 demissiore

239 472 333 501 animo
345 472 436 501 tristia
451 478 687 508 exspectaremus.
709 472 755 499 illa
779 472 874 500 nescio
890 471 1029 506 quomodo

238 520 419 555 cogitationes
435 523 547 548 nostras
564 519 728 555 eonjiciens,
756 518 834 546 misit
851 519 898 553 qui
922 518 1028 545 laetiora

238 564 424 597 denuntiaret,
435 565 536 599 jubens
550 573 603 593 nos
618 565 690 592 bono
706 571 768 592 esse
782 564 874 591 animo
892 568 917 591 et
932 563 1029 590 melio-

239 617 297 638 rem
312 610 346 638 de
363 618 393 638 sc
406 618 484 646 spem
498 611 661 645 concipere:
678 610 798 638 sensisse
814 609 889 637 enim
902 608 1027 636 morbum

238 655 267 682 in
281 656 379 684 melius
393 656 473 683 verti.
491 656 552 684 llaec
563 660 655 683 autem
669 663 726 682 non
740 656 774 682 ad
788 663 838 682 nos
851 654 1028 689 decipiendos

238 701 410 735 dicebantur,
434 702 482 730 sed
505 709 538 729 ex
553 708 631 734 vero,
659 701 722 728 licet
738 707 771 728 eo
786 705 911 735 tempore
929 706 979 726 nos
1001 698 1028 726 id

238 747 430 782 ignoraremus
444 757 450 775 :
466 754 562 774 revera
577 746 650 774 enim
665 751 798 781 tanquam
814 753 913 773 cursor
927 745 1028 780 aliquis

238 790 398 819 adversario
414 796 542 826 superato
555 791 667 826 jamjam
681 791 764 819 stadii
778 795 878 818 metam
891 791 1028 826 attingens

1081 198 1135 224 τῶν
1160 197 1329 232 σκυθρωπῶν
1348 197 1436 224 ἐλπίδι
1457 198 1649 232 συνεχομένης.
1669 197 1734 223 Τῶν
1750 196 1808 231 γὰρ
1835 197 1872 222 ἐν·

1082 243 1186 269 υπνίων
1204 244 1219 276 ἡ
1234 243 1294 277 ὄψις
1310 243 1491 270 ἐκκαλύπτειν
1506 252 1551 278 μοι
1568 243 1612 269 διὰ
1626 243 1682 269 τῶν
1709 242 1876 277 φαινομένων

1082 288 1170 314 ἐδόκει
1184 288 1213 314 τὸ
1234 288 1357 323 αἴνιγμα.
1378 287 1431 315 Ἦν
1456 288 1511 324 γὰρ
1529 289 1566 320 ὡς
1593 289 1699 323 ἀληθὲς
1715 289 1747 315 τδ
1774 290 1877 324 πρωιεὲ-

1084 341 1160 368 μενοί
1186 334 1291 368 θέαμα,
1318 334 1456 369 μάρτυρος
1485 335 1563 368 ἁγίου
1587 334 1723 368 λείψανα,
1748 334 1877 369 ξιτ-ᾔρει

1083 380 1205 415 ἁμαρτίᾳ
1222 380 1398 415 ἑνενέκρωτο,
1411 382 1445 415 τῇ
1458 380 1486 406 δὲ
1502 380 1647 415 ὲνοικούση
1656 380 1706 406 τοῦ
1721 379 1877 417 Πνερματος

1082 425 1173 460 χάριτι
1190 425 1388 460 κατελὰμτιετο.
1411 426 1466 452 Καὶ
1482 425 1569 452 ταῦτα
1584 426 1654 462 πρὸς
1674 435 1742 452 τινα
1768 425 1879 461 διεξῄειν

1081 471 1136 497 τῶν
1154 471 1364 506 προακηκοότων
1385 480 1435 506 μου
1458 471 1488 498 τὸ
1509 471 1651 498 ἐνύπνιον·
1671 471 1879 506 κατηφέστερον

1081 516 1108 543 δὲ
1120 516 1190 543 κατὰ
1204 516 1235 543 τδ
1253 517 1327 548 :be;
1341 516 1420 551 ἡμῶν
1441 518 1469 543 ἐν
1492 518 1525 552 τῇ
1544 517 1697 552 προσδοκίᾳ.
1721 517 1782 542 τῶν
1801 517 1879 551 λυπη-

1083 562 1138 597 ρῶν
1161 562 1350 597 διακειμένων,
1374 562 1425 589 οὐκ
1446 560 1496 589 οἷδ’
1520 563 1595 594 ὅπως
1614 562 1819 597 στοχασαμένη
1837 563 1878 596 τῆς

1082 608 1119 633 ὲνη
1134 608 1199 642 ἡμῖν
1219 608 1348 640 διανοίας,
1373 608 1503 642 ἀγγελίαν
1525 608 1588 635 τινὰ
1608 609 1664 635 τῶν
1685 607 1879 643 εὖθυμοτέρωι

1082 654 1150 688 πρὸς
1168 654 1241 688 ἡμᾶς
1261 653 1484 689 διαπεμψαμένη,
1503 654 1614 690 θαρρεῖν
1630 654 1827 685 ὲνεκελεὺετο,
1840 655 1881 684 :1".

1081 699 1131 730 τὰς
1146 699 1276 734 ἀμείνους
1298 699 1369 734 ὑπὲρ
1390 699 1474 734 αὐτῆς
1498 699 1571 733 ἔχειν
1585 698 1717 730 ἐλπίδας·
1749 698 1881 733 Eri-156570

1081 745 1135 780 γὰρ
1150 745 1200 779 τῆς
1220 745 1288 780 πρὸς
1307 745 1338 771 τὸ
1351 745 1472 780 κρεῖττον
1488 746 1585 781 ῥοπῆς.
1603 745 1701 772 Ταῦτα
1722 745 1754 771 δὲ
1770 746 1804 771 οὐ
1818 745 1879 779 πρὸς

1082 791 1189 826 ἀπάτην
1204 791 1328 825 ἐλέγετο,
1348 791 1405 817 ἀλλ’
1422 790 1452 822 ἐξ
1468 791 1552 826 αὐτῆς
1566 791 1616 825 τῆς
1626 790 1768 826 ἀληθείας
1780 791 1796 817 ὁ
1808 790 1878 823 λόγος

238 839 266 863 et
281 836 316 864 ad
333 839 476 872 praemium
501 839 737 873 appropinquans,
752 838 931 873 victoriaeque
945 845 1026 864 coro-

1083 835 1121 873 ῆν,
1136 838 1187 864 κᾶν
1212 838 1293 872 ἡμεῖς
1309 837 1378 872 πρὸς
1395 836 1425 863 rb
1438 836 1525 872 παρὺν
1543 837 1736 872 ὴγνοήσαμεν.
1763 835 1812 870 Τῷ
1829 836 1878 861 δ-ν..

238 889 302 909 nam
318 883 469 917 aspiciens,
494 887 626 918 tanquam
641 883 697 910 voti
710 883 767 918 jam
786 890 900 918 compos
916 882 1030 910 effectus

238 926 286 959 ait,
302 926 424 960 letatur,
438 928 547 963 sibique
560 932 588 955 et
604 927 701 955 amicis
718 928 808 954 laetum
824 927 947 954 victoriae
961 935 1030 954 nun.

238 973 307 1000 tium
333 973 432 1000 affert:
452 973 493 1001 sic
513 974 558 1000 illa
573 981 684 1009 quoque
699 972 796 1000 alIecta
819 973 933 1000 meliora
948 973 982 1001 de
999 981 1030 1001 se

236 1018 352 1053 iubebat
362 1027 474 1054 sperare
487 1029 493 1046 :
509 1019 567 1054 jam
583 1027 710 1054 supernae
721 1019 874 1048 vocationis
886 1021 1030 1055 praemium

238 1067 378 1098 spectans,
392 1072 424 1091 ac
438 1069 545 1091 tantum
567 1072 622 1091 non
648 1064 693 1091 illa
708 1064 832 1099 Apostoli
847 1064 929 1091 verba
948 1064 983 1092 de
1001 1072 1032 1092 se

237 1108 320 1135 etiam
337 1108 433 1136 dicens
445 1108 467 1141 ί,
489 1118 498 1134 ι
510 1109 548 1136 De
562 1109 672 1144 reliquo
696 1109 823 1143 reposita
840 1113 882 1136 est
899 1109 966 1135 mibi
984 1116 1031 1135 co-

237 1160 307 1181 rona
331 1153 448 1189 justitiae
474 1162 556 1189 quam
576 1154 672 1182 reddet
699 1154 766 1181 mihi
792 1154 887 1189 justus
905 1153 1027 1187 Judcx,»

237 1199 460 1235 quandoquidem
480 1209 489 1226 ι
501 1199 603 1227 bonum
624 1203 763 1227 certamen
781 1200 896 1232 certavi,
922 1204 950 1226 et
966 1208 1030 1227 cur-

237 1253 299 1272 sum
311 1245 513 1278 consummavi,
525 1249 553 1273 et
564 1245 645 1273 fidem
660 1246 777 1273 servavi.
790 1255 799 1271 ι

1077 881 1131 917 γὰρ
1148 881 1274 917 καθάπερ
1287 890 1329 911 τις
1351 881 1469 917 δρομεὺς
1492 880 1684 917 παραδραμὼν
1703 881 1752 906 τὸν
1769 880 1879 906 ἀντίπα-

1077 927 1134 959 λον,
1149 927 1196 953 καὶ
1218 927 1269 962 ἤδη
1283 926 1352 962 πρὸς
1366 926 1407 961 τῷ
1424 926 1540 962 τέρματι
1553 926 1600 953 τοῦ
1628 926 1743 954 σταδίου
1771 926 1878 960 γενόμε-

1076 982 1136 1005 νος,
1158 972 1349 1007 προσεγγίζων
1368 973 1562 1008 τῷ-βραὸείῳ,
1588 973 1637 999 καὶ
1664 973 1714 999 τὸν
1745 972 1877 999 ἐπινίκιον

1078 1019 1208 1053 στέφανον
1230 1018 1346 1053 βλέπων,
1360 1019 1398 1051 ὼς
1419 1019 1475 1054 ήδη,
1485 1012 1644 1055 τετυχηκὼς
1656 1020 1715 1045 τῶν
1728 1020 1874 1054 προκειμέ-

1077 1073 1130 1090 νων
1144 1063 1326 1097 ὲπαγάλλεται
1345 1063 1426 1095 αὐτὸς
1439 1064 1539 1099 ἐαυτῷ,
1551 1065 1598 1091 καὶ
1612 1066 1671 1096 τοῖς
1686 1065 1875 1100 εὐνουστέροις

1077 1109 1133 1136 τῶν
1148 1108 1252 1136 θεατῶν
1267 1109 1316 1145 τὴν
1336 1110 1414 1145 νίκην
1434 1109 1657 1144 εὐαγγελίζεται·
1675 1110 1732 1137 ἀπὸ
1752 1118 1874 1145 unum;

1078 1155 1145 1188 ἡμῖν
1157 1154 1303 1186 διαθέσεως
1322 1155 1437 1190 κάκείνη
1456 1155 1490 1182 τὰ
1506 1156 1681 1192 χρηστότερα
1703 1157 1774 1192 περὶ
1797 1156 1874 1190 αὐτῆς

1079 1199 1199 1232 ἐλπίζειν
1212 1200 1306 1235 ἐδήλου
1315 1209 1321 1215 ·
1333 1200 1384 1236 ήδη
1398 1201 1466 1236 πρὸς
1480 1202 1510 1227 τὸ
1526 1201 1653 1237 βραϐεῖον
1672 1202 1725 1237 τῆς
1742 1201 1803 1229 ἄνω
1816 1201 1874 1236 κλή-

1080 1253 1148 1277 σεως
1167 1245 1319 1280 βλέπουσα,
1345 1246 1392 1273 καὶ
1417 1247 1558 1282 μονονουχὶ
1581 1247 1612 1274 τδ
1636 1247 1686 1274 τοῦ
1711 1247 1873 1274 ’Δποστὸλου

236 1291 421 1327 φθεγγομένη,
452 1293 493 1319 ὅτι
521 1302 532 1319 ι
573 1292 732 1320 Ἀπόκειταί
757 1301 802 1327 μοι
829 1292 923 1319 λοιπὸν
945 1293 960 1318 ὸ
982 1292 1032 1327 τῆς
1067 1292 1240 1328 δικαιοσύνης
1264 1294 1411 1329 στέφανος,
1435 1293 1465 1320 ὃν
1495 1294 1631 1321 ἀποδώσει
1653 1303 1702 1330 μοι
1727 1296 1743 1321 ὁ
1776 1295 1874 1324 Sinam;

235 1339 344 1374 Κριτής
353 1347 360 1354 ο
376 1348 385 1364 ι
398 1339 492 1374 ἐπειδὴ
509 1349 519 1365 ι
532 1338 580 1366 τὸν
594 1339 676 1367 καλὸν
692 1339 785 1374 ἀγῶνα
798 1339 962 1374 ἠγώνισμαι,
978 1340 1026 1366 καὶ
1039 1339 1202 1375 τὺνιδρόμον
1216 1340 1343 1367 τετέλεκα
1357 1341 1405 1367 καὶ¹
1416 1340 1465 1376 τὴν
1480 1341 1570 1367 πίστιν
1583 1342 1738 1377 τετήρηκα.
1757 1350 1767 1367 ι

271 1385 312 1413 Ad
325 1387 460 1414 bonorum
474 1386 558 1423 igitur
574 1387 702 1415 nuntium
719 1388 836 1414 recreati
855 1387 1027 1415 surreximus

236 1436 266 1460 ut
294 1432 330 1460 iis
354 1433 537 1467 praesentibus
561 1432 736 1461 frueremur:
754 1438 833 1461 erant
854 1437 947 1461 autem
968 1433 1028 1460 haee

1121 1388 1217 1423 Ἡμεῖς
1235 1389 1284 1424 μὲν
1309 1387 1361 1416 οὖν·
1369 1389 1437 1424 πρὸς
1457 1390 1508 1425 τὴν
1529 1389 1585 1415 τῶν
1601 1388 1714 1422 ἀγαθῶν
1745 1388 1876 1421 ἀγγελίαν

1080 1433 1192 1469 εὔθυμοι
1215 1434 1415 1466 καταστάντες,
1435 1434 1485 1469 τῆς
1504 1434 1560 1460 τῶν
1580 1434 1778 1469 προκειμένων
1814 1434 1876 1459 (xz-)-

235 1479 322 1512 varia,
340 1484 366 1506 et
381 1479 483 1506 laetitiae
505 1479 603 1514 plenus
617 1482 776 1514 apparatus.
792 1478 860 1506 Nam
885 1479 1026 1514 hucusque

1083 1479 1202 1511 λαύσεως
1218 1477 1298 1515 ἦμεν.
1315 1480 1429 1507 Ποικίλα
1452 1477 1529 1513 δὲῆν
1542 1479 1641 1511 ταῦτα,
1655 1479 1704 1505 καὶ
1723 1479 1819 1513 πάσης
1835 1488 1876 1504 πε-

235 1525 329 1553 studio
344 1532 442 1560 magna
455 1525 501 1552 illa
517 1524 697 1552 descenderat
711 1534 717 1551 :
734 1531 829 1551 verum
850 1532 913 1551 cum
927 1532 1026 1552 rursus

235 1569 265 1597 in
281 1569 341 1604 ejus
356 1573 534 1604 conspectum
552 1569 739 1601 venissemus,
753 1576 807 1596 non
823 1569 954 1604 permisit
966 1569 1026 1596 ina-

235 1616 307 1643 niter
321 1619 430 1651 tempus
446 1622 621 1647 consumere,
639 1616 686 1643 sed
700 1623 715 1642 a
728 1615 847 1650 pueritia
860 1623 1025 1643 suarmemo-

235 1661 304 1688 riam
319 1668 415 1689 eorum
437 1666 575 1696 repetens,
593 1669 654 1697 qua:
678 1661 865 1697 contigerant,
893 1665 1024 1697 tanquam

235 1706 270 1733 de
283 1706 388 1741 scripto
402 1707 493 1734 omnia
512 1708 684 1738 recensebat,
700 1715 790 1742 neque
803 1707 848 1733 illa
864 1706 1026 1740 practermit-

236 1756 308 1783 tens.
324 1760 385 1787 qua!
398 1753 435 1781 de
449 1759 594 1788 parentum
613 1757 771 1781 nostrorum
787 1753 842 1780 vita
859 1751 1024 1779 recordaba-

236 1802 290 1830 tur,
306 1805 422 1834 qtneque
438 1799 481 1827 vel
495 1799 617 1827 ante'vel
632 1803 694 1833 post
708 1802 800 1825 ortum
815 1805 904 1825 meum
922 1805 1023 1825 evene-

236 1848 320 1873 rant:
341 1845 606 1873 narrationiautem
622 1848 644 1872 is
660 1848 721 1872 erat
741 1845 898 1879 propositus
918 1843 980 1872 finis
995 1849 1024 1871 ut

235 1890 292 1920 Deo
302 1893 406 1927 gratias
418 1895 511 1926 ageret
524 1900 530 1916 :
548 1891 670 1925 ipsorum
683 1890 754 1917 enim
769 1894 913 1925 parentum
930 1890 1023 1922 vitam,

236 1944 291 1964 non
309 1942 364 1965 tam
379 1938 478 1972 opibus
497 1937 600 1963 claram
619 1939 646 1963 et
667 1936 812 1968 illustrem,
831 1943 913 1971 quam
932 1936 1023 1963 divina

235 1983 407 2019 benignitate
426 1986 535 2009 auctam
561 1982 786 2016 cumulatamque
804 1981 1022 2013 demonstrabat,

235 2037 298 2056 cum
313 2032 424 2064 propter
438 2028 649 2056 confessionem
663 2027 765 2054 Christi
784 2027 870 2061 patris
884 2027 1023 2062 genitores

235 2074 354 2102 fuissent
367 2074 518 2110 oppugnati
533 2078 616 2109 atque
628 2074 718 2101 vexati
732 2082 739 2100 ι
758 2080 839 2100 avum
854 2077 946 2101 autem
963 2081 1023 2100 ma-

234 2123 343 2145 lemum
355 2118 508 2154 indignatio
522 2119 595 2154 regia
607 2118 779 2150 sustulisset,
789 2118 937 2153 omniaque
950 2118 1023 2146 illius

1079 1525 1207 1561 πλήρωτο
1222 1526 1356 1562 θυμηδίας
1373 1527 1390 1561 ἡ
1404 1526 1577 1562 παρασκευὴ,
1591 1525 1664 1551 οὕτω
1679 1525 1730 1560 τῆς
1747 1525 1877 1558 Μεγάλης

1079 1572 1126 1598 καὶ
1150 1572 1230 1608 μέχρι
1252 1572 1355 1599 τούτων
1376 1573 1409 1607 τῇ
1437 1572 1539 1606 σπουδῇ
1561 1570 1722 1605 κατιούσης.
1753 1570 1834 1596 Ἐπεὶ
1851 1570 1878 1595 δὲ

1079 1617 1160 1644 πάλιν
1183 1619 1212 1644 ὲν
1238 1618 1387 1653 ὀφθαλμοῖς
1406 1616 1477 1653 ἦμεν
1500 1617 1603 1653 αὐτῆς,
1630 1617 1661 1643 οὺ
1684 1616 1743 1652 γὰρ
1761 1617 1808 1642 εἷα
1830 1616 1876 1650 τὴν

1078 1661 1204 1697 εῡσχολον
1219 1662 1293 1697 ὥραν
1310 1663 1353 1696 ἐφ’
1373 1662 1477 1689 ἑαυτῶν
1492 1661 1607 1695 διάγειν,
1628 1661 1811 1687 ἀναλαϐοῦσα
1826 1661 1877 1686 τῶν

1079 1708 1111 1734 ὲκ
1125 1708 1249 1742 νεότητος
1270 1707 1355 1742 αὐτῆς
1373 1707 1546 1742 βεϐιωμένων
1562 1707 1611 1741 τὴν
1636 1707 1763 1741 μνήμην,
1793 1707 1878 1733 καθᾶ-

1079 1761 1131 1788 περ
1152 1753 1198 1779 ἐπὶ
1219 1753 1380 1788 συγγραφῆς
1397 1753 1485 1779 πάντα
1499 1752 1616 1787 καθεξῆς
1629 1752 1796 1787 διεξήρχετο
1807 1760 1814 1766 ·
1833 1752 1878 1778 καὶ

1078 1800 1128 1826 ὅσα
1145 1799 1194 1834 τῆς
1212 1799 1266 1826 τῶν
1281 1797 1492 1834 πατέρωνγζωῆς
1505 1797 1549 1824 διὰ
1570 1797 1681 1832 μνήμης
1695 1795 1769 1831 εἶχε.
1787 1798 1835 1823 καὶ
1847 1798 1879 1822 τὰ

1079 1845 1131 1880 πρὸ
1147 1845 1197 1880 τῆς
1220 1845 1290 1879 ἐμῆς
1307 1844 1471 1880 γεννήσεως,
1487 1844 1534 1870 καὶ
1547 1844 1591 1869 τὸν
1610 1843 1684 1878 μετὰ,
1693 1843 1787 1869 ταῦτα
1808 1843 1876 1876 βίον

1079 1891 1179 1922 σκοπὸς
1195 1891 1224 1917 δὲ
1243 1891 1311 1925 αὐτῇ
1327 1890 1374 1916 τοῦ
1397 1890 1565 1926 διηγήματος
1591 1887 1630 1924 ἦν
1647 1890 1717 1925 πρὸς
1735 1890 1785 1915 τὸν
1811 1889 1878 1915 Θεὶγ

1079 1937 1247 1973 εὐχαριστία.
1269 1937 1328 1963 Τῶν
1353 1936 1407 1972 γὰρ
1427 1937 1529 1970 γονέων
1551 1936 1698 1962 ἀπεδείκνυ
1729 1936 1788 1962 τὸν.
1805 1935 1878 1970 βίον,

1078 1983 1110 2008 οὐ
1128 1982 1254 2009 τοσοῦτον
1282 1983 1314 2008 ὲκ
1337 1981 1496 2017 περιουσίας
1518 1981 1649 2016 λαμπρὸν
1663 1982 1721 2012 tri;
1748 1982 1815 2007 τὸτε
1834 1983 1880 2007 καὶ

1080 2027 1259 2063 περίὸλεπτον
1291 2028 1370 2057 ὅντα.
1401 2028 1462 2053 ὅσον
1494 2028 1526 2053 ὲκ
1556 2026 1631 2057 θείας
1666 2026 1879 2060 φιλανθρωπίας

1078 2073 1280 2108 ὲπαυξηθὲντα,
1295 2073 1351 2099 τῶν
1372 2073 1427 2108 μὲν-
1447 2072 1494 2099 τοῦ
1518 2072 1619 2107 πατρὸς
1633 2072 1737 2107 γονέων
1762 2072 1810 2099 διὰ
1831 2073 1878 2107 τὴν

1078 2121 1119 2151 εἰς
1141 2119 1258 2155 Χριστὸν
1279 2119 1424 2154 ὁμολογίαν
1445 2118 1668 2154 δεδημευμένων
1693 2117 1743 2144 τοῦ
1759 2118 1793 2144 δὲ
1810 2118 1878 2144 κατὰ

233 2162 307 2190 bona
319 2162 382 2190 aliis
396 2162 520 2190 dominis
532 2162 722 2190 distribuissct
735 2173 742 2190 :
758 2166 880 2191 attamen
892 2161 961 2189 adeo
975 2170 1024 2198 per

1083 2165 1184 2201 μητέρα
1197 2166 1368 2201 προπάτορος
1381 2166 1412 2192 ὲκ
1431 2164 1572 2200 βασιλικῆς
1590 2164 1813 2199 ἀγανακτήσεως
1833 2164 1876 2190 ἀν-

234 2207 316 2235 ﬁdem
333 2208 465 2240 crevisse.
493 2211 527 2235 ut
549 2215 583 2235 eo
609 2211 732 2243 tempore
749 2208 841 2236 nullus
863 2208 905 2236 eis
925 2207 1026 2236 clarior

233 2253 382 2281 exstiterit.
408 2252 475 2281 Rom
497 2258 587 2281 autem
612 2253 774 2282 familiarem
788 2275 795 2287 ,
827 2254 953 2289 quamvis
976 2262 1026 2289 pro

234 2306 352 2327 numero
365 2299 513 2328 liberorum
527 2300 673 2336 multiplici
689 2302 797 2329 ratione
815 2300 912 2329 luisset
924 2300 1023 2332 divisa,

235 2350 327 2373 tamen
341 2353 404 2373 eum
420 2346 560 2373 cumulum
574 2347 665 2374 divina
683 2347 830 2375 clementia
847 2348 1021 2383 suscepisse,

235 2396 265 2418 ut
285 2395 429 2426 parentum
445 2399 521 2427 opes,
536 2392 709 2427 singulorum
729 2393 878 2421 liberorum
897 2402 961 2422 sors
974 2402 1022 2421 su-

235 2438 372 2472 peraverit
385 2446 391 2465 :
408 2437 460 2465 sibi
472 2442 564 2465 autem
578 2446 611 2467 ex
620 2446 698 2475 aqua
711 2439 739 2466 in
754 2439 853 2467 fratres
865 2440 1023 2475 partitione,

234 2483 373 2518 reliquum
393 2482 492 2511 fecisse
507 2484 586 2516 nihil,
607 2484 654 2512 sed
677 2485 768 2512 omnia
790 2486 917 2513 manibus
933 2494 1025 2514 sacer-

235 2528 308 2556 dotis
323 2528 418 2556 divino
432 2529 563 2557 mandato
580 2530 766 2565 dispensasse,
780 2535 807 2558 et
824 2531 878 2559 Deo
896 2532 1025 2567 suppedi-

235 2578 311 2602 tante
325 2575 407 2602 talcm
422 2575 474 2603 sibi
496 2576 582 2603 fuisse
596 2576 691 2608 vitam,
714 2582 743 2603 ut
756 2584 845 2611 neque
862 2582 927 2604 tunc
944 2578 1023 2612 juxta

235 2625 415 2656 praeceptum,
435 2622 563 2649 manibus
586 2621 701 2649 desierit
725 2622 862 2656 laborare,
886 2631 974 2659 neque
989 2624 1024 2650 ad

236 2666 373 2694 hominem
397 2674 517 2701 unquam
543 2668 703 2702 respexerit.
731 2672 778 2695 aut
806 2669 833 2696 in
859 2670 1023 2705 cujusquam

236 2711 417 2740 beneficentia
449 2712 563 2741 honeste
592 2713 699 2741 vivendi
728 2722 804 2750 spem
834 2715 1021 2743 collocaverit.

215 2824 225 2836 .
275 2802 461 2832 lII‘Timotb.
479 2813 519 2840 tv,
539 2808 564 2834 7.

1077 2211 1236 2247 ῃρημένου,
1252 2212 1300 2238 καὶ
1318 2212 1428 2238 πάντων
1444 2210 1498 2237 τῶν
1525 2210 1682 2245 προσόντων
1699 2211 1741 2242 εἰς
1765 2210 1876 2246 ἐτέρους

1079 2257 1345 2293 μετακεχωρηκότων
1369 2257 1515 2288 δεσπότας·
1532 2257 1579 2283 καὶ
1592 2256 1669 2291 ὅμως
1684 2256 1726 2287 εἰς
1749 2256 1875 2283 tomis-av

1076 2302 1120 2329 διὰ
1134 2302 1255 2333 πίστεως
1270 2302 1321 2337 τὴν
1345 2301 1417 2337 ζωὴν
1432 2301 1582 2337 αὐξηθῆναι
1592 2322 1599 2331 ,
1617 2301 1657 2333 ὡς
1681 2302 1721 2336 μὴ
1736 2298 1811 2328 εῖναι
1835 2301 1875 2327 τιν

1076 2347 1146 2382 ὑπὲρ
1159 2347 1258 2379 αὐτοὺς
1274 2347 1302 2373 ὲν
1316 2348 1372 2378 τοῖς
1393 2347 1452 2373 τότε
1467 2347 1572 2382 χρόνοις
1588 2346 1808 2382 ὀνομαζόμενον.
1824 2347 1875 2373 Πά-

1075 2392 1116 2419 λιν
1129 2392 1158 2418 δὲ
1174 2392 1225 2427 τῆς
1240 2392 1397 2427 περιουσίας
1419 2392 1508 2419 αὐτῶν
1534 2393 1605 2419 κατὰ
1625 2392 1673 2418 τὸν
1686 2392 1811 2428 ἀριθμὸν
1825 2392 1873 2418 τῶν

1073 2437 1176 2463 τέκνων
1201 2437 1314 2472 ἑννεαχῆ
1342 2435 1552 2472 διατμηθείσης,
1582 2436 1670 2467 οὕτως
1709 2437 1823 2471 ἑκάστῳ
1846 2437 1872 2463 δι’

1074 2483 1198 2517 εὐλογίας
1211 2482 1396 2518 πληθυνθῆναι
1413 2482 1461 2517 τὴν
1479 2483 1588 2517 μοῖραν,
1605 2482 1643 2514 ὡς
1662 2483 1736 2519 ὑπὲρ
1758 2485 1811 2520 τὴν
1827 2484 1873 2510 τίὲν

1074 2529 1175 2563 γονέων
1201 2528 1349 2563 εὐκληρίαν
1375 2528 1424 2563 τὴν
1448 2528 1564 2554 ἑκάστου
1587 2528 1643 2554 τῶν
1670 2529 1783 2555 τέκνων
1812 2528 1872 2556 εἶναι

1078 2575 1166 2610 ζωήν’
1185 2575 1271 2609 αὐτῆς¹
1292 2574 1319 2600 δὲ
1341 2573 1447 2608 ἐκείνης
1468 2573 1522 2600 τῶν
1549 2573 1598 2608 μὲν
1621 2574 1872 2609 ὲπωνομασθέντων

1079 2622 1147 2657 αὐτῇ
1162 2621 1232 2647 κατὰ
1243 2620 1291 2656 τὴν
1307 2620 1360 2646 τῶν
1372 2619 1494 2654 ἀδελφῶν
1507 2619 1663 2654 ἰσομοιρίαν
1677 2621 1873 2655 ὑπολειφθῆναι

1080 2667 1162 2703 μηδὲν
1172 2687 1179 2699 ,
1198 2666 1266 2693 ἀλλὰ
1279 2666 1366 2692 πάντα
1390 2666 1449 2697 ταῖς
1464 2664 1542 2701 χερσὶ
1558 2665 1606 2691 τοῦ
1621 2665 1724 2701 ἱερέως
1748 2667 1822 2693 κατᾶ
1832 2666 1872 2700 τὴν

1078 2713 1154 2741 θείαν
1181 2712 1291 2748 ἐντολὴν
1314 2711 1541 2747 οίκονομηθῆναι·
1574 2711 1621 2738 τὸν
1648 2712 1678 2738 δὲ
1707 2713 1769 2748 βίον
1796 2712 1872 2747 αὐτῆς
