1917 3079
84 111 142 140 931

707 120 753 147 DE
768 119 847 147 VITA
869 120 897 147 S.
917 120 1090 148 MACliiN/E.

1662 123 1720 152 982’

84 170 209 197 τοιοῦτον
233 171 266 198 ὲκ
288 172 409 207 τῆςτοῦ
436 173 504 200 Θεοῦ
529 175 660 211 χορηγίας
676 176 818 210 γενέσθαι,
842 177 870 203 ὡς

930 176 1083 209 Quinetiam
1097 181 1126 204 ut
1139 185 1278 212 nunquam
1294 182 1416 214 petentes
1433 180 1574 215 repulerit,
1592 180 1633 208 sic
1648 180 1716 209 dan-

86 215 225 249 μηδέποτε
250 216 328 252 λῆξαι
345 217 396 250 τὰς
409 220 502 254 χεῖρας
520 221 560 252 εἰς
573 221 682 256 ἐντολὴν
701 222 877 257 ἐνεργούσας,

86 260 158 295 μηδὲ
173 261 241 297 πρὸς
252 262 395 297 ἄνθρωπον
411 264 562 300 ἀποϐλέψαι
577 266 659 293 ποτέ·
677 267 743 301 μηδὲ
752 268 796 294 διά
807 277 878 299 τινος

86 304 262 341 ἀνθρωπίνης
278 307 436 343 εὐεργεσίας
463 309 588 343 γενέσθαι
599 311 668 346 αὐτῇ
681 312 729 344 τὰς
749 313 816 348 πρὸς
830 312 878 347 τὴν

84 350 244 386 εὐσχήμονα
270 351 409 388 διαγωγὴν
437 353 579 389 ἀφορμάς·
612 356 681 382 ἀλλὰ
714 357 781 392 μήτε
815 359 877 389 τοὺς

83 394 228 427 αἰτοῦντας
244 396 470 433 ἀποστραφῆναι,
498 400 569 435 μήτε
591 401 653 432 τοὺς
680 401 797 433 διδόντας
815 403 876 429 ἐπι-

83 439 212 475 ζητῆσαι,
224 441 373 476 λεληθότως
383 444 429 473 τοῦ
442 445 509 471 Θεοῦ
521 446 647 482 καθάπερ
659 448 719 475 τινὰ
731 449 877 485 σπέρματα

82 486 135 517 τὰς
156 487 286 523 βραχείας
309 488 342 515 ἐκ
362 489 416 516 τῶν
438 490 527 526 ἔργων
540 492 666 528 ἀφορμὰς
681 496 720 526 εἰς
744 496 876 531 πολύχουν

82 532 191 566 καρπὸν
218 534 279 566 ταῖς
300 534 435 569 εὐλογίαις
459 537 631 570 ὲπαύξοντος.
664 539 746 575 Ἐμοῦ
769 541 797 568 δὲ
813 543 880 574 τοὺς

84 576 170 609 ῐδῖὀυς
183 578 281 611 πόνους
293 599 300 612 ,
316 579 346 607 ἐν
361 577 402 613 οἷς
416 582 499 617 ἤμην,
513 582 666 616 διεξιόντος,
679 585 811 621 πρότερον
826 587 876 622 μὲν

80 621 132 648 τοῦ
155 622 287 658 βασιλέως
307 625 457 658 Οὐάλεντος
473 627 516 654 διὰ
529 628 578 663 τὴν
594 629 683 656 πίστιν
699 621 856 662 ἐλαύνοντος
866 653 873 665 ,

82 668 157 702 μετὰ
171 668 200 695 δὲ
219 670 305 698 ταῦτα
320 671 371 707 τῆς
396 672 425 699 ἐν
446 674 505 705 ταῖς
528 673 701 710 Ἐκκλησίαις
718 677 876 712 συγχύσεως

81 713 154 748 πρὸς
167 714 263 747 ἄθλους
276 717 350 751 ἡμᾶς
362 718 409 744 καὶ
420 719 559 754 καμάτους
573 721 787 757 ἐκκαλουμένης,
806 732 816 748 ι
837 724 874 750 Οὐ

81 759 187 796 παύσῃ,
203 762 285 796 φησὶν
306 762 322 798 ή
335 762 460 799 Μεγάλη,
478 765 642 801 ἀγνωμόνως
656 767 701 794 ἐπὶ
726 770 780 800 τοῖς
793 769 875 802 θείοις

80 804 196 851 ἀγαθοῖς
212 806 398 843 διακείμενοςς
411 836 413 840 ,
425 811 463 837 Οὐ
483 811 660 847 θεραπεύσεις
673 814 722 848 τῆς
741 814 830 851 ψυχῆς
844 816 874 843 τὸ

79 850 246 886 ἀχάριστονς
264 852 322 879 οὐκ
346 853 579 891 ἀντιπαραθήσεις
598 858 655 889 τοῖς
677 858 731 885 τῶν
747 850 872 896 πατέρων

79 896 117 922 τὰ
132 896 184 930 σάς
196 897 291 928 Καίτοι
308 907 340 934 γε
364 900 434 927 κατά
450 901 496 928 τὸν
516 902 617 937 κόσμον
633 903 726 931 τοῦτον
742 905 770 931 ἐν
785 905 872 941 τούτῳ

76 940 114 976 δὴ
131 942 247 977 μάλιστα
263 944 499 981 μεγαλαυχοῦμεν,
515 947 544 973 ἐν
557 947 596 982 τῷ
611 945 640 975 εὖ
657 949 808 983 γεγονέναι,
825 940 872 977 καὶ

78 987 149 1014 ἀπδ’
161 988 280 1023 εὐγενῶν
302 989 383 1025 φῦναι
402 991 500 1019 δοκεῖν.
522 993 619 1025 Πολὺς,
641 994 722 1029 φησι,
737 995 806 1022 κατὰ
823 996 871 1031 τὴν

77 1032 223 1060 παίδευσιν
241 1034 270 1061 ἐν
287 1036 344 1067 τοῖς
367 1036 427 1062 τότε
449 1037 554 1072 χρόνοις
573 1038 587 1064 ὸ
607 1038 698 1075 πατὴρ
713 1040 870 1075 ἐνομίζετο,

76 1077 150 1105 ἀλλὰ
165 1079 247 1115 μέχρι
267 1080 323 1107 τῶν
338 1081 477 1117 ἐγχωρίων
490 1083 672 1119 δικαστηρίων
686 1085 701 1119 ή
715 1085 776 1112 κατ’
790 1086 871 1113 αὑτὸν

78 1123 175 1151 ἵστατο
186 1124 258 1157 δόξα.
280 1126 358 1153 Μετὰ
372 1126 458 1154 ταῦτα
472 1128 501 1155 δὲ
516 1128 571 1156 τῶν
588 1129 688 1156 λοιπῶν
706 1130 750 1158 διὰ
762 1131 812 1166 τῆς
825 1140 871 1158 σο-

77 1170 210 1205 φιστικῆς
222 1171 305 1198 αὐτοῦ
320 1172 541 1209 καθηγουμένου,
556 1176 606 1202 οὐκ
625 1175 720 1211 ἐξῆλθε
736 1177 783 1203 τὸν
802 1177 871 1204 Πόν-

76 1224 126 1244 τον
141 1217 158 1252 ἡ
173 1218 269 1253 φήμη·
290 1218 349 1245 ἀλλ’
363 1220 502 1256 ἀγαπητὸν
522 1218 555 1257 ἦν
572 1222 668 1257 ἐκείνῳ
682 1222 714 1249 τδ
729 1223 758 1249 ἐν
771 1225 804 1258 τῇ
822 1232 871 1250 πα-

74 1262 150 1297 τρίδι
161 1263 351 1301 περίϐλεπτον.
361 1265 445 1298 Σὺδέ,
459 1276 468 1291 ι
479 1267 556 1302 φησὶ,
569 1276 578 1292 ι
592 1267 697 1301 πόλεσι,
709 1269 756 1295 καὶ
762 1269 869 1304 δήμοις,

75 1308 128 1333 καὶ
140 1307 244 1335 ἔθνεσιν
266 1309 416 1345 ὀνομαστὸς
439 1310 481 1338 εί⁸
509 1313 556 1339 καὶ
574 1313 603 1340 σὲ
619 1314 687 1350 πρὸς
713 1315 870 1350 συμμαχίαν

929 226 970 249 tes
991 230 1130 257 nunquam
1146 223 1327 258 qumsivisse:
1346 232 1408 251 cum
1425 225 1498 253 Deus
1516 227 1625 254 occulta
1643 235 1714 262 qua-

929 268 991 295 dam
1008 269 1114 296 ratione
1129 277 1228 303 parvos
1246 270 1355 298 labores
1379 278 1445 299 suos
1461 275 1593 306 tanquam
1609 273 1715 301 semina

929 315 961 341 ad
976 314 1094 342 fructum
1109 316 1285 350 multiplicent
1300 317 1467 352 benignitate
1479 325 1527 345 sua
1540 318 1712 353 perduceret.

930 359 982 386 Sed
1004 369 1064 386 cum
1083 361 1207 395 proprios
1222 369 1272 397 ego
1290 362 1409 395 labores,
1425 371 1495 397 quos
1516 366 1712 398 sustinuerant,

929 414 1109 438 recenserem,
1142 407 1259 441 primunt
1283 416 1345 435 cttm
1373 416 1388 435 a
1409 408 1523 436 Valente
1549 410 1715 444 imperatore

927 457 1038 487 propter
1059 453 1135 479 ﬁdem
1153 453 1302 481 fuissemus
1318 454 1344 481 in
1359 454 1486 481 exsilium
1501 456 1592 490 pulsi;
1615 456 1715 484 deinde

928 506 989 525 cum
1005 499 1190 527 Ecclesiarum
1206 500 1378 536 perturbatio
1394 508 1445 528 nos
1468 501 1502 528 ad
1522 501 1673 529 certamina
1686 506 1714 530 et

927 544 1041 573 sudores
1054 548 1200 574 evocaret:
1217 545 1290 574 «Non
1299 546 1434 580 desines,»
1450 548 1620 583 inquitilla,¢
1639 549 1710 576 divi-

926 593 1025 619 norﬁm
1046 592 1241 620 beneﬁciorum
1259 593 1402 620 immemor
1418 594 1501 622 esset
1512 594 1611 628 ingrati
1629 594 1713 621 animi

926 636 1021 663 vitium
1046 644 1101 663 non
1118 637 1282 665 cohibebis?
1300 645 1355 664 non
1370 637 1544 672 comparabis
1567 642 1712 672 parentum

926 681 1081 710 rationibus
1107 683 1191 711 tuas?
1218 683 1300 718 Atqui
1320 683 1342 710 si
1370 688 1502 719 quantum
1533 684 1652 718 pertinet
1677 683 1713 710 ad

926 728 996 754 hanc
1016 727 1102 755 vitam
1127 735 1158 755 ea
1179 736 1209 756 re
1225 729 1386 763 gloriamur,
1415 728 1488 764 quod
1514 728 1588 755 claro
1613 735 1713 763 genere

926 774 992 806 nati,
1008 778 1035 801 et
1053 773 1175 801 honestis
1189 774 1242 800 orti
1260 774 1420 809 parentibus
1439 782 1546 807 sumus,
1561 777 1639 808 pater
1651 773 1713 808 qui-

926 819 988 847 dem
1006 819 1063 846 illis
1085 820 1254 855 temporibus
1266 825 1293 847 et
1311 819 1421 854 juvenis
1435 824 1548 847 eatenus
1562 818 1664 852 ﬂoruit,
1682 823 1714 847 ut

925 863 997 891 inter
1014 863 1089 892 cives
1106 868 1133 891 et
1157 864 1184 891 in
1209 863 1323 899 judiciis
1344 864 1404 899 ejus
1425 863 1511 899 gloria
1536 863 1710 891 consisteret.

924 907 990 935 Post
1005 912 1095 935 autem
1112 907 1232 936 eruditio
1245 908 1355 943 quidem
1381 908 1467 943 ipsius
1484 915 1515 936 se
1537 908 1648 943 longius
1663 915 1712 935 ειν

924 954 997 988 tulit,
1018 954 1090 982 fama
1112 958 1204 982 tamen
1226 954 1342 982 Pontum
1363 962 1417 982 non
1440 959 1483 982 est
1499 962 1618 989 egressa.
1637 953 1711 981 Satis

923 1001 996 1028 enim
1012 1000 1050 1028 illi
1065 1000 1116 1027 fuit
1130 1001 1157 1027 in
1171 1001 1257 1035 patria
1269 1001 1373 1027 clarqu
1389 1007 1460 1027 esse.
1476 999 1515 1025 Tu
1532 1003 1636 1030 autem,
1647 1008 1655 1023 ι
1668 999 1712 1025 in-

924 1046 995 1082 quit,
1013 1055 1023 1071 ι
1036 1046 1204 1078 civitatibus,
1228 1046 1348 1080 populis,
1361 1045 1520 1073 nationibus
1532 1044 1649 1071 celebris
1668 1051 1711 1075 es,

919 1095 947 1118 te
964 1090 999 1118 ad
1017 1090 1159 1118 ferendum
1175 1090 1319 1123 auxilium,
1338 1094 1364 1117 te
1381 1090 1415 1117 ad
1430 1097 1475 1117 res
1499 1089 1712 1117 constituendas

919 1135 1049 1164 Ecclesia:
1065 1140 1093 1163 et
1112 1136 1226 1162 mittunt
1249 1139 1276 1163 et
1294 1139 1405 1167 vocant,
1432 1139 1459 1163 et
1476 1135 1523 1162 Dei
1539 1143 1640 1163 munus
1656 1142 1711 1162 non

920 1181 1047 1216 aspicis?
1069 1188 1120 1208 nec
1146 1181 1243 1208 talium
1265 1181 1401 1209 bonorum
1420 1188 1532 1209 causam
1558 1180 1713 1215 agnoscis?

920 1226 1067 1253 l’arentum
1084 1226 1157 1253 enim
1174 1220 1270 1266 preces
1284 1229 1311 1253 te
1324 1225 1358 1253 ad
1373 1226 1425 1253 hoc
1441 1226 1580 1261 fastigium
1600 1226 1710 1257 tollunt.

923 1272 992 1299 nihil
1010 1275 1058 1299 aut
1083 1271 1261 1308 perexiguum
1283 1271 1319 1299 ad
1332 1279 1393 1300 eam
1409 1279 1466 1300 rem
1485 1271 1545 1307 opis
1565 1271 1709 1298 habentem

923 1317 1092 1346 domesticae.
1104 1327 1113 1343 ι

74 1361 107 1380 τε
126 1354 174 1381 καὶ
190 1354 332 1390 διόρθωσιν
348 1356 506 1393 Ἐκκλησίαι
533 1359 680 1394 πέμπουσι,
697 1360 743 1387 καὶ
764 1360 886 1387 καλοῦσι’
903 1363 950 1390 καὶ
964 1363 1012 1398 οὐχ
1025 1363 1091 1399 ὁρᾷς
1106 1362 1155 1399 τὴν
1174 1363 1268 1398 χάριν;
1284 1362 1350 1389 Οὐδὲ
1367 1362 1556 1396 ἐπιγινώσκεις
1574 1361 1628 1387 τῶν
1661 1368 1711 1394 τη-

74 1399 209 1427 λικούτων
223 1400 334 1435 ἀγαθῶν
349 1401 399 1438 τὴν
422 1402 512 1430 αἰτίαν
522 1423 529 1436 ,
543 1404 584 1431 ὅτι
606 1412 635 1431 σε
651 1404 703 1432 τῶν
722 1405 823 1439 γονέων
839 1407 867 1432 αἱ
886 1407 965 1443 εὐχοι)⁵
984 1407 1053 1443 πρὸς
1066 1406 1132 1441 ὕψος
1152 1407 1284 1443 αἴρουσιν,
1300 1406 1436 1442 οὐδεμίαν,
1450 1406 1467 1441 ἢ
1482 1405 1575 1440 ὀλίγην
1604 1404 1711 1434 οἴκοθεν

75 1445 175 1481 ἔχοντα
190 1444 259 1481 πρὸς
271 1445 349 1473 τοῦτο
363 1449 556 1484 παρασκευήν;
577 1458 588 1475 ι

113 1491 207 1520 Ταῦτα
220 1493 366 1527 διεξιοῦσα,
382 1492 438 1527 ἐγὼ
454 1493 503 1528 μὲν
520 1494 730 1529 παρατείνεσθαι
745 1494 826 1521 πλέον
839 1495 870 1522 τὸ

958 1493 1022 1522 Haec
1041 1494 1088 1521 illa
1101 1500 1164 1521 cum
1180 1497 1404 1528 persequeretur,
1419 1493 1490 1520 diem
1508 1493 1634 1528 equidem
1650 1502 1711 1529 pro-

75 1537 229 1573 ἡμερήσιον
244 1538 359 1566 ἐπόθουν
380 1538 489 1574 μέτρον,
513 1539 550 1571 ὡς
564 1539 598 1566 ἂν
619 1540 656 1575 μὴ
671 1539 760 1576 λήξειε
780 1549 867 1567 κατα-

74 1582 260 1617 -ίλυκαίνουσα
289 1583 368 1619 ἡμῶν
388 1584 438 1620 τὴν
469 1584 572 1618 ἀκοήν·
596 1584 654 1611 ἀλλ’
677 1587 694 1620 ὴ
719 1584 794 1620 φωνὴ
813 1584 867 1611 τῶν

75 1628 235 1663 ψαλλόντων
250 1630 319 1665 πρὸς
338 1629 389 1662 τὰς
400 1630 570 1666 ὲπιλυχνίους
583 1631 756 1666 εὐχαριστίας
774 1631 868 1663 ἐξεκαί

75 1674 165 1707 λεῖτο,
184 1675 256 1711 κάμὲ
276 1675 344 1711 πρὸς
359 1676 408 1711 τὴν
429 1676 575 1711 ἐκκλησίαν
590 1677 763 1712 ἐκπέμψασα,
787 1677 867 1704 πάλιν

78 1720 226 1756 ἡ’”Μεγάλη
241 1722 286 1750 διὰ
306 1722 360 1749 τῶν
374 1722 461 1758 εὐχῶν
483 1722 551 1758 πρὸς
568 1723 614 1749 τὸν
635 1723 702 1749 Θεὸν
721 1723 865 1759 ἀνεχώρει.

76 1765 134 1792 Καὶ
148 1766 165 1801 ή
180 1766 229 1801 μὲν
243 1766 337 1800 νὺξέν
357 1768 461 1800 τούτοις
541 1769 584 1800 Ὧς
597 1769 624 1795 δέ
641 1769 732 1805 ἡμέρα
749 1769 866 1804 ἐγένετο,

75 1812 140 1848 ἐμοὶ
149 1813 198 1848 μὲν
213 1814 344 1849 πρόδηλον
355 1815 387 1841 ἐκ
398 1815 453 1842 τῶν
463 1815 608 1850 ὁρωμένων
619 1813 664 1851 ἦν,
678 1816 718 1843 ὅτι
731 1817 745 1843 ὲ
754 1816 867 1851 ἔσχατος

74 1858 146 1893 αὐτῇ
160 1857 211 1893 τῆς
227 1858 297 1885 κατὰ
313 1859 403 1894 σάρκα
417 1859 490 1895 ζωῆς
507 1860 569 1896 ὅρος
587 1861 603 1895 ὴ
625 1860 761 1887 ἐνεστῶσα
780 1862 867 1896 ήμέρα

73 1901 127 1937 ἣν,
153 1904 244 1930 πᾶσαν
264 1904 313 1940 τὴν
338 1905 500 1940 ἐγκειμένην
521 1907 553 1940 τῇ
579 1905 659 1940 φύσει
682 1905 796 1941 δύναμιν
819 1907 866 1934 τοῦ

74 1948 198 1984 πυρετοῦ
216 1949 430 1985 δαπανήσαντος.
468 1952 491 1977 Η
507 1951 534 1977 δὲ
549 1951 616 1987 πρὸς
637 1952 668 1978 τὸ
691 1952 801 1984 ἀσθενὲς
817 1953 867 1988 τῆς

74 1994 197 2027 δῖανοίας
211 1996 288 2031 ήμῶν
306 1996 452 2031 βλέπουσα,
467 1997 602 2032 παράγειν
615 1998 689 2033 ἡμᾶς
701 2000 734 2025 ἐκ
745 1998 796 2034 τῆς
815 2007 866 2025 κα-

72 2039 249 2074 τηφεστέρας
275 2040 381 2072 ἐλπίδος
400 2042 569 2077 ἐμηχανᾶτο,
595 2042 676 2069 πάλιν
698 2044 754 2074 τοῖς
775 2043 867 2074 καλοῖς

73 2085 193 2117 ἐκείνοις
216 2085 305 2121 λόγοις
325 2087 468 2123 διαχέουσα
484 2088 533 2124 τῆς
550 2088 638 2124 ψυχῆς
655 2089 685 2115 τὺ
698 2089 866 2124 λυπούμενον

72 2131 105 2156 ἐν
121 2130 214 2166 λεπτῷ
233 2131 325 2159 λοιπὸν
338 2133 385 2159 καὶ
400 2134 569 2169 συνεχομένῳ
583 2134 622 2169 τῷ
633 2134 763 2170 ἄσθματι.
782 2135 865 2162 Ἔνθα

71 2176 106 2212 δὴ
140 2177 188 2203 καὶ
214 2177 332 2213 μάλιστα
357 2180 487 2212 ποικίλως
514 2180 644 2207 διετίθετό
671 2189 716 2215 μοι
742 2180 810 2215 πρὸς
835 2180 866 2207 τδ
883 2174 904 2202 Ῐ)

71 2225 237 2258 φαινόμενον
254 2224 353 2260 ήψυχή
365 2233 371 2239 ·
388 2226 438 2261 τῆς
458 2226 517 2261 μένν
532 2225 638 2261 φύσεως
652 2227 691 2258 εἰς
705 2226 865 2262 σκυθρωπό-

69 2277 161 2303 τητα,
185 2269 255 2296 κατὰ
280 2270 310 2297 τὸ
334 2271 423 2303 εἰκὸς,
446 2271 626 2307 βαρουμένης,
641 2272 684 2298 διὰ
709 2271 740 2298 τὸ
767 2272 866 2307 μηκέτι

70 2313 229 2350 προσδοκᾷν
238 2315 287 2351 τῆς
298 2317 425 2351 τοιαύτης
435 2316 526 2352 φωνῆς
538 2317 584 2343 καὶ
595 2315 673 2348 αὖθις
683 2317 863 2349 ἀκούσεσθαι,

69 2360 132 2387 ἀλλ’
157 2361 217 2388 ὅσον
245 2362 351 2389 οὐδέπω
379 2363 409 2389 τὸ
432 2363 520 2389 κοινὸν
543 2362 673 2399 καύχημα
698 2365 747 2399 τῆς
770 2365 866 2398 γενεᾶς

69 2406 196 2438 ἐλπίζειν
226 2407 258 2433 ἐκ
279 2407 326 2434 τοῦ
357 2408 528 2443 ἀνθρωπίνου
554 2408 612 2443 βίου
636 2408 866 2444 μεταστήσεσθαι·

44 2483 46 2485 ι
70 2452 123 2486 τῆς
140 2451 169 2478 δὲ
185 2452 285 2488 ψυχῆς,
304 2451 360 2480 οἷον
375 2453 555 2488 ἐνθουσιώσης
570 2455 602 2481 ἐκ
613 2454 668 2481 τῶν
683 2454 864 2490 φαινομένων,

70 2497 121 2523 καὶ
134 2496 219 2529 ὄντως
232 2497 412 2533 ἐκϐεϐηκέναι
426 2498 475 2534 τὴν
487 2499 580 2534 κοινὴν
594 2499 674 2534 φύσιν
688 2499 864 2534 ὑπονοούσης.

69 2542 183 2578 Τδγὰρ
206 2543 274 2578 μηδὲ
299 2544 329 2571 ἐν
347 2545 477 2580 ἐσχάταις
498 2545 645 2576 ἀναπνοαῖς
663 2542 746 2572 οὖσαν
769 2544 866 2572 παθεῖν

67 2596 135 2614 τινα
158 2586 262 2620 ξενικὸν
280 2589 326 2616 ἐπὶ
342 2591 375 2625 τῇ
399 2590 488 2617 ἐλπίδι
505 2590 556 2625 τῆς
571 2590 778 2626 μεταστάσεως,
797 2590 866 2625 μηδέ

66 2631 208 2659 δειλιάσαι
225 2633 294 2668 πρὸς
314 2634 360 2660 τὸν
374 2635 512 2670 χωρισμὸν
533 2635 582 2671 τῆς
602 2635 685 2670 ζωῆς,
700 2635 757 2662 ἀλλ’
775 2634 864 2670 ὑψηλῇ

67 2679 104 2714 τῇ
122 2678 228 2714 διανοίᾳ
249 2681 307 2711 τοῖς
332 2680 362 2713 ἐξ
376 2681 463 2716 ἀρχῆς
478 2681 547 2716 αὐτῇ
574 2682 638 2717 περὶ
664 2680 711 2708 τοῦ
727 2681 791 2716 τῇδε
807 2680 864 2715 βίου

67 2723 248 2758 κεκριμένοις
280 2725 360 2759 μέχρι
378 2726 427 2758 τῆς
447 2725 565 2760 ἐσχάτης
588 2726 778 2761 ὲμφιλοσοφεῐν
800 2726 865 2753 ἀνα-

67 2768 169 2803 πνοῆς,
184 2770 276 2797 οὐκέτι
293 2779 341 2805 μοι
351 2771 437 2798 ἐδόκει
451 2770 505 2797 τῶν
515 2771 692 2805 ἀνθρωπίνων
708 2770 790 2799 εἶναι·
806 2771 864 2798 ἀλλ’

65 2811 128 2840 οἷον
148 2815 265 2850 ἀγγέλου
283 2817 368 2851 τινος,
384 2817 561 2852 οἰκονομικῶς
582 2817 754 2853 ἀνθρωπίνην
783 2817 864 2844 ὑπελ-

918 1540 982 1569 duei
996 1541 1104 1575 longius
1122 1540 1261 1575 optabam,
1278 1547 1313 1567 ne
1325 1539 1401 1567 dulci
1417 1546 1544 1566 sermone
1558 1547 1641 1567 aures
1656 1548 1708 1567 no-

919 1589 992 1614 stras
1007 1585 1153 1613 desisteret
1166 1585 1305 1613 oblectare
1322 1592 1329 1611 :
1345 1584 1394 1612 sed
1411 1584 1583 1611 cantantium
1597 1593 1648 1613 vox
1666 1593 1709 1613 me

918 1632 952 1660 ad
965 1632 1067 1668 gratias
1079 1632 1198 1668 agendas
1209 1631 1382 1666 vespertinas
1390 1630 1514 1658 vocabat.
1525 1631 1708 1663 Quamobrem

918 1685 980 1705 cum
1003 1685 1047 1705 me
1063 1677 1097 1705 ad
1119 1677 1264 1705 ecclesiam
1285 1676 1445 1709 dimisisset,
1473 1684 1583 1704 rursum
1609 1684 1708 1712 magna

918 1724 963 1751 illa
988 1723 1177 1758 precibus-ad
1193 1722 1277 1751 Deum
1302 1723 1431 1750 accessit.
1453 1723 1492 1749 Ac
1516 1730 1571 1750 nox
1595 1721 1709 1758 quidem

917 1770 955 1798 ita
974 1773 1115 1798 transacta
1130 1773 1181 1797 est.
1200 1769 1267 1797 Cum
1288 1773 1377 1796 autern
1393 1768 1549 1802 diluxisset,
1563 1769 1630 1796 mihi
1646 1769 1708 1804 qui-

917 1816 979 1843 dem
1000 1824 1031 1844 ex
1050 1815 1363 1857 indiciiSLmanil’estum
1390 1818 1460 1846 erat,
1487 1814 1559 1842 diem
1582 1814 1658 1842 illum
1680 1814 1708 1842 ei

917 1863 978 1898 ejus
1004 1863 1067 1890 vitte
1084 1861 1328 1892 terminuml‘ore.
1357 1868 1419 1888 cum
1445 1859 1580 1896 quidquid
1602 1864 1710 1888 natura

917 1910 1017 1936 virium
1032 1909 1130 1939 inerat.
1145 1907 1229 1935 febris
1244 1905 1475 1940 consumpsisset.
1496 1905 1550 1933 Sed
1571 1905 1617 1932 illa
1630 1904 1710 1940 cogi-

918 1955 1030 1982 tationis
1044 1948 1315 1987 nostraa'respicicns
1325 1951 1550 1983 imbecillitatem,
1567 1951 1708 1986 prteelaris

918 2000 973 2026 illis
999 1998 1174 2026 sermonibus
1203 1997 1358 2029 elftmdens,
1386 1996 1460 2032 quod
1484 1996 1621 2031 reliquum
1647 1999 1708 2023 erat

918 2045 1024 2073 aﬂiictaa
1040 2045 1148 2076 animm,
1165 2044 1192 2070 in
1208 2049 1315 2071 summa
1332 2042 1454 2077 spirandi
1471 2040 1641 2073 didicultate,
1655 2048 1706 2069 nos

918 2098 933 2118 a
948 2091 1071 2118 tristiore
1086 2097 1136 2125 spe
1150 2089 1287 2116 abducere
1298 2087 1460 2115 conabatur.
1479 2086 1548 2113 Tum
1566 2093 1632 2113 vero
1647 2086 1705 2113 ani-

917 2144 980 2164 mus
997 2143 1075 2163 meus
1100 2134 1228 2170 praesenti
1255 2132 1415 2168 spectaculo
1432 2132 1516 2158 variis
1536 2131 1705 2159 adiciebatur

919 2182 1007 2210 modis
1021 2191 1028 2209 τ
1043 2189 1105 2209 nam
1118 2184 1145 2208 et
1160 2184 1257 2208 natura
1270 2179 1330 2214 ipsa
1342 2185 1397 2210 me,
1410 2181 1440 2205 ut
1455 2184 1504 2212 par
1518 2181 1571 2208 est,
1586 2178 1619 2203 ait
1636 2184 1705 2204 mm-

919 2227 1020 2255 stiliam
1035 2226 1200 2261 impellebat,
1214 2232 1276 2252 cum
1295 2231 1349 2251 non
1370 2230 1509 2258 speraretn
1528 2222 1647 2257 amplius
1661 2231 1705 2251 me

917 2273 999 2300 talem
1022 2279 1117 2299 vocem
1139 2270 1307 2302 auditurum,
1332 2269 1379 2297 sed
1401 2269 1605 2304 quamprimum
1629 2277 1705 2297 com~

917 2324 1028 2344 munem
1041 2316 1156 2352 gloriam
1171 2315 1259 2343 nostri
1274 2314 1383 2350 generis
1403 2322 1436 2342 ex
1451 2314 1571 2342 humana
1583 2315 1638 2342 vita
1653 2315 1705 2342 mi-

917 2366 1056 2397 graturam
1084 2365 1221 2396 putarem.
1248 2365 1276 2388 et
1302 2368 1380 2388 mens
1400 2368 1432 2388 ex
1449 2360 1490 2388 eis
1505 2368 1566 2395 qua:
1584 2360 1703 2394 videbat,

916 2410 977 2434 erat
992 2410 1119 2441 tanquam
1137 2406 1250 2433 numine
1262 2406 1362 2438 aﬂlata,
1380 2413 1494 2440 eamque
1511 2413 1572 2433 vere
1582 2413 1615 2433 ex
1630 2413 1705 2433 com-

917 2453 993 2480 muni
1015 2456 1117 2480 natura
1129 2452 1283 2480 excessisse
1300 2452 1497 2480 arbitrabatur.
1512 2451 1618 2480 Etenim
1640 2459 1702 2479 cum

916 2502 1068 2526 extremum
1079 2500 1141 2526 vitm
1155 2498 1283 2534 spiritum
1294 2499 1418 2532 duceret,
1433 2498 1461 2526 in
1471 2506 1520 2533 spe
1531 2497 1702 2533 migrationis

916 2544 986 2572 nihil
1008 2544 1071 2572 novi
1095 2545 1210 2577 sentire,
1222 2552 1275 2572 nec
1292 2545 1389 2573 timere
1404 2544 1432 2572 in
1459 2544 1595 2579 ipsorvitaa
1608 2543 1701 2571 exitu:

916 2590 964 2619 sed
978 2591 1071 2618 animo
1091 2592 1201 2619 excelso
1225 2591 1259 2619 de
1282 2591 1334 2619 hac
1349 2591 1403 2618 vita
1415 2590 1596 2625 judicantem,
1612 2588 1702 2624 quoad

916 2636 1035 2663 animam
1058 2641 1171 2671 ageret;
1197 2635 1397 2670 philosophati,
1422 2634 1488 2661 mihi
1513 2640 1568 2660 non
1581 2632 1702 2660 hominis

917 2680 1034 2714 amplius
1044 2679 1196 2711 videbatur.
1214 2680 1261 2706 sed
1277 2679 1420 2714 cujusdam
1435 2678 1533 2714 angeli,
1550 2677 1596 2712 qui
1608 2677 1701 2705 divina

917 2725 1085 2760 providentia
1101 2724 1216 2752 formam
1243 2725 1375 2752 sttbiisset
1391 2724 1551 2755 humanam,
1572 2730 1622 2750 nec
1646 2722 1700 2749 ulla

917 2770 1078 2807 cognatione
1093 2774 1141 2798 aut
1156 2770 1359 2798 necessitudine
1375 2778 1437 2797 cum
1454 2770 1503 2796 hac
1520 2768 1576 2796 vita
1591 2767 1700 2795 mortali

917 2817 1081 2851 conjunctns
1096 2821 1179 2849 esset,
1196 2819 1276 2849 atque
1291 2815 1328 2842 ita
1347 2815 1414 2842 nihil
1428 2815 1586 2842 indecorum
1603 2812 1700 2841 admit-
