1917 3079
91 114 153 143 985

724 119 766 147 DE
787 120 867 148 VITA
901 122 930 150 S.

956 121 1132 149 lllACRiNIE.
1684 121 1736 150 986

89 176 252 212 ἀντιστήτω
276 176 291 202 ὁ
312 175 446 212 βάσκανος
463 179 497 214 τῇ
519 178 572 214 6δῴ
587 187 649 218 μου,
669 179 736 214 μηδὲ
761 181 886 217 εὑρεθείη

940 186 1008 209 tura:
1033 181 1222 208 inﬁrmitatem
1250 181 1386 216 collapsa,
1410 183 1456 208 ant
1475 180 1560 210 verbo
1580 183 1628 208 aut
1653 187 1736 216 opere

89 222 267 250 κατενώπιον
279 222 334 250 τῶν
348 223 494 259 ὀφθαλμῶν
509 232 556 251 σου
577 226 594 260 ἡ
612 225 733 261 ἁμαρτία
749 235 811 261 μου,
828 226 891 254 εἴτι

92 268 233 303 σφαλεῖσα
248 268 293 295 διὰ
310 268 359 304 τὴν
378 269 520 296 ἀσθένειαν
544 270 594 305 τῆς
617 271 725 306 φύσεως
749 272 837 307 ἡμῶν,
861 274 890 299 ἐν

89 313 180 350 λόγῳ,
198 315 214 350 ῆ
233 314 315 350 ἔργῳ,
331 315 347 350 ἢ
365 315 436 342 κατὰ
450 316 570 347 διάνοιαν
584 317 716 353 ἥμαρτον,
731 318 745 344 ὁ
760 318 828 353 ἔχων
844 319 891 346 ἐπὶ

89 359 150 394 γῆς
170 359 294 392 ἐξουσίαν
313 360 421 394 ἀφιέναι
438 362 589 398 ἁμαρτίας,
607 363 670 394 ἄνες
681 372 742 398 μοι·
760 363 804 391 ἵνα
825 365 891 392 ἀνα-

86 405 184 440 ψύξω,
200 405 248 432 καὶ
263 405 366 441 εὑρεθῶ
387 405 502 434 ἐνώπιόν
520 416 568 434 σου
582 409 610 434 ἐν
632 410 666 444 τῇ
683 409 831 436 ἀπεκδύσει
843 410 888 436 τοῦ

91 451 226 487 σώματός
251 461 312 488 μου,
330 453 366 488 μὴ
392 453 490 488 ἔχουσα
506 454 600 482 σπῖλον
616 456 644 482 ἐν
666 456 698 491 τῇ
726 457 817 492 μορφῇ
839 456 890 491 τῆς

88 498 188 535 ψυχῆς
209 507 270 534 μου.
291 499 361 526 ’Δὶ-λ’
381 499 505 535 ἄμωμος,
531 502 578 528 καὶ
592 501 757 537 ἁκηλίδωτος
773 503 889 538 προσδε-

89 545 174 581 χθείη
198 546 214 581 ἡ
233 545 306 581 ψυχή
332 555 382 581 μου
406 547 435 573 ὲν
456 548 516 579 ταῖς
535 547 612 582 χερσί
632 557 689 580 σου,
707 548 744 580 ὡς
764 548 889 584 θυμίαμα

89 589 214 618 ἐνώπιόν
237 600 295 617 σου.
315 601 324 617 ›
345 591 399 618 Καὶ
420 591 507 619 ταῦτα
529 592 588 628 ἅμα
610 592 741 627 λέγουσα,
770 594 888 620 ἐπετίθει

88 635 147 671 τὴν
163 636 298 672 σφραγῖδα
315 639 371 668 τοῖς
383 637 532 674 ὀφθαλμοῖς
552 639 649 674 καὶτῷ
665 639 779 674 στόματι
798 640 845 666 καὶ
855 641 888 675 τῇ

91 682 208 718 καρδίᾳ.
229 683 283 709 Καὶ
304 684 364 710 κατ’
380 683 484 716 ὀλίγον,
504 684 521 719 ἦ
540 692 570 710 τε
584 684 694 719 γλῶσσα
712 684 751 719 τῷ
778 686 889 721 πυρετῷ

93 730 325 764 καταφρυγεῖσα,
344 729 435 756 οὐκέτι
465 729 595 765 διήρθρου
624 731 670 757 τὸν
697 730 785 764 λόγον,
804 733 851 758 καὶ
869 734 885 768 ή

943 231 989 254 aut
1007 227 1176 261 cogitatione
1192 226 1314 261 peccavi,
1343 226 1470 253 condona
1485 225 1512 252 id
1529 225 1606 259 mihi,
1637 228 1667 253 tu
1686 225 1734 261 qui

941 273 1028 301 habes
1058 274 1086 301 in
1113 278 1188 302 terra
1207 273 1364 301 dimittendi
1385 276 1496 308 peccata
1514 277 1687 308 potestatem.
1703 278 1734 302 ut

941 320 1089 354 rel'rigcrer
1105 323 1132 348 et
1151 319 1179 347 in
1195 319 1322 354 corporis
1343 319 1508 355 spoliatione
1527 323 1591 346 ante
1616 327 1734 355 conspe-

940 372 1014 394 ctmn
1032 370 1110 393 tuum
1122 366 1256 399 inveniar,
1266 373 1321 393 non
1333 366 1438 401 habens
1453 367 1588 394 maculam
1606 367 1633 394 in
1643 366 1733 394 forma

940 412 1024 440 animi
1046 413 1110 440 mei.
1139 412 1193 439 Sed
1216 412 1278 440 sine
1292 411 1507 446 reprehensione
1522 417 1549 439 et
1565 412 1627 439 labe
1641 413 1732 440 susci-

938 458 1032 493 piatur
1047 459 1157 486 animtts
1176 466 1253 486 mens
1269 458 1297 485 in
1314 458 1443 486 manibus
1464 459 1520 486 luis
1536 463 1668 494 tanquam
1692 459 1733 486 in-

939 512 1053 532 censum
1073 505 1100 532 in
1121 509 1273 539 conspectu
1290 508 1348 532 tuo.
1372 514 1382 530 ι
1401 504 1465 532 Ηωο
1486 504 1582 532 dicens
1599 505 1688 532 oculis
1704 509 1730 533 et

938 551 979 577 ori
998 556 1025 577 et
1052 550 1128 578 cordi
1157 551 1250 578 crucis
1267 550 1377 586 signum
1395 551 1533 585 apposuit.
1544 549 1651 585 Lingua
1667 558 1733 578 vero

938 595 1008 623 febri
1032 596 1164 631 paulatim
1191 596 1302 631 penitus
1325 595 1476 627 exsiccata,
1503 595 1588 623 verba
1614 595 1733 630 amplius

938 649 992 669 non
1007 642 1186 676 exprimebat,
1208 646 1236 670 et
1260 650 1313 670 vox
1336 642 1539 677 implicabatur.
1566 641 1657 674 Quare
1668 641 1729 668 sola

937 689 1074 716 labiorum
1099 689 1261 718 dilatatione
1280 693 1308 718 et
1331 697 1462 717 manuum
1485 693 1572 721 metu,
1590 696 1651 716 eam
1666 695 1731 723 prc-

937 736 1040 762 cationi
1060 736 1221 765 incumbere
1234 737 1479 772 eognoscebamns.

90 775 173 811 φωνὴ
182 776 383 804 ὐπεδίδου.Καὶ
395 777 502 813 ὲνμὸνῃ
513 779 545 813 τῇ
557 777 611 804 τῶν
626 778 737 813 χειλέων
746 779 883 816 διαστολῇ,
903 783 951 810 καὶ
974 784 1007 819 τῇ
1028 784 1084 811 τῶν
1109 784 1207 820 χειρῶν
1224 785 1345 820 κινήσει,
1385 784 1415 811 τὸ
1448 784 1477 810 ὲν
1499 782 1637 818 προσευχῇ
1660 779 1731 807 εἶναι

92 821 184 858 αὐτὴν
198 822 394 857 ἐγινώσκομεν.

133 869 188 895 Καὶ
201 868 229 894 ἒν
242 868 346 899 τούτοις
360 869 409 904 τῆς
423 868 541 904 ἑσπέρας
558 868 740 904 ἐπιλαϐούσης
750 890 756 901 ,
770 870 817 896 καὶ
832 879 886 905 φω-

975 871 1043 898 Cnm
1057 871 1167 899 interim
1182 879 1280 906 vesper
1294 870 1461 903 advenisset,
1477 873 1504 897 et
1517 870 1609 896 lumen
1625 869 1730 896 ihatmn

90 915 142 946 τὸς
163 914 391 950 εἰσκομισθέντος,
415 914 512 950 ἀθρόον
536 914 582 941 τὸν
600 915 654 942 τῶν
676 915 807 951 ὀμμάτων
827 916 887 947 δια-

92 960 226 987 στείλασα
239 960 352 991 κύκλον,
368 960 415 988 καὶ
429 960 497 996 πρὸς
512 961 562 996 τὴν
574 961 661 997 αὐγὴν
681 961 824 995 ἀπιδοῦσα,
840 962 887 989 ἕκ-

90 1005 175 1041 δηλος
191 1006 240 1041 μὲν
253 1003 286 1041 ἦν
301 1006 468 1040 φθέγξασθαι
482 1007 531 1042 τὴν
545 1007 698 1043 ἐπιλύχνιον
713 1009 888 1045 εὐχαριστίαν

91 1051 309 1087 προθυμουμένη
320 1060 327 1067 ·
343 1053 392 1087 τῆς
411 1052 439 1083 δὲ
456 1053 547 1087 φωνῆς
559 1053 762 1090 ἐπιλειπούσης,
778 1055 823 1081 διὰ
837 1056 887 1090 τῆς

91 1097 208 1133 καρδίας
224 1098 271 1124 καὶ
287 1098 338 1132 τῆς
353 1099 407 1124 τῶν
428 1099 526 1135 χειρῶν
549 1101 681 1136 κινήσεως
702 1101 822 1137 ἐπλήρου
839 1101 887 1138 τὴν

91 1144 235 1179 πρόθεσιν,
253 1145 301 1171 καὶ
316 1145 350 1171 τὰ
365 1145 440 1180 χείλη
459 1146 527 1182 πρὸς
543 1147 591 1182 τὴν
604 1147 708 1174 ἔνδοθεν
720 1149 809 1184 ὁρμὴν
824 1158 887 1176 συν-

90 1192 227 1219 εκινεῖτοσ
245 1190 282 1222 ὡς
302 1191 331 1217 δὲ
346 1191 487 1228 ἐπλήρωσε
509 1192 558 1228 τὴν
581 1193 757 1228 εὐχαριστίαν
769 1214 777 1227 ,
804 1196 850 1221 καὶ
870 1196 886 1231 ἡ

90 1237 154 1272 χεὶρ
168 1236 317 1272 ἐπαχθείσα
333 1237 377 1264 διὰ
391 1239 441 1273 τῆς
462 1239 608 1274 σφραγῖδος
625 1239 663 1274 τῷ
684 1240 836 1276 προσώπῳ,
857 1242 887 1268 τὸ

92 1282 183 1318 πέρας
203 1283 253 1318 τῆς
275 1283 358 1319 εὐχῆς
382 1284 556 1320 διεσήμαινε,
579 1286 651 1320 μέγα
675 1295 701 1313 τι
723 1287 770 1313 καὶ
796 1287 887 1322 βύθιον

90 1328 298 1369 ᾁναπνεύσεισα,
316 1331 349 1365 τῇ
368 1332 505 1366 προσευχῇ
523 1331 573 1367 τὴν
587 1331 659 1367 ζωὴν
675 1333 885 1369 συγκατέληξεν.

96 1374 144 1407 Ὡς
157 1374 185 1400 δὲ
197 1372 231 1410 ἦν
241 1375 271 1401 τὸ
280 1375 372 1402 λοιπὸν
385 1377 488 1409 ἄπνους
499 1386 527 1404 τε
541 1378 588 1404 καὶ
603 1379 744 1414 ἀκίνητος,
757 1380 887 1415 μνησθεὶς

91 1419 149 1447 τῶν
165 1420 290 1454 ἐντολῶν,
307 1422 340 1453 ἃς
357 1422 438 1455 εὐθὺς
455 1423 529 1459 παρὰ
546 1424 595 1460 τὴν
610 1425 721 1461 πρώτην
741 1427 886 1462 συντυχίαν

93 1467 239 1503 πεποίητο,
254 1468 367 1495 εἰποῦσα
379 1469 522 1504 βούλεσθαι
532 1470 581 1502 τὰς
591 1472 659 1505 ἐμὰς
672 1473 728 1503 τοῖς
738 1472 887 1508 ὀφθαλμοῖς

91 1513 179 1554 αὐτῆς
196 1514 375 1550 ἐπιϐληθῆναι
401 1518 513 1552 χεῖρας,
533 1518 580 1547 καὶ
597 1517 630 1544 δι’
649 1518 716 1553 ἐμοῦ
740 1519 790 1554 τὴν
811 1528 884 1546 νενο-

93 1559 233 1594 μισμένην
248 1559 396 1596 θεραπείαν
417 1563 567 1598 ἐπαχθῆναι
585 1563 623 1598 τῷ
638 1565 759 1600 σώματι,
777 1566 884 1600 ἐπήγα-

91 1613 143 1638 γον
169 1604 208 1640 τῷ
228 1606 297 1641 ἁγίῳ
323 1607 461 1643 προσώπῳ
486 1610 649 1645 νεναρκυῖαν
672 1611 704 1636 ἐκ
719 1611 765 1637 τοῦ
783 1611 886 1644 πάθους

91 1651 145 1683 τὴν
163 1652 242 1687 χεῖρα
253 1672 260 1682 ,
275 1652 336 1680 ὅσον
354 1652 391 1687 μὴ
407 1654 483 1690 δόξαι
495 1654 544 1689 τῆς
559 1654 668 1689 ἐντολῆς
685 1652 810 1690 ἀμὲλεῖνο
825 1657 887 1685 οὐδὲ

92 1696 151 1732 γὰρ
172 1697 226 1723 τῶν
241 1698 465 1734 ὲπανορθοὺντων
489 1700 514 1726 οἱ
539 1700 673 1736 ὀφθαλμοὶ
695 1702 886 1739 προσεδέοντο,

93 1743 222 1779 καθάπερ
235 1744 280 1770 ἐπὶ
294 1744 340 1770 τοῦ
353 1745 422 1772 κατὰ
435 1745 516 1779 φύσιν
530 1745 634 1780 γίνεται
651 1746 745 1777 ὕπνου,
762 1749 817 1779 τοῖς
832 1747 889 1782 βλε-

93 1789 193 1824 φάροις
206 1789 348 1823 εὐκόσμως
359 1790 554 1825 διειλημμένοι·
566 1790 600 1817 τά
611 1799 639 1817 τε
653 1791 729 1826 χείλη
742 1792 888 1826 προσφυῶς

95 1836 250 1870 μεμυκότα,
275 1836 321 1863 καὶ
339 1837 367 1862 αἱ
390 1838 481 1872 χεῖρες
501 1836 646 1871 εὐπρεπῶς
665 1838 888 1865 ὲπανακλιθεῖσαι

92 1882 136 1915 τῷ
155 1882 255 1917 στήθει,
274 1883 349 1909 πᾶσά
368 1891 398 1908 τε
416 1883 433 1918 ή
451 1882 498 1909 τοῦ
524 1882 650 1918 σώματος
671 1883 744 1915 θέσις
767 1885 887 1920 αὐτομά-

92 1936 151 1958 τως
174 1927 244 1954 κατὰ
258 1927 288 1954 τὸ
307 1927 443 1964 εὔσχημον
466 1928 652 1964 ἁρμοσθεῖσα,
672 1929 747 1956 οὐδὲν
765 1931 815 1966 τῆς
834 1931 888 1957 τῶν

93 1973 271 2008 κοσμούντων
283 1974 372 2009 χειρὸς
388 1974 523 2001 ἐπεδέετο.

137 2019 213 2054 Ἐμοὶ
230 2019 260 2048 δὲ
280 2020 384 2056 διχόθεν
404 2021 509 2054 ἐγίνετο
533 2022 650 2057 πάρετος
672 2023 689 2056 ή
705 2021 788 2058 ψυχή·
804 2023 844 2054 εἰς
858 2023 889 2048 τὺ

93 2066 259 2101 φαινόμενον
281 2065 393 2093 ἔϐλεπον
403 2087 411 2098 ,
426 2067 473 2093 καὶ
493 2067 543 2102 τὴν
559 2067 642 2103 ἀκοὴν
657 2067 702 2094 διὰ
720 2070 769 2103 τῆς
790 2069 889 2104 γοερᾶς

92 2111 152 2139 τῶν
166 2112 308 2148 παρθένων
323 2113 447 2149 οἰμωγῆς
462 2114 660 2149 περιηχούμην.
677 2114 752 2146 Τέως
766 2115 815 2150 μὲν
834 2114 888 2150 γὰρ

92 2158 126 2184 ὲν
148 2158 248 2194 ἡσυχίᾳ
270 2158 461 2194 διεκαρτέρουν
482 2160 601 2192 ἐκεῖναι,
623 2159 670 2186 καὶ
695 2161 727 2195 τῇ
749 2159 822 2196 ψυχῇ
839 2161 888 2195 τὴν

92 2203 193 2239 ὀδύνην
209 2205 462 2238 ἐγκατακλείουσαι,
476 2206 525 2240 τὴν
542 2206 592 2241 τῆς
609 2206 732 2241 οἰμωγῆς
748 2207 836 2242 ὁρμὴν
850 2206 889 2242 τῷ
906 2215 926 2242 ι)

92 2249 167 2285 πρὸς
193 2250 275 2285 αὐτὴν
300 2251 376 2286 φόϐῳ
403 2251 585 2286 κατέπνιγον,
614 2251 708 2287 ὥσπερ
741 2252 887 2279 δεδοικυῖαι

93 2295 144 2322 καὶ
174 2296 329 2329 σιωπῶντος
357 2297 407 2333 ἤδη
439 2297 487 2324 τοῦ
516 2298 662 2334 προσώπου
684 2307 734 2334 την
760 2299 888 2334 ἐπιτίμη-

94 2350 155 2375 σιν,
183 2343 247 2378 μήτι
271 2343 346 2378 παρὰ
375 2343 405 2370 τδ
432 2344 643 2380 διατεταγμένον
673 2345 768 2377 αὐταῖς
796 2345 887 2380 φωνῆς

91 2397 168 2420 τινος
197 2390 261 2424 παρ’
288 2389 378 2416 αὐτῶν
403 2391 583 2426 ἐκραγείσης,
611 2391 744 2427 λυπηθείη
765 2392 833 2427 πρὸς
857 2393 889 2418 τὸ

93 2435 239 2470 γινόμενον
271 2436 288 2471 ή
316 2436 483 2468 διδάσκαλος.
514 2437 591 2463 Ἐπεὶ
621 2437 650 2463 δὲ
683 2437 774 2464 οὐκέτι
804 2446 889 2464 κατα-

95 2480 258 2516 κρατεῖσθαι
291 2481 324 2507 δι“
357 2481 470 2517 ἡσυχίας
506 2481 536 2508 τὸ
566 2482 652 2514 πάθος
681 2482 811 2517 ἠδύνατο,
840 2484 887 2509 τοῦ

94 2525 212 2557 πένθους
230 2525 311 2552 οἱονεὶ
327 2528 411 2561 πυρός
425 2536 496 2558 τινος
515 2527 619 2554 ἔνδοθεν
634 2527 723 2555 αὐτῶν
738 2528 786 2560 τὰς
800 2528 888 2563 ψυχὰς

93 2571 292 2606 διασμύχοντος
304 2591 312 2604 ,
328 2572 434 2607 ἁθρόως
448 2572 545 2608 πικρὸς
559 2582 600 2604 τις
613 2574 659 2599 καὶ
679 2574 790 2608 ἄσχετος
806 2575 888 2610 ἀναῤ-

94 2617 230 2652 ρήγνυται
245 2614 326 2651 ἦχος·
344 2617 414 2643 ὥστε
430 2627 474 2653 μοι
493 2618 590 2654 μηκέτι
608 2618 699 2653 μένειν
714 2619 743 2644 ἐν
763 2619 802 2655 τῷ
823 2619 889 2646 καθ-

93 2662 224 2697 εστηκότι
233 2663 279 2688 τὸν
291 2662 430 2697 λογισμὸν,
442 2663 509 2690 ἀλλὰ
520 2664 644 2700 καθάπερ
654 2664 803 2700 χειμάρῤου
817 2665 889 2697 τινὸς

92 2707 311 2741 ὲπικλύσαντος,
328 2708 493 2744 ὑποϐρύχιον
515 2710 715 2744 παρενεχθῆναι
739 2711 777 2746 τῷ
794 2711 886 2742 πάθει,

94 2754 143 2781 καὶ
159 2753 213 2780 τῶν
228 2754 257 2780 ὲν
270 2755 362 2790 χερσὶν
377 2754 561 2790 ἀμελήσαντα,
579 2755 639 2781 ὅλον
657 2755 710 2793 τῷν
727 2756 833 2792 θρήνων
848 2754 888 2783 εἷ-

95 2807 152 2826 ναι.
173 2798 229 2825 Καί
248 2807 292 2834 μοι
309 2799 399 2826 δικαία
418 2808 475 2831 πως
494 2799 579 2826 ἐδόκει
601 2801 648 2826 καὶ
667 2800 776 2835 εὔλογος
796 2803 814 2837 ἡ
840 2802 888 2829 τοῦ

97 2844 216 2876 πένθους
235 2843 346 2880 ἀφορμῆ
361 2845 419 2875 ταῖς
439 2844 583 2880 παρθένοις
605 2843 682 2872 εἶναι.
701 2846 737 2872 (ιῦ
755 2846 807 2881 γὰρ
828 2855 889 2873 συν-

901 1545 924 1575 C

938 921 1022 949 esset,
1038 917 1083 944 illa
1099 918 1244 944 oculorum
1259 917 1353 944 orbem
1370 916 1523 951 explicans,
1546 919 1573 942 et
1589 913 1622 941 ad
1637 914 1731 949 splen-

939 965 1032 992 dorem
1046 965 1210 999 respiciens,
1223 964 1258 991 ad
1274 964 1462 999 vespertinam
1477 963 1627 997 gratiarum
1644 960 1731 987 actio-

939 1018 1001 1038 nem
1027 1011 1261 1046 pronuntiandam
1290 1013 1448 1045 promptum
1472 1009 1595 1035 animum
1620 1014 1677 1042 pra:
1700 1013 1730 1034 se

940 1057 1044 1084 ferebat
1063 1066 1070 1084 :
1087 1057 1136 1084 sed
1160 1064 1228 1084 voce
1245 1055 1401 1087 deficiente,
1423 1054 1519 1086 corde,
1548 1057 1576 1081 et
1599 1060 1730 1080 manuum

939 1102 1061 1129 motione
1078 1102 1221 1138 proposito
1247 1100 1448 1132 satisfaciebat,
1467 1105 1495 1128 et
1517 1100 1551 1126 ad
1569 1099 1729 1126 interiorem

939 1147 1113 1175 alfectioncm
1141 1147 1218 1174 labra
1243 1145 1457 1176 commovebat;
1479 1143 1606 1171 absoluta
1639 1145 1730 1168 autem

938 1194 1089 1229 gratiarum
1113 1194 1233 1225 actione,
1260 1200 1372 1220 manum
1396 1192 1430 1219 ad
1451 1191 1549 1225 [aciem
1568 1190 1731 1226 signandam

939 1241 1071 1273 :uhu0vit,
1093 1245 1120 1268 et
1142 1241 1198 1268 voti
1221 1240 1302 1267 linem
1328 1239 1427 1267 adesse
1447 1237 1610 1271 declaravit,
1628 1241 1656 1264 et
1672 1243 1732 1263 ma-

938 1295 1021 1323 gnum
1049 1286 1194 1322 quemdam
1212 1294 1245 1313 ac
1264 1285 1429 1320 profundum
1454 1284 1581 1319 spiritum
1614 1283 1730 1315 ducens,

938 1340 1000 1360 enm
1028 1331 1187 1366 precatione
1214 1330 1295 1357 simul
1314 1335 1342 1357 et
1363 1329 1448 1356 vitam
1473 1326 1642 1355 terminavit.
1661 1325 1729 1352 Cum

939 1377 1023 1411 igitur
1045 1383 1096 1404 nec
1122 1375 1240 1410 spiraret
1264 1374 1383 1410 amplius
1399 1378 1426 1401 et
1446 1374 1551 1408 jaceret
1567 1371 1730 1402 immobilis,

937 1431 989 1458 ego
1013 1429 1118 1450 memor
1146 1429 1240 1449 eorum
1257 1428 1318 1456 qure
1341 1420 1369 1447 in
1391 1420 1452 1455 ipso
1470 1419 1559 1454 primo
1578 1425 1729 1453 congressu

937 1469 1004 1495 mihi
1024 1467 1215 1499 mandaverat,
1236 1467 1332 1494 dicens
1358 1474 1388 1494 se
1410 1466 1490 1497 velle,
1504 1469 1534 1492 ut
1556 1472 1654 1492 manus
1669 1471 1730 1491 mea

939 1514 991 1541 sibi
1012 1514 1110 1541 oculos
1121 1513 1273 1544 clauderet,
1290 1516 1317 1540 et
1334 1512 1446 1540 solitum
1465 1511 1507 1538 ori
1523 1518 1573 1538 suo
1585 1513 1731 1545 przestaret

940 1559 1078 1591 olﬁcium,
1107 1563 1206 1587 saneto
1232 1558 1320 1586 vultui
1346 1558 1442 1585 dolore
1465 1557 1641 1592 languentem
1671 1562 1731 1581 ma-

938 1614 1004 1633 num
1022 1604 1148 1637 adhibui,
1175 1613 1210 1632 ne
1229 1603 1390 1631 mamlatum
1416 1603 1476 1637 ejus
1497 1601 1634 1637 negligere
1653 1600 1730 1628 vide-

939 1660 985 1679 rer
1013 1652 1106 1686 potius
1133 1658 1216 1686 quam
1236 1650 1310 1685 quod
1341 1648 1478 1684 ejusmodi
1505 1648 1623 1675 oilicium
1644 1646 1731 1674 oculis

937 1698 999 1732 ejus
1018 1702 1092 1726 esset
1115 1697 1304 1725 necessarium
1329 1705 1335 1723 :
1362 1695 1465 1731 quippe
1486 1694 1534 1730 qni
1553 1691 1732 1728 quemadmo-

938 1744 1002 1771 dum
1030 1743 1058 1770 iit
1074 1743 1101 1770 in
1117 1750 1215 1770 somno
1236 1742 1366 1774 naturali,
1390 1739 1530 1776 palpebris
1549 1739 1650 1766 decore
1662 1745 1732 1765 con—

938 1789 1003 1816 tecti
1017 1793 1096 1816 erant
1111 1797 1118 1816 :
1135 1792 1163 1815 et
1180 1788 1255 1815 labra
1280 1787 1374 1814 itidem
1391 1787 1497 1818 clausa,
1511 1791 1666 1819 manusque
1683 1791 1731 1810 ve-

939 1839 1019 1862 nuste
1039 1835 1142 1870 pectori
1164 1835 1344 1865 cohaerentes,
1369 1837 1445 1861 totus
1466 1832 1585 1866 denique
1605 1829 1731 1865 corporis

939 1881 1010 1909 situs
1024 1889 1056 1908 ea
1075 1881 1209 1916 dignitate
1221 1880 1402 1915 compositus,
1420 1882 1449 1906 ut
1468 1877 1628 1906 ornantium
1646 1883 1730 1903 manu

939 1935 995 1955 non
1015 1928 1149 1963 indigeret

975 2019 1051 2047 Meus
1069 2023 1161 2046 autem
1184 2018 1295 2046 animus
1323 2016 1470 2051 dupliciter
1486 2015 1650 2050 angebatur,
1671 2017 1729 2040 tum

939 2066 974 2093 ob
990 2073 1020 2094 ea
1036 2073 1097 2100 quae
1117 2064 1273 2096 cernebatur,
1295 2069 1352 2091 tum
1375 2063 1411 2090 ob
1433 2063 1574 2089 luctuosas
1592 2060 1731 2095 virginum

938 2119 1031 2143 voces,
1054 2111 1155 2146 quibus
1173 2118 1254 2137 aures
1269 2117 1336 2137 mea;
1348 2108 1594 2136 circumsonabant
1611 2116 1618 2133 :
1633 2107 1732 2134 hactc~

941 2166 993 2185 nus
1012 2157 1086 2185 enim
1110 2157 1162 2184 illa:
1189 2156 1365 2191 quiescentes
1395 2163 1424 2182 se
1449 2154 1558 2181 fortiter
1577 2156 1730 2189 gesserant,

941 2203 1089 2237 animoque
1120 2202 1242 2230 dolerent
1279 2201 1415 2228 inclusum
1446 2201 1621 2227 continentes
1652 2197 1732 2225 ﬂetus

942 2249 1073 2284 impetum
1088 2251 1322 2282 compresserant,
1337 2247 1521 2274 observantes
1538 2253 1610 2277 eam,
1629 2252 1731 2272 veren-

942 2300 1047 2330 tcsqne,
1061 2294 1189 2330 quamvis
1212 2301 1314 2326 corpus
1329 2292 1390 2327 ejus
1401 2293 1456 2327 jam
1474 2293 1682 2321 conticesceret,
1698 2298 1733 2317 ne

942 2342 1151 2376 increparentur
1163 2344 1224 2371 aut,
1245 2340 1268 2366 si
1282 2347 1336 2372 qua
1352 2347 1402 2366 vox
1422 2341 1520 2365 contra
1539 2337 1732 2373 prteseriptnm
1747 2344 1753 2376 ι

941 2391 1107 2422 erumperet,
1125 2394 1159 2413 ne
1172 2385 1301 2420 magistra
1318 2393 1351 2412 ex
1374 2392 1406 2412 ea
1432 2392 1461 2411 re
1482 2384 1633 2411 molestiam
1652 2390 1732 2417 cape-
1748 2373 1754 2400 ί

942 2438 994 2460 ret.
1009 2432 1061 2460 Ubi
1082 2440 1148 2460 vero
1177 2432 1286 2459 silentio
1315 2431 1394 2458 dolor
1420 2438 1474 2458 non
1498 2430 1587 2465 potuit
1614 2429 1732 2464 amplius

943 2479 1077 2510 coerceri,
1098 2486 1151 2505 non
1166 2478 1246 2505 aliter
1261 2485 1343 2512 quam
1363 2478 1385 2505 si
1409 2477 1496 2504 victos
1511 2484 1605 2503 carum
1625 2475 1734 2502 animos

942 2526 1055 2560 quidam
1070 2526 1141 2561 ignis
1161 2528 1300 2556 exureret,
1324 2524 1418 2552 statim
1448 2524 1474 2550 in
1494 2523 1624 2550 acerbum
1641 2526 1669 2548 et
1690 2521 1732 2547 ius

943 2572 1102 2599 credibilem
1114 2571 1219 2598 luctum
1236 2573 1423 2605 proruperunt
1438 2579 1444 2596 ε
1461 2569 1530 2596 adeo
1541 2572 1571 2595 ut
1582 2568 1653 2594 ratio
1664 2566 1730 2593 mihi

943 2625 998 2644 non
1015 2616 1182 2644 consisteret
1195 2615 1312 2651 amplius
1327 2615 1353 2642 in
1372 2614 1524 2650 proposito,
1538 2612 1585 2640 sed
1599 2616 1730 2646 tanquam

943 2662 1061 2696 alicujus
1075 2662 1174 2689 obruta
1196 2662 1328 2688 torrcntis
1341 2661 1443 2695 impetu
1460 2659 1570 2686 cederet
1584 2658 1730 2694 perturba-

944 2709 1011 2736 tioni
1037 2717 1121 2743 seque
1142 2713 1224 2735 totam
1249 2706 1491 2734 lamentationibus
1505 2705 1592 2732 daret.
1612 2703 1732 2739 Equam

944 2759 1034 2782 autem
1056 2762 1088 2780 ac
1108 2753 1210 2788 justam
1227 2753 1292 2779 mihi
1309 2751 1420 2779 dolendi
1440 2750 1604 2786 lugendique
1618 2756 1732 2776 causam

944 2800 1045 2828 habere
1060 2800 1180 2834 virgines
1192 2798 1365 2831 videbantur;
1382 2805 1435 2824 non
1455 2797 1529 2825 enim
1544 2804 1574 2824 se
1585 2799 1732 2823 consuetu-

943 2846 1008 2874 dine
1031 2849 1077 2872 aet
1102 2844 1300 2880 gubernatione
1321 2843 1448 2879 quaquam
1466 2843 1596 2876 htnnana,
1608 2845 1655 2869 aut
1668 2840 1732 2870 alii!
