1917 3079
177 64 234 94 $37.

779 61 811 88 ετ
830 59 993 89 ςῐιιῑίςοιιιι
1003 56 1175 86 »ΝῩΞΕΕΝΙη

1780 56 1842 85 983

178 121 315 158 ejusmodi
340 121 433 154 rebus,
450 128 520 156 quas
538 120 566 147 in
581 118 786 147 calamitatibus
800 118 858 145 suis
875 116 964 144 homi-

1029 114 1111 150 ιθείας
1123 113 1198 145 τινὸς
1212 113 1261 149 τῆς
1278 113 1349 140 κατὰ
1357 111 1453 148 ισάρκα
1471 112 1638 149 κηδεμονίας
1654 113 1710 150 τὴν
1730 113 1836 149 στέρη-

179 178 229 197 nes
251 169 369 205 graviter
392 167 494 200 ferunt,
523 167 633 194 orbatas
659 166 790 194 dolebant
814 165 885 193 :scd
904 171 966 191 tan-

180 221 262 251 quam
288 214 322 242 ab
350 214 407 249 ipsa
426 213 452 240 iu
467 212 550 240 Deum
575 219 624 247 spe
646 216 673 239 et
695 213 850 239 animorum
879 212 968 238 salute

181 260 312 295 seiuncta:
330 263 432 289 essent,
459 257 603 293 plorabant
619 265 626 284 :
642 257 699 284 luec
720 257 747 284 in
764 256 968 284 lamentationi-

180 303 233 331 bus
245 303 304 331 suis
319 302 569 336 conquerebantur.
579 299 909 333 dicentes,¢Exstinctum
927 304 969 327 est

181 350 274 378 lumen
295 349 440 377 oculorum
465 352 642 379 nostrorum;
660 351 754 381 erepta
780 350 822 374 est
838 346 883 373 lux
908 353 969 380 quas

164 393 282 421 laniatis
305 393 409 421 nostris
428 393 454 420 in
479 392 577 420 itinere
602 391 792 427 praecedebat;
822 391 969 426 disjectum

182 443 225 466 cst
247 439 310 466 vitae
333 443 435 466 nostra:
463 437 633 472 prmsidium,
663 437 801 464 sublatum
830 436 969 471 specimen

182 484 366 520 integritatis;
384 484 539 511 abscissum
562 482 720 510 concordiae
732 482 884 511 vinculum.
901 489 970 509 con-

183 530 278 557 tritum
304 529 480 556 imbecillium
503 529 716 556 ﬁrmamentum.
747 528 786 556 Te
820 528 890 556 duce
917 536 980 556 nox.

183 574 403 603 erat-nobisdiei
422 575 492 607 loco,
507 575 570 602 vita:
585 578 638 602 tuae
654 574 799 610 splendore
816 574 969 602 illustrata:

183 620 239 655 jam
248 628 313 648 vero
324 621 366 649 vel
375 621 434 649 dies
450 621 477 648 in
492 621 619 649 tenebras
632 624 817 648 convertatur.
826 630 835 645 ι
855 619 972 649 Gravius

185 669 275 693 autem
302 670 399 701 praeter
423 670 536 694 caeteras
562 666 664 693 luctum
694 665 884 697 intendebant,
911 673 973 701 quae

185 716 299 739 matrem
314 713 402 747 ipsam
416 716 443 740 et
458 713 593 740 nutricem
608 712 780 747 appellabant
804 721 811 740 :
827 716 907 740 erant
924 720 973 740 au-

185 761 240 784 tem
265 757 317 785 illae
336 766 404 793 quas
425 758 546 792 penuriae
570 757 706 793 {aliusque
727 762 850 793 tempore
877 758 904 786 in
922 759 973 785 ali-

185 808 338 831 mentorum
363 804 507 840 largitione
524 804 660 840 proiectas
681 804 708 832 in
734 805 787 832 viis
809 805 971 837 sustulerat,
989 795 1009 822 Β

185 848 354 883 alueratque,
378 855 405 878 et
431 850 464 878 ad
488 855 591 878 castam
616 855 698 886 atque
725 851 919 887 incorruptam
933 852 973 879 vi-

184 895 263 923 vendi
278 895 412 924 rationem
428 896 637 925 informaverat.

217 984 320 1013 Verum
341 989 520 1022 posteaquam
541 985 662 1013 animum
692 990 821 1021 tanquam
847 994 880 1014 ex
908 995 974 1022 pro-

185 1031 271 1059 fundo
291 1032 409 1066 quodam
431 1039 535 1067 angore
546 1032 655 1067 collegi,
676 1032 702 1059 in
716 1039 825 1060 sacrum
840 1032 907 1060 illud
927 1040 973 1060 ca-

184 1080 236 1111 put
249 1076 394 1104 intendens
407 1077 492 1104 aciem
509 1077 664 1109 oculorum,
691 1077 772 1112 quasi
788 1078 973 1112 reprehensus

185 1121 219 1148 ab
246 1129 278 1149 ea
302 1125 414 1157 propter
437 1121 610 1148 inconditum
639 1121 715 1149 illum
744 1122 971 1150 tumultuantium

184 1167 342 1202 strepitum,
359 1174 459 1202 magna
474 1174 541 1194 voce
564 1167 706 1195 clamans:
723 1177 733 1194 ι
751 1167 792 1195 Ad
817 1167 899 1202 hanc,
930 1169 974 1196 inc.

183 1221 277 1247 quam,
304 1213 445 1248 respicite,
476 1213 611 1247 virgines,
636 1217 663 1242 et
684 1219 885 1249 praeceptorum
910 1214 972 1249 ejus

184 1259 380 1292 recordamini,
397 1259 500 1295 quibus
518 1260 554 1288 ab
571 1268 604 1288 ea
621 1261 654 1288 ad
672 1268 754 1288 omne
771 1260 857 1289 decus
867 1265 896 1289 et
921 1262 972 1289 ho-

182 1310 316 1334 nestatem
333 1306 401 1334 estis
413 1306 556 1334 institutas.
574 1306 691 1334 Divinus
703 1307 748 1335 ille
766 1307 875 1335 animus
887 1315 971 1334 unum

183 1351 263 1380 nobis
284 1351 468 1388 lacrymarum
490 1356 599 1389 tempus
613 1353 792 1388 prarscripsit',
814 1353 840 1381 id
854 1353 911 1381 lleri
925 1353 972 1388 ju-

183 1398 261 1429 bens.
277 1405 340 1426 etim
355 1399 492 1426 vacaretis
510 1399 663 1434 precationi
684 1399 779 1435 :quod
799 1407 872 1426 nunc
887 1401 971 1427 etiam

184 1443 301 1479 potestis
320 1443 437 1477 edicere,
456 1445 662 1473 lamentatiOnis
676 1445 823 1474 clamorem
839 1447 883 1481 pia
899 1447 972 1481 psal-

183 1478 291 1518 morum
319 1490 514 1518 decantatione
537 1495 750 1519 commutantes.
770 1501 780 1518 ι
809 1491 872 1519 Haec
889 1500 970 1527 quam
987 1478 1008 1506 ε

184 1536 302 1564 maxime
314 1540 436 1572 poteram
451 1538 526 1564 clara
540 1545 607 1564 voce
619 1536 755 1570 dicebam,
770 1541 800 1564 ut
814 1546 972 1573 superaretur

184 1583 329 1618 strepitum
352 1583 599 1618 conquerentium;
617 1583 717 1611 deinde
736 1585 896 1614 cohortatus
913 1594 973 1614 sum

183 1636 243 1661 cas,
262 1633 294 1656 ut
317 1628 345 1656 in
367 1629 522 1664 proximam
544 1629 655 1656 domum
679 1630 849 1663 secederent.
871 1632 974 1660 relictis

184 1674 319 1702 duntaxat
341 1674 480 1710 aliquibus
509 1682 627 1710 quarum
655 1683 738 1710 opera
762 1676 891 1706 libentms
916 1678 973 1709 illa,

185 1722 250 1748 dum
265 1721 379 1753 viveret,
392 1721 532 1749 utebatur.

220 1766 251 1795 In
272 1775 367 1795 earum
384 1772 444 1795 erat
459 1775 574 1795 numero
589 1767 716 1803 quaedam
735 1767 837 1795 femina
855 1769 974 1797 nobilis-

184 1814 271 1846 sima,
293 1813 397 1840 divitiis
421 1817 448 1840 et
464 1821 565 1847 genere
576 1833 583 1845 ,
602 1818 630 1841 et
647 1813 773 1848 corporis
789 1813 876 1841 forma
891 1820 975 1850 atque

186 1860 249 1888 aliis
265 1859 425 1887 nominibus
440 1852 556 1886 illustris
576 1859 604 1886 in
625 1860 684 1894 ipsa
698 1859 884 1888 adolescentia
905 1869 974 1889 con-

186 1906 295 1933 stituta.
319 1904 382 1932 llaec
407 1905 466 1932 viro
486 1904 596 1932 cuidam
611 1904 811 1933 honestissimo
828 1907 855 1933 in
876 1908 974 1935 inatri-

186 1951 280 1979 monio
293 1952 428 1979 collocata
442 1950 543 1982 luerat,
558 1950 606 1978 sed
622 1951 699 1978 brevi
713 1955 836 1987 tempore
846 1961 909 1980 cum
927 1954 975 1981 illo

185 1996 301 2024 vixerat.
327 1997 418 2029 Quare
440 1995 571 2031 conjugio
595 1995 730 2029 liberata,
750 1997 894 2026 viduitatis
918 2007 975 2027 sua:

184 2041 328 2070 custodem
347 2048 380 2069 ac
406 2042 567 2076 magistram
595 2050 723 2078 magnam
751 2043 901 2071 Macrinam
924 2046 976 2072 ele-

183 2091 272 2123 gerat,
290 2091 318 2116 et
331 2095 393 2115 cum
410 2087 564 2123 virginibus
586 2089 735 2124 plurimum
753 2090 926 2120 versabalur.
945 2095 975 2117 ut

185 2134 220 2161 ab
233 2134 275 2162 eis
294 2137 396 2162 rectam
416 2139 442 2162 et
464 2142 497 2161 ex
515 2135 616 2162 virtute
631 2135 742 2163 vivendi
757 2137 892 2164 rationem
915 2137 974 2164 edi-
991 2154 1013 2182 υ

185 2183 287 2207 sceret.
311 2179 442 2207 Vcsliana
462 2180 502 2207 illi
533 2184 592 2208 erat
611 2188 728 2213 nomen,
759 2188 837 2217 pater
853 2182 972 2210 Araxius

184 2224 346 2256 vocabatur,
363 2232 436 2252 unus
455 2233 471 2252 e
484 2233 599 2252 numero
613 2230 776 2253 senatorum
796 2227 887 2261 magni
906 2235 973 2254 con-

184 2269 240 2298 silii
258 2279 265 2297 :
281 2269 315 2297 ad
331 2272 402 2297 hanc
416 2279 477 2306 ego,
497 2280 506 2296 ι
526 2271 605 2299 Nunc
619 2272 740 2308 quidem,
758 2273 882 2309 inquam,
900 2274 973 2301 invi-

184 2315 293 2343 diosum
307 2324 362 2343 non
386 2317 453 2349 erit,
477 2317 499 2344 si
514 2317 651 2346 defunctae
666 2319 882 2354 splendidiorem
901 2320 973 2354 adje-

183 2360 306 2388 cerimus
318 2365 458 2395 ornatum,
473 2365 500 2389 et
515 2370 611 2398 puram
624 2363 697 2390 illam
710 2363 972 2399 immaculatamque

183 2413 296 2433 carnem
316 2407 483 2435 clarioribus
503 2407 677 2437 vestimentis
701 2408 884 2437 induerimus.
913 2420 922 2436 ›
938 2410 973 2438 At

186 2451 233 2478 illa
256 2451 409 2488 intelligere
431 2453 575 2488 respondit
603 2458 751 2489 oportere,
779 2454 911 2490 quidnam
931 2455 971 2483 illi

184 2502 288 2525 sanctae
310 2498 336 2526 in
353 2499 406 2526 hoc
423 2507 524 2535 genere
541 2499 686 2535 probatum
705 2500 776 2527 roret
793 2509 799 2527 :
816 2500 884 2528 nihil
896 2501 971 2529 enim

183 2549 199 2569 ιι
219 2543 299 2571 nobis
321 2545 378 2580 geri
407 2545 448 2573 l'as
474 2553 537 2574 esse
553 2551 649 2573 contra
675 2546 845 2573 voluntatem
872 2546 971 2582 ipsius.

183 2589 302 2616 Omnino
329 2594 422 2618 autem
454 2592 527 2626 quod
558 2592 615 2619 Deo
641 2595 748 2626 gratum
771 2596 973 2628 acceptumque

182 2640 268 2668 esset,
287 2636 358 2664 idem
369 2638 393 2665 ei
404 2637 558 2672 jucundum
572 2638 706 2664 futurum.

220 2681 285 2710 Erat
303 2683 427 2718 quaedam
448 2683 576 2718 praetecta
588 2682 726 2718 virginum
741 2682 828 2710 choro
843 2683 870 2711 in
891 2683 975 2712 mini-

183 2725 261 2752 strrii
279 2727 365 2762 gradu
391 2727 504 2755 nomine
522 2727 681 2762 Lampadio,
699 2735 760 2762 qua:
783 2728 843 2762 ejus
861 2733 972 2756 senten-

183 2771 251 2798 tium
264 2771 297 2800 de
315 2772 439 2801 funerum
465 2773 573 2808 pompis
594 2781 623 2801 se
647 2773 726 2808 plane
750 2774 824 2802 scire
849 2774 968 2803 diccbat.

1019 169 1061 187 σιν
1080 159 1271 194 ἀπωδύροντο,
1289 160 1343 187 οὐδ’
1365 161 1429 188 ἄλλο
1452 170 1478 188 τι
1498 161 1622 188 τοιοῦτον
1643 160 1730 188 οὐδὲν
1749 160 1796 194 ἐφ’

1019 207 1087 242 πρὸς
1109 206 1158 238 τὰς
1179 206 1322 242 συμφορὰς
1342 207 1587 244 δυσανασχετοῦσιν
1607 208 1633 235 οἱ
1655 208 1831 244 ἄνθρωποι·

1019 252 1076 279 ἀλλ’
1093 252 1131 284 ὡς
1143 251 1192 287 τῆς
1212 252 1282 279 κατὰ
1298 252 1365 279 Θεὸν
1380 253 1486 286 ἐλπίδος
1504 253 1608 286 αὐτῶν,
1628 254 1679 281 καὶ
1699 253 1758 288 τῆς
1774 253 1833 281 τῶν

1019 297 1113 332 ψυχῶν
1135 297 1272 332 σωτηρίας
1293 297 1516 333 ἀποσχισθεῖσαι,
1538 298 1626 326 ταῦτα
1644 299 1755 330 ἐϐόων,
1780 299 1832 325 καὶ

1019 342 1106 368 ταῦτα
1125 342 1153 368 ὲν
1173 343 1229 373 τοῖς
1242 341 1351 378 θρήνοις
1364 343 1590 380 ἀπωλοφύροντο,
1615 353 1624 370 ι
1653 344 1798 379 Ἐσόέσθη
1819 354 1828 369 ι

1020 387 1156 422 λέγουσαι,
1172 397 1181 414 ι
1197 387 1250 414 τῶν
1265 388 1410 424 ὀφθαλμῶν
1431 390 1510 425 ἡμῶν
1530 390 1544 416 ὀ
1563 390 1679 425 λύχνος·
1708 390 1831 425 duci;qu

1020 434 1051 461 τὸ
1071 434 1128 469 φῶς
1151 434 1199 469 τῆς
1224 434 1278 461 τῶν
1296 435 1388 471 ψυχῶν
1408 436 1533 471 ὁδηγίαςο
1548 436 1658 471 διελύθη
1680 436 1737 471 τῆς
1753 436 1831 471 ζωῆς

1021 479 1100 515 ἡμῶν
1115 481 1132 514 ἠ
1148 480 1296 515 ἀσφάλεια·
1318 481 1389 516 ἤρθη
1406 481 1424 516 ἡ
1443 482 1561 517 σφραγὶς
1576 482 1627 517 τῆς
1638 482 1828 517 ,ἀφθαρσίας

1024 525 1174 561 διεσπάσθη
1192 526 1206 552 ὁ
1221 525 1369 562 σύνδεσμος
1383 527 1433 562 τῆς
1457 527 1636 562 σωφροσύνης
1647 536 1655 542 ·
1671 527 1830 562 συνετρὶὁη

1022 570 1052 596 τὸ
1072 570 1276 606 στήριγμα.τῶν
1298 571 1481 603 ἀτονούντων,
1503 572 1630 608 ἀφῃρέθη
1648 573 1670 608 ἡι
1683 572 1831 608 Θεραπεία

1023 616 1076 643 τῶν
1090 617 1274 644 ἀσθενούντων
1285 625 1293 633 ο
1310 618 1356 644 ἐπὶ
1371 617 1418 644 σοῦ
1429 619 1494 653 ἡμῖν
1508 619 1556 646 καὶ
1567 619 1583 654 ἡ
1596 619 1654 652 ,νὺξ
1669 619 1737 646 ἀντὶ
1757 619 1830 654 ἡμέ-

1025 671 1074 697 ρας
1092 660 1137 698 ἦν,
1161 663 1190 689 ἐν
1207 662 1315 699 καθαρᾷ
1337 664 1393 699 ζωῇ
1410 665 1580 700 φωτιζομένη
1593 673 1600 680 ·
1621 664 1671 691 νῦν
1689 664 1790 691 δὲκαὶ
1812 666 1828 699 ἠ

1023 709 1115 744 ἡμέρα
1126 708 1193 744 πρὸς
1206 709 1287 742 ζόφον
1303 711 1569 746 μεταστραφήσεται.
1591 720 1600 736 ι
1617 710 1828 746 Χαλεπώτερον

1023 755 1051 781 δὲ
1075 754 1151 790 παρὰ
1167 754 1216 787 τὰς
1239 755 1321 787 ἄλλας
1337 756 1367 782 τὸ
1389 756 1486 788 πένθος
1503 756 1627 789 ἐξέκαιον
1651 757 1680 783 at
1710 756 1827 791 μητέρα

1025 800 1109 836 αὐτὴν
1129 801 1176 828 καὶ
1191 801 1290 837 τροφὸν
1311 801 1505 829 ἀνακαλοῦσαι.
1526 800 1617 829 Ἶισαν
1631 802 1661 829 δὲ
1678 799 1779 835 αὗται,
1793 802 1827 834 ἃς

1026 849 1054 874 ἐν
1066 847 1105 883 τῷ
1119 847 1169 882 τῆς
1186 847 1317 880 σιτοδείας
1332 848 1419 883 καιρῷ
1433 847 1504 875 κατὰ
1516 848 1565 879 τὰς
1586 848 1665 880 ὀδοὺς
1684 848 1828 884 ἑρῤιμμέ-

1025 902 1073 926 νας
1094 894 1241 929 ἀνελομένη
1260 893 1438 930 ἐτιθηνήσατο
1451 903 1481 920 τε
1496 894 1544 922 καὶ
1560 894 1734 930 ἀνεθρέψατο
1744 915 1752 927 ,
1778 895 1834 923 καὶ

1025 940 1093 975 πρὸς
1102 939 1148 967 τὸν
1156 940 1274 976 καθαρόν
1283 949 1312 967 τε
1328 941 1375 967 καὶ
1380 940 1498 976 ἄφθορον
1510 940 1567 976 βίον
1584 941 1763 977 ἐχειραγὼγη
1768 949 1824 968 σεν.

1066 986 1143 1012 Ἐπεὶ
1164 986 1193 1012 δέ
1210 995 1268 1018 πως
1284 987 1409 1022 καθάπερ
1431 988 1464 1014 ὲκ
1482 987 1564 1022 βυθοῦ
1581 996 1655 1019 τινος
1670 987 1724 1022 τὴν
1740 987 1826 1022 sp.ch-

1023 1031 1070 1059 τοῦ
1090 1032 1178 1068 ψυχὴν
1193 1032 1372 1069 ἀνελεξάμην,
1391 1033 1460 1070 πρὸς
1478 1033 1527 1068 τὴν
1543 1034 1624 1068 ἁγίαν
1645 1033 1758 1068 εκείνην
1776 1041 1826 1059 κε-

1024 1078 1111 1113 φαλὴν
1135 1078 1278 1110 ἀτενίσας,
1301 1079 1395 1114 ὥσπερ
1416 1079 1590 1114 ἐπιτιμηθεὶς
1611 1080 1640 1105 ὲν
1660 1080 1694 1115 τῇ
1723 1079 1825 1115 ἀταξίᾳ

1023 1123 1077 1151 τῶν
1091 1123 1324 1160 ἑπιθορυόούντων
1340 1125 1383 1152 διὰ
1397 1125 1443 1152 τοῦ
1460 1125 1572 1161 θρήνου,
1594 1135 1603 1152 ι
1629 1125 1705 1161 Πρὸς
1719 1126 1824 1160 ταύτην

1024 1168 1150 1204 putus.
1170 1179 1179 1195 ι
1198 1167 1273 1196 εἷπον
1289 1169 1395 1206 μεγάλῃ
1408 1171 1442 1206 τῇ
1460 1172 1547 1206 φωνῇ,
1561 1170 1630 1206 πρὸς
1647 1171 1699 1202 τὰς
1719 1170 1824 1206 παρθέ-

1023 1224 1085 1247 νους
1102 1215 1201 1251 βοήσας
1211 1223 1219 1230 ⁸
1241 1223 1250 1241 t
1265 1216 1312 1243 καὶ
1329 1216 1384 1243 τῶν
1400 1216 1636 1252 παρεγγελμὰτων
1651 1216 1738 1252 αὐτῆς
1754 1217 1822 1244 ἀνα-

1024 1261 1163 1297 μνήσθητε
1172 1268 1180 1276 ⁸
1193 1261 1226 1288 δι’
1238 1257 1277 1288 ὧν
1294 1262 1325 1288 τὸ
1344 1262 1373 1289 ὲν
1388 1262 1469 1288 παντὶ
1483 1262 1650 1298 τεταγμένον
1660 1262 1709 1289 καὶ
1719 1261 1821 1297 εὔσχη-

1025 1316 1076 1342 μον
1091 1307 1158 1343 παρ’
1171 1308 1256 1344 αὐτῆς
1277 1307 1465 1343 ἔπαιδεύθητε.
1486 1308 1555 1334 Ἕνα
1577 1308 1675 1343 καιρὸν
1696 1308 1754 1334 τῶν
1773 1307 1821 1335 δα-

1025 1353 1116 1388 κρύων
1137 1354 1203 1389 ἡμῖν
1221 1354 1238 1388 ἡ
1254 1353 1314 1380 θεία
1326 1353 1400 1389 ψυχὴ
1419 1353 1489 1388 αὕτη
1506 1353 1723 1389 ἐνομοθέτησεν,
1739 1354 1770 1379 ἐν
1784 1353 1822 1388 τῷ

1024 1400 1073 1434 τῆς
1088 1399 1241 1435 προσευχῆς
1252 1400 1341 1435 καιρῷ
1354 1399 1434 1426 τοῦτο
1444 1400 1575 1436 πράττειν
1586 1401 1821 1435 παρεγγυήσασα·

1024 1446 1038 1472 ὅ
1052 1445 1097 1472 καὶ
1110 1445 1157 1472 νῦν
1172 1446 1259 1472 ποιεῖν
1273 1437 1372 1478 ἔξεστι,
1387 1444 1438 1480 τῆς
1452 1445 1505 1472 τῶν
1521 1445 1629 1480 θρήνων
1640 1445 1770 1480 οἰμωγῆς
1783 1446 1822 1476 εἰς

1025 1491 1157 1526 συμπαθῆ
1179 1491 1339 1527 ψαλμῳδίαν
1355 1491 1557 1526 μετατεθείσης.
1584 1500 1594 1516 ι
1616 1490 1700 1517 Ταῦτ’
1727 1491 1822 1524 ἔλεγον

1026 1537 1128 1573 μείζονι
1145 1539 1177 1573 τῇ
1189 1538 1276 1572 φωνῇ,
1291 1537 1328 1568 ὡς
1342 1537 1377 1564 ἄν
1391 1537 1435 1564 τὸν
1451 1535 1517 1572 ἦχον
1544 1536 1600 1563 τῶν
1612 1536 1720 1572 θρήνων
1736 1537 1821 1572 ὑπερ-

1024 1584 1169 1619 ηχήσαιμι.
1188 1581 1254 1610 Εἶτα
1278 1583 1444 1618 μεταστῆναι
1461 1583 1638 1618 παρεκάλεσα
1654 1582 1756 1619 μικρὸν
1776 1584 1823 1609 ἐπὶ

1024 1628 1070 1655 τδν
1091 1628 1224 1662 σύνεγγυς
1238 1627 1321 1661 οἷκον,
1340 1629 1553 1663 καταλειφθῆναι
1575 1629 1605 1655 δέ
1627 1637 1705 1660 τινας
1727 1629 1758 1661 ὲξ
1774 1628 1821 1655 αὐ-

1024 1674 1088 1707 τῶν,
1106 1671 1143 1701 ὧν
1165 1674 1250 1709 ἡδέως
1268 1675 1298 1702 ὲν
1315 1676 1348 1710 τῇ
1368 1674 1425 1710 ζωῇ
1446 1674 1495 1710 τὴν
1511 1674 1661 1710 θεραπείαν
1678 1674 1833 1709 προσίετο.,

1065 1765 1109 1792 Ἐν
1123 1765 1236 1797 ταύταις
1249 1762 1284 1799 ἦν
1296 1765 1363 1799 γυνή
1378 1773 1419 1797 τις
1431 1765 1484 1792 τῶν
1495 1765 1682 1800 εὐσχημόνων,
1701 1764 1831 1800 πλούτῳ,

1025 1811 1072 1838 καὶ
1092 1811 1182 1845 γένει,
1200 1811 1248 1838 καὶ
1268 1812 1303 1847 τῇ
1317 1810 1364 1837 τοῦ
1391 1811 1516 1846 σώματος
1537 1810 1608 1846 ὥρᾳ.
1626 1811 1674 1837 καὶ
1689 1811 1724 1845 τῇ
1739 1810 1819 1846 λοιπῇ

1026 1856 1189 1892 περιφανεὶᾳ
1211 1856 1390 1892 περίϐλεπτος
1409 1856 1438 1882 ὲν
1465 1855 1570 1891 νεότητι
1596 1855 1751 1891 γενομένη·
1775 1856 1819 1882 καὶ

1027 1902 1226 1929 συνοικισθεῖσά
1245 1910 1299 1929 τινι
1315 1901 1369 1928 τῶν
1385 1901 1432 1928 ἐπὶ
1446 1901 1569 1936 μείζονος
1585 1901 1674 1933 ἀξίας,
1691 1902 1740 1927 καὶ
1754 1901 1820 1937 βραο

1025 1950 1076 1984 χὺν
1089 1950 1274 1984 συνοικήσασα
1288 1948 1394 1984 χρόνον,
1415 1947 1462 1974 καὶ
1480 1949 1508 1974 ἐν
1529 1948 1582 1983 νέῳ
1593 1947 1632 1982 τῷ
1647 1947 1757 1983 σώματι
1772 1948 1818 1983 τῆς

1026 1995 1156 2029 συζυγίας
1170 1994 1370 2029 διαζευχθεῖσα,
1384 1994 1503 2029 φύλακα,
1519 1994 1566 2020 καὶ
1581 1994 1759 2028 παιδαγωγὸν
1773 1994 1818 2028 τῆς

1026 2041 1139 2077 χηρείας
1156 2041 1205 2076 τὴν
1228 2041 1349 2076 μεγάλην
1368 2040 1510 2076 Μακρίναν
1533 2039 1719 2075 ποιησαμένη.
1738 2040 1818 2074 συνῆν

1025 2087 1059 2114 τὰ
1079 2087 1163 2114 πολλὰ
1173 2088 1234 2118 ταῖς
1250 2086 1403 2122 παρθένοις,
1417 2086 1464 2113 τὸν
1483 2085 1551 2121 πρὸς
1567 2085 1669 2120 ἀρετὴν
1680 2085 1740 2120 βίον
1755 2084 1817 2119 παρ’

1027 2134 1115 2160 αὐτῶν
1136 2132 1360 2168 ὲκδιδασκομένη.
1384 2131 1516 2167 Οὐετιανὴ
1537 2131 1622 2166 ὄνομα
1639 2132 1673 2166 τῇ
1697 2131 1815 2165 γυναικὶ,

1027 2178 1060 2216 ἧς
1074 2181 1088 2206 ὁ
1108 2179 1199 2214 πατὴρ
1216 2176 1255 2210 εἷς
1269 2177 1303 2215 ἦν
1315 2178 1370 2205 τῶν
1391 2179 1431 2210 είς
1451 2179 1501 2212 τὴν
1522 2178 1576 2204 τῶν
1591 2178 1707 2204 ὑπάτων
1726 2185 1815 2204 συντε-

1023 2227 1141 2254 λούντων
1170 2226 1283 2262 βουλήψ
1308 2225 1375 2261 πρὸς
1403 2225 1505 2260 ταύτην
1529 2222 1616 2256 εἷπον,
1639 2224 1815 2258 ἀνεπὶςςθονον

1023 2271 1092 2301 εἶναι
1107 2273 1155 2300 νῦν
1168 2273 1233 2308 γοῦν
1248 2272 1294 2299 τὸν
1313 2272 1489 2308 φαιδρότερον
1504 2270 1645 2298 ἐπιϐαλεῖν
1661 2271 1767 2306 κόσμον

1024 2319 1142 2355 σώματι,
1169 2319 1216 2346 καὶ
1238 2318 1378 2354 λαμπραῖς
1401 2318 1507 2349 ὀθόναις
1530 2316 1746 2351 κατακοσμῆσαι
1769 2317 1814 2351 τὴν

1023 2363 1147 2400 καθαρὰν
1181 2363 1289 2399 ἐκείνην
1326 2362 1374 2389 καὶ
1411 2362 1577 2398 άκηλίδωτον
1601 2362 1705 2396 σάρκα.
1733 2361 1765 2387 Ἢ
1787 2361 1813 2387 δὲ

1025 2409 1119 2445 μαθεῖν
1141 2409 1194 2444 ἔφη
1208 2409 1318 2444 χρῆναι,
1333 2408 1360 2434 τί
1382 2409 1415 2444 τῇ
1436 2407 1501 2442 ἁγίᾳ
1518 2407 1583 2442 περὶ
1603 2407 1710 2433 τούτων
1728 2405 1812 2437 καλῶς

1023 2455 1094 2491 ἔχειν
1114 2454 1290 2490 ἐδοκιμάσθη⁸
1313 2454 1350 2490 μὴ
1370 2454 1424 2489 γὰρ
1438 2453 1536 2487 εὐαγὲς
1549 2450 1620 2479 εἶναι
1637 2452 1715 2486 παρὰ
1731 2451 1762 2478 τὸ
1775 2459 1813 2478 κε-

1023 2501 1187 2537 χαρισμένον
1211 2501 1280 2536 αὐτῇ
1300 2509 1327 2527 τι
1352 2501 1417 2536 παρ’
1442 2499 1520 2534 ἡμῶν
1544 2498 1672 2532 γενέσθαι
1698 2498 1809 2529 πάντως.

1023 2547 1135 2578 Πάντως
1147 2546 1175 2573 δὲ
1185 2545 1200 2572 ὃ
1211 2545 1252 2581 τῷ
1264 2545 1324 2581 Θεῷ
1336 2545 1410 2580 φίλον
1421 2553 1450 2572 τε
1463 2544 1509 2571 καὶ
1525 2543 1685 2579 εὐάρεστον,
1701 2542 1809 2577 κάκείνη

1023 2591 1192 2628 καταθύμιον
1205 2589 1284 2620 εἶναι.

1060 2682 1115 2710 Καὶ
1129 2680 1164 2717 ἦν
1175 2690 1217 2714 τις
1233 2682 1438 2717 προτεταγμένη
1450 2681 1497 2708 τοῦ
1510 2680 1590 2716 χοροῦ
1603 2680 1660 2706 τῶν
1674 2679 1810 2715 παρθενων

1024 2729 1053 2765 ὲν
1068 2728 1106 2763 τῷ
1129 2728 1178 2763 τῆς
1194 2727 1330 2759 διακονίας
1346 2727 1453 2763 βαθμῷ,
1469 2726 1617 2762 Λαμπαδία
1631 2726 1722 2761 ὄνομα
1738 2726 1808 2760 αὑτῇσ

1024 2774 1174 2811 ἢὰκριϐῶς
1196 2773 1245 2809 ἔφη
1264 2774 1406 2807 γινώσκειν
1424 2773 1486 2808 περὶ
1505 2773 1558 2800 τῶν
1577 2772 1650 2799 κατὰ
1665 2772 1716 2808 τὴν
1733 2771 1813 2806 ταφὴν
