1917 3079
112 92 172 122 939

734 94 782 122 DE
788 95 869 123 \'-IT.-\
902 97 931 124 S.
956 97 1141 127 ΜΛΩΒΙΝᾹΞ..

1695 105 1756 135 990-

108 149 281 185 δεδογμένων
296 150 402 187 ἐκείνης
426 152 487 178 ἐπεὶ
502 151 529 178 δὲ
543 151 650 188 ἠρόμην
670 152 754 189 αὐτὴν
773 155 837 190 περὶ
847 155 899 181 too"

961 156 1024 183 Haec
1046 164 1060 183 a
1083 165 1127 184 mc
1151 158 1194 185 his
1219 158 1253 185 de
1278 159 1360 186 rebus
1383 160 1551 196 interrogata
1570 161 1661 197 (forte
1672 166 1746 194 enim

108 204 169 222 των
188 195 330 231 (παροῦσα
348 196 401 231 γὰρ
426 195 505 231 ἔτυχε
526 199 558 232 τῇ
584 197 737 233 βουλήσει),
759 199 809 234 ἔφη
839 200 907 234 μετὰ

106 240 238 276 δακρύων
252 249 259 256 ·
275 251 284 266 ι
303 241 341 276 Τῇ
356 241 421 276 ἁγίᾳ
433 242 544 277 κόσμος,
556 244 570 269 ὁ
583 243 702 276 καθαρὸς
718 244 774 279 βίος
787 245 909 271 διεσπου-

105 287 212 324 δάσθη·
229 287 308 314 τοῦτο
324 289 372 315 καὶ
386 288 437 323 τῆς
457 289 531 324 ζωῆς
546 289 771 326 ἐγκαλλώπισμα,
793 291 840 318 καὶ
861 291 906 318 τοῦ

107 335 229 363 θανάτου
245 335 372 370 ἐντάφιον
388 336 496 371 ἐκείνης
512 337 586 363 ἐστί’
601 337 635 363 τὰ
650 337 673 364 δ’
687 338 737 364 ὅσα
755 338 822 373 πρὸς
840 338 907 365 καλ-

104 380 253 417 λωπισμὸν
277 381 403 417 σώματος
428 382 523 417 βλέπει
537 403 544 413 .
563 382 625 409 οὔτε
649 383 679 410 ὲν
699 383 738 418 τῷ
762 384 810 419 τῆς
835 384 906 419 ζωῆς

104 428 199 463 χρόνῳ
227 430 396 464 προσήκατο,
418 427 481 455 οὔτε
508 429 549 461 είς
572 429 622 465 τὴν
641 429 783 465 παροῦσαν
809 430 906 465 χρῆσιν

104 472 309 508 ὲταμιεὺσατον
327 472 397 500 ὥστε
420 473 481 500 οὐδὲ
506 474 680 509 βουλομένοις
696 476 763 511 ἡμῖν
784 475 861 502 ἔσται
878 484 905 502 τι

104 519 203 550 πλέον,
219 519 271 554 τῆς
283 520 323 551 είς
335 520 401 546 αὐτὸ
421 519 500 546 τοῦτο
519 521 698 556 παρασκευῆς
711 521 741 548 οὺ
752 521 903 556 παρούσης.

102 579 146 584 —-
158 564 213 591 Καὶ
234 565 285 591 οὐκ
305 565 378 591 ἐστιν
395 565 425 591 ὲν
439 565 495 597 τοῖς
507 565 700 601 ἀποκειμένοις
720 567 826 602 εὑρεῖν,
837 566 905 602 ἔφην

102 609 175 644 ἐγὼ,
185 610 240 637 τῶν
252 610 438 646 ἐπικοσμῆσαι
454 620 481 638 τι
494 611 651 646 δυναμένων
667 612 716 647 τήν
730 613 850 648 ἐκφοράν
860 621 905 646 ;—-

102 655 216 690 Ποίοις,
225 654 310 688 εἶπεν,
324 657 532 693 ἀποκειμένοιςς
549 658 593 684 ’Ἐν
605 658 698 693 χερσὶν
711 658 783 694 ἔχεις
800 660 854 686 πᾶν
874 659 904 686 τὸ

102 701 250 728 ἀπόθετονο
268 701 322 728 ἰδοὺ
336 702 366 729 τὸ
382 702 497 738 ἱμάτιον,
513 703 567 729 ἰδοὺ
585 704 635 739 τῆς
648 703 768 738 κεφαλῆς
786 705 802 740 ή
822 704 903 731 καλύ-

103 754 196 782 πτρα,
213 747 247 774 τὰ
257 748 427 783 τετριμμένα
442 748 497 775 τῶν
510 748 598 775 ποδῶν
610 749 770 785 ὑποδήματα
780 758 787 766 ’
799 748 877 782 οὗτος
888 751 902 777 ό

102 793 239 825 πλοῦτος·
256 793 326 829 αὕτη
348 795 364 829 ἠ
382 795 537 829 περιουσία.
564 795 647 822 Οὐδὲν
663 796 739 832 παρὰ
760 797 789 823 τὸ
807 797 901 831 φαινό-

104 846 191 874 μενον
213 840 242 866 ὲν
268 839 439 875 ἁποκρύφοις
461 841 622 873 ἀπόκειται,
645 841 770 874 κιϐωτοῖς
790 851 860 870 τισιν
885 839 939 878 ἢΒ

102 883 240 920 θαλάμοις
267 885 479 921 ¹ἠσφαλισμένον.
508 887 581 914 Μίαν
605 888 748 924 ἀποθήκην
776 889 834 924 ᾔδει
854 889 901 916 τοῦ

104 931 177 958 ἰδίου
189 931 316 963 πλούτου,
326 932 372 960 τὸν
386 932 522 968 θησαυρὸν
533 933 579 960 τὸν
593 933 726 968 οὐράνιον·
743 935 802 961 ἐκεῖ
815 935 902 962 πάντα

101 978 274 1014 ἀποθεμένη,
289 979 364 1005 οὐδὲν
375 979 422 1005 ἐπὶ
432 979 484 1015 γῆς
496 979 749 1008 ὑπελείπετο.-Τί
765 978 821 1012 οὖν,
834 981 902 1016 ἔφην

101 1024 177 1060 πρὸς
192 1024 294 1060 ταύτην
307 1024 372 1060 ἐγὼ,
393 1026 418 1052 εἰ
430 1026 484 1052 τῶν
498 1026 559 1061 ἐμοὶ
576 1026 645 1062 πρὸς
659 1026 708 1062 τὴν
721 1027 810 1062 ταφὴν
827 1028 901 1063 ἡτοι-

104 1071 258 1105 μασμένων
274 1071 487 1107 προσαγάγοιμι,
508 1073 573 1107 μήτι
588 1071 643 1098 τῶν
657 1071 814 1108 ἀϐουλήτων
833 1073 900 1109 αὐτῇ

100 1115 152 1142 διὰ
167 1115 246 1142 τοῦτο
262 1117 407 1152 γενήσεται
420 1126 427 1150 ;
445 1127 455 1143 ι
472 1117 528 1144 Οὐκ
539 1117 642 1144 οἴεσθαι
658 1117 720 1153 ἔφη,
733 1119 811 1145 τοῦτο
826 1120 901 1154 παρὰ

102 1161 220 1197 γνώμην
241 1159 310 1189 εἶναι
330 1163 408 1198 αὐτῇ.
423 1172 433 1189 ί
448 1163 601 1199 Προσέσθαι
625 1164 680 1199 γὰρ
698 1164 731 1191 ἂν
750 1164 835 1200 αὐτὴν
854 1165 902 1192 καὶ

103 1207 199 1239 ζῶσαν
215 1207 263 1243 τὴν
277 1208 405 1243 τοιαύτην
423 1209 498 1245 παρὰ
512 1209 558 1236 σοῦ
573 1210 656 1245 τιμὴν
675 1210 735 1237 κατ’
747 1210 900 1246 ἀμφότερα,

102 1251 151 1280 διὰ
165 1261 195 1280 τε
210 1253 259 1289 τὴν
273 1254 434 1289 ἱερωσύνην,
455 1254 504 1290 τὴν
526 1255 570 1281 ἀεὶ
582 1255 675 1290 τιμίαν
689 1255 757 1290 αὐτῇ
768 1276 775 1288 ,
790 1256 837 1282 καὶ
856 1255 902 1282 διὰ

102 1299 160 1334 τὴν
176 1299 318 1326 κοινωνίαν
336 1300 385 1335 τῆς
398 1299 520 1334 φύσεως·
541 1300 609 1336 μηδὲ
626 1301 680 1337 γὰρ
695 1301 836 1337 ἀλλότριον
851 1301 901 1328 αὺ-

102 1346 158 1381 τῆς
172 1345 203 1372 τὸ
216 1345 264 1372 τοῦ
279 1345 393 1380 ἀδελφοῦ
407 1346 528 1381 νομίσαι.
544 1347 593 1372 Διά
609 1346 689 1373 τοῦτο
702 1347 751 1373 καὶ
766 1347 826 1379 ταῖς
841 1348 903 1379 σαῖς

103 1392 185 1429 χερσὶ
204 1393 374 1429 κοσμηθῆναι
389 1393 419 1420 τδ
434 1392 514 1428 σῶμα
525 1393 723 1421 διεκελεύσατο.
739 1403 748 1420 ι

152 1440 228 1466 Ἐπει
246 1439 275 1466 δὲ
298 1439 378 1466 τοῦτο
401 1440 534 1471 ἐδέδοκτο,
559 1440 606 1466 καὶ
630 1440 683 1466 ἔδει
704 1439 900 1475 περισταλῆναι

102 1487 168 1518 ταῖς
188 1486 295 1518 ὀθόναις
320 1486 351 1512 τὺ
375 1486 447 1522 ἱερὸν
466 1487 554 1513 ἐκεῖνο
571 1486 668 1521 σῶμα,
686 1486 835 1521 διελόμενοι
851 1486 900 1522 τὴν

105 1532 238 1568 σπουδὴν,
254 1532 334 1564 ἄλλος
350 1532 416 1559 ἄλλο
434 1541 461 1559 τι
477 1532 542 1568 περὶ
556 1532 640 1568 αὐτὴν
656 1532 828 1566 ἐπενοοῦμεν.
846 1532 901 1558 Καὶ

105 1577 166 1613 ἑγὼ
190 1579 238 1614 μὲν
261 1578 311 1613 τὴν
337 1578 439 1614 ἐσθῆτα
466 1578 519 1605 τῶν
542 1578 616 1614 ἐμῶν
639 1586 692 1604 τινι
717 1578 901 1613 προσαγαγεῖν

103 1624 347 1659 ὲνεκελευσάμηνο
368 1624 385 1659 ὴ
405 1623 434 1650 δὲ
452 1623 669 1659 μνημονευθεῖσα
694 1622 836 1657 Οὐετιανὴ,
851 1622 901 1657 τὴν

104 1669 189 1704 ἁγίαν
213 1670 322 1705 ἐκείνην
342 1669 464 1704 κεφαλὴν
489 1670 550 1701 ταῖς
576 1668 655 1700 ίδίαις
677 1668 756 1703 χερσὶ
781 1676 900 1694 κατακο-

106 1715 217 1750 σμοῦσα
229 1735 236 1747 ,
252 1715 345 1750 ἐπειδὴ
358 1714 429 1742 κατὰ
443 1714 488 1741 τὸν
504 1714 607 1749 αὐχένα
617 1713 666 1750 τὴν
682 1715 760 1750 χεῖρα
774 1714 899 1748 ἠνεγκεν.

107 1771 125 1787 ι.
148 1761 225 1793 Ἰδοὺ,
239 1760 307 1796 φησὶ
318 1781 326 1792 ,
344 1760 413 1796 πρὸς
435 1760 487 1796 ἐμὲ
503 1759 634 1795 βλέψασα,
651 1757 707 1791 οἷος
727 1759 901 1795 περιδέραιος

103 1806 210 1842 κόσμος
226 1807 275 1842 τῆς
297 1806 391 1840 ’Λγίας
413 1806 570 1842 ἐξήρτηται.
591 1815 602 1831 ι
618 1804 671 1832 Καὶ
691 1805 748 1840 ἅμα
762 1805 842 1832 τοῦτο
859 1805 902 1831 λέ-

103 1861 208 1887 γουσα,
225 1852 362 1880 ἐκλύσασα
379 1852 425 1879 τδν
445 1852 544 1887 δεσμὸν
560 1852 597 1878 ὲκ
615 1851 662 1878 τοῦ
680 1851 814 1883 κατόπιν,
833 1859 901 1886 προ-

104 1899 193 1924 έτεινε
213 1898 263 1933 τὴν
281 1899 372 1934 χεῖρα,
399 1897 446 1925 καὶ⁴
469 1898 606 1925 δείκνυσιν
629 1897 695 1932 ἡμῖν
720 1896 829 1932 σιδηροῦ
852 1895 900 1923 τοῦ

106 1943 225 1979 σταυροῦ
248 1943 293 1970 τὸν
315 1943 410 1975 τύπον,
436 1943 484 1969 καὶ
505 1941 647 1969 δακτύλιόν
665 1950 727 1968 τινα
748 1942 798 1976 τῆς
816 1940 900 1976 αὐτῆς

105 1990 175 2023 ὕλης
187 1996 194 2002 ·
216 1989 288 2024 ἅπερ
301 1988 444 2024 ἀμφότερα
459 1988 559 2023 λεπτῆς
579 1988 678 2023 ὁρμιᾶς
697 1986 837 2022 ὲξημμένα
854 1987 901 2012 ἐπὶ

103 2035 159 2069 τῆς
180 2034 292 2069 καρδίας
307 2033 454 2066 διαπαντὸς
474 2031 518 2069 ἦν.
534 2033 589 2060 Καὶ
604 2033 660 2067 ἐγὼ
672 2030 758 2059 εἴπον-
776 2042 786 2058 ‹
804 2031 900 2058 Κοινὺν

104 2080 229 2114 γενέσθω
244 2079 274 2106 τὺ
288 2079 391 2114 κτῆμα.
415 2079 470 2106 Καὶ
487 2079 519 2105 σὺ
540 2079 589 2114 μὲν
604 2078 649 2113 ἔχε
669 2077 700 2104 τὸ
713 2076 760 2104 τοῦ
782 2076 899 2112 σταυροῦ

105 2126 293 2162 φυλακτήριον
304 2133 310 2140 ·
326 2126 388 2160 ἐμοὶ
409 2125 437 2151 δὲ
453 2124 566 2160 ἀρκέσει
585 2125 602 2159 ὴ
619 2123 665 2150 τοῦ
679 2122 820 2149 δακτυλίου
834 2122 897 2157 κλη-

961 202 1092 230 intererat
1102 204 1319 240 consultationi)
1332 214 1394 233 cum
1413 207 1542 243 lacrymis
1556 211 1724 245 respondens
1737 221 1744 239 :

962 258 971 273 ι
1004 247 1112 284 lntegre
1137 253 1164 277 et
1190 257 1258 285 pure
1289 251 1426 284 vivendo,
1451 253 1554 288 inquit.
1573 257 1754 285 sancta-sibi

959 300 1153 322 ornamentum
1176 296 1299 331 paravit,
1327 299 1399 332 quod
1416 302 1443 326 et
1459 299 1541 326 vitam
1560 301 1644 336 ipsius
1665 302 1747 330 deco-

957 345 1031 368 raret
1047 344 1074 368 et
1086 341 1256 376 sepulturam
1271 352 1278 370 :
1291 350 1354 370 nam
1374 345 1447 378 quod
1463 346 1496 372 ad
1518 348 1644 381 corporis
1664 356 1747 376 orna-

959 392 1015 413 tum
1032 391 1147 422 spectat.
1163 396 1214 415 nec
1231 389 1295 416 dum
1312 390 1415 418 viveret
1431 392 1546 426 accepit.
1563 401 1614 420 nec
1627 394 1653 420 in
1670 395 1745 422 hunc

958 441 1038 460 usum
1063 434 1222 462 reservavit.
1252 434 1343 468 Quare
1370 443 1405 464 ne
1434 437 1457 464 si
1480 438 1597 466 velimus
1623 439 1744 474 quidem,

957 480 1076 515 amplius
1095 481 1168 514 licet,
1183 489 1246 508 cum
1266 482 1300 509 ad
1320 482 1390 511 hanc
1411 491 1467 511 rem
1481 491 1536 512 non
1553 491 1680 521 suppetat
1696 495 1746 523 ap-

957 532 1080 562 paratus.
1099 543 1136 548 —
1159 527 1288 560 Nihilne,
1321 529 1454 563 inquam,
1486 532 1661 559 reconditum
1690 537 1744 566 est,

957 580 1013 606 quo
1027 573 1114 607 justa,
1131 577 1158 602 et
1169 575 1309 609 exsequiae
1323 575 1430 610 possint
1445 576 1597 604 adornari?
1611 592 1646 598 —
1662 577 1744 612 Quid,

957 618 1045 653 inquit
1070 619 1114 646 illa
1129 639 1136 651 ,
1165 620 1338 648 reconditum
1360 622 1479 649 narras?
1492 621 1632 658 Quidquid
1647 631 1746 651 recon-

955 664 1003 691 diti
1015 665 1096 692 estin
1109 665 1236 694 manibus
1249 666 1344 698 habes,
1359 674 1423 695 ecce
1433 668 1558 702 pallium.
1570 676 1636 696 ecce
1645 669 1750 705 capitis-

956 714 1082 745 tcgmen,
1113 715 1140 739 et
1168 712 1232 739 trita
1248 712 1348 747 pedum
1377 714 1576 742 calceamenta‘.
1603 715 1650 742 llaa
1679 719 1746 744 sunt

955 764 1034 791 opes,
1061 757 1118 784 haec
1140 758 1263 791 supellex
1281 767 1287 784 :
1304 759 1372 785 nihil
1390 763 1490 794 praeter
1511 760 1537 786 id
1562 761 1635 794 quod
1650 762 1744 790 cernis

956 803 982 829 in
997 804 1100 831 arculis
1110 808 1158 830 aut
1173 804 1302 832 thalamis
1317 805 1458 832 conditum
1474 805 1538 833 latet
1554 815 1560 833 :
1577 814 1658 834 unam
1673 807 1745 834 divi-

954 850 1054 877 tiarum
1079 857 1192 877 suarum
1226 851 1322 878 cellam
1351 857 1488 885 noverat,
1511 852 1673 880 thesaurum
1688 860 1744 881 cm-

954 895 1049 923 Iestem
1067 903 1072 919 ι
1091 896 1148 923 illic
1175 897 1269 924 omnia
1294 896 1458 929 collocavit,
1485 898 1554 924 nihil
1578 898 1693 933 reliquit
1715 899 1744 926 in

954 945 1038 968 terra.
1062 952 1072 967 ι
1092 940 1161 969 Tum
1179 950 1246 976 ego,
1265 952 1274 968 ι
1293 942 1363 976 Quid
1377 963 1385 976 ,
1413 943 1525 978 inquam
1539 963 1546 974 .
1566 944 1589 971 si
1611 944 1645 971 ad
1660 944 1744 972 funus

952 987 1106 1014 ornandum
1123 996 1157 1014 ea
1178 988 1228 1020 iis,
1252 996 1313 1023 qua:
1332 989 1400 1016 milii
1422 994 1520 1024 parata
1543 993 1608 1016 sunt
1638 989 1744 1025 aliquid

952 1032 1106 1067 proferam,
1122 1041 1187 1060 num
1202 1034 1359 1062 inconsulte
1373 1034 1475 1062 factum
1486 1035 1671 1063 existimabit?
1686 1045 1696 1062 ι
1715 1035 1742 1062 Id

952 1082 1051 1113 praeter
1077 1079 1244 1106 sententiam
1260 1079 1322 1114 ejus
1344 1079 1468 1107 futurum
1485 1088 1516 1108 se
1534 1087 1590 1108 non
1612 1080 1742 1108 arbitrari

953 1124 1096 1159 respondit
1112 1132 1119 1150 :
1137 1134 1147 1150 ι
1165 1123 1233 1152 Nam
1252 1125 1304 1152 etsi
1328 1126 1452 1158 viveret,
1474 1126 1583 1153 duabus
1598 1126 1632 1154 de
1647 1126 1742 1155 causis

952 1177 1007 1197 non
1025 1170 1186 1205 repudiaret
1202 1170 1336 1198 honorem
1352 1175 1442 1205 tuum,
1457 1171 1499 1199 vel
1518 1175 1631 1207 propter
1649 1179 1744 1200 sacer-

952 1216 1021 1243 dotii
1047 1216 1208 1252 dignitatem
1231 1224 1315 1252 quam
1343 1225 1453 1253 semper
1470 1221 1602 1246 venerata
1620 1221 1664 1246 est
1676 1237 1684 1251 ,
1700 1217 1747 1245 vel»

951 1265 1064 1297 propter
1082 1265 1189 1290 natum
1216 1263 1473 1297 necessitudinem;
1504 1271 1595 1300 neque
1621 1263 1744 1292 alienum

952 1306 1066 1334 duceret
1083 1306 1114 1334 id.
1128 1307 1201 1342 quod
1225 1315 1240 1334 a
1262 1307 1348 1335 fratre
1371 1311 1467 1336 esset:
1482 1308 1588 1336 idcirco
1613 1308 1744 1336 manibus

951 1353 1035 1379 etiam
1048 1353 1108 1381 tuis
1119 1361 1221 1389 corpus
1239 1356 1270 1381 ut
1288 1359 1434 1382 curaretur
1448 1353 1599 1381 mandavit.
1623 1362 1635 1380 ›

987 1442 1055 1470 Cum
1085 1443 1169 1477 igitur
1191 1443 1230 1471 ita
1247 1444 1339 1472 visum
1365 1448 1456 1476 esset,
1484 1447 1512 1472 et
1531 1450 1641 1470 sacrum
1674 1441 1743 1470 illud

951 1497 1053 1525 corpus
1068 1490 1123 1525 tegi
1136 1489 1262 1517 vestibus
1277 1492 1430 1524 oporteret,
1455 1488 1578 1517 studium
1599 1488 1672 1515 inter
1688 1495 1740 1515 nos

953 1535 1109 1563 dividentes
1126 1536 1200 1563 circa
1217 1535 1321 1569 ipsam,
1342 1534 1413 1562 alius
1432 1534 1508 1561 aliud
1524 1534 1717 1569 cogitabamus
1733 1542 1741 1560 :

950 1585 978 1608 et
995 1588 1046 1616 ego
1072 1581 1183 1615 quidem
1207 1581 1279 1615 jussi
1302 1580 1413 1607 cuidam
1432 1587 1466 1607 ex
1495 1580 1565 1607 meis
1584 1584 1615 1606 ut
1636 1582 1742 1607 vestem

951 1624 1063 1652 allerret
1087 1633 1094 1653 :
1120 1625 1164 1652 illa
1190 1632 1266 1657 vero,
1289 1632 1344 1659 qua
1364 1624 1399 1652 de
1422 1624 1590 1652 mentionem
1613 1623 1741 1656 iecimus,

951 1670 1080 1701 Yesliana
1105 1671 1225 1706 propriis
1248 1670 1376 1698 manibus
1395 1677 1500 1698 ornans
1523 1674 1648 1698 sanctum
1672 1669 1741 1697 illud

951 1721 1053 1751 caput,
1082 1723 1145 1743 cum
1174 1715 1235 1751 ejus
1264 1716 1367 1743 cervici
1401 1723 1515 1743 manum
1552 1715 1742 1747 submisisset,

954 1770 963 1788 ι
985 1761 1054 1789 Ecce
1067 1781 1075 1794 ,
1092 1760 1183 1796 inquit
1219 1761 1253 1788 ad
1271 1768 1314 1788 mc
1336 1760 1503 1795 respiciens,
1521 1760 1603 1796 quale
1626 1767 1642 1788 e
1669 1759 1742 1787 collo

951 1811 1055 1835 sanctae
1079 1807 1190 1834 monilis
1220 1810 1412 1834 ornamentum
1438 1805 1564 1841 pendet:
1592 1815 1603 1832 ι
1632 1809 1662 1833 et
1682 1805 1742 1832 haec

950 1854 1046 1882 dicens
1063 1853 1161 1881 solutis
1178 1860 1249 1888 pone
1266 1852 1388 1880 vincuiis
1403 1851 1547 1887 prmtendit
1573 1858 1657 1878 manu
1687 1850 1741 1878 ler-

950 1907 1027 1927 reum
1043 1899 1135 1927 crucis
1152 1899 1273 1934 signum.
1290 1901 1317 1926 et
1332 1898 1463 1925 annulum
1478 1897 1625 1933 quemdam
1640 1904 1672 1924 ex
1695 1904 1742 1925 ea-

950 1945 1012 1973 dem
1024 1939 1156 1977 materia;
1170 1952 1232 1979 quae
1240 1943 1350 1979 quidem
1363 1947 1480 1978 utraque
1489 1942 1565 1970 tenui
1577 1941 1742 1970 redimiculo

951 1997 1072 2026 appensa
1085 1997 1194 2024 semper
1207 1989 1284 2017 cordi
1302 1989 1489 2016 adhaerebant.
1507 1987 1541 2014 Et
1551 1995 1614 2023 ego,
1631 1997 1641 2013 «
1656 1986 1741 2015 Com-

951 2036 1055 2070 munis,
1082 2036 1207 2071 inquam.
1226 2036 1263 2062 sit
1285 2035 1344 2062 haec
1366 2034 1520 2070 possessio.
1536 2034 1615 2060 Actu
1629 2033 1738 2068 quidem

950 2083 1053 2110 habeas
1081 2082 1175 2109 crucis
1200 2081 1332 2116 insigne:
1357 2080 1422 2107 mihi
1452 2082 1543 2107 autem
1569 2079 1742 2107 hereditatis

951 2127 1045 2155 annuli
1070 2127 1139 2155 satis
1158 2128 1222 2158 erit,
1246 2136 1255 2152 ι
1273 2125 1411 2160 siquidem
1427 2125 1455 2152 in
1482 2124 1565 2160 hujus
1581 2124 1664 2152 etiam
1678 2124 1737 2159 pal:.

107 2171 234 2208 ρονομία’
248 2182 257 2197 ι
275 2172 322 2198 καὶ
334 2171 389 2205 γὰρ
405 2171 451 2196 ὲπ¹ι
462 2170 511 2205 τῆς
525 2168 621 2196 τούτου
634 2168 780 2204 σφραγῖδος
792 2168 806 2194 ό
817 2175 898 2194 σταυ-

954 2182 1020 2202 crux
1041 2177 1101 2201 erat
1120 2173 1264 2208 impressa.
1292 2171 1327 2198 At
1343 2178 1406 2199 eum
1428 2170 1529 2198 mulier
1552 2170 1663 2198 intuens
1677 2177 1739 2197 rurv

108 2217 157 2254 ρδς
173 2217 352 2253 ὲκεχὰρακτο.
373 2212 409 2252 ᾯ
426 2216 614 2248 ὲνατενίσασα,
636 2215 704 2250 φησὶ
726 2214 808 2240 πάλιν
830 2213 900 2249 πρὸς

107 2264 160 2300 ἐμὲ
176 2265 193 2299 ἡ
208 2264 276 2299 γυνή
289 2271 297 2279 ·
319 2272 329 2288 ε
355 2262 413 2290 Οὐκ
426 2260 622 2289 ἀποσκοποῦσα
636 2261 748 2295 γέγονεν
764 2259 781 2293 ή
800 2258 900 2294 ἐκλογὴ

106 2310 186 2337 τοῦδε
207 2310 254 2336 τοῦ
272 2309 421 2345 κτήματος.
437 2307 535 2339 Κοῖλος
553 2307 609 2342 γὰρ
629 2306 701 2333 κατὰ
722 2305 771 2341 τὴν
791 2304 901 2340 σφενδό-

107 2365 160 2392 νην
175 2355 249 2382 ἐστὶν
261 2356 275 2382 ὁ
292 2354 445 2386 δακτύλιος,
460 2355 509 2381 καὶ
522 2354 551 2380 ὲν
567 2352 641 2388 αὐτῷ
654 2353 686 2379 ὲκ
697 2352 745 2379 τοῦ
757 2351 835 2384 ξύλου
849 2350 901 2386 τῆς

108 2402 184 2437 ζωῆς
203 2401 446 2437 κατακέκρυπται·
472 2399 520 2427 καὶ
535 2399 621 2431 οὕτως
633 2399 736 2426 ἄνωθεν
748 2399 766 2433 ἡ
784 2397 901 2433 σφραγὶς

107 2447 150 2482 τῷ
168 2447 225 2482 ἰδίῳ
245 2446 322 2481 τύπῳ
337 2446 432 2482 μηνύει
447 2445 478 2472 τὺ
492 2445 680 2481 ὑποκείμενον.
698 2453 707 2470 ι

151 2494 196 2524 Ὧς
210 2493 239 2519 δὲ
253 2493 302 2519 καὶ
317 2491 553 2528 περικαλυφθῆναι
569 2493 608 2527 τῇ,
619 2491 712 2526 ὲσθῆτι
726 2490 758 2517 τὸ
781 2489 902 2526 καθαρὸν

109 2539 193 2574 σῶμα
210 2538 306 2574 καιρὸς
318 2536 370 2574 ἦν,
383 2538 468 2573 κάμοὶ
484 2538 536 2573 τὴν
554 2537 692 2564 διακονίαν
709 2536 810 2571 ταύτην
825 2537 841 2571 ἡ
860 2536 902 2562 ὲν·

108 2586 175 2620 τολὴ
187 2585 237 2620 τῆς
250 2585 371 2620 μεγάλης
385 2585 492 2620 ἐκείνης
506 2584 656 2618 ἀναγκαίαν
670 2583 766 2610 ἐποίει·
776 2581 901 2617 παροῦσα

107 2631 150 2666 τῷ
171 2630 246 2666 ἔργῳ
263 2630 310 2656 καὶ
325 2630 549 2665 συνεφαπτομένη
562 2630 579 2664 ἡ
591 2629 641 2664 τῆς
657 2628 777 2663 μεγάλης
794 2626 902 2661 ἐκείνης

108 2677 178 2712 ἡμῖν
191 2675 374 2711 κληρονομίας
393 2676 592 2710 κοινωνήσασα,
615 2684 624 2700 ι
644 2674 690 2709 Μὴ
708 2672 901 2709 παραδράμῃς,

108 2722 205 2758 φησὶν,
228 2721 403 2758 ἀνιστόρητον
424 2721 455 2747 τὸ
480 2721 593 2756 μέγεθος
609 2720 664 2746 τῶν
686 2719 738 2745 ὑπὸ
753 2718 802 2753 τῆς
822 2717 903 2751 ἁγίας

107 2768 214 2803 ταύτης
228 2767 455 2803 κατορθωθέντων
471 2765 698 2801 οαυμάτων.-Τί
710 2764 799 2796 colito;
815 2773 824 2789 ›
834 2762 901 2797 ἔφην

109 2813 177 2849 ἐγώ.
199 2814 232 2840 'H
252 2813 281 2839 δὲ
306 2813 387 2848 μέρος
406 2821 432 2838 τι
452 2812 498 2839 τοῦ
515 2812 627 2847 στήθους
643 2810 883 2846 παραγυμνώσασα

951 2227 999 2248 sus
1015 2219 1049 2246 ad
1071 2227 1125 2252 me,
1145 2227 1154 2244 ι
1173 2219 1203 2245 In
1225 2217 1383 2252 deligendo,
1399 2216 1501 2251 inquit,
1516 2223 1572 2244 non
1592 2216 1741 2246 aberrasti.

950 2265 1050 2293 etenim
1064 2267 1214 2293 excavatus
1224 2268 1266 2292 est
1280 2262 1403 2290 annulus
1419 2261 1472 2289 sub
1484 2261 1544 2296 ipsa
1557 2261 1632 2297 pala,
1644 2261 1739 2296 ibique

949 2312 984 2340 de
1010 2311 1086 2346 ligno
1108 2311 1173 2338 vita:
1201 2309 1368 2345 particulam
1385 2307 1526 2335 conditam
1549 2307 1643 2340 habet,
1666 2307 1739 2343 quod

951 2357 1166 2393 super-adjacent;
1184 2355 1245 2392 pala
1259 2354 1344 2383 simili
1366 2357 1432 2382 nota
1447 2352 1594 2389 signiﬁcat.
1615 2362 1625 2380 ι

986 2489 1121 2517 Caeterum
1146 2494 1210 2515 cum
1234 2490 1344 2522 tempus
1364 2488 1492 2521 posceret
1505 2487 1536 2512 ut
1551 2488 1658 2512 castum
1679 2491 1740 2509 cor-

951 2543 1004 2571 pus
1027 2537 1105 2562 veste
1129 2535 1289 2568 tegeretur,
1316 2530 1391 2567 quod
1421 2531 1532 2566 quidem
1562 2529 1684 2557 ofﬁcium
1705 2535 1740 2556 ex

952 2586 1057 2615 magnae
1084 2577 1215 2606 mandato
1243 2576 1278 2605 ad
1306 2583 1350 2604 me
1380 2576 1534 2611 pertinebat
1568 2574 1739 2607 necessario,

952 2633 1071 2660 cumque
1091 2631 1211 2660 prmscns
1231 2627 1325 2657 esset,
1349 2629 1383 2649 ac
1403 2621 1485 2650 simul
1500 2624 1685 2648 contrectaret
1706 2627 1740 2647 ea

951 2679 1012 2707 qua:
1035 2678 1142 2699 mecum
1169 2677 1277 2705 magna:
1307 2668 1383 2696 illius
1410 2666 1578 2695 haereditatis
1600 2666 1739 2702 particeps

953 2717 1054 2748 fuerat,
1073 2726 1082 2742 ‹
1101 2716 1140 2743 Ne
1153 2714 1375 2750 przctcrmiseris,
1397 2714 1497 2749 inquit,
1515 2711 1616 2740 intueri
1633 2711 1672 2739 rei
1690 2711 1738 2739 ad-

952 2762 1084 2790 mirandae
1097 2762 1131 2789 ab
1144 2762 1196 2788 hac
1210 2765 1305 2788 sancta
1318 2759 1447 2795 perlecta:
1462 2757 1690 2793 magnitudinem.
1704 2771 1739 2776 —

952 2808 1087 2842 Quidnam
1104 2807 1176 2836 istud
1191 2808 1253 2835 est?
1269 2817 1277 2832 ι
1296 2807 1418 2842 inquam.
1440 2805 1474 2833 At
1489 2805 1535 2833 illa
1551 2808 1662 2840 partem,
1673 2810 1739 2838 pecs
