1917 3079
114 129 188 157 993

121 237 232 272 κηδείᾳ.
252 236 414 271 πρεπόντων
430 236 661 272 παραλειφθῆναι.
685 238 764 264 ’Λλλᾶ
780 238 928 273 διαστήσας

119 281 205 308 κατὰ
220 281 298 314 γένος
316 281 361 307 τὸν
386 282 536 317 συρρέοντα
554 281 617 309 λαὸν
629 301 636 314 ,
653 283 700 309 καὶ
720 283 751 309 τὸ
774 284 802 309 ὲν
822 283 929 317 γυναιξὶ

119 327 236 362 πλῆθος
251 327 290 362 τῷ
311 327 366 353 τῶν
390 327 533 363 παρθένων
552 328 758 364 συγκαταμίξας
779 329 861 365 χορῷ,
883 330 928 356 τῑιν

118 372 161 399 δὲ
176 373 232 400 τῶν
248 373 353 408 ἀνδρῶν
369 372 456 408 δῆμον
472 373 510 408 τῷ
529 374 583 400 τῶν
603 374 772 409 μοναζόντων
789 375 910 410 τάγματι
920 383 926 390 ο

121 419 200 453 μίαν
214 420 242 452 ἐξ
255 419 395 455 ἑκατέρων
407 419 545 455 εὔρυθμόν
558 429 586 446 τε
604 421 650 447 καὶ
664 421 833 457 ἐναρμόνιον,
847 421 929 447 καθά-

119 472 187 499 περ
211 466 240 491 ἐν
256 465 431 500 χοροστασίᾳ,
455 465 504 500 τὴν
526 465 685 501 ψαλμῳδίαν
708 466 835 500 γενέσθαι
860 475 930 501 παρ-

120 511 280 542 εσκεύασα,
295 510 339 537 διὰ
349 511 399 546 τῆς
413 511 506 546 κοινῆς
523 512 630 538 πάντων
642 512 772 546 συνῳδίας
787 513 929 547 εὐκόσμως

121 557 361 592 συγκεκραμένην
373 566 381 572 ·
404 557 442 589 ὡς
461 557 489 583 δὲ
505 557 601 594 προῄει
616 559 675 584 κατ’
690 558 780 592 ὀλίγον
796 559 812 594 ἡ
826 559 927 594 ἡμέρα,

120 602 180 628 καὶ
192 603 402 638 ἐστενοχωρείτο
416 603 469 634 πᾶς
483 604 498 629 ὁ
509 604 558 638 τῆς
569 604 697 638 ἐσχατιᾶς
709 604 792 636 τόπος
807 604 845 639 τῷ
859 604 922 640 πλή-

121 647 172 675 θει
185 648 240 675 τῶν
254 649 470 683 παραστάντων,
485 650 500 675 ὁ
513 648 567 675 τῶν
583 649 672 676 τόπων
688 650 801 676 ἐκείνων
816 650 860 676 διὰ
878 650 928 685 τῆς

119 693 286 729 ἐπισκοπῆς
305 694 445 730 προεστὼς
462 695 604 730 (Ἂράξιος
627 695 712 730 ὄνομα
729 695 804 731 αὑτῴ
815 704 821 711 ·
837 698 928 732 παρῆν

120 739 187 775 γὰρ
209 740 257 766 σὺν
274 740 356 766 παντὶ
374 740 413 775 τῷ
430 741 479 775 τῆς
495 741 644 776 ἱερωσύνης
660 741 841 777 πληρώματι)
856 751 928 778 παρ-

121 785 208 820 άγειν
230 785 322 821 ἠρέμα
336 786 485 822 παρεκάλει
506 787 537 813 τὸ
560 787 692 822 σκήνωμα
705 795 711 801 ·
731 787 770 819 ὡς
786 788 884 814 πολλοῦ
899 797 928 815 τε

119 830 206 862 ὄντος
230 830 278 857 τοῦ
308 831 410 865 μεταξὺ
437 831 640 867 διαστήματος,
664 832 712 858 καὶ
734 831 782 858 τοῦ
806 833 928 869 πλήθους

733 131 778 158 DE
803 131 880 158 VITA
905 133 932 159 S.
952 131 1133 161 MACRIN/li.

118 190 249 217 ἐνόντων
264 190 399 222 ἐπενόουν,
416 191 439 217 εί
454 190 574 222 δυνατὸν,
594 190 677 226 μηδὲν
690 191 743 217 τῶν
755 192 802 218 ἐπὶ
817 192 914 218 τοιαῦτ·

981 193 1076 220 funere
1101 193 1306 220 desideraretur
1326 201 1333 220 :

1716 136 1769 166 εει

1354 193 1447 228 itaque
1474 194 1656 222 confluentem
1683 203 1768 232 popu-

980 237 1036 263 lum
1054 237 1080 264 in
1096 245 1196 272 genera
1214 239 1383 266 distribuens
1394 259 1401 271 ,
1425 239 1629 275 mulierumque
1643 241 1769 268 multitu~

978 281 1070 308 dinem
1084 282 1243 311 admiscens
1262 283 1401 319 virginum
1420 285 1517 316 choro,
1542 286 1664 312 virorum
1678 290 1768 313 autem

980 329 1089 355 turbam
1132 329 1276 357 ascribens
1312 330 1514 358 monachorum
1548 332 1654 364 coetui,
1684 340 1768 360 unum

979 373 1125 409 quemdam
1137 381 1170 402 ex
1185 375 1311 409 utrisque
1325 375 1417 403 studui
1432 379 1525 410 aptum
1535 378 1767 412 concinnumque,

980 423 1112 454 tanquam
1130 420 1156 446 in
1173 420 1295 454 psalmos
1313 421 1471 448 canentium
1488 428 1650 457 congressu,
1665 431 1680 450 e
1693 430 1769 450 com-

980 465 1057 492 muni
1078 466 1200 492 otnnium
1216 470 1352 494 concentu
1368 471 1431 502 apte
1448 467 1628 502 conjunctum
1643 469 1767 496 ordinem

979 510 1135 538 instituere.
1170 511 1273 538 Verum
1304 519 1366 539 cum
1396 514 1528 548 paulatim
1559 514 1769 549 progrederetur

979 556 1048 587 dies,
1071 561 1098 584 et
1114 557 1190 584 locus
1208 565 1263 592 prae
1276 558 1474 586 conﬂuentium
1491 559 1667 587 multitudine
1683 567 1768 595 augu-

979 607 1039 629 slus
1063 602 1244 634 redderetur,
1272 603 1320 638 qui
1347 604 1372 631 ei
1405 605 1509 638 regioni
1538 604 1685 640 przrfectus
1709 609 1768 632 erat

978 649 1136 683 episcopus,
1148 649 1267 677 Araxius
1295 650 1407 677 nomine
1421 649 1533 683 (aderat
1545 651 1617 677 enim
1631 657 1693 677 cum
1707 651 1768 677 uni-

978 701 1058 721 versa
1075 695 1251 722 multitudine
1263 695 1459 727 sacerdotum)
1473 717 1480 728 ,
1498 696 1629 731 praecepit
1640 715 1647 727 ,
1661 700 1690 723 ut
1703 703 1768 723 sen-

979 739 1029 766 sim
1041 739 1208 774 prmcederet
1221 741 1442 768 tabernaculum.
1455 741 1522 768 Nam
1533 746 1561 769 et
1574 742 1642 768 satis
1656 742 1766 776 Iungunt

978 785 1029 812 viae
1044 786 1218 813 intervallum
1242 787 1450 819 intercedebat,
1480 791 1508 814 et
1535 787 1682 814 multitudo
1701 787 1767 814 alio-

977 831 1045 865 quin
1060 831 1094 858 ob
1112 835 1216 859 motum
1234 832 1420 860 iucitatiorcm
1446 832 1670 867 impedimentum
1694 836 1766 860 attu-

123 876 201 912 πρὸς
213 877 264 911 τὴν
275 876 407 912 ὀξυτέραν
421 877 527 911 κίνησιν
539 877 665 912 ἐμποδὼν
675 878 866 913 γενησομένουο
878 887 913 905 κα

976 877 1064 905 lisset.
1080 877 1182 905 Deinde
1193 885 1300 910 omnes,
1313 886 1383 914 quos
1400 879 1428 905 in
1444 886 1559 907 munere
1570 886 1622 906 suo
1639 879 1766 907 obeundo

121 923 189 957 ἅμα
206 922 292 949 ταῦτα
309 922 395 957 λέγων
409 923 605 959 προσεκαλεῖτο
622 924 724 955 πάντας
740 924 803 956 τοὺς
821 925 871 959 τῆς
886 926 924 951 ἱε-

123 967 255 1003 ρωσύνης
280 968 354 1004 αὑτῴ
381 969 614 1004 συμμετέχοντας,
639 969 677 1002 ὡς
698 969 731 997 ἂν
753 970 786 996 δι’
812 971 923 998 ἐκείνων

121 1012 275 1047 κομισθείη
292 1012 323 1038 τὸ
340 1012 429 1048 σῶμα.

171 1058 248 1085 Ἐπεὶ
258 1059 285 1085 δὲ
295 1058 376 1086 τοῦτο
387 1059 520 1092 ἐδέδοκτο,
532 1061 580 1087 καὶ
593 1061 622 1087 ἐν
631 1061 723 1096 χερσὶν
734 1058 794 1097 ἦνή
810 1058 922 1098 σπουδή·

123 1104 235 1136 ὑποϐὰς
249 1105 299 1141 τὴν
316 1106 410 1142 κλίνην
426 1106 483 1140 ἐγὼ
493 1127 500 1138 ,
516 1107 642 1134 κάκεῖνον
657 1108 703 1134 ἐπὶ
719 1107 749 1134 τὸ
764 1108 857 1143 ἕτερον
877 1109 924 1143 μὲ-

123 1159 177 1186 ρος
190 1151 448 1187 προσκαλεσάμενος
456 1160 464 1168 ·
476 1151 564 1179 ἄλλων
575 1161 606 1179 τε
617 1152 663 1179 δύο
676 1153 729 1179 τῶν
739 1153 768 1179 ὲν
780 1152 818 1188 τῷ
830 1152 924 1188 κλήρῳ

120 1197 326 1232 τετιμημένων,
350 1198 380 1224 τὸ
401 1198 523 1224 όπίσοιον
544 1198 594 1234 τῆς
611 1198 705 1233 κλῖίνης
721 1199 804 1234 μέρος
824 1199 924 1225 ὑπολα-

122 1242 239 1275 ϐόντων,
258 1243 317 1278 ᾔειν
333 1243 380 1269 τοῦ
402 1243 496 1278 πρόσω
517 1243 656 1279 ἐχόμενος,
675 1243 768 1279 βάδην,
786 1244 823 1276 ὡς
839 1245 922 1277 εἰκὸς,

123 1289 175 1316 καὶ
191 1290 252 1315 κατ’
268 1289 358 1323 ὀλίγον
378 1290 444 1325 ἡμῖν
466 1289 612 1325 γινομένης
635 1290 686 1325 τῆς
707 1291 851 1326 κινήσεως.
869 1290 923 1318 Τοῦ

122 1334 182 1369 γὰρ
197 1334 262 1360 λαοῦ
279 1336 342 1369 περὶ
359 1333 408 1370 τὴν
427 1335 520 1372 κλίνην
536 1336 770 1370 πεπυκνωμένου,
795 1338 841 1364 καὶ
859 1338 924 1364 πάν-

122 1387 181 1405 των
197 1379 343 1414 ἀπλήστως
359 1379 474 1414 ἐχόντων
489 1379 536 1406 τοῦ
557 1379 632 1415 ἱεροῦ
648 1380 752 1406 ἐκείνου
768 1379 922 1416 θεάματος,

123 1425 178 1451 οὺκ
189 1422 223 1460 ἦν
236 1425 265 1451 ἐν
275 1425 385 1460 εὐκολίᾳ
401 1424 450 1460 τὴν
464 1425 576 1461 πορείαν
588 1426 655 1460 ἡμῖν
673 1424 839 1453 διανύεσθαι·
861 1435 924 1461 προ-

122 1471 220 1506 ηγεῖτο
227 1471 255 1497 δὲ
265 1471 327 1498 καθ’
338 1471 467 1507 ἑκάτερον
483 1471 566 1507 μέρος
579 1471 710 1498 διακόνων
719 1480 749 1498 τε
757 1472 803 1498 καὶ
818 1472 922 1507 ὑπηρε-

123 1516 182 1542 τῶν
210 1516 260 1543 οὐκ
277 1517 367 1551 ὀλίγον
395 1517 508 1552 πλῆθος,
523 1518 663 1553 στοιχηδὸν
677 1517 725 1544 τοῦ
743 1516 923 1554 σκηνώματος

976 923 1120 951 ministros
1135 924 1254 951 habebat
1273 928 1301 952 et
1325 925 1486 959 adjutores,
1506 931 1536 952 ut
1554 933 1603 953 sua
1618 926 1765 961 praesentia

975 977 1076 996 coruus
1089 969 1265 1003 decorarent,
1278 970 1441 998 cohortatus
1457 975 1509 998 est.

1010 1057 1077 1085 Cum
1092 1061 1183 1086 autem
1201 1058 1260 1086 haec
1275 1058 1314 1085 ita
1331 1059 1483 1086 constituta
1501 1059 1626 1087 studiose
1639 1067 1766 1094 gereren-

976 1105 1031 1134 lur,
1047 1109 1098 1137 ego
1113 1102 1243 1130 feretrum
1259 1102 1374 1130 subiens
1390 1103 1468 1130 illum
1493 1103 1635 1136 advocari,
1653 1108 1683 1130 ut
1702 1104 1768 1130 altos

975 1156 1033 1175 ram
1040 1153 1145 1184 partem
1159 1149 1326 1177 sustineret:
1342 1149 1512 1183 posteriores
1525 1156 1591 1176 vero
1606 1148 1767 1185 feretriparv-

975 1199 1017 1222 tes
1032 1194 1178 1222 subierunt
1192 1193 1238 1221 alii
1252 1193 1306 1221 duo
1315 1194 1349 1221 de
1363 1194 1439 1222 clero
1453 1194 1575 1230 insignes
1584 1194 1650 1222 viri:
1663 1195 1766 1222 sensim

976 1241 1059 1276 igitur
1079 1241 1292 1276 procedebatur,
1306 1248 1370 1268 eum
1386 1245 1414 1268 et
1430 1241 1478 1276 qui
1495 1240 1630 1276 praeibam
1644 1240 1767 1275 pedeten-

976 1288 1024 1314 tim
1042 1287 1210 1320 ineedercut,
1226 1292 1253 1314 et
1268 1294 1320 1315 nos
1339 1287 1404 1314 item
1420 1286 1556 1320 gradatim
1577 1291 1765 1321 sequeremur.

975 1332 1081 1360 Etenim
1111 1341 1174 1360 cum
1193 1333 1322 1368 frequens
1339 1332 1461 1368 populus
1479 1331 1613 1360 feretrum
1645 1331 1767 1359 circum:

975 1382 1072 1409 staret,
1089 1385 1139 1406 nec
1154 1382 1208 1405 tam
1225 1377 1344 1405 mirabili
1362 1381 1390 1404 et
1406 1385 1488 1405 sacro
1499 1377 1659 1412 spectaculo
1671 1378 1766 1413 posset

975 1424 1090 1459 expleri,
1104 1432 1159 1452 non
1176 1428 1237 1451 erat
1251 1423 1334 1451 facile
1348 1424 1428 1451 nobis
1448 1424 1500 1451 iter
1516 1423 1617 1455 facere,
1631 1431 1665 1451 ex
1691 1428 1766 1450 utra-

974 1478 1028 1505 que
1048 1475 1138 1498 autem
1152 1474 1229 1505 parte
1245 1470 1418 1504 prazcedebat
1431 1478 1485 1497 non
1505 1470 1622 1505 exiguus
1634 1469 1766 1497 diacono-

973 1523 1035 1543 rum
1057 1516 1302 1550 ministrorumque
1316 1523 1460 1548 numerus,
1481 1515 1528 1550 qui
1547 1521 1644 1543 omnes
1669 1515 1766 1542 ordine

123 1563 335 1598 προπομπεῦον,
351 1563 402 1595 τὰς
420 1564 453 1590 ἐκ
468 1563 554 1600 κηροῦ
571 1564 715 1600 λαμπάδας
729 1564 838 1599 ἔχοντες
855 1565 914 1592 πάν-

973 1562 1190 1597 progredieutes,
1205 1569 1339 1590 accensos
1353 1569 1450 1589 cereos
1466 1562 1594 1590 manibus
1610 1561 1764 1597 gestabant.

122 1617 187 1640 τες·
200 1609 248 1635 καὶ
262 1607 296 1645 ἦν
315 1617 357 1641 τις
377 1610 496 1645 μυστικὴ
522 1610 620 1646 πομπὴ
636 1610 666 1636 τὸ
687 1611 840 1645 γινόμενον,
858 1612 922 1646 ὀμο-

124 1653 223 1688 φώνως
236 1654 287 1690 τῆς
301 1655 461 1690 ψαλμῳδίας
474 1655 522 1682 ἀπ’
537 1654 631 1690 ἄκρων
646 1655 692 1682 ἐπὶ
706 1655 847 1690 ἐσχάτους,
858 1656 922 1682 καθ-

123 1699 198 1735 άπερ
213 1700 242 1725 ὲν
262 1701 294 1736 τῇ
309 1701 362 1726 τῶν
385 1700 468 1736 τριῶν
481 1700 584 1727 παίδων
601 1700 733 1736 ὑμνῳδίᾳ,
749 1701 922 1736 μελῳδουμέ-

122 1754 186 1781 νης.
207 1746 292 1772 Ἑπτὰ.
311 1746 338 1772 δὲ
354 1745 449 1779 ὅντων,
467 1746 484 1781 ἢ
500 1746 572 1773 ὀκτὼ
585 1747 638 1773 τῶν
653 1747 683 1773 ἐν
706 1747 782 1782 μέσῳ
807 1747 920 1774 σταδίων

123 1792 182 1819 ἀπὸ
197 1793 246 1828 τῆς
262 1793 392 1828 ἐσχατιᾶς
405 1793 452 1819 ἐπὶ
470 1792 516 1819 τὸν
535 1792 589 1819 τῶν
605 1793 690 1827 ἁγίων
708 1793 864 1829 Μαρτύρων
880 1792 920 1820 οἶ-

122 1846 186 1870 κον,
203 1839 231 1865 ὲν
244 1836 267 1872 ᾦ
284 1838 333 1865 καὶ
353 1838 387 1866 τὰ
407 1838 460 1865 τῶν
476 1839 577 1873 γονέων
590 1839 720 1866 ἀπέκειτο
735 1839 859 1874 σώματα·
877 1839 921 1866 διὰ

121 1884 217 1919 ’πάσης
229 1884 321 1920 σχεδὸν
333 1885 383 1919 τῆς
397 1884 506 1920 ἡμέρας
522 1885 599 1920 μόλις
611 1885 660 1921 τὴν
672 1885 730 1912 ὁδὸν
741 1886 918 1922 διηνύσαμεν.

122 1929 162 1958 Οὐ
181 1930 234 1966 γὰρ
250 1931 292 1957 εἴα
314 1931 345 1957 τὸ
367 1931 484 1967 πλῆθος,
502 1931 532 1959 τό
555 1940 584 1958 τε
605 1934 800 1968 συνερχόμενον
820 1933 867 1959 καὶ
889 1933 920 1959 τὸ

121 1978 170 2004 ἀεὶ
190 1977 413 2013 προσγινόμενον,
434 1977 505 2004 κατὰ
519 1977 632 2013 γνώμην
648 1978 698 2013 τὴν
715 1978 829 2013 πρόοδον
845 1979 920 2012 γενέ-

122 2023 198 2050 σθαι.
220 2023 328 2059 Ἐπειδὴ
346 2022 392 2051 οὖν
407 2024 482 2056 ἐντὸς
496 2024 543 2050 τοῦ
557 2023 633 2050 οἴκου
650 2024 833 2060 κατέστημεν,
849 2025 917 2051 ἀπο-

121 2068 233 2105 θέμενοι
256 2069 304 2105 τὴν
328 2069 431 2104 κλίνην,
448 2069 482 2096 τὰ
504 2069 602 2105 πρῶτα
618 2070 657 2101 εἰς
675 2070 829 2105 προσευχὴν
845 2071 919 2105 ἐτρε-

121 2115 241 2150 πόμεθα·
255 2116 272 2151 ἡ
286 2115 314 2142 δὲ
328 2115 404 2151 εὐχὴ,
421 2115 527 2151 θρήνων
544 2115 650 2149 γίνεται
668 2115 780 2150 ἀφορμὴ
796 2114 835 2150 τῷ
846 2115 915 2150 λαῷ.

120 2159 180 2197 Τῆς
207 2161 262 2197 γὰρ
288 2162 446 2197 ψαλμῳδίας
475 2162 735 2197 κατασιγασθείσης·
766 2162 859 2198 ἐπειδὴ
887 2163 917 2190 τὸ

122 2207 195 2242 ἱερὸν
217 2207 306 2234 ἐκεῖνο
331 2207 477 2243 πρόσωπον
500 2207 529 2234 αἱ
554 2207 684 2243 παρθένοι
710 2208 914 2256 προσέδλειξααν·
933 2228 955 2256 D

120 2253 170 2280 καὶ
187 2253 203 2288 ἠ
219 2253 297 2288 σορὸς
312 2253 363 2288 ἤδη
375 2253 430 2279 τῶν
446 2253 547 2287 γονέων
562 2252 782 2284 ἁπεκαλύπτετο,
795 2253 824 2279 ὲν
867 2263 916 2280 κα-

119 2297 252 2325 ταθέσθαι
270 2297 432 2333 δεδογμένον
446 2295 491 2333 ἦν·
510 2298 574 2333 μιᾶς
590 2306 662 2330 τινος
681 2298 806 2330 ἀτάκτως
817 2298 916 2335 βοησά-

121 2352 171 2378 σης
184 2364 191 2376 ,
206 2344 247 2371 ὅτι
270 2343 361 2370 οὐκέτι
385 2345 455 2380 μετὰ
469 2344 519 2379 τὴν
535 2343 609 2379 ὥραν
623 2343 726 2380 ταύτην
749 2345 780 2371 τὸ
799 2345 915 2378 θεοειδὲς

119 2390 200 2417 τοῦτο
222 2390 428 2425 προσϐλέψομεν
452 2390 609 2425 πρόσωπον·
633 2389 671 2422 ὡς
697 2391 744 2417 καὶ
767 2391 796 2417 αἱ
821 2391 914 2419 λοιπαὶ
933 2402 940 2408 ”

119 2435 251 2471 παρθένοι
272 2436 303 2462 τὸ
328 2436 385 2462 ἴσον
410 2435 468 2470 μετ’
492 2435 578 2470 αὐτῆς
603 2435 760 2471 ἐξεϐόησαν,
783 2436 914 2472 σύγχυσις

117 2483 236 2514 ἄτακτος
250 2481 299 2517 τὴν
319 2481 450 2508 εὔτακτον
470 2481 578 2516 ὲκείνην
591 2482 637 2508 καὶ
658 2483 807 2519 ἱεροπρεπῆ
823 2483 914 2518 ψαλμ-

116 2527 201 2563 ῳδίαν
219 2526 323 2562 διέχεε,
348 2526 456 2554 πάντων
482 2527 550 2562 πρὸς
576 2527 626 2562 τὴν
643 2527 698 2554 τῶν
720 2528 861 2564 παρθένων
874 2530 913 2556 ol-

119 2574 216 2609 μωγὴν
231 2572 460 2601 ὲπικλασθέντων.
472 2573 561 2607 Μὸγις
571 2573 600 2599 δέ
615 2581 679 2599 ποτε
691 2574 770 2609 ἡμῶν
783 2574 832 2610 τὴν
849 2583 911 2601 σιω-

117 2619 173 2655 πὴν
187 2619 376 2650 διανευόντων,
391 2619 439 2646 καὶ
456 2619 504 2645 τοῦ
519 2619 639 2655 κήρυκος
656 2619 739 2655 εὐχὴν
755 2620 912 2656 ὑφηγουμέ-

117 2675 175 2698 νου,
192 2666 240 2693 καὶ
255 2666 305 2698 τὰς
321 2666 446 2702 συνήθεις
462 2666 612 2698 ὲκϐοῶντος
624 2667 657 2702 τῇ
686 2667 835 2703 Ἐκκλησία
856 2677 911 2703 φω-

117 2712 176 2744 νὰς,
192 2711 310 2747 κατέστη
327 2711 394 2746 πρὸς
408 2712 438 2738 τὸ
455 2712 547 2747 σχῆμα
561 2712 609 2748 τῆς
625 2712 707 2748 εὐχῆς
722 2713 736 2739 ὀ
753 2713 825 2745 λαός.

171 2855 182 2872 ⁸
197 2855 262 2883 Dan.
290 2863 332 2882 ut.

973 1609 1038 1642 Quae
1053 1608 1164 1643 quidem
1183 1615 1282 1644 pompa
1295 1616 1349 1636 non
1362 1608 1474 1635 carebat
1493 1609 1636 1644 mysterio,
1663 1615 1726 1635 cum
1749 1616 1764 1634 a

973 1654 1110 1689 principio
1138 1654 1171 1680 ad
1190 1654 1270 1681 tinem
1303 1662 1391 1690 usque
1410 1655 1567 1682 decantatio
1598 1653 1764 1688 psalmorum

971 1698 1065 1725 eadem
1080 1706 1147 1725 voce
1162 1698 1196 1725 tri
1203 1698 1325 1734 plicique
1338 1699 1498 1726 canentium
1510 1699 1619 1728 ordine.
1637 1699 1765 1726 sicutille

972 1745 1054 1771 trium
1069 1752 1217 1780 puerorum
1237 1749 1335 1773 cantus
1347 1745 1369 1777 ⁵,
1387 1745 1586 1772 absolveretur.
1601 1745 1690 1773 Porro
1701 1752 1765 1773 cum

972 1791 1044 1818 inter
1055 1798 1197 1819 secessum
1211 1795 1238 1819 et
1266 1795 1426 1819 sanctorum
1445 1791 1709 1827 martyrumedem,
1736 1792 1765 1819 in

971 1845 1024 1872 qua
1041 1841 1187 1872 parentum
1208 1837 1291 1864 etiam
1307 1843 1425 1872 corpora
1446 1837 1640 1872 quiescebant,
1659 1840 1764 1873 septem

970 1887 1090 1918 octoquc
1105 1882 1307 1910 intercederent
1329 1882 1428 1914 stadia,
1444 1885 1530 1910 totum
1549 1889 1634 1917 prope
1650 1882 1724 1911 diem
1737 1882 1764 1910 in

969 1937 1002 1957 eo
1018 1929 1109 1964 spatio
1127 1928 1299 1956 conficiendo
1317 1928 1558 1963 consumpsimus;
1586 1929 1766 1964 congredien-

970 1977 1037 2003 tium
1050 1975 1123 2003 enim
1141 1974 1289 2002 multitudo
1303 1982 1365 2010 qua:
1377 1974 1490 2002 assidue
1499 1974 1587 2010 magis
1601 1974 1764 2008 augebatur,

970 2029 1024 2048 non
1046 2020 1153 2049 sinebat
1169 2027 1218 2048 uos
1245 2027 1279 2048 ex
1303 2020 1441 2048 sententia
1467 2019 1607 2055 progredi.
1635 2019 1691 2047 Sed
1716 2020 1763 2047 ubi

968 2067 1040 2095 intra
1058 2066 1132 2094 fores
1160 2066 1254 2101 templi
1268 2065 1458 2097 constitimus,
1489 2065 1610 2097 demum,
1636 2065 1763 2101 deposito

969 2111 1083 2144 feretro,
1117 2118 1169 2138 nos
1191 2110 1226 2138 ad
1260 2110 1447 2146 precationem
1473 2110 1682 2141 convertimus:
1702 2118 1764 2147 qua:

968 2157 1079 2191 quidem
1098 2156 1220 2192 precatio
1239 2156 1342 2192 populo
1359 2156 1452 2183 luctus
1468 2156 1612 2184 materiam
1635 2157 1761 2192 praebuit.

970 2199 1085 2227 Silentio
1103 2199 1176 2227 enim
1190 2199 1305 2235 psalmis
1325 2199 1459 2228 canendis
1477 2200 1617 2235 imposito,
1631 2209 1694 2229 Cllm
1714 2209 1762 2230 sa-

969 2253 1044 2273 cram
1070 2245 1143 2273 illam
1159 2245 1276 2281 virginis
1310 2245 1407 2273 faciem
1424 2247 1608 2282 aspexissent,
1623 2252 1650 2276 et
1662 2255 1762 2283 parcu-

969 2295 1027 2319 tum
1040 2291 1097 2327 jam
1113 2296 1188 2320 esset
1206 2291 1361 2326 patefactus
1375 2292 1509 2326 tumulus,
1523 2293 1550 2320 in
1583 2301 1664 2329 quem
1685 2295 1760 2322 illam

968 2337 1179 2365 decreveramus
1198 2337 1311 2369 inferre,
1328 2345 1437 2373 unaque
1451 2346 1547 2367 earum
1562 2348 1614 2368 nos
1626 2344 1688 2376 post
1698 2349 1762 2368 eam

969 2385 1064 2411 horam
1077 2384 1201 2411 divinum
1224 2384 1291 2412 illud
1308 2390 1392 2420 caput
1411 2393 1466 2413 non
1483 2386 1604 2421 amplius
1627 2391 1760 2422 spectatu-

969 2439 1015 2459 ros
1035 2431 1221 2466 perturbatius
1239 2431 1422 2465 exclamante,
1445 2437 1473 2460 et
1489 2433 1606 2468 reliquis
1629 2433 1758 2469 deinceps

968 2477 1120 2512 virginibus
1136 2477 1231 2505 eadem
1245 2478 1441 2508 vociferatione
1456 2480 1696 2515 subsequentibus,
1716 2481 1758 2507 in-

967 2523 1076 2550 eoudita
1094 2523 1218 2558 quaedam
1233 2524 1372 2557 confusio,
1386 2530 1461 2553 recte
1475 2526 1654 2554 constitutum
1669 2531 1696 2554 et
1711 2534 1757 2554 sa-

965 2577 1043 2596 crum
1069 2570 1146 2597 illum
1159 2569 1326 2604 psalmorum
1339 2576 1450 2598 cantum
1465 2576 1508 2599 est
1518 2574 1665 2598 consecuta
1676 2580 1683 2599 :
1693 2579 1756 2599 nam

965 2615 1099 2650 virginum
1117 2615 1192 2642 luctu
1209 2615 1289 2644 fracti
1306 2618 1428 2644 omnium
1448 2617 1531 2644 animi
1545 2617 1757 2644 commoveban-

965 2666 1022 2689 tur.
1040 2661 1135 2697 Itaque
1149 2661 1230 2689 nobis
1256 2666 1324 2689 nutu
1349 2663 1488 2701 silentium
1515 2662 1713 2697 imperantibus
1727 2665 1756 2690 et

965 2715 1091 2743 prmcunc
1106 2711 1246 2743 prmeunte
1260 2713 1287 2735 et
1304 2708 1401 2736 solitas
1418 2707 1548 2735 Ecclesia:
1570 2714 1652 2735 voces
1669 2707 1757 2735 inelaa

965 2757 1068 2785 mante.
1084 2754 1128 2781 vix
1145 2754 1255 2782 tandem
1270 2754 1387 2789 populus
1402 2761 1432 2783 se
1446 2754 1479 2782 ad
1500 2753 1668 2790 precandum
1683 2760 1757 2782 com-

966 2799 1063 2835 posuit.
