1917 3079
170 95 226 124 995

775 89 806 117 S.
815 86 986 116 ‘GREGORII
1004 85 1151 114 NYSSENI

1776 85 1835 113 ξοδ

206 149 340 178 Caeterum
360 147 556 176 convenienter
578 146 654 175 facto
678 145 810 182 precandi
835 145 889 173 [ine
917 151 961 172 me

1047 144 1102 171 Καὶ
1114 142 1207 178 ἐπειδὴ
1222 142 1252 170 τὸ
1266 142 1371 178 πρέπον
1382 143 1402 178 ἠ
1417 142 1484 178 εὐχὴ
1502 142 1591 178 πέρας
1604 141 1723 173 ἐλαὸεν,
1744 141 1782 176 φὸ
1793 142 1834 174 ἱοε,

172 196 256 223 timor
277 194 391 230 quidam
419 193 522 221 invasit
552 192 775 220 considerantem
795 195 962 226 praceptqu

173 241 251 274 illud.
269 249 324 276 quo
341 239 521 276 prohibemur
537 239 624 274 patris
639 243 687 266 aut
702 238 798 265 matris
817 235 964 271 turpitudi-

173 295 235 315 nem
251 286 358 322 aperire
373 286 404 312 οε
423 284 473 312 «Et
485 284 635 320 quomodo,
656 284 778 319 inquam,
788 283 839 310 hoc
853 290 904 317 ego
919 282 963 317 ju-

173 333 275 361 dicium
291 331 428 367 eﬂ'ugiam,
446 331 469 359 si
483 331 511 358 in
527 334 672 366 parentum
687 328 852 364 corporibus
870 327 964 355 videro

174 386 347 406 communem
374 377 501 404 human-aa
531 380 637 403 natura:
666 373 875 410 turpitudinem,
898 380 963 400 cun:

175 423 324 450 verisimile
339 422 376 451 sit
388 429 419 449 ea
434 421 556 455 collapsa
581 419 776 454 dissolutaque
792 418 826 445 ad
854 421 963 452 turpem

174 473 202 496 et
217 468 383 495 inconditam
395 466 555 502 pervenisse
576 465 792 493 deformitatem.
808 473 817 490 ι
842 463 906 491 llvec
917 471 966 490 au-

176 520 229 542 tem
248 513 314 541 mihi
341 513 475 548 cogitanti
505 511 681 540 formidinem
708 510 787 537 auxit
812 509 965 545 indignatio

179 559 276 592 Noe',
295 559 377 594 cujus
411 558 528 587 historia
556 565 599 586 me
613 557 679 593 quid
699 556 773 584 facto
796 563 866 592 opus
893 561 966 583 esset

175 607 329 634 admonuit.

211 652 374 686 Priusquam
388 651 473 687 igitur
494 657 611 686 corpora
641 649 745 677 nostris
770 647 859 675 oculis
872 650 966 675 essent

174 698 311 732 exposita,
343 704 410 733 pura
438 697 553 725 sindone
592 700 690 731 operta
718 699 804 722 sunt:
823 700 886 721 nam
901 701 964 721 cum

174 744 338 778 operculum
377 747 452 771 esset
495 741 634 770 sublatum
666 749 699 769 er
737 746 853 775 utraque
888 743 966 774 parte

176 796 304 821 siimma,
349 788 465 816 linteum
504 788 636 823 injectum
674 791 718 815 est
748 796 755 814 :
781 793 836 822 quo
882 785 966 812 linteo

174 835 309 864 contectis
343 839 486 870 parentum
525 833 702 869 corporibus,
749 840 801 868 ego
827 835 854 859 et
875 831 965 866 regio-

175 881 220 909 nis
247 881 395 916 episcopus
423 881 478 912 ille.
491 879 572 914 cujus
594 880 761 907 mentionem
777 878 840 910 feci,
865 884 965 912 corpus

173 935 191 955 e
205 927 305 954 feretro
316 927 442 954 tollentes
455 926 534 961 juxta
549 932 663 954 matrem
680 925 870 960 apposuimus,
882 928 965 959 atque

175 973 214 1000 ita
231 976 323 1000 votum
341 972 484 1007 utriusque
498 972 698 1008 complevimus
712 980 718 998 :
735 978 790 998 uno
801 970 876 998 enim
902 977 965 996 con-

176 1025 258 1046 sensu
276 1025 384 1054 semper
396 1022 543 1046 oraverant
553 1017 650 1050 Deum,
675 1022 703 1044 ut
717 1015 881 1051 corporibus
903 1018 965 1050 post

176 1067 294 1090 mortem
308 1063 517 1098 copularentur,
533 1067 564 1090 ut
590 1070 651 1098 quae
678 1063 750 1089 inter
769 1061 843 1096 ipsas
876 1059 966 1088 fuerat

174 1109 238 1136 vita:
250 1108 418 1144 conjunctio.
433 1116 469 1137 ne
496 1109 525 1136 in
547 1109 607 1144 ipsa
617 1107 728 1144 quidem
765 1110 854 1134 morte
866 1105 966 1134 dissol-

175 1159 297 1182 veretur.

210 1199 279 1227 Cum
295 1203 387 1228 autem
401 1199 484 1236 iustis
499 1199 620 1236 legitime
642 1198 760 1234 peractis
782 1196 966 1225 recedendum

174 1250 261 1277 esset,
279 1249 437 1281 prostratus
465 1245 500 1274 ad
522 1245 661 1273 tumulum
673 1249 703 1272 et
720 1244 861 1280 pulverem
884 1250 967 1270 oscu-

176 1292 263 1324 latus,
295 1292 386 1320 tristis
401 1297 429 1320 et
455 1292 611 1331 lacrymans
628 1291 815 1324 discedebam,
842 1291 968 1325 cogitans

175 1342 279 1374 quanto
295 1337 368 1367 bono
386 1339 443 1366 vita
459 1343 534 1367 esset
549 1338 657 1366 orbata.
674 1336 741 1364 Cum
757 1337 823 1364 mitti
852 1337 878 1364 in
906 1337 966 1370 ipso

175 1385 275 1414 itinere
288 1384 331 1412 vir
346 1384 460 1420 quidam
479 1383 597 1411 illustris
622 1384 649 1410 in
663 1391 696 1410 re
721 1382 846 1415 militari,
871 1382 918 1416 qui
937 1382 964 1408 in

174 1432 288 1460 civitate
301 1432 394 1465 Ponti,
408 1431 454 1458 cui
472 1437 573 1458 nomen
596 1429 737 1464 Augustae,
753 1427 808 1455 dux
827 1427 967 1455 exercitus

1015 189 1051 224 μέ
1067 198 1110 220 τις
1124 188 1173 223 τῆς
1190 188 1264 219 θείας
1278 188 1389 223 ἐντολῆς
1404 189 1571 224 εἰσέρχεται,
1589 188 1642 222 τῆς
1657 187 1835 220 κωλυούσης

1015 235 1118 271 πατρὸς
1174 235 1276 270 μητρὸς
1291 234 1494 261 ἀνακαλύπτειν
1507 233 1723 269 ἀσχημοσύνην.
1742 241 1756 257 ‹
1775 233 1835 258 Καὶ

1015 280 1090 312 πῶς,
1101 280 1172 315 ἔφην
1187 280 1253 314 ἐγὼ,
1270 279 1323 312 ἔξω
1341 279 1389 306 τοῦ
1405 279 1526 306 τοιούτου
1544 280 1702 314 γενήσομαι
1720 278 1834 313 κρίμα-

1014 333 1075 357 τος,
1092 325 1121 351 ὲν
1136 326 1192 356 τοῖς
1207 324 1262 351 τῶν
1275 324 1378 358 γονέων
1395 324 1503 359 σώμασι
1521 324 1631 359 βλέπων
1651 324 1706 358 τὴν
1731 323 1832 358 κοινήν

1014 371 1064 406 τῆς
1081 370 1254 406 ἀνθρωπίνης
1272 371 1379 405 φύσεως
1394 370 1598 406 ἀσχημοσύνην·
1620 370 1831 397 διαπεπτωκὸ-

1015 425 1079 447 των,
1095 416 1132 448 ὡς
1143 416 1227 449 εἰκὸς,
1242 417 1288 443 καὶ
1300 416 1511 451 διαλελυμένων,
1527 417 1575 443 καὶ
1586 417 1627 448 εἰς
1642 416 1762 451 εἰδεχθῆ
1778 417 1830 442 καὶ

1015 462 1179 498 δυσάντητον
1191 463 1329 498 ἀμορφίαν
1342 462 1577 498 μεταδληθέντωνς
1598 473 1607 488 ι
1622 462 1726 489 Ταῦτα
1738 462 1769 488 δέ
1782 471 1829 496 μοι

1015 509 1191 544 λογιζομένῳ,
1208 510 1255 536 καὶ
1271 509 1320 543 τῆς
1336 509 1383 536 τοῦ
1404 509 1466 536 Νῶε
1485 510 1558 536 κατὰ
1569 509 1619 536 τοῦ
1633 509 1740 540 παιδὸς
1757 510 1830 542 ἁγα-

1016 555 1173 590 νακτήσειυς
1190 556 1377 590 ἐπιτεινούσης
1393 555 1438 582 τὸν
1460 555 1554 590 φόϐον,
1578 555 1776 590 συμϐουλεύει
1798 556 1829 581 τὸ

1017 604 1153 640 πρακτέον
1168 605 1184 639 ἡ
1200 605 1306 640 ἱστορία
1321 605 1365 631 τοῦ
1379 605 1450 632 Νῶε.

1058 651 1246 686 Ἐπεκαλύφθη
1264 651 1318 686 γὰρ
1336 651 1433 678 σινδόνι
1449 651 1557 686 καθαρᾷ
1569 672 1576 683 ,
1590 653 1658 686 πρὶν
1673 652 1704 677 ὲν
1721 651 1828 684 (Rath).-

1017 698 1078 732 μοῖς
1099 696 1178 732 ἡμῶν
1202 697 1329 731 γενέσθαι
1351 697 1386 723 τά
1409 697 1522 732 σώματα
1550 699 1582 732 τῇ
1606 696 1655 723 τοῦ
1687 697 1828 731 πώματος

1007 743 1141 779 ὲπάρσει.
1157 743 1218 770 καθ’
1232 743 1362 779 ἑκάτερον
1375 743 1458 779 ἄκρον
1472 743 1521 778 τῆς
1535 744 1656 774 σινδόνος
1669 742 1828 770 ἀντεισιού·

1017 796 1083 823 σης·
1101 789 1149 814 καὶ
1163 787 1249 820 οὕτως
1266 787 1494 824 ὑττυκρυφθέντων
1517 790 1550 824 τῇ
1568 788 1671 815 σινδόνι
1691 789 1752 814 τῶν
1771 797 1825 814 σω-

1018 834 1111 868 μάτων
1129 833 1262 869 ἀράμενοι
1287 833 1337 869 τῆς
1353 834 1448 869 κλίνης
1468 834 1498 860 τὸ
1517 834 1589 870 ἱερὸν
1606 835 1700 861 ἐκεῖνο
1718 834 1803 868 σῶμα
1815 855 1824 866 ,

1016 878 1071 913 ἐγώ
1091 887 1121 905 τε
1138 879 1185 906 καὶ
1208 880 1223 906 ὁ
1246 879 1444 915 μνημονευθεὶς
1462 880 1517 907 τῶν
1534 880 1627 907 τόπων
1646 881 1822 912 ἐπίσκοπος,

1016 926 1049 960 τῇ
1063 925 1148 960 μητρὶ
1159 926 1445 961 παρακατεκλίναμεν,
1460 925 1552 961 κοινὴν
1564 926 1742 961 ἀμφοτέραις
1757 926 1826 961 πλη-

1017 971 1126 1005 ροῦντες
1139 971 1230 1006 εὐχήν.
1244 971 1330 998 Τοῦτο
1342 971 1397 1006 γὰρ
1407 971 1483 1007 παρά
1497 972 1588 998 πᾶσαν
1599 972 1649 1007 τὴν
1662 971 1739 1006 ζωὴν
1753 980 1824 1006 συμ-

1017 1015 1113 1050 φώνως
1139 1017 1292 1052 ἀμφότεραι
1317 1017 1362 1044 τὸν
1387 1017 1453 1044 Θεὸν
1469 1017 1599 1053 ᾐτοῦντο,
1623 1017 1823 1053 ἀνακραθῆναι

1018 1062 1087 1098 μετὰ
1099 1062 1145 1089 τὸν
1163 1062 1278 1090 θάνατον
1291 1062 1418 1099 ἀλλήλαις
1431 1063 1466 1090 τὰ
1477 1063 1605 1099 σώματα,
1617 1064 1667 1090 καὶ
1680 1063 1734 1099 τὴν
1749 1064 1823 1090 κατᾶ

1016 1108 1062 1134 τὸν
1085 1107 1143 1143 βίον
1163 1109 1192 1134 ὲν
1212 1109 1245 1144 τῇ
1268 1108 1324 1144 ζωῇ
1346 1108 1488 1135 κοινωνίαν
1514 1109 1582 1144 μηδὲ
1597 1109 1627 1135 ὲν
1651 1108 1692 1144 τῷ
1710 1108 1822 1144 Θανάτῳ

1016 1153 1216 1189 διαζευχθῆναι.

1059 1198 1136 1226 Ἐπεὶ
1149 1199 1177 1226 δὲ
1197 1199 1286 1226 πάντα
1301 1201 1367 1235 ἡμῖν
1383 1200 1416 1226 τὰ
1430 1201 1461 1227 ἐν
1476 1201 1508 1236 τῇ
1522 1201 1618 1235 κηδείᾳ
1630 1201 1821 1235 νενομισμένα

1018 1244 1195 1280 πεπλήρωτο,
1213 1246 1259 1272 καὶ
1278 1245 1330 1271 ἔδει
1348 1245 1429 1272 πάλιν
1454 1246 1503 1281 τῆς
1521 1246 1654 1273 ἐπανόδου
1671 1246 1819 1280 γενέσθαι,

1017 1290 1159 1319 ἐπιπεσὼν
1174 1291 1212 1326 τῷ
1226 1291 1313 1326 τάξιν,
1329 1292 1375 1318 καὶ
1389 1292 1438 1327 τὴν
1454 1293 1530 1319 κόνιν
1552 1293 1765 1327 ἀσπασάμενος,
1783 1293 1820 1318 εἰ·

1018 1337 1105 1373 χόμην
1121 1338 1202 1364 πάλιν
1217 1337 1268 1372 τῆς
1281 1337 1340 1364 ὀδοῦ
1355 1339 1480 1373 κατηφής
1491 1347 1520 1364 τε
1537 1338 1584 1365 καὶ
1598 1338 1817 1374 δεδακρυμένος,

1017 1383 1200 1419 λογιζόμενος,
1218 1383 1280 1410 ὅσου
1297 1383 1399 1418 ἀγαθοῦ
1415 1384 1558 1419 διεζεύχθη
1574 1385 1588 1410 ὀ
1603 1384 1672 1419 βίος.
1690 1384 1773 1411 Κατά
1789 1385 1820 1411 δὲ

1017 1430 1068 1465 τὴν
1081 1429 1139 1456 ὁδὸν
1155 1429 1226 1465 ἀνήρ
1242 1438 1284 1461 τις
1303 1429 1359 1456 τῶν
1374 1431 1403 1456 ὲν
1418 1431 1548 1466 στρατείᾳ
1564 1430 1713 1465 λαμπρῶν,
1735 1439 1819 1465 στρα-

175 1482 247 1511 erat,
265 1477 358 1505 audita
387 1477 555 1508 calamitaet,
574 1479 657 1511 atque
668 1482 740 1510 aegre
771 1473 874 1506 ferens,
902 1481 965 1500 cum

1027 1475 1145 1511 τιωτικὴν
1166 1476 1314 1511 ἡγεμονίαν
1335 1476 1404 1511 ἔχων
1428 1476 1482 1503 τῶν
1503 1477 1531 1502 ἐν
1554 1477 1669 1512 πολίχνῃ
1691 1477 1747 1502 τινὶ
1763 1476 1819 1503 τῶν

176 1524 297 1553 subditis
316 1522 473 1550 humaniter
499 1520 608 1548 obviam
638 1519 784 1555 processit.
809 1518 876 1545 Erat
893 1517 967 1545 enim

176 1570 258 1598 nobis
271 1573 299 1596 et
323 1567 467 1604 sanguinis
481 1571 509 1595 et
521 1566 651 1594 amicitia;
667 1565 871 1594 necessitudine
902 1572 970 1592 con-

175 1615 287 1650 junctus
298 1623 304 1642 ε
315 1614 360 1641 hic
374 1612 440 1640 mihi
457 1612 491 1640 de
507 1612 566 1647 ipsa
582 1610 884 1642 miraculumnarravit,
894 1610 968 1645 quod

176 1669 263 1689 unum
281 1660 436 1695 adjungens
451 1658 574 1686 historiae
593 1657 690 1684 faciant
717 1656 855 1684 scribendi
872 1657 965 1683 tinem.

177 1706 284 1735 Etenim
297 1712 360 1733 cum
377 1704 506 1740 Iacrymis
520 1702 630 1730 modum
647 1701 820 1733 adhibentes,
845 1700 966 1735 colloqui

176 1753 324 1788 cepimus,
339 1751 386 1778 ille
402 1749 437 1777 ad
452 1757 507 1781 me,
523 1759 532 1774 (
544 1748 626 1780 Audi,
653 1747 754 1782 inquit,
775 1747 856 1782 quale
878 1754 967 1781 quan-

177 1803 293 1832 tumque
313 1797 418 1824 bonum
433 1793 562 1830 migravit
573 1801 589 1821 e
603 1793 684 1825 vita,»
707 1797 790 1828 atque
813 1793 852 1819 ita
864 1799 968 1820 sermo-

177 1851 241 1872 nem
252 1850 370 1871 exorsus
384 1845 437 1869 εει.

1021 1521 1092 1548 κατὰ
1107 1521 1152 1548 τὸν
1169 1521 1281 1553 Πόντον,
1329 1521 1527 1554 Σεϐαστόπολις
1542 1522 1629 1557 δνομα
1641 1542 1650 1554 ,
1677 1521 1748 1557 μετὰ
1764 1521 1820 1548 τῶν

1021 1567 1151 1602 ὑπηκόων
1177 1566 1402 1602 ἐνδιαιτώμενος,
1425 1567 1567 1603 ἀπήντησέ
1589 1576 1619 1594 τε
1646 1567 1819 1602 φιλοφρόπ

1019 1612 1080 1638 κατ’
1096 1611 1180 1646 αὐτὴν
1202 1611 1352 1647 γενομένῳ,
1373 1611 1421 1638 καὶ
1440 1612 1489 1646 τὴν
1514 1613 1659 1648 συμφορὰν
1683 1612 1816 1644 ἀκούσας,

1018 1657 1064 1683 καὶ
1082 1657 1206 1691 χαλεπῶς
1219 1656 1340 1689 ἐνεγκὼν
1355 1655 1400 1692 (ἦν
1410 1657 1463 1693 γὰρ
1479 1658 1511 1693 δὴ
1525 1658 1580 1684 τῶν
1595 1659 1628 1685 ὲκ
1643 1659 1739 1692 γένους
1751 1661 1817 1695 ἡμῖν

1018 1701 1125 1728 οἰκείων
1135 1710 1164 1728 τε
1179 1702 1226 1729 καὶ
1237 1703 1419 1738 ἐπιτηδείων),
1434 1703 1587 1738 προσέθηκέ
1599 1703 1644 1738 μοί
1655 1713 1681 1731 τι
1693 1704 1816 1739 διήγημα

1019 1747 1067 1774 τοῦ
1083 1747 1141 1774 κατ’
1159 1748 1243 1783 αὐτὴν
1258 1747 1412 1784 θαύματος,
1426 1748 1441 1775 ὃ
1458 1748 1491 1784 δὴ
1507 1748 1555 1775 καὶ
1573 1748 1654 1784 μόνον
1672 1750 1817 1785 ἐγγράψας

1020 1795 1053 1829 τῇ
1079 1793 1207 1830 ἱστορίᾳ,
1235 1794 1403 1821 καταπαύσω
1427 1794 1475 1830 τὴν
1501 1795 1675 1830 συγγραφήν.
1706 1796 1815 1832 Ἐπειδὴ

1020 1840 1074 1874 γὰρ
1092 1838 1270 1874 ἐπαυσάμεθα
1284 1839 1337 1866 τῶν
1351 1839 1487 1874 δακρύων,
1505 1840 1552 1866 καὶ
1568 1841 1609 1872 είς
1624 1839 1734 1875 ὁμιλίαν
1750 1850 1816 1868 κατ-

177 1890 307 1925 έστημεν,
327 1897 336 1914 ι
357 1888 476 1918 Ἄκουε,
501 1885 584 1921 φησὶ,
601 1885 670 1920 πρός
693 1892 728 1919 με
755 1883 843 1918 λέγων
876 1885 989 1918 ἐκεῖνος,
1026 1882 1098 1918 οἷον,
1124 1885 1171 1912 καὶ
1195 1885 1257 1912 ὅσον
1279 1885 1380 1920 ἀγαθὸν
1409 1886 1458 1921 τῆς
1484 1886 1659 1923 ἀνθρωπίνης
1696 1888 1814 1922 μετέστη

177 1935 262 1971 ζωῆς.
278 1944 287 1961 ι
305 1934 359 1961 Καὶ
372 1933 459 1960 ταῦτα
472 1931 568 1966 εἰπὼν,
581 1931 667 1962 οὕτως
679 1930 791 1967 ἄρχεται
805 1931 851 1958 τοῦ
866 1931 1045 1967 διηγήματος-

216 1992 226 2008 ι
239 1981 335 2018 Magna
352 1980 418 2008 mihi
434 1979 569 2014 uxorique
591 1985 658 2006 mea:
674 1977 812 2012 quondam
829 1977 968 2012 cupiditas

177 2027 277 2057 incidit
290 2026 400 2055 videndi
419 2025 531 2054 virtutis
542 2024 728 2060 gymnasium.
746 2023 791 2051 Sic
807 2024 909 2056 enim.)
927 2024 969 2051 in-

177 2075 274 2110 quit,«
295 2074 386 2101 locum
416 2072 494 2100 illum
527 2071 554 2098 in
579 2077 636 2105 quo
661 2069 759 2097 beatus
786 2069 832 2096 ille
860 2070 970 2097 animus

178 2119 306 2155 degebal,
335 2117 530 2153 appellandum
556 2123 619 2143 esse
649 2115 788 2148 arbitror;
825 2114 969 2142 nobiscum

180 2170 272 2193 autem
285 2168 347 2192 erat
363 2163 458 2195 iiiiola,
474 2162 555 2197 cujus
567 2162 679 2189 oculum
696 2168 729 2188 ex
745 2161 885 2195 pestilenti
896 2168 970 2188 mor-

180 2211 217 2238 bo
231 2209 375 2237 calamitas
393 2211 554 2242 occuparat,
579 2206 649 2233 adeo
669 2210 700 2232 ut
729 2205 848 2232 obducta
877 2206 970 2232 tunica

180 2256 256 2283 circa
276 2254 419 2290 pupillam,
436 2255 637 2287 eoi-tractoque
653 2251 749 2278 albore
773 2250 875 2278 fteilum
899 2253 973 2277 esset

181 2301 425 2334 miserandumque
438 2297 637 2334 spectaculum.
654 2296 780 2324 Divinam
801 2296 886 2331 igitur
898 2296 972 2322 illam

181 2349 293 2377 domum
314 2344 441 2381 ingressi,
455 2345 494 2372 ita
513 2344 631 2378 separati
650 2350 747 2371 sumus
766 2343 793 2369 in
808 2350 840 2369 eo
864 2342 988 2376 sapien-.

181 2394 228 2422 tite
244 2392 402 2420 vacantium
422 2391 492 2423 loco,
525 2395 554 2418 ut
583 2397 633 2425 ego
654 2389 764 2425 quidem
792 2388 971 2421 diverterem,

183 2440 230 2468 ubi
245 2438 407 2466 habitabant
421 2437 484 2468 viri,
509 2436 610 2471 quibus
627 2439 743 2470 praeerat
757 2433 857 2462 Petrus
885 2433 971 2461 frater

183 2493 259 2517 tuus.
276 2485 322 2513 illa
337 2485 514 2512 autemintus
527 2482 571 2510 ubi
581 2486 660 2509 erant
674 2481 806 2515 virgines,
819 2488 880 2508 cum
890 2487 971 2508 sanc-

183 2539 210 2560 ta
228 2532 349 2560 Macrina
366 2533 532 2558 versaretur.
553 2528 603 2555 Hic
611 2536 673 2555 cum
685 2526 883 2561 aliquantulum
897 2533 972 2554 esse-

183 2587 245 2608 tnus
263 2577 437 2608 commorati.
457 2580 565 2611 tempus
590 2581 652 2602 esse
674 2573 803 2600 duximus
827 2576 856 2599 ut
881 2572 972 2600 disce-

183 2625 325 2653 deremus.
338 2622 453 2657 Jamque
483 2620 638 2648 discessum
660 2618 876 2650 adornabamus,
908 2625 970 2645 cum

185 2668 315 2702 utrinque
327 2666 406 2694 nobis
428 2669 545 2691 humana
560 2663 683 2698 quaedam
697 2663 739 2690 vis
751 2663 825 2689 illata
836 2667 890 2690 cst.
902 2662 970 2689 Nam

183 2717 212 2741 et
230 2712 315 2740 frater
331 2716 393 2739 tuus
405 2709 606 2744 mihijubehat,
620 2713 651 2735 ut
667 2715 806 2737 manerem
823 2713 849 2737 et
863 2709 971 2738 studio:

240 2802 251 2818 ⁶
269 2800 356 2828 chit.
375 2808 452 2827 xvm.
491 2800 500 2816 ⁷
521 2799 588 2827 Gen.
605 2807 642 2826 lx.

1056 1987 1065 2004 ι
1087 1978 1212 2012 Ἐγένετό
1223 1987 1266 2010 τις
1278 1979 1343 2014 ἡμῖν
1361 1979 1494 2015 ἐπιθυμία
1510 1980 1575 2006 ποτὲ
1590 1981 1623 2016 τῇ
1643 1982 1751 2016 γαμετῇ
1769 1982 1813 2008 καὶ

1017 2025 1079 2060 ἐμοὶ
1093 2024 1268 2058 καταλαϐεῖν,
1284 2026 1354 2052 κατὰ
1369 2027 1498 2062 σπουδὴν,
1514 2026 1545 2053 τὸ
1556 2027 1605 2062 τῆς
1620 2027 1724 2063 ἀρετῆς
1739 2036 1814 2063 φρον-

1017 2071 1165 2106 τιστήριον.
1189 2071 1268 2098 Οὕτω
1289 2071 1344 2106 γὰρ
1371 2070 1448 2107 οἶμαι
1474 2072 1584 2107 χρῆναι,
1601 2082 1610 2097 ι
1634 2073 1720 2108 φησι,
1742 2083 1751 2099 ι
1771 2074 1813 2100 τὸν

1018 2116 1106 2152 χῶρον
1127 2117 1231 2143 ἐκεῖνον
1245 2117 1491 2152 κατονομάζεσθαι,
1509 2127 1518 2143 ι
1534 2118 1564 2144 ὲν
1579 2114 1601 2151 ᾧ
1612 2119 1661 2153 τὴν
1678 2119 1813 2154 διαγωγὴν

1021 2160 1092 2197 εἶχεν
1107 2163 1124 2197 ἡ
1144 2162 1266 2197 μακαρία
1287 2162 1372 2198 ψυχὴ·
1392 2163 1474 2199 συνῆν
1486 2164 1515 2190 δὲ
1530 2165 1595 2198 ἡμῖν
1614 2165 1662 2190 καὶ
1685 2165 1716 2191 τὸ
1733 2165 1813 2199 θυγα-

1022 2215 1106 2241 τριον,
1121 2208 1150 2233 ἐν
1165 2204 1186 2240 ᾦ
1200 2216 1241 2239 τις
1256 2209 1288 2234 ὲκ
1302 2207 1449 2243 λοιμώδους
1463 2209 1618 2244 ἀρρωστίας
1640 2210 1741 2245 συνέϐη
1756 2211 1814 2246 περὶ

1021 2253 1066 2279 τὸν
1081 2253 1217 2288 ὀφθαλμὸν
1234 2254 1372 2289 συμφορὰ’
1389 2254 1434 2280 καὶ
1452 2252 1486 2288 ἦν
1506 2254 1597 2289 θέαμα
1616 2256 1756 2290 εἰδεχθὲς,
1771 2257 1813 2283 καὶ

1022 2298 1152 2330 ἐλεεινὸν,
1176 2298 1357 2334 παχυνθέντος
1378 2299 1423 2326 τοῦ
1441 2301 1504 2335 περὶ
1518 2300 1567 2335 τὴν
1587 2300 1674 2335 κόρην
1692 2302 1811 2336 χιτῶνος,

1022 2345 1069 2370 καὶ
1092 2345 1124 2370 ἐκ
1148 2345 1195 2371 τοῦ
1218 2344 1320 2376 πάθους
1341 2345 1591 2376 ὐπολευκαίνοντος.
1623 2347 1668 2378 Ὠς
1692 2348 1722 2373 δὲ
1746 2347 1813 2378 turb;

1021 2387 1092 2424 ἦμεν
1108 2391 1156 2424 τῆς
1174 2389 1247 2421 θείας
1264 2389 1371 2425 ἐκείνης
1389 2390 1547 2424 διαγωγῆς,
1570 2391 1726 2426 διελόμενοι
1750 2400 1813 2418 κατα

1019 2435 1097 2469 γένος
1110 2436 1158 2470 τὴν
1169 2435 1313 2470 ἐπίσκεψιν
1327 2435 1382 2462 τῶν
1397 2437 1426 2462 ἑν
1440 2436 1478 2470 τῷ
1493 2436 1569 2471 τόπῳ
1587 2436 1812 2470 φιλοσοφούντων,

1020 2481 1076 2515 ἐγώ
1085 2490 1114 2508 τε
1128 2482 1173 2508 καὶ
1184 2482 1200 2516 ή
1212 2482 1345 2516 ὁμόζυγος
1357 2490 1363 2496 ·
1376 2481 1432 2516 ἐγὼ
1442 2482 1491 2517 μὲν
1507 2483 1535 2508 ὲν
1547 2481 1586 2516 τῷ
1602 2482 1722 2517 ἀνδρῶνι
1737 2484 1813 2518 ήμην.

1020 2523 1058 2554 ὧν
1074 2527 1220 2562 καθηγεῖτο
1235 2528 1337 2564 Πέτρος
1354 2529 1368 2554 ὁ
1385 2529 1430 2560 σὸς
1444 2528 1558 2563 ἁδελφός
1569 2537 1575 2544 ι
1595 2530 1612 2563 ἡ
1629 2529 1659 2555 δὲ
1676 2529 1727 2556 τοῦ
1753 2539 1815 2565 παρ’

1021 2574 1135 2605 θενῶνος
1150 2574 1225 2606 ἐντὸς
1238 2574 1371 2609 γενομένη
1385 2576 1419 2610 τῇ
1441 2574 1521 2610 Ἀγίᾳ
1538 2575 1622 2609 συνῆν
1634 2583 1642 2589 ·
1660 2577 1813 2612 συμμέτρου

1023 2619 1051 2646 δὲ
1064 2619 1252 2655 διαγενομένου
1273 2620 1301 2646 ἐν
1321 2619 1360 2654 τῷ
1376 2619 1478 2654 μεταξὺ
1497 2620 1683 2654 διαστήματος
1695 2642 1703 2653 ,
1727 2622 1814 2656 καιρὸν

1025 2663 1094 2692 εἶναι
1113 2664 1159 2692 τοῦ
1174 2665 1327 2700 ἀποχωρεῖν
1348 2665 1398 2700 τῆς
1415 2665 1542 2700 ἐσχατιᾶς
1559 2665 1641 2691 πάλιν
1658 2666 1812 2701 ἐκρίναμεν·

1025 2711 1072 2737 καὶ
1095 2711 1145 2746 ἤδη
1163 2711 1229 2746 πρὸς
1243 2710 1318 2737 τοῦτ(
1338 2707 1370 2745 ἣν
1385 2710 1464 2746 ἡμῶν
1486 2711 1502 2746 ἡ
1528 2711 1611 2745 ὁρμὴ,
1631 2711 1781 2746 σύμφωνος
1791 2711 1815 2740 δὲ
