1917 3079
50 138 114 166 997

685 133 728 161 DE
743 132 825 160 VITA
847 131 876 160 S.
897 130 1076 158 MACRINIE.

1649 130 1702 160 998

52 195 134 232 παρ’
149 193 286 230 ἑκατέρων
309 193 326 229 ή
348 192 413 228 περὶ
436 192 510 228 ἡμᾶς
528 190 712 227 φιλοφροσύνη
738 190 857 224 ἐγένετο.

922 195 1006 215 lorum
1022 195 1123 215 mensm
1139 189 1277 223 particeps
1292 189 1403 220 fierem;
1432 193 1460 216 et
1489 189 1567 217 beata
1585 189 1631 216 illa
1646 197 1701 216 non

60 241 152 278 Ἐμοί
172 249 202 268 τε
213 240 262 267 καὶ
272 240 287 267 ὁ
305 239 352 271 σδς
367 238 482 273 ἀδελφὸς
498 237 589 273 μένειν
607 235 796 267 ὲνεκελεύετο,
812 235 860 261 καὶ

56 287 215 322 μετασχεῖν
235 286 286 322 τῆς
308 285 453 321 φιλοσόφου
475 284 624 320 τραπέζης’
645 283 663 318 ἦ
688 291 719 309 τε
737 280 860 318 μακαρία

53 332 114 367 τὴν
133 331 202 368 ἐμήν
218 330 342 367 γαμετήν
355 330 386 357 οὐ
399 329 498 365 μεθίει,
515 328 573 356 ἀλλ’
593 329 622 355 ὲν
638 327 749 359 κόλποις
762 326 862 362 ἔχουσα

54 378 91 405 τὸ
111 377 273 413 θυγάτριον,
297 377 327 404 οὐ
346 376 479 412 πρότερον
494 375 587 409 ἔλεγεν
611 374 774 405 ἀποδώσειν,
795 372 862 409 πρὶν

54 420 208 457 τράπεζαν
225 420 321 449 αὐταῖς
337 418 576 455 παραστήσασθαι,
591 418 639 445 καὶ
655 417 694 453 τῷ
717 417 768 453 τῆς
788 417 864 452 φιλο-

57 467 166 502 σοφίας
178 466 357 500 δεξιώσασθαι
372 465 489 501 πλούτῳ·
502 464 616 500 φιλοῦσα
622 464 666 496 δὲ,
679 462 724 490 οἷα
734 463 817 495 είκδς,
832 462 865 489 τὸ

56 514 186 545 παιδίον,
201 513 248 540 καὶ
270 513 447 549 προσάγουσα
469 511 501 537 τὸ
522 511 610 546 στόμα
625 511 682 541 τοῖς
696 509 845 545 ὀφθαλμοῖς
855 529 863 541 ,

56 558 164 594 ἐπειδὴ
178 556 232 585 εἶδε
243 557 274 585 τὸ
288 558 352 593 περὶ
361 556 410 593 τὴν
425 556 510 592 κόρην
522 555 619 588 πάθος,
640 554 703 582 Ἐάν
715 563 770 590 μοι,
786 554 863 590 φησι,

57 603 136 631 δῶτε
150 604 200 639 τὴν
210 603 301 639 χάριν,
313 603 361 629 καὶ
374 602 424 637 τῆς
437 601 579 638 τραπέζης
590 602 657 636 ήμῖν
670 600 863 636 κοινωνήσητε,

57 650 210 679 ἀντιδώσω
228 649 323 685 μισθὸν
339 649 403 684 ὑμῖν
417 648 468 683 τῆς
484 647 613 682 τοιαύτης
627 647 711 682 τιμῆς
730 646 780 673 οὐκ
796 646 863 673 ἀνά-

59 697 136 731 ξιον.
157 696 224 723 Τίνα
238 695 271 731 δὴ
290 694 396 726 τοῦτον,
411 693 541 729 εἰπούσης
556 694 605 729 τῆς
618 689 790 719 ’ποῦ’παιδίου
809 700 859 727 μη-

58 743 132 779 τρός
142 743 233 777 ;”Εστι
245 750 290 778 μοι
301 741 456 776 φάρμακον,
467 741 484 776 ή
493 739 607 776 Μεγάλη
616 739 708 775 φησὶν,
716 739 731 765 ὃ
742 738 863 770 δυνατῶς

59 786 123 822 ἔχει
142 786 174 813 τὺ
187 785 258 813 κατὰ
276 786 323 812 τὸν
344 784 483 820 ὀφθαλμὸν
497 783 624 811 ἰάσασθαι
644 783 739 815 πάθος.
762 783 823 809 Ἐπὶ
834 782 862 809 δὲ

909 233 1067 260 dimittebat
1079 241 1193 260 uxorem
1207 242 1306 266 meatu,
1322 235 1370 262 sed
1391 234 1503 262 ﬁliolam
1521 235 1548 262 in
1566 234 1628 263 sinu
1654 243 1702 270 ge-

909 287 974 308 rens
989 280 1133 315 non'prius
1146 280 1219 307 illam
1246 287 1276 308 se
1303 281 1472 308 reddituram
1489 281 1591 314 aiebat,
1619 290 1701 317 quam

910 333 1035 354 mensam
1058 330 1230 361 apparasset,
1259 331 1286 354 et
1308 335 1360 355 nos
1389 327 1570 363 philosophia:
1599 328 1703 356 divitiis

908 371 1077 407 accepisset,
1088 372 1240 407 puellulam
1258 377 1350 400 autem
1364 373 1496 402 osculans
1511 378 1539 402 et
1553 373 1703 402 admovens

913 425 947 445 os
965 417 1057 446 oculis
1075 418 1150 452 ejus,
1167 419 1211 445 ubi
1225 419 1355 454 pupillam
1371 419 1495 447 affectam
1509 420 1595 447 vidit:
1613 420 1642 447 Si
1652 421 1704 448 hoc

912 463 991 497 mihi,
1014 463 1114 499 inquit,
1132 464 1329 492 concesseritis
1344 470 1374 492 ut
1388 465 1459 500 apud
1474 473 1523 493 nos
1547 473 1608 494 esse
1636 466 1702 492 veli-

913 509 958 542 tis,
973 510 1088 544 gratiam
1117 511 1196 537 vobis
1220 511 1267 537 tali
1294 511 1398 539 honore
1427 519 1480 539 non
1505 512 1645 547 indignam
1662 520 1705 540 re-

915 553 1011 582 feram.
1034 554 1173 590 Ecquam?
1190 556 1279 590 inquit
1299 556 1424 591 puellula:
1440 563 1535 585 mater.
1554 556 1603 584 Est
1626 556 1703 587 mihi,
1723 552 1726 559 ’

913 600 1058 635 respondit
1088 608 1197 635 magna,
1229 601 1458 629 medicamentum
1491 602 1524 630 ad
1553 602 1704 629 curandum

918 646 992 674 hunc
1007 647 1117 674 oculum
1138 648 1305 683 appositum.
1336 649 1401 682 Quae
1421 649 1530 684 quidem
1559 648 1706 684 promissio

916 699 980 719 cum
993 692 1059 719 mihi
1078 701 1093 720 a
1109 693 1228 728 quodam
1245 702 1277 721 ex
1299 694 1435 730 virginum
1456 694 1578 722 conclavi
1597 693 1703 720 mmtia-

918 742 944 765 ta
957 741 1044 772 esset,
1057 738 1174 766 libenter
1197 739 1361 773 mansimus,
1385 740 1551 775 posthabita,
1568 748 1629 775 qua-
1655 746 1706 766 nos

917 783 1043 818 urgebat,
1059 784 1251 818 proficiscendi
1272 785 1448 812 necessitate.

60 831 196 864 τούτοις,
220 831 379 867 δηλώματός
407 839 453 866 μοι
476 830 551 866 παρὰ
573 830 623 865 τῆς
645 829 868 865 γυναικωνίτιδος
886 829 1000 865 ἥκοντος
1020 831 1072 857 ὑπὸ
1086 831 1136 867 τὴν
1156 832 1300 867 ὑπόσχεσιν
1320 832 1428 867 ἐκείνην
1452 831 1705 867 καταμηνὺσαντος,

61 879 185 914 ἄσμενοι
198 877 416 913 παρεμείναμεν·
432 875 520 912 μικρὰ
531 876 722 911 φροντίσαντες
731 875 780 910 τῆς
795 875 960 911 ἐπειγούσης
973 877 1046 911 ἡμᾶς
1063 877 1132 913 ’πρὸς
1145 877 1194 913 τήν
1209 878 1364 914 ὁδοιπορίαν
1379 879 1512 914 ἀνάγκης.

108 934 118 951 ε
141 924 188 956 Ὠς
200 923 228 950 δὲ
241 923 317 954 τέλος
328 920 400 958 εἶχεν
412 922 430 957 ή
443 921 554 957 εὐωχία,
570 921 616 948 καὶ
629 921 736 956 πλήρης
751 918 786 956 ἦν
801 921 869 955 ἡμῖν

958 921 1041 948 «Cum
1061 921 1144 956 igitur
1157 923 1325 954 convivium,
1344 923 1415 957 quod
1427 922 1524 950 Petrus
1540 923 1708 951 humanitate

49 973 83 1008 μή
95 970 179 1007 εὐχὴ,
194 969 242 997 τοῦ
259 968 308 1005 μὲν
327 967 445 1004 μεγάλου
469 967 574 1004 Πέτρου
590 968 650 999 ταῖς
667 966 782 998 οἰκείαις
800 974 864 1002 χερ-

50 1010 111 1045 ’σὶν
126 1015 295 1052 εὐωχοῦντος
304 1015 389 1050 ἡμᾶς,
405 1014 452 1041 καὶ
463 1013 665 1051 φαιδρύνοντος,
679 1014 729 1048 τῆς
745 1012 774 1039 δὲ
786 1012 866 1047 ἁγίας

66 1063 229 1099 Μακρίνης,
244 1061 288 1088 διὰ
306 1060 398 1096 πάσης
416 1059 572 1097 εὐπρεποῦς
587 1059 722 1095 θυμηδίας
733 1059 783 1096 τὴν
801 1058 867 1094 651.6-

54 1109 156 1144 ὶιζυγον
165 1109 232 1144 ήμῖν
241 1107 373 1142 ἀνιείσης·
387 1105 458 1133 οὕτω
476 1104 667 1141 φαιδρύνοντες
689 1104 736 1131 καὶ
750 1103 866 1140 γεγηθό-

67 1164 127 1187 τες,
139 1155 191 1189 τὴν
203 1153 287 1189 αὐτὴν
297 1153 355 1179 ὁδὸν
366 1152 542 1188 ὲπανιεῄμεν,
554 1151 676 1186 διήγημα
687 1149 725 1185 τῷ
737 1150 823 1185 ἑτέρῳ
832 1149 866 1176 τὰ

69 1199 134 1226 καθ’
144 1198 241 1225 ἑαυτὸν
248 1198 377 1233 ἑκάτερος
387 1198 416 1224 ὲν
421 1197 454 1232 τῇ
463 1195 600 1230 ὁδοιπορίᾳ
610 1194 687 1221 ποιού
692 1203 776 1230 μενοι·
789 1193 867 1228 κάγὼ

72 1244 125 1280 μὲν
142 1244 258 1280 διεξῄειν
276 1243 309 1270 τὰ
331 1243 363 1269 ὲκ
377 1242 424 1269 τοῦ
443 1241 588 1278 ἀνδρῶνος,
604 1241 653 1268 ὅσα
672 1249 703 1266 τε
724 1238 804 1272 εἶδον,
819 1239 868 1267 καὶ

70 1289 125 1316 ὅσα
135 1289 250 1324 ἥκουσα·
270 1287 362 1322 ἐκείνη
375 1287 404 1314 δὲ
415 1287 450 1313 τὰ
460 1286 521 1313 καθ’
531 1286 646 1312 ἕκαστον
657 1285 783 1320 ὲκδιηγου
788 1284 866 1320 μένη,

71 1335 203 1371 καθάπερ
219 1335 262 1370 ἐφ’
277 1333 408 1370 ἱστορίας,
424 1332 500 1360 οὐδὲν
515 1332 584 1368 ᾤετο
595 1332 660 1364 δεῖν,
674 1331 734 1358 οὐδὲ
749 1331 805 1357 τῶν
824 1339 869 1366 μι-

72 1381 162 1417 κρῶν,
176 1379 406 1416 παραλανθάνειν”
422 1377 577 1409 ἀκολούθως
591 1377 619 1404 δὲ
637 1377 726 1404 πάντα
741 1375 869 1411 καθάπερ

70 1427 122 1454 ἐπὶ
144 1426 263 1462 συζυγίᾳ
282 1425 332 1460 τῆς
346 1424 507 1460 συγγραφῆς
521 1423 659 1457 διεξιοῦσα
671 1432 678 1439 ·
694 1423 732 1455 ὡς
753 1422 824 1449 κατὰ
838 1422 870 1448 τὸ

75 1473 162 1508 μέρος
176 1472 287 1507 γέγονεν
305 1472 403 1503 ἐκεῖνο,
419 1470 448 1498 ὲν
465 1467 487 1504 ᾧ
501 1471 518 1505 ή
535 1470 681 1505 ὑπόσχεσις
695 1467 729 1504 ἦν
750 1470 799 1504 τῆς
821 1467 869 1494 τοῦ

72 1517 219 1554 ὀφθαλμοῦ
247 1516 411 1553 θεραπείας,
435 1515 577 1551 ὲκκόψασα
597 1515 646 1551 τὴν
670 1515 817 1550 διήγησιν,
836 1513 870 1540 Τί

76 1564 174 1597 τοῦτο,
201 1563 286 1599 φησὶ,
317 1563 509 1598 πεπόνθαμεν;
537 1561 599 1594 Πῶς
619 1561 668 1596 τῆς
697 1560 871 1596 ὑποσχέσεως

77 1609 320 1646 ὴμελήσαμεν,τδ
341 1608 508 1642 ὲπαγγελθὲν
530 1607 596 1643 ήμῖν
619 1607 706 1634 ἐκεῖνο
726 1607 755 1633 ὲν
775 1605 871 1633 κολλυ-

81 1657 131 1692 ρίῳ
151 1656 316 1692 φάρμακον;
343 1653 438 1690 Κὰμοῦ
466 1653 736 1688 συνδυσχεραίνοντος
766 1651 813 1679 ἐπὶ
837 1652 872 1688 τῇ

80 1702 216 1737 ἀμελείᾳ,
239 1701 286 1728 καί
310 1709 370 1727 τινα
408 1699 452 1727 διὰ
472 1699 572 1734 τάχους
599 1698 744 1734 ἐκδραμεῖν
767 1698 814 1725 ἐπὶ
841 1696 874 1724 τὺ

80 1749 228 1784 φάρμακον
242 1746 476 1782 ἐγκελευσαμένου
486 1767 493 1779 ,
518 1745 612 1780 βλέπει
626 1745 697 1771 κατὰ
717 1744 748 1771 τὸ
765 1743 874 1779 συμϐὰν

81 1795 150 1831 πρὸς
164 1795 214 1830 τὴν
230 1794 336 1830 μητέρα
351 1793 378 1820 ὲν
392 1793 451 1824 ταῖς
465 1792 558 1827 χερσὶν
572 1791 602 1818 ’ὀν
617 1791 667 1826 τῆς
676 1790 874 1826 τιθηνουμένης

82 1841 112 1868 τὸ
131 1842 240 1877 νήπιον,
262 1841 309 1867 καὶ
328 1841 344 1874 ή
364 1840 455 1875 μήτηρ
471 1839 527 1870 τοῖς
544 1838 692 1873 ὀφθαλμοῖς
713 1837 762 1865 τοῦ
775 1837 873 1874 νηπίου

83 1887 282 1918 ὲνατενίσασα,
305 1886 416 1918 Παύου,
445 1885 530 1920 φησὶ,
555 1884 739 1920 δυσχεραίνων
765 1885 812 1911 ἐπὶ
838 1885 873 1920 τῇ

83 1932 207 1968 ἀμελείᾳ.
225 1932 339 1968 Μεγάλῃ
362 1931 441 1958 τοῦτο
464 1931 540 1966 φωνῇ
562 1930 615 1956 ὑπὸ
639 1931 726 1965 χαρᾶς
747 1929 805 1966 ἅμα
827 1930 873 1957 καὶ

83 1976 240 2013 ἐκπλήξεως
251 1977 378 2011 λέγουσα,
403 1976 467 2002 Ἰδοὺ
479 1975 533 2011 γὰρ
543 1975 618 2002 οὐδὲν
630 1975 797 2003 ἐλλέλειπται
809 1976 874 2012 ήμῖν

84 2023 138 2051 τῶν
161 2024 391 2059 ἐπηγγελμένων·
408 2021 476 2050 ἀλλά
493 2022 523 2048 τὸ
540 2021 667 2057 ἀληθινὸν
682 2022 790 2057 ἐκείνης
805 2022 875 2058 φάρ-

86 2077 183 2104 μακον,
200 2069 232 2095 τὺ
249 2068 303 2095 τῶν
322 2067 492 2102 παθημάτων
511 2066 643 2102 ἰατρικὸν,
673 2066 741 2101 ὅπερ
761 2067 833 2093 ἐστὶν
860 2067 874 2102 ή

86 2113 182 2141 ἐκτῶν
197 2113 285 2148 εὐχῶν
302 2112 450 2148 θεραπεία,
467 2112 515 2138 καὶ
530 2111 625 2143 ἔδωκε,
640 2111 686 2138 καὶ
698 2110 810 2146 ἐνεργὸν
824 2111 874 2146 ήδη

85 2159 197 2194 γέγονε,
222 2159 271 2186 καὶ
292 2158 483 2185 ὑπολέλειπται
508 2157 556 2192 τῆς
578 2156 648 2183 κατὰ
669 2157 715 2183 τὸν
737 2155 875 2191 ὀφθαλμὸν

86 2206 241 2243 ἀρρωστίας
257 2205 402 2236 οὑδοτιοῦν,
422 2203 462 2240 τῷ
476 2204 541 2239 θείῳ
556 2203 653 2238 ἐκείνῳ
676 2202 815 2239 φαρμάκῳ
828 2211 876 2229 κε-

916 970 944 993 et
961 967 1048 1001 gratia
1065 975 1114 994 sua
1133 968 1306 999 condiverat,
1325 968 1438 996 haberet
1460 968 1551 1000 tinem,
1571 969 1708 1004 uxorique

917 1012 997 1040 nobis
1011 1019 1026 1039 a
1048 1017 1143 1041 sancta
1158 1014 1277 1041 Macrina
1294 1015 1370 1042 omni
1387 1014 1561 1042 convenienti
1575 1014 1708 1049 jucundi-

917 1062 974 1086 tate
992 1064 1115 1087 recreata
1133 1060 1249 1088 remissa
1267 1064 1350 1092 esset,
1371 1061 1464 1088 laetitia
1482 1065 1509 1088 et
1521 1061 1621 1096 gaudio
1634 1061 1708 1096 pleni

917 1111 969 1132 nos
990 1105 1017 1132 iu
1041 1105 1113 1132 viam
1131 1106 1265 1138 ,dedimus
1286 1115 1292 1133 :
1311 1110 1338 1134 et
1358 1114 1419 1141 qua:
1445 1107 1555 1142 utrique
1583 1111 1710 1134 nostrum

917 1148 1090 1184 contigerant
1109 1149 1181 1176 inter
1199 1149 1322 1178 eundum
1345 1150 1528 1178 narrabantus
1547 1159 1553 1177 ε
1578 1158 1629 1186 ego
1647 1150 1712 1186 quiv

918 1193 980 1222 dem
1004 1202 1174 1231 quaecunque
1200 1196 1227 1223 in
1248 1196 1371 1223 virorum
1393 1197 1517 1224 conclavi
1533 1196 1574 1223 vel
1589 1196 1710 1224 videram

919 1240 962 1268 vel
983 1241 1154 1274 audiveram,
1179 1242 1374 1275 reccnsebam;
1399 1247 1427 1271 et
1444 1243 1490 1270 illa
1510 1243 1633 1271 vicissim
1649 1246 1711 1270 tan-

919 1293 1001 1322 quam
1019 1294 1053 1314 οι
1071 1287 1186 1314 historia
1204 1287 1313 1322 singula
1339 1293 1475 1322 repetens,
1501 1288 1570 1315 nihil
1598 1287 1712 1315 omnino

920 1333 1098 1368 quantumvis
1112 1340 1227 1368 parvum
1250 1333 1430 1361 omittendum
1452 1333 1635 1361 existimabat.
1659 1332 1712 1361 lta-

919 1386 974 1414 que
988 1387 1051 1406 cum
1069 1387 1125 1407 non
1145 1380 1235 1412 aliter,
1252 1388 1334 1415 quam
1351 1387 1385 1407 ex
1407 1378 1510 1416 scripto
1535 1384 1664 1415 tanquam
1682 1379 1712 1407 in

920 1423 1006 1451 altera
1022 1424 1100 1452 lance
1117 1425 1285 1460 appendens,
1301 1425 1397 1453 ordine
1410 1428 1510 1453 cuncta
1526 1429 1711 1460 percurreret,

918 1469 1031 1504 jamque
1044 1470 1078 1497 ad
1090 1477 1148 1497 eam
1165 1471 1333 1506 pervenisset
1348 1475 1465 1506 partem,
1482 1478 1545 1506 quae
1560 1470 1713 1498 curationis

920 1515 994 1543 oculi
1007 1517 1219 1550 promissionem
1237 1517 1406 1549 continebat,
1424 1517 1611 1545 narrationem
1628 1517 1714 1545 inter-

922 1561 1036 1589 mittens
1053 1571 1059 1589 :
1076 1561 1223 1596 Quidnam,
1247 1562 1346 1598 inquit,
1367 1562 1492 1598 egimus?
1506 1563 1649 1597 Quomodo
1665 1571 1715 1592 ne-

923 1606 1059 1642 gleximus
1084 1608 1252 1642 promissum
1278 1608 1386 1643 ipsius?
1401 1607 1561 1643 Collyrium,
1590 1609 1713 1644 inquam,

925 1652 992 1680 illud
1016 1653 1089 1687 quod
1115 1654 1195 1681 nobis
1219 1654 1402 1689 promiserat?
1428 1654 1552 1690 Cumque
1573 1662 1623 1690 ego
1649 1655 1714 1683 item

924 1697 1116 1733 negligentiam
1140 1698 1308 1732 incusarem,
1333 1699 1514 1735 juberemque
1537 1704 1566 1728 ut
1588 1701 1716 1728 celeriter

925 1744 1025 1779 aliquis
1048 1744 1081 1772 ad
1108 1745 1176 1772 illud
1200 1745 1405 1780 exposcendum
1429 1751 1599 1781 excurreret,
1624 1746 1716 1776 infans

924 1790 1034 1818 interim
1050 1798 1111 1826 quae
1124 1791 1151 1818 in
1169 1791 1295 1820 manibus
1316 1791 1435 1820 nutricis
1453 1796 1523 1825 erat,
1544 1797 1659 1821 matrem
1673 1800 1719 1821 re-

925 1837 1007 1872 spicit
1025 1847 1032 1864 :
1049 1837 1131 1864 etiam
1156 1842 1245 1866 mater
1266 1838 1300 1866 ad
1319 1840 1381 1874 ejus
1403 1839 1500 1867 oculos
1517 1840 1603 1867 aciem
1624 1839 1718 1868 inten-

925 1882 993 1910 dens
1018 1892 1025 1911 :
1051 1883 1246 1919 Negligenlizc,
1270 1884 1370 1920 inquit,
1397 1890 1499 1914 nostra:
1522 1885 1632 1914 desinas
1652 1893 1718 1914 suc-

925 1935 1049 1956 censere.
1082 1927 1154 1956 Ecce
1178 1929 1228 1957 tibi
1256 1929 1327 1957 bona
1355 1929 1406 1957 [ide
1429 1931 1549 1958 solutum
1573 1931 1646 1966 quod
1671 1930 1718 1959 illa

926 1973 1090 2009 promiserat
1114 1983 1120 2002 :
1141 1982 1234 2002 veram
1265 1976 1338 2003 enim
1368 1975 1527 2003 morborum
1555 1976 1718 2004 medicinam

927 2026 988 2054 quae
1000 2019 1129 2054 precibus
1144 2019 1184 2052 ﬁt,
1202 2020 1282 2048 nobis
1299 2020 1434 2053 exhibuit,
1456 2021 1536 2056 cujus
1552 2029 1582 2049 ea
1605 2021 1647 2050 vis
1665 2020 1719 2049 fuit

927 2069 1006 2092 utne
1026 2065 1170 2100 vestigium
1194 2066 1304 2101 quidem
1331 2067 1419 2095 morbi
1437 2067 1466 2094 in
1487 2067 1568 2094 oculo
1592 2067 1718 2096 relictum

927 2111 973 2145 sit,
990 2112 1059 2139 adeo
1075 2112 1168 2140 divino
1182 2113 1229 2140 illo
1253 2113 1452 2141 medicamento
1469 2113 1514 2141 ille
1528 2117 1643 2142 curatus
1663 2119 1717 2143 est.

926 2157 1015 2193 Atque
1044 2157 1082 2185 ita
1110 2158 1226 2193 loquens
1251 2158 1362 2186 ﬁliolam
1393 2159 1565 2194 suscipiens,
1597 2159 1664 2187 mihi
1689 2160 1718 2188 in

927 2211 1027 2232 manus
1049 2204 1173 2231 tradidit.
1190 2204 1268 2232 Tune
1283 2213 1334 2240 ego
1355 2205 1490 2232 miracula
1507 2213 1567 2240 qua:
1584 2205 1614 2233 in
1629 2204 1720 2233 Evan-

88 2253 269 2290 καθαρμένον.
297 2253 354 2280 Καὶ
380 2253 439 2288 ἅμα
462 2251 549 2278 ταῦτα
574 2250 730 2283 διεξιοῦσα,
755 2250 823 2285 αὑτή
846 2258 875 2276 τε

928 2250 999 2285 gelio
1024 2254 1175 2277 narra-itur
1203 2250 1377 2278 incredibilia
1404 2251 1571 2286 cogitatione
1598 2251 1720 2287 comple-

87 2299 116 2324 τὺ
143 2299 249 2326 παιδίον
271 2297 486 2334 ὲνηγκαλίζετο,
504 2296 552 2323 καὶ
575 2297 634 2328 ταῖς
661 2296 740 2330 ἐμαῖς
763 2295 877 2322 ἐνετίθει

89 2345 173 2380 χερσί.
191 2344 278 2379 Κάγὼ
290 2344 352 2371 τότε
373 2343 408 2370 τὰ
425 2341 614 2377 ἀπιστούμενα
629 2341 699 2368 κατὰ
715 2341 746 2368 τὸ
755 2341 879 2376 Εὐαγγέ-

89 2389 143 2416 λιον
157 2390 300 2425 θαύματα,
315 2390 349 2425 τῇ
371 2388 474 2423 διανοίᾳ
495 2387 596 2419 λαϐὼν,
626 2387 658 2413 Τί
682 2387 765 2422 μέγα,
791 2383 877 2419 εἷπον,

89 2434 131 2462 διὰ
153 2436 244 2472 χειρὸς
267 2434 334 2461 Θεοῦ
357 2434 466 2467 τυφλοῖς
480 2432 530 2464 τὰς
551 2431 626 2466 ὂῷεις
645 2431 876 2459 ἀποκαθίσασθαι·

89 2481 166 2508 ὁπότε
181 2481 230 2508 νῦν
244 2481 261 2517 ή
282 2480 362 2515 δούλη
379 2479 474 2511 αὑτοῦ,
493 2478 542 2510 τὰς
557 2478 643 2509 ἰάσεις
662 2477 768 2508 ὲκείνας
781 2486 879 2514 κατορ-

91 2526 172 2552 θοῦσα
189 2527 224 2562 τῇ
237 2526 277 2557 εἰς
290 2524 372 2552 αὐτὸν
388 2525 490 2556 πίστει,
506 2522 701 2558 κατείργασται
719 2523 834 2558 πρᾶγμα
848 2523 878 2549 οὗ

91 2571 155 2598 πολὺ
165 2573 219 2600 τῶν
232 2571 378 2607 θαυμάτων
391 2570 503 2597 ἐκείνων
517 2569 740 2604 ἀπολειπόμενον;
760 2578 769 2595 ι
787 2568 880 2595 Ταῦτα

927 2299 1004 2322 ctens
1020 2304 1027 2322 :
1046 2308 1055 2320 ι
1079 2295 1148 2328 Quid
1162 2295 1272 2328 mirum,
1288 2296 1412 2331 inquam,
1427 2304 1442 2325 e
1457 2303 1541 2323 manu
1564 2297 1612 2324 Dei
1631 2304 1720 2324 caecos

927 2339 1038 2367 videndi
1062 2343 1225 2375 potestatem
1252 2341 1404 2376 accepisse,
1422 2341 1533 2376 quando
1558 2350 1633 2370 nunc
1659 2342 1721 2377 ejus

928 2385 1027 2412 ancilla
1042 2393 1089 2420 per
1101 2385 1179 2413 tidem
1193 2387 1220 2413 in
1237 2386 1326 2421 ipsum
1339 2391 1453 2421 praestat
1467 2387 1529 2416 illas
1544 2387 1722 2416 curationes?

927 2439 996 2466 opus
1017 2432 1089 2459 enim
1121 2433 1271 2466 cernimus,
1299 2433 1370 2460 haud
1394 2434 1481 2461 multo
1509 2434 1650 2462 miraculis
1666 2434 1721 2462 illis

931 2478 1057 2506 inferius.
1079 2488 1089 2505 ›
1106 2478 1170 2506 Πωο
1193 2479 1238 2506 ille
1259 2479 1325 2506 mihi
1350 2479 1414 2507 dum
1442 2485 1555 2512 narrat,
1584 2480 1720 2515 singultus

930 2530 1026 2550 vocem
1049 2523 1110 2558 ejus
1136 2523 1292 2559 intercepit,
1311 2528 1337 2552 et
1364 2526 1510 2553 subsecuta
1526 2530 1568 2554 est
1583 2526 1661 2560 copia
1682 2526 1722 2552 la-

931 2576 1098 2604 crymarum.
1117 2571 1207 2605 Atque
1221 2570 1277 2598 hzc
1292 2570 1400 2606 quidem
1418 2579 1432 2598 a
1448 2572 1543 2599 milite.

91 2618 174 2653 λέγων
198 2619 301 2656 μεταξὺ
322 2618 419 2655 λυγμῷ
441 2619 490 2653 τὴν
513 2617 604 2653 φωνήν
630 2617 805 2649 ὲνεκόπτετο,
842 2615 898 2643 τῶν
916 2616 1044 2652 δακρύων
1078 2618 1264 2653 ἐπιρῤυέντων
1288 2618 1327 2652 τῷ
1351 2618 1510 2654 διηγήματι.
1534 2618 1574 2646 Τὰ
1602 2618 1652 2654 μὲν
1674 2617 1721 2646 οὖν

92 2667 163 2701 παρά
176 2667 224 2694 τοῦ
239 2666 415 2702 στρατιώτου,
427 2667 523 2694 ταῦτα.

126 2715 193 2741 Ὅσα
208 2715 237 2742 δὲ
253 2715 302 2741 καὶ
316 2713 384 2741 ἄλλα
402 2712 515 2741 τοιαῦτα
532 2712 608 2748 παρᾶ
621 2712 674 2739 τῶν
691 2710 876 2746 συνεζηκότων

94 2760 169 2796 αὐτῇ,
183 2761 231 2789 καὶ
245 2760 278 2787 δι’
291 2760 433 2796 ἀκριϐείας
448 2759 482 2787 τὰ
503 2759 562 2787 κατ’
583 2758 667 2794 αὐτὴν
689 2758 877 2792 ἐπισταμένων

93 2806 254 2842 ἠκούσαμεν,
270 2807 320 2834 οὐκ
335 2806 455 2841 ἀσφαλες
471 2803 548 2840 οἶμαι
561 2805 718 2840 πρςσθείναι
733 2803 773 2839 τῷ
786 2803 879 2838 διηγή-

96 2859 166 2886 ματι.
184 2853 215 2880 οι
229 2853 284 2888 γὰρ
300 2851 391 2878 πολλοὶ
405 2851 458 2878 τῶν
480 2850 629 2885 ἀνθρώπων
644 2849 712 2885 πρὸς
726 2849 759 2875 τὰ
775 2849 878 2876 ἑαυτῶν

966 2708 1032 2742 Qua;
1051 2712 1143 2737 autem
1160 2710 1195 2737 ab
1212 2709 1267 2738 illis
1285 2709 1331 2745 qui
1349 2709 1430 2737 simul
1448 2716 1510 2736 cum
1530 2717 1560 2736 ea
1583 2709 1721 2743 vixerunt,

931 2755 1033 2791 quique
1060 2763 1169 2782 omnem
1195 2755 1269 2783 illius
1293 2756 1376 2783 vitam
1399 2756 1479 2792 plane
1501 2760 1671 2792 perspectam
1695 2761 1722 2784 et

931 2803 1068 2838 cognitam
1090 2802 1224 2830 habebant
1240 2802 1406 2837 acceperim,
1428 2803 1492 2830 huic
1514 2803 1665 2830 narrationi
1677 2806 1722 2830 at-

933 2849 1049 2877 terenda
1068 2856 1122 2876 non
1145 2855 1243 2877 censeo
1260 2857 1267 2876 :
1283 2849 1407 2884 plerique
1428 2849 1502 2877 enim
1520 2856 1569 2884 pro
1585 2857 1617 2877 eo
1632 2855 1722 2884 quan-
