1917 3079
231 97 285 127 9Ἱ9

863 96 893 126 S.
913 95 1075 124 GREGORII
1092 94 1235 122 NYSSENI

1837 93 1880 122 {80

231 157 308 185 intus
318 157 540 185 rerumtristiurn
551 156 760 192 exspectatione
768 160 948 191 premeretur.
957 155 1022 181 Nam

1077 154 1177 180 νὸντων
1191 153 1241 189 τὴν
1261 152 1389 187 αἴσθησιν
1414 152 1498 188 ἔχειν,
1525 152 1575 187 τῆς
1604 151 1701 186 ψυχῆς
1719 149 1831 176 ἔνδοθεν
1852 154 1878 186 τῇ

232 210 327 230 eorum
351 211 413 238 quae
437 212 486 239 per
508 204 626 239 quietem
653 211 814 238 aspexeram
850 203 965 237 aenigma
988 210 1020 229 ex

232 250 416 285 praesentibus
425 250 556 285 explicari
569 249 726 277 videbatur.
742 249 936 284 Spectaculnm
949 249 1021 275 enim

232 296 404 331 propositum
415 303 478 323 vere
492 296 579 322 sancti
589 296 718 331 martyris
730 295 863 330 reliquias
877 294 1022 324 referebat,

232 348 296 376 quae
311 345 426 375 peccato
439 341 549 376 quidem
575 344 689 367 martum
712 339 883 366 inliabitume
903 339 1023 373 Spiritus

234 386 322 422 gratia
344 386 577 422 splendescercnt.
602 385 635 412 Et
651 385 709 412 haec
731 384 839 412 cuidam
860 392 954 411 eorum
975 383 1022 418 qui

234 438 342 458 mecum
376 435 454 458 erant
487 430 625 465 exposui:
652 437 714 457 cum
743 433 834 456 autem
861 428 1023 456 demissiore

234 474 328 503 animo
341 475 431 503 tristia
446 480 682 510 exspectaremus.
705 474 750 501 illa
775 474 869 501 nescio
885 473 1023 508 quomodo

234 522 415 558 cogitationes
431 526 542 550 nostras
559 521 723 557 conjiciens,
752 521 829 548 misit
846 520 893 555 qui
917 520 1023 547 laetiora

233 566 420 599 denuntiaret,
431 567 531 602 jnbens
546 575 599 595 nos
613 567 686 594 bono
702 573 763 594 esse
778 566 869 593 animo
887 570 912 593 et
927 565 1024 592 melio-

234 620 293 640 rem
308 612 342 640 de
358 620 388 640 se
402 621 479 648 spem
494 613 657 647 concipere:
674 612 794 639 sensisse
810 611 885 639 enim
898 609 1022 638 morbum

234 657 263 684 in
277 658 375 686 melius
389 658 469 686 verti.
486 658 548 686 Haec
559 662 650 685 autem
664 665 722 684 non
736 657 770 684 ad
784 664 833 684 nos
847 656 1024 691 decipiendos

234 703 406 737 dicebantur,
430 704 477 732 sed
500 711 533 730 ex
549 710 626 736 vero,
654 703 718 730 licet
733 709 767 730 eo
782 704 975 736 tempore'nos
996 700 1024 727 id

234 749 426 784 ignoraremus
439 759 446 777 :
462 756 557 776 revera
573 748 646 776 enim
661 753 794 783 tanquam
809 754 909 774 cursor
922 746 1023 781 aliquis

234 792 394 821 adversario
409 797 538 828 snperato
551 793 662 828 jamjam
677 793 760 821 stadii
774 797 873 820 metam
887 792 1024 827 attingens

1076 199 1130 226 τῶν
1155 198 1323 233 σκυθρωπῶν
1343 198 1430 224 ἑλπίδι
1451 198 1648 233 συνεχομένης.
1668 197 1735 223 Τῶν
1752 196 1811 231 γὰρ
1838 197 1873 222 ἐν·

1077 244 1180 270 υπνίων
1198 245 1214 277 ὴ
1229 244 1289 278 ὕψις
1305 244 1486 270 ἐκκαλύπτειν
1502 252 1546 279 μοι
1564 243 1609 269 διὰ
1623 243 1681 269 τῶν
1708 243 1877 277 φαινομένων

1076 289 1165 316 ἐδόκει
1178 289 1208 315 τὸ
1229 289 1352 324 αἴνιγμα.
1373 288 1426 316 Ἦν
1451 289 1506 325 γὰρ
1524 290 1562 321 ὠς
1588 289 1697 323 ἀληθὲς
1715 289 1749 314 τὸ
1775 291 1879 324 προκεῖ-

1079 342 1155 369 μενο·ι
1181 335 1287 369 θέαμα,
1313 335 1451 370 μάρτυρος
1480 336 1558 368 ἁγίου
1582 334 1723 368 λείψανα,
1749 334 1878 369 ει-τῇγμὲι

1078 381 1200 416 ἁμαρτίᾳ
1217 381 1393 416 ἐνενέκρωτο,
1406 383 1439 416 τῇ
1454 381 1481 407 δὲ
1497 380 1644 416 ὲνοικούσῃ
1654 380 1705 407 τοῦ
1721 379 1878 417 Πνερματος

1078 427 1168 462 χάριτι
1185 426 1383 461 κατελάμπετο.
1406 427 1462 453 Καὶ
1478 426 1565 453 ταῦτα
1580 427 1651 462 πρός
1672 435 1742 453 τινα
1767 426 1878 461 διεῆειν

1076 472 1131 499 τῶν
1149 472 1360 507 προακηκοότων
1380 481 1430 507 μου
1454 472 1484 498 τὸ
1504 472 1648 499 ἐνύπνιον·
1669 471 1877 507 κατηφέστερσν

1076 518 1103 544 δὲ
1115 517 1186 544 κατὰ
1200 518 1230 544 τὸ
1249 518 1322 549 ιῑκδς
1336 517 1415 552 ἡμῶν
1436 518 1465 544 ὲν
1487 518 1521 553 τῇ
1539 517 1694 553 προσδοκίᾳ
1719 517 1779 543 τῶν
1799 517 1877 551 λυπη-

1078 563 1133 598 ρῶν
1156 562 1345 598 διακειμένων,
1369 563 1420 590 οὐκ
1442 561 1491 590 οἷδ’
1516 563 1590 595 ὅπως
1611 562 1816 597 στοχασαμένη
1834 563 1875 596 τῆς

1077 609 1115 635 ὲνι
1129 610 1195 644 ἡμῖν
1215 609 1344 641 διανοίας,
1369 609 1499 643 ἀγγελίαν
1521 609 1583 636 τινὰ
1605 609 1662 635 τῶν
1682 608 1876 643 εὑθυμοτέρων

1078 655 1146 689 πρὸς
1163 655 1237 690 ἡμᾶς
1256 655 1479 690 διαπεμψαμένη,
1498 654 1611 690 θαρρεῖν
1627 654 1824 685 ἐνεκελεύετο,
1836 656 1877 684 ut

1077 700 1127 731 τὰς
1142 700 1272 735 ἀμείνους
1294 700 1364 734 ὑπὲρ
1386 699 1470 735 αὐτῆς
1494 699 1566 734 ἔχειν
1581 699 1712 731 ἐλπίδας·
1744 698 1877 733 ἐπῄσθετο

1077 746 1131 781 γὰρ
1146 746 1196 780 τῆς
1216 746 1284 781 πρὸς
1303 746 1333 772 τὸ
1346 746 1467 781 κρεῖττον
1484 747 1580 781 ῥοπῆς.
1600 745 1697 772 Ταῦτα
1717 746 1748 772 δὲ
1764 746 1798 771 οὑ
1813 745 1875 779 πρὸς

1078 792 1185 827 ἀπάτην
1200 792 1324 825 ἐλέγετο,
1344 791 1401 818 ἀλλ’
1417 791 1448 823 ἐξ
1464 791 1547 826 αὐτῆς
1562 791 1614 826 τῆς
1624 791 1761 826 ἀληθείας
1774 791 1790 816 ὁ
1801 790 1874 823 λόγος

234 841 262 865 et
277 838 311 865 ad
329 841 472 874 praemium
497 841 733 875 appropinquans,
748 839 927 874 victoriaque
941 846 1022 866 cuto-

1077 836 1117 874 ἧν,
1132 839 1183 865 κᾶν
1208 839 1288 873 ἡμεῖς
1305 837 1373 872 πρὸς
1391 837 1421 863 τδ
1434 837 1521 872 παρὸν
1539 837 1730 873 ὴγνοήσαμεν.
1755 836 1806 870 Τῷ
1823 836 1874 861 ὗν..

234 891 298 911 nam
313 885 464 919 aspiciens,
490 889 622 920 tanquam
637 885 693 911 voti
706 884 763 920 jam
782 892 896 919 compos
912 883 1025 911 effectus

234 928 282 960 Iit,
298 928 419 961 laetatur,
434 930 543 964 sibique
556 934 584 958 et
600 929 697 957 amicis
713 930 804 956 laetum
820 928 943 956 victoria:
958 936 1026 955 nun-

233 974 303 1001 tium
329 975 428 1002 aﬂ'ert:
448 975 489 1003 sic
509 976 554 1002 illa
569 983 680 1011 quoque
695 974 791 1002 atIecta
815 975 929 1002 meliora
945 974 978 1002 de
995 983 1026 1003 se

232 1020 348 1055 iubebat
358 1029 470 1055 sperare
483 1030 490 1048 :
505 1021 563 1056 jam
579 1029 706 1056 supernae
717 1021 870 1049 vocationis
882 1022 1027 1056 praemium

234 1069 374 1099 spectans.
388 1074 420 1093 ac
434 1070 541 1093 tantum
563 1073 618 1093 non
645 1066 690 1093 illa
704 1066 828 1100 Apostoli
843 1066 925 1093 verba
944 1066 979 1093 de
998 1074 1029 1094 se

233 1110 317 1137 etiam
333 1109 430 1137 dicens
442 1110 464 1142 ί,
485 1119 494 1135 ι
506 1110 544 1137 De
559 1111 669 1145 reliquo
693 1110 815 1145 reposita
836 1114 879 1137 est
896 1110 962 1136 mihi
980 1117 1027 1137 co-

234 1162 303 1182 rona
328 1155 444 1190 justitia-
470 1163 553 1191 quam
573 1155 668 1183 reddet
695 1155 763 1182 mihi
789 1155 884 1190 justus
902 1154 1024 1188 Judex,»

233 1200 457 1236 quandoquidem
476 1210 485 1227 I
497 1200 600 1228 bonum
620 1204 760 1228 certamen
778 1201 893 1233 certavi,
919 1205 946 1228 ct
962 1209 1026 1228 cur-

234 1254 295 1274 sum
308 1246 510 1279 consummavi,
521 1249 550 1274 et
561 1245 642 1274 ﬁdem
657 1246 774 1273 servavi.
787 1255 796 1272 ι

1073 882 1127 918 γὰρ
1144 882 1270 918 καθάπερ
1283 891 1324 912 τις
1347 882 1465 917 δρομεὺς
1488 880 1678 917 παραδραμὼν
1697 881 1744 907 τὸν
1761 880 1875 906 ἀντίπα-

1073 928 1130 960 λον,
1146 928 1192 954 καὶ
1214 928 1265 963 ήδη
1279 927 1347 963 πρὸς
1362 927 1403 962 τῷ
1420 927 1537 962 τέρματι
1549 927 1597 953 τοῦ
1625 927 1736 954 σταδίου
1763 926 1874 961 γενόμε-

1073 983 1132 1006 νος,
1154 973 1345 1009 προσεγγίζων
1364 973 1559 1009 τῷ-βραὸείῳ,
1584 973 1633 999 καὶ
1661 974 1709 999 τὸν
1738 973 1875 999 ἐπινίκιον

1074 1020 1205 1054 στέφανον
1226 1019 1342 1054 βλέπων,
1356 1019 1395 1051 ὡς
1415 1020 1471 1054 ήδη,
1481 1013 1640 1055 τετυχηκὼς
1652 1020 1709 1046 τῶν
1722 1020 1873 1054 προκειμέ-

1073 1074 1126 1091 νων
1140 1064 1323 1098 ἐπαγάλλεται
1342 1064 1422 1096 αὐτὸς
1436 1064 1535 1100 ἑαυτῷ,
1547 1065 1594 1091 καὶ
1609 1066 1666 1096 τοῖς
1680 1065 1873 1100 εὐνουστέροις

1074 1110 1129 1137 τῶν
1145 1109 1249 1136 θεατῶν
1263 1110 1313 1146 τὴν
1332 1110 1411 1145 νίκην
1430 1110 1636 1144 εὐαγγελίζεται
1646 1119 1654 1126 ·
1670 1110 1727 1137 ἀπὸ
1744 1119 1872 1145 totum;

1074 1156 1142 1190 ἡμῖν
1153 1155 1300 1187 διαθέσεως
1318 1155 1434 1191 κάκείνη
1452 1155 1487 1183 τὰ
1503 1157 1676 1193 χρηστότερα
1698 1158 1767 1192 περὶ
1791 1156 1872 1189 αὐτῆς

1076 1200 1195 1233 ἐλπίζειν
1208 1201 1302 1236 ἐδήλου
1311 1209 1317 1216 ⁸
1330 1201 1381 1236 ήδη
1395 1201 1462 1236 πρὸς
1476 1203 1507 1228 τὸ
1523 1202 1650 1237 βραϐεῖον
1667 1202 1720 1237 τῆς
1735 1202 1798 1229 ἄνω
1811 1202 1871 1237 κλή-

1077 1254 1145 1278 σεως
1164 1246 1316 1281 βλέπουσα,
1342 1247 1389 1273 καὶ
1414 1247 1555 1283 μονονουχὶ
1578 1247 1609 1274 τδ
1633 1247 1681 1274 τοῦ
1707 1247 1871 1274 ’Δποστόλον

233 1292 418 1329 φθεγγομένη,
448 1294 490 1320 ὅτι
518 1303 529 1320 ‹
570 1293 729 1320 ’Δπόκειταί
753 1302 799 1328 μοι
826 1293 920 1320 λοιπὸν
942 1294 957 1319 ὁ
979 1293 1029 1328 τῆς
1064 1293 1237 1329 δικαιοσύνης
1260 1295 1408 1329 στέφανος,
1432 1294 1461 1320 ὃν
1492 1294 1628 1321 ἀποδώσει
1651 1303 1698 1330 μοι
1723 1296 1737 1321 ὀ
1771 1294 1872 1324 δίκαιος

232 1340 341 1376 Κριτής
350 1348 357 1355 ⁵
372 1349 382 1365 ο
395 1339 489 1375 ἐπειδὴ
506 1350 516 1366 ι
530 1339 577 1367 τὸν
590 1340 673 1367 καλδν
689 1340 782 1375 ἀγῶνα
795 1340 959 1375 ἠγώνισμαι,
975 1341 1023 1367 καὶ
1036 1339 1199 1376 τὺνρδρόμον
1213 1341 1340 1367 τετέλεκα
1354 1342 1401 1368 καὶ
1413 1341 1462 1377 τὴν
1476 1341 1567 1368 πίστιν
1580 1342 1733 1377 τετήρηκα.
1751 1350 1762 1367 ι

267 1386 309 1414 Ad
322 1387 456 1415 bonorum
471 1387 555 1424 igitur
571 1388 699 1415 nuntium
716 1389 833 1416 recreati
852 1388 1024 1416 surreximus

233 1437 263 1462 ut
291 1434 327 1461 iis
351 1434 533 1469 praesentibus
558 1433 732 1462 frueremnr:
751 1439 830 1462 erant
851 1438 944 1462 autem
965 1434 1024 1461 haec

1118 1389 1214 1424 Ἡμεῖς
1232 1390 1281 1425 μὲν
1305 1387 1352 1416 οὖν
1365 1390 1434 1424 πρὸς
1454 1390 1505 1425 τὴν
1525 1389 1582 1415 τῶν
1598 1388 1711 1423 ἀγαθῶν
1739 1388 1873 1421 ἀγγελίαν

1076 1433 1189 1469 εὔθυμοι
1212 1434 1411 1467 καταστάντες,
1432 1435 1482 1469 τῆς
1501 1434 1557 1461 τῶν
1577 1435 1774 1469 προκειμένων
1811 1434 1873 1459 ἀπο-

232 1480 319 1513 varia,
336 1484 363 1507 et
378 1480 480 1507 laetitiae
502 1480 600 1515 plenus
613 1484 773 1515 apparatus.
789 1479 857 1507 Nam
882 1479 1022 1515 hucusque

1077 1480 1199 1511 λαύσεως
1215 1478 1295 1515 ἦμεν.
1312 1481 1426 1507 Ποικίλα
1448 1481 1478 1507 δὲ
1491 1477 1526 1513 ἦν
1539 1479 1638 1511 ταῦτα,
1653 1479 1702 1506 καὶ
1719 1479 1816 1513 πάτης
1831 1488 1873 1504 πε·

233 1526 326 1554 studio
341 1533 438 1561 magna
452 1526 498 1553 illa
514 1525 694 1553 descenderat
707 1535 714 1552 :
731 1533 826 1552 verum
847 1533 910 1552 cum
924 1533 1023 1553 rursus

232 1570 262 1598 in
278 1570 338 1605 ejus
353 1574 530 1605 conspectum
549 1571 736 1602 venissemus,
750 1577 804 1597 non
820 1570 951 1604 permisit
963 1570 1023 1597 ina-

232 1616 304 1644 niter
319 1620 427 1651 tempus
443 1623 618 1648 consumere,
635 1617 683 1644 sed
697 1624 712 1643 a
725 1616 844 1651 pueritia
857 1623 1023 1644 sualmemov

232 1662 301 1689 riam
316 1669 412 1690 eorum
434 1667 572 1697 repetens,
590 1671 650 1697 quae
675 1662 862 1698 contigerant,
890 1665 1021 1698 tanquam

232 1707 268 1734 de
280 1707 386 1742 scripto
399 1708 490 1734 omnia
509 1709 681 1739 recensebat,
697 1715 787 1742 neque
800 1707 845 1734 illa
861 1707 1023 1741 praetermit-

233 1757 305 1784 tens.
322 1761 383 1788 quae
395 1753 433 1781 de
446 1760 591 1789 parentum
610 1758 768 1781 nostrorum
783 1753 839 1781 vita
856 1752 1021 1780 recordaba-

233 1803 288 1830 tur,
303 1805 420 1834 quaeque
436 1799 478 1827 vel
493 1800 614 1827 ante‘vel
629 1804 691 1834 post
705 1804 797 1826 ortum
812 1806 901 1826 meum
919 1806 1020 1826 evene-

233 1848 318 1872 rant:
339 1845 502 1885 narrationi‘
513 1851 603 1872 autem
619 1849 641 1873 is
657 1849 718 1873 erat
738 1846 895 1880 propositus
915 1844 977 1872 linis
993 1850 1022 1872 ut

233 1890 290 1919 Deo
300 1892 404 1927 gratias
416 1895 509 1926 ageret
522 1900 527 1916 :
545 1891 667 1926 ipsorum
680 1892 752 1919 enim
766 1895 911 1926 parentum
927 1891 1020 1923 vitam,

233 1944 289 1964 non
306 1941 362 1964 tam
376 1938 475 1972 opibus
494 1937 597 1964 claram
616 1941 643 1964 et
665 1937 810 1968 illustrem,
828 1944 910 1972 quam
929 1936 1020 1964 divina

233 1983 404 2019 benignitate
424 1987 532 2010 auctam
558 1983 783 2017 cumulatamque
802 1982 1019 2013 demonstrabat,

232 2037 295 2056 cum
310 2033 422 2065 propter
435 2029 646 2057 confessionem
660 2028 763 2055 Christi
781 2028 867 2062 patris
881 2028 1020 2063 genitores

231 2074 351 2104 fuissent
364 2075 515 2111 oppugnati
530 2079 613 2110 atque
625 2075 715 2102 vexati
729 2083 736 2101 :
755 2081 836 2101 avum
852 2078 944 2102 autem
960 2082 1020 2101 ma-

231 2124 340 2146 ternum
351 2119 505 2155 indignatio
519 2120 593 2155 regia
604 2119 776 2150 sustulisset,
787 2118 934 2154 omniaque
947 2119 1021 2147 illius

1077 1527 1204 1562 πλήρωτο
1219 1526 1353 1562 θυμηδίας
1370 1528 1387 1562 ὴ
1401 1526 1574 1562 παρασκευὴ,
1587 1525 1661 1552 οὕτω
1675 1525 1727 1560 τῆς
1743 1526 1873 1559 Μεγάλης

1076 1573 1123 1599 καὶ
1147 1572 1228 1609 μέχρι
1250 1573 1352 1599 τούτων
1373 1574 1406 1608 τῇ
1434 1572 1536 1607 σπουδῇ
1558 1570 1719 1606 κατιούσης.
1749 1571 1831 1596 Ἐπεὶ
1849 1571 1875 1596 5‘:

1077 1619 1157 1645 πάλιν
1180 1620 1209 1645 ὲν
1235 1618 1384 1654 ὀφθαλμοῖς
1402 1616 1474 1654 ἦμεν
1497 1617 1600 1653 αὐτῆς,
1627 1617 1658 1643 οὐ
1681 1617 1739 1652 γὰρ
1758 1617 1806 1643 εἴα
1829 1617 1873 1650 τὴν

1076 1662 1201 1698 εὗσχολον
1216 1662 1290 1698 ὥραν
1307 1664 1350 1696 ἐφ’
1370 1662 1474 1689 ἑαυτῶν
1489 1662 1604 1696 διάγειν,
1625 1661 1809 1688 ἀναλαῦοὖσα
1824 1662 1873 1686 τῶν

1076 1709 1109 1735 ὲκ
1122 1709 1246 1743 νεότητος
1267 1708 1353 1743 αὐτῆς
1370 1707 1543 1743 βεϐιωμένων
1559 1707 1608 1742 τὴν
1634 1707 1763 1742 μνήμην,
1793 1707 1874 1733 καθά-

1077 1762 1129 1789 περ
1149 1754 1195 1780 ὲπὶ
1216 1754 1378 1789 συγγραφῆς
1394 1754 1482 1780 πάντα
1496 1752 1613 1787 καθεξῆς
1626 1752 1795 1787 διεξήρχετο
1806 1761 1813 1767 ·
1831 1752 1873 1778 καὶ

1076 1800 1126 1827 ὅσα
1142 1800 1191 1835 τῆς
1209 1800 1263 1826 τῶν
1278 1797 1489 1834 πατέρωννζωῆς
1503 1798 1546 1824 διὰ
1567 1798 1678 1833 μνήμης
1693 1795 1769 1832 εἶχε,
1786 1798 1833 1824 καὶ
1845 1798 1873 1823 τὰ

1076 1846 1129 1881 πρὸ
1145 1846 1194 1881 τῆς
1217 1845 1287 1880 ἐμῆς
1305 1845 1468 1880 γεννήσεως,
1484 1844 1589 1871 καὶτὸν
1608 1843 1681 1878 μετὰ.
1691 1843 1787 1870 ταῦτα
1806 1843 1871 1877 βία-δ’

1077 1892 1176 1923 σκοπὸς
1192 1891 1221 1918 δὲ
1241 1891 1309 1926 αὐτῇ
1325 1890 1372 1917 τοῦ
1394 1891 1562 1926 διηγήματος
1588 1887 1627 1925 ἦν
1645 1890 1716 1925 πρὸς
1733 1890 1784 1916 τὸν
1809 1890 1872 1916 Θεὴν

1076 1937 1244 1974 εὐχαριστία.
1266 1937 1326 1964 Τῶν
1350 1937 1404 1973 γὰρ
1424 1937 1526 1971 γονέων
1548 1936 1697 1963 ἁπεδείκνυ
1727 1936 1786 1963 τὸν.
1803 1936 1872 1970 βίον,

1075 1984 1108 2009 οὐ
1125 1983 1251 2009 τοσοῦτον
1279 1984 1311 2009 ὲκ
1334 1982 1493 2017 περιουσίας
1515 1982 1647 2016 λαμπρὸν.
1660 1983 1719 2012 τοῖς
1747 1982 1813 2007 τότε
1831 1983 1873 2008 καὶ

1077 2028 1257 2063 περίΰλεπτον
1288 2028 1367 2058 ὄντα,
1398 2028 1460 2053 ὅσον
1492 2028 1523 2053 ὲκ
1553 2027 1629 2057 θείας
1663 2026 1872 2061 φιλανθρωπίαις

1075 2074 1277 2109 ὲπαυξηθέντα,
1292 2074 1349 2100 τῶν
1369 2074 1424 2108 μὲν-
1444 2072 1491 2099 τοῦ
1516 2072 1616 2108 πατρὸς
1630 2072 1736 2107 γονέων
1761 2073 1806 2099 διὰ
1827 2073 1871 2107 τὴν

1076 2122 1116 2152 εἰς
1139 2120 1255 2155 Χριστὸν
1277 2119 1422 2155 ὁμολογίαν
1442 2119 1666 2154 δεδημευμένων·
1692 2118 1741 2144 τοῦ
1758 2119 1790 2145 δὲ
1806 2118 1871 2145 κατὰ

231 2162 304 2190 bona
316 2163 378 2191 aliis
393 2163 517 2191 dominis
529 2163 719 2191 distribuisset
733 2173 738 2191 :
755 2167 877 2192 attamen
890 2162 958 2190 adeo
973 2171 1021 2198 per

1077 2166 1181 2202 μητέρα
1195 2166 1409 2201 προπάτοροςνὲκ
1428 2165 1573 2200 βασιλικῆς,
1587 2164 1809 2199 ἀγανακτήσεως
1829 2165 1870 2190 ἀν-

231 2207 313 2235 ﬁdem
330 2208 462 2242 crevisse,
490 2212 525 2236 ut
546 2216 580 2237 eo
606 2212 729 2244 tempore
746 2209 839 2237 nullus
860 2209 902 2237 eis
922 2208 1023 2236 clarior

231 2253 379 2281 exstiterit.
405 2253 472 2282 Rem
494 2259 584 2283 autem
610 2255 793 2287 familiarem,
824 2254 951 2290 quamvis
973 2263 1023 2289 pro

231 2306 350 2328 numero
363 2299 511 2328 liberorum
525 2301 671 2336 multiplici
687 2303 794 2330 ratione
813 2301 909 2329 fuisset
921 2301 1020 2332 divisa.

234 2350 324 2373 tamen
338 2353 401 2373 eum
418 2346 558 2373 cumulum
571 2347 663 2375 divina
681 2348 827 2375 clementia
845 2349 1001 2383 suscepisse
1011 2369 1019 2381 ,

233 2396 263 2418 ut
283 2395 427 2426 parentum
443 2399 520 2427 opes,
534 2392 706 2427 singulorum
727 2394 876 2421 liberorum
895 2402 958 2423 sors
971 2402 1020 2422 su—

232 2437 370 2472 peraverit
383 2446 389 2464 :
406 2437 458 2465 sibi
470 2442 563 2465 autem
575 2446 609 2466 ex
618 2446 696 2475 aequa
709 2439 736 2467 in
752 2440 851 2468 fratres
863 2441 1020 2476 partitione,

232 2483 371 2517 reliquum
391 2482 490 2510 fecisse
505 2483 584 2516 nihil,
604 2484 651 2512 sed
675 2486 766 2512 omnia
787 2487 915 2514 manibus
931 2495 1023 2515 sacer-

233 2528 306 2556 dotis
321 2527 416 2556 divino
431 2529 560 2557 mandato
577 2530 763 2566 dispensasse,
778 2536 804 2559 et
822 2532 875 2559 Dco
894 2533 1023 2568 suppedi-

232 2577 310 2602 tante
323 2574 405 2601 talem
420 2575 472 2603 sibi
493 2575 579 2604 fuisse
594 2577 688 2609 vltam,
712 2582 740 2604 ut
753 2585 842 2612 neque
860 2582 925 2604 tunc
942 2578 1021 2612 juxta

233 2625 413 2655 praeceptum,
432 2622 561 2650 manibus
583 2622 698 2650 desierit
723 2623 859 2656 laborare,
884 2632 972 2660 neque
987 2625 1021 2651 ad

234 2665 371 2694 hominem
395 2674 514 2702 unquam
540 2669 701 2703 respexerit,
729 2673 775 2696 aut
803 2669 830 2696 in
856 2671 1021 2706 cujusquam

233 2711 414 2741 beneficentia
446 2713 560 2742 honeste
589 2713 697 2742 vivendi
726 2722 801 2750 spem
831 2715 1019 2744 collocaverit.

213 2824 223 2836 ,
272 2803 285 2821 ⁸
299 2803 458 2833 ΠΤίι-ηοιιι,
476 2814 517 2840 Iv,
537 2808 561 2834 7.

1075 2212 1215 2248 ῃρημένου
1226 2232 1233 2244 ,
1249 2212 1297 2239 καὶ
1315 2212 1426 2239 πάντων
1442 2211 1496 2238 τῶν
1523 2210 1680 2246 προσόντων
1697 2211 1739 2242 εἰς
1763 2210 1868 2246 ἐτέρους

1076 2258 1342 2294 μετακεχωρηκότων
1366 2257 1513 2288 δεσπόταςο
1529 2257 1576 2283 καὶ
1589 2256 1666 2291 ὅμως
1682 2257 1725 2287 είς
1747 2256 1868 2283 τοσοῦτον

1073 2303 1118 2329 διὰ
1132 2303 1248 2334 πίστεως
1267 2302 1318 2338 τὴν
1343 2302 1415 2337 ζωὴν
1429 2301 1596 2337 αὐξηθῆναι,
1614 2301 1653 2333 ὡς
1679 2302 1719 2336 μὴ
1733 2299 1806 2328 εἶναι
1829 2302 1868 2327 τήν

1073 2348 1144 2383 ὑπὲρ
1156 2347 1255 2379 αὐτοὺς
1271 2348 1299 2374 ὲν
1314 2349 1370 2379 τοῖς
1390 2347 1450 2373 τότε
1464 2348 1570 2382 χρόνοις
1586 2346 1803 2382 ὀνομαζόμενον.
1819 2347 1867 2373 Πά-

1073 2393 1114 2419 λιν
1126 2392 1155 2419 δὲ
1171 2392 1222 2427 τῆς
1238 2392 1395 2428 περιουσίας
1416 2393 1506 2419 αὐτῶν
1531 2392 1602 2419 κατὰ
1622 2392 1670 2418 τὸν
1683 2392 1805 2428 ἀριθμὸν
1818 2392 1865 2418 τῶν

1071 2437 1173 2464 τέκνων
1198 2438 1312 2472 ὲννεαχῆ
1339 2435 1549 2472 διατμηθείσης,
1578 2436 1667 2467 οὕτως
1706 2436 1816 2471 ἑκάστῳ
1838 2437 1864 2463 δι’

1072 2484 1196 2518 εὐλογίας
1208 2483 1394 2519 πληθυνθῆναι
1411 2482 1459 2517 τὴν
1477 2483 1584 2517 μοῖραν,
1601 2482 1640 2514 ὡς
1658 2483 1732 2519 ὑπὲρ
1754 2485 1804 2519 τὴν
1820 2484 1865 2509 τῶν

1072 2530 1172 2564 γονέων
1199 2528 1346 2563 εὐκληρίαν
1372 2528 1421 2563 τὴν
1445 2528 1561 2554 ἑκάστου
1584 2528 1639 2554 τῶν
1667 2529 1776 2555 τέκνων
1804 2528 1863 2556 εἶναι

1075 2576 1163 2611 ζωήν·
1182 2575 1270 2610 αὐτῆς
1289 2575 1317 2601 δὲ
1339 2574 1445 2608 ἐκείνης
1466 2573 1520 2601 τῶν
1546 2573 1595 2609 μὲν
1618 2574 1863 2609 ὲπωνομασθέντων

1076 2623 1145 2658 αὐτῇ
1160 2621 1230 2648 κατὰ
1241 2621 1289 2656 τὴν
1305 2620 1358 2647 τῶν
1370 2620 1492 2654 ἀδελφῶν
1505 2619 1659 2654 ίσομοιρίαν
1672 2620 1862 2655 ὑπολειφθῆναι

1078 2668 1160 2703 μηδὲν
1170 2687 1177 2700 ,
1196 2666 1264 2694 ἀλλὰ
1277 2666 1364 2693 πάντα
1387 2667 1447 2697 ταῖς
1461 2664 1540 2701 χερσὶ
1556 2665 1602 2691 τοῦ
1617 2664 1719 2700 ἱερέως
1743 2666 1812 2692 κατὰ
1822 2665 1862 2700 τὴν

1076 2714 1152 2741 θείαν
1179 2713 1289 2748 ἐντολὴν
1312 2711 1538 2748 οἰκονομηθῆναι·
1571 2711 1617 2737 τὸν
1643 2711 1673 2737 δὲ
1702 2712 1762 2747 βίον
1788 2711 1861 2747 αὐτῆς
