1917 3079
73 111 91 140 5
96 111 137 140 Kl

701 120 747 147 DE
763 120 840 147 Vl'l‘A
863 120 891 147 S.
910 120 1083 148 MAClilNzlf.

1656 123 1710 151 982

74 171 203 198 τοιοῦτον
227 172 260 199 ἐκ
283 172 403 208 τῆς.τοῦ
430 173 498 200 Θεοῦ
523 176 654 211 χορηγίας
670 176 812 210 γενέσθαι,
836 177 863 203 ὠι

924 176 1077 209 Quinetiam
1091 180 1120 203 ut
1133 184 1271 211 nunquam
1288 181 1409 213 petentes
1427 179 1567 214 repulerit,
1586 179 1627 207 sic
1642 180 1710 208 dan-

77 216 219 249 μηδέποτε
244 217 323 252 λῆξαι
339 217 390 250 τὰς
403 219 496 255 χεῖρας
514 221 554 252 είς
567 221 676 256 ἐντολὴν
695 222 871 256 ἐνεργούσας,

77 261 154 296 μηδέ
168 261 235 297 πρὸς
246 262 388 297 ἄνθρωπον
405 264 556 300 ἀποϐλέψαι
571 266 636 292 ποτέ
646 273 652 280 ·
671 267 737 301 μηδὲ
746 268 789 294 διά
800 277 872 299 τινος

77 305 257 342 ἀνθρωπίνης
272 308 431 344 εὐεργεσίας
458 310 582 344 γενέσθαι
593 311 662 346 αὐτῇ
675 312 723 343 τὰς
743 312 810 348 πρὸς
824 312 872 347 τὴν

76 350 239 386 εὐσχήμονα
265 351 404 388 διαγωγὴν
431 353 574 389 ἀφορμάς’
606 356 675 382 ἀλλὰ
708 357 775 392 μήτε
809 358 871 389 τοὺς

75 394 222 427 αίτοΰντας
238 396 465 433 ἀποστραφῆναι,
492 400 563 435 μήτε
585 401 647 432 τοὺς
674 401 791 433 διδόντας
809 403 870 429 ἐπι-

924 226 964 249 les
986 230 1124 257 nunquam
1139 223 1321 258 quaesivisse:
1340 231 1402 251 etttn
1419 224 1491 252 Deus
1510 226 1619 253 occulta
1637 234 1708 262 qua-

923 268 985 294 dam
1002 268 1108 296 ratioue
1123 276 1222 303 parvos
1240 269 1349 297 labores
1373 277 1439 298 suos
1455 275 1587 305 tanquam
1603 273 1708 300 semina

923 314 955 341 ad
970 314 1088 341 l‘ructum
1102 315 1279 349 multiplicem
1294 316 1462 351 benignitate
1473 325 1521 344 sua
1534 318 1706 352 perduceret.

924 359 976 385 Sed
998 368 1058 386 cum
1077 360 1201 394 proprios
1216 369 1266 396 ego
1284 361 1402 394 labores,
1419 369 1489 397 quos
1510 365 1706 397 sustinuerant,

923 413 1104 436 recenserem,
1136 406 1253 440 primttm
1277 415 1339 434 cttm
1367 415 1382 434 a
1403 407 1518 435 Valente
1543 409 1709 443 imperatore

75 440 206 489 ζητῆσαι,
219 441 368 476 λεληθότως
377 444 423 473 τοῦ
436 445 503 471 Θεοῦ
516 446 641 482 καθάπερ
653 448 714 475 τινὰ
726 449 863 484 σπέρματα

922 456 1032 487 propter
1053 452 1130 478 tidem
1148 453 1295 480 fuissemus
1312 453 1339 480 in
1353 453 1480 481 exsilium
1495 455 1586 489 pulsi;
1609 455 1709 483 deinde

74 486 128 518 τὰς
150 487 281 535 βραχείας
303 489 336 535 ἐκ
356 489 410 516 τῶν
433 490 521 526 ἔργων
534 492 660 528 ἀφορμὰς
675 496 714 526 εἰς
739 496 863 531 πολύχουι

922 505 983 524 cum
1000 498 1184 526 Ecclesiarum
1201 499 1372 535 perturbatio
1388 507 1439 527 nos
1463 500 1497 527 ad
1515 500 1667 528 certamina
1680 505 1709 529 et

75 532 186 586 καρπὸν
213 535 273 566 ταῖς
295 534 429 569 εὐλογίαις
454 537 625 570 ἐπαύξοντος.
659 540 740 575 Ἐμοῦ
763 541 791 567 δέ
808 543 863 573 τοὺς

921 544 1035 572 sudores
1048 550 1193 573 evocaret:
1211 545 1285 573 (Non
1294 545 1428 579 desines,»
1444 547 1614 582 inquitilla,¢
1633 548 1704 575 divi-

77 577 165 628 lSI-o'ui
178 579 276 628 πόνους
287 600 295 612 ,
311 579 341 607 ἐν
355 578 396 613 οἷς
410 582 494 617 ήμην,
508 582 661 616 διεξιόντος,
674 585 805 621 πρότερον
821 586 863 621 μὲι

921 592 1019 618 norrtm
1040 591 1235 619 beneficiorum
1253 592 1396 619 immemor
1412 592 1606 627 essetingrati
1624 593 1708 620 animi

74 622 128 676 105'
137 622 281 676 ’βασιλέως
302 625 451 658 Οὐάλεντος
467 627 510 654 διὰ
524 628 573 663 τὴν
588 629 677 656 πίστιν
693 631 863 664 ἐλαύνοντος,

920 636 1015 662 vitium
1041 644 1095 663 non
1113 636 1276 664 cohibebis?
1294 644 1349 663 non
1365 636 1539 671 comparabis
1561 640 1707 671 parentum

76 668 150 718 μετὰ
165 668 203 718 δέ.
213 670 300 698 ταῦτα
315 672 365 707 τῆς
390 672 420 699 ἐν
440 674 499 705 ταῖς
522 674 695 710 Ἐκκλησίαις
713 677 863 712 συγχύσεως

920 681 1075 709 rationibus
1101 682 1185 710 tuas?
1212 683 1294 717 Atqui
1315 683 1337 710 si
1364 668 1496 718 quantum
1527 668 1646 717 pertinet
1672 682 1708 709 ad

75 713 148 766 προς
161 714 258 747 ἄθλους
270 717 344 752 ἡμᾶς
356 718 403 744 καὶ
414 719 554 754 καμάτους
567 721 782 756 ἐκκαλουμένης,
801 732 810 748 t
831 724 863 750 Ot'

920 727 991 754 banc
1011 727 1096 754 vitam
1121 735 1152 754 ea
1174 735 1204 755 re
1220 728 1381 763 gloriamur,
1409 727 1483 763 quod
1509 727 1583 754 claro
1607 734 1707 762 genere

75 762 182 809 παύση,
198 762 280 809 ιρησὶν
290 763 317 809 γή
330 763 454 799 Μεγάλη,
472 765 637 801 ἀγνωμόνως
651 767 696 793 ἐπὶ
720 769 775 800 τοῖς
788 768 863 801 θείοις

920 774 987 805 nati,
1003 777 1030 800 et
1047 773 1170 800 honestis
1184 773 1236 800 orti
1255 762 1424 809 parentibus?
1434 780 1541 805 sumus,
1555 775 1633 807 pater
1646 772 1707 807 qui-

74 805 190 858 αγαθοῖς
207 806 457 860 auitam/agon
477 811 654 846 θεραπεύσεις
668 813 717 848 τῆς
736 814 824 851 ψυχῆς
839 815 863 842 τί

920 819 983 846 dem
1001 818 1057 846 illis
1080 805 1288 854 temporibus—et
1306 818 1415 853 juvenis
1429 823 1542 846 eatenus
1556 817 1658 851 ﬂoruit,
1677 822 1708 845 ut

75 852 241 887 ἀχάριστον;
259 852 317 880 οὐκ
340 854 573 891 ἀντιπαραθήσεις
593 858 650 889 τοῖς
672 858 726 885 τῶν
741 860 863 895 πατέρων

919 862 992 890 inter
1008 863 1084 891 cives
1100 852 1179 890 etiin
1204 852 1318 898 judiciis
1339 863 1398 898 ejus
1419 862 1506 898 gloria
1531 862 1704 890 consisteret.

75 896 109 923 τὰ
125 897 179 930 σάς
192 897 286 928 Καίτοι
303 907 335 934 γε
359 900 428 927 κατὰ
444 901 490 928 τὸν
510 902 612 937 κόσμον
628 903 720 930 τοῦτον
737 905 765 931 ἐν
780 905 863 941 τούτῳ

919 906 985 935 Post
1000 911 1090 935 autem
1107 896 1227 935 eruditio
1240 896 1360 943 quidem-
1375 896 1462 942 ipsius
1479 914 1509 935 se
1532 907 1642 942 longius
1658 914 1707 934 ex?

73 940 107 977 δὴ
123 942 242 977 μάλιστα
258 944 493 981 μεγαλαυχοῦμεν,
510 947 539 973 ἐν
552 947 591 982 τῷ
606 945 635 974 εὖ
652 949 803 982 γεγονέναι,
820 940 867 977 καὶ

74 987 141 1014 «me
155 988 275 1023 εὐγενῶν
297 989 378 1025 φῦναι
397 991 495 1019 δοκεῖν.
517 993 614 1025 Πολὺς,
635 994 716 1029 φησὶ,
731 995 801 1022 κατὰ
818 995 866 1031 τὴν

74 1032 218 1060 παίδευσιν
235 1034 265 1061 ἐν
282 1036 340 1067 τοῖς
362 1036 422 1063 τότε
444 1037 549 1072 χρόνοις
568 1038 582 1064 ὁ
602 1038 693 1074 πατὴρ
708 1040 864 1075 ἐνομίζετο,

73 1078 142 1106 ἀλλὰ
160 1080 242 1115 μέχρι
262 1080 318 1108 τῶν
333 1081 472 1117 ἐγχωρίων
485 1082 667 1119 δικαστηρίων
680 1085 696 1119 ή
710 1085 771 1112 κατ’
785 1085 866 1112 αὐτὸν

75 1123 170 1151 ἵστατο
181 1124 253 1158 δόξα.
276 1126 353 1153 Μετὰ
367 1127 453 1154 ταῦτα
467 1128 496 1155 δέ
510 1128 565 1155 τῶν
583 1129 683 1156 λοιπῶν
701 1130 744 1157 διὰ
757 1131 807 1166 τῆς
820 1140 866 1157 σο-

75 1170 205 1206 φιστικῆς
218 1171 300 1198 αὐτοῦ
316 1172 519 1209 καθηγουμένου
529 1194 535 1206 ,
551 1175 601 1202 οὐκ
619 1175 714 1211 ἐξῆλθε
731 1176 777 1203 τὸν
797 1177 866 1204 Πόν-

73 1224 119 1244 τον
133 1218 152 1253 ἠ
168 1217 247 1253 φήμη
257 1226 264 1233 ·
286 1218 344 1245 ἀλλ’
358 1219 498 1256 ἀγαπητὸν
517 1218 551 1257 ἦν
567 1221 663 1257 ἐκείνῳ
677 1222 709 1249 τὸ
724 1223 753 1249 ἐν
766 1224 799 1258 τῇ
816 1232 866 1249 πα-

73 1262 144 1297 τρίδι
156 1263 346 1301 περίϐλεπτον.
356 1265 440 1298 sese,
454 1275 463 1291 ι
473 1267 551 1302 φησί,
564 1276 573 1292 ι
587 1267 692 1301 πόλεσι,
704 1269 864 1304 καὶδήμοις,

73 1307 121 1334 καὶ
134 1307 239 1336 ἔθνεσιν
262 1309 411 1345 ὀνομαστὸς
435 1309 477 1338 εί·
504 1312 551 1339 καὶ
569 1312 598 1339 σέ
614 1313 682 1349 πρὸς
708 1315 865 1350 συμμαχίαν

918 953 992 987 tulit,
1012 953 1085 981 fama
1107 957 1199 981 tamen
1220 953 1337 981 Pontum
1358 961 1412 981 non
1434 957 1478 981 est
1493 960 1613 988 egressa.
1632 951 1706 980 Satis

918 1000 992 1028 enim
1007 1000 1044 1027 illi
1060 1000 1110 1026 l‘uit
1125 1000 1152 1026 in
1166 1000 1252 1034 patria
1264 1000 1368 1026 clarum
1384 1006 1455 1026 esse.
1471 998 1510 1024 Tu
1527 1002 1650 1029 autem,»
1663 997 1706 1024 in—

919 1046 990 1081 quit,
1008 1054 1018 1071 ί
1031 1045 1199 1077 civitatibus,
1224 1045 1342 1080 populis,
1356 1044 1515 1071 nationibus
1527 1043 1643 1070 celebris
1663 1050 1705 1073 es,

914 1095 942 1118 te
959 1090 994 1117 ad
1012 1089 1154 1118 ferendum
1170 1090 1314 1122 auxilium,
1332 1093 1359 1116 te
1376 1089 1409 1116 ad
1425 1096 1470 1116 res
1494 1087 1707 1116 constituendas

914 1135 1044 1163 Ecclesiae
1060 1139 1088 1162 et
1108 1135 1221 1162 mittunt
1244 1138 1272 1162 et
1289 1137 1400 1166 vocant,
1427 1139 1453 1162 et
1471 1134 1518 1161 Dei
1534 1141 1635 1161 munus
1650 1141 1706 1160 non

915 1181 1042 1216 aspicis?
1063 1187 1115 1208 nec
1140 1180 1238 1207 talium
1259 1180 1396 1208 bonorum
1414 1186 1527 1207 causam
1553 1179 1708 1214 agnoscis?

915 1226 1062 1253 l’arentum
1079 1225 1152 1252 enim
1169 1220 1265 1259 preces
1279 1228 1306 1252 te
1319 1224 1353 1252 ad
1367 1225 1420 1252 boc
1435 1225 1574 1260 fastigium
1595 1224 1705 1255 tollunt,

918 1271 987 1299 nihil
1005 1275 1053 1298 aut
1078 1271 1256 1307 perexiguum
1278 1270 1314 1299 ad
1327 1278 1387 1299 eam
1403 1278 1461 1299 rem
1480 1270 1541 1306 opis
1560 1270 1704 1297 habentem

918 1316 1087 1345 domesticae.
1099 1326 1109 1342 ι

73 1361 102 1380 τε
120 1354 168 1381 καὶ
185 1354 328 1390 διόρθωσιν
344 1356 501 1392 Ἐκκλησίαι
528 1358 675 1394 πέμπουσι,
692 1360 738 1386 καὶ
758 1360 881 1387 καλοῦσι⁹
898 1362 945 1390 καὶ
959 1362 1008 1397 οὐχ
1020 1363 1086 1398 ὁρᾷς
1101 1362 1150 1398 τὴν
1169 1362 1263 1397 χάριν;
1280 1361 1345 1388 Οὐδέ
1363 1360 1551 1395 ἐπιγινώσκεις
1569 1359 1624 1386 τῶν
1657 1367 1706 1393 τη-

73 1399 204 1427 λικούτων
218 1400 330 1435 ἀγαθῶν
345 1401 395 1437 τὴν
418 1402 525 1436 αἰτίαν,
538 1404 579 1431 ὃτι
602 1412 631 1430 σε
646 1404 699 1431 τῶν
717 1405 818 1438 γονέων
835 1406 863 1432 at!
881 1406 960 1442 εὐχαὶ
979 1406 1047 1442 πρὸς
1061 1405 1127 1440 ὕψος
1148 1406 1279 1442 αἴρουσιν,
1295 1405 1431 1440 οὐδεμίαν,
1446 1405 1462 1440 ἥ
1477 1404 1571 1439 ὀλίγην
1599 1402 1706 1432 οἴκοθεν

75 1445 170 1481 ἔχοντα
185 1445 254 1481 πρὸς
266 1446 345 1473 τοῦτο
358 1449 551 1484 παρασκευήν;
572 1458 584 1474 ι

108 1492 203 1520 Ταῦτα
216 1493 361 1527 διεξιοῦσα,
378 1492 433 1527 ἐγὼ
449 1493 498 1528 μὲν
516 1493 726 1529 παρατείνεσθαι
740 1494 821 1520 πλέον
835 1495 863 1521 τὸ

954 1492 1017 1521 [late
1036 1493 1083 1520 illa
1096 1500 1159 1520 cum
1175 1496 1400 1527 persequeretur,
1414 1491 1485 1518 diem
1504 1491 1629 1526 equidem
1645 1500 1706 1528 pro-

75 1537 225 1573 ἡμερήσιον
240 1538 354 1566 ἐπόθουν
376 1538 485 1574 μέτρον,
509 1539 546 1571 ὡς
560 1539 593 1566 ἂν
615 1539 651 1575 μὴ
666 1539 755 1576 λήξειε
776 1548 862 1566 κατα-

74 1582 256 1617 ·ίλυκαίνουσα
285 1583 363 1619 ήμῶν
383 1584 434 1619 τὴν
465 1584 567 1618 ἀκοήνσ
592 1584 649 1611 ἀλλ’
673 1587 689 1619 ὴ
715 1584 790 1620 φωνὴ
808 1584 863 1611 τῶν

75 1628 231 1663 ψαλλόντων
246 1630 315 1665 πρὸς
334 1629 384 1662 τὰς
396 1630 565 1665 ἐπιλυχνίους
578 1631 752 1665 εὐχαριστίας
770 1631 863 1663 ἐξεκαι-

75 1673 160 1707 λεϊτο,
180 1675 252 1711 κάμὲ
271 1676 340 1711 πρὸς
354 1675 404 1711 τὴν
424 1676 571 1710 ἐκκλησίαν
585 1677 759 1711 ἐκπέμψασα,
783 1677 862 1703 πάλιν

78 1720 221 1757 ήΜεγάλη
237 1721 282 1749 διὰ
301 1722 355 1749 τῶν
369 1722 457 1757 εὐχῶν
479 1722 547 1758 πρὸς
564 1723 610 1749 τὺν
630 1722 697 1749 Θεὸν
717 1723 861 1759 ἀνεχώρει.

77 1765 130 1792 Καὶ
143 1767 160 1802 ή
175 1766 224 1802 μὲν
239 1766 333 1800 νὺξέν
353 1768 457 1800 τούτοις
470 1766 514 1805 ἦν.
537 1769 579 1800 Ὠς
593 1768 620 1795 δὲ
637 1768 728 1804 ἡμέρα
745 1769 861 1803 ἐγένετο,

76 1811 136 1847 ἐμοὶ
144 1813 194 1848 μὲν
209 1813 340 1849 πρόδηλον
351 1815 383 1841 ἐκ
394 1814 448 1841 τῶν
459 1814 604 1850 ὁρωμένων
614 1813 660 1851 ἦν,
673 1815 714 1842 ὅτι
726 1816 740 1842 ὁ
750 1815 863 1850 ἔσχατος

76 1857 142 1893 αὐτῇ
155 1857 207 1892 τῆς
222 1858 293 1885 κατὰ
309 1859 398 1894 σάρκα
413 1858 486 1894 ζωῆς
503 1860 564 1895 ὅρος
583 1860 599 1895 ἡ
621 1860 757 1886 ἐνεστῶσα
775 1861 863 1896 ἡμέρα

75 1899 124 1936 ἦν,
148 1904 240 1930 πᾶσαν
259 1904 309 1940 τὴν
333 1904 496 1940 ἐγκειμένην
517 1906 550 1940 τῇ
575 1905 655 1939 φύσει
678 1905 791 1941 δύναμιν
815 1906 862 1933 τοῦ

76 1948 194 1983 πυρετοῦ
212 1949 425 1985 δαπανήσαντος.
465 1951 487 1977 H
502 1951 530 1977 δὲ
545 1951 612 1987 πρὸς
633 1952 663 1978 τὸ
687 1951 797 1983 ἀσθενὲς
813 1952 863 1987 τῆς

76 1993 194 2027 δῖανοίας
207 1996 284 2031 ήμῶν
302 1996 447 2031 βλέπουσα,
463 1997 597 2032 παράγειν
611 1998 685 2033 ἡμᾶς
697 1999 729 2024 ἐκ
741 1998 792 2033 τῆς
811 2007 862 2024 κα-

75 2039 244 2075 τηφεστέρας
271 2039 377 2072 ἐλπίδος
396 2041 565 2076 ἐμηχανᾶτο,
591 2041 672 2069 πάλιν
694 2043 750 2074 τοῖς
771 2042 862 2074 καλοῖς

76 2084 190 2117 ἐκείνοις
212 2086 301 2121 λόγοις
321 2087 464 2123 διαχέουσα
480 2088 529 2123 τῆς
546 2088 634 2124 ψυχῆς
651 2088 681 2115 τὸ
694 2088 862 2123 λυπούμενον

76 2129 103 2154 ἐν
119 2129 210 2166 λεπτῷ
229 2131 322 2159 λοιπὸν
334 2133 382 2159 καὶ
397 2134 565 2169 συνεχομένῳ
579 2133 618 2169 τῷ
629 2134 759 2169 ἄσθματι.
778 2134 862 2161 Ἔνθα

75 2175 105 2210 δὴ
136 2177 185 2204 καὶ
210 2177 329 2213 μάλιστα
354 2179 491 2211 ποικίλως·
511 2179 640 2206 διετίθετό
668 2188 713 2215 μοι
738 2179 806 2214 πρὸς
831 2180 862 2206 τδ
879 2173 900 2200 ο

76 2225 234 2258 φαινόμενον
250 2224 349 2260 ήψυχή
362 2232 368 2239 ·
385 2226 434 2260 τῆς
455 2225 513 2260 μὲνι
528 2225 634 2260 φύσεως
648 2226 687 2257 είς
701 2226 862 2261 σκυθρωπό-

74 2275 157 2301 τητα,
182 2269 252 2296 κατὰ
276 2270 306 2296 τὸ
330 2270 419 2302 εἰκὸς¹
442 2270 622 2306 βαρουμένης,
637 2270 680 2297 διὰ
705 2270 736 2297 τὸ
764 2270 862 2306 μηκέτι

75 2313 225 2349 προσδοκᾷν
235 2315 284 2351 τῆς
294 2316 421 2351 τοιαύτης
431 2316 522 2351 φωνῆς
534 2316 580 2342 καὶ
592 2314 669 2347 αὖθις
679 2316 843 2343 ἀκούσεσθαι
852 2336 860 2348 ,

75 2358 130 2385 ἀλλ’
151 2361 214 2388 ὅσον
241 2362 348 2389 οὐδέπω
376 2362 406 2389 τὸ
429 2363 516 2389 κοινὸν
540 2362 669 2397 καύχημα
695 2364 744 2398 τῆς
766 2363 863 2397 γενεᾶς

75 2404 193 2438 ἐλπίζειν
222 2407 254 2433 ἐκ
275 2407 322 2434 τοῦ
354 2407 524 2443 ἀνθρωπίνου
551 2407 608 2442 βίου
633 2408 862 2443 μεταστήσεσθαι·

76 2450 122 2484 τῆς
137 2452 164 2478 δὲ
182 2452 281 2488 ψυχῆς,
301 2451 356 2480 οἷον
371 2453 551 2488 ἐνθουσιώσης
566 2455 599 2480 ἐκ
610 2453 664 2479 τῶν
680 2454 861 2489 φαινομένων,

76 2495 120 2521 καὶ
132 2496 216 2529 ὅντως
229 2497 408 2533 ἐκϐεϐηκέναι
423 2498 471 2534 τὴν
484 2498 577 2534 κοινὴν
591 2498 670 2533 φύσιν
684 2498 861 2533 ὑπονοοὺσης.

76 2540 114 2567 Τδ
124 2542 179 2578 γὰρ
202 2543 271 2578 μηδὲ
296 2544 326 2571 ἐν
344 2544 473 2579 ἐσχάταις
494 2544 642 2575 ἀναπνοατς
659 2541 742 2571 οὖσαν
766 2544 862 2571 παθεῖν

75 2592 133 2613 τινα
155 2587 258 2620 ξενικὸν
276 2589 323 2616 ἐπὶ
339 2591 372 2625 τῇ
396 2590 485 2617 ἑλπίδι
501 2590 552 2625 τῆς
568 2589 775 2626 μεταστάσεως,
793 2589 863 2625 μηδὲ

75 2629 205 2659 δειλιάσαι
222 2633 291 2668 πρὸς
311 2634 357 2660 τὸν
370 2635 508 2670 χωρισμὸν
530 2635 579 2670 τῆς
599 2634 681 2670 ζωῆς,
697 2634 754 2661 ἀλλ’
771 2634 860 2670 ὑψηλῇ

76 2677 106 2711 τῇ
121 2676 225 2714 διανοίᾳ
246 2681 303 2712 τοῖς
329 2680 358 2713 ἐξ
373 2680 460 2716 ἀρχῆς
475 2680 544 2716 αὐτῇ
570 2682 635 2717 περὶ
661 2679 707 2707 τοῦ
724 2680 787 2715 τῇδε
804 2680 860 2714 βίου

77 2723 245 2757 κεκριμένοις
276 2725 357 2759 μέχρι
375 2726 424 2759 τῆς
444 2725 561 2760 ἐσχάτης
585 2726 775 2760 ἐμφιλοσοφείν
797 2725 862 2752 ἁνα-

77 2767 166 2802 πνσῆς,
181 2770 273 2797 οὐκέτι
289 2779 337 2805 μοι
348 2771 434 2797 ἐδόκει
448 2770 502 2797 τῶν
512 2771 689 2805 ἀνθρωπίνων
704 2769 787 2798 εἴναι·
803 2771 861 2797 ἀλλ’

77 2807 128 2838 οἷον
147 2814 262 2850 ἀγγέλου
280 2817 364 2851 τινὸς,
381 2816 558 2852 οἰκονομικῶς
580 2816 751 2852 ἀνθρωπίνην
779 2817 861 2843 ὑπελ-

914 1539 978 1568 duci
991 1540 1100 1574 longius
1117 1539 1257 1574 optabam,
1273 1546 1308 1566 ne
1321 1538 1396 1565 dulci
1413 1545 1540 1565 sermone
1553 1545 1636 1566 aures
1651 1546 1703 1566 no-

914 1589 988 1613 stras
1003 1585 1148 1612 desisteret
1162 1584 1301 1612 oblectare
1317 1591 1325 1610 :
1341 1583 1389 1611 sed
1406 1583 1578 1610 cantantium
1593 1592 1644 1611 vox
1662 1592 1705 1611 me

913 1631 948 1659 ad
960 1631 1063 1667 gratias
1075 1631 1194 1666 agendas
1205 1630 1377 1665 vespertinas
1386 1629 1510 1657 vocabat.
1520 1629 1704 1662 Quamobrem

913 1685 975 1705 cum
999 1684 1042 1704 me
1059 1676 1092 1704 ad
1115 1676 1260 1704 ecclesiam
1280 1675 1441 1707 dimisisset,
1469 1683 1578 1703 rursum
1604 1683 1704 1710 magna

913 1723 959 1750 illa
984 1722 1172 1758 precibus-ad
1189 1721 1273 1749 Deum
1298 1722 1426 1748 accessit.
1449 1721 1487 1748 Ae
1512 1728 1567 1748 nox
1590 1720 1704 1756 quidem

913 1769 951 1797 ita
969 1772 1110 1797 transacta
1125 1772 1177 1796 est.
1196 1768 1263 1796 Cum
1283 1771 1373 1795 autern
1388 1767 1545 1800 diluisset,
1558 1767 1626 1794 mihi
1641 1767 1704 1803 qui-

913 1815 975 1842 dem
996 1823 1027 1843 ex
1045 1814 1359 1855 indiciiSLmanilestum
1386 1816 1456 1845 erat,
1482 1813 1555 1840 diem
1577 1812 1654 1840 illum
1676 1812 1705 1840 ei

913 1862 974 1897 ejus
1000 1862 1063 1890 vitze
1080 1859 1324 1891 terminum-fore.
1352 1866 1415 1886 cum
1441 1858 1576 1894 quidquid
1598 1863 1706 1886 natura:

912 1909 1013 1936 virium
1028 1908 1126 1938 inerat,
1140 1906 1225 1933 l‘cbris
1240 1903 1471 1938 consumpsisset.
1491 1903 1545 1932 Sed
1567 1903 1613 1930 illa
1626 1903 1706 1938 cogi-

914 1954 1026 1981 tationis
1040 1950 1310 1986 nostrae'respieicm
1320 1949 1546 1981 imbecillitatem,
1563 1949 1704 1984 prreclaris

914 1999 968 2025 illis
995 1997 1170 2025 sermonibus
1199 1995 1354 2028 eﬂ'trndens,
1382 1994 1455 2031 quod
1480 1994 1616 2029 reliquum
1643 1997 1704 2021 erat

914 2045 1020 2072 amictae
1036 2044 1150 2075 animat,
1161 2043 1189 2069 in
1204 2048 1311 2069 summa
1328 2040 1449 2076 spirandi
1467 2038 1637 2071 difﬁcultate,
1650 2046 1703 2067 nos

914 2098 929 2117 a
944 2089 1067 2117 tristiore
1082 2096 1132 2124 spe
1145 2087 1283 2115 abducere
1295 2086 1456 2114 conabatur.
1475 2084 1544 2112 Tum
1563 2091 1628 2111 vero
1643 2084 1701 2111 ani-

913 2144 975 2163 mus
993 2142 1071 2162 meus
1096 2133 1224 2169 pmsenti
1252 2131 1411 2167 spectaculo
1429 2130 1513 2157 variis
1533 2130 1702 2157 alliciebatur

915 2181 1003 2209 modis
1017 2190 1024 2208 ε
1038 2188 1101 2208 nam
1114 2183 1140 2207 et
1157 2182 1254 2206 natura
1267 2178 1326 2212 ipsa
1339 2183 1392 2208 me,
1406 2180 1436 2203 ut
1451 2183 1500 2211 par
1514 2179 1568 2207 est,
1582 2176 1615 2201 ad
1632 2182 1701 2202 mte-

915 2226 1017 2254 stitiam
1031 2224 1197 2260 impellebat,
1211 2230 1273 2250 cum
1291 2230 1346 2250 non
1366 2229 1506 2257 sperarem
1524 2221 1644 2255 amplius
1658 2229 1702 2249 me

914 2271 995 2299 talem
1018 2278 1113 2298 vocem
1136 2269 1303 2300 auditurum,
1328 2268 1375 2295 sed
1398 2267 1601 2302 quamprimum
1625 2275 1701 2295 com-

914 2323 1024 2343 munem
1037 2315 1152 2350 gloriam
1168 2314 1255 2342 nostri
1270 2313 1380 2349 generis
1399 2320 1432 2340 ex
1448 2312 1567 2340 humana
1579 2313 1634 2340 vita
1650 2313 1702 2340 mi-

913 2364 1051 2396 graturam
1081 2363 1217 2394 putarem.
1245 2363 1272 2387 et
1298 2367 1376 2386 mens
1397 2367 1429 2386 ex
1446 2359 1487 2386 eis
1501 2366 1562 2393 quat
1581 2358 1699 2392 videbat,

913 2409 973 2433 erat
988 2409 1116 2439 tanquam
1133 2405 1246 2431 nutnine
1258 2404 1358 2436 albata,
1376 2411 1491 2438 eamque
1507 2411 1568 2431 vere
1578 2411 1611 2431 ex
1626 2411 1702 2431 com-

914 2451 990 2479 muni
1011 2455 1114 2478 natura
1126 2451 1280 2479 excessisse
1296 2450 1493 2478 arbitrabatur.
1508 2449 1614 2478 Etenim
1636 2457 1699 2477 eum

913 2501 1065 2525 extremum
1076 2498 1138 2524 vitte
1151 2497 1279 2532 spiritum
1291 2497 1415 2530 duceret,
1430 2496 1458 2524 in
1468 2504 1517 2531 spe
1527 2495 1698 2531 migrationis

913 2543 983 2570 nihil
1004 2543 1068 2571 novi
1092 2544 1206 2575 sentire,
1218 2551 1272 2571 nec
1289 2544 1386 2571 timere
1400 2543 1428 2570 in
1456 2543 1520 2578 ipso
1529 2543 1591 2570 vitae
1605 2542 1698 2570 exitu:

913 2590 960 2618 sed
975 2590 1068 2617 animo
1087 2591 1198 2618 excelso
1222 2590 1256 2617 de
1279 2590 1330 2617 hac
1346 2589 1400 2617 vita
1411 2588 1593 2624 judicantem,
1608 2586 1699 2622 quoad

913 2635 1032 2662 animam
1055 2640 1168 2669 ageret;
1194 2634 1393 2669 philosophati,
1418 2633 1485 2659 mihi
1510 2639 1564 2659 non
1578 2630 1698 2658 hominis

914 2679 1031 2714 amplius
1041 2678 1193 2710 videbatur,
1210 2679 1258 2705 sed
1274 2677 1417 2712 cujusdam
1432 2677 1530 2712 angeli,
1547 2676 1593 2711 qui
1605 2676 1697 2703 divina

913 2725 1081 2759 providentia
1098 2723 1213 2751 formam
1240 2724 1372 2751 subiissct
1388 2722 1548 2753 humanam,
1568 2728 1618 2748 nec
1642 2720 1697 2747 ulla

914 2769 1075 2806 cognatione
1090 2774 1139 2797 aut
1153 2769 1356 2797 necessitudine
1371 2775 1433 2795 cum
1450 2768 1500 2794 hac
1516 2766 1572 2794 vita
1587 2765 1696 2793 mortali

914 2815 1078 2850 conjunclus
1094 2820 1176 2848 esset,
1193 2818 1273 2848 atque
1288 2814 1325 2841 ita
1343 2814 1411 2841 nihil
1425 2813 1582 2840 indecorum
1599 2811 1696 2839 admit-
