1917 3079
77 109 154 141 985

724 116 766 144 DE
787 117 867 146 VlTA
901 119 930 147 ὃ.
956 118 1132 147 t‘llACRiNz‘E.

1683 119 1736 147 986

76 172 251 208 ἁντιστήτω
276 173 291 199 ὁ
312 173 445 208 βάσκανος
463 175 496 210 τῇ
519 175 571 210 ὁδῷ
587 184 649 214 μου,
669 176 737 211 μηδὲ
761 178 885 214 εὑρεθείη

940 184 1007 206 tura:
1032 179 1221 206 inﬁrmitatem
1250 178 1386 214 collapsa,
1409 181 1456 206 aut
1474 178 1559 208 verbo
1580 180 1628 206 aut
1652 185 1735 214 opere

77 218 267 247 κατενώπιον
280 219 335 246 τῶν
347 220 494 256 ὀφθαλμῶν
509 229 556 248 σου
577 222 594 257 ἠ
612 222 734 258 ἁμαρτία
749 232 810 258 μου,
827 223 890 251 εἴτι

80 265 233 299 σφαλεῖσά
248 265 292 292 διὰ
310 265 359 301 τῆν
378 266 520 293 ἀσθένειαν
544 267 594 302 τῆς
617 268 725 303 φύσεως
749 269 837 304 ἡμῶν,
861 271 890 296 ὲν

78 309 179 347 λόγῳ,
197 311 214 347 ἤ
232 311 315 347 ἔργῳ,
331 311 347 347 ἢ
365 312 436 339 κατὰ
450 313 569 344 διάνοιαν
583 314 716 350 ἥμαρτον,
730 315 745 341 ὸ
759 315 827 351 ἔχων
844 316 890 343 ἐπὶ

79 356 150 390 γῆς
169 356 294 389 ἐξουσίαν
313 357 421 391 ἀφιέναι
438 359 589 394 ἁμαρτίας,
607 360 669 391 ἄνες
681 369 741 396 μοι’
759 360 803 388 ἵνα
825 362 890 388 ἀνα-

77 401 183 436 ψὺξω,
200 402 248 429 καὶ.
262 402 366 438 εὑρεθῶ
387 402 502 431 ἐνώπιόν
520 413 567 431 σου
582 407 610 431 ὲν
631 407 665 441 τῇ
683 406 830 433 ἀπεκδύσει
842 407 888 434 τοῦ

83 447 226 483 σώματος
250 458 312 484 μου,
329 450 366 485 μὴ
392 450 490 485 ἔχουσα
506 451 600 479 σπῖλον
615 453 644 478 ἐν
665 453 698 487 τῇ
725 454 816 489 μορφῇ
838 453 889 488 τῆς

80 494 188 531 ψυχῆς
209 504 270 531 μου.
290 496 360 522 Ἀλλ’
381 496 505 532 ἄμωμος,
531 499 578 525 καὶ
592 499 757 533 ἁκηλίδωτος
772 500 889 535 προσδε-

81 541 174 577 χθείη
198 543 214 578 ἡ
232 542 305 578 ψυχή
331 551 381 578 μου
405 544 434 570 ὲν
455 545 515 576 ταῖς
534 544 612 579 χερσί
631 554 688 577 σου,
706 545 743 577 ὡς
763 545 888 581 θυμίαμα

82 585 214 614 ὲνὼπιόν
236 596 294 614 σου.
315 598 323 614 ι
344 588 398 615 Καὶ
420 588 506 616 ταῦτα
529 589 587 624 ἅμα
609 589 740 624 λέγουσα,
769 591 887 618 ἐπετίθει

81 631 145 667 τὴν
161 633 297 669 σφραγῖδα
314 635 370 665 τοῖς
382 634 531 670 ὀφθαλμοῖς
552 636 598 662 καὶ
610 635 649 671 τῷ
665 636 778 671 στόματι
797 637 844 663 καὶ
854 638 886 672 τῇ

84 678 208 714 καρδίᾳ.
228 680 282 706 Καὶ
304 681 363 706 κατ’
379 680 483 713 ὀλίγον,
503 681 520 716 ἦ
539 690 569 707 τε
584 681 693 715 γλῶσσα
777 683 888 719 πυρετῷ

86 726 324 760 καταφρυγεῖσα,
344 726 435 752 οὐκέτι
464 726 594 762 διήρθρου
623 727 669 753 τὸν
696 727 784 761 λόγον,
803 729 850 756 καὶ
867 731 884 765 ἡ

942 229 988 251 aut
1006 225 1175 258 cogitatione
1192 224 1314 258 peccavi,
1343 224 1469 251 condona
1485 223 1511 250 id
1528 223 1606 257 mihi,
1636 226 1668 251 tu
1686 224 1734 259 qui

941 271 1028 299 habes
1057 272 1085 299 in
1112 276 1188 299 terra
1206 271 1364 298 dimittendi
1384 275 1496 306 peccata
1514 275 1687 306 potestatem.
1703 276 1734 299 ut

940 317 1089 352 refrigerer
1105 321 1132 345 et
1150 317 1178 344 in
1194 317 1321 352 corporis
1343 317 1508 352 spoliatione
1526 321 1590 344 ante
1616 325 1733 353 conspe-

940 369 1014 391 ctum
1032 367 1109 391 tuum
1121 364 1256 397 inveniar,
1266 371 1321 391 non
1332 363 1437 399 habens
1452 364 1587 391 maculam
1605 365 1632 392 in
1642 364 1732 392 forma

940 410 1024 437 animi
1046 410 1110 437 mei.
1138 409 1192 437 Sed
1216 410 1277 437 sine
1290 409 1506 444 reprehensione
1521 415 1548 437 et
1564 411 1626 438 labe
1640 411 1731 438 susci-

937 455 1032 490 piatur
1047 457 1156 483 animus
1175 464 1253 483 meus
1268 455 1296 483 in
1313 456 1442 484 manibus
1463 456 1519 484 luis
1535 460 1667 492 tanquam
1691 457 1732 484 in-

939 509 1052 530 censum
1072 503 1100 529 in
1120 507 1272 536 conspectu
1290 506 1347 530 tuo.
1372 511 1381 528 ι
1400 501 1464 529 llatc
1485 501 1581 530 dicens
1598 503 1688 529 oculis
1702 507 1730 530 et

937 548 978 574 ori
998 553 1024 574 et
1051 547 1128 575 cordi
1156 549 1249 576 crucis
1266 548 1376 584 signum
1394 549 1532 583 apposuit.
1542 547 1650 582 Lingua
1666 556 1732 575 vero

937 592 1007 621 febri
1032 593 1164 628 paulatim
1190 593 1301 628 penitus
1324 593 1475 625 exsiccata,
1503 593 1587 620 verba
1613 593 1732 628 amplius

937 647 991 666 nou
1006 639 1185 674 exprimebat,
1208 643 1236 667 et
1260 648 1312 667 vox
1334 640 1538 675 implicabatur.
1565 638 1657 672 Quare
1667 639 1728 666 sola

936 686 1074 714 labiorum
1098 687 1260 715 dilatatione
1279 691 1308 715 et
1330 695 1462 714 manumn
1485 690 1572 718 motu,
1589 694 1650 713 eam
1665 693 1730 721 pre-

936 733 1039 760 cationi
1059 733 1220 762 incumbere
1233 734 1478 769 cognoscebaxnus.

84 772 173 807 φωνὴ
181 773 382 801 ὑπεδίδου.Καὶ
395 774 423 800 ἐν
434 774 501 810 μόνῃ
512 776 545 810 τῇ
556 774 610 801 τῶν
625 776 736 810 χειλέων
745 776 882 814 διαστολῇ,
902 780 950 807 καὶ
973 781 1006 816 τῇ
1028 781 1083 808 τῶν
1108 781 1207 818 χειρῶν
1223 782 1344 817 κινήσει,
1383 781 1414 808 τὸ
1447 782 1476 807 ἐν
1498 779 1636 816 προσευχῇ
1659 777 1730 805 εἶναι

86 818 183 854 αὐτὴν
197 818 393 854 ὲγινώσκομεν.

130 865 187 892 Καὶ
200 865 228 891 ὲν
241 865 345 896 τούτοις
359 866 408 901 τῆς
422 865 540 901 ἑσπέρας
557 865 738 901 ἐπιλαϐούσης
749 887 755 898 ,
769 867 816 893 καὶ
831 876 885 902 φω-

974 868 1042 895 Cum
1057 868 1166 896 interim
1181 876 1279 904 vesper
1293 868 1459 900 advenisset,
1476 871 1503 895 et
1517 867 1609 894 lumen
1624 867 1728 894 illatum

85 911 140 942 τὸς
161 911 390 946 εῑσκομισθέντος.
413 911 512 947 ἀθρόον
535 911 581 938 τὸν
599 912 653 939 τῶν
675 912 806 948 ὀμμάτων
827 913 886 940 δια-

88 956 225 983 στείλασα
238 957 351 987 κὺκλον.
367 957 414 984 καὶ
428 958 496 994 πρὸς
511 958 561 993 τὴν
573 958 660 994 αὐγὴν
680 959 823 992 ἀπιδοῦσα,
839 959 886 986 Εκ-

87 1001 174 1037 δηλος
190 1002 239 1037 μὲν
252 999 286 1038 ἦν
300 1003 467 1037 φθέγξασθαι
481 1003 530 1039 τὴν
544 1004 697 1040 ἐπιλύχνιον
712 1006 887 1042 εὐχαριστίαν

87 1047 308 1083 προθυμουμένη
319 1057 326 1063 ·
343 1049 391 1083 τῆς
410 1049 438 1081 δὲ
455 1049 546 1084 φωνῆς
558 1050 762 1086 ἐπιλειπούσης,
777 1052 822 1079 διὰ
836 1053 886 1087 τῆς

87 1094 207 1129 καρδίας
223 1095 270 1120 καὶ
287 1095 337 1129 τῆς
352 1095 406 1121 τῶν
427 1095 525 1131 χειρῶν
548 1097 680 1132 κινήσεως
700 1098 820 1134 ἐπλήρου
838 1098 886 1135 τὴν

87 1141 234 1176 πρόθεσιν,
252 1142 300 1168 καὶ
315 1142 349 1168 τὰ
364 1142 440 1177 χείλη
458 1143 526 1179 πρὸς
542 1143 590 1179 τὴν
603 1144 707 1171 ἔνδοθεν
719 1146 808 1182 ὁρμὴν
823 1155 886 1173 συν-

87 1188 227 1215 εκινεῖτοο
244 1187 281 1219 ὡς
301 1187 330 1213 δὲ
345 1188 486 1225 ἐπλήρωσε
508 1189 557 1224 τὴν
580 1189 776 1225 εὐχαριστίαν,
802 1193 849 1219 καὶ
869 1193 885 1228 ἡ

87 1233 153 1268 χεὶρ
167 1233 316 1269 ἐπειχθεῖσα
332 1234 376 1261 διὰ
390 1236 440 1270 τῆς
461 1235 607 1271 σφραγῖδος
624 1236 662 1271 τῷ
683 1237 834 1273 προσώπῳ,
856 1239 886 1265 τὸ

89 1278 182 1314 πέρας
202 1279 252 1315 τῆς
274 1280 357 1316 εὐχῆς
381 1281 555 1316 διεσήμαινε,
578 1283 650 1317 μέγα
674 1291 700 1309 τι
722 1284 769 1310 καὶ
794 1284 886 1319 βύθιον

87 1325 297 1366 ᾁναπνεύσασα,
315 1328 347 1361 τῇ
366 1328 504 1363 προσευχῇ
522 1328 571 1364 τὴν
586 1328 658 1364 ζωὴν
674 1331 884 1366 συγκατέληξεν.

94 1370 143 1403 ’ῼς
155 1370 183 1397 δὲ
195 1369 230 1406 ἦν
240 1371 270 1398 τὸ
279 1371 371 1399 λοιπὸν
384 1374 487 1406 ἄπνους
497 1383 526 1400 τε
540 1375 587 1401 καὶ
601 1375 743 1411 ἀκίνητος,
755 1377 886 1412 μνησθεὶς

88 1416 148 1443 τῶν
164 1417 288 1450 ἐντολῶν,
306 1418 339 1450 ἃς
356 1419 437 1451 εὐθὺς
454 1420 528 1456 παρὰ
545 1421 593 1457 τὴν
609 1422 720 1457 πρώτην
740 1424 885 1459 συντυχίαν

91 1463 237 1499 πεποίητο,
252 1465 366 1491 είποῦσα
378 1466 520 1500 βούλεσθαι
531 1467 580 1499 τὰς
590 1469 658 1502 ἐμὰς
671 1470 727 1500 τοῖς
736 1469 886 1505 ὀφθαλμοῖς

89 1510 178 1550 αὐτῆς
195 1511 374 1546 ὲπιὸληθῆναι
400 1515 512 1549 χεῖρας,
532 1515 578 1544 καὶ
595 1514 628 1541 δι’
648 1515 714 1549 ἐμοῦ
739 1516 788 1552 τὴν
809 1525 882 1543 νενο-

92 1556 232 1591 μισμένην
247 1555 395 1592 θεραπείαν
416 1559 566 1594 ἐπαχθῆναι
583 1560 622 1595 τῷ
636 1561 757 1596 σώματι,
775 1563 882 1598 ἐπήγα-

90 1609 142 1634 γον
167 1601 207 1637 τῷ
226 1602 296 1637 ἁγίῳ
321 1603 459 1640 προσώπῳ
485 1607 648 1642 νεναρκυῖαν
670 1607 703 1634 ἐκ
718 1607 764 1634 τοῦ
782 1607 885 1640 πάθους

89 1647 143 1680 τὴν
162 1648 241 1683 χεῖρα
252 1668 258 1678 .
274 1649 335 1676 ὅσον
352 1649 389 1684 μὴ
405 1650 482 1687 δόξαι
493 1651 542 1686 τῆς
557 1651 667 1686 ἐντολῆς
684 1649 808 1687 ἀμελεῖν·
824 1653 886 1682 οὐδὲ

91 1693 150 1728 γὰρ
171 1693 225 1720 τῶν
239 1695 464 1730 ὲπανορθούντων
487 1696 512 1723 el
538 1697 671 1732 ὀφθαλμοὶ
693 1699 885 1737 προσεδέοντο,

92 1739 220 1775 καθάπερ
233 1741 278 1767 ἐπὶ
292 1741 338 1767 τοῦ
351 1742 421 1768 κατὰ
434 1741 514 1776 φύσιν
529 1742 632 1777 γίνεται
649 1743 744 1774 ὖπνου,
761 1746 816 1775 τοῖς
831 1744 888 1779 βλε-

92 1785 192 1821 φάροις
205 1786 346 1820 εὐκόσμως
357 1786 553 1822 διειλημμένοι·
564 1787 599 1814 τά
610 1796 637 1814 τε
652 1787 728 1823 χείλη
741 1789 886 1823 προσφυῶς

95 1833 248 1867 μεμυκῆτα,
273 1833 319 1859 καὶ
338 1834 365 1859 αἱ
389 1834 479 1868 χεῖρες
499 1833 644 1868 εὐπρεπῶς
664 1835 886 1862 ἑπανακλιθεῖσαι

91 1878 134 1911 τῷ
153 1878 254 1913 στήθει,
273 1879 347 1906 πᾶσά
367 1888 396 1905 τε
415 1881 431 1914 ὴ
449 1879 496 1906 τοῦ
522 1879 648 1914 σώματος
669 1880 742 1912 θέσις
765 1881 885 1917 αὐτομά-

92 1932 149 1954 τως
173 1923 242 1950 κατά
256 1924 287 1950 τὸ
305 1923 442 1960 εὔσχημον
465 1925 650 1960 άρμοσθεῑσα,
670 1926 746 1953 οὐδὲν
764 1927 813 1963 τῆς
832 1928 887 1954 τῶν

93 1969 270 2004 κοσμούντων
282 1970 371 2005 χειρὸς
386 1971 522 1998 ἑπεδέετο.

135 2015 212 2051 Ἐμοὶ
229 2016 258 2044 δὲ
278 2016 383 2053 διχόθεν
401 2017 507 2051 ἐγίνετο
531 2018 649 2054 πάρετος
671 2019 687 2053 ἡ
703 2018 786 2054 ψυχή·
803 2019 842 2050 εἰς
857 2019 887 2045 τὸ

93 2061 257 2097 φαινόμενον
279 2062 409 2094 ἔϐλεπον,
424 2064 471 2089 καὶ
491 2063 541 2098 τὴν
558 2064 641 2100 ἀκοὴν
655 2064 700 2091 διὰ
719 2066 767 2100 τῆς
788 2065 887 2100 γοερᾶς

92 2108 150 2135 τῶν
164 2108 305 2144 παρθένων
322 2109 445 2145 οἰμωγῆς
461 2110 659 2146 περιηχούμην.
675 2111 750 2142 Τέως
765 2111 813 2146 μὲν
833 2111 887 2147 γὰρ

92 2155 124 2180 ὲν
147 2154 247 2190 ἡσυχίᾳ
268 2154 460 2191 διεκαρτέρουν
481 2157 599 2188 ἐκεῖναι,
621 2155 669 2182 καὶ
693 2157 725 2191 τῇ
747 2156 820 2192 ψυχῇ
837 2157 886 2192 τὴν

937 919 1021 947 esset,
1037 914 1082 942 illa
1099 915 1243 942 oculorum
1258 914 1352 942 orbem
1369 913 1522 948 explicans,
1545 917 1572 940 et
1587 911 1622 939 ad
1636 911 1729 946 splen-

938 962 1032 989 dorem
1045 962 1209 997 respiciens,
1222 961 1257 989 ad
1273 961 1461 996 vespertinam
1476 960 1625 994 gratiarum
1643 958 1730 985 aetio-

938 1015 1000 1035 nem
1026 1008 1260 1043 pronuntiandam
1289 1011 1447 1042 promptum
1471 1006 1594 1033 animum
1619 1012 1676 1040 pra:
1699 1011 1729 1031 se

939 1054 1043 1081 ferebat
1062 1064 1069 1082 :
1086 1054 1135 1082 sed
1159 1061 1227 1082 voce
1243 1053 1399 1085 deficiente,
1422 1052 1518 1083 corde,
1547 1055 1574 1079 et
1597 1058 1728 1078 manuum

938 1099 1060 1126 motione
1077 1099 1220 1135 proposito
1246 1098 1447 1130 satisfaciebat,
1466 1102 1494 1125 et
1516 1097 1549 1124 ad
1568 1097 1728 1124 interiorem

938 1144 1111 1172 affectionem
1140 1144 1217 1171 labra
1243 1143 1455 1174 commovebat;
1478 1141 1605 1169 absoluta
1637 1143 1729 1166 autem

937 1192 1088 1226 gratiarum
1112 1192 1232 1222 actione,
1259 1198 1371 1218 manum
1395 1189 1429 1217 ad
1450 1189 1548 1221 faciem
1567 1188 1729 1224 signandam

937 1238 1070 1270 admovit,
1092 1242 1119 1266 et
1140 1238 1197 1265 voti
1219 1237 1300 1264 linem
1326 1237 1426 1264 adesse
1445 1235 1608 1269 declaravit,
1627 1238 1654 1262 et
1671 1241 1730 1261 ma-

937 1292 1019 1320 gnum
1047 1284 1193 1319 quemdam
1211 1291 1243 1310 ac
1263 1282 1428 1318 profundum
1452 1282 1579 1316 spiritum
1612 1281 1728 1312 ducens,

936 1337 999 1356 cum
1027 1329 1186 1363 precatione
1213 1328 1293 1354 simul
1313 1332 1340 1354 et
1362 1327 1447 1353 vitam
1472 1324 1641 1353 terminavit.
1659 1323 1728 1350 Cum

938 1374 1021 1408 igitur
1044 1381 1095 1400 nec
1120 1373 1238 1408 spiraret
1263 1372 1381 1407 amplius
1397 1375 1424 1399 et
1444 1371 1549 1405 jaceret
1565 1368 1728 1400 immobilis,

936 1428 988 1455 ego
1012 1427 1117 1447 memor
1144 1426 1239 1447 eorum
1256 1426 1317 1453 qure
1340 1417 1368 1445 in
1390 1417 1451 1452 ipso
1469 1416 1557 1452 primo
1577 1423 1728 1451 congressu

936 1465 1003 1493 mihi
1023 1465 1213 1497 mandaverat,
1235 1465 1331 1492 dicens
1357 1472 1387 1491 se
1409 1464 1488 1494 velle,
1503 1466 1533 1490 ut
1554 1470 1653 1490 manus
1667 1469 1729 1489 mea

938 1511 990 1538 sibi
1011 1511 1108 1539 oculos
1120 1510 1272 1542 clauderet,
1288 1514 1316 1537 et
1333 1509 1444 1537 solitum
1464 1508 1505 1535 ori
1521 1515 1572 1535 suo
1584 1510 1729 1542 pratstaret

938 1557 1077 1588 cilicium,
1105 1560 1204 1584 sancto
1231 1555 1318 1584 vultui
1345 1555 1440 1582 dolore
1464 1555 1639 1589 languentem
1670 1559 1730 1579 ma—

937 1611 1003 1630 num
1021 1602 1146 1635 adhibui,
1174 1610 1208 1630 ne
1228 1601 1388 1629 mandatum
1415 1601 1475 1635 ejus
1496 1599 1633 1635 negligere
1652 1598 1729 1625 vide-

937 1657 984 1676 rer
1012 1649 1104 1684 potius
1132 1656 1215 1683 quam
1235 1647 1308 1683 quod
1339 1646 1476 1682 ejusmodi
1503 1645 1621 1672 ollicium
1642 1644 1730 1671 oculis

936 1695 998 1730 ejus
1016 1699 1090 1723 esset
1113 1694 1303 1722 necessarium
1327 1702 1334 1720 :
1361 1693 1463 1728 quippe
1485 1691 1532 1727 qui
1552 1689 1730 1726 quemadmo-

936 1741 1001 1768 dum
1028 1741 1057 1767 tit
1073 1741 1099 1767 in
1115 1748 1213 1768 somno
1235 1739 1364 1772 naturali,
1389 1737 1528 1773 palpebris
1547 1736 1648 1764 decore
1660 1743 1730 1763 con-

937 1786 1001 1813 tecti
1016 1790 1095 1813 erant
1109 1795 1116 1812 :
1134 1789 1161 1813 et
1178 1786 1254 1812 labra
1278 1784 1372 1812 itidem
1389 1784 1495 1816 clausa,
1509 1789 1665 1817 manusque
1682 1789 1730 1808 vc-

937 1836 1017 1859 nuste
1038 1832 1140 1867 pectori
1163 1831 1343 1862 coltmrentes,
1367 1834 1443 1858 totus
1464 1829 1583 1864 denique
1604 1827 1729 1862 corporis

938 1877 1008 1905 situs
1023 1885 1054 1904 ea
1073 1877 1207 1912 dignitate
1219 1877 1400 1912 compositus,
1417 1880 1448 1903 ut
1466 1874 1626 1903 ornautium
1644 1881 1728 1900 manu

937 1932 993 1952 non
1013 1924 1148 1960 indigeret

973 2016 1049 2043 Meus
1068 2020 1160 2043 autem
1182 2015 1292 2042 animus
1321 2013 1468 2048 dupliciter
1485 2012 1648 2047 angebatur,
1668 2014 1727 2038 tum

937 2063 973 2090 ob
989 2070 1019 2090 ea
1034 2070 1096 2097 qua:
1115 2061 1271 2092 cernebam,
1293 2065 1351 2087 tum
1373 2059 1410 2087 ob
1431 2060 1571 2086 luctuosas
1590 2058 1729 2092 virginum

937 2116 1030 2140 voces,
1052 2108 1153 2142 quibus
1171 2115 1253 2134 aures
1267 2114 1334 2133 mea:
1346 2105 1592 2133 circumsonabant
1610 2113 1616 2131 :
1632 2104 1731 2131 hacte~

940 2163 991 2182 nus
1011 2154 1084 2181 enim
1108 2154 1160 2181 illa:
1187 2153 1363 2188 quiescentes
1393 2160 1422 2179 se
1447 2151 1556 2178 fortiter
1575 2153 1728 2186 gesserant,

92 2199 191 2235 ὀδύνην
207 2201 460 2234 ὲγκατακλείουσαι,
474 2202 524 2236 τὴν
541 2203 590 2238 τῆς
607 2202 730 2237 οἰμωγῆς
746 2203 834 2238 ὁρμὴν
848 2202 885 2238 τῷ

940 2200 1088 2234 animoque
1118 2199 1240 2226 dolorem
1277 2198 1414 2224 inclusum
1445 2198 1619 2224 continentes
1649 2194 1731 2222 ﬂetus

93 2246 165 2281 προς
191 2246 274 2282 αὐτὴν
298 2247 374 2283 φόϐῳ
401 2248 583 2283 κατέπνιγον,
612 2248 706 2284 ὥσπερ
739 2248 885 2276 δεδοικυῖαι

93 2292 142 2319 καὶ
172 2293 327 2325 σιωπῶντος
355 2294 405 2329 ἤδη
437 2294 485 2321 τοῦ
514 2295 660 2330 προσώπου
683 2304 732 2330 την
758 2295 886 2331 ἐπιτίμη-

95 2347 154 2371 σιν,
181 2340 246 2374 μήτι
269 2339 344 2375 παρὰ
372 2340 404 2366 τὸ
431 2340 641 2376 διατεταγμένον
671 2342 766 2373 αὐταῖς
795 2342 886 2377 φωνῆς

92 2393 166 2416 τινος
195 2386 260 2420 παρ’
286 2386 375 2412 αὐτῶν
401 2387 581 2422 ἐκραγείσης,
609 2388 742 2423 λυπηθείη
763 2388 831 2423 πρὸς
856 2389 887 2414 τὸ

94 2431 237 2466 γινόμενον
269 2433 286 2467 ὴ
313 2433 481 2465 διδάσκαλος.
512 2433 589 2460 Ἐπεὶ
619 2434 647 2460 δὲ
681 2434 773 2461 οὐκέτι
802 2443 887 2461 κατα-

95 2476 255 2512 κρατεῖσθαι
289 2477 322 2503 δι*
355 2478 469 2513 ἡσυχίας
504 2478 534 2504 τὸ
564 2478 650 2510 πάθος
679 2479 809 2514 ἠδύνατο,
838 2481 886 2506 τοῦ

95 2522 210 2553 πένθους
229 2522 309 2548 οἱονεὶ
325 2524 409 2557 πυρός
423 2532 494 2555 τινος
513 2523 618 2550 ἔνδοθεν
632 2524 721 2551 αὐτῶν
736 2525 784 2556 τὰς
798 2524 886 2560 ψυχὰς

94 2567 290 2603 διασμύχοντος
302 2588 310 2600 ,
326 2568 432 2603 ἀθρόως
446 2569 542 2604 πικρός
557 2578 598 2600 τις
611 2570 657 2596 καὶ
676 2570 788 2604 ἄσχετος
803 2571 886 2606 ἀναῤ-

95 2613 228 2649 ρήγνυται
243 2611 324 2647 ἦχος·
342 2613 412 2640 ὥστε
428 2623 473 2649 μοι
491 2614 588 2650 μηκέτι
606 2615 697 2649 μένειν
713 2616 742 2641 ἐν
761 2615 800 2651 τῷ
821 2616 887 2642 καθ-

93 2658 222 2694 εστηκότι
232 2659 277 2685 τὸν
289 2658 428 2693 λογισμὸν,
440 2660 507 2686 ἀλλὰ
518 2660 642 2696 καθάπερ
652 2660 801 2696 χειμάρρου
814 2662 887 2693 τινὸς

93 2703 309 2737 ἐπικλύσαντος,
327 2704 491 2740 ὑποϐρύχιον
513 2706 713 2741 παρενεχθῆναι
736 2707 775 2742 τῷ
793 2707 884 2738 πάθει,

95 2750 141 2777 καὶ
157 2750 211 2776 τῶν
226 2750 255 2776 ὲν
268 2751 360 2786 χερσὶν
375 2750 559 2786 ἀμελήσαντα,
577 2752 637 2778 ὅλον
655 2752 708 2790 τῷν
725 2752 831 2788 θρήνων
846 2751 886 2780 εἴ-

96 2804 150 2822 ναι.
172 2794 227 2821 Καί
246 2803 291 2830 μοι
307 2795 397 2821 δικαία
416 2804 473 2826 πως
492 2795 577 2822 ἐδόκει
599 2797 646 2823 καὶ
665 2797 774 2831 εὔλογος
794 2800 812 2834 ἡ
838 2799 885 2826 τοῦ

98 2840 213 2871 πένθους
234 2839 344 2875 ἀφορμὴ
360 2841 418 2871 ταῖς
437 2840 581 2876 παρθένοις
603 2839 679 2868 εἶναι.
699 2842 735 2868 tl")
752 2843 805 2878 γὰρ
827 2852 887 2870 συν-

941 2246 1071 2281 impetum
1086 2247 1321 2279 compresserant,
1335 2244 1519 2270 observantes
1536 2250 1608 2274 eam,
1628 2249 1729 2269 veren-

940 2297 1045 2327 tesqne,
1060 2291 1188 2326 quamvis
1210 2298 1312 2323 corpus
1327 2289 1388 2324 ejus
1399 2289 1454 2324 jam
1472 2289 1680 2318 conticesceret,
1695 2295 1731 2315 ne

941 2339 1149 2373 increparentur
1161 2340 1222 2368 aut.
1243 2336 1266 2363 si
1280 2343 1335 2369 qua
1350 2343 1400 2362 vox
1420 2339 1518 2362 contra
1537 2335 1729 2370 praescriptum

939 2387 1105 2418 erumperet,
1123 2390 1157 2409 ne
1170 2383 1299 2417 magistra
1316 2390 1349 2409 ex
1372 2389 1405 2408 ea
1429 2389 1459 2408 rc
1480 2381 1630 2408 molestiam
1649 2387 1729 2414 capo-
1745 2370 1751 2396 ⁵

940 2434 992 2457 ret.
1008 2429 1059 2457 Ubi
1080 2436 1146 2456 vero
1175 2429 1284 2456 silentio
1313 2428 1392 2455 dolor
1417 2435 1472 2454 non
1496 2427 1585 2462 potuit
1612 2426 1730 2460 amplius

941 2476 1075 2506 coerceri,
1096 2482 1150 2501 non
1164 2475 1245 2502 aliter
1258 2481 1340 2508 quam
1360 2474 1383 2501 si
1407 2474 1493 2500 victos
1509 2480 1603 2500 carum
1623 2472 1732 2499 animos

940 2522 1053 2557 quidam
1068 2522 1139 2557 ignis
1158 2525 1298 2553 exureret,
1321 2521 1416 2549 statim
1446 2521 1472 2547 in
1492 2520 1622 2547 acerbum
1639 2523 1666 2546 et
1688 2518 1730 2544 im

941 2568 1099 2596 credibilem
1112 2568 1217 2595 luctum
1234 2570 1421 2602 proruperunt
1436 2576 1442 2593 2
1459 2566 1528 2593 adeo
1540 2569 1569 2592 ut
1580 2565 1651 2591 ratio
1662 2563 1728 2590 mihi

941 2622 996 2641 non
1013 2612 1180 2640 consisteret
1192 2612 1310 2648 amplius
1325 2612 1352 2639 in
1370 2611 1522 2647 proposito,
1535 2609 1583 2638 sed
1597 2613 1728 2643 tanquam

942 2659 1060 2693 alicujus
1073 2659 1172 2685 obruta
1194 2658 1326 2685 torrentis
1339 2657 1441 2692 impetu
1459 2655 1567 2683 cederet
1582 2655 1728 2690 perturba—

942 2706 1009 2733 tioni
1034 2713 1118 2740 seque
1140 2709 1222 2732 totam
1246 2703 1489 2731 lamentationilms
1503 2702 1590 2729 daret.
1610 2701 1729 2736 Equam

942 2756 1032 2779 autem
1054 2759 1086 2777 ac
1106 2750 1208 2785 justam
1225 2749 1291 2776 milii
1307 2749 1418 2776 dolendi
1438 2747 1601 2782 lugendique
1616 2752 1730 2773 causam

942 2797 1043 2824 habere
1058 2796 1178 2831 virgines
1189 2795 1363 2828 videbantur;
1379 2802 1433 2821 non
1453 2793 1526 2821 enim
1541 2801 1571 2821 sc
1583 2796 1730 2820 consuetu-

914 2881 918 2884 _
941 2843 1005 2870 dine
1029 2847 1075 2869 aut
1100 2841 1298 2876 gubernatione
1318 2840 1445 2876 quapiam
1464 2839 1652 2872 bumana,aut
1666 2838 1730 2867 aliis
