1917 3079
173 60 231 90 θσΠ.

776 56 808 83 εν
826 52 1172 84 ειιιῑαοῐιιιςδγεεεκιη

1774 52 1840 80 988

173 116 311 153 ejusmodi
337 116 430 149 rebus,
447 123 516 151 quas
534 115 562 142 in
578 113 782 142 calamitatibus
797 113 855 140 suis
871 111 961 139 humi-

1026 109 1108 146 ιθείας
1120 108 1194 141 τινος
1209 108 1258 144 τῆς
1276 108 1346 136 κατὰ
1354 107 1450 143 σάρκα
1468 108 1634 144 κηδεμονίας
1649 108 1705 146 τὴν
1721 109 1834 145 στέριπο

175 173 226 193 nes
247 164 365 200 graviter
388 163 490 195 l'erunt,
519 162 630 190 orbatas
656 161 786 189 dolebant
811 160 882 189 :scd
901 166 963 187 lan-

176 217 259 246 quam
284 209 318 237 ab
346 209 403 244 ipsa
422 209 448 236 in
463 208 546 235 Deum
571 215 620 242 spe
643 211 670 234 et
692 208 847 234 animorum
876 207 965 234 salute

177 255 309 290 seiunctae
325 257 429 284 essent,
456 252 600 288 plorabant
615 261 623 279 :
639 252 696 279 haec
717 252 743 278 in
761 251 965 278 lamentationi-

177 299 229 326 bus
241 299 300 326 suis
315 298 565 332 conquerebantur,
576 295 906 328 dieentes,cExstinetum
924 299 966 322 est

177 345 270 373 lumen
292 345 437 372 oculorum
461 346 638 375 nostrorum;
657 346 751 376 erepta
777 345 818 369 est
834 341 880 368 lux
905 348 966 375 quae

160 389 278 417 animis
301 388 405 416 nostris
424 388 451 415 in
475 387 574 414 itinere
598 386 789 422 prmecdebat;
819 386 965 420 disiectum

179 438 222 462 est
243 434 306 462 vitae
330 438 432 461 nostra:
459 432 630 468 praesidium,
660 432 798 459 sublatum
827 431 966 466 specimen

179 479 363 515 integritatis;
381 479 535 506 abscissum
559 477 717 505 concordiae
729 477 881 505 vinculum.
898 484 967 504 con-

179 525 274 552 tritum
301 524 476 552 imbecillinm
500 524 713 551 ﬁrmamentum.
744 523 783 551 Te
816 524 886 551 duce
914 531 976 551 nox.

179 570 400 598 erat'nobisdiei
418 570 489 602 loco,
504 570 567 597 vitae
582 573 634 597 tuae
651 569 795 605 splendore
813 569 966 597 illustrata:

179 616 236 650 jam
244 623 310 644 vero
321 616 362 644 vel
372 616 430 644 dies
446 616 473 643 in
489 616 616 644 tenebras
629 619 814 643 converte-tur.
823 625 832 640 ι
852 615 969 644 Gravius

181 664 272 688 autem
298 665 396 696 pra‘ter
419 664 532 689 caeteras
558 661 660 688 luctum
691 660 881 692 intendebant,
908 668 970 696 quae

182 711 296 734 matrem
311 707 398 742 ipsam
413 711 440 735 et
455 708 589 735 nutricem
605 707 777 742 appellabant
801 717 807 735 :
824 711 904 735 erant
921 715 969 735 au-

182 756 237 779 tem
261 752 314 780 illae
332 761 401 788 quas
422 753 542 788 penuria:
567 752 703 788 famisque
724 757 847 788 tempore
874 753 901 780 in
919 754 970 780 ali-

182 803 335 826 mentorum
360 800 504 835 largitione
521 799 657 835 projectas
678 799 705 827 in
731 800 784 827 viis
805 800 968 832 sustulerat,
986 790 1006 818 Β

181 844 351 878 alueratqnc,
374 850 402 873 et
427 846 461 873 ad
484 850 588 873 castam
612 849 695 881 atque
722 846 917 882 incorruptam
930 847 970 874 vi-

181 890 261 918 vendi
275 890 409 919 rationem
426 891 634 920 informaverat.

214 979 316 1008 Verum
338 984 516 1016 posteaquam
538 980 660 1008 animum
689 984 818 1016 tanquam
844 989 877 1009 ex
905 990 970 1017 pro-

181 1026 268 1054 fund‘o
288 1028 406 1062 quodam
428 1035 532 1062 angore
543 1027 652 1062 collegi,
672 1027 699 1054 in
713 1034 822 1054 sacrum
837 1027 904 1055 illud
923 1035 970 1055 ca-

181 1075 232 1106 put
246 1072 391 1099 intendens
404 1072 489 1099 aciem
506 1072 661 1104 oculorum,
688 1071 768 1107 quasi
785 1073 970 1107 reprehensus

181 1117 216 1144 ab
243 1124 275 1144 ea
298 1121 410 1152 propter
434 1117 607 1144 inconditum
635 1116 711 1144 illum
740 1117 968 1145 tumultuantium

181 1162 339 1197 strepitum,
357 1169 456 1197 magna
471 1169 538 1190 voce
561 1163 703 1190 clamans:
720 1172 729 1189 ι
748 1162 789 1190 Ad
813 1163 895 1197 lianc,
927 1164 971 1191 inn

180 1216 274 1242 quam,
301 1208 442 1244 respicite,
472 1208 608 1242 virgines,
632 1212 660 1237 et
680 1213 882 1244 praeceptorum
907 1209 969 1244 ejus

180 1255 377 1287 recordamini,
394 1255 497 1291 quibus
515 1256 551 1284 ab
568 1263 601 1284 ea
617 1256 651 1283 ad
669 1263 751 1284 omne
767 1255 854 1284 decus
864 1261 892 1284 et
917 1256 968 1284 ho-

179 1306 313 1329 nestatem
330 1301 398 1330 estis
410 1302 552 1330 institutae.
571 1302 688 1330 Divinus
699 1302 745 1330 ille
762 1302 872 1330 animus
884 1310 967 1330 unum

180 1347 260 1376 nobis
281 1347 465 1384 lacrymarum
487 1352 596 1384 tempus
610 1347 788 1383 praescripsit;
811 1348 837 1376 id
851 1347 908 1376 ﬂeri
921 1349 968 1383 ju-

180 1393 257 1424 bens.
273 1401 336 1422 cum
352 1395 489 1422 vacaretis
507 1394 660 1429 precationi
681 1394 776 1429 :quod
795 1402 869 1422 nunc
884 1396 968 1422 etiam

180 1439 298 1475 potestis
317 1439 434 1473 ellicere,
454 1440 659 1468 lainentatiOnis
672 1440 819 1468 clamorem
836 1442 880 1476 pia
895 1442 968 1476 psal-

180 1493 288 1513 morum
316 1485 511 1513 decantatione
535 1490 747 1514 commutantes.
766 1495 776 1513 ι
805 1486 868 1514 "me
885 1495 967 1522 quam
984 1473 1004 1502 ο

181 1532 299 1559 maxime
311 1536 434 1567 poteram
448 1533 523 1559 clara
537 1540 604 1560 voce
615 1532 752 1565 dicebam,
767 1537 797 1560 ut
811 1541 969 1568 superarem

181 1578 326 1614 strepitum
348 1578 596 1614 conqnercntium;
614 1578 713 1607 deinde
733 1580 893 1609 cohortatus
909 1589 970 1608 sum

180 1632 240 1657 eas,
259 1629 290 1652 ut
314 1624 342 1652 in
364 1624 519 1660 proximam
541 1624 652 1652 domum
676 1625 846 1658 secederent,
867 1627 971 1655 relictis

181 1670 316 1698 duntaxat
338 1669 477 1706 aliquibus
506 1677 625 1705 quarum
651 1678 735 1706 opera
758 1671 888 1700 libentius
912 1673 970 1704 illa,

181 1717 247 1744 dum
261 1717 376 1749 viveret,
389 1716 529 1744 utebatur.

216 1762 247 1791 In
268 1770 364 1791 earnm
381 1767 441 1791 erat
457 1771 572 1791 numero
587 1763 713 1799 quaedam
732 1763 834 1790 femina
852 1764 972 1792 nobilis-

181 1809 268 1842 sima,
291 1808 395 1836 divitiis
418 1812 445 1836 et
461 1816 562 1843 genere
573 1829 580 1840 .
599 1813 626 1836 et
644 1809 770 1843 corporis
786 1809 873 1836 forma
888 1814 972 1845 atque

183 1855 246 1883 aliis
262 1855 422 1883 nominibus
437 1849 554 1882 illustris
574 1855 600 1881 in
622 1855 681 1889 ipsa
695 1854 880 1883 adolescentia
902 1864 970 1884 con-

183 1901 292 1928 stituta.
316 1899 380 1928 "me
404 1901 463 1928 viro
483 1899 594 1927 cuidam
608 1899 808 1928 honestissimo
825 1902 852 1929 in
873 1903 971 1930 matri-

182 1947 276 1974 monio
290 1948 425 1974 collocata
439 1946 540 1977 fuerat,
555 1945 603 1973 sed
619 1946 695 1973 brevi
709 1950 832 1982 tempore
842 1956 905 1976 cum
924 1949 972 1976 illo

181 1991 298 2019 vixerat.
324 1992 416 2025 Quare
437 1991 568 2026 coniugio
592 1991 727 2025 liberata,
746 1993 890 2021 viduitatis
914 2002 972 2022 sua:

181 2037 325 2066 custodem
345 2044 378 2064 ac
404 2038 564 2072 magistram
592 2046 720 2074 magnam
748 2038 897 2067 Macrinam
920 2041 973 2068 elc-

180 2087 269 2119 gerat,
287 2087 391 2112 etcum
407 2083 562 2119 virginibus
583 2085 732 2119 plurimum
748 2085 922 2116 versabalur.
942 2090 972 2113 ut

182 2130 217 2157 ab
231 2130 272 2157 eis
291 2133 394 2157 rectam
413 2135 439 2157 et
461 2137 494 2157 ex
512 2130 613 2158 virtute
628 2130 738 2158 vivendi
753 2132 889 2158 rationem
911 2132 971 2159 edi-
987 2148 1010 2177 υ

182 2178 284 2203 sceret.
308 2175 439 2202 Vcslinna
459 2175 499 2202 illi
530 2180 590 2203 erat
608 2183 724 2208 nomen,
755 2183 834 2212 pater
849 2177 969 2205 Araxius

181 2219 343 2252 vocabatur,
361 2228 432 2247 unus
453 2228 468 2247 e
482 2228 597 2248 numero
611 2225 772 2249 senatorum
793 2222 883 2257 magni
903 2230 970 2250 con-

181 2265 236 2294 silii
255 2274 262 2293 :
278 2265 312 2293 ad
328 2268 399 2293 hanc
413 2274 475 2301 ego,
494 2275 503 2292 ι
523 2265 602 2294 Nunc
616 2268 736 2302 quidem,
755 2268 878 2304 inquam,
896 2269 970 2296 invi-

181 2311 290 2339 diosum
304 2319 359 2339 non
383 2312 451 2345 erit,
473 2312 496 2340 si
511 2312 648 2340 defuncta:
664 2314 878 2348 splendidiorem
897 2316 970 2350 adje-

181 2356 303 2384 cerimns
316 2361 455 2390 ornatum,
470 2360 497 2384 et
512 2365 608 2392 puram
622 2357 694 2385 illam
707 2358 968 2394 imlnaculalamque

180 2408 293 2428 carnem
314 2402 480 2430 clarioribus
500 2402 674 2432 vestimentis
698 2403 881 2432 inducrimus.
909 2415 919 2432 ι
935 2405 970 2433 At

182 2447 230 2474 illa
253 2447 406 2483 intelligere
428 2448 572 2483 respondit
600 2452 748 2483 oportere,
776 2449 908 2484 quidnam
928 2450 967 2478 illi

181 2497 286 2520 sanctze
307 2493 334 2520 in
351 2494 403 2521 hoc
419 2502 520 2530 genere
537 2495 683 2530 probatum
703 2494 773 2522 foret
790 2504 796 2522 :
813 2495 881 2522 nihil
894 2496 968 2524 enim

180 2544 196 2564 n
216 2538 296 2566 nobis
318 2539 376 2574 geri
404 2539 445 2568 l'as
471 2547 534 2568 esse
549 2546 646 2567 contra
672 2540 843 2568 voluntatem
869 2541 968 2576 ipsius.

180 2584 299 2612 Omnino
327 2589 418 2613 autem
451 2586 524 2621 quod
555 2586 612 2613 Deo
638 2590 746 2620 gratum
768 2590 970 2622 acceptumque

179 2635 265 2663 esset,
283 2631 355 2659 idem
366 2633 390 2659 ei
401 2632 555 2667 jucundum
568 2633 703 2658 futurum.

217 2676 282 2704 Erat
300 2678 424 2713 quadam
445 2677 572 2713 prafecta
585 2677 722 2712 virginum
739 2676 824 2705 choro
840 2677 868 2705 in
888 2677 972 2706 minio

180 2721 258 2747 sicrii
275 2721 362 2756 gradu
388 2722 501 2749 nomine
518 2721 678 2757 Lampadia,
696 2730 757 2757 qua:
779 2722 840 2757 ejus
858 2727 969 2750 senten-

179 2766 294 2794 tiaznde
311 2766 436 2796 funerum
463 2768 570 2803 pompis
591 2776 620 2796 sc
644 2768 723 2803 plane
747 2769 821 2797 scire
846 2768 966 2797 diccbat.

1016 164 1058 182 σιν
1078 155 1268 190 ἀπωδύροντο,
1286 155 1340 182 οὐδ’
1361 156 1426 183 ἄλλο
1448 165 1475 183 τι
1495 157 1618 184 τοιοῦτον
1639 156 1722 183 οὐδὲν
1739 156 1793 190 ἐφ’
1809 154 1833 190 ᾧ

1016 202 1084 238 πρὸς
1105 201 1154 234 τὰς
1176 202 1319 238 συμφορὰς
1339 203 1584 239 δυσανασχετοῦσιν
1603 204 1630 230 οἱ
1651 203 1830 239 ἄνθρωπον

1016 248 1073 274 ἀλλ’
1090 247 1128 279 ὡς
1139 247 1189 282 τῆς
1209 248 1279 274 κατὰ
1295 247 1362 275 Θεὸν
1376 248 1483 281 ἐλπίδος
1501 249 1604 282 αὐτῶν,
1625 249 1674 276 καὶ
1695 249 1751 284 τῆς
1770 249 1831 276 τῶν

1016 293 1110 328 ψυχῶν
1132 292 1270 327 σωτηρίας
1290 293 1512 328 ἀποσχισθεῖσαι,
1535 294 1624 321 ταῦτα
1641 294 1749 325 ἐϐόων,
1777 294 1831 320 καὶ

1016 337 1102 364 ταῦτα
1121 337 1150 363 ὲν
1170 338 1225 368 τοῖς
1239 336 1348 373 θρήνοις
1361 338 1587 374 ἀπωλοφύροντο,
1611 348 1622 365 ι
1649 339 1796 374 Ἐσϐέσθη
1817 349 1827 364 ι

1017 383 1152 417 λέγουσαι,
1169 393 1178 409 ι
1194 383 1247 409 τῶν
1262 383 1407 419 ὀφθαλμῶν
1427 384 1506 420 ἡμῶν
1527 385 1541 411 ὁ
1559 385 1675 420 λύχνος·
1703 385 1830 420 ἁπήρθη

1017 429 1047 456 τὺ
1068 429 1125 464 φῶς
1148 430 1195 464 τῆς
1221 429 1275 456 τῶν
1292 430 1385 465 ψυχῶν
1405 431 1530 466 ὁδηγίας·
1545 431 1654 466 διελύθη
1677 432 1730 466 τῆς
1747 431 1829 466 ζωῆς

1018 475 1096 510 ήμῶν
1112 476 1128 510 ἠ
1145 475 1292 510 ἀσφάλειαι
1315 476 1386 511 ἤρθη
1403 477 1420 512 ἡ
1440 478 1557 512 σφραγὶς
1574 477 1624 512 τῆς
1645 477 1828 512 ἀφθαρσίας

1021 520 1171 556 διεσπάσθη
1188 522 1202 547 ὁ
1218 520 1366 557 σύνδεσμος
1379 522 1430 557 τῆς
1454 522 1632 558 σωφροσύνης
1643 531 1651 538 ⁸
1666 522 1829 558 συνετρίϐη

1019 565 1048 592 τὸ
1068 565 1273 601 στήριγμα.τῶν
1295 566 1478 598 ἀτονοῦντων,
1500 567 1627 603 ἀφῃρέθη
1644 569 1666 603 ἡ
1680 567 1830 602 Θεραπεία

1019 611 1072 638 τῶν
1087 612 1271 639 ἀσθενούντων
1282 621 1290 629 ’
1307 613 1353 639 ἐπὶ
1369 612 1415 639 σοῦ
1426 613 1490 648 ἡμῖν
1505 614 1580 649 καὶὴ
1599 615 1649 647 νὺξ
1664 614 1730 640 ἀντὶ
1753 614 1830 649 ὴμέ-

1021 666 1070 693 ρας
1089 655 1133 694 ἦν,
1158 658 1186 685 ἐν
1204 657 1312 694 καθαρᾷ
1333 659 1390 694 ζωῇ
1407 660 1578 695 φωτιζομένη
1590 668 1596 675 ·
1617 659 1667 686 νῦν
1686 659 1788 686 δὲκαὶ
1811 661 1827 694 ἡ

1019 703 1111 739 ἡμέρα
1123 703 1189 739 πρὸς
1203 704 1283 738 ζόφον
1299 705 1566 741 μεταστραφήσεται.
1587 715 1595 730 ι
1613 705 1828 741 Χαλεπώτεροπι

1020 750 1048 776 δὲ
1072 750 1148 785 παρὰ
1164 750 1212 782 τὰς
1236 750 1318 782 ἄλλοις
1334 751 1364 777 τὺ
1386 751 1483 782 πένθος
1500 751 1624 784 ἐξέκαιον
1646 751 1677 778 αἱ
1706 751 1826 786 μητέρα

1022 795 1105 832 αὐτὴν
1125 796 1173 823 καὶ
1187 796 1287 832 τροφὸν
1308 797 1502 824 ἁνακαλοῡσαι.
1523 795 1613 824 Ἦσαν
1628 797 1656 824 δὲ
1674 794 1777 830 αὗται,
1792 798 1827 830 ἃς

1022 844 1050 869 ἐν
1063 842 1102 878 τῷ
1115 843 1165 877 τῆς
1182 842 1314 875 σιτοδείας
1329 843 1416 878 καιρῷ
1430 842 1501 870 κατὰ
1513 843 1561 874 τὰς
1583 843 1661 875 ὁδοὺς
1681 843 1828 879 ἐρριμμέ-

1021 898 1069 921 νας
1090 889 1238 924 ἀνελομένη
1257 888 1435 925 ὲτιθηνήσατό
1448 898 1478 916 τε
1493 890 1540 917 καὶ
1556 889 1730 925 ἀνεθρέψατο
1740 910 1749 922 ,
1778 890 1834 918 καὶ

1022 935 1090 970 πρὸς
1099 935 1144 962 τδν
1152 935 1271 972 καθαρόν
1280 944 1309 962 τε
1324 935 1372 962 καὶ
1377 935 1495 971 ἄφθορον
1506 936 1564 971 βίον
1581 936 1762 972 ἐχειραγώγη
1767 944 1825 963 σεν.

1064 981 1140 1008 Ἐπεὶ
1160 981 1189 1008 δέ
1206 990 1265 1013 πως
1281 981 1406 1017 καθάπερ
1429 983 1460 1009 ὲκ
1479 982 1560 1017 βυθοῦ
1578 991 1651 1014 τινος
1666 982 1720 1017 τὴν
1737 983 1827 1017 ἐμαν-

1020 1027 1067 1054 τοῦ
1087 1027 1175 1063 ψυχὴν
1190 1027 1368 1063 ἀνελεξάμην,
1389 1029 1457 1064 πρὸς
1475 1028 1524 1063 τὴν
1539 1029 1621 1062 ἁγίαν
1641 1028 1757 1063 ἐκείνην
1776 1036 1825 1054 κε-

1021 1073 1107 1108 φαλὴν
1131 1073 1274 1105 ἀτενίσας,
1297 1073 1392 1109 ῶσπερ
1413 1074 1587 1110 ἐπιτιμηθεὶς
1607 1075 1636 1100 ἐν
1656 1075 1692 1110 τῇ
1720 1074 1826 1110 ἀταξίᾳ

1019 1118 1073 1145 τῶν
1088 1118 1321 1154 ὲπιθορυὸούντων
1337 1120 1380 1147 διὰ
1393 1120 1440 1147 τοῦ
1457 1120 1569 1156 θρήνου,
1590 1130 1600 1147 ι
1626 1121 1702 1156 Πρὸς
1716 1121 1825 1155 ταύτην

1022 1163 1147 1199 meum.
1167 1174 1176 1190 ι
1194 1162 1270 1191 εἶπον
1286 1165 1392 1201 μεγάλῃ
1405 1166 1439 1201 τῇ
1457 1167 1544 1201 φωνῇ,
1558 1165 1627 1201 πρὸς
1643 1165 1696 1198 τὰς
1717 1165 1825 1201 παρθέ-

1020 1219 1081 1242 νους
1098 1210 1198 1246 βοήσας
1208 1218 1215 1225 ·
1237 1218 1247 1236 t
1262 1211 1309 1237 καὶ
1326 1211 1380 1238 τῶν
1397 1212 1633 1247 παρεγγελμάτων
1648 1212 1736 1247 αὐτῆς
1755 1212 1824 1239 ἁνα-

1021 1256 1160 1292 μνήσθητε
1169 1263 1176 1270 ·
1190 1255 1223 1283 δι’
1235 1252 1273 1283 ὧν
1291 1256 1322 1283 τδ
1340 1256 1370 1283 ἐν
1385 1257 1466 1284 παντὶ¹
1480 1257 1647 1293 τεταγμένον
1656 1258 1708 1284 καὶ
1717 1256 1822 1292 εὔσχη-

1022 1310 1073 1337 μον
1088 1302 1154 1338 παρ¹
1168 1303 1253 1339 αὐτῆς
1273 1302 1462 1338 ὲτοαιδεὺθητε.
1483 1303 1552 1329 Ἕνα
1574 1303 1673 1338 καιρὸν
1695 1303 1755 1329 τῶν
1774 1303 1823 1330 δα-

1022 1348 1114 1383 κρύων
1134 1349 1200 1384 ἡμῖν
1218 1348 1235 1383 ἡ
1251 1348 1310 1375 θεία
1323 1348 1398 1384 ψυχὴ
1416 1348 1486 1383 αὕτη
1503 1348 1721 1384 ἐνομοθέτησεν,
1738 1349 1770 1375 ὲν
1785 1348 1823 1383 τῷ

1021 1394 1070 1429 τῆς
1085 1394 1238 1430 προσευχῆς
1249 1395 1337 1430 καιρῷ
1351 1394 1431 1422 τοῦτο
1441 1395 1571 1430 πράττειν
1583 1396 1821 1430 παρεγγυήσασα·

1020 1441 1035 1467 ὃ
1048 1441 1094 1467 καὶ
1108 1440 1154 1467 νῦν
1169 1441 1256 1467 ποιεῖν
1269 1440 1369 1473 ἔξεστι,
1384 1439 1435 1475 τῆς
1449 1440 1502 1467 τῶν
1518 1440 1627 1476 θρήνων
1637 1440 1770 1475 οἰμωγῆς
1783 1441 1823 1471 είς

1022 1486 1154 1522 συμπαθῆ
1176 1486 1336 1522 ψαλμῳδίαν
1352 1486 1554 1521 μετατεθείσης.
1582 1495 1591 1511 t
1612 1486 1699 1512 Ταῦτ’
1726 1485 1822 1520 ἔλεγον

1023 1532 1125 1568 μείζονι
1142 1534 1174 1568 τῇ
1186 1533 1272 1567 φωνῇ,
1288 1532 1325 1564 ὡς
1340 1531 1374 1559 ἂν
1388 1532 1432 1559 τὸν
1448 1530 1514 1567 ἦχον
1541 1531 1596 1558 τῶν
1609 1531 1719 1567 θρήνων
1735 1532 1821 1567 ὑπερ-

1021 1579 1165 1614 ηχήσαιμι.
1185 1576 1251 1605 Εἶτα
1275 1578 1442 1614 μεταστῆναι
1458 1579 1636 1613 παρεκάλεσα
1651 1579 1755 1614 μικρὸν
1775 1579 1822 1605 ἐπὶ

1021 1623 1067 1650 τῆν
1088 1623 1220 1658 σύνεγγυς
1234 1621 1318 1656 οἷκον,
1337 1623 1550 1658 καταλειφθῆναι
1573 1623 1602 1650 δέ
1624 1632 1703 1655 τινας
1725 1624 1756 1656 ἐξ
1772 1624 1819 1650 αὖε

1022 1669 1085 1702 τῶν,
1102 1666 1140 1696 ὧν
1162 1669 1247 1704 ἡδέως
1265 1670 1295 1696 ὲν
1312 1670 1345 1704 τῇ
1365 1669 1422 1704 ζωῇ
1443 1669 1492 1705 τὴν
1508 1670 1658 1705 θεραπείαν
1676 1669 1831 1704 προσίετο.,

1062 1760 1106 1787 Ἐν
1120 1760 1232 1792 ταύταις
1246 1757 1280 1795 ἦν
1292 1760 1360 1795 γυνὴ
1375 1769 1416 1792 τις
1427 1760 1481 1787 τῶν
1491 1759 1680 1795 εὐσχημόνων,
1698 1759 1828 1795 xko-31:9,

1022 1806 1069 1833 καὶ
1089 1806 1179 1840 γένει,
1197 1806 1244 1833 καὶ
1265 1807 1300 1842 τῇ
1314 1806 1361 1833 τοῦ
1388 1806 1513 1841 σώματος
1534 1804 1604 1841 ὥρᾳ.
1624 1805 1671 1831 καὶ
1686 1806 1720 1840 τῇ
1735 1805 1817 1841 λοιπῇ

1023 1851 1186 1888 περιφανείᾳ
1207 1852 1387 1887 περίϐλεπτος
1406 1852 1435 1877 ἐν
1462 1851 1567 1886 νεότητι
1593 1850 1728 1886 γενομένη
1741 1857 1748 1864 '
1770 1851 1816 1877 καὶ

1024 1897 1223 1924 συνοικισθεῖσα
1242 1905 1295 1924 τινι
1312 1897 1366 1923 τῶν
1382 1896 1429 1923 ἐπὶ
1443 1896 1565 1932 μείζονος
1582 1896 1671 1928 ἀξίας,
1687 1897 1736 1923 καὶ
1751 1896 1816 1932 βρα-

1022 1945 1072 1979 χὺν
1086 1945 1270 1979 συνοικήσασα
1285 1943 1391 1978 χρόνον,
1412 1942 1459 1969 καὶ
1476 1943 1505 1969 ὲν
1526 1943 1578 1978 νέῳ
1590 1942 1629 1978 τῷ
1643 1942 1753 1978 σώματι
1767 1943 1815 1978 τῆς

1023 1991 1153 2024 συζυγίας
1167 1989 1367 2024 διαζευχθεϊσα,
1381 1989 1500 2024 φύλακα,
1515 1989 1563 2015 καὶ
1579 1989 1755 2023 παιδαγωγὸν
1769 1989 1815 2023 τῆς

1023 2037 1135 2072 χηρείας
1153 2036 1202 2072 τὴν
1225 2035 1346 2071 μεγάλην
1365 2035 1507 2071 Μακρίναν
1530 2035 1715 2070 ποιησαμένη,
1734 2035 1814 2070 συνῆν

1022 2083 1056 2109 τὰ
1076 2083 1160 2109 πολλὰ
1171 2083 1231 2113 ταῖς
1247 2081 1400 2116 παρθένοις,
1414 2081 1460 2108 τδν
1480 2080 1549 2117 πρὸς
1564 2080 1665 2116 ἀρετὴν
1677 2080 1735 2114 βίον
1750 2080 1813 2114 παρ’

1024 2129 1112 2156 αὐτῶν
1133 2127 1357 2163 ὲκδιδασκομένη.
1381 2126 1514 2162 Οὐετιανὴ
1534 2127 1619 2160 ὄνομα
1635 2127 1668 2161 τῇ
1693 2126 1811 2160 γυναικὶ,

1024 2173 1058 2211 ἧς
1070 2176 1085 2201 ὁ
1105 2174 1196 2210 πατὴρ
1213 2171 1252 2206 εἷς
1266 2172 1300 2209 ἦν
1313 2173 1367 2200 τῶν
1389 2174 1428 2204 εἰς
1448 2174 1498 2207 τὴν
1519 2173 1573 2200 τῶν
1588 2172 1703 2199 ὑπάτων
1720 2180 1811 2198 συντε-

1019 2222 1137 2249 λούντων
1167 2221 1280 2257 βουλήν·
1305 2221 1372 2256 πρὸς
1400 2220 1502 2255 ταύτην
1526 2217 1612 2251 εἶπον,
1635 2219 1811 2253 ἀνεπίφθονον

1020 2267 1088 2296 εἶναι
1104 2268 1152 2295 νῦν
1165 2268 1230 2303 γοῦν
1245 2267 1291 2294 τὸν
1311 2267 1486 2302 φαιδρότερον
1502 2265 1641 2293 ἐπιϐαλεῖν
1657 2266 1762 2300 κόσμον

1021 2314 1139 2350 σώματι,
1165 2314 1213 2341 καὶ
1235 2313 1375 2349 λαμπραῖς
1398 2313 1504 2344 ὀθόναις
1527 2311 1742 2346 κατακοσμῆσαι
1764 2312 1809 2346 τὴν

1019 2359 1143 2395 καθαρὰν
1178 2358 1286 2394 ἐκείνην
1323 2357 1371 2384 καὶ
1408 2357 1574 2392 ἁκηλίῑωτον
1599 2357 1701 2391 σάρκα,
1729 2356 1760 2382 'H
1782 2356 1808 2382 δὲ

1021 2404 1116 2440 μαθεῖν
1138 2404 1190 2439 ἐφη
1205 2403 1315 2439 χρῆναι,
1331 2403 1357 2429 τί
1379 2403 1412 2438 τῇ
1433 2402 1498 2438 ἁγία
1515 2402 1580 2437 περὶ
1599 2402 1706 2428 τούτων
1724 2400 1808 2432 καλῶς

1020 2451 1091 2486 ἔχειν
1110 2449 1287 2485 ἐδοκιμάσθη·
1310 2449 1347 2484 μὴ
1367 2449 1421 2484 γὰρ
1435 2448 1533 2481 εὐαγὲς
1547 2445 1616 2473 εἶναι
1634 2447 1712 2480 παρὰ
1727 2446 1758 2473 τὸ
1771 2454 1809 2473 κε-

1019 2496 1184 2532 χαρισμένον
1207 2495 1276 2530 αὐτῇ
1297 2504 1324 2522 τι
1349 2496 1414 2530 παρ’
1439 2494 1517 2529 ἡμῶν
1541 2492 1669 2527 γενέσθαι
1694 2493 1805 2524 πάντως.

1019 2542 1132 2573 Πάντως
1143 2541 1171 2568 δι
1182 2541 1196 2567 ὃ
1208 2540 1248 2576 τῷ
1261 2540 1321 2576 Θεῷ
1332 2539 1407 2575 φίλον
1418 2548 1447 2566 τε
1460 2538 1506 2566 καὶ
1521 2538 1683 2574 εὐάρεστον,
1698 2538 1806 2573 κάκείνῃ

1019 2586 1188 2623 καταθύμιον
1202 2584 1280 2614 εἶναι.

1056 2676 1112 2704 Καὶ
1126 2674 1161 2712 ἦν
1171 2685 1214 2708 τις
1230 2676 1435 2711 προτεταγμένη
1447 2675 1494 2703 τοῦ
1507 2675 1588 2711 χοροῦ
1600 2675 1657 2702 τῶν
1671 2675 1807 2710 παρθενων

1020 2723 1049 2759 ὲν
1065 2722 1103 2757 τῷ
1126 2723 1175 2757 τῆς
1190 2721 1327 2754 διακονίας
1343 2721 1450 2757 βαθμῷ,
1465 2721 1615 2756 Λαμπαδία
1630 2721 1719 2756 ὕνομα
1735 2722 1804 2755 αὐτῇ·

1021 2768 1171 2805 ῆάκριὸὦς
1192 2767 1242 2803 ἔφη
1260 2768 1403 2802 γινώσκειν
1421 2768 1483 2803 περὶ
1502 2767 1555 2795 τῶν
1575 2767 1648 2794 κατὰ
1663 2767 1714 2802 τὴν
1730 2767 1809 2802 ταφὴν
