1917 3079
118 87 136 117 9
141 87 178 116 39

116 145 287 180 δεδογμένων
302 145 408 183 ἐκείνη·
432 147 535 173 ἐπεὶνὸὲ
549 147 656 183 ἠρόμην
676 148 759 185 αὐτὴν
779 151 843 185 περὶ
853 150 914 177 τοὺ-

115 200 174 218 των
194 190 336 226 (παροῦσα
353 192 407 227 γὰρ
432 191 510 227 ἔτυχε
532 194 564 227 τῇ
590 192 743 229 βουλήσει),
764 194 815 229 ἔφη
845 195 913 229 μετὰ

113 235 244 271 δακρύων
258 245 265 251 ·
281 246 290 261 ι
308 237 347 271 Τῇ
361 237 427 271 ἁγίᾳ
439 237 549 272 κόσμος,
562 239 576 264 ὁ
588 238 708 272 καθαρὸς
723 240 779 275 βίος
793 240 915 267 διεσπου-

113 283 218 318 δάσθηβ
235 283 314 309 τοῦτο
330 284 377 310 καὶ
392 284 442 319 τῆς
463 284 537 320 ζωῆς
552 285 777 321 ὲγκαλλώπισμα,
799 287 846 313 καὶ
866 287 912 314 τοῦ

114 330 234 358 θανάτου
251 331 378 366 ἐντάφιον
394 332 502 367 ἐκείνης
518 333 575 358 ἐστί
585 341 592 348 ·
606 333 641 358 τὰ
656 332 679 359 δ’
692 333 743 360 ὅσα
760 333 828 368 πρὸς
846 334 912 360 καλ-

112 375 258 412 λωπισμὸν
283 376 409 412 σώματος
433 377 550 412 βλέπει.
569 377 631 405 οὔτε
655 379 684 405 ὲν
705 378 744 414 τῷ
768 379 816 414 τῆς
841 380 912 415 ζωῆς

111 423 205 458 χρόνῳ
233 425 401 459 προσήκατο,
424 422 486 450 οὔτε
514 425 554 456 είς
577 425 628 461 τὴν
646 425 789 460 παροῦσαν
814 426 911 461 χρῆσιν

111 467 314 503 ἐταμιεύσατο·
333 467 403 495 ὥστε
426 469 487 496 οὐδὲ
512 469 686 505 βουλομένοις
702 471 769 506 ἡμῖν
790 470 867 497 ἔσται
884 480 911 498 τι

111 514 209 546 πλέον,
225 514 277 549 τῆς
289 515 329 546 είς
341 515 407 541 αὐτὸ
427 514 506 542 τοῦτο
525 516 704 551 παρασκευῆς
716 516 747 543 οὺ
758 517 908 552 παρούσης.

108 574 151 579 -
163 560 218 586 Καὶ
240 560 291 587 οὐκ
311 560 384 586 ἐστιν
401 560 431 587 ὲν
444 561 501 592 τοῖς
513 561 706 597 ἀποκειμένοις
725 562 831 598 εὑρεῖν,
843 562 911 597 ἔφην

109 604 181 639 ἐγὼ,
191 605 245 632 τῶν
258 606 444 641 ἐπικοσμῆσαι
459 615 487 633 τι
500 606 657 641 δυναμένων
672 608 722 642 τὴν
736 609 855 644 ἐκφοράν
865 617 910 642 ;-—

109 651 221 685 Ποίοις,
230 649 316 684 εἶπεν,
329 652 537 688 ἀποκειμένοις;
555 653 599 680 Ἐν
610 654 703 689 χερσὶν
716 653 789 690 ἔχεις
806 655 860 681 πᾶν
879 655 910 682 τὸ

109 696 255 723 ἀπόθετον·
273 697 327 724 won
341 697 372 724 τδ
387 698 503 733 ἱμάτιον,
519 698 573 725 ἰδοὺ
590 699 640 734 τῆς
654 699 773 734 κεφαλῆς
792 700 807 735 ἡ
828 700 908 727 καλύ-

111 749 202 777 πτρα,
219 742 253 769 τὰ
263 743 433 778 τετριμμένα
448 743 502 770 τῶν
515 743 603 771 ποδῶν
616 744 776 781 ὑποδήματα
786 753 793 761 ·
805 743 882 778 οὗτος
894 747 908 773 ὁ

109 788 244 820 πλοῦτος·
262 788 332 824 αὕτη
354 790 370 824 ἡ
388 790 543 824 περιουσία.
570 790 652 818 Οὐδὲν
669 791 744 827 παρὰ
765 792 795 818 τὸ
812 793 907 826 φαινό-

112 841 197 869 μενον
218 835 248 861 ὲν
274 834 445 870 ἀποκρύφοις
467 836 628 868 ἀπόκειται,
650 837 776 869 κιὸωτοῖς
795 846 865 865 τισιν
890 838 907 874 ἢ

110 879 246 915 θαλάμοις
272 881 485 917 ὴσφαλισμένον.
514 883 586 910 Μίαν
611 883 754 920 ἀποθήκην
781 884 839 919 ᾔδει
859 884 907 912 τοῦ

112 926 182 953 ἰδίου
195 927 322 959 πλούτου,
332 928 377 955 τὸν
391 928 528 963 θησαυρὸν
539 928 584 956 τὸν
598 928 732 964 οὐράνιον·
749 930 807 956 ἐκεῖ
820 931 908 957 πάντα

109 973 280 1009 ἀποθεμένη,
295 974 369 1000 οὐδὲν
380 974 427 1000 ἐπὶ
437 974 489 1010 γῆς
502 974 754 1003 ὑπελείπετο.-Τί
770 973 827 1007 οὖν,
839 976 907 1011 ἔφην

109 1019 184 1055 πρὸς
197 1020 299 1055 ταύτην
312 1020 378 1055 ἐγὼ,
399 1022 423 1047 εί
436 1021 490 1047 τῶν
503 1021 565 1056 ἐμοὶ
582 1021 651 1057 πρὸς
664 1021 714 1058 τὴν
727 1022 816 1056 ταφὴν
832 1023 907 1058 ἡτοι-

112 1066 264 1100 μασμένων
279 1066 493 1102 προσαγάγοιμι,
513 1068 579 1102 μήτι
593 1066 648 1093 τῶν
663 1067 819 1103 ἀϐουλήτων
838 1068 906 1104 αὐτῇ

108 1110 158 1137 διὰ
173 1110 251 1137 τοῦτο
268 1111 432 1147 γενήσεται;
451 1122 461 1139 ι
477 1113 533 1139 Οὐκ
544 1113 648 1140 οἴεσθαι
663 1113 726 1148 ἔφη,
738 1114 816 1140 τοῦτο
831 1115 906 1149 παρὰ

109 1156 226 1192 γνώμην
246 1154 315 1184 εἶναι
335 1158 414 1193 αὐτῇ,
429 1167 438 1184 ‹
453 1158 607 1194 Προσέσθαι
631 1159 685 1195 γὰρ
703 1159 737 1186 ἂν
755 1159 841 1195 αῢτὴν
860 1160 907 1187 και

110 1202 205 1235 ζῶσαν
220 1202 268 1238 τὴν
283 1203 411 1239 τοιαύτην
428 1204 504 1240 παρὰ
517 1204 564 1231 σοῦ
578 1205 661 1240 τιμὴν
680 1205 740 1232 κατ’
752 1205 905 1241 ἀμφότερα,

108 1247 159 1275 διά
171 1257 201 1275 τε
215 1248 264 1284 τὴν
279 1249 440 1284 ἱερωσύνην,
460 1249 509 1285 τὴν
532 1250 575 1277 ἀεὶ
587 1250 681 1285 τιμίαν
694 1250 763 1286 αὐτῇ
773 1271 780 1283 ,
795 1251 843 1278 καὶ
861 1251 907 1278 διὰ

107 1294 166 1329 τὴν
181 1295 323 1321 κοινωνίαν
341 1295 391 1330 τῆς
404 1295 525 1330 φύσεωςο
547 1295 614 1331 μηδὲ
631 1296 686 1332 γὰρ
700 1296 841 1333 ἀλλότριον
857 1297 906 1323 αὺ-

107 1341 164 1376 τῆς
178 1340 208 1367 τὸ
222 1340 269 1367 τοῦ
284 1340 399 1375 ἀδελφοῦ
412 1341 533 1377 νομίσαι.
549 1342 599 1368 Διὰ
614 1341 694 1369 τοῦτο
707 1342 756 1369 καὶ
771 1343 831 1374 ταῖς
846 1343 908 1375 σαῖς

108 1387 191 1424 χερσὶ
209 1388 378 1424 κοσμηθῆναι
394 1388 424 1415 τὸ
439 1388 519 1424 σῶμα
531 1388 728 1416 διεκελεύσατο.
744 1398 754 1415 ι

158 1435 233 1461 Ἐπει
251 1434 280 1461 δὲ
303 1434 382 1461 τοῦτο
406 1435 539 1466 ἐδέδοκτο.
565 1435 611 1461 καὶ
635 1435 688 1461 ἔδει
710 1435 906 1470 περισταλῆναι

108 1482 174 1513 ταῖς
193 1480 300 1513 ὀθόναις
325 1480 356 1507 τὸ
381 1481 452 1517 ἱερὸν
471 1481 559 1508 ἐκεῖνο
576 1481 674 1516 σῶμα,
691 1481 840 1516 διελόμενοι
856 1481 906 1516 τὴν

111 1527 243 1563 σπουδὴν,
259 1527 339 1559 ἄλλος
355 1527 421 1554 ἄλλο
439 1535 466 1554 τι
483 1527 547 1563 περ).
561 1527 645 1562 αὐτὴν
661 1527 834 1562 ἐπενοοῦμεν.
852 1527 906 1554 Καὶ

111 1573 172 1608 ἐγὼ
195 1573 243 1608 μὲν
266 1573 316 1608 τὴν
342 1573 444 1608 ἐσθῆτα
471 1573 524 1600 τῶν
548 1573 621 1608 ὲμῶν
645 1581 698 1599 τινι
723 1573 907 1608 προσαγαγεῖν

109 1619 333 1654 ἑνεκελευσάμην
345 1626 352 1634 ·
373 1619 390 1654 ἡ
410 1618 439 1645 δὲ
457 1617 674 1654 μνημονευθεὴα
699 1617 842 1653 Οὐετιανὴ,
856 1617 906 1652 τὴν

110 1664 194 1698 ἁγίαν
218 1665 327 1700 ἐκείνην
347 1664 469 1699 κεφαλὴν
494 1665 555 1695 ταῖς
582 1663 660 1694 ἰδίαις
682 1663 762 1698 χερσὶ
786 1671 906 1689 κατακο-

111 1710 222 1745 σμοῦσα
233 1730 241 1742 ,
257 1710 351 1745 ἐπειδὴ
363 1709 434 1737 κατὰ
448 1709 493 1736 τὸν
510 1709 612 1744 αὐχένα
622 1708 672 1744 τὴν
687 1710 765 1744 χεῖρα
780 1709 904 1743 ἤνεγκεν,

113 1766 132 1781 ι,
153 1756 230 1788 Ἰδοὺ,
244 1755 311 1791 φησὶ
323 1776 330 1787 ,
349 1755 418 1791 πρὸς
440 1754 491 1790 ἐμὲ
508 1754 639 1790 βλέψασα,
657 1752 712 1786 οἶος
733 1754 906 1790 περιδέραιος

109 1801 215 1836 κόσμος
231 1801 280 1836 τῆς
302 1801 396 1835 Ἀγίας
418 1800 575 1837 ἐξήρτηται.
595 1810 607 1826 ι
623 1799 676 1827 Καὶ
696 1800 754 1836 ἅμα
767 1800 848 1826 τοῦτο
864 1800 908 1826 λέ-

109 1856 213 1882 γουσα,
230 1847 367 1874 ἐκλύσασα
384 1847 430 1874 τὸν
450 1847 550 1882 δεσμὸν
566 1847 602 1873 ἐκ
621 1846 668 1873 τοῦ
685 1845 819 1878 κατόπιν,
838 1854 906 1881 προ-

110 1893 198 1919 έτεινε
218 1893 268 1928 τὴν
286 1894 377 1928 χεῖρα,
403 1893 451 1920 καὶ⁴
475 1892 612 1920 δείκνυσιν
635 1892 700 1927 ἡμῖν
725 1892 835 1927 σιδηροῦ
858 1890 905 1919 τοῦ

111 1938 230 1974 σταυροῦ
252 1938 298 1965 τὸν
320 1938 415 1970 τύπον,
441 1938 489 1964 καὶ
509 1936 652 1964 δακτύλιόν
671 1945 732 1963 τινα
753 1937 804 1971 τῆς
821 1936 906 1971 αὐτῆς

111 1984 181 2019 ὕλης
192 1991 198 1997 ·
220 1984 292 2019 ειπερ
306 1983 449 2019 ἀμφότερα
463 1983 564 2018 λεπτῆς
584 1983 684 2018 ὁρμιᾶς
702 1981 843 2018 ὲξημμένα
860 1982 906 2008 ἐπὶ

109 2029 165 2064 τῆς
185 2029 297 2065 καρδίας
312 2029 458 2061 διαπαντὸς
479 2026 523 2064 ἦν.
539 2029 594 2056 Καὶ
609 2028 665 2062 ἐγὼ
677 2025 764 2054 εἷπον·
781 2037 790 2053 ι
809 2027 905 2054 Κοινὸν

111 2075 234 2109 γενέσθω
250 2075 280 2101 τὺ
293 2075 396 2110 κτῆμα.
420 2074 474 2101 Καὶ
492 2074 524 2100 σὺ
545 2074 595 2109 μὲν
609 2073 654 2108 ἔχε
674 2072 705 2099 τὸ
718 2072 765 2099 τοῦ
787 2072 904 2108 σταυροῦ

111 2122 298 2157 φυλακτήριον
309 2129 315 2135 ·
331 2121 392 2155 ἐμοὶ
413 2120 442 2147 δὲ
458 2119 570 2156 ἀρκέσει
590 2119 607 2154 ἡ
624 2118 670 2145 τοῦ
684 2117 826 2145 δακτυλίου
839 2117 903 2152 κλη-

114 2167 239 2202 ρονομία·
253 2177 262 2192 ι
280 2167 328 2193 καὶ
339 2165 394 2201 γὰρ
409 2166 456 2191 ἐπὶ
467 2165 517 2200 τῆς
530 2163 626 2191 τούτου
639 2163 785 2199 σφραγῖδος
797 2164 811 2189 ὁ
823 2170 903 2189 σταυ-

114 2213 162 2249 ρὸς
178 2212 357 2248 ὲκεχάρακτο.
378 2208 413 2247 ᾯ
431 2210 618 2243 ένατενίσασα,
642 2209 709 2245 φησὶ
731 2209 813 2236 πάλιν
836 2208 905 2244 πρὸς

113 2259 166 2295 ἐμὲ
181 2260 198 2294 ἡ
213 2259 281 2294 γυνή
294 2266 302 2274 ·
324 2267 334 2283 ι
360 2257 418 2284 Οὐκ
431 2255 627 2284 ἀποσκοποῦσα
641 2256 753 2290 γέγονεν
769 2254 787 2288 ἡ
805 2253 904 2289 ἐκλογὴ

112 2304 192 2332 τοῦδε
212 2304 259 2331 τοῦ
277 2304 425 2340 κτήματος.
443 2302 540 2334 Κοῖλος
558 2302 614 2337 γὰρ
634 2301 706 2328 κατὰ
727 2300 776 2336 τὴν
796 2300 906 2335 σφενδό-

113 2359 165 2386 νην
180 2350 254 2377 ἐστὶν
266 2350 280 2376 ὁ
297 2349 450 2382 δακτύλιος,
465 2349 514 2376 καὶ
527 2349 556 2375 ὲν
572 2347 646 2383 αὐτῷ
659 2348 691 2374 ἐκ
702 2347 750 2374 τοῦ
763 2346 841 2379 ξύλου
854 2346 906 2381 τῆς

113 2397 190 2432 ζωῆς
209 2396 451 2432 κατακέκρυπται·
477 2394 525 2422 καὶ
539 2394 626 2426 οὕτως
639 2394 741 2421 ἄνωθεν
753 2393 771 2428 ἡ
789 2392 906 2428 σφραγὶς

112 2442 156 2477 τῷ
173 2441 230 2477 ίδίῳ
250 2441 327 2476 τύπῳ
342 2441 438 2476 μηνύει
452 2440 483 2468 τδ
497 2440 685 2475 ὑποκείμενον.
703 2448 712 2465 ι

156 2489 202 2519 Ὧς
216 2487 248 2514 δὲ.
258 2487 306 2514 καί¹
323 2487 558 2522 περικαλυφθῆναι
574 2488 613 2522 τῇ,
624 2486 717 2521 ἐσθῆτι
731 2485 763 2512 τὸ
786 2484 907 2521 καθαρὸν

114 2534 198 2569 σῶμα
215 2533 311 2569 καιρὸς
323 2531 376 2568 ἦν,
389 2533 473 2568 κάμοὶ
489 2533 542 2568 τὴν
559 2532 697 2559 διακονίαν
714 2531 815 2566 ταύτην
830 2531 846 2566 ἡ
865 2531 907 2557 ὲν-

113 2581 180 2615 ·τολὴ
193 2580 243 2615 τῆς
255 2579 376 2615 μεγάλης
390 2579 497 2615 ἐκείνης
511 2579 661 2614 ἀναγκαίαν
675 2578 771 2605 ἐποίει·
781 2577 906 2612 παροῦσα

112 2625 156 2661 τῷ
177 2625 251 2661 ἔργῳ
268 2625 315 2652 καὶ
330 2625 554 2660 συνεφαπτομένη
567 2625 584 2660 ἡ
596 2625 646 2660 τῆς
662 2622 782 2658 μεγάλης
800 2621 907 2656 ἐκείνης

113 2671 183 2706 ἡμῖν
197 2670 379 2705 κληρονομίας
398 2671 597 2705 κοινωνήσασα,
620 2679 629 2696 ι
649 2669 695 2705 Μὴ
713 2667 906 2704 παραδράμῃς,

113 2717 210 2752 φησὶν,
233 2716 408 2752 ἀνιστόρητον
429 2716 460 2742 τὸ
484 2716 598 2751 μέγεθος
614 2715 668 2742 τῶν
691 2714 743 2740 ὑπὸ
758 2713 807 2748 τῆς
827 2712 908 2746 ἁγίας

112 2762 219 2798 ταύτης
233 2762 460 2798 κατορθωθέντων
477 2760 703 2796 θαυμάτων.-Τί
715 2759 804 2792 τοῦτο;
820 2769 829 2784 ι
839 2758 906 2793 ἔφην

115 2807 184 2843 ἐγώ.
204 2809 237 2835 Ἦ
258 2808 286 2834 δὲ
311 2808 392 2843 μέρος
411 2816 438 2833 τι
457 2807 503 2834 τοῦ
520 2808 632 2842 στήθους
648 2805 888 2842 παραγνμνώσασα

740 89 875 118 οενιτςι
908 92 936 119 S.
962 93 1148 123 ΜΛΕΒΙΝᾸῙ..

1701 101 1762 130 990-

929 154 951 182 Α
967 152 1030 178 Haec
1052 159 1065 178 a
1089 160 1133 180 me
1157 153 1200 181 his
1225 154 1259 181 de
1284 155 1365 182 rebus
1389 155 1558 192 interrogata
1576 157 1666 193 (forte
1678 162 1752 189 enim

967 198 1098 226 inlercrat
1108 200 1324 236 consultationi)
1338 210 1400 229 cum
1419 203 1547 239 lserynds
1561 207 1730 240 respondens
1743 217 1750 234 :

968 253 977 269 ι
1009 243 1117 280 lntegre
1142 249 1169 272 et
1196 253 1264 280 pure
1295 247 1431 280 vivendo,
1456 249 1560 284 inquit.
1579 253 1759 281 sanctavsibi~

964 296 1158 318 ornamentum
1181 292 1304 326 paravit.
1333 294 1404 328 quod
1422 298 1449 322 et
1465 295 1547 322 vitam
1565 297 1650 331 ipsius
1671 298 1752 326 deco-

963 340 1037 363 raret
1052 340 1079 364 et
1092 337 1262 372 sepulturam
1277 348 1283 366 :
1297 347 1360 366 nam
1380 341 1452 375 quod
1469 341 1501 368 ad
1524 344 1650 377 corporis
1670 352 1752 372 orna-

965 388 1020 409 tum
1037 387 1153 418 spectat,
1169 391 1220 411 nec
1236 385 1301 412 dum
1317 386 1421 413 viveret
1436 388 1551 422 accepit,
1569 397 1619 416 nec
1633 390 1659 416 in
1675 390 1750 418 hunc

964 437 1044 456 usum
1067 430 1227 457 reservavit.
1258 430 1348 464 Quare
1376 439 1410 460 ne
1440 433 1463 460 si
1485 434 1603 461 velimus
1628 435 1750 470 quidem,

963 476 1081 510 amplius
1100 476 1173 510 licet,
1189 484 1252 504 cum
1271 477 1305 505 ad
1325 478 1395 507 hanc
1416 487 1472 506 rem
1486 488 1542 507 non
1559 487 1685 517 suppetat
1702 491 1751 518 ap-

963 527 1085 557 paratus.
1105 538 1142 544 -
1165 523 1294 556 Nihilne,
1326 525 1436 559 inquam
1452 545 1459 557 .
1492 528 1666 555 reconditum
1696 532 1749 562 est,

963 576 1019 602 quo
1033 568 1120 603 justa,
1137 573 1164 597 et
1175 570 1315 604 exsequiae
1329 571 1435 606 possint
1451 572 1603 600 adornari?
1617 589 1652 594 —
1667 573 1749 608 Quid,

963 614 1051 648 inquit
1076 615 1119 641 illa
1135 635 1142 647 ,
1170 616 1343 644 reconditum
1365 618 1484 645 narras?
1497 617 1638 653 Quidquid
1652 627 1752 647 recon-

961 659 1008 687 diti
1021 663 1063 688 est
1074 661 1102 687 in
1114 661 1242 689 manibus
1254 662 1350 694 habes,
1364 670 1429 690 ecce
1439 664 1564 698 pallium.
1576 672 1642 692 ecce
1650 665 1756 701 capitis

961 710 1088 741 tegmen,
1118 711 1145 734 et
1174 708 1237 734 trita
1254 708 1354 742 pedum
1382 709 1582 738 calceamenta‘.
1608 711 1656 739 lla:
1685 715 1751 740 sunt

960 759 1039 787 opes,
1067 752 1124 780 lucc
1146 754 1268 787 supellex
1287 762 1293 780 :
1310 754 1378 781 nihil
1396 759 1495 790 prater
1516 755 1543 782 id
1567 757 1640 790 quod
1655 758 1749 786 cernis

962 798 988 825 in
1002 799 1105 826 arculis
1116 804 1163 826 aut
1179 799 1307 828 thalamis
1322 801 1464 828 conditura
1479 801 1544 828 latet
1559 811 1565 829 :
1582 810 1663 829 unam
1678 803 1751 830 divi-

960 846 1060 873 tiarum
1084 853 1197 872 suarum
1232 846 1328 874 cellam
1356 852 1494 880 noverat,
1516 848 1679 876 thesaurum
1693 856 1750 877 cm-

959 891 1055 918 lestem
1072 898 1078 915 :
1097 891 1153 918 illic
1181 893 1274 919 omnia
1300 892 1463 925 collocavit,
1491 893 1560 920 nihil
1584 894 1699 929 reliquit
1720 895 1750 922 in

959 941 1043 964 terra.
1067 947 1078 963 ι
1098 936 1167 964 Tum
1185 945 1252 972 ego,
1271 948 1279 963 ι
1299 938 1369 971 Quid
1383 959 1391 972 ,
1419 939 1531 974 inquam
1544 959 1552 970 ,
1572 939 1595 966 si
1616 939 1651 966 ad
1666 939 1750 967 funus

958 982 1111 1010 ornandum
1129 991 1162 1010 ea
1184 983 1234 1015 iis,
1257 991 1319 1018 quae
1338 984 1405 1012 mihi
1427 990 1525 1019 parata
1548 989 1614 1012 sunt
1644 985 1749 1020 aliquid

958 1027 1111 1063 proferam,
1127 1036 1192 1055 num
1207 1029 1365 1058 inconsulte
1378 1030 1480 1057 factum
1492 1030 1677 1058 existimabit?
1691 1040 1701 1058 ι
1720 1030 1748 1057 Id

958 1077 1057 1108 praeter
1083 1075 1249 1102 sententiam
1266 1075 1327 1109 ejus
1350 1074 1473 1102 futurum
1491 1083 1521 1103 se
1540 1083 1595 1103 non
1617 1076 1748 1103 arbitrari

958 1119 1101 1154 respondit
1117 1127 1124 1145 :
1143 1129 1152 1145 ι
1171 1119 1239 1147 Nam
1257 1120 1309 1148 etsi
1333 1121 1458 1154 viveret,
1479 1121 1588 1148 duabus
1603 1122 1638 1150 de
1653 1122 1748 1150 causis

957 1172 1013 1192 non
1030 1165 1191 1201 repudiaret
1208 1166 1342 1193 honorem
1357 1170 1447 1200 tuum,
1462 1167 1505 1194 vel
1523 1171 1636 1202 propter
1655 1174 1750 1195 sacer-

923 835 944 862 Β

958 1211 1027 1238 dotii
1053 1211 1214 1247 dignitatem
1237 1219 1320 1247 quam
1348 1219 1458 1248 semper
1475 1216 1607 1241 venerata
1625 1216 1669 1241 est
1682 1232 1690 1246 ,
1706 1213 1753 1240 vel

956 1261 1070 1293 propter
1088 1261 1194 1285 natura;
1221 1258 1478 1292 necessitudinem;
1509 1266 1600 1294 neque
1626 1258 1750 1286 alienum

957 1301 1071 1329 duceret
1088 1302 1120 1329 id
1133 1302 1206 1338 quod
1231 1310 1246 1330 a
1268 1302 1354 1330 fratre
1376 1307 1451 1331 esset
1466 1311 1473 1330 :
1487 1303 1594 1331 idcirco
1619 1303 1749 1331 manibus

956 1348 1041 1375 etiam
1053 1348 1110 1377 tuis
1124 1355 1226 1384 corpus
1244 1352 1275 1376 ut
1294 1354 1440 1377 curaretur
1453 1348 1605 1376 mandavit.
1628 1357 1640 1375 ι

992 1438 1061 1466 Cum
1090 1438 1174 1473 igitur
1197 1439 1238 1466 ita.
1253 1439 1344 1467 visum
1371 1443 1461 1472 esset,
1489 1442 1517 1467 et
1536 1445 1647 1466 sacrum
1679 1436 1748 1466 illud

919 1501 940 1530 ο
957 1492 1058 1520 corpus
1073 1486 1128 1520 tegi
1142 1485 1267 1512 vestibus
1283 1487 1435 1520 oporteret,
1460 1484 1583 1512 studium
1604 1483 1677 1511 inter
1693 1491 1746 1510 nos

958 1531 1114 1558 dividentes
1131 1531 1206 1558 circa
1223 1530 1326 1565 ipsam,
1347 1530 1418 1558 alius
1437 1529 1513 1558 aliud
1529 1529 1722 1565 cogitabamus
1739 1538 1747 1556 :

956 1579 984 1604 et
1000 1583 1051 1611 ego
1077 1576 1188 1611 quidem
1213 1576 1285 1610 jussi
1307 1575 1418 1603 cuidam
1438 1583 1471 1603 ex
1501 1575 1570 1603 meis
1590 1579 1621 1602 ut
1641 1578 1748 1603 vestem

956 1619 1069 1647 ail‘erret
1092 1629 1100 1648 :
1125 1620 1170 1647 illa
1195 1627 1271 1652 vero,
1294 1628 1349 1655 qua
1369 1620 1404 1648 de
1427 1620 1596 1647 mentionem
1618 1619 1746 1651 fecimus.

957 1665 1086 1697 Vestiana
1111 1666 1230 1701 propriis
1253 1665 1382 1693 manibus
1401 1673 1505 1694 ornans
1529 1669 1653 1693 sanctum
1678 1665 1746 1693 illud

956 1716 1059 1746 caput,
1087 1719 1150 1738 cum
1179 1711 1241 1746 ejus
1269 1711 1373 1739 cervici
1407 1718 1520 1738 manum
1557 1711 1747 1743 submisisset,

959 1765 969 1782 ι
990 1756 1059 1784 Ecce
1072 1776 1081 1789 ,
1098 1756 1188 1791 inquit
1224 1756 1258 1783 ad
1276 1764 1319 1783 me
1341 1755 1508 1791 respiciens,
1526 1755 1608 1792 quale
1631 1763 1648 1783 e
1674 1755 1748 1782 collo

956 1807 1060 1831 sancta:
1084 1803 1196 1830 monilis
1225 1805 1417 1829 ornamentum
1443 1801 1570 1837 pendet:
1598 1811 1608 1828 ι
1637 1805 1666 1828 et
1688 1800 1747 1828 hac

956 1849 1051 1877 dicens
1068 1848 1166 1877 solutis
1183 1856 1254 1883 pone
1272 1847 1393 1875 vincuiis
1408 1847 1552 1882 pmtendit
1578 1854 1663 1874 manu
1692 1846 1746 1874 fer-

956 1903 1032 1923 reum
1048 1894 1140 1922 crucis
1157 1895 1278 1930 signum,
1295 1897 1322 1921 et
1336 1893 1469 1921 annulum
1483 1892 1631 1928 quemdam
1645 1900 1678 1920 ex
1701 1900 1747 1920 ea-

955 1940 1017 1968 dem
1029 1935 1161 1972 materia;
1175 1947 1237 1974 quae
1245 1938 1355 1974 quidem
1367 1942 1485 1973 utraque
1494 1938 1570 1965 tenui
1583 1937 1747 1965 redimicqu

956 1993 1078 2021 appensa
1090 1993 1199 2020 semper
1212 1985 1288 2012 cordi
1307 1984 1494 2012 adhaerebant.
1512 1983 1545 2010 Et
1556 1991 1619 2018 ego,
1637 1992 1646 2008 ι
1661 1982 1746 2010 Com-

956 2031 1060 2065 munis,
1087 2031 1212 2066 iuquam.
1231 2031 1268 2058 sit
1290 2030 1348 2058 haec
1371 2029 1524 2065 possessio.
1541 2030 1620 2056 Actu
1634 2029 1744 2063 quidem

956 2077 1058 2105 habeas
1086 2077 1180 2105 crucis
1205 2076 1337 2112 insigne:
1362 2076 1428 2103 mihi
1457 2078 1548 2102 autem
1574 2074 1747 2102 hereditatis

956 2123 1051 2150 annuli
1075 2122 1145 2151 satis
1163 2123 1227 2154 erit,
1252 2131 1261 2148 ι
1278 2121 1416 2156 siquidem
1432 2121 1460 2148 in
1487 2120 1571 2155 hujus
1586 2120 1670 2147 etiam
1684 2120 1742 2154 pa];

919 2168 942 2196 D
956 2177 1025 2197 crux
1046 2172 1106 2196 erat
1126 2168 1269 2203 impressa.
1298 2166 1332 2194 At
1348 2174 1411 2194 eum
1433 2166 1534 2194 mulier
1557 2165 1668 2194 intuens
1682 2173 1743 2192 rur-~

956 2223 1004 2243 sus
1020 2215 1055 2241 ad
1076 2222 1131 2246 me,
1150 2222 1160 2239 ι
1178 2213 1208 2241 In
1230 2212 1388 2248 deligendo,
1404 2212 1506 2246 inquit,
1521 2219 1577 2240 non
1597 2211 1746 2242 aberrasti.

955 2260 1055 2289 etenim
1070 2262 1220 2288 excavatus
1229 2263 1272 2286 est
1286 2257 1408 2285 annulus
1424 2256 1477 2284 sub
1489 2257 1549 2292 ipsa
1562 2257 1636 2292 pala,
1649 2257 1744 2292 ibique

955 2307 990 2335 de
1015 2306 1092 2341 ligno
1113 2306 1178 2333 vitae
1207 2304 1373 2340 particulam
1390 2303 1531 2331 conditam
1554 2303 1648 2336 habet.
1671 2303 1744 2339 quod

956 2351 1171 2388 superadjacens
1189 2350 1251 2387 pala
1264 2349 1350 2378 simili
1370 2352 1436 2377 nota
1451 2348 1599 2385 significat.
1619 2358 1630 2376 ι

991 2484 1127 2512 Caeterum
1152 2489 1215 2510 cum
1239 2485 1349 2518 tempus
1369 2483 1497 2516 posceret
1509 2483 1541 2508 ut
1556 2484 1663 2508 castum
1683 2486 1744 2505 cur-

956 2538 1009 2566 pus
1032 2532 1110 2557 veste
1134 2530 1294 2563 tegeretur,
1322 2526 1396 2562 quod
1425 2526 1537 2561 quidem
1567 2525 1689 2552 ofﬁcium
1710 2531 1744 2551 ex

957 2581 1062 2610 magnae
1089 2573 1220 2601 mandato
1248 2572 1283 2599 ad
1311 2579 1355 2599 me
1385 2571 1538 2606 pertinebat
1573 2570 1744 2602 necessario,

957 2627 1076 2655 cumque
1095 2627 1217 2655 praesens
1236 2622 1330 2652 esset,
1354 2624 1387 2645 ac
1408 2616 1490 2645 simul
1505 2619 1690 2644 contrectaret
1711 2623 1745 2643 ea

956 2675 1017 2702 quae
1041 2673 1147 2694 mecum
1174 2672 1282 2700 magnae
1312 2663 1387 2691 illius
1415 2661 1583 2690 haereditatis
1605 2661 1744 2697 particeps

958 2712 1059 2744 fuerat,
1079 2721 1087 2737 ι
1106 2711 1145 2738 Ne
1159 2709 1380 2746 przctcrmiseris,
1402 2709 1502 2744 inquit,
1519 2707 1621 2735 intueri
1638 2707 1677 2735 rei
1695 2706 1743 2734 ad-

957 2758 1089 2785 mirandae
1102 2758 1136 2784 ab
1150 2757 1201 2784 hac
1215 2760 1310 2784 sancta
1323 2754 1452 2790 perfecta;
1467 2753 1695 2788 magnitudinem.
1708 2766 1743 2771 ——

957 2804 1093 2838 Quidnam
1110 2803 1181 2832 istud
1197 2803 1258 2830 cst?
1274 2812 1282 2828 ι
1301 2803 1423 2837 inquam.
1445 2801 1478 2828 At
1494 2800 1540 2828 illa
1556 2803 1662 2835 partem
1678 2805 1744 2833 paea
