3990 6202
1647 419 1826 427 ...ο-νυ.

1125 567 1249 656 ΙΝ
1321 565 2038 661 OPUSCULUM
2101 570 2635 677 SEQUENS

1552 866 2223 980 MONITUM

581 1171 683 1246 (lo.
711 1173 913 1230 Christ.
954 1167 1146 1238 Wo”,
1177 1170 1449 1226 Anecdota
1473 1168 1659 1226 Graeca
1687 1187 1846 1256 sacra
1878 1182 1927 1227 et
1960 1172 2208 1243 profana,
2248 1182 2378 1229 tom.
2414 1172 2479 1240 ll,
2518 1168 3000 1247 liamburgi'i'iﬁﬂ,
3033 1178 3224 1247 ἰπὶ-8⁸.)

3379 1507 3405 1526 5

334 1637 593 1709 Dialogus
617 1638 712 1708 qui
761 1638 902 1692 inter
931 1632 1250 1708 Gregorium
1291 1636 1596 1711 Nyssenum
1640 1647 1694 1694 et
1725 1637 2045 1704 Macrinam,
2084 1656 2328 1698 sororem
2377 1643 2518 1713 ejus,
2549 1644 2612 1698 de
2636 1644 2830 1699 Anima
2847 1655 2896 1701 et
2925 1645 3351 1714 Resurrectione,
3383 1646 3524 1702 facta

267 1745 329 1785 ex
359 1731 514 1785 obitu
546 1728 732 1783 Basilii
762 1728 830 1783 Μ.
864 1730 1177 1798 occasione,
1213 1731 1590 1787 intercessisse
1638 1731 1883 1804 ﬁngitur,
1933 1748 2151 1803 semper
2189 1734 2330 1790 lectu
2372 1734 2570 1805 dignus
2619 1737 2751 1790 mihi
2789 1739 2941 1795 visus
2964 1746 3071 1806 est,
3099 1740 3169 1795 ob
3199 1739 3526 1795 induStriam

268 1834 323 1883 et
346 1826 671 1892 doctrinam,
706 1841 866 1894 quam
898 1827 963 1879 ad
993 1827 1300 1898 argumenti
1329 1827 1494 1898 hujus
1524 1830 1908 1885 tractationem
1939 1829 2102 1884 Pater
2127 1831 2364 1900 optimus
2393 1832 2596 1886 attulit.
2632 1830 2894 1903 Perspexi
2927 1843 3132 1898 autem,
3169 1842 3338 1889 totam
3370 1849 3526 1889 com-

273 1922 652 1976 mentalionem
699 1923 948 1992 pluribus
980 1923 1114 1977 locis
1153 1925 1210 1978 in
1241 1931 1473 1993 utraque
1518 1924 1758 1980 editione
1804 1925 2122 1988 Parisiensi,
2175 1926 2446 1996 imprimis
2476 1943 2606 1981 vero
2647 1926 2701 1981 in
2732 1929 2933 1998 priore,
2967 1926 3206 1996 pessime
3250 1934 3527 1997 acceptam

269 2025 323 2070 et
353 2013 592 2068 habitam
627 2029 766 2069 esse.
800 2014 958 2079 Quod
988 2023 1049 2068 ut
1078 2023 1387 2084 appareret,
1435 2023 1643 2085 partem
1697 2017 1844 2074 illius
1887 2024 2054 2073 tctam
2107 2032 2230 2072 cum
2280 2018 2532 2075 versione
2572 2019 2763 2074 Latina
2811 2019 3044 2090 pristina
3083 2019 3341 2088 notisque
3391 2017 3531 2070 meis

269 2105 626 2161 exhibendam
691 2109 903 2170 censui,
940 2107 1138 2162 deinde
1165 2122 1296 2162 vero
1323 2109 1458 2163 satis
1488 2125 1575 2165 me
1603 2109 1800 2166 fecisse
1845 2111 2051 2182 putavi,
2106 2111 2152 2166 si
2181 2111 2473 2167 varietates
2521 2113 2819 2168 lectionum
2855 2120 3066 2168 tantum
3100 2109 3528 2166 subindicarem.

268 2198 531 2251 Caeterum
582 2199 716 2268 ipsa:
753 2199 860 2254 illte
889 2201 1182 2254 varietates
1214 2199 1548 2254 exhibentur
1599 2216 1629 2255 a
1665 2218 1750 2257 me
1784 2217 1852 2258 ex
1908 2202 2126 2258 duobus
2190 2203 2430 2258 diversis
2489 2205 2793 2276 codicibus,
2836 2205 3012 2274 iisque
3063 2204 3221 2257 bona:
3268 2210 3430 2266 notae,
3478 2206 3535 2253 et

275 2299 332 2342 ut
362 2289 685 2358 plurimum,
721 2293 913 2347 saltem
949 2293 1004 2346 in
1057 2293 1146 2356 iis,
1202 2307 1322 2362 quae
1354 2293 1592 2362 alicujus
1622 2304 1748 2347 sunt
1783 2295 2065 2362 momenti,
2124 2310 2309 2352 secum
2351 2296 2584 2352 invicem
2639 2295 3102 2366 conSpirantibus.
3135 2295 3288 2348 Alter
3343 2304 3534 2346 eorum

274 2395 656 2436 ornamentum
703 2390 786 2437 est
843 2383 1072 2454 insignis
1122 2384 1492 2450 Bibliothecm,
1544 2399 1708 2454 quam
1766 2386 1998 2440 illustris
2051 2386 2348 2443 Zacharias
2391 2389 2682 2445 Conradus
2729 2389 2796 2443 ab
2828 2388 3149 2452 Uﬂ'enbach,
3197 2385 3536 2455 Reipublicae

277 2472 934 2530 ano-Francolurtaote
977 2484 1200 2532 senator
1252 2477 1675 2542 meritissimus,
1737 2483 2018 2546 statorque
2070 2478 2147 2532 rei
2199 2479 2476 2535 litterariae
2527 2480 2688 2534 hodie
2726 2481 3060 2549 praecipuus,
3123 2495 3231 2534 non
3281 2489 3391 2532 tam
3431 2475 3536 2531 sibi

275 2574 475 2632 servat,
503 2582 666 2636 quam
698 2566 930 2622 eruditis
955 2568 1099 2638 quod
1132 2569 1199 2622 ad
1229 2582 1386 2622 usum
1414 2581 1760 2620 communem
1791 2581 1918 2621 esse
1946 2565 2120 2634 jubet.
2154 2567 2404 2638 Scriptus
2437 2568 2482 2623 is
2505 2577 2590 2623 est
2619 2570 2822 2623 szcculo
2851 2585 2940 2622 xuv
2967 2569 3022 2622 in
3045 2569 3256 2634 charta,
3280 2568 3538 2622 formam-

277 2676 380 2731 que
415 2663 580 2715 rel‘ert
611 2661 792 2730 quarti
823 2662 1056 2727 ordinis,
1107 2673 1271 2731 prout
1303 2660 1637 2716 describitur
1667 2674 1698 2712 a
1731 2657 2054 2714 doctissimo
2091 2657 2142 2714 J.
2172 2657 2409 2714 Henrico
2439 2659 2601 2722 Maio,
2634 2661 2689 2714 in
2741 2660 3080 2716 Bibliotheca
3110 2658 3540 2714 Uli‘enbachiana

279 2764 419 2808 msta
474 2763 629 2823 parte
659 2770 720 2818 ιι,
761 2771 887 2824 pag.
918 2754 1045 2809 425.
1087 2753 1239 2809 Folio
1281 2755 1483 2810 codicis
1539 2754 1688 2808 illius
1733 2753 1833 2808 157
1870 2752 2062 2822 incipit
2117 2753 2232 2808 haec
2275 2753 2573 2823 disputatio
2623 2762 2678 2808 et
2728 2754 2974 2810 decurrit
3015 2767 3189 2824 usque
3225 2753 3293 2807 ad
3324 2767 3378 2823 p.
3411 2753 3538 2808 25⁵1.

284 2842 354 2898 Et
390 2845 471 2898 hic
504 2847 696 2916 (verba
731 2848 898 2903 habes
927 2847 1010 2903 Cl.
1045 2847 1202 2919 Maii)
1239 2847 1440 2902 addita:
1471 2848 1800 2918 marginibus
1847 2853 1970 2898 sunt
2019 2848 2298 2901 varietates
2348 2847 2653 2910 lectionum,
2695 2845 3010 2917 calligraplci
3050 2847 3280 2915 primani
3324 2862 3544 2899 manum

283 2939 648 3009 calamumque
688 2952 1044 3011 agnoscentes.
1105 2942 1187 2995 Ad
1233 2942 1430 2996 calcem
1469 2941 1850 3009 disputationis

1972 2958 2115 3012 empc
2153 2941 2280 3010 folio
2327 2941 2456 3004 251,
2505 2940 2556 3003 b,
2605 2949 2887 2994 occurrunt
2931 2936 3412 3012 παρασημειώσεις
3461 2955 3545 2991 τι-

283 3031 374 3097 νές
396 3076 410 3099 ,
452 3035 660 3090 scholia
690 3035 962 3104 quaedam,
1004 3034 1072 3088 ad
1097 3034 1232 3089 hunc
1260 3035 1431 3104 ipsum
1463 3044 1772 3089 tractatum.
1797 3035 2016 3089 'Horum
2047 3035 2370 3090 sclzoliorum
2401 3035 2583 3104 aliqua
2608 3049 2636 3088 e
2663 3035 2872 3103 regione
2905 3041 3079 3088 textus
3113 3034 3239 3102 poni
3259 3043 3543 3102 coeperunt,

286 3141 410 3180 mox
440 3143 556 3179 cum
587 3127 844 3196 marginis
874 3128 1104 3196 spatium
1150 3144 1252 3182 non
1282 3137 1487 3196 caperet
1521 3129 1722 3193 omnia,
1775 3129 1970 3198 rejecta
2003 3127 2070 3182 ad
2121 3127 2260 3180 hunc
2305 3137 2626 3197 postremum
2665 3127 2810 3196 fuere
2863 3126 3056 3180 locum.
3105 3125 3350 3196 Denique
3386 3127 3550 3196 paulo

287 3227 412 3290 post
461 3226 734 3281 monetur,
768 3219 971 3272 scholia
1022 3221 1136 3289 ipso
1169 3220 1344 3274 codice
1393 3235 1505 3274 esse
1534 3222 1850 3284 recentiora,
1885 3229 1934 3274 et
1987 3236 2104 3274 sero
2151 3217 2361 3272 addita.
2393 3219 2574 3287 Atque
2618 3217 2772 3272 istud
2804 3217 3024 3286 quidem
3059 3219 3372 3287 exemplum
3420 3232 3548 3272 cum

288 3311 458 3373 edito,
495 3311 600 3366 cel.
644 3308 986 3367 Ull‘enbachii
1041 3312 1297 3382 precibus
1342 3315 1634 3379 adductus,
1678 3303 1911 3369 contulit
1952 3311 2184 3367 illustris
2215 3309 2568 3374 Steinbelius,
2625 3309 2964 3365 serenissimi
2997 3308 3347 3364 Poloniarum
3405 3309 3552 3380 regis

300 3404 551 3458 minister
603 3405 851 3458 residens
881 3404 934 3458 in
969 3405 1100 3459 urbe
1135 3405 1202 3458 ad
1232 3405 1469 3462 Moenum
1503 3407 1961 3470 Francofurtana,
2015 3419 2187 3474 eaque
2234 3417 2400 3473 opera
2454 3416 2554 3472 pro
2604 3400 2892 3471 singulari,
2951 3414 3060 3470 qua
3113 3400 3301 3471 pollet,
3356 3400 3551 3456 barum

289 3496 578 3564 onmisqne
615 3495 835 3566 generis
891 3495 1196 3550 litterarum
1255 3499 1452 3553 notitia
1503 3508 1558 3554 et
1609 3497 1936 3553 dexteritate
1967 3496 2261 3566 diligenter
2309 3500 2364 3549 et
2394 3492 2627 3550 feliciter
2676 3491 2970 3549 defunctus
3013 3499 3118 3558 est,
3170 3508 3300 3548 raro
3329 3495 3554 3549 omnino

291 3599 478 3644 nostra
507 3601 666 3648 aetate
698 3595 971 3663 exemplo,
1007 3602 1060 3649 et
1100 3596 1184 3650 vel
1218 3595 1340 3650 ideo
1369 3595 1436 3650 ad
1468 3594 1846 3664 posteritatem
1893 3592 2119 3646 omnino
2151 3591 2531 3647 memorando.
2563 3588 2675 3661 Ego
2713 3603 2841 3644 vero
2883 3588 3004 3659 pari
3045 3588 3288 3643 virorum
3343 3586 3555 3642 incom-

293 3687 526 3752 parabili
578 3702 686 3740 non
724 3687 909 3741 minus
939 3701 1080 3753 meo,
1131 3703 1294 3757 quam
1335 3686 1577 3756 publico,
1627 3685 1845 3739 nomine
1872 3700 1974 3755 pro
2001 3684 2108 3738 isto
2139 3683 2350 3737 litteras
2378 3682 2712 3753 provehendi
2757 3681 2942 3736 studio
2967 3681 3174 3752 gratias
3201 3681 3463 3737 decenter
3497 3692 3554 3735 et

293 3775 533 3828 olliciose
565 3775 836 3844 persolvo.
873 3773 1030 3828 Alter
1055 3775 1225 3828 codex
1277 3775 1524 3844 pervenit
1550 3773 1619 3827 ad
1664 3789 1750 3828 me
1790 3772 2057 3828 beneficio
2090 3771 2224 3827 Rev.
2268 3771 2547 3826 Zachariae
2578 3770 2983 3837 Hasselmanni,
3019 3770 3169 3826 verbi
3205 3771 3375 3826 divini
3408 3771 3553 3841 apud

296 3863 776 3933 Oldcnburgenses
813 3863 868 3916 in
904 3862 1120 3935 Wagria
1150 3864 1388 3919 ministri
1439 3863 1790 3919 solertissimi
1825 3862 2275 3932 dexterrimique,
2327 3863 2419 3932 qui
2455 3863 2578 3932 ejus
2629 3863 2763 3916 mihi
2799 3865 3012 3932 c0piam
3068 3862 3368 3918 liberaliter
3403 3862 3550 3918 fecit.

300 3952 396 4006 Est
429 3953 538 4018 illc,
577 3970 697 4009 meo
731 3954 959 4024 judicio,
1009 3955 1258 4026 ejusdem
1288 3965 1342 4010 et
1370 3955 1546 4011 :etatis
1591 3963 1645 4010 et
1675 3955 1867 4010 formae
1901 3969 2026 4009 cum
2079 3956 2283 4025 priore,
2326 3955 2380 4009 in
2431 3955 2623 4009 charta
2650 3953 2940 4026 diligenter
2968 3962 3023 4010 et
3048 3964 3238 4011 curate
3267 3963 3552 4015 exaratus.

299 4055 464 4115 atque
501 4046 551 4100 id
585 4048 790 4102 habens
822 4049 1178 4119 pr:ecipunm,
1211 4050 1379 4120 quod,
1416 4064 1540 4104 cum
1586 4049 1973 4104 commentatio
2003 4048 2120 4102 haec
2149 4048 2539 4117 disputationis
2578 4047 2810 4102 formam
2853 4047 3074 4114 referat,
3125 4049 3551 4118 colloquentium

301 4152 584 4193 sermones
628 4137 922 4207 descriptis
954 4141 1123 4195 rubro
1166 4143 1350 4197 colore
1391 4139 1791 4211 disputantium
1832 4138 2075 4209 Gregorii
2110 4147 2165 4193 et
2207 4138 2462 4194 Macrina:
2503 4139 2841 4204 nominibus,
2893 4153 2923 4193 a
2967 4155 3028 4196 se
3083 4141 3318 4196 invicem
3353 4141 3552 4195 distin-

303 4237 562 4299 guantur.
591 4229 720 4294 Quae
749 4231 969 4299 quidem
1010 4247 1099 4288 res
1139 4231 1372 4290 subinde
1401 4240 1687 4288 contextus
1735 4233 1936 4290 seriem
1969 4233 2186 4304 egregie
2236 4231 2502 4297 illustrat,
2542 4227 3005 4302 quemadmodum
3037 4233 3120 4289 vel
3148 4248 3214 4289 ex
3249 4234 3554 4302 specimine

301 4318 449 4390 quod
484 4320 600 4389 ipse
631 4320 774 4388 dedi,
810 4322 1035 4392 patebit.

445 5743 586 5898 \\
618 5791 906 5898 furios.
951 5792 1063 5850 (in.
1117 5791 1336 5856 XLVI.

445 5791 586 5898 ς

347 5791 680 6078 e/
