3990 6202
504 307 574 365 13
1570 309 1654 364 DE
1689 305 1905 362 ANIMA
1938 302 2028 360 ET
2060 300 2666 361 RESURRECTIONE.
3708 290 3773 345 11

508 423 646 493 αὐτῇ
678 420 741 475 τὸ
783 421 1146 479 ἀποστολικδν
1198 423 1375 494 λόγιον
1427 423 1503 495 (8)
1544 425 1949 498 προφερόμενον
1986 423 2087 493 (9),

2212 417 2451 474 :ohibere
2476 417 2782 473 conabatur
2800 413 3110 470 rationibus
3136 411 3273 475 suis,
3301 417 3563 479 tanquam
3587 406 3773 477 aliquo

501 512 565 566 τὺ
590 510 664 584 μὴ
692 511 802 566 δεῖν
825 512 921 568 ἐπὶ
949 513 1059 568 τῶν
1102 515 1518 587 κεκοιμημένων
1546 516 1868 572 λυπεῖσθαι·
1911 515 2088 588 μόνων

2212 509 2353 565 'reno
2411 509 2862 580 incompositum,
2919 499 3242 562 indecorum
3293 510 3349 559 et
3401 498 3773 555 inordinatum

501 604 608 677 γὰρ
644 603 805 659 τοῦτο
848 604 959 660 τῶν
1002 605 1106 661 οὐκ
1152 608 1384 681 ἐχόντων
1441 608 1634 663 ἐλπίδα
1674 609 1785 682 (l0)
1830 608 1891 663 τὸ
1919 605 2091 672 πάθος

525 691 549 713 ν

502 712 659 756 ειναι.

2197 603 2366 658 animi
2430 602 2676 675 dirigens
2734 601 3010 667 allectum,
3063 613 3128 655 ac
3182 594 3497 670 proferebat
3556 597 3779 661 aposto-

2193 694 2356 749 licum
2408 694 2542 753 illud
2597 694 2829 760 dictum,
2873 693 3019 765 quod
3073 706 3181 747 non
3243 688 3368 759 angi
3429 692 3485 742 et
3542 696 3778 738 moerere

498 799 748 863 oporteat
802 801 1031 865 propter
1063 794 1229 863 illos,
1282 794 1378 868 qui
1422 777 1913 864 obdormiverunt;
1965 792 2101 850 solis
2134 791 2277 847 cnim
2316 792 2384 848 iis
2411 793 2504 865 qui
2551 807 2703 864 spem
2746 807 2852 847 non
2892 792 3176 852 haberent,
3211 785 3263 842 id
3292 783 3543 840 accidere
3575 780 3774 837 solere.

605 882 670 941 A.
698 883 873 952 Κάγὼ
893 884 1253 963 περιζεούσης
1276 887 1354 942 ἔτι
1378 907 1469 959 μοι
1488 890 1585 962 τῆς
1600 888 1823 960 καρδίας
1842 889 1906 957 τῇ
1934 884 2078 954 λύπῃ

503 977 550 1047 (1
566 972 743 1045 UBE);
759 974 922 1038 ἔστιν,
941 970 1190 1038 εἷπον,ὲν
1216 975 1521 1049 ἀνθρώποις
1548 975 1707 1030 τοῦτο
1743 974 2089 1049 κατορθωθῆ-

502 1080 612 1127 ναι,
635 1061 807 1124 οὕτως
831 1062 889 1115 ὲν
922 1061 1139 1132 ἑκάστῳ
1167 1062 1396 1132 φυσικοῦ
1416 1082 1559 1131 τινος
1588 1067 1722 1139 πρὸς
1743 1068 1834 1121 τὸν
1862 1066 2090 1122 θάνατον

503 1154 602 1224 τῆς
650 1153 903 1225 διαϐολῆς
959 1153 1348 1225 ὑπαρχούσης,
1392 1155 1485 1209 καὶ
1516 1155 1642 1210 οὔτε
1695 1157 1805 1211 τῶν
1840 1155 2090 1229 ὁρώντων

504 1245 628 1307 τοὺς
655 1243 1099 1315 ἀποθνήσκοντας
1119 1245 1232 1316 (12)
1253 1245 1489 1310 εὐκόλως
1512 1247 1961 1319 καταδεχομένων
1988 1248 2088 1319 τὴν

505 1333 646 1401 θέαν,
678 1331 761 1400 οἷς
783 1353 841 1389 τε
860 1335 929 1390 ἂν
957 1337 1161 1408 προσίῃ
1191 1338 1302 1407 (15)
1337 1339 1365 1391 ό
1407 1337 1637 1403 θάνατος
1662 1338 2085 1409 ἀποφευγόντων

506 1424 588 1495 ἐφ’
604 1427 726 1479 ὅσον
758 1422 871 1481 οἷόν
889 1444 949 1480 τε
971 1445 985 1494 ;
1018 1423 1181 1480 Ἀλλὰ
1208 1428 1304 1481 καὶ
1333 1427 1441 1481 τῶν
1464 1428 1904 1499 ἐπικρατούντων
1929 1428 2091 1500 νόμον

505 1518 727 1588 ἔσχατον
763 1519 822 1571 ἐν
850 1517 1092 1583 ἀδικίαις
1122 1519 1215 1572 καὶ
1246 1518 1474 1591 ἔσχατον
1504 1519 1564 1574 ὲν
1603 1518 1895 1593 τιμωρίαις
1933 1519 2092 1573 τοῦτο

502 1610 916 1683 κρινόντων,τις
952 1613 1169 1683 μηχανὴ
1200 1611 1261 1666 τὸ
1282 1611 1450 1685 μηδὲν
1474 1612 1726 1685 ἡγεῖσθαι
1756 1612 1854 1683 τὴν
1876 1611 1969 1665 τοῦ
1993 1612 2091 1684 ζῇν

2279 885 2343 942 G.
2368 887 2541 954 Atque
2554 898 2656 955 ego
2674 895 2797 939 cum
2818 894 2914 937 cor
2935 878 3082 935 mihi
3129 877 3455 952 aegritudine
3481 885 3645 947 atque
3674 873 3776 929 do-

2193 975 2310 1030 lore
2359 975 2524 1030 etiam
2577 984 2711 1029 tunc
2773 971 3016 1043 undique
3086 970 3322 1028 ferveret
3379 977 3435 1027 et
3496 975 3773 1027 aestuaret.

2190 1046 2313 1133 om
2352 1076 2531 1137 pacto,
2585 1065 2847 1135 inquam,
2883 1071 3064 1136 potest
3094 1062 3148 1119 id
3183 1062 3326 1118 inter
3354 1060 3606 1117 homines
3635 1075 3775 1131 prae-

2192 1159 2349 1222 stari,
2395 1173 2519 1213 cum
2569 1158 2708 1214 adeo
2752 1158 3021 1215 naturalis
3058 1157 3314 1230 quaedam
3345 1154 3644 1225 unicuique
3677 1153 3767 1209 ad-

2191 1264 2387 1305 versus
2430 1256 2660 1305 mortem
2695 1249 2970 1305 calumnia
3016 1258 3181 1320 atque
3222 1248 3444 1320 querela
3479 1246 3641 1302 insita
3682 1246 3774 1309 sit,

2192 1353 2491 1410 acneque
2546 1339 2638 1410 qui
2699 1339 2885 1395 vident
2937 1339 3259 1403 morientes,
3320 1346 3572 1410 spectare
3615 1337 3777 1391 facile

2193 1431 2524 1494 sustineant,
2565 1438 2639 1496 et,
2681 1430 2884 1501 quibus
2929 1445 3080 1486 mors
3122 1430 3391 1495 imminet,
3438 1428 3618 1501 quoad
3654 1428 3776 1500 ejus

2193 1518 2311 1574 fieri
2344 1525 2546 1590 potest,
2576 1534 2698 1574 eam
2734 1517 3047 1590 refugiant?
3079 1515 3220 1585 Quin
3247 1517 3412 1573 etiam
3447 1532 3571 1572 cum
3601 1517 3772 1588 leges.

2193 1609 2393 1683 quibus
2436 1610 2648 1667 utimur
2685 1626 2747 1667 ac
2776 1611 3044 1683 regimur,
3095 1619 3157 1665 ut
3188 1610 3243 1665 in
3272 1610 3578 1676 maleficiis,
3612 1609 3685 1664 ita
3718 1607 3774 1663 in

505 1702 875 1775 ἀναχώρησιν.
902 1705 996 1761 καὶ
1024 1705 1116 1758 ἐπὶ
1141 1707 1251 1760 τῶν
1271 1706 1376 1772 ἔξω
1404 1706 1549 1772 τινὸς
1586 1702 2092 1779 (1ό)’μὴότιγετῶν

510 1789 854 1858 ἐπιτηδείων,
869 1791 996 1843 ὅταν
1013 1789 1107 1844 τοῦ
1124 1789 1241 1861 βίου
1255 1788 1517 1860 λήγωσιν;
1553 1790 1803 1864 Ὀρῶμεν
1816 1793 1892 1861 δὲ,
1908 1788 2083 1860 εἶπον,

2193 1703 2484 1775 suppliciis
2514 1704 2658 1759 hanc
2677 1710 2982 1760 extremam
3009 1703 3278 1775 judicent,
3305 1717 3416 1775 quo
3442 1708 3623 1773 pacto,
3654 1702 3779 1773 qui-

2190 1795 2366 1851 busve
2392 1793 2699 1850 rationibus
2724 1792 2860 1849 ellici
2886 1800 3089 1865 potest,
3118 1800 3179 1848 ut
3199 1792 3323 1862 quis
3358 1792 3442 1847 vel
3468 1792 3522 1847 in
3549 1802 3776 1847 externo

516 1880 612 1932 καὶ
644 1881 819 1931 πᾶσαν
857 1878 957 1951 τὴν
985 1879 1334 1952 ἀνθρωπίνην
1365 1880 1596 1951 σπουδὴν
1623 1880 1734 1952 (15)
1765 1882 1900 1953 πρὸς
1928 1882 2086 1936 τοῦτο

2212 1894 2248 1942 :t
2279 1884 2459 1942 alieno
2485 1886 2670 1957 aliquo
2701 1884 2829 1941 vitae
2856 1884 3257 1957 separationem
3289 1889 3345 1939 et
3367 1898 3643 1940 recessum
3677 1899 3777 1953 pro

516 1970 833 2042 βλέπουσαν,
851 1972 1003 2035 ὅπως
1030 1971 1096 2025 ἂν
1126 1973 1184 2025 ὲν
1212 1971 1293 2041 τῷ
1314 1969 1413 2043 ζῇν
1435 1971 1786 2043 διαμένοιμεν
1818 1973 1950 2043 (16).
1987 1973 2087 2027 Διὰ

2212 1977 2366 2032 iihilo
2395 1978 2584 2042 ducat,
2618 1976 2819 2033 nedum
2847 1977 2904 2031 in
2950 1975 3277 2048 propinquis
3304 1988 3369 2030 ac
3419 1976 3773 2037 necessariis.

511 2061 667 2115 τοῦτο
679 2060 787 2132 γὰρ
799 2061 894 2114 καὶ
908 2057 1046 2114 οἶκοι
1066 2061 1202 2134 πρὸς
1215 2062 1490 2135 διαγωγὴν
1511 2063 1621 2133 (17)
1634 2065 1762 2135 ἡμῖν
1781 2065 2090 2136 ὲπινενόην-

2212 2068 2360 2124 iitam
2398 2067 2717 2125 finientibus
2739 2068 2763 2122 Ἰ
2788 2066 3053 2124 Videmus
3083 2075 3289 2134 autem,
3336 2067 3578 2137 inquam,
3615 2080 3778 2121 omne

508 2171 597 2207 ται
621 2153 757 2224 (18),
787 2154 863 2217 ὡς
893 2152 958 2207 ἂν
992 2153 1067 2224 μὴ
1090 2153 1168 2224 τῷ
1205 2155 1516 2228 περιέχοντι
1542 2155 1652 2227 (19)
1687 2155 1775 2210 διὰ
1809 2155 2024 2226 ψύξεως
2050 2156 2084 2227 ἢ

2212 2175 2413 2234 ιιιοιιυο
2443 2159 2683 2217 studium
2701 2159 2985 2216 hominum
3000 2174 3066 2215 eo
3087 2168 3356 2232 spectare,
3378 2169 3435 2214 ut
3452 2158 3507 2213 in
3540 2159 3647 2213 vita
3665 2173 3779 2228 per-

509 2245 840 2315 θερμότητος
869 2248 1228 2299 καταπονοῖτο
1256 2245 1326 2299 τὰ
1359 2244 1610 2316 σώματα.
1643 2247 1684 2301 Γ
1686 2247 1921 2301 εωπονία
1948 2248 2004 2302 δὲ
2032 2248 2085 2302 τί

2212 2266 2534 2310 naneamus.
2578 2251 2715 2306 Nam
2746 2250 2953 2307 idcirco
2991 2251 3269 2307 domicilia
3298 2265 3515 2322 quoque
3537 2265 3566 2306 a
3597 2249 3775 2314 nobis,

506 2336 633 2390 ἄλλο
657 2338 750 2391 καὶ
780 2337 899 2407 οὐχ).
922 2337 1016 2391 τοῦ
1040 2337 1140 2409 ζῇν
1161 2338 1277 2392 ἐστι
1293 2340 1644 2410 παρασκευῆς
1670 2338 1732 2393 ’11
1752 2339 1807 2394 δὲ
1824 2340 1921 2410 τῆς
1941 2340 2085 2412 ζωῆς

2212 2359 2259 2400 ie
2274 2342 2359 2399 vel
2377 2359 2473 2414 per
2491 2351 2683 2399 aestum
2706 2343 2789 2398 vel
2805 2342 2979 2415 frigus
2993 2342 3061 2397 ab
3081 2356 3205 2397 aere
3218 2340 3555 2397 circumfuso
3576 2355 3778 2412 corpus

510 2429 730 2499 φροντὶς
744 2430 958 2494 πάντως
973 2429 1061 2483 διὰ
1074 2430 1166 2485 τὸν
1180 2429 1275 2484 τοῦ
1293 2429 1526 2485 θανάτου
1546 2431 1708 2500 φόϐον
1725 2430 1934 2500 γίνεται
1948 2431 2081 2504 (20).

2212 2435 2517 2508 inligeretur
2532 2444 2586 2491 et
2609 2436 2995 2502 conficeretur,
3036 2434 3106 2490 ad
3127 2431 3541 2490 inhabitandum
3559 2434 3778 2504 excogi-

521 2518 585 2570 Ἦ
602 2518 660 2571 δὲ
683 2518 900 2590 ἰατρικὴ
918 2518 1086 2573 πόθεν
1107 2519 1270 2591 τιμία
1297 2522 1411 2585 τοῖς
1423 2520 1731 2593 ἀνθρώποις
1753 2521 1903 2577 ἐστίν
1927 2540 1942 2590 ;
1969 2522 2083 2576 Οὐκ

2215 2539 2303 2584 ata
2325 2536 2475 2585 sunt.
2494 2528 2845 2600 Agricultura
2864 2542 2994 2583 vero
3014 2526 3146 2599 quid
3168 2534 3253 2583 est
3282 2525 3451 2593 aliud,
3470 2541 3632 2597 quam
3652 2526 3777 2581 vitm

508 2609 693 2679 ἐπειδὴ
724 2611 998 2681 μάχεσθαί
1030 2628 1146 2675 πως
1168 2610 1258 2668 διὰ
1289 2611 1389 2683 τῆς
1415 2612 1611 2683 τέχνης
1642 2606 1789 2667 δοκεῖ
1831 2614 1965 2685 πρὸς
1993 2615 2083 2670 τὸν

2212 2632 2483 2693 ipparatus
2506 2628 2561 2675 et
2582 2618 2926 2675 subsidium?
2944 2617 3078 2673 Nam
3114 2631 3247 2674 cura
3271 2625 3435 2688 atque
3469 2618 3779 2674 sollicitudo

507 2698 770 2765 θάνατον;
796 2701 1055 2771 Θώρακες
1073 2702 1153 2767 δὲ,
1188 2703 1284 2757 καὶ
1304 2703 1487 2775 θυρεοὶ⁵
1517 2704 1651 2775 (21),
1678 2705 1774 2758 καὶ
1802 2696 2080 2779 κνημῖδες,

2212 2714 2314 2770 vitae
2335 2721 2484 2770 metu
2510 2711 2704 2785 mortis
2740 2726 2965 2784 prorsus
2998 2710 3305 2767 adhibetur.
3339 2708 3482 2776 Quid
3506 2710 3634 2765 item
3664 2725 3781 2767 me-

504 2792 600 2844 καὶ
634 2792 835 2864 κράνη,
854 2795 945 2847 καὶ
973 2794 1040 2847 τὰ
1064 2796 1377 2866 ἀμυντήρια
1404 2794 1515 2866 (22)
1536 2796 1644 2850 τῶν
1670 2797 1871 2866 ὃπλων,
1908 2797 2003 2852 καὶ
2024 2800 2079 2853 αἱ

2212 2804 2372 2862 Iicina
2394 2805 2418 2859 ?
2443 2818 2550 2876 qua
2584 2802 2654 2860 de
2683 2817 2852 2859 causa
2893 2803 2962 2857 ab
2987 2801 3306 2857 hominibus
3338 2800 3394 2855 in
3432 2800 3643 2855 honore
3681 2800 3778 2855 ha-

502 2882 612 2937 τῶν
643 2886 841 2957 τειχῶν
867 2886 1175 2958 περιϐολαὶ,
1211 2887 1308 2941 καὶ
1336 2886 1670 2975 σιδηρόδξτοι
1696 2888 1883 2956 πύλαι,
1919 2889 2014 2944 καὶ
2043 2891 2077 2961 ἡ

2212 2897 2400 2953 ictuc?
2443 2896 2643 2953 Annon
2698 2902 2986 2966 propterea
3039 2893 3168 2964 quia
3224 2907 3469 2965 pugnare
3512 2891 3781 2962 quodam-

500 2977 609 3030 τῶν
640 2980 863 3050 τάφρων
891 2978 1166 3049 ἀσφάλεια
1208 2980 1304 3033 καὶ
1330 2980 1402 3034 τὰ
1423 2980 1670 3047 τοιαῦτα,
1709 2981 1762 3036 τί
1793 2981 1924 3038 ἄλλο
1948 2982 2088 3056 πλὴν

2212 2986 2357 3045 nodo
2388 3002 2512 3045 cum
2561 2994 2738 3042 morte
2779 3001 2843 3043 ea
2875 3002 2967 3042 ars
2995 2984 3252 3042 videtur?
3298 2984 3577 3041 Thoraces
3625 2998 3774 3048 vero,

503 3069 590 3123 διὰ
616 3068 712 3125 τὸν
745 3071 841 3125 τοῦ
887 3071 1119 3127 θανάτου
1150 3072 1360 3142 γίνεται
1406 3072 1572 3143 φόϐον
1601 3074 1747 3145 (25);
1779 3074 1965 3142 Οὕτως
1993 3072 2088 3132 οὖν

2214 3078 2399 3147 oricze,
2445 3079 2642 3152 clypei,
2685 3092 2897 3144 ocreae,
2945 3076 3115 3148 galea
3159 3086 3214 3133 et
3267 3076 3554 3132 innumera
3604 3090 3768 3142 arma,

502 3163 651 3227 ὄντος
695 3163 929 3237 φοϐεροῦ
962 3165 1211 3235 φυσικῶς
1256 3166 1368 3238 (24)
1396 3165 1491 3220 τοῦ
1523 3166 1787 3234 θανάτου,
1820 3168 1939 3234 πῶς
1971 3169 2086 3225 ἔστι

2194 3172 2396 3244 quibus
2440 3172 2551 3227 vim
2587 3171 2836 3227 homines
2866 3186 2894 3225 a
2927 3184 3158 3240 corpore
3201 3170 3544 3241 propulsent,
3586 3184 3774 3224 muro~

504 3259 702 3330 ῥᾳδίως
734 3258 1023 3331 πεισθῆναι
1069 3259 1152 3332 τῷ
1189 3259 1463 3315 κελεύοντι
1512 3259 1717 3316 ἄλυπον
1750 3261 1863 3335 (25)
1895 3262 2085 3336 διαμέ-

2212 3279 2312 3320 ὐιιι
2345 3265 2474 3320 item
2507 3263 2772 3329 ambitus,
2815 3271 2987 3334 portae
3033 3261 3245 3326 ferreae,
3289 3260 3564 3317 fossarum
3595 3262 3779 3316 muni-

571 3393 651 3469 (8)
675 3395 915 3465 Λάτιον.
942 3391 1046 3469 Ms.
1071 3393 1112 3448 Α
1143 3393 1197 3455 in
1229 3402 1382 3469 textu
1416 3393 1581 3451 habet
1603 3394 1806 3467 θαῦμα.
1828 3395 1887 3452 In
1924 3397 2095 3469 priori

504 3465 727 3521 omnino
759 3475 844 3521 est
877 3465 1360 3534 acquiescendum.

576 3535 654 3604 (9)
691 3538 1171 3606 Προφερόμενον.
1224 3535 1324 3590 Ms.
1365 3537 1410 3589 Α
1460 3535 1738 3605 praemittit
1771 3536 1953 3601 εὐθύς.
1978 3540 2014 3593 i.
2043 3554 2093 3594 e.

502 3622 531 3660 ο
562 3608 799 3676 vestigio.
836 3607 1044 3667 statim.
1077 3620 1184 3686 non
1239 3606 1568 3662 inconcinne
1601 3606 1844 3677 quidem,
1878 3607 1974 3664 sed
2017 3619 2099 3663 ta-

506 3692 631 3732 men
670 3686 866 3747 prazter
900 3683 1306 3747 necessitatem.

550 3744 696 3815 .(10)
728 3747 1001 3801 Ἐλπίδα.
1031 3744 1133 3811 Ms,
1161 3745 1203 3798 Β
1260 3744 1412 3800 addit
1440 3748 1813 3812 ἀναστάσεως.
1837 3747 2097 3806 Fortasse

507 3815 807 3886 Gregorius
838 3816 1222 3886 explicationis
1242 3816 1367 3872 loco
1389 3817 1618 3872 addidit.
1645 3817 1855 3873 Paulus
1879 3820 2088 3881 enim,l

508 3886 708 3942 Thess.
748 3903 821 3953 iv,
855 3889 937 3953 15,
970 3887 1064 3957 qui
1103 3887 1259 3959 locus
1294 3887 1383 3941 hic
1417 3889 1731 3959 respicitur.
1757 3905 1868 3944 non
1892 3889 2097 3945 diserte

508 3965 774 4030 memorat
791 3957 1289 4030 _resnrrectionem,
1331 3959 1425 4014 sed
1458 3957 1640 4030 tamen
1680 3960 1873 4030 procul
1926 3960 2096 4015 dubio

508 4027 754 4101 respirit.
790 4025 1047 4101 Fortasse
1085 4029 1216 4101 olim
1240 4029 1511 4099 glossema
1538 4028 1659 4095 fuit,
1682 4025 1744 4085 et
1763 4046 1825 4085 ex
1850 4032 2096 4101 margine

506 4096 561 4151 in
604 4096 814 4168 textum
855 4099 942 4152 hic
976 4098 1219 4168 irrepsit.

576 4168 689 4249 (lt)
726 4167 807 4237 Τῇ
834 4167 1265 4249 λαᾴπῃᾉίιῐιοκῑυ
1306 4185 1413 4227 ms.
1462 4169 1504 4224 A
1547 4169 1911 4234 desideratur,
1944 4179 1999 4226 at
2039 4170 2093 4225 in

502 4241 749 4308 margine
776 4241 1100 4295 restituitur.

574 4315 589 4369 ι
605 4311 691 4381 ti)
744 4309 1280 4381 Ἀποθνήσκοντας.
1308 4309 1409 4366 Ms.
1434 4309 1475 4364 Β
1499 4325 1599 4381 pro
1637 4313 1944 4381 composito
1972 4311 2095 4367 sim-

502 4380 621 4449 plex
679 4380 840 4434 habet
872 4379 1229 4450 θνήσκοντας.

576 4451 688 4515 (15)
714 4451 963 4522 ιιροσίῃ.
989 4451 1065 4505 Ita
1091 4452 1285 4522 scripsi
1310 4450 1636 4522 auctoritate
1657 4467 1761 4522 ms.
1783 4452 2091 4522 utriusque,

501 4535 628 4575 cum
661 4523 717 4575 in
746 4518 909 4593 editis
933 4518 1413 4593 legaturiz'pooﬁst.
1445 4520 1578 4587 Quae
1604 4521 1824 4593 quidem
1857 4518 2094 4579 varietas

497 4607 563 4645 cx
602 4591 1077 4661 pronuntiatione,
1123 4591 1375 4648 diversus
1421 4591 1640 4649 vocales
1689 4591 1882 4649 eodem
1926 4594 2093 4649 modo

497 4661 781 4723 (-tfcrente,
818 4670 936 4715 orta
963 4669 1069 4718 est.

572 4732 686 4799 (14)
727 4730 862 4785 Ἐπί
891 4729 1011 4784 τῶν
1042 4731 1160 4795 ἔξω
1193 4735 1374 4797 τινός.
1417 4732 1486 4788 In
1510 4744 1744 4788 extremo
1770 4748 1790 4787 :
1821 4733 1892 4787 ita
1917 4735 2100 4790 versio

500 4801 693 4856 Latina
731 4818 822 4856 an.
861 4802 1011 4874 1615
1041 4805 1209 4874 edita,
1240 4819 1347 4859 non
1388 4805 1725 4874 interpretis.
1752 4804 1846 4859 sed
1880 4805 2088 4859 librarii

494 4875 592 4945 aut
614 4872 939 4945 typographi
966 4872 1123 4945 vitio,
1155 4876 1248 4943 qui
1279 4890 1378 4943 pro
1408 4872 1648 4940 externo,
1681 4875 1830 4945 quod
1851 4875 2091 4938 restitui,

493 4944 660 4997 obvio
680 4960 867 4997 errore
895 4944 1024 5012 legit
1059 4953 1318 5000 extremo.
1363 4944 1563 5002 Eadem
1595 4944 1910 5002 emendatio
1942 4947 2087 5000 facta

492 5021 580 5068 est
622 5016 673 5067 in
693 5014 824 5068 edit.
860 5012 1035 5069 Paris.
1066 5029 1157 5070 an.
1192 5014 1353 5070 1658.

571 5085 685 5153 (15)
714 5083 1023 5158 Σπουδήν.
1063 5083 1121 5140 In
1158 5095 1393 5157 utraque
1415 5087 2088 5158 editionelcgitnrctoﬁv,

498 5154 552 5208 in
581 5156 836 5229 versione
894 5164 1076 5229 autem
1102 5154 1363 5229 _verlitur
1410 5173 1507 5229 per
1552 5154 1808 5224 studium,
1845 5154 2092 5229 adeoque

496 5227 830 5294 exprimitur
862 5224 930 5302 eo
953 5227 1211 5302 σπουδήν,
1252 5230 1397 5302 quod
1413 5224 1538 5284 'llde
1576 5224 2014 5302 utriusquems;
2035 5230 2087 5283 in

495 5303 705 5371 textum
753 5299 956 5371 rect-pi.
992 5295 1249 5371 Fortasse
1272 5295 1521 5370 sequens
1557 5295 1792 5355 verbum
1839 5297 1940 5371 ζῇν
1987 5300 2090 5354 hu-

490 5369 591 5436 ]ns
616 5366 824 5422 erroris
851 5366 1072 5424 occasio
1111 5368 1214 5424 fuit
1237 5366 1484 5425 librario.

574 5434 687 5507 (ιο)
719 5437 1125 5511 άιαιιέτςοιμεν.
1160 5439 1237 5494 Ita
1274 5449 1571 5511 utrumque
1597 5455 1703 5496 ms.
1731 5441 1786 5495 in
1818 5448 1992 5496 textu.
2020 5442 2091 5494 At

494 5506 552 5582 in
584 5506 832 5582 margine
850 5509 947 5564 τοῦ
972 5506 1017 5565 Ᾱ
1037 5511 1232 5582 legitur
1252 5506 1580 5582 διαμένοιεν,
1596 5512 1632 5564 i.
1648 5526 1707 5582 e.
1723 5520 2086 5580 permaneant.

495 5574 745 5646 Utraque
799 5580 959 5637 lectio
1018 5574 1200 5637 locum
1260 5574 1400 5637 tue'ri
1454 5590 1654 5652 potest.
1688 5574 1870 5640 Placet
1912 5591 2093 5636 tamen

496 5663 619 5723 non
635 5663 830 5723 parum
864 5654 1032 5708 lectio
1063 5652 1398 5723 niargiualis.
1678 5696 1688 5707 .

578 5664 610 5701 ιι
635 5663 830 5772 garum
864 5663 1032 5708 lectio
1063 5663 1398 5723 marginalia.
1678 5696 1688 5707 .

574 5718 622 5789 (1
656 5722 1038 5796 Δ).ι1ιαγ(ινιαήν.
1068 5721 1142 5777 Ita
1181 5732 1414 5795 uterque
1447 5724 1641 5778 codex.
1675 5723 1743 5777 At
1772 5737 1961 5793 margo
1998 5722 2094 5778 τοῦ

494 5787 543 5841 Α
584 5787 1123 5871 ὸιιιὶινειδιοὶμονήν,
1166 5787 1360 5865 ιπαειιέτ
1386 5811 1522 5851 rem.

1572 5797 1824 5869 Διαγωγή
1853 5796 1996 5851 cnim
2021 5796 2090 5852 de
2137 5804 2154 5824 ’

2205 3394 2330 3450 vita:
2357 3393 2661 3450 rationibus
2689 3403 2743 3449 et
2790 3401 2932 3450 statu
2962 3392 3214 3463 usurpari
3248 3390 3407 3463 solet,
3434 3405 3544 3460 quo
3576 3391 3664 3463 hic
3694 3408 3780 3446 re-

2206 3465 2461 3537 spicitur.
2526 3461 3137 3537 Criticns,_qnicunque
3175 3463 3223 3537 is
3272 3461 3392 3537 fuit,
3426 3461 3780 3537 antecedente

2201 3532 2368 3590 verbo
2398 3534 2695 3604 διαμένειν,
2751 3535 2818 3590 ad
2842 3532 2988 3590 hanc
3021 3532 3455 3603 emendationem
3480 3532 3780 3603 suscipien-

2201 3606 2326 3661 dam
2356 3605 2584 3675 perduci
2617 3621 2676 3661 se
2711 3621 2909 3675 passus
2939 3616 3043 3675 est.

2275 3671 2389 3746 (18)
2434 3671 2902 3743 Ἐπινενόὴνται.
2941 3673 3281 3746 Edit._Paris.
3314 3671 3477 3746 16l5,
3504 3671 3780 3746 “mendose

2200 3744 2376 3803 habet
2409 3746 2775 3815 ἐπινενόηται,
2805 3745 2951 3817 quod
2975 3747 3028 3801 in
3065 3744 3232 3801 altera
3269 3745 3400 3798 anni
3459 3744 3598 3799 1658
3633 3752 3781 3799 recte

2197 3817 2550 3874 emendatum
2583 3826 2688 3872 est.

2272 3885 2792 3956 (19)’Περιέχοντι.
2852 3886 2943 3940 Sic
2994 3887 3247 3956 rescripsi
3281 3903 3347 3940 ex
3400 3887 3439 3941 A
3487 3898 3540 3939 et
3586 3884 3646 3947 B,
3679 3900 3779 3954 pro

2199 3957 2463 4030 περιόντι,
2508 3955 2655 4030 quod
2707 3965 2789 4012 cst
2822 3956 2875 4010 in
2913 3958 3125 4030 editis;
3165 3955 3376 4030 scilicet
3413 3955 3479 4030 eo
3502 3956 3777 4030 nspiéxov,

2198 4026 2363 4083 etiam
2386 4027 2505 4082 sine
2538 4026 2742 4090 addito,
2766 4028 3019 4097 usurpari
3050 4028 3189 4083 solet
3211 4027 3280 4083 de
3296 4044 3415 4082 aere
3434 4027 3777 4095 circumfuso,

2198 4112 2298 4169 ceu
2335 4096 2526 4169 Latina
2550 4097 2731 4169 versio
2754 4096 3219 4169 rectelexpressit.
3240 4098 3384 4152 Loca
3400 4107 3651 4169 veterum
3667 4098 3781 4169 lege

2200 4167 2253 4221 in
2304 4169 2450 4224 notis
2483 4167 2734 4222 (ἔπταικενὶ
2764 4168 2830 4221 ad
2878 4165 3045 4223 Marci
3096 4169 3355 4222 Antonini
3398 4168 3491 4221 lih.
3522 4184 3593 4238 iv.
3629 4165 3656 4238 §
3687 4168 3777 4225 3!).

2199 4238 2292 4294 ubi
2328 4239 2464 4307 legis
2509 4238 2630 4309 ούδξ
2656 4237 2864 4309 μὲνέν
2899 4255 3005 4291 τινι
3049 4240 3225 4309 τροπῇ
3264 4236 3649 4309 καλ-ἐτερώσει
3684 4238 3779 4290 τοῦ

2199 4254 2292 4294 uoi
2331 4254 2464 4307 tegis
2509 4254 2630 4292 ουοε
2675 4254 2774 4309 μεν
2806 4254 2864 4290 εν
2899 4255 3005 4291 τινι
3049 4256 3080 4290 τ
3150 4254 3225 4308 πη
3264 4254 3359 4291 και
3393 4254 3649 4307 ετερωσει
3684 4255 3778 4290 του

2199 4308 2557 4389 περιέχοντος.
2611 4304 2756 4389 Idem
2784 4306 3002 4389 Marcus
3175 4324 3314 4389 _vm,
3354 4306 3509 4389 §'54.
3556 4310 3778 4389 phrasm

2197 4376 2496 4456 ellipticani
2549 4379 2787 4456 supplet,
2843 4378 2932 4456 ubi
2970 4377 3103 4456 legis
3139 4378 3230 4430 τὸν
3263 4376 3589 4456 περιέχοντα
3619 4378 3776 4456 ἀέρα.

2198 4447 2276 4520 Ita
2295 4446 2488 4520 hoster
2514 4446 2679 4519 paulo
2709 4456 2831 4518 post
2845 4448 2949 4513 ἓως
2977 4446 3042 4502 ἂν
3066 4446 3531 4520 περικρατῆταιτὸ
3562 4446 3780 4518 πνεῦμα

2199 4519 2274 4590 τῷ
2293 4537 2357 4574 πε
2370 4518 2621 4590 ριέχοντι.

2273 4587 2388 4661 (20)
2428 4587 2532 4661 Διά
2557 4589 2665 4644 τὸν
2696 4589 3120 4661 τοῦηθανάτου
3169 4589 3358 4661 φόϐον
3409 4587 3779 4657 γίνεταιλιξι

2207 4659 2553 4717 νεοιυεόίιὶο
2588 4660 2716 4714 anni
2776 4659 2915 4715 1658
2966 4660 3345 4715 consentiente
3385 4676 3486 4712 ms.
3526 4669 3778 4729 utroqm,

2167 4797 2170 4801 ἢ
2211 4748 2310 4813 ρει)
2332 4745 2411 4813 eo
2433 4731 2577 4813 quod
2607 4730 2675 4813 in.
2696 4731 2864 4786 altera
2882 4731 3124 4813 i'lla‘anni
3158 4729 3295 4813 1615
3320 4730 3659 4813 Ιοείιυιιλδιὰ
3690 4730 3781 4813 τὸν

2194 4800 2289 4857 τοῦ
2329 4801 2594 4866 θανάτους
2617 4802 2848 4872 γίνεται.
2882 4800 3020 4855 Τίδὲ
3040 4801 3256 4872 ἰατρικὴ
3284 4800 3648 4872 φόϐονπόθεν,
3671 4811 3777 4854 etc.

2198 4872 2423 4929 Scilicet
2450 4887 2550 4927 vox
2579 4871 2746 4943 φόϐον
2768 4888 2891 4942 quae
2913 4872 3093 4926 statim
3120 4869 3323 4943 posts!
3354 4869 3412 4923 δὲ
3445 4871 3662 4942 ἰατρική
3694 4887 3777 4925 se-

2194 4945 2410 5014 quitur,
2434 4942 2613 5014 locum
2648 4959 2831 5014 suum,
2856 4943 3044 4997 nescio
3073 4942 3371 5014 quomodo,
3403 4942 3653 5007 mutavit,
3673 4958 3779 5011 qua

2198 5011 2434 5086 propriae
2455 5013 2571 5069 sedi
2604 5012 2882 5086 vindicata
2912 5011 3107 5086 camera
3144 5012 3281 5067 bene
3310 5011 3505 5086 fluunt.

2271 5079 2383 5147 (21)
2417 5084 2647 5154 Θυρεοί.
2703 5084 2817 5139 lloc
2852 5083 3064 5139 restitui
3100 5091 3379 5154 praeeunte
3407 5082 3533 5137 cod.
3579 5079 3621 5134 B
3681 5096 3781 5151 pro

2199 5174 2264 5210 κυ
2274 5173 2437 5210 οαιοι.

2274 5173 2810 5298 ἵζὲῗᾌμυηήρια.
2868 5222 3005 5281 Cod.
3067 5225 3109 5279 Α
3154 5222 3210 5278 in
3271 5221 3520 5295 margine
3559 5221 3783 5279 exhibet

2200 5296 2377 5367 μυρία
2412 5296 2744 5367 ἀμυντήρια.

2270 5362 2384 5436 (25)
2412 5362 2515 5436 Αὶά
2583 5362 2694 5436 τ’ὸν
2743 5365 2859 5436 τοῦ
2889 5362 3150 5419 θανάτου
3183 5362 3408 5436 γίνεται
3454 5366 3665 5434 φόϐον.
3704 5362 3780 5436 lta

2196 5445 2347 5491 recte
2366 5435 2537 5490 editio
2564 5435 2693 5490 anni
2737 5435 2892 5495 1653,
2925 5450 3022 5505 pro
3057 5450 3123 5490 co
3149 5435 3294 5505 quod
3334 5436 3425 5490 illa
3456 5438 3588 5491 anni
3642 5435 3783 5489 1615

2202 5507 2367 5562 habet
2390 5506 2479 5559 διὰ
2498 5506 2604 5561 τῶν
2624 5535 2694 5546 -
2707 5508 2935 5577 φόϐων.⁸
2951 5504 3147 5561 Eadem
3172 5504 3391 5575 phrasis
3412 5509 3659 5577 proxime
3686 5521 3783 5559 an-

2200 5578 2459 5632 tecedens
2479 5591 2584 5630 una
2604 5573 2727 5630 cuni
2748 5573 2912 5631 codd.
2932 5589 3065 5633 mss.
3093 5573 3339 5632 nostram
3361 5573 3503 5631 hanc
3522 5577 3779 5632 vindicat.

2277 5649 2390 5717 (24)
2414 5645 2708 5713 Φυσικῶς.
2730 5647 2783 5700 lu
2810 5655 2959 5703 textu
2988 5647 3111 5703 cod.
3145 5648 3187 5704 Α
3217 5648 3513 5709 omittitur.
3560 5650 3615 5703 in
3641 5661 3783 5702 mar-

2201 5719 2327 5789 gine
2355 5732 2486 5774 vero
2511 5718 2838 5789 restituitur.

2276 5789 2389 5862 (25)
2426 5790 2713 5845 Ἀλυπον.
2763 5788 2949 5845 Codex
3012 5791 3057 5843 Δ
3111 5790 3239 5861 legit
3290 5788 3511 5847 ἀλύπως
3557 5787 3786 5851 ἄλυπον,
